4096 6346
293 328 319 385 1
331 329 433 387 469

1270 324 1757 385 HOMLIMHUS.
1799 352 1872 370 -—
1898 322 2075 381 που.
2109 326 2205 382 DE
2228 324 2546 384 8AMIS.

2846 310 2869 337 ‘
3412 328 3547 387 uno

289 464 402 506 sam
434 446 668 502 habitum
700 443 1045 512 praetendisse
1088 443 1397 499 Christiani.
1443 446 1730 511 Sequitur:
1787 443 1856 496 Et
1886 442 2074 511 Aqui,
2109 446 2302 513 spretis
2340 446 2629 500 errantium
2676 448 2858 513 sectis,
2906 464 3052 504 vere
3108 448 3232 505 ﬁdei
3284 464 3537 507 manum

286 540 377 595 tibi
405 539 536 591 dabo
574 536 737 589 claves
764 535 907 604 regni
952 535 1211 587 cartorum.
1262 536 1360 601 Qui
1390 551 1569 603 regem
1600 534 1863 589 cmlorum

288 630 476 697 ηκηοτῑ
512 644 618 697 prze
646 626 852 680 caeteris
882 624 1163 679 devotione
1210 627 1483 680 conl'e«sus
1512 635 1618 685 est,
1674 625 1864 679 merito

212 716 233 726 ’
284 741 396 795 prie
426 721 638 777 czcteris
680 719 794 788 ipse
831 718 1040 772 collatis
1067 720 1303 771 clavibus
1328 721 1471 786 regni
1503 717 1734 772 caelestis
1763 718 1866 771 do-

282 827 437 870 natus
466 823 564 877 est,
600 822 657 866 ut
681 819 948 865 constaret
986 811 1230 863 omnibus
1263 810 1385 877 quia
1411 809 1610 878 absque
1639 824 1702 863 ea
1732 824 1863 863 con-

284 906 516 959 fessione
543 912 598 955 et
628 901 729 954 lide
770 912 990 967 regnum
1038 900 1296 953 creloruut
1343 899 1520 951 nullus
1569 908 1745 965 pOSset
1782 898 1861 951 iti-

283 1008 443 1049 trare.
478 994 666 1047 Claves
714 990 1080 1058 autemoregni
1123 990 1404 1051 cmlorum,
1455 988 1622 1055 ipsam
1661 988 1866 1040 discer-

282 1089 440 1141 nendi
472 1086 753 1142 scientiam
807 1084 1203 1153 potentiamque
1236 1084 1495 1144 nominat,
1529 1096 1628 1148 qua
1675 1080 1862 1147 dignos

280 1181 517 1248 recipere
564 1178 616 1231 iu
662 1190 906 1244 regnum,
963 1174 1205 1241 indignos
1250 1172 1526 1227 secludere
1572 1171 1793 1225 deberet
1829 1184 1859 1223 a

276 1290 461 1343 regno.
517 1271 670 1326 Unde
720 1269 999 1322 manifeste
1046 1266 1355 1334 sulijungit:
1410 1263 1476 1316 Et
1524 1264 1861 1333 quodcunque

271 1366 503 1436 ligaveris
526 1376 676 1427 super
698 1371 905 1421 terram,
929 1359 1019 1411 erit
1044 1358 1258 1424 ligatum
1278 1365 1324 1409 et
1348 1358 1398 1408 in
1423 1357 1559 1409 caelis
1582 1371 1599 1408 :
1625 1365 1671 1407 et
1691 1356 1857 1423 quod-

270 1470 467 1524 cunque
492 1453 701 1505 sotveris
729 1466 884 1510 super
911 1458 1119 1511 terram,
1160 1450 1251 1501 erit
1284 1447 1508 1499 solutum
1533 1457 1580 1499 et
1613 1448 1663 1499 in
1690 1448 1853 1501 cwlis.

272 1551 399 1613 Qua:
439 1546 681 1601 solvendi
733 1554 893 1611 atque
933 1541 1127 1611 ligandi
1176 1550 1435 1607 potestas,
1466 1539 1714 1608 quamvis
1753 1539 1853 1593 soli

275 1641 430 1694 Petro
464 1640 762 1691 videatttra
818 1636 1041 1688 Dotnino
1090 1635 1233 1698 data,
1285 1634 1487 1701 alisque
1536 1632 1636 1686 ulla
1678 1643 1851 1686 tamen

272 1732 543 1786 dubietate
583 1728 909 1783 noscendum
941 1737 1024 1780 est
1071 1727 1190 1795 quia
1238 1735 1292 1778 et
1344 1726 1551 1779 caneris
1596 1726 1850 1792 apostolis

1971 538 2109 603 quod
2150 546 2476 606 cognoverat
2522 539 2731 593 indubia
2779 540 2895 595 oris
2944 539 3280 596 confessione
3304 543 3540 610 protulit,

1968 630 2336 697 inseparabilis
2370 632 2546 687 cordis
2594 648 2718 687 cura
2767 634 3020 689 servavit.
3061 634 3192 689 Nam
3241 636 3308 691 de
3344 638 3539 693 ﬁducia

1965 723 2321 779 confessionis
2352 725 2453 779 hoc
2482 727 2597 779 loco
2626 728 2991 791 coanorimus,
3023 731 3090 782 de
3130 730 3322 784 virtute
3360 740 3536 785 autem

1966 815 2136 869 unicae
2164 815 2215 871 in
2239 815 2512 871 Christum
2537 819 2836 873 dilectionis
2859 823 2970 889 ipse
2993 820 3114 876 alibi
3135 829 3356 875 testatur
3380 839 3392 875 :
3422 823 3534 891 qui,

1964 922 2083 962 cum
2125 909 2462 963 discederent
2508 912 2575 965 ab
2624 926 2688 965 eo
2718 914 2932 979 quidam
2981 913 3365 980 discipulorum
3396 914 3534 980 ejus,

1965 999 2270 1066 diceretque
2329 998 2418 1053 ille
2447 1000 2511 1052 ad
2543 1000 2821 1054 duodecim
2850 1019 2860 1053 :
2907 1000 3158 1071 Nunquid
3186 1013 3232 1054 et
3272 1018 3357 1055 vos
3384 1002 3529 1054 vultis

1962 1091 2141 1143 abire?
2168 1091 2438 1156 respondit
2465 1093 2513 1146 ei
2546 1094 2751 1158 Petrus,
2788 1094 2969 1148 dicens
2995 1112 3006 1147 :
3036 1094 3269 1158 Domine,
3293 1096 3363 1146 ad
3390 1111 3537 1162 quem

1961 1181 2188 1235 ibimus?
2225 1181 2386 1236 Verba
2415 1184 2528 1236 vita:
2556 1193 2759 1237 cateruae
2802 1184 2971 1245 habes,
3016 1193 3060 1236 et
3092 1202 3181 1236 nos
3212 1184 3537 1253 cognovimus

1960 1280 2008 1325 et
2031 1274 2282 1326 credimus
2311 1277 2428 1342 quia
2457 1284 2509 1326 tu
2538 1290 2586 1325 es
2615 1273 2843 1327 Christus
2874 1273 3041 1327 Filius
3087 1274 3179 1327 Dei
3221 1276 3318 1326 vivi
3350 1273 3531 1341 (Joau.

1960 1365 2057 1433 vi).
2108 1365 2274 1433 Hujus
2320 1380 2467 1434 ergo,
2507 1365 2697 1420 fratres
2756 1366 2881 1431 mei,
2939 1382 3033 1434 pro
3088 1367 3299 1420 modulo
3355 1374 3537 1420 nostro

1959 1456 2258 1525 exemplum
2288 1457 2335 1509 si
2368 1456 2561 1509 imitari
2591 1457 2898 1524 satagimus,
2928 1468 2979 1510 et
3013 1472 3108 1510 nos
3130 1472 3246 1509 cum
3281 1455 3368 1509 illo
3395 1457 3531 1510 beati

1957 1560 2011 1604 et
2040 1549 2296 1618 appellari
2322 1558 2375 1602 et
2399 1564 2516 1602 esse
2538 1549 2850 1609 valebimus,
2878 1549 3028 1601 nobis
3046 1563 3254 1615 quoque
3283 1548 3534 1613 Simonis,

1957 1640 2058 1695 hoc
2087 1652 2189 1705 est,
2242 1640 2543 1694 obedientis
2593 1641 2802 1693 Christo
2853 1656 3044 1692 nomen
3100 1646 3401 1706 congruet:
3445 1652 3541 1691 nos

1956 1745 2172 1805 propter
2204 1734 2597 1803 simplicitatem
2631 1736 2748 1789 ﬁdei
2782 1750 2884 1786 non
2919 1734 3071 1798 lictze,
3103 1742 3479 1796 acceptumque
3503 1745 3531 1783 a

267 1824 575 1891 datur,ipso
602 1832 735 1876 teste
760 1821 848 1885 qui
864 1829 989 1889 post
1004 1819 1455 1873 resurrectionem
1484 1819 1847 1888 passionisque
1876 1802 1925 1863 Β
1951 1829 2178 1882 Ι)οωίηο
2203 1828 2431 1895 gratiam
2476 1828 2752 1885 virtutum,
2787 1825 2875 1878 ﬁlii
2916 1825 3176 1878 columbae
3210 1822 3537 1887 vocabitnur,

270 1914 594 1983 triumphum
626 1928 889 1982 apparens
919 1912 1017 1974 eis,
1051 1909 1337 1963 insulﬂavit
1362 1918 1415 1962 ct
1442 1909 1576 1962 dixit
1603 1909 1679 1962 eis
1705 1926 1717 1960 :
1755 1913 1850 1963 Ac-

264 2009 417 2077 cipite
445 2007 696 2076 Spiritum
726 2013 957 2058 sanctum
982 2017 1000 2055 :
1029 2018 1244 2071 quorum
1292 2001 1580 2054 remiseritis
1612 2010 1842 2067 peccata,

262 2102 595 2154 remittuntur
624 2098 734 2152 eis:
780 2108 827 2151 et
863 2113 1075 2161 quorum
1119 2094 1454 2153 retinueritis.
1501 2102 1693 2145 retenta
1730 2100 1849 2144 sunt

265 2192 448 2263 (Joan.
480 2191 599 2260 xx).
619 2190 865 2244 Necnon
896 2189 1055 2242 etiam
1089 2186 1303 2239 nuncin
1329 2184 1591 2251 episc0pis
1612 2198 1674 2237 ac
1705 2197 1850 2250 pres-

264 2285 469 2355 byteris
495 2284 639 2337 omni
672 2282 926 2335 Ecclesia:
946 2280 1093 2333 idem
1124 2279 1360 2331 ofﬁcium
1393 2277 1766 2339 committitur,
1795 2286 1849 2327 ut

260 2376 530 2440 videlicet,
567 2373 764 2441 agnitis
820 2372 1155 2440 peccantium
1216 2369 1443 2430 causis,
1501 2382 1849 2441 quoscunque

261 2466 489 2521 humiles
510 2479 572 2517 ac
596 2477 722 2517 vere
751 2464 1070 2529 pmtiiteutes
1093 2458 1379 2528 aspexerit,
1407 2458 1630 2524 bosjant
1658 2458 1847 2511 timore

263 2566 534 2627 perpetuae
564 2557 758 2633 mortis
808 2555 1072 2608 absolvat.
1118 2554 1271 2619 Quos
1320 2566 1448 2606 vero
1498 2551 1554 2605 in
1610 2551 1847 2617 peccatis

259 2666 379 2720 quae
431 2651 635 2720 egerint
665 2646 951 2715 persistere
986 2645 1322 2715 cognoverit,
1354 2644 1479 2697 illos
1518 2642 1847 2711 perennibus

261 2740 532 2810 suppliciis
568 2738 881 2809 obligandus
928 2737 1185 2789 insinuet.
1216 2734 1375 2789 Unde
1405 2735 1539 2788 alias
1585 2733 1845 2788 Dominus

261 2837 329 2888 de
381 2844 626 2899 correpto
672 2831 839 2885 semel
886 2838 940 2884 et
993 2831 1205 2892 iterum,
1263 2837 1318 2881 et
1370 2826 1550 2893 tertio,
1610 2824 1705 2883 sed
1738 2840 1845 2883 non

261 2928 552 2999 praenitente
580 2924 767 2989 fratre,
806 2924 1061 2991 t’iraacinit,
1093 2922 1317 2976 dicens:
1362 2902 1616 2975 Si'autem
1656 2914 1844 2973 Ereto--

258 3016 519 3075 siam‘non
536 3019 776 3082 audierit,
815 3021 880 3071 sit
920 3017 1012 3069 tibi
1053 3016 1185 3069 sicut
1212 3014 1442 3068 ethnicus
1468 3022 1514 3066 et
1544 3011 1845 3082 publicanus

261 3108 478 3179 (Matth.
511 3110 682 3177 xviii).
712 3108 778 3160 Et
810 3122 876 3161 ne
900 3108 1015 3160 leve
1038 3108 1315 3174 quisquam
1350 3112 1556 3171 putaret
1588 3101 1843 3157 Ecclesia}

254 3175 463 3270 judicio
487 3175 856 3260 condemnari,
882 3212 1005 3251 mox
1036 3196 1344 3249 terribiliter
1370 3193 1648 3260 adiunxit:
1681 3194 1842 3244 Amen
1870 3175 1917 3237 (ἶ

260 3293 375 3344 dico
403 3292 564 3357 robii,
607 3306 920 3360 quwctmque
960 3288 1235 3357 ligaveritis
1279 3302 1429 3353 super
1458 3294 1669 3349 terram,
1700 3292 1845 3336 erunt

257 3383 416 3452 ligata
446 3393 489 3434 et
510 3384 565 3435 in
592 3382 714 3436 coelo
733 3396 752 3435 :
782 3392 827 3435 et
851 3395 1165 3450 quwcuuquc
1189 3379 1439 3433 solveritis
1458 3385 1842 3445 sititerterram,

258 3485 403 3527 erunt
428 3476 599 3531 soluta
630 3483 674 3527 et
704 3475 757 3527 in
802 3473 945 3529 emta.
994 3472 1149 3529 Quini
1178 3484 1308 3539 ergo
1335 3469 1629 3533 electorum
1657 3467 1842 3521 Eccle-

253 3568 369 3630 sia},
403 3569 547 3638 iuXIa
570 3569 793 3623 «modum
823 3570 1100 3635 culparum
1142 3564 1222 3619 vel
1257 3565 1608 3629 poenitentia,
1645 3561 1844 3631 ligandi

255 3675 319 3714 ac
349 3662 592 3716 solvendi
622 3662 777 3715 datur
801 3660 1110 3715 auctoritas.
1130 3658 1238 3717 Sed
1262 3660 1381 3712 ideo
1407 3659 1594 3719 beatus
1624 3656 1838 3722 Petrus,

253 3755 350 3821 qui
377 3754 641 3805 Christum
682 3767 810 3805 vera
864 3752 969 3805 title
1016 3749 1316 3814 confessus,
1363 3764 1494 3804 vero
1536 3759 1617 3805 est
1658 3763 1842 3803 amore

246 3856 491 3906 secutus,
521 3842 822 3908 specialiter
865 3842 1041 3899 claves
1068 3841 1221 3909 regni
1262 3842 1517 3897 malorum
1546 3848 1602 3893 et
1645 3840 1843 3906 princi-

248 3943 431 4001 patum
476 3932 767 4000 iudiciaria:
818 3930 1091 3998 potestatis
1139 3930 1367 3999 act-epit,
1422 3937 1480 3983 ut
1527 3942 1717 4003 omnes
1748 3943 1843 3997 per

252 4025 439 4079 orbem
471 4025 750 4078 credentes
799 4022 1094 4092 intelligant
1146 4025 1269 4091 quia
1300 4022 1603 4091 quicunque
1634 4021 1701 4075 ab
1725 4019 1842 4074 uni-

248 4124 359 4170 tate
388 4115 510 4168 tidei
556 4116 636 4168 vel
682 4116 956 4169 societatis
1004 4114 1144 4169 illius
1177 4114 1415 4183 quolibet
1443 4112 1604 4169 modo
1642 4120 1840 4177 semet-

250 4208 396 4278 ipsos
436 4218 743 4279 segregant,
766 4210 898 4262 tales
918 4223 1019 4262 nec
1044 4207 1269 4265 vinculis
1298 4218 1640 4276 peccatorum
1670 4204 1832 4268 solvi,

255 4313 357 4353 nec
399 4298 616 4367 januam
676 4309 898 4366 possunt
946 4300 1097 4367 regni
1129 4298 1363 4355 celesds
1412 4296 1638 4368 ingredi.
1692 4296 1841 4363 Unde

256 4406 359 4446 nos
385 4406 609 4446 necesse
636 4400 719 4447 est
767 4400 873 4445 tota
916 4390 1240 4455 intentione,
1276 4389 1471 4449 fratres
1515 4386 1836 4455 citatissimi,

248 4491 305 4537 et
334 4482 455 4536 iidei
509 4498 665 4551 quam
715 4483 894 4539 docuit
948 4491 1279 4539 sacramenta
1333 4480 1562 4545 discere,
1611 4488 1666 4534 et
1706 4494 1834 4545 con-

253 4577 497 4645 gruentia
532 4577 651 4631 lidei
681 4593 839 4644 opera
868 4577 1262 4633 demonstrare.
1300 4575 1535 4635 Necesse
1564 4582 1646 4629 est
1685 4575 1829 4628 omni

248 4664 521 4735 vigilantia
578 4665 897 4734 multiplices
953 4667 1282 4733 subtilesque
1340 4678 1612 4734 portarum
1666 4663 1827 4719 inferi

245 4772 441 4817 cavere
483 4758 723 4822 insidias,
762 4768 1045 4837 quatenus,
1074 4758 1223 4825 juxta
1280 4756 1570 4811 l‘salmistae
1617 4771 1826 4821 vocem,

245 4849 315 4911 de
345 4848 429 4903 his
472 4848 757 4918 adiuvante
785 4848 1012 4913 Domino
1039 4849 1194 4917 eripi,
1223 4856 1384 4917 atque
1410 4847 1476 4902 ad
1506 4848 1828 4901 annuntian-

245 4941 341 4993 das
381 4940 497 5008 ejus
528 4941 733 5005 laudes,
786 4950 963 5007 portas
1012 4938 1135 5003 tiliae
1184 4940 1336 5007 Sion,
1382 4941 1484 4994 hoc
1527 4949 1610 4993 est
1634 4940 1827 5010 gaudia

244 5047 490 5100 superna:
528 5032 789 5098 civitatis,
838 5047 1141 5095 ntereamur
1180 5033 1400 5087 intrare.
1440 5034 1549 5089 Nec
1576 5033 1828 5089 sufﬁcere

246 5127 401 5189 nobis
424 5126 489 5191 ad
531 5127 759 5191 salutem
786 5126 1111 5189 arbitremur
1138 5126 1182 5185 si
1227 5127 1396 5181 turbis
1450 5127 1825 5196 negligentium

246 5217 329 5271 vel
374 5217 735 5284 quorumlibet
780 5215 1119 5283 indoctorum
1186 5216 1291 5269 ﬁde
1338 5217 1419 5270 vel
1466 5216 1675 5283 aCtibus
1735 5216 1827 5269 ad-

243 5321 540 5388 a-‘Jnentur,
570 5305 760 5375 quibus
788 5306 840 5371 iu
882 5305 1071 5359 litteris
1098 5306 1265 5360 sacris
1295 5307 1443 5375 unica
1468 5317 1551 5361 est
1574 5307 1826 5379 credendi

247 5399 445 5469 pariter
473 5407 527 5467 et
578 5397 791 5461 vivendi
830 5400 1009 5471 regula
1062 5397 1396 5479 praescripta,
1447 5398 1542 5451 sed
1588 5398 1828 5469 quoties-

242 5502 456 5552 cunque
504 5487 659 5559 noiiis
704 5487 994 5561 errantium
1047 5487 1363 5557 ingeruntur
1415 5488 1681 5555 exempla,
1736 5504 1830 5543 nos

243 5580 525 5639 confestim
551 5591 859 5637 avertentes
890 5580 1071 5643 oculos
1094 5579 1286 5634 mentis
1311 5590 1503 5635 nosttm
1528 5596 1593 5633 ne
1615 5581 1830 5635 videant

244 5673 554 5751 Vanitatem,
584 5672 754 5751 magis
796 5672 920 5743 quid
965 5672 1170 5751 Veritas
1212 5673 1321 5740 ipsa
1354 5671 1613 5735 decernit,
1647 5674 1830 5747 sedulo

244 5764 407 5833 corde
438 5776 756 5847 scrutemur,
785 5750 1070 5841 sequentes
1119 5762 1424 5841 exemplum
1472 5764 1611 5841 beati
1662 5764 1830 5843 Petri,

1950 1920 2400 1989 congaudensque
2425 1918 2537 1987 ipse
2567 1917 2937 1983 Spiritualtbus
2963 1916 3157 1969 anime
3186 1924 3379 1968 ﬂliall‘ﬂt
3411 1929 3533 1980 pro-

1950 2011 2197 2076 fectibus,
2230 2011 2406 2065 dicet:
2451 2010 2622 2074 Quam
2655 2009 2871 2079 pulchra
2898 2024 2971 2072 es,
3015 2007 3177 2059 amica
3207 2023 3334 2070 utea,
3384 2021 3534 2073 quam

1949 2104 2165 2175 pulchra
2194 2104 2284 2156 es!
2313 2103 2447 2155 oculi
2481 2104 2557 2155 tui
2599 2102 2949 2155 columba-rum
2990 2099 3164 2167 (Cant.
3196 2101 3292 2169 iv).
3344 2098 3538 2166 Sicque

1950 2197 2089 2250 titnt
2139 2197 2289 2250 nobis
2319 2211 2475 2264 supra
2528 2205 2731 2263 petram
2790 2194 2911 2249 lidei
2961 2194 3172 2261 aurum,
3232 2205 3530 2260 argentum,

1951 2286 2153 2354 lapides
2186 2286 2470 2353 pretiosos,
2524 2285 2623 2339 hoc
2651 2295 2753 2351 est,
2788 2284 3024 2353 perfecta
3070 2285 3327 2337 virtutum
3373 2296 3537 2350 opera

1948 2377 2411 2443 construentibus,
2467 2376 2541 2430 nil
2593 2376 2991 2430 tribulationum
3045 2375 3180 2444 ignis
3235 2372 3539 2429 detritnenti

1949 2468 2160 2532 aderat,
2196 2466 2326 2521 nulli
2378 2468 2730 2522 tentationum
2766 2466 3000 2522 turbines
3032 2464 3380 2532 prmvaleant,
3415 2461 3538 2530 quin

1949 2558 2125 2627 potius
2173 2556 2589 2611 adversitatibus
2639 2558 2868 2623 probati,
2922 2554 3249 2623 accipiamus
3283 2565 3537 2606 coronam

1950 2651 2094 2715 vitae,
2127 2665 2284 2716 quam
2338 2652 2455 2715 ipse
2510 2649 2663 2704 nobis
2713 2660 2836 2704 ante
2880 2649 3146 2717 promisit,
3192 2648 3277 2715 qui
3332 2645 3458 2699 vivit
3488 2653 3539 2698 et

1950 2751 2130 2810 regnat
2176 2740 2316 2794 Deus
2366 2754 2484 2793 cum
2539 2740 2699 2793 Patre
2748 2742 2798 2792 iu
2850 2739 3051 2792 unitate
3081 2736 3313 2806 Spiritus
3341 2736 3536 2799 sancti,

1949 2849 2042 2904 per
2058 2832 2247 2887 omnia
2268 2834 2463 2888 saecula
2495 2832 2836 2897 saeculorum,
2869 2832 3059 2884 Amen.

2538 2944 2813 2999 NOMILIA
2853 2942 2967 2997 XII.

1991 3050 2045 3092 IN
2088 3050 2518 3091 ANNUNTIA'I’IONE
2568 3051 2752 3088 ΒΕΑΤᾸΞ
2808 3051 3008 3100 “Mill-3,

2510 3121 2753 3161 ADVENTU
2784 3122 2983 3159 DOMINI.

2027 3198 2151 3264 Vos,
2199 3196 2435 3266 inquam,
2488 3197 2769 3261 convenio,
2816 3210 2848 3249 0
2897 3193 3089 3261 Judaei,
3131 3194 3221 3263 qui
3273 3206 3440 3261 usque
3484 3191 3537 3246 in

1952 3290 2274 3344 hodiernum
2326 3288 2467 3344 diem
2523 3288 2756 3356 negastis
2810 3287 3000 3341 Filium
3058 3287 3171 3341 Dei.
3225 3286 3409 3339 Nonne
3434 3297 3535 3338 vox

1948 3390 2122 3438 vestra
2146 3392 2229 3435 est
2252 3380 2339 3434 illa
2359 3379 2575 3450 quando
2590 3394 2712 3433 eum
2733 3378 2937 3433 vidistis
2955 3378 3202 3439 miracula
3216 3376 3535 3435 iacientem.

1947 3485 2108 3545 atque
2138 3483 2405 3529 tentantes
2450 3472 2705 3527 dicebatis
2737 3489 2750 3525 :
2782 3473 3053 3539 Quousque
3092 3472 3290 3524 animas
3331 3482 3533 3524 nostras

1953 3567 2271 3636 suspendis?
2302 3565 2362 3621 Si
2389 3574 2445 3618 tu
2477 3582 2527 3619 cs
2558 3565 2807 3651 Christus,
2854 3566 2935 3617 dic
2971 3564 3113 3623 nobis
3146 3565 3318 3628 palam
3348 3560 3529 3632 (Joan.

1954 3656 2031 3725 χ).
2062 3658 2165 3715 ille
2197 3667 2372 3713 autem
2408 3673 2499 3710 vos
2532 3657 2595 3709 ad
2624 3656 3110 3710 considerationem
3158 3655 3532 3709 miraculorum

1946 3749 2209 3811 mittebat,
2242 3748 2426 3799 dicens
2456 3762 2470 3799 :
2507 3747 2675 3813 Opera
2705 3761 2818 3814 quis
2858 3761 2951 3814 ego
2982 3745 3138 3812 facio,
3168 3745 3280 3814 ipsa
3306 3743 3535 3797 testimo-

1947 3842 2089 3894 nium
2114 3839 2378 3908 perhibent
2402 3841 2463 3892 de
2486 3855 2584 3903 mc,
2609 3848 2665 3891 ut
2685 3837 2896 3892 Christo
2920 3839 3281 3892 testimonium
3298 3837 3536 3905 dicerent

1946 3946 2053 3986 non
2083 3929 2267 3991 verba,
2318 3930 2413 3982 sed
2466 3928 2627 3982 facta.
2677 3927 2783 3987 Vos
2814 3936 2991 3991 autem
3032 3943 3140 3991 non
3187 3934 3535 3996 agnoscentes

1941 4024 2299 4087 Salvatorem,
2332 4020 2422 4087 qui
2449 4021 2772 4087 operabatur
2820 4022 3045 4075 salutem
3087 4022 3137 4075 in
3167 4019 3344 4073 medio
3376 4026 3532 4071 terrae

1941 4124 2153 4178 vesme,
2202 4111 2515 4179 adjicientes
2560 4113 2610 4165 in
2659 4111 2820 4173 malo,
2868 4112 3068 4165 aistis:
3116 4108 3198 4163 Tu
3249 4108 3315 4163 de
3364 4108 3524 4176 teipso

1942 4204 2286 4261 testimonium
2325 4204 2478 4269 dicis,
2530 4204 2873 4257 testimonium
2914 4214 3057 4255 tuum
3098 4218 3203 4254 non
3243 4212 3318 4267 est
3356 4215 3529 4253 verum

1946 4294 2131 4366 (Joan.
2159 4296 2302 4364 vui).
2336 4294 2441 4348 Sed
2472 4293 2537 4349 ad
2568 4292 2681 4348 haec
2703 4294 2791 4348 ille
2821 4294 2944 4361 quid
2978 4294 3125 4347 vobis
3172 4292 3523 4361 respondetit,

1938 4388 2221 4449 advertere
2251 4384 2518 4445 noluistis.
2550 4384 2738 4440 Nonne
2762 4386 3007 4454 scriptum
3029 4395 3101 4440 est
3122 4387 3172 4438 in
3196 4386 3305 4455 tege
3344 4392 3527 4449 vestra,

1939 4480 2075 4550 quod
2097 4481 2313 4541 duorum
2336 4478 2599 4533 hominum
2643 4478 2984 4531 testimonium
3008 4492 3183 4530 verum
3203 4479 3266 4531 sit
3289 4476 3313 4529 ?
3339 4475 3387 4547 (1
3398 4476 3529 4544 bid.)

1940 4571 2393 4637 Praevaricatores
2418 4569 2572 4638 legis,
2603 4571 2860 4624 intendite
2896 4571 3085 4639 legem.
3145 4570 3529 4624 Testimonium

1932 4662 2168 4732 quaeritis
2202 4660 2269 4713 de
2317 4659 2577 4714 Christo?
2624 4659 2681 4713 ln
2736 4661 2850 4730 lege
2880 4671 3057 4717 vestra
3110 4659 3367 4726 scriptum
3421 4668 3526 4725 est,

1930 4754 2069 4826 quod
2093 4754 2317 4805 duorum
2343 4751 2606 4804 hominum
2637 4752 2977 4805 testimonium
3007 4767 3182 4805 verum
3203 4752 3267 4806 sit
3289 4752 3314 4805 ?
3340 4749 3521 4821 (Deut.

1933 4849 2095 4917 xvn.)
2128 4848 2427 4911 Procedunt
2455 4863 2518 4915 ex
2552 4848 2667 4917 lege
2693 4864 2796 4902 non
2829 4857 3036 4903 tantum
3081 4848 3207 4913 duo,
3240 4846 3332 4899 sed
3352 4831 3518 4897 etiam

1933 4938 2116 5006 plures
2164 4947 2332 4995 testes
2359 4940 2577 5003 Christi,
2622 4950 2677 4993 et
2706 4941 3024 4995 convincant
3062 4938 3332 4991 auditores
3373 4936 3523 5003 legis,

1938 5043 2035 5083 nec
2063 5027 2313 5083 factores.
2367 5030 2481 5095 Dic,
2511 5029 2665 5093 Isaia,
2717 5029 3073 5084 testimonium
3108 5028 3347 5081 Christo.
3396 5025 3527 5080 Ecce

1935 5122 2093 5195 virgo,
2130 5123 2319 5190 inqttit,
2351 5123 2402 5175 in
2434 5132 2576 5175 utero
2621 5122 2885 5190 concipiet,
2927 5133 2974 5173 et
3010 5122 3171 5184 pariet
3227 5121 3439 5184 Filium,
3472 5127 3517 5173 et

1934 5214 2191 5266 vocabitur
2223 5230 2403 5266 nomen
2444 5216 2554 5282 ejus
2588 5210 2914 5276 Emmanuel,
2970 5212 3105 5279 quod
3155 5212 3520 5280 interpretatur

1940 5306 2218 5361 Nobiscum
2251 5303 2388 5369 Deus
2412 5302 2549 5381 (Isa.
2585 5304 2700 5371 vn).
2730 5304 2960 5358 Accedat
2990 5314 3043 5358 et
3073 5307 3203 5358 alius
3231 5304 3402 5359 testis.
3426 5304 3517 5358 Dic

1937 5404 1990 5459 et
2017 5404 2091 5462 tu,
2118 5395 2373 5462 Jeremia,
2400 5397 2765 5459 testimonium
2796 5394 3028 5455 Christo.
3077 5396 3175 5450 Hic
3214 5406 3305 5464 est,
3334 5397 3519 5464 inquit,

1942 5484 2078 5539 Deus
2108 5495 2297 5551 noster,
2331 5494 2376 5537 ct
2404 5502 2503 5537 non
2545 5486 2875 5543 wstintabitur
2905 5488 3039 5540 afius
3070 5488 3267 5557 alisque
3298 5488 3401 5548 illo,
3430 5488 3516 5555 qui

1939 5580 2137 5633 invenit
2182 5595 2380 5643 omnem
2422 5580 2554 5631 viam
2604 5580 2866 5644 scientiae,
2916 5592 2967 5633 et
3011 5581 3149 5633 dedit
3200 5596 3315 5633 eam
3363 5577 3519 5633 Iacob

1937 5688 2092 5745 puero
2122 5689 2234 5738 suo,
2258 5682 2304 5725 et
2351 5668 2514 5725 Israel
2542 5672 2727 5725 dilecto
2758 5689 2865 5726 suo.
2908 5672 3030 5726 Post
3070 5675 3174 5726 ha’c
3212 5676 3341 5726 visus
3371 5684 3439 5725 cst
3466 5675 3519 5726 in

1940 5767 2111 5835 terris,
2144 5774 2187 5839 et
2220 5780 2335 5839 cum
2364 5763 2653 5821 hominibus
2682 5775 3008 5823 conversatus
3034 5775 3106 5823 est
3137 5765 3384 5835 (Boruclt.
3416 5766 3518 5839 ut).

3058 3051 3158 3089 νει
3196 3046 3390 3088 ΡΟΊΊυΒ
3422 3047 3476 3086 ιη
