4096 6346
568 343 700 399 M7!

1424 330 1630 392 PAULI
1666 328 1941 389 DIACONI
1977 329 2130 390 OPP.
2169 326 2447 389 PARSVII.
2487 353 2558 370 --
2593 321 2950 383 ASCETICA.

3695 317 3833 374 H73

568 455 709 513 Ecce
731 454 839 511 duo
885 458 1057 508 testes
1101 448 1279 506 idonei
1322 462 1390 503 ex
1428 448 1547 518 lege
1579 455 1778 515 vestra,
1814 461 1878 501 ex
1929 460 2153 517 quorum
2180 447 2233 508 Α
2258 442 2366 498 iste
2396 443 2620 498 miratus
2662 440 2915 510 expavit?
2944 437 3116 493 Absit.
3144 436 3251 492 Sed
3282 437 3404 494 audi
3426 436 3553 507 quid
3600 436 3837 506 expavit.

567 549 877 607 testimonio
907 560 1017 601 non
1048 553 1172 599 sunt
1215 554 1533 612 compuncta
1580 541 1742 596 corda
1787 550 1988 595 vestra.
2039 539 2147 595 Sed

569 644 660 698 alii
701 652 861 711 atque
887 639 976 693 alii
1007 653 1074 693 ex
1105 637 1225 708 lege
1273 634 1472 689 Christi
1515 643 1683 688 testes
1724 632 2149 695 introducantur,

575 743 635 789 ut
657 736 858 788 frontes
883 732 1181 787 durissimae
1207 728 1541 782 inimicorum
1564 735 1930 781 conterantur.
1964 724 2153 778 Veniat

569 836 621 877 et
660 824 751 877 ille
786 822 973 876 Daniel
1005 830 1246 879 sanctus.
1277 818 1490 888 juvenis
1522 818 1736 885 quidem
1766 825 1943 884 aetate,
1973 816 2153 871 senior

569 932 695 973 vero
747 916 970 970 scientia
1030 929 1092 968 ac
1150 912 1580 977 mansuetudine,
1627 913 1910 964 convincat
1965 922 2152 963 omnes

574 1010 737 1062 falsos
766 1017 971 1071 testes;
1015 1008 1151 1059 sicut
1180 1004 1411 1058 convicit
1442 1005 1680 1056 seniores
1731 1000 2048 1069 impudicos,
2081 1000 2153 1053 ita

572 1116 672 1155 Stto
699 1101 1003 1154 testimonio
1029 1097 1226 1151 Christi
1258 1103 1502 1149 conterat
1533 1094 1798 1147 inimicos.
1834 1094 1942 1156 Dic,
1973 1102 2154 1146 sancte

572 1192 775 1253 Daniel,
830 1190 917 1244 dic
959 1189 1028 1243 de
1078 1188 1294 1242 Christo
1352 1186 1491 1253 quod
1546 1186 1705 1238 nosti.
1761 1183 1890 1237 Cum
1942 1185 2151 1248 venerit,

573 1285 763 1349 inquit,
790 1280 1012 1335 Sanctus
1055 1288 1368 1340 sanctorum,
1397 1275 1607 1329 cessabit
1641 1275 1812 1326 unctio
1854 1272 2018 1343 (Dan.
2052 1274 2149 1342 ix).

569 1379 743 1440 Quare
775 1375 863 1428 illo
881 1385 1145 1442 praesente
1165 1374 1250 1426 cui
1282 1368 1896 1431 insultantesdicebatis,
1926 1366 1997 1419 Ta
2028 1368 2090 1421 de
2107 1379 2155 1421 te

569 1472 905 1523 testimonium
951 1467 1101 1533 dicis,
1136 1468 1472 1520 testimonium
1513 1475 1657 1517 tuum
1700 1480 1799 1516 non
1829 1473 1904 1516 est
1950 1479 2144 1530 verum,

569 1562 799 1614 cessavit
831 1561 1013 1613 unctio
1040 1570 1239 1623 vestra,
1272 1557 1372 1611 nisi
1403 1558 1522 1626 quia
1557 1558 1665 1625 ipse
1695 1566 1777 1609 est
1809 1554 1893 1623 qui
1939 1562 2155 1607 veneiat

570 1652 798 1705 Sanctus
848 1660 1154 1704 sanctorum
1201 1648 1224 1701 ‘l
1281 1648 1359 1713 Si,
1411 1657 1468 1700 ut
1517 1663 1609 1701 vos
1662 1647 1862 1711 dicitis,
1920 1647 2152 1699 nondum

571 1743 735 1805 venit,
767 1741 860 1794 sed
891 1749 1237 1808 exspectatur
1265 1750 1320 1791 ut
1351 1739 1529 1792 veniat
1569 1736 1793 1790 Sanctus
1824 1744 2149 1801 sanctorum,

573 1838 937 1892 demonstrate
983 1838 1309 1890 unctionem.
1350 1834 1404 1889 Si
1448 1844 1622 1887 amem
1652 1832 1816 1901 (quod
1842 1847 2021 1885 verum
2053 1830 2155 1901 εει)
2186 1816 2233 1875 Β

571 1934 802 1985 cessavit
855 1930 1037 1985 unctio
1088 1938 1286 1992 vestra,
1338 1928 1612 1996 agnoscite
1643 1928 1854 1979 venisse
1908 1927 2158 1978 Sanctum

572 2035 900 2079 sanctorum.
955 2023 1072 2091 Ipse
1111 2032 1193 2075 est
1232 2021 1372 2075 enim
1404 2030 1458 2072 et
1502 2018 1637 2086 lapis
1668 2018 1753 2071 ille
1800 2016 2068 2069 abscissus
2094 2014 2160 2069 de

572 2129 754 2174 monte
785 2118 902 2173 sine
943 2116 1186 2171 manibus
1231 2112 1720 2178 conscindentium,
1771 2110 1820 2163 id
1852 2117 1952 2175 est,
2006 2106 2160 2163 Chri-

576 2222 690 2266 stus
723 2221 875 2265 natos
902 2210 971 2265 de
995 2209 1204 2277 virgine
1229 2209 1345 2261 sine
1376 2206 1622 2259 manibus
1668 2202 2153 2271 complectentium,

572 2300 663 2372 qui
696 2308 901 2354 tantum
933 2302 1105 2354 crevit
1149 2308 1206 2350 ut
1236 2312 1388 2351 mons
1429 2310 1650 2364 magnus
1681 2294 1850 2358 ﬁeret,
1886 2303 1933 2346 et
1976 2291 2161 2361 imple-

571 2400 664 2447 ret-
684 2393 989 2445 universam
1022 2391 1207 2443 laciem
1236 2399 1411 2443 terrai.
1445 2387 1519 2441 De
1541 2402 1646 2455 quo
1674 2395 1857 2439 monte
1882 2386 2011 2440 dicit
2034 2386 2160 2440 Pro-

572 2484 770 2551 pheta:
806 2482 1006 2546 Venite,
1044 2482 1379 2535 ascendamus
1412 2481 1465 2533 in
1502 2487 1720 2533 montem
1749 2476 1957 2531 Domini
2003 2476 2158 2546 (Isai.

571 2575 652 2647 tt).
684 2577 747 2629 Et
768 2576 834 2629 de
855 2591 961 2646 quo
985 2576 1112 2629 dicit
1134 2575 1327 2635 David:
1364 2572 1513 2628 Mons
1549 2573 1643 2625 Dei
1669 2589 1811 2626 mons
1836 2572 2160 2640 uberrimus,

577 2675 631 2718 ut
660 2665 781 2732 quid
835 2666 1162 2731 snspicamini
1211 2675 1404 2718 montes
1457 2668 1774 2727 iucaseatos,
1824 2672 2059 2717 montem
2106 2664 2159 2717 in

568 2772 667 2824 quo
709 2756 903 2824 placuit
929 2754 1037 2809 Deo
1065 2757 1295 2810 habitare
1339 2757 1390 2808 in
1416 2756 1572 2823 ipso?
1603 2753 1774 2826 (Psal.
1799 2756 1988 2825 ωινιι.)
2027 2754 2157 2809 Cum

573 2846 717 2901 enim
751 2848 866 2915 ipse
917 2846 1175 2901 Dominus
1227 2845 1471 2899 Christus
1503 2846 1793 2914 discipulos
1821 2860 1949 2899 suos
1990 2844 2157 2900 inter-

573 2948 786 3009 rogaret
807 2952 964 3008 quem
990 2939 1230 2994 dicerent
1257 2938 1497 2994 homines
1522 2953 1641 2993 esse
1675 2939 1864 2992 Filium
1900 2939 2155 3008 hominis,

576 3030 988 3100 responderunt,
1018 3031 1104 3085 alii
1156 3032 1346 3094 tiliam,
1377 3029 1470 3083 alii
1518 3031 1830 3095 Jereniiam,
1872 3041 1963 3085 aut
1994 3046 2155 3087 unum

577 3136 639 3176 ex
677 3121 967 3190 prophetis.
994 3121 1057 3175 Et
1084 3121 1173 3176 ille
1199 3141 1209 3175 :
1245 3121 1312 3176 Ut
1337 3122 1459 3191 quid
1488 3123 1821 3190 suspicantini
1849 3131 2040 3176 montes
2069 3121 2152 3175 iti-

575 3222 837 3275 caecatos,
869 3221 1102 3267 montem
1132 3215 1186 3266 in
1213 3230 1309 3282 quo
1350 3214 1540 3283 placuit
1581 3214 1687 3267 Deo
1718 3214 1953 3267 habitare
1976 3215 2028 3266 in
2058 3215 2157 3267 eo?

578 3304 728 3357 lluiic
748 3304 1001 3371 cegnovit
1028 3303 1237 3369 Petrus,
1269 3305 1449 3358 dicens
1476 3323 1487 3357 :
1525 3304 1597 3356 Tu
1628 3321 1679 3358 es
1722 3306 1953 3359 Christus
1985 3302 2158 3359 Filius

582 3392 673 3445 Dei
701 3393 797 3445 vivi
827 3391 1038 3461 (Matth.
1070 3396 1203 3461 xvi).
1234 3394 1461 3461 Agnovit
1486 3405 1717 3449 montem
1746 3405 1799 3449 et
1837 3397 2076 3451 ascendit
2104 3397 2157 3451 in

574 3492 834 3548 montem,
868 3483 1230 3538 testimonium
1278 3485 1411 3539 dixit
1450 3484 1693 3550 Veritati,
1727 3494 1780 3539 et
1820 3487 2047 3541 dilectus
2076 3494 2161 3544 est

573 3590 603 3628 a
637 3575 893 3630 Veritate.
944 3576 1117 3644 Supra
1166 3586 1367 3645 petram
1420 3577 1664 3633 fundatus
1710 3590 1792 3634 est
1840 3582 2051 3647 Petrus,
2102 3590 2161 3638 ut

572 3675 799 3721 mortem
840 3668 1156 3735 susciperet,
1211 3667 1358 3722 ilum
1408 3668 1636 3723 amando
1663 3685 1819 3739 quem
1870 3681 1949 3726 ter
1990 3686 2155 3742 nega-

571 3768 721 3815 verat
768 3760 1023 3813 timendo.
1076 3759 1168 3814 Dic
1205 3769 1259 3815 et
1301 3770 1377 3824 tn,
1425 3762 1656 3831 Moyses,
1711 3763 2006 3833 legislator,
2048 3765 2155 3820 dux

576 3853 761 3925 populi
789 3854 973 3919 ISraeI,
1006 3858 1371 3909 testimonium
1397 3854 1630 3911 Christo.
1660 3855 1973 3924 Prop/letam
2016 3859 2157 3913 vobis

573 3947 836 4002 suscitabit
867 3948 1113 4002 Dominus
1147 3949 1210 4002 de
1237 3949 1481 4019 fratribus
1520 3953 1714 4004 vestris.
1760 3951 1938 4006 Omnis
1981 3955 2157 4007 anima

570 4054 685 4107 quis
712 4056 811 4092 non
842 4041 1059 4094 audferit
1107 4042 1407 4110 prophetam
1435 4042 1605 4107 illum,
1648 4046 2065 4097 exterminabitur
2093 4048 2156 4099 de

572 4131 763 4196 popqu
808 4146 899 4183 suo
931 4131 1113 4201 (Deut.
1152 4138 1326 4192 xviii).
1384 4133 1701 4201 PrOplietam
1734 4147 1909 4191 autem
1954 4138 2152 4193 dictum

572 4219 869 4292 Christum,
902 4223 1071 4292 ipsum
1102 4224 1222 4278 audi
1254 4226 1306 4279 in
1340 4226 1650 4296 Evangelia.
1684 4228 1805 4282 Non
1834 4240 1926 4295 est,
1964 4233 2152 4302 inquit,

583 4314 830 4385 praplieta
861 4320 968 4369 sine
995 4317 1201 4377 honore,
1254 4319 1353 4372 nisi
1396 4321 1445 4374 in
1491 4323 1656 4391 patria
1696 4340 1792 4378 sua
1833 4325 2024 4394 (Marc.
2059 4328 2156 4397 νε).

579 4408 815 4461 Accedat
846 4419 1023 4463 autem
1058 4410 1219 4465 David
1243 4420 1475 4479 sanctus,
1506 4416 1655 4470 testis
1683 4418 1870 4485 ﬁdelis,
1910 4434 1973 4474 ex
2005 4420 2158 4492 cujus

2252 535 2309 588 In
2339 533 2534 599 medio,
2563 533 2751 603 inquit,
2775 533 2936 586 duum
2963 530 3274 584 animalium
3296 529 3667 600 cognosceris.
3700 525 3841 596 Ope-

2251 642 2308 680 ra
2339 635 2446 692 tua,
2496 624 2655 692 Deus,
2701 625 2922 678 verbum
2972 638 3102 677 caro
3157 623 3354 676 factum
3398 630 3502 677 est.
3558 621 3615 676 in
3656 621 3841 676 medio

2253 720 2411 773 duum
2441 719 2747 773 animalium
2779 718 3146 785 cognosceris,
3180 717 3268 786 qui
3299 730 3579 785 qualisque
3607 714 3840 769 descen-

2254 814 2377 868 disti
2401 831 2415 878 ;
2442 826 2799 879 exiiavesccre
2830 825 2916 866 me
2945 810 3145 874 fecisti,
3167 812 3287 877 quia
3314 808 3548 864 Verbum
3581 824 3677 878 per
3700 808 3845 877 quod

2254 912 2386 965 tacta
2415 922 2537 964 sunt
2566 910 2763 972 omnia,
2798 911 2850 962 in
2902 907 3160 976 prrscpio
3201 906 3435 975 jacuisti.
3485 905 3706 975 Agnovit
3747 905 3835 956 bos

2255 1019 2589 1073 possessorem
2608 1018 2779 1061 suum,
2808 1012 2856 1054 et
2884 1001 3056 1053 asinus
3083 1015 3303 1068 prtesepe
3338 998 3536 1051 domini
3562 998 3643 1050 sui
3685 996 3844 1065 (lsai.

2256 1097 2314 1165 ι).
2354 1101 2405 1148 1η
2442 1096 2616 1147 medio
2644 1095 2805 1147 duum
2838 1093 3142 1145 animalium
3177 1091 3537 1157 cognosceris.
3572 1089 3711 1153 Quid
3743 1098 3848 1154 est,

2257 1185 2308 1239 in
2340 1186 2516 1239 medio
2544 1185 2705 1238 duum
2758 1185 3063 1237 animalium
3107 1182 3468 1250 cognosceris,
3516 1182 3617 1233 nisi
3668 1195 3754 1232 aut
3792 1182 3843 1235 in

2257 1282 2434 1335 medio
2454 1281 2677 1333 duorum
2701 1279 3186 1335 Testaiiieiitm'utn.
3210 1286 3302 1330 aut
3326 1279 3377 1330 in
3402 1277 3582 1329 medio
3611 1275 3843 1328 duorum

2258 1375 2542 1436 latronum,
2591 1381 2683 1425 aut
2728 1374 2776 1424 iu
2823 1372 2998 1425 medio
3045 1370 3209 1440 Moysi
3256 1380 3309 1422 et
3360 1371 3511 1433 Elide,
3546 1384 3669 1419 (‘lllll
3700 1383 3770 1420 eo
3796 1368 3845 1419 in

2257 1478 2436 1520 monte
2486 1463 3014 1519 sermocinaiitium?
3068 1462 3396 1526 Amliulavit,
3458 1460 3652 1527 inquit,
3712 1457 3846 1511 Ver-

2260 1558 2409 1621 bum,
2443 1569 2495 1612 et
2524 1559 2685 1612 exivit
2736 1559 2785 1609 in
2832 1557 3053 1623 campis.
3109 1554 3334 1608 Verbum
3365 1569 3484 1605 caro
3515 1556 3711 1621 factum
3753 1562 3849 1617 est,

2258 1659 2302 1701 et
2348 1650 2593 1702 habitavit
2620 1651 2670 1701 in
2704 1649 2844 1701 nobis
2878 1645 3057 1715 (Joan.
3096 1647 3157 1714 ι).
3210 1646 3319 1699 Hoc
3346 1654 3399 1698 et
3447 1644 3711 1699 Jeremias
3739 1646 3849 1695 ait:

2260 1742 2384 1795 Post
2412 1741 2522 1794 ha’c
2554 1744 2605 1793 in
2633 1742 2781 1793 terris
2813 1742 2944 1792 visas
2974 1748 3067 1802 est,
3102 1747 3150 1793 et
3187 1753 3301 1790 cum
3331 1735 3622 1789 hominibus
3646 1751 3851 1787 conver-

2262 1846 2404 1889 satus
2432 1835 2774 1903 est(Baruch.
2807 1834 2907 1903 iii).
2952 1833 3087 1887 Ecce
3110 1830 3561 1901 quemadmodum
3592 1832 3692 1881 sibi
3716 1844 3845 1883 coa-

2260 1929 2477 1981 veuiunt
2514 1936 2678 1980 testes
2700 1926 2957 1989 veritatis,
2986 1938 3112 1979 ecce
3141 1924 3591 1993 quemadmodum
3624 1924 3845 1975 convin-

2260 2028 2386 2075 cunt
2431 2019 2566 2072 lilios
2598 2018 2868 2071 falsitatis.
2920 2017 3202 2071 Sufﬁciunt
3249 2015 3401 2069 vobis
3430 2015 3553 2071 ista.
3589 2031 3623 2067 ο
3652 2012 3844 2080 Judaei,

2260 2127 2325 2164 an
2372 2111 2545 2165 adhuc
2594 2111 2658 2163 ad
2711 2120 2943 2163 vestram
2996 2107 3365 2162 confusionem
3411 2123 3475 2160 ex
3534 2108 3653 2176 lege
3690 2116 3747 2159 et
3788 2121 3852 2160 ex

2260 2218 2424 2272 gente
2454 2215 2630 2257 vestra
2662 2204 2798 2256 alios
2828 2203 3228 2255 introducemus
3256 2210 3438 2263 testes,
3474 2208 3531 2251 ut
3575 2200 3649 2252 illi
3704 2198 3856 2253 testi-

2261 2298 2496 2351 monium
2548 2295 2866 2364 perhibeant
2915 2295 2999 2347 cui
3050 2294 3255 2362 perdita
3310 2300 3491 2346 mente
3539 2292 3858 2345 in~ultantes

2259 2388 2550 2444 dicebatis:
2605 2387 2681 2440 Tu
2729 2387 3069 2440 testiinonium
3113 2388 3177 2438 de
3219 2388 3381 2452 teipso
3428 2382 3676 2453 perhibes,
3710 2383 3861 2435 testi-

2260 2485 2485 2535 monium
2534 2491 2671 2533 tuum
2720 2496 2824 2533 non
2865 2489 2939 2533 est
2986 2494 3160 2532 verum
3206 2477 3385 2547 (Joan.
3422 2476 3559 2544 vui).
3605 2474 3765 2541 Quod
3809 2475 3859 2529 si

2261 2575 2418 2627 velim
2446 2589 2512 2627 ex
2545 2573 2661 2641 lege
2708 2580 2762 2624 et
2808 2570 3082 2638 prophetis
3133 2569 3311 2623 omnis
3362 2584 3483 2637 quae
3526 2568 3593 2621 de
3641 2568 3860 2622 Christo

2260 2667 2399 2720 dicta
2432 2674 2558 2718 sunt
2587 2663 2866 2732 colligere,
2898 2662 3102 2717 facilius
3147 2678 3232 2716 me
3262 2672 3472 2729 tempus
3515 2675 3678 2729 quam
3703 2662 3858 2725 copia

2261 2755 2480 2810 deserit.
2530 2754 2908 2807 Verumtamen
2965 2767 3147 2807 senem
3199 2752 3345 2805 illum
3378 2767 3445 2806 ex
3485 2762 3652 2820 gente
3680 2762 3853 2805 vestra

2262 2857 2466 2909 natum,
2497 2845 2590 2900 sed
2614 2845 2667 2899 in
2691 2859 2875 2899 errore
2907 2853 3089 2899 vestro
3111 2859 3214 2898 non
3246 2843 3513 2910 relictum,
3544 2842 3856 2898 Simeonem

2260 2948 2506 2994 sanctum
2549 2938 2901 3004 introducam,
2934 2938 3025 3006 qui
3076 2937 3267 2992 meruit
3320 2937 3488 2992 teneri
3539 2934 3855 3004 decrepitus

2259 3032 2314 3087 in
2347 3035 2443 3087 hac
2474 3033 2592 3087 luce
2634 3046 2909 3101 quousque
2949 3030 3152 3087 videret
3199 3044 3381 3086 veram
3430 3016 3636 3099 lucem,
3687 3044 3851 3098 quem

2262 3128 2475 3196 quidem
2503 3124 2613 3195 jam
2643 3136 2769 3179 actas
2812 3126 3163 3194 compellebat
3202 3125 3303 3191 ire,
3356 3124 3457 3179 sed
3502 3123 3855 3192 expectabat

2264 3218 2541 3287 suscipere
2581 3232 2739 3287 quem
2782 3217 2985 3272 sciebat
3014 3218 3216 3282 venire,
3264 3231 3382 3270 cum
3434 3216 3540 3270 iste
3568 3230 3732 3270 senes
3760 3215 3853 3268 ad-

2263 3314 2495 3367 monitus
2524 3324 2665 3368 esset
2693 3327 2723 3367 a
2754 3311 2954 3381 Spiritu
2983 3324 3190 3378 sancto,
3216 3311 3358 3381 quod
3387 3326 3493 3365 non
3525 3320 3654 3364 ante
3680 3324 3852 3365 more-

2262 3415 2413 3459 retur
2442 3419 2599 3475 quam
2630 3405 2837 3460 videret
2861 3403 3131 3458 Christum
3178 3404 3269 3457 Dei
3320 3412 3526 3458 natum.
3571 3403 3735 3469 Quem
3760 3416 3851 3457 oo-

2261 3513 2522 3569 guoscens
2551 3498 2786 3568 perrexit
2814 3497 2867 3551 in
2896 3498 3178 3566 templum.
3207 3495 3306 3551 Ubi
3340 3511 3471 3551 vero
3500 3511 3622 3549 eum
3649 3494 3846 3564 portari

2262 3593 2445 3648 matris
2489 3593 2733 3647 manibus
2762 3591 2919 3655 vidit,
2963 3602 3016 3646 ct
3043 3590 3277 3644 divinam
3329 3588 3604 3643 infantiam
3635 3588 3717 3657 pia
3761 3600 3850 3642 se-

2262 3698 2450 3743 nectus
2496 3687 2728 3755 agnovit,
2764 3687 2884 3739 tulit
2912 3685 3165 3739 inlanlein
3201 3683 3254 3736 in
3298 3682 3542 3736 manibus
3570 3680 3701 3734 suis.
3744 3679 3848 3733 Ille

2263 3780 2474 3849 quidem
2519 3777 2790 3831 Christum
2838 3776 3063 3841 ferebat,
3114 3776 3208 3829 sed
3257 3774 3507 3829 Christus
3544 3787 3729 3827 senem
3760 3786 3849 3826 re-

2261 3870 2441 3939 gebat.
2472 3868 2711 3939 Regebat
2741 3868 2826 3935 qui
2859 3868 3190 3935 portabatur,
3225 3881 3294 3922 ne
3326 3866 3415 3920 ille
3453 3874 3578 3919 ante
3621 3864 3847 3931 promis-

2261 3973 2380 4015 sum
2408 3975 2436 4011 a
2466 3974 2694 4027 corpore
2717 3958 3038 4013 solveretur.
3072 3958 3208 4023 Quid
3238 3969 3413 4011 tamen
3437 3955 3659 4019 dixerit,
3692 3970 3843 4023 quem

2261 4060 2438 4105 tamen
2467 4050 2745 4104 confessus
2779 4049 2954 4112 fuerit,
2987 4050 3246 4103 advertite
3280 4048 3505 4115 inimici,
3536 4064 3647 4102 non
3694 4047 3847 4101 Chri-

2263 4143 2351 4207 sti,
2381 4141 2474 4197 sed
2505 4141 2687 4196 vestri.
2741 4141 3068 4194 Benedicens
3111 4141 3275 4193 Deum
3317 4138 3643 4194 exclamasit
3693 4152 3851 4191 senex

2263 4238 2381 4300 iste,
2408 4248 2461 4289 et
2490 4235 2619 4289 dixit
2644 4251 2658 4287 :
2684 4233 2837 4287 Nunc
2865 4233 3098 4297 dimittis,
3128 4233 3365 4299 Domine,
3386 4248 3586 4285 servum
3635 4246 3773 4284 tuum
3802 4233 3851 4283 iu

2266 4346 2409 4400 pace,
2434 4329 2555 4399 quia
2585 4328 2815 4381 viderunt
2844 4327 2982 4381 oculi
3012 4328 3109 4381 mei
3146 4325 3372 4380 salutare
3400 4338 3551 4380 tuam
3591 4328 3748 4395 (Luc.
3772 4330 3851 4395 ii).

2270 4421 2348 4475 Illi
2388 4422 2549 4476 etiam
2583 4429 2830 4489 parentes
2873 4418 3092 4474 Joannis
3141 4418 3431 4473 Zacharias
3476 4418 3547 4474 et'
3579 4419 3854 4473 Eliz:-beth

577 4499 1070 4607 semineprocessit
1100 4502 1213 4568 ipse
1259 4504 1342 4556 cui
1390 4503 1475 4559 lex
1516 4515 1571 4559 et
1602 4508 1873 4577 prophetas
1916 4512 2158 4566 testinio-
2192 4548 2240 4607 Β
2263 4511 2487 4581 juvenes
2526 4511 2759 4577 steriles,
2789 4512 2840 4564 in
2870 4520 3145 4565 senectute
3194 4510 3432 4576 fecundi,
3464 4510 3652 4565 dicant
3696 4512 3856 4565 etiarn

575 4588 721 4639 nium
751 4587 951 4654 dicunt,
998 4590 1139 4644 dicat
1180 4602 1233 4647 et
1275 4593 1390 4659 ipse
1435 4596 1503 4649 de
1546 4596 1780 4652 Christo.
1832 4601 2155 4671 Adorabunt,

578 4689 770 4745 inquit,
803 4696 915 4733 eum
946 4698 1117 4735 omnes
1146 4699 1285 4755 reges
1315 4697 1479 4754 teme,
1524 4705 1695 4744 omnes
1726 4702 1899 4763 gentes
1939 4698 2161 4752 servient

574 4773 661 4826 illi
692 4773 861 4843 (Psal.
889 4776 1057 4846 usi).
1087 4779 1177 4832 Cui
1203 4783 1480 4836 servient?
1510 4784 1620 4847 Dic,
1644 4788 1728 4839 cui
1757 4789 2038 4840 servient?
2071 4789 2187 4847 Vis.

577 4866 758 4920 audire
803 4868 886 4922 cui
930 4870 1209 4926 servient?
1258 4873 1399 4928 DiIit
1447 4874 1697 4931 Dominus
1747 4877 1970 4933 Domino
2014 4898 2149 4951 meo,

575 4955 710 5010 Sede
740 4975 770 5011 a
790 4961 981 5014 dextris
1008 4964 1148 5023 meis,
1191 4963 1350 5018 donec
1400 4982 1588 5035 ponam
1638 4969 1866 5023 inimicos
1898 4980 2014 5025 tuos
2040 4988 2154 5026 sca-

576 5052 763 5107 bellum
804 5059 985 5121 pedum
1024 5070 1228 5113 tuorum
1272 5058 1443 5129 (Psal.
1475 5062 1606 5129 Clit).
1655 5063 1970 5133 Expressius
1994 5076 2152 5136 atque

571 5150 917 5203 nominatim:
956 5150 1147 5218 Quare,
1198 5154 1386 5221 inquit,
1432 5156 1760 5208 luniulluatwe
1804 5166 1925 5211 sunt
1954 5168 2146 5227 gentes,

566 5250 615 5293 et
642 5243 813 5309 populi
847 5243 1069 5296 mditati
1094 5255 1208 5297 sunt
1232 5246 1449 5300 inania?
1496 5246 1776 5301 Astiterunt
1805 5266 1945 5320 reges
1978 5262 2143 5318 terrae,

566 5342 614 5387 et
643 5334 897 5401 principes
929 5349 1265 5391 convenerunt
1306 5340 1358 5392 in
1390 5356 1549 5393 unum
1601 5343 1843 5396 adversus
1876 5342 2148 5400 Dominum

569 5437 613 5478 et
643 5428 883 5479 adversus
910 5426 1166 5481 Christum
1210 5431 1317 5501 ejus
1350 5430 1518 5499 (Psal.
1555 5436 1635 5501 it).
1679 5434 1907 5489 Accedat
1937 5446 1989 5489 et
2013 5438 2150 5493 alius

572 5518 738 5574 tcsﬁs.
776 5518 866 5572 Div
888 5529 939 5571 et
964 5519 1207 5576 Habacnc
1233 5522 1491 5591 proidieta
1518 5526 1878 5581 tesdmonium
1907 5528 2145 5585 Christo.

574 5605 803 5672 Domine,
837 5613 1021 5678 inquit,
1056 5612 1224 5664 audivi
1253 5612 1482 5665 auditum
1515 5625 1678 5679 tuam,
1711 5630 1760 5671 et
1802 5620 1988 5674 timui:
2019 5637 2146 5675 con-

570 5696 786 5751 sidrrari
816 5717 968 5768 opera
1000 5710 1107 5765 tua,
1138 5712 1181 5755 et
1210 5707 1386 5773 ακμαυὸ
1424 5705 1649 5776 (liabuc.
1684 5715 1788 5777 ut).
1822 5712 1950 5778 Quae
1990 5726 2150 5780 Opera

574 5788 667 5844 Dei
696 5792 796 5846 iste
827 5796 1047 5849 miratus
1091 5796 1344 5865 expavit?
1380 5797 1624 5871 Nunquid
1674 5801 1932 5860 fabricam
1963 5807 2151 5864 mundi
2202 5794 2215 5811 ’

2274 4604 2378 4675 ipsi
2409 4603 2769 4659 testimonium
2797 4602 2865 4656 de
2893 4601 3127 4667 Christo,
3159 4603 3341 4658 dicant
3364 4604 3433 4657 de
3472 4603 3693 4658 Christo
3732 4603 3857 4672 quid

2271 4700 2525 4765 sentiant,
2559 4708 2613 4752 et
2637 4706 2827 4753 testem
2859 4698 3105 4753 idoneum
3147 4696 3362 4752 Christo
3392 4699 3655 4751 nutriant.
3701 4699 3861 4751 Aiunt

2269 4794 2411 4846 enim
2440 4806 2539 4845 suo
2571 4792 2794 4860 parvqu
2821 4800 2981 4847 nato:
3017 4791 3096 4846 Tu
3123 4809 3268 4863 puer,
3318 4794 3569 4864 propheta
3609 4793 3863 4847 Altissilu'

2266 4884 2540 4949 vocaberis,
2574 4885 2776 4955 prwibis
2801 4886 2936 4939 enim
2956 4894 3073 4938 ante
3101 4886 3280 4956 faciem
3309 4886 3515 4940 Domini
3540 4905 3730 4957 parare
3748 4894 3863 4943 rios

2264 4976 2375 5046 ejus
2405 4975 2554 5046 (Luc.
2589 4979 2646 5046 ι).
2686 4978 2891 5047 Ipsique
2919 4979 3075 5033 matri
3108 4987 3163 5033 et
3190 4980 3377 5048 virgini
3411 4982 3691 5036 Eliubeth
3740 4986 3815 5038 ait
3846 5005 3858 5037 :

2260 5065 2408 5121 Unde
2447 5069 2571 5121 mihi
2613 5069 2727 5132 hoc,
2759 5081 2813 5121 at
2858 5071 3022 5123 veniat
3048 5079 3209 5123 mater
3251 5070 3461 5126 Domini
3503 5075 3598 5128 mei
3634 5076 3709 5127 ad
3736 5078 3863 5131 me?

2256 5158 2387 5214 Ecce
2416 5163 2550 5214 enim
2576 5170 2629 5213 ut
2664 5161 2796 5213 facta
2822 5172 2894 5215 est
2920 5177 3018 5215 vos:
3044 5162 3371 5218 salutationis
3415 5175 3517 5218 tua:
3558 5166 3611 5219 in
3642 5168 3865 5222 auribus

2254 5255 2397 5319 meis,
2428 5254 2692 5308 exsultavit
2724 5257 2773 5309 in
2803 5257 2994 5327 gaudio
3018 5256 3185 5326 infans
3213 5257 3267 5310 in
3296 5266 3439 5311 utero
3469 5276 3580 5312 meo
3628 5259 3861 5331 (Ibit).

2256 5346 2559 5416 Intelligens
2582 5350 2721 5401 enim
2745 5347 2980 5403 Joannes
3008 5359 3233 5404 matrem
3267 5337 3475 5406 Doinini
3507 5356 3587 5406 sui
3636 5358 3863 5411 venisse

2255 5438 2322 5492 ad
2350 5454 2498 5493 suam
2542 5450 2785 5506 matrem,
2820 5442 2959 5498 inter
3004 5444 3145 5511 ipsas
3191 5445 3463 5513 angustias
3497 5447 3640 5501 uteri
3674 5448 3863 5505 adhuc

2259 5531 2485 5601 positus,
2515 5543 2659 5586 motu
2692 5535 2940 5590 salutavit
2967 5552 3123 5607 quem
3157 5554 3285 5594 voce
3326 5555 3431 5593 non
3465 5550 3702 5609 poterat.
3757 5544 3866 5609 Qui

2258 5634 2442 5693 postea
2484 5626 2597 5694 ipse
2626 5626 2862 5682 Joannes
2893 5622 3189 5698 praeursor
3215 5640 3269 5687 et
3304 5633 3506 5687 amicus
3535 5644 3591 5688 et
3632 5635 3867 5691 humilis

2257 5728 2308 5771 et
2338 5716 2678 5775 ﬁdelissimus
2725 5736 2938 5790 servus,
2989 5725 3141 5779 testis
3190 5726 3416 5782 idoneus
3466 5726 3673 5797 factus,
3706 5740 3867 5788 unto

2258 5808 2432 5878 major
2474 5811 2526 5866 iii
2568 5814 2706 5867 natis
2751 5814 3056 5885 mulierum,
3099 5803 3703 5886 quanto'testimabatur
3730 5838 3866 5880 esse
