4096 6346
294 432 434 488 1475

1260 411 1725 471 HOHlLlAlilUS.
1766 443 1837 455 —-
1865 412 2031 471 HOM.
2065 415 2153 470 DE
2191 414 2494 473 SANCTIS.

3424 427 3564 509 tt7s

292 546 434 617 quod
466 561 572 600 non
598 552 733 599 erat.
779 541 1049 597 Christum
1076 539 1215 593 enim
1245 553 1367 592 eum
1400 535 1563 590 Judzei
1606 549 1728 588 esse
1754 546 1871 586 cre-
1899 534 1946 589 Δ
1980 527 2319 592 illuminavit,
2364 536 2423 582 ut
2462 543 2582 584 cum
2616 529 2725 584 illic
2766 530 2905 596 apud
2940 542 2988 587 te
3018 533 3211 602 captivi
3256 545 3564 596 tenerentur

290 642 511 701 debaut,
539 639 631 693 sed
657 637 744 692 ille
772 652 831 691 se
859 652 962 690 non
994 649 1112 688 esse
1141 632 1422 698 clamabat,
1446 631 1631 685 dicens
1657 647 1668 682 :
1703 629 1871 695 Quem

292 749 380 789 me
422 745 543 787 esse
573 728 937 797 SttSpicamini,
988 742 1090 780 non
1122 740 1241 779 sum
1269 739 1389 794 ego,
1431 722 1524 775 sed
1569 736 1696 775 ecce
1725 718 1875 773 venit

294 833 412 894 post
442 838 544 889 me,
576 826 725 889 cuius
757 835 821 889 pe
844 820 979 875 libus
1023 836 1123 872 non
1150 834 1262 871 sum
1302 817 1491 885 dignus
1516 814 1711 869 solvere
1753 828 1871 867 cor-

292 917 476 988 rigiam
503 914 845 969 calceamenti
873 914 989 977 ejus
1017 911 1167 982 (Luc.
1201 910 1304 980 ιιι).
1351 910 1395 964 Ο
1437 910 1607 964 lidelis
1640 908 1792 963 testis
1820 916 1875 962 et

290 1008 459 1063 amice
490 1006 596 1062 veri
640 1006 844 1074 Sponsi,
886 1014 1084 1075 quanto
1115 1014 1167 1058 te
1196 1003 1556 1074 buutiliasses,
1581 999 1624 1054 si
1655 1002 1719 1055 ad
1752 1016 1875 1055 cor-

291 1102 479 1171 rigiam
512 1101 857 1155 calceamenti
904 1097 1019 1168 ejus
1053 1096 1364 1151 solvendam
1412 1097 1627 1164 dignum
1666 1092 1724 1149 te
1754 1106 1875 1149 esse

291 1195 539 1250 dixisses.
588 1195 691 1249 Sed
721 1194 845 1248 dum
875 1192 974 1246 hoc
1008 1202 1056 1246 te
1084 1207 1187 1246 non
1219 1191 1352 1245 dicis
1388 1190 1630 1261 dignum,
1672 1188 1875 1244 Judaeis

289 1287 438 1343 falsis
480 1286 704 1341 testibus
753 1284 1097 1340 contradicis.
1152 1284 1219 1338 Et
1270 1283 1383 1337 haec
1432 1293 1555 1337 ante
1584 1284 1721 1336 dicta
1750 1290 1874 1336 sunt

288 1395 445 1449 quam
470 1377 739 1433 Christum
765 1378 993 1440 videres,
1021 1376 1108 1445 qui
1132 1391 1251 1429 cum
1274 1376 1338 1429 ad
1363 1386 1412 1429 te
1440 1375 1582 1430 venit
1602 1375 1872 1439 excelsus,

292 1472 504 1526 humilis
536 1471 820 1539 implendas
859 1469 1274 1539 dispensationis
1304 1484 1415 1523 suae
1444 1470 1631 1536 gratia,
1668 1478 1722 1522 ut
1750 1483 1778 1521 a
1821 1477 1873 1523 te

289 1565 667 1633 baptizaretur,
698 1562 788 1631 qui
820 1563 1023 1615 nullum
1056 1562 1286 1615 habebat
1315 1562 1536 1616 omnino
1566 1569 1866 1630 peccatum,

290 1659 413 1727 qttid
446 1657 808 1725 responderis,
845 1672 1002 1726 quem
1052 1658 1388 1725 cognoveris,
1422 1659 1576 1727 quale
1626 1660 1870 1713 testimo-

292 1750 434 1802 nium
470 1749 771 1816 protuleris,
806 1748 1023 1801 audiant
1073 1749 1270 1803 inimici
1300 1750 1390 1819 qui
1432 1751 1616 1804 audire
1660 1751 1868 1807 nolunt.

288 1838 441 1904 Ecce,
467 1841 655 1910 inquit,
683 1843 859 1913 Agnus
891 1843 1000 1907 Dei,
1034 1862 1148 1900 erce
1178 1848 1263 1914 qui
1293 1847 1424 1899 tollit
1455 1854 1661 1914 peccata
1692 1848 1870 1901 mundi

291 1929 465 2002 (Joatt.
497 1934 553 2001 ι).
593 1934 656 1986 Et
698 1935 909 2002 adjecit,
946 1934 1023 1989 Tu
1052 1937 1120 1989 ad
1158 1953 1235 1991 me
1271 1939 1407 1991 venis
1437 1938 1727 2007 baptizari?
1758 1937 1868 2006 Ego

286 2036 317 2073 a
347 2032 393 2075 te
422 2022 578 2075 debeo
617 2024 866 2089 baptizari
911 2024 1124 2094 (Matth.
1162 2027 1266 2096 ιιι).
1297 2027 1523 2095 Agnovit
1552 2043 1740 2082 servus
1770 2027 1875 2082 Do-

289 2115 513 2177 minum,
543 2119 756 2183 agnovit
786 2119 1013 2172 vinculis
1044 2120 1551 2187 originalisrpeccati
1579 2120 1869 2183 obligatus,

286 2206 355 2257 ab
383 2206 531 2260 omni
563 2223 697 2261 nexu
744 2210 945 2278 peccati
989 2211 1234 2275 liberum,
1269 2212 1483 2280 agnovit
1516 2226 1690 2280 praeco
1730 2210 1871 2279 judi-

285 2310 437 2359 cem,
486 2299 702 2366 agnovit
757 2288 997 2354 creatura
1059 2302 1389 2368 Creatorem,
1448 2304 1663 2371 agnovit
1720 2316 1872 2369 para-

286 2391 554 2457 nyntphus
598 2407 870 2455 Sponsum.
919 2393 1049 2447 Nam
1098 2405 1151 2447 et
1197 2394 1311 2448 haec
1350 2411 1447 2448 vox
1497 2394 1717 2449 Joannis
1748 2406 1870 2449 est:

287 2482 388 2546 Qui
413 2482 555 2535 habet
581 2500 843 2552 sponsam,
871 2503 1082 2557 sponsus
1123 2496 1217 2542 est.
1250 2488 1455 2540 Amicus
1484 2501 1657 2540 autem
1694 2489 1869 2552 sponsi

281 2583 402 2639 stat,
445 2586 490 2627 et
536 2576 680 2629 audit
726 2594 862 2641 eum,
907 2587 953 2631 et
993 2580 1181 2648 gaudio
1229 2581 1414 2648 gaudet
1444 2587 1651 2649 propter
1698 2595 1867 2633 vocem

285 2668 461 2735 sponsi
510 2667 690 2737 (loan.
725 2670 829 2739 ιιι).
884 2670 1165 2725 Suffitiuut
1214 2671 1368 2725 vobis
1420 2671 1539 2736 ista,
1585 2690 1617 2727 ο
1670 2672 1862 2739 Judtei,

285 2759 560 2814 sulficiunt
601 2761 754 2816 vobis
804 2761 933 2815 tanti
981 2772 1144 2817 testes
1194 2772 1248 2817 et
1297 2763 1599 2818 testimonia
1634 2780 1708 2818 rex
1751 2764 1867 2831 lege

282 2862 484 2918 vestra,
515 2848 768 2923 ex'gente
808 2865 1003 2919 vestra,
1036 2871 1103 2909 an
1136 2855 1311 2910 adhuc
1350 2855 1673 2924 impudentia
1705 2856 1867 2911 nimia

284 2944 548 3000 audebitis
594 2945 776 3001 dicere
826 2947 965 3016 quod
1011 2946 1227 3002 alterius
1282 2948 1457 3015 gentis
1503 2949 1584 3002 vel
1634 2950 1867 3005 nationis

280 3034 529 3089 homines
583 3036 803 3092 Christo
858 3038 1058 3093 debent
1114 3040 1477 3094 testimonium
1534 3040 1868 3111 perbibere?

280 3128 387 3184 Sed
409 3130 453 3184 si
484 3130 583 3185 hoc
611 3130 804 3199 dicitis,
838 3134 1124 3201 respondet
1153 3134 1364 3203 quidem
1410 3134 1501 3189 ille
1528 3135 1702 3201 vobis,
1747 3134 1867 3188 Non

280 3238 395 3277 sum
422 3224 605 3278 missus
635 3225 731 3277 nisi
761 3225 827 3278 ad
870 3242 980 3279 oves
1024 3243 1139 3296 qua:
1179 3229 1433 3296 perierunt
1482 3230 1663 3297 domus
1694 3228 1865 3284 Israel
1889 3255 1938 3321 ο

278 3316 495 3385 (Matth.
529 3318 642 3389 xv).
674 3318 777 3374 Sed
822 3321 957 3375 sicut
987 3336 1083 3375 vos
1125 3322 1177 3375 in
1231 3324 1449 3376 Actibus
1495 3325 1861 3392 apostolorum

279 3410 515 3479 increpat
566 3411 777 3479 Paulus,
827 3412 1004 3481 Vobis,
1051 3414 1246 3484 inquit,
1299 3417 1520 3484 primum
1564 3426 1861 3483 oportuerat

276 3504 580 3557 annuntiare
616 3503 836 3559 Verbum
866 3504 981 3569 Dei,
1014 3507 1102 3560 sed
1130 3506 1250 3576 quia
1279 3510 1545 3579 expulistis
1574 3508 1725 3575 illud,
1771 3526 1861 3564 nec

275 3610 359 3646 ros
390 3597 569 3665 dignos
597 3598 709 3650 vita:
737 3606 940 3650 alterna:
978 3599 1273 3667 judicastis,
1326 3618 1455 3664 erce,
1511 3601 1699 3669 inquit,
1735 3618 1857 3656 con-

274 3688 511 3739 vertimus
558 3705 647 3740 nos
693 3688 758 3739 ad
806 3699 973 3757 gentes
1028 3690 1166 3759 (Aet.
1217 3692 1355 3758 χιιι).
1421 3693 1858 3748 Detnonstremus

271 3782 432 3831 etiam
476 3792 573 3831 nos
619 3794 683 3831 ex
729 3779 969 3846 gentibus
1017 3781 1379 3834 testimonium
1432 3782 1647 3835 Christo
1694 3784 1858 3837 fuisse

271 3872 557 3939 prolatum,
615 3873 863 3938 quoniam
919 3873 1126 3927 Veritas
1179 3891 1283 3928 non
1346 3876 1529 3942 tacuit,
1578 3878 1858 3932 clamando

271 3964 438 4018 etiam
466 3981 559 4031 per
582 3965 788 4035 linguas
812 3967 1147 4021 inimicorum
1172 3983 1409 4023 suorum.
1440 3971 1621 4024 Nonne
1644 3972 1856 4038 quando

268 4057 356 4111 ille
382 4066 532 4123 poeta
567 4058 996 4129 facundiSsimus,
1030 4063 1169 4117 inter
1218 4079 1310 4118 sua
1357 4064 1595 4118 carmina
1630 4062 1852 4133 (Virgil.

275 4151 454 4221 egloga
483 4150 586 4221 tv),
644 4182 649 4187 ο

414 4242 529 4298 Jam
562 4260 694 4300 nova
729 4247 1005 4318 pregenies
1027 4249 1167 4303 cmlo
1188 4248 1474 4304 dimittitur
1501 4249 1632 4315 alto,
1674 4292 1685 4309 .

266 4356 497 4425 dicebat,
524 4360 737 4415 Christo
765 4363 1125 4418 testimonium
1158 4366 1470 4432 perbibi-bal,
1495 4367 1516 4419 ?
1548 4367 1602 4420 ιιι
1630 4365 1846 4420 dubium

267 4447 367 4502 hoc
392 4451 592 4519 veniat,
629 4453 727 4506 nisi
760 4456 895 4509 alios
923 4472 985 4510 ex
1016 4458 1264 4526 gentibus
1294 4459 1514 4513 idoneos
1546 4468 1708 4513 testes
1734 4460 1853 4525 plu-

264 4554 430 4606 raque
461 4544 700 4598 dicentes
730 4548 780 4598 in
810 4548 1040 4601 medium
1074 4550 1433 4605 introducam.
1473 4553 1619 4605 lllutn
1670 4568 1848 4617 regem

212 4652 217 4657 τ
260 4632 349 4697 qui
380 4643 610 4688 vestram
654 4640 957 4706 superbiam
1009 4643 1327 4708 captivamlo
1372 4644 1692 4709 perdomuit,
1742 4642 1847 4696 Na-

261 4724 673 4782 buchodonosor
702 4746 878 4798 regem
924 4732 1125 4787 scilicet
1170 4735 1457 4805 Babylonis
1487 4754 1589 4789 non
1624 4746 1847 4803 praeter-

260 4820 486 4874 miltntn.
521 4822 631 4888 Dic,
676 4823 1191 4888 Nabuchotlmtosor,
1221 4828 1347 4896 quid
1382 4830 1430 4882 in
1465 4830 1702 4891 fornace,
1738 4846 1844 4898 quo

259 4918 368 4966 tres
411 4916 553 4969 viros
601 4916 776 4985 justus
827 4919 1023 4987 injuSIe
1074 4921 1393 4985 itumisetas,
1441 4925 1529 4978 dic
1576 4924 1701 4991 quid
1749 4924 1841 4977 tibi

255 5004 415 5058 fuerit
444 5008 757 5061 revelatum.
803 5008 1007 5074 Nonne,
1042 5012 1233 5077 inquit,
1264 5028 1364 5079 tres
1394 5032 1577 5085 pueros
1608 5017 1842 5073 misimus

250 5097 306 5149 in
340 5101 599 5165 fornacem
647 5102 877 5172 ligatos?
922 5104 983 5155 Et
1026 5105 1171 5158 aiunt
1213 5110 1285 5172 ei,
1340 5107 1493 5175 Vere,
1522 5127 1631 5165 rex.
1684 5112 1834 5183 Ecce,

254 5192 448 5260 inquit,
482 5211 574 5266 ego
605 5195 747 5248 video
786 5207 1007 5265 quatuor
1033 5198 1166 5252 viros
1196 5201 1388 5256 solutos
1429 5203 1847 5267 deatnhu'antes

249 5284 305 5337 in
329 5285 495 5338 medio
520 5289 674 5356 ignis,
703 5300 752 5342 et
775 5290 1046 5354 corruptio
1079 5292 1221 5344 nulla
1247 5303 1327 5347 est
1362 5296 1413 5346 in
1446 5298 1537 5358 eis.
1583 5307 1637 5351 et
1676 5312 1837 5366 aspe~

248 5392 370 5436 etus
400 5384 569 5453 quarti
609 5386 790 5438 similis
820 5394 901 5439 est
944 5384 1086 5439 Filio
1132 5385 1226 5439 Dei
1256 5387 1417 5454 (Dan.
1448 5394 1549 5459 ιιι).
1578 5390 1622 5443 Ο
1650 5393 1838 5446 alieni-

246 5492 411 5546 gena,
454 5478 591 5532 unde
625 5478 715 5533 tibi
763 5477 899 5534 hoc?
953 5479 1082 5546 Quis
1113 5480 1203 5534 tibi
1254 5485 1587 5537 annuntiavit
1641 5485 1835 5541 Filium

248 5569 392 5624 Dei?
416 5571 543 5637 Qum
576 5573 678 5638 lex,
705 5574 823 5641 quis
859 5573 1116 5642 propheta
1146 5576 1482 5630 annuntiavit
1517 5576 1608 5632 tibi
1640 5575 1834 5653 Filium

247 5661 345 5719 Dei
370 5665 394 5718 ‘I
415 5666 658 5721 Nondum
683 5667 1125 5737 quidemmundo
1165 5669 1423 5739 nascitur,
1453 5680 1508 5727 et
1545 5672 1835 5729 similitudo

243 5761 522 5815 nascentis
547 5776 577 5817 a
607 5771 658 5817 te
677 5763 1035 5833 cognoscitur.
1083 5760 1234 5819 Unde
1262 5763 1356 5819 tibi
1400 5764 1544 5820 hoc?
1568 5766 1697 5833 Quis
1738 5766 1834 5822 tibi

243 5846 390 5908 istud
421 5853 775 5924 annuntiavit,
807 5853 911 5912 nisi
935 5855 1062 5925 quia
1086 5857 1166 5913 sic
1187 5864 1239 5915 te
1279 5856 1417 5928 ignis
1439 5856 1650 5915 divinus
1690 5857 1835 5916 intus

1979 618 2173 674 inimici
2204 619 2396 685 Judaei,
2445 622 2524 676 sic
2569 622 2778 679 diceres
2821 625 3181 682 testimonium
3234 628 3370 686 Filio
3424 633 3563 689 Dei?

1975 709 2078 765 Sed
2110 712 2228 780 quia
2259 712 2311 765 in
2355 728 2442 766 ore
2487 714 2705 767 duorum
2741 716 2816 769 vel
2859 720 3013 770 trium
3058 721 3262 773 testium
3292 732 3391 777 stat
3416 741 3563 781 omne

1974 809 2197 874 verbum,
2226 809 2363 865 sicut
2413 812 2527 881 ipse
2580 810 2833 867 Dominus
2883 824 3117 869 vestram
3165 822 3557 876 contumaciam
3600 846 3605 849 <

1977 898 2276 975 conlutans,
2320 900 2373 952 in
2422 899 2554 969 lege,
2586 899 2773 970 inquit,
2822 912 2982 955 vestra
3020 906 3264 976 scriptum
3314 917 3387 962 est
3428 908 3563 976 quod

1976 972 2190 1042 duorum
2211 990 2477 1043 hominum
2514 991 2857 1045 testimonium
2896 1008 3067 1049 verum
3097 997 3163 1050 sit
3204 997 3383 1067 (Joau.
3412 1002 3556 1071 vnt),

1975 1078 2155 1149 etjam
2185 1095 2247 1134 ex
2278 1080 2526 1150 gentibus
2573 1084 2760 1137 tertius
2804 1085 2954 1139 testis
2994 1087 3383 1157 introducatur,
3417 1100 3476 1147 ut
3509 1093 3560 1147 ei

1977 1173 2335 1227 testimonium
2367 1174 2610 1228 veritatis
2640 1189 2705 1228 ex
2734 1177 2879 1229 omni
2922 1186 3067 1244 parte
3099 1182 3398 1235 roboretur.

2045 1264 2180 1331 Quid
2212 1264 2416 1335 Sibylla
2447 1265 2787 1321 vaticinando
2812 1268 2969 1323 etiam
3012 1269 3079 1324 de
3108 1268 3321 1328 Christo
3350 1275 3551 1331 clama-

1984 1358 2147 1425 verit,
2178 1357 2232 1412 in
2266 1358 2498 1413 medium
2531 1357 2884 1428 proferamus,
2908 1369 2967 1415 ut
2988 1377 3055 1417 ex
3084 1380 3186 1418 uno
3217 1364 3389 1435 lapide
3421 1378 3563 1424 utro-

1975 1467 2203 1521 rumque
2233 1452 2438 1506 frontes
2477 1455 2868 1521 percutiantur,
2909 1453 3215 1511 Judaeoruut
3247 1460 3448 1516 scilicet
3478 1471 3561 1516 at-

1978 1557 2083 1610 que
2113 1558 2462 1612 paganorum,
2488 1553 2649 1614 atque
2670 1559 2768 1599 suo
2788 1544 2987 1614 gladio,
3017 1548 3153 1601 sicut
3178 1548 3379 1617 Colias,
3412 1549 3559 1607 Cbri-

1971 1632 2039 1685 sti
2070 1647 2256 1687 onmes
2286 1635 2654 1701 percutiantur
2685 1634 2913 1689 inimici.
2948 1636 3145 1692 Audite
3174 1639 3299 1707 quid
3324 1640 3523 1697 dixerit
3556 1656 3563 1700 1

2043 1720 2234 1776 Judicii
2263 1723 2494 1796 signum,
2524 1723 2686 1778 tellus
2709 1726 2905 1781 sudore
2927 1727 3217 1784 madescet.
3585 1720 3597 1761 τ

2044 1812 2085 1867 Ε
2113 1816 2250 1869 coelo
2278 1830 2372 1869 rex
2402 1816 2650 1870 adveniet
2672 1831 2768 1886 per
2788 1821 2957 1871 saecla.
2978 1816 3209 1889 futurus,

2043 1902 2261 1958 Scilicet
2284 1905 2337 1958 itt
2368 1919 2531 1961 carne
2555 1921 2791 1976 praesens
2823 1918 2878 1962 ut
2902 1908 3105 1978 judicet
3129 1913 3335 1966 orbem.

2050 1999 2201 2053 Unde
2231 2000 2397 2054 Deum
2427 2011 2654 2056 cernent
2675 2001 2982 2060 incredulus
3002 2016 3161 2075 atque
3184 2008 3353 2063 lidelis

2044 2091 2257 2143 Celsum
2286 2106 2406 2145 cum
2438 2093 2661 2161 sanctis,
2696 2097 2792 2149 aevi
2819 2096 2927 2165 jam
2959 2098 3187 2154 termino
3219 2100 3268 2153 in
3295 2099 3431 2170 ipso.
3481 2085 3484 2088 ’

2042 2177 2133 2233 Stc
2160 2182 2352 2234 animae
2369 2198 2487 2235 cum
2518 2198 2681 2237 carne
2711 2188 2933 2241 aderunt
2968 2203 3102 2256 quas
3125 2188 3329 2257 judicat
3358 2192 3491 2258 ipse.

2041 2268 2171 2323 Cum
2197 2271 2337 2338 jacet
2360 2272 2589 2327 incultus
2619 2273 2803 2330 densis
2834 2278 2882 2328 in
2906 2277 3155 2346 vepribus
3183 2280 3350 2345 cibis,

2045 2359 2313 2428 llejtcient
2338 2364 2622 2419 simulacra
2654 2367 2775 2432 viri,
2808 2377 3053 2422 cunctam
3106 2385 3324 2440 quoque
3353 2386 3539 2440 gazam

2047 2450 2243 2504 Exuret
2267 2460 2437 2507 terras
2462 2456 2596 2523 ignis
2628 2467 2950 2526 pontumque
2979 2460 3265 2529 polumque

2040 2540 2342 2610 hiquirens,
2381 2548 2503 2600 tetri
2540 2557 2722 2614 pontas
2749 2549 2997 2620 ellringet
3026 2555 3242 2607 AVerni.

2041 2635 2359 2691 Sanctorum
2389 2639 2484 2693 sed
2514 2642 2654 2694 enim
2687 2652 2892 2697 cunctae
2926 2646 3017 2699 lux
3049 2645 3215 2701 libera
3244 2661 3391 2702 carnt

2038 2725 2323 2795 Tradetur,
2353 2738 2534 2784 sontes
2558 2746 2866 2803 aeternaque
2894 2736 3106 2789 flamma
3137 2741 3418 2794 cremabit.

2038 2818 2290 2874 Occultos
2319 2832 2471 2877 actus
2501 2833 2769 2894 relegens,
2802 2837 2928 2881 tunc
2957 2829 3185 2898 quisque
3216 2832 3466 2901 loquetur

2040 2910 2283 2977 Secreta,
2312 2922 2470 2982 atque
2512 2917 2650 2969 Deus
2679 2921 2938 2975 reserabit
2960 2933 3176 2990 pectora
3208 2925 3335 2978 luci.

2039 3002 2187 3056 Tunc
2214 3006 2316 3059 erit
2346 3016 2398 3058 et
2422 3007 2616 3073 luctus,
2644 3010 2946 3065 stridebunt
2975 3014 3221 3069 dentibus
3249 3030 3456 3073 omnes.

2041 3094 2278 3163 Eripitur
2307 3097 2437 3151 solis
2464 3099 2645 3168 jubar,
2682 3109 2739 3156 et
2767 3106 2961 3159 chorus
2991 3106 3172 3161 interit
3202 3109 3383 3165 astris.

2042 3184 2298 3241 Volvetur
2322 3189 2541 3256 cmlum,
2574 3191 2774 3247 lunaris
2799 3196 3052 3263 splendor
3081 3198 3271 3253 obibit.

2042 3275 2259 3346 Dejiciet
2288 3282 2474 3349 colles,
2505 3285 2671 3338 valles
2698 3286 2921 3341 extollet
2946 3289 3012 3342 ab
3036 3288 3165 3343 imo.

2038 3369 2153 3425 Non
2183 3374 2287 3427 erit
2319 3376 2369 3428 in
2403 3375 2562 3430 rebus
2595 3377 2869 3434 hominum
2902 3381 3129 3437 sublime
3158 3386 3241 3439 vel
3271 3385 3459 3442 altum.

2033 3462 2150 3518 Jam
2179 3477 2459 3535 aquantur
2486 3473 2689 3542 campis
2729 3483 2959 3538 montes,
2994 3486 3048 3529 et
3076 3478 3267 3531 merula
3301 3478 3450 3547 ponti

2032 3556 2222 3611 Omnia
2252 3562 2561 3628 cessabunt,
2602 3566 2756 3618 tellus
2787 3566 3064 3620 confracta
3096 3568 3313 3637 peribit.

2034 3646 2120 3700 Sit:
2154 3649 2351 3717 pariter
2381 3652 2555 3706 iantes
2584 3664 2879 3722 torrentur,
2915 3658 3244 3729 flmninaque
3274 3661 3399 3728 igni.

2032 3738 2097 3791 Et
2129 3741 2250 3793 tuba
2280 3750 2406 3798 tunc
2436 3745 2667 3799 sonitum
2701 3750 2904 3801 tristem
2933 3750 3175 3804 demittet
3202 3754 3267 3804 ab
3299 3756 3408 3806 alto

2032 3832 2194 3899 Urbe,
2229 3850 2447 3901 gemens
2480 3838 2684 3891 [acinus
2724 3843 2976 3894 miserum
3009 3843 3290 3911 variusque
3323 3845 3546 3900 labores.

2033 3922 2453 3995 'l'artart-umque
2484 3933 2647 3984 chaos
2702 3936 3021 3987 monstrabit
3070 3947 3208 3990 terra
3244 3937 3546 3991 dehiscens.

2031 4018 2095 4070 lit
2122 4034 2300 4071 coram
2336 4022 2421 4074 hic
2464 4022 2690 4079 Domino
2723 4041 2873 4095 reges
2906 4031 3167 4082 sistentur
3196 4030 3260 4083 ad
3293 4046 3477 4084 unum.

2031 4110 2247 4165 Deeidet
2276 4128 2306 4166 e
2325 4115 2462 4167 coelo
2486 4120 2723 4187 ignisque
2751 4130 2802 4173 et
2830 4120 3100 4186 sulphuris
3130 4121 3321 4175 omnis.

2029 4203 2152 4267 Hier
2196 4206 2263 4258 de
2308 4205 2501 4259 Christi
2545 4209 2835 4275 nativitate,
2893 4213 3142 4278 passione
3197 4224 3250 4267 et
3304 4228 3549 4270 resurre-

1890 4340 1891 4343 η
1957 4296 2155 4359 ctione,
2189 4306 2346 4365 atque
2376 4299 2611 4353 secundo
2640 4304 2753 4370 cjtts
2784 4304 3014 4356 adventu
3048 4305 3116 4357 ita
3150 4304 3288 4359 dicta
3313 4317 3459 4370 sunt,
3495 4318 3549 4361 ιιι

1955 4388 1999 4441 si
2031 4389 2148 4455 quis
2181 4390 2231 4441 in
2262 4390 2449 4445 Gueco
2480 4392 2648 4457 capita
2704 4398 2888 4448 borum
2924 4411 3177 4450 versuum
3228 4398 3546 4454 discernere

1958 4478 2208 4543 voluerit,
2261 4480 2496 4534 inveniat
2544 4482 2740 4545 Ἰησοῦς
2786 4488 3001 4558 Χριστὸς
3030 4484 3161 4547 ’Υιὸς
3191 4485 3320 4542 Θεοῦ
3349 4494 3544 4565 Σωτήρ.

1957 4569 2006 4622 id
2039 4582 2116 4624 est
2146 4571 2302 4625 Jesus
2334 4573 2582 4628 Christus
2613 4575 2775 4630 Filius
2807 4577 2898 4630 Dei
2932 4578 3198 4632 Salvator.
3231 4579 3382 4646 Quod
3412 4590 3465 4635 et
3498 4598 3547 4633 tu

1883 4630 1931 4690 θ
1960 4662 2203 4715 Latinum
2250 4664 2520 4717 trattslatis
2572 4667 2774 4720 eisdem
2826 4669 3070 4724 versibus
3117 4683 3357 4740 apparet,
3407 4688 3546 4741 pra:-

1955 4760 2197 4819 terquatn
2232 4754 2371 4820 quod
2422 4753 2728 4809 Cra-carum
2764 4758 3056 4813 litterarum
3107 4763 3409 4830 proprietas
3440 4776 3546 4817 non

1952 4844 2088 4897 adeo
2116 4845 2283 4911 potuit
2313 4846 2607 4900 observari.

2025 4935 2172 4988 Alios
2199 4951 2386 4991 versus
2411 4937 2700 5009 Sibyllinos
2732 4938 2930 4997 Christi
2977 4944 3278 5011 passionem
3307 4945 3546 5014 apertius

1949 5027 2401 5094 demonstrantes,
2445 5033 2799 5087 intentissime
2824 5034 3103 5088 audiamus
3133 5052 3145 5087 :

2024 5122 2077 5176 In
2107 5138 2294 5178 manus
2325 5124 2530 5193 iniquas
2555 5135 2609 5179 et
2639 5125 2931 5182 inﬁdelium
2964 5136 3146 5197 postea
3188 5128 3389 5187 veniet.

2025 5214 2234 5269 Dabunt
2267 5219 2372 5271 Deo
2400 5218 2580 5284 alapas
2613 5218 2854 5271 manibus
2888 5218 3123 5274 int-estis.

2016 5304 2081 5358 Et
2110 5308 2290 5359 oribus
2319 5308 2608 5361 immundis
2636 5320 2897 5379 exspuent
2917 5313 3116 5369 salivas
3137 5328 3454 5372 venenosas.

2020 5396 2171 5451 Dabit
2195 5407 2370 5453 autem
2397 5399 2447 5453 in
2476 5399 2695 5455 verbera
2728 5404 2949 5458 omnino
2978 5405 3235 5461 innocens
3262 5408 3502 5464 dorsum.

2018 5488 2082 5542 Et
2108 5488 2361 5556 colaphos
2385 5494 2652 5561 accipiens
2683 5498 2898 5562 tacebit,
2925 5513 2993 5554 ne
3022 5500 3141 5569 quis
3167 5513 3418 5571 agnoscat

2015 5579 2165 5645 Quod
2195 5581 2439 5645 verbum,
2471 5594 2525 5637 et
2556 5584 2697 5639 unde
2725 5588 2889 5653 venit,
2923 5600 2981 5644 ut
3004 5592 3226 5646 mortuis
3256 5593 3534 5663 loquatur.

2016 5670 2087 5725 Et
2111 5686 2365 5727 coronam
2386 5675 2615 5741 portabit
2645 5677 2906 5747 Spittc:tm,

2013 5765 2069 5820 In
2101 5765 2275 5821 cibum
2303 5776 2481 5823 autem
2520 5770 2611 5836 fel,
2644 5781 2693 5825 et
2727 5774 2776 5825 in
2804 5772 2945 5827 sitim
2974 5776 3497 5838 acetum‘deJcruut.

2015 5857 2452 5929 lnbospitalilatis
2480 5862 2616 5920 hanc
2646 5877 2878 5923 monstra
2890 5869 3013 5925 bant
3041 5882 3301 5929 mensam.
