4096 6346
570 353 707 415 “In
1451 349 1651 410 PAULI
1689 349 1958 408 DIACONI
1996 347 2141 406 OPP.

2246 347 2365 410 ARS
2405 347 2475 410 II.
2515 381 2586 397 -ι
2622 347 2978 410 ASCETICA.

2174 469 2226 526 Δ

641 472 753 540 Ipsa
780 467 922 523 enim
950 465 1131 536 stulta,
1163 467 1332 523 Deum
1366 478 1510 522 tuum
1540 481 1644 521 non
1673 465 1970 534 cognovisti

639 565 935 619 Ludeutem
965 563 1278 617 mortalibus
1307 563 1595 628 mentibus,
1632 561 1726 615 sed
1757 568 1811 615 et
1840 560 2008 628 spinis

643 656 920 710 Corona-ti
947 670 1168 718 corona,
1202 653 1580 720 horridamque
1613 650 1682 706 fel
1715 648 2002 706 miscuisti.

635 745 841 814 Templi
870 762 998 801 vero
1027 746 1202 799 velum
1234 745 1526 810 sciudetur,
1556 751 1612 799 et
1637 744 1724 797 die

638 839 802 892 Media
836 853 936 891 nux
966 837 1244 890 tenebrosa
1277 835 1434 888 nitnis
1455 834 1624 888 tribus
1652 830 1817 887 lioris.

641 929 706 982 Et
725 928 911 982 mortis
928 925 1088 979 fatum
1108 923 1251 980 ﬁniet
1269 924 1424 977 trium
1442 921 1645 976 dierum
1663 933 1854 976 somno
1873 927 2146 989 suscepto,

638 1017 703 1071 Et
735 1027 858 1070 tunc
878 1031 905 1068 a
938 1015 1160 1069 mortuis
1187 1021 1481 1084 regressus,
1513 1015 1562 1067 in
1598 1015 1767 1068 lucem
1801 1013 1971 1068 venit.

639 1109 846 1164 Primus
873 1107 1276 1163 resurrectionis
1299 1107 1506 1161 initium
1531 1113 1846 1175 provocatus
1880 1104 2144 1159 ostendit.

634 1200 808 1255 Credo
847 1199 959 1269 jam
1007 1213 1127 1261 vos,
1160 1213 1192 1252 ο
1220 1198 1417 1252 inimici
1463 1198 1654 1261 Judaei,
1705 1197 1871 1250 tantis
1924 1189 2148 1249 testibus

565 1293 642 1348 ita
671 1293 896 1346 obrutos
939 1292 1344 1361 confutalosque
1384 1305 1503 1345 esse
1549 1292 1659 1358 ipsa
1699 1289 1943 1353 veritate,
1975 1297 2032 1342 ut
2069 1286 2149 1340 ni-

566 1385 645 1439 hil
697 1385 834 1440 ultra
887 1399 1209 1456 repugnare,
1269 1382 1399 1438 nihil
1451 1397 1694 1454 quaerere
1749 1383 2014 1437 debeatis.
2069 1377 2147 1435 Tu

562 1485 762 1533 autem.

1136 1547 1412 1602 HOMILIA'
1447 1546 1582 1602 XIII.

869 1633 924 1674 IN
950 1633 1374 1673 ANNUNTIA'I'IONE
1405 1634 1594 1674 BEA'I'E
1625 1633 1826 1679 IAIIB.

952 1710 1050 1779 (Ex
1080 1711 1218 1778 Opp.
1247 1711 1414 1763 sancti
1447 1711 1776 1782 Augustini.)

3695 349 3723 406 l
3735 348 3849 406 I76

2771 460 3049 518 l-IOMILIA
3099 459 3290 516 XVIII;

2391 573 2458 612 DE
2494 571 2712 611 SAI'IC'I'IS
2753 571 2909 611 INFRA
2950 563 3145 610 PASCIIA
3187 567 3256 610 Ετ
3292 567 3696 612 remeassem.

2251 665 2354 736 (Es
2379 667 2517 723 beati
2552 666 2834 736 Augustini
2867 669 2916 718 in
2963 666 3186 722 Joannis
3229 665 3573 737 Evangelium
3621 667 3850 723 Tracta-

2785 769 2860 825 tu,
2891 767 3044 814 tract.
3073 757 3175 813 80-
3198 741 3316 828 8f.)

2320 847 2386 903 In
2417 847 2506 904 illo
2537 859 2762 921 tempore
2783 851 2912 904 dixit
2939 849 3092 905 Iesus
3121 851 3388 921 discipulis
3414 853 3524 905 suis
3538 868 3557 907 :
3588 851 3706 922 Ego
3731 869 3850 907 sum

2250 941 2364 994 uitis
2392 959 2528 1008 aera,
2560 953 2605 996 et
2644 939 2804 997 Pater
2837 960 2978 996 meus
3009 944 3240 1014 agricola
3266 953 3361 999 est.
3399 945 3614 1000 Omnem
3648 949 3852 1016 palmi-

2251 1042 2349 1086 tem
2397 1034 2448 1086 in
2495 1035 2573 1086 me
2627 1050 2726 1088 non
2780 1036 3025 1104 ferentem
3055 1036 3314 1105 fructum,
3367 1037 3508 1092 tollet
3551 1054 3688 1102 eum,
3742 1052 3847 1093 etc.

2252 1121 2437 1193 (.Joan.
2463 1124 2575 1194 xv).

2325 1205 2427 1268 Iste
2472 1215 2619 1270 locus
2669 1216 3032 1284 evangelicae,
3067 1215 3292 1283 fratres,
3321 1225 3426 1274 etc.
3480 1209 3704 1290 Reliqua
3738 1221 3854 1273 cide

2250 1307 2391 1373 apud
2413 1315 2640 1358 sanctum
2685 1306 3061 1374 Augustinum,
3101 1306 3332 1378 Operam
3379 1309 3489 1380 ejus
3532 1317 3672 1362 tomo
3723 1305 3848 1376 III,

2252 1391 2564 1467 PatroIOgiae
2589 1389 2824 1459 XXXV,
2859 1396 2958 1450 col.
3001 1395 3160 1452 1859.

2815 1510 3094 1565 HOMI'LIA
3137 1511 3280 1566 XIX.

2515 1617 2566 1656 IN
2605 1617 2799 1657 VIGIIJA
2838 1617 2995 1656 BEATI
3029 1618 3241 1657 IOANNIS
3278 1619 3573 1662 ΒΔΡτῐδτΒ.

2547 1714 2645 1786 (Ex
2677 1717 2814 1784 Opp.
2850 1730 2972 1769 ven.
3008 1715 3164 1769 Beda:
3196 1719 3537 1787 presbyteri.)

643 1798 812 1853 Adest
840 1799 1013 1864 nobis,
1045 1800 1397 1865 dilectissimi,
1444 1811 1656 1869 optatus
1683 1804 1824 1870 dies,
1856 1813 1961 1859 etc.
2007 1803 2147 1860 Reli-
2175 1826 2226 1890 Β
2322 1803 2446 1858 Fuit
2481 1805 2532 1858 in
2573 1805 2752 1860 diebus
2797 1805 3022 1860 Herodis
3058 1808 3191 1877 regis
3230 1807 3430 1864 Juda'ie
3457 1811 3698 1866 sacerdos
3729 1814 3846 1878 qui-

565 1905 669 1956 quo
714 1891 825 1942 vide
872 1891 1012 1958 apud
1059 1899 1287 1945 sam-tum
1341 1894 1702 1962 Augustinum,
1763 1894 1984 1964 Operam
2031 1901 2145 1969 ejus

564 1989 700 2035 tomo
738 1981 813 2050 V,.
837 1981 1148 2054 Patrologiai
1179 1982 1446 2048 XXXIX,
1479 1985 1581 2039 col.
1609 1985 1772 2043 2104.

1133 2096 1411 2150 HOSIILIA
1445 2096 1582 2150 XIV.

1030 2203 1156 2241 ΙτΕὶΙ
1189 2203 1254 2241 DE
1291 2203 1468 2243 εουεκ
1498 2203 1682 2244 ηδτο.

579 2277 677 2346 (Ex
705 2276 842 2331 beati
871 2279 1134 2332 Ambrosii
1170 2281 1218 2332 in
1249 2279 1593 2349 Evangeliqu
1626 2283 1920 2339 secundum
1949 2285 2147 2342 Lucam

1054 2355 1415 2417 expositione,
1449 2354 1537 2406 lib.
1572 2355 1658 2420 ti.)

640 2435 702 2487 In
731 2437 821 2489 illo
850 2447 1074 2508 tempore
1095 2441 1277 2493 missus
1315 2451 1390 2493 est
1413 2444 1625 2513 angelus
1668 2443 1878 2499 Gabriel
1905 2463 1936 2500 a
1963 2447 2069 2501 Deo
2094 2450 2148 2503 in

563 2527 812 2580 civitatem
855 2527 1107 2594 (inlitam,
1148 2534 1231 2584 cui
1261 2548 1444 2586 nomen
1485 2534 1766 2602 Νίκων-θυι,
1798 2539 1866 2591 ad
1903 2541 2147 2610 uirginem

563 2619 920 2690 desponsatam
957 2625 1062 2676 uiro
1110 2625 1191 2679 cui
1239 2641 1421 2678 nomen
1467 2637 1574 2681 erat
1621 2628 1836 2697 Ioseph;
1888 2631 1950 2684 de
1993 2633 2145 2686 domo

564 2712 752 2780 David,
783 2725 828 2768 et
851 2733 1033 2770 nomen
1073 2719 1284 2788 uirginis
1311 2720 1500 2785 Maria,
1533 2730 1634 2775 etc.
1669 2722 1822 2789 (Luc.
1855 2723 1918 2792 1).

638 2802 829 2859 Latent
865 2807 1074 2880 quidem
1106 2810 1280 2863 divina
1331 2815 1604 2881 mysteria,
1637 2823 1742 2870 etc.
1800 2815 2012 2882 Reliqua
2035 2817 2147 2871 vide

560 2899 701 2963 apud
747 2908 981 2954 sanctum
1038 2902 1378 2970 Ambrosium,
1442 2905 1668 2976 Operam
1715 2910 1834 2978 ejus
1881 2916 2018 2964 tonio
2055 2908 2142 2976 II,

563 2988 874 3061 Patrologite
900 2991 945 3045 Χ
969 2991 1028 3060 ν,
1056 2993 1157 3046 col.
1193 2992 1352 3048 I55I.

1130 3107 1406 3163 HOMILIA
1459 3109 1573 3166 XV.

912 3191 963 3231 III
1005 3193 1170 3231 FESTO
1208 3195 1432 3235 PHILIPPI
1478 3199 1544 3236 ετ
1581 3197 1785 3242 μοοιιι.

563 3265 663 3335 (Ex
696 3265 835 3320 beati
868 3268 1146 3334 Augustini
1175 3271 1472 3348 indoan‘nis
1494 3272 1834 3348 Evangelium
1861 3277 2134 3348 Tractatu,

1009 3348 1165 3391 tract.
1196 3340 1265 3392 67
1294 3371 1319 3380 -
1345 3343 1432 3406 08,
1464 3347 1700 3414 passim.)

632 3422 700 3477 In
748 3426 838 3477 illo
890 3436 1112 3496 tempore
1162 3430 1292 3482 dixit
1343 3429 1494 3486 Jesus
1529 3435 1796 3503 discipulis
1835 3439 1980 3492 suis:
2017 3439 2140 3494 Non

563 3520 796 3569 turbetur
827 3534 916 3570 cor
945 3530 1184 3574 vestrum.
1218 3522 1438 3576 Creditis
1467 3525 1518 3576 in
1549 3524 1747 3595 Deum,
1773 3540 1818 3582 et
1847 3531 1901 3583 in
1930 3547 2009 3585 me
2033 3548 2141 3586 cre-

559 3607 682 3661 dite.
713 3606 778 3660 In
811 3613 958 3663 domo
992 3609 1164 3666 Patris
1193 3615 1292 3666 mei
1323 3616 1609 3671 mansiones
1638 3621 1812 3676 mulae
1853 3635 1992 3688 sunt,
2035 3638 2137 3682 etc.

559 3696 737 3766 (Joan.
773 3699 906 3771 xw).

637 3792 897 3860 Erigenda
947 3802 1026 3846 est
1060 3794 1213 3850 nobis
1239 3837 1254 3860 ,
1305 3797 1515 3867 fratres,
1541 3803 1605 3856 ad
1645 3803 1812 3860 Deum
1855 3809 2027 3878 major
2055 3810 2138 3865 in-

561 3891 746 3944 tentio,
793 3894 896 3937 etc.
951 3885 1169 3955 Reliqua
1210 3890 1323 3944 vide
1381 3891 1606 3957 Operam
1653 3902 1812 3952 sancti
1869 3903 2142 3972 Augustini

557 3981 692 4026 tanta
740 3972 860 4038 III,
893 3975 1209 4047 Patrologiw
1238 3980 1394 4034 XXX
1415 3983 1476 4049 V,
1505 3988 1604 4040 col.
1637 3988 1794 4055 181'2.

1113 4091 1386 4148 IIOMILIA
1431 4096 1565 4151 XVI.

779 4174 831 4212 IN
865 4175 1033 4214 FESTO
1071 4178 1410 4221 INVEN'I'IONIS
1447 4185 1660 4226 SANCT£
1701 4190 1907 4232 CRUCIS.

788 4249 894 4319 (Ex
929 4253 1140 4318 eodem,
1167 4255 1290 4307 ibid.
1327 4266 1480 4311 tract.
1520 4265 1604 4325 ll,
1640 4281 1785 4318 ιιιιιιι.
1821 4267 1896 4334 5.)

627 4336 691 4390 In
710 4337 1040 4410 illotempore
1068 4356 1172 4396 erat
1201 4347 1351 4401 homo
1378 4366 1441 4403 ea;
1475 4350 1749 4408 Pharisa'is
1768 4396 1782 4418 ,
1825 4356 2138 4415 Nicodemus

549 4430 769 4493 nomine,
796 4435 1027 4504 princeps
1053 4435 1376 4493 Juda’orunt.
1445 4442 1548 4496 Hic
1575 4447 1706 4499 venit
1737 4450 1802 4501 (IlI
1831 4448 2006 4503 Jesum
2038 4469 2135 4506 no-

549 4527 648 4583 cte,
681 4529 727 4571 et
756 4523 875 4575 dicit
903 4525 948 4576 ei
975 4540 992 4576 :
1028 4525 1216 4594 Rabbi,
1252 4533 1438 4587 scimus
1476 4537 1594 4602 quia
1622 4553 1655 4590 a
1683 4538 1787 4592 Deo
1813 4543 1992 4596 venisti
2020 4560 2132 4597 ma—
2163 4568 2215 4628 ι)

549 4611 725 4678 gister,
756 4621 860 4664 etc.
897 4611 1078 4678 (Joan.
1111 4623 1214 4688 ιιι).

623 4702 942 4759 Nicodetnus
965 4723 1028 4761 ex
1063 4707 1145 4762 bis
1176 4723 1309 4778 erat,
1343 4715 1430 4784 qui
1457 4719 1797 4776 crediderant
1823 4724 1874 4778 in
1908 4729 2130 4784 nomine

548 4793 673 4850 Iesu
703 4838 716 4856 ,
769 4797 1012 4853 videntes
1061 4803 1210 4872 signa
1253 4816 1305 4859 et
1336 4811 1571 4880 prodigia
1596 4831 1714 4882 quae
1747 4817 1994 4884 faciebat,
2019 4829 2128 4875 etc.

547 4887 765 4960 Reliqua
807 4892 920 4945 vide
951 4903 1086 4948 tomo
1116 4906 1169 4949 ut
1197 4915 1376 4966 supra,
1410 4904 1507 4958 col.
1545 4906 1708 4962 H76.

1097 5012 1375 5068 HOMIIJA
1421 5017 1577 5072 XVII.

1081 5099 1147 5136 DE
1185 5100 1358 5142 EODEM
1398 5104 1585 5143 ηδτ-ο.

547 5169 646 5239 (Es
673 5171 811 5240 Opp.
852 5172 991 5227 beati
1023 5174 1241 5230 Joannis
1266 5176 1636 5251 Cltrysoslomi
1659 5225 1674 5246 ,
1708 5184 1848 5240 inter
1893 5191 2124 5264 spuria.)

616 5260 680 5313 In
702 5263 791 5315 illo
815 5274 1038 5334 tempore
1061 5280 1376 5322 accesserant
1407 5272 1474 5324 ad
1503 5271 1680 5326 Iesum
1720 5273 1972 5333 Plini-imi
2007 5260 2124 5335 ten;

543 5361 704 5409 tantes
730 5371 846 5408 eum
869 5369 916 5410 et
951 5358 1174 5414 dicentes
1206 5375 1225 5413 .°
1256 5363 1315 5416 Si
1346 5364 1462 5417 licet
1487 5364 1684 5420 homini
1712 5369 1966 5427 dimittere
1992 5391 2126 5430 uico-

543 5459 650 5499 rem
675 5463 819 5500 suam
849 5465 1142 5521 quacunque
1169 5470 1234 5507 ea:
1251 5457 1445 5511 causa?
1475 5468 1578 5513 etc.
1613 5459 1830 5531 (Matth.
1867 5469 2009 5536 xIx).

613 5539 799 5595 Justus
836 5543 1091 5600 Dominus
1133 5549 1372 5603 omnium
1400 5593 1416 5615 ,
1460 5553 1550 5621 qui
1600 5555 1676 5609 sic
1707 5559 1878 5628 diligit
1909 5561 2044 5618 alios
2069 5573 2124 5620 ut

543 5629 679 5685 alios
730 5650 832 5689 non
877 5646 1205 5692 contemnat.
1248 5640 1381 5696 Nam
1411 5647 1568 5710 sicut,
1601 5661 1705 5704 etc.
1766 5651 1983 5721 Reliqua
2011 5658 2123 5712 uide

543 5724 680 5790 apud
698 5737 930 5782 sanctum
952 5727 1391 5800 Chrysostomum,
1428 5737 1652 5807 Operam
1681 5746 1792 5814 ejus
1820 5745 1875 5800 in
1899 5747 2122 5803 editione

541 5823 716 5869 nostra
744 5827 877 5873 tomo
909 5819 1008 5892 νι,
1031 5823 1132 5878 col.
1166 5825 1292 5890 79$),
1326 5827 1423 5882 lin.
1455 5829 1544 5885 ‘21.

2255 1895 2372 1946 dam
2402 1895 2600 1948 nomine
2629 1894 2912 1950 Zacharias
2938 1937 2954 1962 ,
2986 1897 3051 1950 de
3081 1899 3187 1950 vice
3229 1900 3381 1969 Abiu,
3418 1911 3466 1954 et
3503 1918 3642 1955 uxor
3669 1903 3752 1956 illi
3786 1905 3848 1958 de

2253 1977 2490 2040 Filiabus
2513 1988 2706 2053 Aaron,
2731 1998 2776 2041 et
2799 2005 2982 2042 nomen
3004 1992 3116 2060 ejus
3150 1989 3436 2058 Elisabeth,
3458 2001 3565 2048 etc.
3593 1992 3750 2064 (Luc.
3783 1999 3844 2062 I).

2325 2078 2595 2133 Venturus
2624 2080 2674 2132 iu
2703 2093 2866 2134 carne
2899 2080 3158 2134 Dominus
3183 2093 3236 2135 et
3271 2082 3597 2150 Redemptm-
3635 2094 3843 2148 noster,

2251 2181 2357 2228 etc.
2409 2173 2627 2244 Reliqua
2673 2173 2784 2226 uide
2829 2173 2967 2241 apud
3015 2189 3127 2228 ven.
3191 2173 3406 2241 Bedam,
3458 2175 3688 2247 Operam
3740 2179 3847 2247 ejus

2253 2274 2386 2320 tomo
2423 2263 2491 2333 V,
2529 2263 2844 2336 Patrologiaz
2863 2262 2985 2319 XCI
3004 2263 3067 2332 V,
3099 2268 3200 2322 cal.
3225 2266 3351 2322 202.

2831 2377 3108 2432 HOMILIA
3152 2379 3272 2433 XX.

2422 2483 2476 2523 ιιι
2514 2484 2840 2524 IATIVITA‘T-E
2880 2484 3078 2524 SANC‘I‘I-
3105 2485 3320 2528 IOANNIS
3359 2485 3646 2528 κλίθητι.

2635 2580 2738 2645 (Es
2764 2580 2900 2648 Opp.
2934 2584 3110 2635 sancti
3134 2585 3472 2654 Augustini.)

2327 2669 2440 2725 Diei
2474 2671 2748 2725 hodiernae
2769 2673 3078 2727 soleuinitas
3107 2675 3402 2730 solemnem
3427 2678 3707 2732 desiderat
3729 2689 3842 2732 tan-

2251 2771 2298 2814 ta
2329 2763 2730 2827 exspectatione
2781 2777 3104 2834 sermonem,
3147 2776 3251 2821 etc.
3303 2767 3522 2838 Reliqua
3561 2771 3678 2825 uide
3710 2771 3845 2839 apud

2247 2861 2483 2904 sanetum
2515 2853 2880 2921 Augustinum,
2917 2856 3141 2924 Operam
3171 2859 3288 2927 ejus
3313 2868 3460 2914 tomo'
3495 2859 3557 2926 V,
3603 2858 3839 2914 Patrolo-

2248 2943 2348 3012 pia:
2371 2941 2530 2995 XXX
2545 2940 2712 3008 VIII,
2745 2943 2847 2999 col.
2877 2946 3032 2999 iam.

2813 3055 3090 3111 IIOMILIA
3126 3055 3268 3112 XXI.

2781 3161 2847 3202 DE
2889 3161 3063 3204 EODEII
3103 3163 3294 3206 FESTO.

2532 3259 2634 3329 (Ex
2669 3259 2806 3330 Opp.
2843 3262 2980 3315 beati
3013 3262 3229 3316 Maximi
3261 3263 3553 3332 ειιίςεορί.)

2317 3352 2724 3406 Solemuitatem
2775 3353 2928 3406 nobis
2982 3354 3319 3408 diversorum
3363 3367 3687 3428 martyrum.
3728 3368 3828 3414 etc.

2245 3439 2459 3508 Reliqua
2491 3444 2602 3496 vide
2644 3444 2775 3496 inter
2831 3442 3004 3512 Opera
3045 3444 3178 3498 beati
3219 3443 3440 3501 Maximi
3464 3492 3480 3515 ,
3528 3447 3836 3518 Patrologiae

2245 3544 2379 3587 tomo
2403 3534 2444 3588 L
2461 3533 2586 3600 VII,
2615 3538 2714 3592 col.
2745 3535 2867 3590 585.

2798 3655 3076 3712 IIOMILIA
3127 3655 3293 3711 XXII.

2778 3762 2848 3802 DE
2885 3765 3062 3804 EODEII
3105 3765 3292 3804 [θεῖτο.

2543 3857 2642 3928 (Es
2673 3859 2808 3927 Opp.
2845 3875 2965 3914 ven.
3007 3861 3166 3915 Bedes
3191 3861 3540 3932 presbyteri.)

2313 3947 2378 4002 In
2407 3949 2498 4001 illo
2528 3958 2755 4017 tempore
2793 3950 3058 4006 Elisabelh
3103 3953 3366 4022 impletum
3404 3967 3476 4007 est
3508 3966 3716 4020 tempus
3743 3972 3830 4024 po-

2241 4043 2428 4108 riendi,
2462 4052 2508 4094 et
2529 4043 2722 4112 peperit
2761 4044 2950 4110 filium.
2982 4044 3048 4097 Et
3071 4047 3344 4101 audiatmt
3374 4047 3530 4101 uicini
3558 4061 3606 4101 es
3635 4050 3835 4120 cognati

2241 4135 2374 4203 ejus,
2416 4133 2538 4200 quia
2565 4133 2910 4203 magniﬁcauit
2953 4133 3203 4189 Dominus
3241 4138 3651 4193 misericordiam
3693 4156 3832 4193 nam

2239 4239 2354 4276 cum
2383 4222 2496 4286 illa,
2525 4233 2570 4276 et
2596 4224 3091 4296 congratulabuntur
3120 4227 3189 4292 ei,
3215 4238 3322 4284 etc.
3351 4230 3502 4297 (Luc.
3530 4232 3593 4300 I).

2311 4315 2664 4368 I’ruecursoris
2725 4318 2936 4372 Domini
2978 4319 3260 4387 nativitas,
3312 4333 3416 4376 etc.
3469 4322 3696 4392 Reliqua
3724 4326 3832 4376 side

2239 4407 2378 4477 apud
2421 4425 2530 4462 ven.
2571 4408 2783 4476 Bedam,
2815 4411 3041 4480 Operam
3077 4415 3190 4484 ejus
3220 4425 3356 4469 tonso
3409 4415 3470 4484 ν,
3515 4415 3835 4488 Ραιτυιοςὶω

2238 4497 2442 4566 XCIV,
2471 4503 2569 4556 col.
2595 4504 2720 4558 210.

2779 4597 3053 4652 llOMILIA
3100 4577 3288 4656 xxiii.

2417 4702 2467 4741 IN
2510 4705 2704 4744 VIGILIA
2745 4706 3124 4746 APOSTOLOIIUI
3167 4709 3320 4748 PETRI
3357 4712 3426 4749 ΕΤ
3465 4712 3652 4751 PAULI.

2852 4807 2948 4872 (Ex
2978 4807 3218 4872 eodem.)

2311 4899 2376 4946 In
2407 4895 2496 4948 illo
2528 4905 2753 4960 tempore
2780 4898 2910 4950 dixit
2945 4895 3098 4950 Iesus
3131 4897 3284 4952 Puro
3309 4916 3328 4954 :
3361 4900 3546 4955 Simon
3581 4901 3830 4970 Joannis,

2239 4983 2411 5053 diligis
2441 5002 2517 5037 me
2556 4987 2668 5052 plus
2711 4988 2831 5041 his?
2865 4987 2998 5040 Dicit
3027 4993 3066 5040 ei
3094 5004 3111 5040 .'
3147 4989 3314 5043 Etiam
3345 4990 3595 5056 Domine,
3649 5008 3702 5046 tu
3731 4996 3834 5046 scis

2237 5075 2360 5145 quia
2387 5092 2501 5128 auio
2525 5088 2590 5143 te,
2622 5095 2723 5132 e.r.
2759 5078 2938 5145 (Ioan.
2973 5079 3090 5148 ult.)
3735 5073 3738 5075 λ

2309 5166 2568 5221 Virtutem
2601 5170 2752 5223 nobis
2799 5172 3050 5240 perfectae
3075 5173 3378 5231 dilectionis
3399 5217 3414 5243 ,
3447 5188 3556 5232 etc.
3604 5181 3836 5252 Reliqua

2231 5255 2345 5309 oide
2375 5267 2511 5312 tomo
2535 5270 2588 5311 at
2610 5276 2788 5330 supra,
2823 5264 2924 5320 col.
2954 5263 3082 5317 211.

2752 5375 3035 5432 HOMILIA
3103 5379 3289 5433 XXIV.

2462 5479 2514 5519 IN
2554 5481 2640 5520 ΜΒ
2678 5483 3058 5525 APOSTOLORUI
3098 5485 3258 5525 PETRI
3299 5487 3368 5526 ET
3407 5488 3586 5529 PAULI.

2575 5581 2676 5649 (Ex
2708 5583 2845 5650 Opp.
2879 5584 3016 5637 beati
3049 5584 3242 5639 Leonis
3273 5586 3466 5654 papa.)

2298 5666 2546 5723 Omnium
2570 5673 2781 5739 quidem
2798 5677 3194 5730 solemnitatuin
3225 5689 3559 5746 sanctarum,
3576 5679 3830 5739 dilectis-

2226 5757 2366 5825 simi,
2397 5767 2500 5816 etc.
2538 5761 2756 5833 Reliqua
2797 5769 2910 5820 vide
2936 5770 3076 5838 apud
3107 5779 3346 5824 sanctum
3377 5770 3598 5826 Leonem
3619 5816 3634 5838 ,
3682 5774 3830 5845 Ope-

2222 5854 2469 5924 mejus
2485 5863 2627 5909 tome
2644 5857 2697 5920 I,
2732 5856 3048 5930 Petreioque
3067 5859 3142 5914 LI
3159 5860 3219 5929 ν,
3251 5866 3352 5920 τοι.
3375 5862 3502 5918 422.
