4096 6346
317 362 432 424 ,477

832 477 1117 535 HOMILM
1164 477 1333 533 XXV.

827 587 894 626 DE
934 586 1108 625 EODEI
1150 586 1334 625 FESTO.

582 662 680 732 (Ex
711 661 849 731 Opp.
886 662 1022 715 beati
1059 661 1269 715 Maximi
1296 661 1582 731 episcopi.)

372 756 811 810 Beatissimorum
857 755 1219 823 apostolorum
1271 754 1411 808 Petri
1460 765 1517 809 et
1566 752 1881 818 Pauli,etc.

301 850 513 918 Reliqua
554 851 667 902 vide
702 851 834 903 inter
880 850 1051 917 Opera
1097 848 1229 903 beati
1272 849 1493 903 Maximi
1522 874 1537 915 ,
1570 848 1889 920 Patrofogiw

295 950 429 995 tauro
460 940 647 1007 LVII,
675 943 776 996 col.
811 940 944 996 597.

823 1051 1112 1107 HOMILIA
1156 1048 1349 1106 XXVI.

841 1159 892 1199 IN
933 1159 1108 1197 EODEM
1150 1158 1334 1197 πετο.

511 1237 618 1307 (Ex
646 1237 842 1291 Herico
870 1236 1324 1291 Antissiodorensi
1358 1235 1669 1305 monacho.)

367 1327 431 1381 In
455 1326 546 1381 illo
573 1335 799 1395 tempore
832 1326 970 1379 venit
1002 1323 1153 1378 Iesus
1193 1325 1245 1377 in
1280 1335 1445 1391 parte:
1482 1324 1728 1379 Cwsarete
1758 1322 1891 1377 Phi-

304 1420 475 1488 lippi,
530 1426 574 1471 et
606 1416 954 1485 interrogabat
996 1414 1273 1484 discipulos
1302 1431 1421 1469 suos
1440 1456 1454 1478 ,
1483 1416 1655 1467 dicens
1679 1431 1698 1469 :
1726 1414 1892 1479 Quem

301 1512 480 1565 dicunt
503 1508 733 1562 homines
751 1524 857 1561 esse
880 1506 1075 1561 Filium
1096 1507 1316 1560 hominis
1338 1508 1361 1560 ?
1383 1518 1488 1561 etc.
1519 1507 1733 1575 (Matth.
1754 1508 1889 1574 XVI).

382 1601 628 1655 Herodes
659 1600 850 1668 major,
884 1601 983 1653 sub
1013 1614 1117 1667 quo
1149 1597 1404 1651 Dominus
1428 1607 1583 1651 natus
1619 1608 1721 1665 est,
1752 1612 1885 1666 qua—

309 1704 430 1748 tuor
458 1693 686 1747 traditur
711 1693 848 1746 lilios
880 1678 1154 1755 habuisse,
1188 1688 1489 1757 Philippum
1524 1687 1767 1741 videlicet
1797 1688 1888 1755 qtti

302 1785 391 1839 hic
442 1793 916 1848 commemoratur,
965 1783 1183 1851 quique,
1220 1792 1275 1834 ut
1326 1780 1495 1834 Lucas
1525 1789 1706 1833 narrat
1738 1779 1886 1849 (Cap.

300 1882 404 1941 ut),
441 1876 539 1928 fuit
567 1877 834 1928 tetrarcha
874 1874 1060 1927 ltureze
1103 1882 1155 1927 et
1190 1870 1587 1925 Trachonitidis
1628 1869 1883 1938 regionis.

301 1966 621 2020 Archelaum
667 1979 879 2032 quoque
926 1972 979 2018 et
1027 1959 1309 2031 Lysaniam
1336 1999 1351 2024 ,
1404 1960 1496 2012 sed
1530 1967 1584 2013 et
1613 1958 1882 2012 Herodem

302 2060 403 2114 sub
454 2073 561 2128 quo
610 2072 797 2128 passus
845 2066 927 2113 est
980 2054 1253 2110 Dominus.
1318 2053 1593 2122 Philippus
1619 2066 1747 2122 ergo
1793 2050 1897 2105 iste

309 2147 578 2216 princeps,
610 2154 669 2201 ut
700 2154 1165 2215 praemonstratum
1188 2152 1293 2209 est,
1319 2151 1521 2213 quarta:
1551 2143 1717 2211 partis
1743 2140 1896 2212 regni

306 2238 649 2303 Judaeorum,
701 2238 753 2292 in
806 2238 1065 2291 honorem
1114 2235 1311 2289 Tiberii
1355 2234 1583 2288 Caesaris
1618 2233 1889 2287 civitatem

306 2332 491 2382 statuit
537 2328 602 2381 ad
654 2327 858 2381 radices
916 2326 1101 2381 Libani
1159 2324 1376 2387 montis,
1431 2323 1517 2377 ubi
1559 2322 1809 2377 Iordanis
1839 2322 1891 2375 in

314 2421 524 2475 duobus
555 2421 787 2474 fonti-bus
818 2421 1093 2485 exoritur,
1136 2432 1295 2487 quam
1329 2418 1628 2471 Casaream
1674 2414 1903 2483 Philippi

314 2512 369 2567 in
398 2511 713 2566 memoriam
767 2512 848 2565 sui
904 2511 1134 2565 nominis
1158 2554 1174 2577 ,
1210 2509 1511 2577 pariterque
1542 2511 1593 2561 in
1643 2508 1903 2561 honorem

317 2603 517 2657 Tiberii
567 2601 797 2657 Caesaris
862 2601 1118 2669 appellari
1167 2598 1480 2661 constituit,
1531 2611 1649 2665 quae
1696 2604 1900 2663 postea,

319 2697 549 2766 pristino
575 2708 674 2749 suo
712 2694 912 2747 amisso
942 2692 1221 2756 vocabulo,
1261 2690 1464 2743 Paneas
1513 2688 1653 2741 dicta
1694 2696 1775 2741 est
1806 2704 1817 2739 :
1851 2688 1905 2741 in

324 2803 425 2856 qua
455 2788 618 2841 etiam
648 2787 867 2840 civitate
902 2784 1115 2838 tradunt
1144 2782 1347 2851 antiqui
1388 2781 1602 2849 regibus
1638 2781 1906 2848 quondam

322 2882 520 2935 tributa
544 2880 894 2933 consuevisse
924 2876 1176 2946 persolvi.
1208 2876 1319 2929 Hoc
1350 2884 1528 2928 autem
1564 2874 1691 2927 fecit
1723 2872 1908 2927 favore

320 2973 483 3043 hujus
529 2973 754 3027 Caesaris
800 2972 866 3024 ad
918 2972 1269 3025 imitationem
1320 2968 1399 3022 sui
1442 2969 1606 3036 patris
1655 2966 1907 3032 Herodis,

317 3081 437 3135 qua;
470 3080 533 3119 ex
581 3064 795 3118 nomine
824 3066 1049 3118 Cmsaris
1082 3063 1347 3117 civitatem
1376 3063 1672 3116 Cmsnream
1707 3074 1911 3114 nuncu-
1940 3084 1943 3087 η

322 3159 503 3224 pavit,
561 3172 681 3226 quae
727 3164 881 3209 antea
927 3157 1111 3210 Turris
1144 3156 1407 3209 Stratonis
1452 3155 1761 3218 vocabatur,
1810 3154 1901 3223 qui

311 3249 472 3303 etiam
506 3259 659 3303 trans
688 3248 970 3301 Jordanem
1009 3248 1220 3301 Iliadem
1253 3248 1435 3300 urbem
1478 3248 1529 3299 itt
1577 3232 1895 3300 monumen-

315 3350 422 3395 tum
456 3342 578 3395 tiliae
609 3341 775 3410 ipsius
802 3340 1031 3397 Caesaris
1061 3340 1367 3395 condidisse
1401 3341 1450 3393 in
1485 3339 1721 3393 historiis
1749 3342 1894 3394 inve.

316 3433 476 3487 nitur.
525 3433 755 3489 Veniens
804 3448 935 3504 ergo
986 3434 1238 3487 Dominus
1294 3434 1343 3486 in
1406 3442 1586 3501 partes
1640 3433 1898 3487 Caesareae

316 3524 570 3595 Philippi,
603 3524 931 3593 discipulos,
981 3524 1132 3595 cujus
1176 3526 1313 3593 apud
1354 3527 1600 3579 homines
1629 3526 1899 3593 opinionis

323 3616 630 3683 haberetur,
675 3618 992 3685 inquirebat.
1035 3618 1099 3670 Et
1150 3617 1369 3684 pulchre
1416 3619 1547 3670 satis
1600 3620 1699 3670 hoc
1742 3630 1898 3685 quam

316 3709 545 3763 maxime
588 3708 670 3761 his
704 3711 752 3760 in
800 3708 1035 3774 partibus
1085 3722 1244 3775 agere
1284 3708 1444 3759 voluit
1481 3747 1495 3770 ,
1525 3718 1577 3759 ut
1611 3706 1696 3759 ubi
1727 3722 1901 3773 quein-

316 3798 440 3851 dam
479 3812 570 3850 rex
607 3807 859 3850 terrenus
882 3811 1102 3849 censum
1135 3796 1470 3849 tributarium
1517 3795 1733 3864 exigere
1772 3796 1904 3847 soli-

317 3900 401 3944 tus
429 3898 545 3943 erat
576 3904 607 3944 a
636 3890 734 3944 sibi
760 3888 1016 3955 subditis,
1064 3888 1132 3943 ibi
1166 3890 1385 3942 veniens
1425 3904 1515 3942 rex
1554 3887 1787 3941 caelestis
1817 3902 1902 3941 τες

314 3966 778 4050 (κίνει-ειέθηευῑη
831 3980 951 4035 ﬁdei
1002 3996 1030 4033 a
1074 3980 1348 4049 discipulis
1379 3982 1507 4034 suis.
1553 3981 1651 4036 Ubi
1695 3988 1893 4033 sancta:

318 4072 575 4127 Ecclesiae
622 4073 918 4126 rectoribus
960 4071 1192 4138 exempli
1250 4087 1489 4126 normam
1538 4071 1899 4139 prmsignavit,

319 4165 405 4233 qui
438 4165 608 4217 vicem
638 4162 838 4217 Christi
890 4163 943 4217 in
971 4162 1405 4217 administrandis
1433 4171 1623 4231 gerunt
1656 4161 1903 4230 negotiis,

319 4270 423 4325 quo
454 4255 555 4323 ipsi
584 4270 798 4324 quoque
838 4256 904 4309 ab
950 4255 1032 4308 his
1059 4270 1195 4322 quos
1234 4255 1354 4308 fidei
1399 4265 1453 4308 et
1480 4253 1906 4308 conversationis

323 4350 513 4403 merito
531 4349 779 4417 probatos
795 4348 1108 4402 familiarius
1132 4349 1342 4401 caeteris
1372 4346 1730 4415 colunt,cujus
1756 4345 1908 4399 fatuae

321 4440 459 4508 apud
488 4440 759 4507 subjectos
787 4443 895 4494 sint
930 4448 1324 4509 percontentur.
1392 4440 1459 4492 Et
1488 4440 1531 4492 si
1575 4438 1786 4505 quidem
1820 4439 1905 4489 di-

320 4549 452 4600 gnos
479 4549 537 4588 se
563 4534 810 4589 laudibus
841 4534 995 4588 fama:
1026 4548 1146 4588 esse
1183 4532 1665 4603 deprehenderint,
1705 4535 1791 4587 hei
1826 4544 1904 4585 to-

322 4633 434 4679 tum
480 4627 664 4694 gratia:
714 4628 1007 4693 deputent:
1068 4635 1122 4680 et
1173 4626 1307 4681 tales
1356 4640 1475 4682 esse
1533 4625 1718 4694 quales
1763 4624 1901 4677 fama

320 4721 553 4787 vulgavit
598 4721 867 4776 insutlent.
925 4722 981 4776 Si
1038 4737 1163 4775 vero
1211 4736 1367 4776 secus
1392 4735 1550 4789 quam
1587 4721 1742 4774 deerit
1775 4721 1900 4773 ferri

322 4812 390 4866 de
414 4826 474 4865 se
501 4813 867 4866 testimonium
903 4814 1193 4871 senserint.
1216 4815 1294 4867 sic
1319 4813 1449 4866 illud
1483 4812 1534 4866 in
1564 4812 1755 4875 seipsis
1785 4826 1906 4865 cor-

322 4906 517 4973 rigere,
552 4918 767 4978 tamque
809 4908 893 4973 pie
921 4917 974 4961 et
998 4909 1145 4974 juxta
1174 4908 1313 4975 quod
1346 4921 1499 4961 sacer
1529 4905 1901 4971 praecellentia:

322 5009 455 5048 orno
488 5000 740 5064 postulat,
771 4997 949 5051 vivere
978 4999 1258 5062 studeant,
1290 5006 1347 5051 ut
1384 5003 1562 5048 tantus
1585 4994 1635 5048 in
1667 4996 1743 5050 vis
1772 5010 1899 5050 sano

321 5085 523 5140 ctitatis
553 5089 804 5155 splendor
841 5089 1078 5150 eluceat,
1112 5088 1197 5155 qui
1228 5103 1439 5140 omnem
1478 5087 1752 5154 maliloqui
1794 5088 1905 5141 oris

325 5180 576 5233 nebulam
610 5188 801 5247 tergat.
838 5180 1142 5243 famamque
1179 5181 1243 5231 de
1270 5195 1327 5233 se
1358 5179 1568 5233 mentiri
1604 5180 1901 5247 prohibeat.

324 5272 409 5323 Ait
444 5274 585 5324 enim
617 5290 627 5324 :
664 5271 821 5337 Quem
843 5273 1023 5325 dicunt
1048 5272 1275 5326 homines
1297 5287 1401 5325 esse
1426 5268 1621 5323 Filium
1646 5270 1904 5325 hominis?

324 5363 437 5416 Non
472 5364 571 5418 hoc
600 5366 751 5434 quasi
784 5366 1013 5419 insciens
1048 5373 1404 5433 percontatur,
1457 5372 1703 5430 tanquam
1755 5362 1904 5429 igno-

324 5468 447 5507 rare
480 5457 707 5522 potuerit
736 5458 861 5525 qttid
912 5458 979 5509 de
1025 5471 1082 5507 se
1127 5455 1369 5507 homines
1401 5453 1680 5515 sentirent,
1723 5453 1815 5506 sed
1848 5461 1907 5509 ut

325 5544 725 5601 confessionem
758 5557 920 5603 rectae
956 5545 1076 5599 fidei
1110 5546 1319 5600 illorum
1351 5544 1509 5612 digna
1541 5545 1791 5598 mercede
1821 5560 1905 5599 re-

324 5651 674 5706 muneraret,
706 5649 762 5694 et
792 5640 1077 5708 populum,
1117 5633 1487 5691 traditionibus
1533 5636 1677 5691 falsis
1706 5638 1908 5693 scriba-

325 5742 443 5782 rum
474 5737 529 5783 et
550 5728 941 5786 Pharisaeorum
962 5738 1271 5799 corruptum
1290 5768 1305 5791 ,
1329 5727 1398 5782 ab
1417 5742 1601 5782 errore
1633 5730 1905 5785 liberaret.

322 5820 524 5877 Scribat
552 5836 784 5894 namque
803 5832 860 5880 et
887 5822 1168 5893 Phariszei,
1186 5822 1276 5894 qui
1296 5820 1353 5876 in
1372 5822 1572 5891 populo
1598 5821 1906 5901 Judaeorutn

1343 350 1805 420 Mthnms.
1832 392 1905 404 -
1933 358 2092 420 non.
2136 361 2229 419 ne
2256 356 2557 420 SANCTIS.

1910 482 1964 542 Α
1993 480 2195 535 honore
2221 494 2282 533 ac
2312 479 2571 549 sapientia
2590 479 2919 547 eminebant,
2950 481 3191 538 videntes
3222 499 3280 540 se
3309 501 3334 539 a
3367 489 3563 556 popqu

3424 366 3560 427 M78
3618 378 3625 379 ’

1988 571 2195 639 deseri,
2228 581 2280 625 et
2318 573 2597 626 Dominum
2630 572 2808 627 Jesum
2840 574 3107 629 Christum
3155 581 3302 645 sequi
3346 591 3566 649 propter

1985 666 2112 715 vitae
2181 664 2528 717 sanctitatem
2589 678 2650 717 ac
2722 664 3153 733 praedicationem
3210 671 3560 737 salutiferam,

1987 763 2149 822 atque
2195 754 2568 807 miraculorum
2616 756 2764 824 signa
2816 770 2933 822 quas
2982 758 3048 810 ab
3086 772 3149 809 eo
3194 762 3405 814 assidue
3450 762 3566 818 ﬁeri

1990 847 2300 911 cernebant,
2330 848 2449 900 zelo
2475 846 2618 899 ducti
2654 847 2955 901 invidebant
2987 849 3057 901 ei.
3116 848 3179 901 Et
3207 850 3333 904 licet
3364 852 3478 919 lege
3505 863 3559 908 et

1989 942 2271 1011 prophetis
2314 954 2421 1008 prae
2465 940 2675 994 caeteris
2716 940 2886 994 edocti
2914 980 2929 1005 ,
2974 941 3244 996 Christum
3270 944 3417 997 illum
3444 960 3565 1001 esse

1989 1032 2207 1095 scirent,
2243 1032 2491 1086 timentes
2518 1042 2693 1085 tamen
2724 1033 2943 1101 gloriam
2992 1033 3277 1087 humanam
3313 1035 3560 1103 perd‘ere,

1991 1126 2034 1177 si
2060 1123 2283 1193 populus
2328 1124 2624 1178 doctrinam
2676 1140 2861 1179 eorum
2926 1127 3200 1181 desereret
3256 1136 3313 1183 et
3359 1128 3569 1183 Domini

1993 1222 2255 1281 prmcepta
2286 1226 2623 1283 sequeretur,
2660 1216 2969 1270 laborabant
2995 1218 3182 1284 quibus
3222 1219 3392 1274 modis
3420 1230 3576 1289 pote—

1994 1314 2113 1360 rant
2140 1307 2301 1360 corda
2328 1307 2643 1374 populorum
2670 1308 3003 1369 subvertere.
3028 1325 3091 1363 ne
3118 1309 3386 1365 Christum
3426 1311 3573 1366 illum

1994 1400 2276 1454 crederent
2321 1401 2408 1467 qui
2459 1399 2512 1453 in
2567 1400 2681 1467 lege
2731 1410 2786 1455 et
2817 1403 3093 1470 prophetis
3126 1406 3366 1471 patrihus
3393 1422 3575 1462 eorum

1994 1492 2165 1546 fuerat
2190 1493 2569 1560 repromissus.
2615 1493 2766 1548 Unde
2796 1503 2851 1548 et
2885 1494 3053 1548 Judaei
3085 1511 3251 1565 usque
3284 1499 3442 1551 hodie
3463 1501 3577 1555 exi-

1996 1584 2214 1638 stimant
2256 1585 2533 1638 Dominum
2567 1585 2749 1640 Jesum
2777 1584 3051 1640 Christum
3083 1589 3307 1642 necdum
3350 1590 3400 1643 in
3436 1591 3576 1646 hunc

1997 1674 2249 1726 mundum
2280 1676 2516 1737 venisse,
2543 1676 2634 1729 sed
2659 1675 2834 1731 adhuc
2861 1686 3140 1731 venturum
3172 1693 3310 1733 esse.
3345 1681 3583 1737 Cernetis

2001 1778 2133 1832 ergo
2179 1764 2433 1818 Dominus
2478 1765 2774 1819 scribarum
2815 1776 2867 1821 et
2912 1767 3297 1821 Pharisaeorum
3342 1770 3581 1825 traditio-

1922 1834 1977 1894 Β
2003 1854 2160 1907 nibus
2192 1853 2402 1921 plebem
2447 1866 2752 1922 corruptam
2774 1895 2788 1917 ,
2835 1866 2889 1909 et
2915 1871 2973 1909 se
3014 1872 3118 1911 non
3145 1859 3414 1912 Christum
3446 1863 3579 1915 ξιτειί-

2000 1947 2132 1999 mari
2181 1960 2211 1999 a
2260 1946 2486 2015 populo,
2526 1946 2619 2001 sed
2655 1948 2828 2016 potius
2856 1950 3115 2004 Joannem
3145 1962 3235 2005 aut
3268 1953 3458 2015 Etiam,
3493 1965 3587 2009 aut

1999 2037 2288 2091 Jeremiam
2319 2080 2332 2102 ,
2392 2038 2562 2091 voluit
2619 2054 2712 2092 eos
2759 2041 2826 2091 ab
2860 2044 2961 2094 hoc
3008 2055 3192 2095 errore
3239 2044 3485 2108 liberare,
3534 2056 3588 2102 et

2003 2131 2209 2186 idcirco
2243 2134 2578 2201 interrogans
2609 2135 2832 2202 requirit
2860 2136 2986 2204 quid
3026 2136 3114 2189 alii
3149 2138 3215 2191 de
3243 2152 3302 2192 se
3328 2141 3584 2206 sentiant,

2005 2233 2079 2287 ut,
2119 2223 2378 2290 expositis
2424 2224 2653 2278 diversis
2689 2223 3021 2293 opinantium
3050 2229 3356 2293 erroribus,
3389 2232 3582 2299 proba-

2005 2322 2189 2366 rentur
2227 2314 2474 2381 discipuli
2516 2331 2622 2369 non
2666 2317 2734 2370 de
2764 2316 3014 2384 opinione
3042 2321 3245 2390 vulgari
3276 2326 3583 2392 percepisse

2005 2402 2283 2457 veritatem
2331 2418 2439 2457 sum
2480 2406 2868 2472 confessionis,
2912 2410 3005 2461 sed
3046 2411 3221 2477 potius
3267 2415 3593 2470 revelatione

2006 2492 2199 2547 divinat
2220 2495 2603 2562 inspirationis.
2636 2496 2722 2549 Ait
2747 2512 3014 2567 namque:
3047 2501 3207 2563 Quem
3234 2501 3410 2556 dicunt
3430 2505 3592 2559 homi-

2008 2601 2092 2638 nes
2122 2602 2228 2639 esse
2252 2586 2418 2653 ﬁlium
2448 2588 2710 2641 hominis?
2739 2589 3012 2656 Tanquam
3044 2591 3187 2645 dicat
3214 2608 3230 2646 :
3264 2594 3343 2647 Me
3370 2595 3459 2664 qui
3494 2595 3596 2649 Fi-

2008 2674 2108 2729 lius
2156 2677 2389 2729 hominis
2438 2680 2608 2742 dicor,
2655 2678 2756 2732 hoc
2787 2692 2868 2734 est
2893 2681 3031 2735 titius
3060 2682 3272 2751 Mariae,
3323 2700 3479 2752 quem
3508 2688 3593 2739 di-

2008 2777 2132 2821 cunt
2161 2767 2408 2823 homines
2436 2770 2592 2824 esse?
2622 2770 2731 2825 Nec
2760 2772 2835 2823 ait
2862 2789 2873 2823 :
2902 2786 3057 2841 quem
3086 2789 3172 2827 me
3205 2775 3387 2828 dicunt
3419 2778 3593 2829 homi-

2010 2874 2107 2936 nes
2133 2874 2274 2927 esse,
2311 2861 2404 2914 sed
2434 2861 2594 2915 filium
2623 2862 2888 2929 hominis;
2918 2879 2985 2918 ne
3010 2864 3273 2933 jactaoter
3317 2867 3589 2934 vulgarem

2010 2951 2330 3005 sententiam
2362 2952 2430 3005 de
2458 2967 2515 3005 se
2543 2953 2817 3019 requirere
2848 2954 3141 3009 videretur.
3190 2956 3381 3009 Filium
3411 2966 3588 3011 autem

2012 3044 2245 3096 hominis
2282 3046 2478 3113 saepius
2526 3059 2684 3113 quam
2738 3045 2927 3099 Filium
2986 3046 3078 3101 Dei
3105 3063 3163 3101 se
3190 3051 3590 3119 consuevitap-

2012 3134 2244 3202 pellare,
2273 3145 2329 3188 ut
2372 3149 2472 3189 nos
2514 3136 2582 3190 de
2616 3137 3015 3205 dispensatione
3046 3139 3391 3193 humanitatis
3430 3154 3586 3209 quam

1980 3228 2103 3297 'pro
2135 3228 2286 3282 nobis
2311 3228 2635 3296 assumpsit,
2682 3230 2986 3284 admoneat.
3066 3230 3377 3301 Ubicunque
3413 3247 3593 3294 autem

2002 3321 2056 3375 in
2107 3324 2274 3376 veteri
2328 3321 2670 3376 Testamento
2714 3323 2857 3378 ﬁlius
2907 3324 3139 3379 hominis
3187 3330 3443 3399 scriptum
3482 3344 3588 3399 est,

2002 3413 2188 3467 beatus
2233 3410 2595 3482 Hieronymus
2640 3412 2693 3465 in
2748 3412 2969 3468 Hebraeo
3003 3415 3169 3469 lilium
3205 3419 3373 3473 Adam
3408 3422 3590 3476 haberi

2004 3512 2250 3559 testatur.
2292 3504 2422 3559 Nam
2449 3514 2503 3559 et
2534 3507 2705 3559 Adam
2733 3505 2894 3559 homo
2921 3509 3322 3575 interpretatur.
3371 3512 3435 3565 Et
3473 3514 3592 3582 pul-

2002 3600 2135 3653 chre
2176 3598 2428 3653 homines
2458 3600 2690 3667 appellat
2717 3614 2809 3652 eos
2846 3602 2933 3667 qui
2978 3600 3046 3653 de
3074 3600 3185 3654 tilio
3211 3603 3442 3658 hominis
3470 3614 3588 3660 tan-

2007 3699 2114 3742 tum
2162 3689 2305 3755 loqui
2357 3700 2660 3754 noverant,
2710 3692 2813 3741 hoc
2847 3698 2966 3751 est,
3016 3689 3084 3743 de
3113 3691 3202 3745 lilii
3244 3695 3589 3764 immanitate,

2006 3796 2163 3850 quam
2196 3781 2368 3834 oculis
2399 3783 2717 3845 cernebant,
2753 3790 2812 3835 et
2851 3781 3063 3835 deitatis
3106 3785 3246 3840 illius
3277 3800 3468 3842 arcana
3503 3806 3593 3845 ne-

2006 3874 2265 3927 sciebant.
2313 3874 2566 3929 Homines
2614 3890 2842 3942 namque
2897 3886 3076 3941 eraut,
3124 3878 3171 3930 id
3203 3890 3315 3945 est,
3367 3882 3592 3939 humana

2008 3973 2211 4018 tantum
2245 3965 2313 4018 de
2342 3981 2406 4018 eo
2439 3966 2740 4033 sepiebant.
2797 3966 2896 4031 Qui
2933 3982 3057 4020 vero
3089 3968 3155 4022 de
3186 3970 3325 4024 Filio
3359 3972 3449 4025 Dei
3479 3974 3589 4041 jam

2010 4058 2149 4125 loqui
2184 4057 2509 4123 didicerunt,
2538 4073 2641 4112 non
2665 4057 2777 4127 jam
2805 4058 3072 4126 homines,
3107 4062 3199 4115 sed
3232 4062 3303 4116 dii
3337 4067 3588 4133 appellari

2011 4159 2305 4214 uterentur,
2336 4150 2529 4219 quales
2566 4154 2922 4205 erantsancti
2956 4155 3205 4219 apostoli,
3233 4158 3318 4223 qui
3343 4156 3450 4224 jam
3475 4157 3593 4224 Spi-

2010 4243 2143 4295 ritus
2165 4242 2330 4295 saneti
2360 4240 2675 4312 magisterio
2703 4242 2876 4296 edocti
2895 4282 2910 4308 ,
2965 4259 3070 4297 non
3104 4246 3276 4297 solum
3304 4247 3467 4300 filium
3500 4251 3594 4303 ho-

2011 4337 2169 4392 minis
2199 4337 2507 4401 Christum,
2540 4353 2725 4391 verum
2757 4340 2919 4391 etiam
2955 4340 3465 4395 consubstantialem
3496 4342 3589 4397 Dei

2015 4431 2185 4484 Patris
2210 4431 2401 4484 Filium
2431 4430 2578 4485 illum
2604 4446 2724 4485 esse
2752 4431 3051 4501 intelligere
3080 4447 3406 4489 meruerunt.
3439 4436 3589 4492 Unde
3630 4434 3635 4440 ’

2015 4534 2063 4576 et
2121 4526 2412 4591 praemissis
2475 4524 2634 4603 variis
2694 4524 2981 4578 hominum
3020 4526 3389 4595 opinionibus,
3451 4529 3592 4584 illico

2010 4618 2281 4686 apostolos
2309 4633 2466 4687 quem
2490 4633 2549 4671 se
2578 4631 2697 4671 esse
2727 4617 2969 4672 dicereut
3002 4620 3327 4688 sciscitatur,
3363 4638 3456 4690 per
3490 4623 3590 4677 hoc

2012 4725 2105 4763 eos
2141 4726 2169 4763 a
2199 4722 2513 4763 caeterorum
2559 4709 2835 4764 hominum
2885 4714 3230 4779 generalitate
3276 4714 3588 4771 discernens

2010 4811 2168 4872 atque
2197 4804 2485 4872 singularis
2527 4804 2807 4873 privilegio
2847 4805 3083 4857 scientiae
3112 4820 3268 4873 supra
3303 4808 3581 4859 humanam

2011 4893 2387 4949 demonstrans
2418 4909 2539 4949 esse
2573 4906 2837 4949 naturam.
2889 4896 3057 4963 Quam
3098 4897 3321 4949 formam
3366 4898 3591 4951 interro-

2009 4988 2239 5053 gationis
2266 4989 2427 5042 etiam
2456 4987 2705 5043 doctores
2742 4989 2996 5042 Ecclesia:
3027 4989 3313 5043 observare
3358 5000 3589 5057 oportet.
3677 4974 3688 4986 ’

2010 5077 2141 5131 Nam
2190 5090 2241 5131 et
2293 5080 2392 5146 ipsi
2443 5082 2755 5148 perquirere
2803 5080 2995 5133 debent
3049 5080 3218 5133 aisnis
3242 5081 3495 5150 subjectis
3524 5083 3590 5138 de

2011 5169 2151 5223 fama
2175 5171 2256 5223 sui
2290 5172 2558 5235 nominis,
2586 5172 2756 5237 qualis
2788 5172 2927 5240 apud
2962 5172 3206 5238 vulgares
3236 5184 3287 5227 et
3318 5177 3588 5231 extrinse-

2011 5274 2105 5313 cus
2156 5260 2434 5323 habeatur,
2486 5269 2542 5313 ut
2595 5262 2887 5316 secundum
2938 5263 3077 5331 quod
3110 5263 3177 5317 de
3218 5278 3278 5318 se
3303 5266 3589 5333 audierint,

2014 5352 2255 5417 proprios
2282 5366 2457 5404 mores
2506 5352 2773 5422 corrigere
2801 5364 2857 5408 et
2889 5354 3097 5423 seipsos
3131 5360 3421 5414 modestius
3460 5376 3592 5416 cun-

2012 5443 2112 5497 ctis
2167 5442 2418 5496 studeant
2474 5445 2832 5501 conformare.
2905 5451 2973 5502 At
3020 5448 3094 5503 illi
3140 5452 3387 5507 dixerunt
3428 5471 3440 5505 :
3486 5450 3605 5507 Atii'

2010 5534 2266 5589 Joannem
2292 5533 2577 5605 Baptistam
2599 5580 2614 5603 ,
2646 5540 2737 5591 alii
2767 5550 2934 5593 autem
2960 5541 3132 5595 Etiam
3151 5588 3163 5609 ,
3188 5544 3421 5599 alii-vero
3446 5544 3594 5600 lere;

2014 5629 2168 5680 titiam
2192 5667 2209 5691 ,
2252 5638 2343 5680 aut
2380 5643 2537 5680 unum
2562 5644 2624 5682 ea:
2650 5630 2934 5700 prophetis.
2974 5631 3345 5688 Necessarium
3376 5651 3481 5691 non
3511 5642 3605 5693 est

2015 5723 2101 5777 hic
2127 5737 2319 5777 causas
2350 5738 2591 5777 errorum
2617 5724 2911 5794 vulgarium
2946 5728 3236 5797 inquirere,
3259 5744 3354 5785 cur
3384 5730 3589 5786 scilicet

2015 5815 2284 5872 Christum
2302 5815 2604 5884 animiam,
2620 5816 2712 5872 alii
2729 5816 3015 5889 Joannem,
3035 5820 3124 5876 alii
3150 5829 3471 5893 putaverunt
3495 5823 3588 5881 te.
