4096 6346
513 355 650 415 N79

1409 349 1609 410 PAULI
1651 348 1922 408 DIACONI
1957 348 2113 406 ore.
2152 348 2329 406 situs
2367 348 2433 406 ιι.
2472 377 2543 391 -
2580 326 2940 405 Αεοετιοιιὶ

3644 345 3797 402 1481)

511 468 890 533 remiam,cum
913 463 989 518 sic
1012 464 1256 519 inlideles
1277 462 1330 518 in
1356 463 1471 519 Elia
1499 474 1555 519 et
1583 464 1634 517 in
1662 462 1891 518 Jeretnia
1914 476 2096 516 errare
2126 461 2179 523 Α
2202 459 2270 515 de
2297 450 2513 516 Christo
2547 461 2818 530 quomodo
2856 473 2924 513 ex
2951 456 3048 512 Dei
3083 456 3258 513 Patris
3298 454 3604 512 substantia
3634 468 3802 515 natus

523 556 829 627 potuerint,
866 558 1135 627 quomodo
1184 556 1419 610 llerodes
1452 555 1504 607 in
1537 554 1743 608 Joanne
1771 555 1989 619 erravit,
2020 551 2099 606 di-

514 663 683 705 cens:
734 649 895 716 Quem
939 663 1030 720 ego
1076 649 1319 702 decollari
1365 646 1645 711 Joannem,
1691 646 1796 715 ipse
1820 645 2038 699 surrexit
2068 661 2100 696 a

513 742 727 796 mortuis
751 783 764 807 ,
816 751 861 795 et
906 742 1022 795 ideo
1066 743 1270 794 virtutes
1300 750 1576 810 aperantur
1597 741 1649 793 in
1678 756 1734 793 eo
1767 736 1964 810 (Marc.
2000 735 2096 806 vi).

514 833 663 889 Sicut
693 834 835 888 enim
886 834 1128 890 Herodes
1173 833 1447 889 Christum
1497 832 1751 887 miracula
1793 832 2095 895 iacientem,

514 923 777 980 Joannem
832 941 990 992 quem
1058 926 1174 995 ipse
1225 925 1583 979 decollaverat
1629 938 1748 979 esse
1815 924 2100 977 arbitratus

513 1025 616 1081 est,
647 1018 724 1071 sic
753 1018 1005 1079 nimirum
1039 1018 1225 1088 vulgus
1252 1017 1525 1071 indoctum
1551 1016 1797 1072 eumdem
1827 1015 2098 1068 Christum

514 1110 685 1165 Eliam
739 1110 823 1164 vel
879 1109 1168 1165 Jeremiam
1217 1126 1338 1166 esse
1386 1110 1633 1177 putavit,
1688 1124 1914 1179 quorum
1966 1107 2100 1161 alter

515 1215 699 1271 raptus
727 1204 778 1256 in
807 1205 999 1267 caelum
1027 1202 1243 1272 legitur,
1275 1202 1497 1256 alterius
1528 1214 1655 1255 vero
1697 1213 1841 1254 mors
1868 1200 1918 1252 in
1963 1198 2103 1253 Scri-

514 1302 667 1362 ptura
719 1293 975 1347 canonica
1025 1303 1209 1360 aperte
1255 1300 1604 1347 memoratur.
1665 1288 1772 1345 Sed
1802 1289 1968 1357 quaeri
2001 1304 2098 1357 po-

514 1391 619 1438 test
666 1397 828 1452 quare
876 1382 1130 1437 Dominus
1178 1382 1338 1437 Jesus
1390 1382 1635 1435 Christus
1666 1382 1733 1433 ab
1766 1378 1979 1434 Herode
2011 1380 2098 1434 vel

514 1489 542 1528 a
572 1475 763 1542 populo
786 1471 1022 1527 Joannes
1048 1474 1117 1527 sit
1141 1476 1438 1528 aestimatus
1459 1514 1475 1539 ,
1519 1488 1640 1527 cum
1670 1472 1905 1527 Joannes
1940 1471 2100 1525 nullis

517 1569 894 1624 miraculorum
926 1567 1185 1623 claruerit
1210 1567 1408 1637 signis,
1438 1565 1690 1624 Christus
1717 1575 1893 1620 autem
1926 1566 2099 1620 maxi-

515 1678 599 1716 ma
632 1676 694 1716 ac
728 1665 993 1731 praecipua
1025 1662 1316 1731 patraverit
1345 1659 1516 1730 signa.
1559 1660 1826 1728 Leprosos
1864 1674 2097 1725 namque

515 1753 831 1818 tnundabat,
856 1768 1027 1807 οπεος
1061 1752 1420 1816 illuminabat,
1457 1752 1731 1806 dinllltmes
1758 1750 1824 1805 ab
1852 1750 2093 1805 obsessis

2202 555 2292 620 sit,
2326 569 2444 608 cum
2477 556 2698 625 gignens
2738 556 2856 607 sine
2883 568 2948 607 eo
2991 552 3082 622 qtti
3123 552 3337 621 genitus
3366 561 3470 619 est,
3505 568 3787 621 nunquam

2202 645 2362 699 fuerit
2391 664 2402 699 :
2445 647 2524 700 vel
2551 646 2820 716 quomodo
2848 644 2915 698 de
2953 644 3141 698 matris
3185 644 3405 715 virginis
3440 653 3595 700 utero
3631 644 3803 702 homo

2199 736 2372 792 factus
2398 738 2629 803 exierit,
2666 748 2721 792 et
2748 748 2971 792 matrem
3016 737 3275 805 integram
3312 739 3803 809 intetnerataanue

2201 829 2500 896 reliquerit,
2527 844 2696 899 quare
2745 830 2860 884 haec
2891 840 2946 884 et
2975 830 3025 882 id
3052 832 3264 899 generis
3296 831 3445 899 plura
3476 833 3543 885 de
3572 833 3798 888 Christo

2200 937 2529 990 quaeramus,
2560 937 2681 976 cum
2714 923 2871 975 beato
2894 921 3055 976 Petro
3085 932 3288 975 tantum
3317 923 3538 977 credere
3568 924 3805 980 suﬂ‘ece-

2202 1014 2294 1075 rit,
2327 1015 2466 1082 quod
2492 1014 2605 1085 ipse
2639 1023 2783 1069 esset
2813 1013 3061 1068 Christus
3094 1015 3255 1081 Filius
3288 1015 3379 1069 Dei
3409 1019 3509 1070 vivi
3534 1017 3558 1068 ?
3579 1018 3716 1071 Νςιιιι
3747 1028 3807 1073 et

2201 1104 2389 1158 beatus
2415 1104 2610 1159 Paulus
2635 1106 2706 1159 nil
2736 1104 2877 1158 aliud
2903 1121 2961 1158 se
2977 1106 3115 1160 scire
3137 1106 3391 1174 judicavit
3416 1109 3510 1162 nisi
3533 1108 3807 1164 Christum

2200 1197 2401 1263 Jesum,
2454 1209 2500 1252 et
2541 1198 2677 1252 hunc
2720 1199 3025 1266 cruciﬁxum
3073 1198 3127 1269 (Ι
3155 1200 3274 1254 Cor.
3309 1202 3390 1271 ιι).
3460 1201 3609 1258 Fidei
3643 1205 3808 1273 igitur

2199 1288 2517 1343 Christianae
2550 1290 2697 1357 linis,
2729 1290 2778 1344 itt
2812 1292 3149 1345 confessione
3178 1296 3505 1348 constitutus
3535 1305 3619 1350 est
3648 1297 3808 1351 libri-

2201 1380 2269 1435 sti
2297 1379 2417 1434 Filii
2447 1381 2559 1435 Dei.
2603 1381 2716 1435 Non
2749 1382 2962 1451 quidem
2996 1382 3119 1437 licet
3150 1385 3289 1438 scire
3310 1391 3582 1455 quomodo
3611 1390 3683 1442 sit
3704 1406 3807 1457 ge-

2203 1477 2365 1541 nitus,
2385 1476 2511 1530 licet
2528 1485 2703 1529 tamen
2732 1477 2953 1532 credere
2978 1480 3101 1546 quia
3126 1483 3197 1534 sit
3216 1483 3450 1549 genitus.
3473 1484 3579 1537 Sed
3609 1495 3663 1539 et
3696 1490 3803 1542 hoc

2202 1567 2516 1622 intuendum
2557 1569 2682 1637 quia
2712 1569 2959 1624 Christus
3003 1571 3075 1624 de
3124 1574 3233 1627 lilio
3284 1574 3517 1630 hominis
3569 1579 3803 1633 interro-

2199 1659 2361 1730 ςςινὶι,
2400 1661 2587 1716 Petrus
2637 1677 2763 1716 vero
2800 1662 2868 1716 de
2915 1662 3054 1717 Filio
3092 1664 3191 1720 Dei
3240 1670 3529 1735 respondit.
3574 1672 3805 1739 Oportet

2201 1753 2345 1806 enim
2377 1763 2522 1807 tanto
2549 1754 2718 1823 magis
2748 1754 3092 1812 divinitatem
3119 1757 3262 1812 illius
3294 1766 3533 1815 venerari
3558 1779 3586 1814 a
3617 1765 3801 1830 nobis,

515 1847 833 1914 Corporibus
882 1846 1230 1911 elintinabat,
1281 1845 1484 1900 claudis
1529 1853 1582 1898 et
1613 1845 1919 1915 paralyticis
1943 1858 2097 1911 gres-
2128 1822 2174 1884 Β
2202 1854 2401 1913 quanto
2432 1846 2544 1912 ip~e
2570 1822 2878 1901 humiliatus
2917 1865 2976 1904 se
3025 1851 3273 1904 suhtni~it
3303 1869 3398 1919 pro
3440 1857 3617 1908 nobis.
3682 1855 3801 1909 Jatn

514 1951 631 1992 sunt
662 1940 953 2004 reddebat,
1000 1949 1243 1993 mortuos
1290 1939 1619 1993 suscitabat:
1665 1937 1806 2007 quod
1834 1938 2093 1992 Joannem

515 2048 786 2101 nunquam
828 2033 1019 2087 iecisse
1073 2033 1441 2104 cognovimus.
1505 2033 1584 2087 Ad
1612 2031 1754 2101 quod
1782 2031 2093 2096 dicendum,

517 2124 636 2179 ideo
690 2127 755 2179 ab
789 2127 1035 2193 llerode,
1077 2128 1190 2181 sive
1231 2143 1259 2179 a
1292 2127 1490 2197 populo
1535 2126 1803 2181 Christum
1836 2126 2099 2180 Joannem

516 2218 768 2273 mstimari
803 2222 1076 2290 potuisse,
1121 2220 1213 2290 qui
1258 2235 1369 2290 post
1405 2222 1854 2275 resurrectionem
1887 2235 1916 2272 a
1949 2234 2096 2273 tuor-

519 2313 622 2367 tuis
651 2314 908 2367 miracula
939 2313 1115 2367 facere
1143 2314 1396 2382 potuerit,
1420 2314 1561 2379 quod
1593 2323 1717 2366 ante
1742 2328 1846 2365 non
1876 2312 2098 2377 fecerat,

514 2404 767 2472 quoniam
821 2402 1064 2455 eamdem
1120 2418 1278 2471 quam
1338 2412 1391 2457 et
1443 2418 1540 2457 nos
1593 2404 1658 2458 de
1704 2401 2098 2456 resurrectione

517 2503 848 2548 mortuorum
924 2494 1191 2548 habebant
1250 2496 1456 2563 tidem,
1525 2496 1806 2552 credentes
1852 2497 2100 2550 videlicet

517 2599 680 2655 opera
727 2594 1058 2639 mortuorum
1113 2596 1231 2653 post
1280 2590 1725 2642 resurrectionem
1763 2589 1979 2659 majoris
2022 2587 2097 2641 di-

519 2679 738 2747 gnitatis
768 2690 819 2733 et
849 2679 1032 2749 glorise
1065 2680 1236 2733 futura
1270 2695 1389 2735 esse
1428 2697 1584 2751 quam
1619 2684 1780 2751 prius.
1838 2682 2101 2738 Jeretnias

514 2778 692 2824 autem
720 2787 822 2825 non
857 2772 1129 2826 immerito
1156 2772 1403 2826 Christus
1429 2774 1634 2842 opinari
1670 2776 1858 2842 potuit,
1885 2785 2101 2844 propter

520 2865 735 2918 nimiam
767 2868 1104 2920 sanctitatem
1144 2881 1245 2936 qua
1292 2869 1343 2921 in
1385 2870 1581 2937 populo
1606 2870 1923 2933 excellebat,
1960 2871 2098 2923 sicut

517 2956 570 3010 in
596 2955 825 3011 Jeremia
859 2957 1049 3021 legitur
1092 2960 1181 3028 qui
1232 2960 1283 3012 in
1333 2971 1486 3015 utero
1519 2961 1707 3014 matris
1735 2963 2102 3016 sanctiticatus

515 3049 630 3102 suis
671 3050 997 3117 temporibus
1049 3050 1225 3104 clarus
1249 3051 1467 3106 emicuit
1514 3051 1736 3123 (lem).
1802 3054 1945 3107 Elias
1976 3069 2103 3108 vero

517 3135 719 3193 idcirco
747 3139 894 3194 credi
930 3149 1137 3208 poterat
1172 3141 1422 3197 Dominus
1453 3145 1595 3213 quod
1628 3144 1777 3198 illttm
1811 3154 1936 3200 ante
1980 3146 2101 3200 Sal-

513 3232 714 3285 Vatoris
758 3233 1044 3286 adventum
1097 3234 1298 3288 sciebat
1337 3250 1458 3288 esse
1502 3244 1783 3290 venturum
1814 3277 1830 3302 ,
1883 3235 2102 3290 dicente

517 3320 815 3378 Malachia:
867 3324 1002 3379 Ecce
1048 3344 1143 3396 ego
1187 3329 1384 3380 mittam
1424 3330 1562 3382 vobis
1600 3328 1774 3383 Eliam
1823 3330 2105 3386 'l'hesbitem

521 3425 793 3483 antequam
822 3418 989 3468 veniat
1018 3417 1127 3469 dies
1158 3416 1360 3470 Domini
1395 3434 1608 3487 magnus
1650 3430 1695 3473 et
1734 3420 2013 3483 horribilis,
2051 3432 2105 3474 ut

519 3515 773 3560 convertat
820 3508 975 3560 cordo
1023 3519 1226 3578 patrum
1272 3510 1324 3562 in
1368 3510 1543 3576 ﬁlios,
1589 3520 1634 3563 et
1680 3527 1767 3565 cor
1788 3513 2016 3581 ﬁliorum
2039 3515 2105 3566 ad

522 3605 691 3664 patres
714 3613 889 3650 eorum
922 3597 1143 3667 (Malae.
1178 3600 1270 3666 tv).
1306 3599 1443 3653 Dicit
1467 3605 1539 3655 eis
1567 3600 1716 3657 lesus
1754 3619 1773 3657 :
1806 3604 1905 3658 Vos
1935 3616 2107 3660 autem

524 3704 669 3758 quem
701 3706 781 3743 me
805 3706 911 3744 esse
937 3692 1147 3745 dicitis?
1177 3693 1335 3759 Quasi
1363 3695 1431 3747 ab
1455 3694 1726 3749 hominum
1756 3698 2106 3767 generalitate

523 3791 888 3849 sequestrans,
911 3782 1040 3836 deos
1075 3798 1136 3837 ac
1168 3785 1255 3838 Dei
1286 3786 1423 3839 lilios
1452 3802 1546 3854 per
1567 3789 1906 3856 adoptionem
1941 3792 2106 3845 factos

525 3870 779 3936 instituat,
803 3872 957 3942 juxta
980 3874 1104 3929 illud
1134 3876 1429 3930 Psalmista:
1451 3895 1463 3929 :
1488 3876 1603 3948 Ego
1626 3876 1756 3943 dixi,
1779 3881 1861 3932 ι)ιὶ
1885 3884 2028 3945 estis,
2057 3892 2105 3936 et

522 3963 619 4031 ﬁlii
652 3962 725 4016 Et
740 3966 858 4018 celsi
887 3982 1058 4022 omnes
1080 3967 1252 4039 (Psal.
1281 3976 1490 4039 unt).
1536 3971 1611 4025 Ac
1639 3975 1681 4024 si
1711 3976 1915 4028 diceret
1941 3993 1952 4027 :
2000 3976 2103 4029 Illis

529 4056 616 4125 qui
650 4056 892 4112 homines
932 4068 1056 4114 sunt
1092 4061 1303 4117 diversa
1343 4066 1766 4130 testtuiantihus,
1802 4082 1895 4119 vos
1916 4068 2004 4133 qtti
2031 4068 2102 4122 dti

527 4146 657 4201 estis
682 4186 698 4210 ,
748 4157 803 4202 et
834 4165 927 4217 per
953 4152 1290 4218 adeptionem
1315 4153 1423 4222 jam
1463 4154 1554 4207 ﬁlii
1592 4156 1679 4210 Det
1708 4156 1916 4222 etl‘ecti,
1944 4173 2101 4225 quem

530 4252 616 4292 me
645 4252 768 4292 esse
797 4239 1009 4295 dicitis?
1040 4246 1107 4295 At
1151 4258 1272 4298 vero
1301 4244 1486 4299 Petrus
1518 4246 1620 4300 lide
1658 4248 1949 4313 ardentior,
1995 4265 2102 4319 pra:

524 4332 732 4383 caeteris
758 4346 943 4385 amore
983 4335 1334 4388 confessionis
1368 4339 1682 4404 promptior,
1723 4354 1783 4391 ex
1812 4352 1940 4393 Voce
1967 4354 2103 4395 crin-

523 4428 729 4473 ctorum
764 4424 1075 4490 respondit:
1112 4424 1187 4478 Tu
1240 4442 1291 4479 es
1331 4428 1562 4481 Christus
1612 4427 1780 4483 Filius
1834 4430 1927 4483 Dei
1977 4433 2097 4487 vici.

520 4508 780 4565 Omnibus
824 4516 1147 4577 generaliter
1189 4522 1442 4584 apostolis
1487 4520 1857 4591 interrogatis,
1913 4523 2097 4577 beatus

525 4600 712 4654 Petrus
737 4615 1050 4657 cunctorum
1077 4607 1127 4659 itt
1151 4622 1210 4662 se
1239 4624 1496 4676 personas
1511 4629 1808 4677 assumens,
1841 4630 1903 4670 ex
1928 4617 2097 4670 abun-

522 4693 668 4746 danti
697 4710 856 4749 sensu
892 4702 1194 4764 reSpondit,
1223 4699 1301 4754 Tu
1329 4720 1378 4755 es
1406 4704 1639 4761 Christus
1662 4706 1832 4762 Filius
1860 4711 1956 4764 Dei
1979 4712 2095 4764 vivi.

527 4786 595 4840 Et
622 4803 804 4843 revera
834 4791 903 4844 ita
934 4794 1249 4857 expediebat
1286 4808 1340 4848 ut
1364 4798 1452 4850 ille
1482 4802 1567 4866 qui
1591 4802 1799 4854 iuturus
1829 4814 1942 4856 erat
1974 4818 2096 4857 ver-

527 4888 611 4935 tex
646 4883 917 4946 Ecclesiae,
948 4901 1041 4939 ore
1073 4887 1378 4955 loqueretur
1407 4894 1565 4945 totius
1588 4893 1863 4948 Ecclesiae.
1901 4894 2094 4948 Filium

521 4981 698 5025 autern
728 4973 821 5027 Dei
847 4977 948 5027 vivi
982 4977 1135 5043 dixit,
1167 4981 1230 5031 ad
1259 4982 1650 5037 distinctionem
1684 4985 1934 5039 falsorum
1967 4988 2096 5041 deo-

526 5078 668 5132 rum,
702 5081 835 5133 quos
857 5081 1081 5122 erronea
1121 5072 1388 5139 gentilitas
1429 5074 1641 5129 sibimet
1678 5076 1743 5130 ad
1785 5077 2093 5147 colendum,

527 5158 608 5210 vel
655 5172 717 5211 ex
767 5164 992 5213 mortuis
1042 5160 1346 5219 hominibus
1392 5163 1655 5231 instituit,
1698 5167 1781 5221 vel
1828 5183 1892 5221 ex
1937 5170 2095 5226 rebus

527 5250 923 5306 insettsibilibtts
946 5270 1079 5322 quos
1104 5257 1352 5313 adoraret
1387 5264 1609 5325 creavit,
1641 5262 1707 5315 de
1736 5262 1932 5332 quibus
1962 5266 2096 5321 scri-

522 5352 667 5412 ptum
706 5355 788 5398 est
824 5362 838 5399 :
887 5347 1177 5405 Simulacra
1222 5356 1445 5424 gentium
1490 5367 1761 5424 argentum
1805 5367 1848 5411 et
1882 5375 2089 5429 aurum,

518 5448 672 5503 Opera
700 5452 946 5490 manuum
995 5440 1255 5495 hominum
1299 5445 1468 5512 (Psal.
1500 5450 1670 5517 csttt).
1727 5450 1789 5504 Et
1824 5454 1920 5505 hac
1949 5453 2096 5507 brevi

525 5533 789 5586 sententia
837 5536 1013 5590 omnia
1046 5553 1163 5607 qua
1192 5540 1259 5593 de
1290 5542 1499 5596 Christo
1540 5546 1746 5600 dill‘ttsis
1786 5564 2095 5605 sermonum

520 5626 835 5681 excursibus
865 5628 968 5684 dici
999 5640 1252 5701 possunt,
1285 5633 1657 5695 decentissime
1687 5643 2097 5712 comprehendit

516 5711 789 5784 simulque
813 5717 1099 5775 humanam
1141 5723 1449 5796 lasciviam,
1480 5744 1598 5799 qua:
1641 5711 1968 5790 secretorum
2009 5736 2094 5789 in-

515 5802 951 5876 vestigandorutn
970 5814 1143 5899 audax
1172 5824 1274 5885 est,
1307 5822 1576 5880 exercuit.
1620 5825 1798 5890 Quare
1821 5828 1966 5887 enim
1997 5843 2096 5888 nos

2128 3192 2176 3254 C

2204 1952 2333 1992 vero
2361 1939 2685 1995 audiendum
2713 1943 2855 2008 quali
2885 1943 3133 1996 (ilirisms
3166 1944 3493 1998 latttlatorettt
3520 1950 3806 2001 ριιιιτιιδςυ-

2204 2042 2424 2096 remque
2451 2045 2605 2083 suurn
2639 2035 2905 2098 pra-conio
2954 2037 3332 2103 prosequitur:
3374 2035 3564 2091 Beatus
3592 2055 3645 2092 es
3675 2083 3689 2099 ,
3726 2044 3805 2092 in-

2204 2125 2339 2192 quit,
2370 2124 2549 2179 Simon
2579 2124 2684 2179 Bar
2706 2126 2863 2189 Jotta,
2897 2130 3022 2191 quia
3050 2145 3170 2183 caro
3200 2138 3246 2181 et
3276 2131 3486 2200 sanguis
3516 2148 3621 2184 nou
3662 2150 3802 2186 reve-

2204 2215 2325 2267 larit
2360 2218 2477 2281 tibi,
2530 2217 2620 2270 sed
2647 2219 2799 2270 Pater
2830 2236 2969 2273 meus
3001 2226 3084 2290 qui
3119 2224 3170 2274 in
3198 2224 3341 2276 (telis
3370 2235 3466 2276 est.
3504 2225 3608 2278 Βιδι-
3662 2226 3802 2282 Jona

2207 2307 2450 2377 Syr-iace,
2488 2310 2674 2364 Latine
2697 2312 2891 2365 dicitur
2914 2312 3057 2367 tilius
3081 2316 3362 2368 columbae.
3429 2316 3559 2371 Jttre
3617 2332 3799 2374 autem

2204 2400 2394 2455 beatus
2426 2401 2613 2457 Petrus
2643 2408 2916 2473 apostolus
2947 2406 3089 2459 filius
3119 2409 3384 2462 columba!
3408 2422 3641 2478 vocatur,
3667 2416 3797 2479 quia

2211 2494 2455 2562 prudenti
2479 2510 2543 2548 ac
2569 2497 2650 2562 pia
2682 2496 3025 2562 simplicitate
3052 2500 3275 2554 Domino
3305 2503 3625 2558 adita-rebar.
3660 2505 3799 2559 Nam

2204 2593 2259 2636 et
2300 2585 2546 2638 columba
2591 2586 3044 2653 simplicmsiuttttn
3091 2601 3251 2659 atque
3293 2591 3800 2649 innocenthsimum

2206 2676 2400 2730 animal
2429 2689 2543 2742 est,
2572 2688 2621 2731 et
2663 2695 2771 2747 pra:
2817 2683 3027 2734 caneris
3057 2684 3248 2738 avibus
3287 2685 3639 2755 simplicitate
3664 2705 3799 2759 gau-

2205 2768 2315 2822 det.
2359 2769 2511 2833 Quod
2538 2770 2580 2823 si
2610 2771 2768 2823 alitus
2793 2786 2984 2839 capere
3016 2776 3295 2840 volumus,
3342 2792 3433 2840 per
3469 2778 3799 2844 columbam,

2207 2860 2260 2914 in
2286 2859 2439 2928 cujus
2467 2860 2648 2928 specie
2676 2861 2907 2929 Spiritus
2937 2878 3050 2917 sant
3072 2874 3156 2919 tus
3184 2882 3341 2935 super
3371 2867 3657 2924 Dominum
3702 2876 3803 2925 ολ..

2208 2953 2465 3020 ptizatum
2510 2957 2797 3021 apparuit,
2845 2954 3089 3023 ejusdem
3136 2958 3367 3026 Spiritus
3402 2962 3582 3015 sancti
3630 2965 3800 3032 gratia

2207 3046 2480 3113 ﬁguratur.
2541 3046 2734 3102 Merito
2758 3063 2889 3118 ergo
2940 3047 3201 3103 Dominus
3225 3052 3441 3106 Petrum
3492 3054 3663 3108 lilium
3704 3070 3801 3111 co-

2210 3139 2404 3193 lumba:
2437 3141 2764 3207 nominavit,
2798 3158 2957 3209 quem
2988 3142 3341 3210 spiritualium
3372 3144 3645 3202 donorum
3674 3165 3800 3219 gra-

2211 3233 2280 3285 tia
2311 3232 2425 3300 ipse
2456 3233 2789 3301 repleverat:
2825 3248 2931 3303 quo
2980 3234 3210 3290 docente
3258 3237 3484 3291 interius
3535 3241 3801 3295 didicerat

2207 3327 2348 3393 quod
2383 3324 2512 3378 toris
2536 3338 2642 3379 tam
2668 3327 2858 3381 idonee
2890 3328 3212 3396 proferebat.
3256 3330 3503 3386 Nonnulli
3540 3334 3802 3402 simplici-

2209 3425 2289 3471 ter
2334 3418 2665 3472 arbitrantur
2708 3420 2848 3488 quod
2890 3422 3028 3473 idem
3077 3418 3270 3475 Petrus
3313 3438 3517 3492 patrem
3552 3425 3801 3481 habuerit

2208 3516 2425 3566 nurnine
2453 3512 2712 3567 Joannem
2740 3555 2755 3578 ,
2794 3513 2945 3582 juxta
2969 3516 3108 3583 quod
3147 3516 3271 3569 altbi
3313 3531 3343 3569 a
3377 3518 3607 3573 υυιιιιιιο
3639 3524 3801 3574 tuter-

2211 3612 2424 3672 rogatur
2456 3623 2469 3660 :
2502 3604 2684 3659 Simon
2711 3602 2951 3669 Joannis,
2989 3607 3161 3677 diligis
3190 3625 3268 3661 me
3290 3607 3473 3676 (Joan.
3506 3616 3667 3679 ut)?
3696 3613 3799 3665 Vo-

2210 3698 2431 3768 luntqne
2479 3710 2535 3753 ut
2585 3716 2682 3766 pro
2729 3702 2833 3754 Uar
2875 3701 3105 3760 Joatttta.
3149 3702 3289 3769 quod
3312 3706 3525 3759 esttilio
3548 3707 3791 3771 Joannis,

2210 3792 2337 3845 vitio
2359 3794 2679 3861 scriptorum
2717 3797 2818 3850 Bar
2856 3798 2989 3852 Jona
3032 3803 3287 3864 scriptum
3317 3806 3424 3868 sit,
3464 3821 3565 3856 ttna
3596 3808 3797 3874 syllaba

2208 3886 2419 3955 dempta
2452 3888 2520 3941 de
2555 3890 2750 3944 medio.
2796 3892 3185 3960 Interpretatur
3215 3910 3392 3950 autem
3434 3899 3644 3953 Joanna
3684 3918 3800 3971 gra-

2210 3979 2278 4031 tia
2308 3979 2420 4035 Dei.
2466 3981 2764 4051 Utrumque
2813 4000 2989 4041 autem
3038 4004 3230 4043 nomen
3287 3989 3357 4043 ita
3401 3994 3633 4063 mystice
3663 4000 3798 4049 valet

2207 4071 2470 4144 intelligi,
2501 4087 2556 4128 ut
2600 4077 2788 4134 Penus
2837 4082 3048 4136 dicatur
3090 4084 3231 4139 tilitts
3277 4086 3585 4154 columbae,
3649 4089 3797 4142 idest

2208 4166 2433 4234 Spiritus
2460 4174 2626 4225 sancti
2655 4189 2666 4224 :
2712 4183 2765 4227 et
2816 4175 2956 4227 tilius
2995 4177 3237 4239 Joannis,
3281 4180 3328 4232 id
3353 4190 3436 4232 est
3466 4183 3660 4248 gratiae
3689 4181 3794 4247 Dei,

2162 4290 2165 4291 ν
2208 4273 2302 4326 per
2324 4276 2487 4328 quem
2532 4263 2670 4345 dona
2716 4265 3009 4332 spiritttalia
3055 4270 3368 4337 ﬁgurantur.
3406 4271 3477 4325 Et
3506 4278 3793 4326 notandum

2206 4367 2362 4420 quam
2412 4366 2917 4412 convenientissima
2971 4359 3105 4415 facta
3153 4375 3237 4417 est
3280 4365 3451 4416 laudis
3493 4366 3791 4420 retributio.

2210 4445 2401 4498 lleatus
2425 4447 2569 4501 enim
2606 4451 2790 4502 Petrus
2816 4453 3096 4507 Dominum
3141 4456 3331 4510 Filium
3371 4459 3461 4511 Dei
3504 4475 3630 4512 e~.~e
3659 4461 3795 4513 dice—

2130 4562 2183 4622 D
2210 4536 2316 4597 bat,
2345 4541 2588 4594 Cltrisnts
2621 4559 2740 4595 eum
2778 4544 2943 4599 liltum
2989 4548 3217 4615 Spiritus
3249 4553 3418 4605 sancti
3452 4568 3793 4625 eou~eqnen-

2213 4637 2291 4681 ter
2318 4631 2575 4696 appellat.
2610 4634 2746 4703 Ergo
2772 4636 2898 4689 dum
2928 4639 3111 4693 beatus
3146 4641 3335 4695 Petrus
3366 4644 3602 4710 Spiritus
3631 4646 3795 4699 stricti

2212 4720 2353 4774 ﬁlius
2393 4723 2611 4793 dicitur,
2659 4726 2748 4780 Det
2803 4730 3043 4795 profecto
3071 4732 3208 4785 ﬁlius
3256 4750 3374 4786 esse
3423 4740 3793 4793 conlitutatur.

2207 4808 2509 4873 Deusenim
2540 4816 2770 4881 Spiritus
2797 4831 2869 4872 est
2911 4821 3092 4889 (Joan.
3136 4824 3233 4893 tv).
3289 4824 3395 4881 Sed
3445 4829 3607 4896 longe
3646 4834 3796 4883 aliter

2205 4902 2544 4973 [uultumque
2574 4910 2827 4964 distincte
2858 4915 3105 4968 Lhristns
3131 4917 3224 4971 Dei
3252 4918 3439 4988 Filius,
3471 4922 3633 4975 aliter
3675 4924 3795 4977 bea-

2209 5005 2291 5050 tus
2325 4998 2533 5054 Petrus.
2573 5004 2721 5069 Quod
2748 5006 2887 5059 enim
2920 5010 3010 5061 ille
3059 5011 3221 5067 habet
3253 5029 3346 5081 per
3378 5026 3647 5081 naturam,
3698 5021 3794 5074 hoc

2209 5092 2416 5157 accepit
2465 5103 2563 5148 iste
2615 5112 2708 5165 per
2760 5101 3005 5167 gratiam.
3054 5102 3117 5156 Et
3163 5106 3303 5174 quod
3348 5107 3419 5160 illi
3469 5118 3553 5161 est
3583 5125 3795 5179 semper

2208 5189 2570 5245 essentialiter
2602 5196 2914 5262 proprium,
2962 5199 3044 5251 isti
3092 5198 3185 5252 fuit
3238 5202 3611 5271 tetnporalttér
3653 5207 3794 5261 dono

2206 5282 2468 5373 accidenti
2506 5286 2780 5341 collatum.
2819 5292 2969 5355 Quod
3000 5307 3126 5347 vero
3157 5294 3317 5362 dicit,
3356 5313 3479 5351 caro
3506 5311 3552 5353 et
3582 5306 3793 5373 sanguis

2206 5387 2307 5425 non
2331 5374 2568 5429 reuelauit
2599 5375 2710 5439 tibi,
2740 5381 2917 5434 carnis
2948 5392 3001 5437 et
3040 5388 3314 5455 sanguinis
3349 5404 3569 5445 ttonttne
3611 5407 3795 5447 carna-

2204 5465 2307 5518 lem
2349 5469 2644 5523 scribarum
2692 5480 2748 5525 et
2790 5472 3180 5531 Pltartsaeoium
3229 5481 3574 5537 traditionem
3622 5494 3677 5539 et
3704 5485 3795 5537 do.

2203 5556 2426 5611 ctrinant
2472 5564 2717 5630 accipere
2770 5565 3046 5623 debemus.
3107 5568 3246 5626 Caro
3292 5575 3432 5627 enim
3477 5583 3532 5629 et
3572 5577 3793 5645 sanguis

2203 5659 2350 5705 recte
2375 5651 2746 5725 intelliguntur
2778 5658 3026 5715 homines
3072 5666 3332 5733 sapientia
3363 5668 3569 5723 carnali
3597 5669 3792 5734 innati,

2132 5800 2135 5801 ν
2204 5740 2529 5798 columbinte
2557 5745 2918 5814 simplicitatis
2962 5755 3150 5811 nescii.
3194 5755 3330 5812 Caro
3358 5770 3536 5814 autem
3584 5768 3643 5816 et
3669 5774 3791 5813 san-

2200 5831 2320 5902 guis
2350 5835 2495 5892 varia
2527 5836 2583 5893 in
2612 5839 2815 5896 sanctis
2845 5841 3135 5918 Scripturis
3165 5849 3551 5926 signiﬁcatione
3576 5865 3803 5932 ponar.

3810 5943 3847 5983 ι.
