4096 6346
350 410 482 470 "Si

1356 376 1818 460 HOMILIARIUS.
1856 430 1926 440 —
1954 398 2117 458 non.
2153 399 2240 456 ne
2277 399 2584 462 sanans.

3458 408 3592 464 “82

344 528 453 576 tur.
510 514 814 586 Aliquando
860 513 1003 572 enim
1051 525 1178 570 caro
1222 525 1320 582 pro
1361 511 1527 581 ipsius
1568 520 1771 566 natura:
1799 510 1923 566 sub-
1956 519 2002 577 Α
2027 511 2491 580 signiﬁcationem.
2567 514 3024 583 Quemadmodum
3067 517 3208 575 enim
3255 519 3341 577 leo
3371 530 3592 591 propter

347 610 547 666 stantia
579 606 813 679 ponitur,
844 607 978 661 utin
1000 602 1196 661 Genesi
1221 620 1236 658 :
1266 602 1379 658 Hoc
1403 618 1535 656 nunc
1562 618 1619 656 os
1638 617 1701 656 ea:
1725 600 1925 655 ossibus

345 702 473 757 meis
498 743 513 766 ,
556 710 603 755 et
637 715 757 754 caro
806 698 870 752 de
913 712 1067 752 carne
1106 712 1220 750 mea
1248 692 1400 765 (Gen.
1424 694 1507 763 ιι).
1538 692 1926 761 Nonnunquam

346 790 526 847 carnis
551 789 911 859 appellatione
944 784 1372 857 synecdocbics’is
1394 792 1537 837 totus
1559 783 1720 838 homo
1743 782 1925 851 signa-

350 889 461 943 tur,
493 879 633 934 sicut
652 879 720 933 de
749 877 966 934 Christo
996 890 1089 946 per
1124 876 1384 931 Joannem
1428 872 1659 929 dicitur:
1703 870 1927 927 Verbum

347 987 471 1027 caro
519 974 712 1039 factum
750 977 825 1023 est
868 966 1048 1040 (Joan.
1076 968 1138 1039 ι).
1197 968 1347 1033 Quod
1386 973 1472 1021 est
1510 975 1694 1035 aperte
1724 966 1925 1032 dicere,

350 1062 495 1119 Deus
540 1060 703 1116 homo
741 1058 913 1115 factus
957 1069 1062 1114 est.
1116 1057 1252 1113 Caro
1281 1055 1441 1111 etiam
1485 1064 1539 1111 et
1577 1055 1795 1124 sanguis
1832 1070 1928 1125 pro

350 1154 705 1223 corruptione
749 1151 872 1220 poni
926 1150 1140 1215 solent,
1171 1146 1429 1217 Apostolo
1455 1147 1696 1211 dicente,
1725 1144 1857 1201 Caro
1880 1153 1929 1200 et

348 1250 558 1321 sanguis
594 1263 807 1319 regnum
855 1246 955 1301 Dei
995 1262 1095 1301 non
1141 1245 1467 1316 possidebunt
1527 1242 1600 1316 (1
1646 1240 1768 1298 Cor.
1796 1241 1922 1314 xv).

349 1341 684 1411 Plerumque
704 1340 866 1395 etiam
888 1340 1067 1394 carnis
1087 1346 1142 1395 et
1166 1337 1441 1407 sanguinis
1463 1336 1678 1392 nomine
1702 1334 1930 1390 carnalis

351 1439 407 1489 et
432 1430 732 1501 spiritualis
770 1428 1076 1485 intellectus
1118 1427 1413 1485 subtilitate
1452 1441 1795 1499 grossescens
1832 1425 1930 1481 do-

350 1526 523 1582 ctrina
560 1524 851 1593 accipitur,
884 1522 1048 1578 Paulo
1075 1524 1142 1579 de
1169 1522 1349 1592 seipso
1381 1521 1592 1577 dicente
1620 1539 1633 1575 :
1675 1520 1928 1575 Continuo

349 1634 453 1674 non
473 1616 703 1688 acquievi
731 1618 883 1670 carni
924 1626 972 1670 et
1014 1616 1254 1686 sanguini
1288 1612 1487 1685 (Galat.
1513 1613 1578 1684 ι).
1623 1612 1739 1681 Quo
1768 1629 1930 1670 sensu

350 1710 405 1767 in
429 1712 532 1766 hoc
554 1711 673 1766 loco
702 1709 1011 1778 accipienda
1034 1718 1117 1764 est
1137 1722 1283 1773 caro,
1304 1708 1531 1763 carnalis
1555 1707 1823 1772 videlicet,
1847 1714 1926 1773 et,

350 1814 606 1876 quantum
629 1803 696 1859 ad
726 1804 918 1869 Deum,
953 1803 1115 1857 stulta
1154 1801 1451 1856 carnalium
1495 1798 1777 1868 sapientia,
1810 1811 1929 1868 qua:

2030 602 2383 659 fortitudinem
2452 606 2535 660 vel
2582 620 2746 675 agnus
2791 617 3005 677 propter
3054 610 3453 679 innocentiam,
3510 613 3591 666 sic

2027 694 2188 748 etiam
2218 705 2363 764 petra
2393 697 2586 752 dicitur
2607 708 2822 768 propter
2856 700 3153 758 ﬁrmitatem
3172 746 3186 767 ,
3219 706 3341 774 quia
3369 719 3591 774 sperau-

2028 782 2171 838 tibus
2195 784 2246 839 in
2275 800 2333 841 se
2359 788 2519 842 turris
2563 796 2645 842 est
2671 788 2995 844 fortitudinis
3022 807 3049 843 a
3090 793 3223 848 facie
3254 794 3491 861 inimici,
3523 795 3592 851 de

2026 886 2133 941 quo
2148 871 2463 931 Psalmista:
2492 876 2767 946 Dominus,
2786 881 2974 951 inquit,
2995 882 3376 951 ﬁrmamentum
3399 902 3589 953 meum,

2027 972 2074 1018 et
2107 966 2360 1035 refugium
2397 984 2600 1034 meum,
2633 981 2681 1024 et
2702 970 2942 1025 liberator
2968 989 3106 1027 meus
3141 972 3313 1045 (Psal.
3341 977 3495 1047 xvu).
3528 978 3595 1032 Et

2026 1075 2177 1129 super
2205 1058 2337 1113 hanc
2364 1072 2584 1132 petram,
2618 1064 2671 1119 id
2713 1074 2816 1129 est,
2848 1081 3010 1135 super
3051 1083 3136 1122 me
3180 1084 3471 1138 quem.ore
3502 1080 3591 1125 tuo

2028 1149 2303 1205 confessus
2332 1164 2391 1206 es
2428 1152 2633 1220 dicens,
2683 1164 2736 1208 tu
2782 1171 2833 1210 es
2878 1156 3109 1211 Christus
3141 1157 3307 1213 Filius
3345 1161 3436 1214 Dei
3471 1164 3589 1218 rivi.

2027 1238 2147 1309 lpse
2171 1250 2253 1296 est
2279 1242 2423 1298 enim
2452 1244 2584 1313 lapis
2606 1243 2695 1300 ille
2733 1248 2997 1315 pretiosus
3033 1248 3085 1304 in
3117 1248 3463 1307 fundamento
3494 1255 3595 1309 Ec-

2027 1328 2204 1384 clesia:
2251 1332 2606 1401 constitutus,
2637 1334 2705 1388 de
2743 1350 2848 1405 quo
2886 1336 3119 1392 Paulus:
3152 1337 3594 1407 Fundamentum,

2028 1420 2218 1491 inquit,
2242 1422 2385 1476 aliud
2409 1440 2554 1479 nemo
2587 1435 2749 1497 potest
2774 1444 2958 1498 ponere
2997 1439 3180 1496 printer
3209 1431 3264 1485 id
3301 1434 3438 1501 quod
3463 1438 3597 1505 posi-

2029 1520 2137 1565 tum
2160 1524 2254 1581 est,
2294 1512 2525 1571 Christus
2553 1515 2703 1572 Jesus
2733 1516 2787 1588 (Ι
2817 1517 2935 1576 Cor.
2968 1520 3072 1592 ιιι).
3124 1522 3247 1579 Sive
3282 1541 3436 1594 super
3470 1528 3599 1582 hanc

2032 1614 2251 1672 petram,
2293 1607 2399 1661 hoc
2437 1615 2520 1663 est
2545 1648 2560 1673 ,
2613 1623 2775 1675 super
2802 1610 2938 1664 hanc
2973 1611 3131 1666 ﬁdem
3161 1627 3263 1681 qua
3292 1630 3379 1670 me
3407 1615 3599 1670 Filium

2030 1693 2125 1747 Dei
2151 1695 2251 1749 vivi
2276 1696 2555 1753 confessus
2578 1713 2658 1765 es,
2684 1699 2948 1766 wdiﬁcabo
2972 1698 3252 1757 Ecclesium
3282 1720 3465 1759 meam.
3498 1707 3599 1760 Su-

2033 1800 2128 1853 per
2157 1787 2429 1845 Christum
2457 1792 2598 1846 enim
2646 1792 2874 1847 aedificat
2915 1796 3003 1864 qui
3036 1795 3193 1851 fidetn
3228 1798 3370 1855 illius
3402 1799 3602 1858 illibate

352 1907 554 1969 quanto
581 1910 639 1951 se
662 1895 822 1951 latius
845 1893 912 1949 ad
942 1892 1308 1962 investiganda
1340 1902 1550 1946 terrena
1582 1900 1638 1945 et
1671 1890 1925 1943 transito-
1954 1886 2002 1946 B
2034 1881 2284 1933 ευειοάἱιο
2317 1881 2493 1951 Super
2517 1883 2785 1938 Christum
2810 1885 2966 1941 etiam
2996 1888 3326 1959 mdiﬁcatqui
3352 1905 3447 1959 per
3467 1891 3602 1947 dile-

354 1992 435 2045 ria
463 1986 741 2053 tlill‘undit,
788 1994 933 2043 tanto
956 1986 1135 2041 minus
1172 1985 1238 2040 ad
1283 1983 1659 2039 intellectualis
1700 1992 1754 2037 et
1782 1995 1926 2036 verre

351 2079 709 2150 philosotihiie
731 2078 933 2133 aditum
960 2076 1068 2147 jam
1100 2075 1364 2145 pervenit.
1412 2073 1535 2128 Non
1562 2087 1690 2143 ergo
1730 2088 1847 2126 caro
1878 2081 1927 2126 et

349 2170 563 2240 sanguis
604 2170 684 2224 illi
733 2169 990 2235 revelavit,
1041 2166 1163 2235 quia
1200 2180 1306 2222 non
1357 2165 1624 2219 mundana
1667 2160 1926 2231 sapientia

350 2263 493 2334 quod
518 2261 759 2316 Christus
779 2259 945 2314 Filius
970 2258 1064 2313 Dei
1107 2268 1268 2323 esset,
1312 2256 1553 2325 accepit,
1581 2254 1673 2309 sed
1698 2253 1808 2309 Deo
1834 2254 1928 2307 Pa-

353 2366 454 2419 tre,
499 2353 588 2423 qui
620 2353 766 2408 solus
807 2352 955 2407 novit
998 2350 1217 2415 Filium,
1250 2348 1543 2418 inspirante
1568 2344 1771 2401 didicit.
1806 2341 1929 2398 Sive

352 2448 513 2503 etiam
536 2461 664 2501 caro
700 2452 757 2501 et
784 2443 998 2513 sanguis
1048 2442 1127 2513 (ut
1151 2440 1481 2511 praemissum
1511 2438 1616 2508 est)
1657 2436 1930 2508 appellan-

355 2549 441 2595 tur
471 2538 714 2592 homines
765 2534 1056 2591 carnaliter
1102 2534 1170 2589 de
1191 2532 1406 2589 Christo
1440 2532 1730 2598 sapientes,
1758 2538 1810 2584 et
1841 2542 1931 2583 eo-

352 2627 646 2683 lnmbinam
687 2622 1090 2693 simplicitatem
1136 2635 1242 2675 non
1273 2620 1564 2684 habentes,
1615 2626 1775 2687 atque
1810 2616 1932 2672 ideo

352 2722 526 2793 gratia
555 2721 725 2776 sancti
750 2720 986 2789 Spiritus
1017 2718 1221 2788 indigni
1247 2759 1261 2782 ,
1310 2716 1494 2787 quales
1526 2715 1600 2770 illi
1629 2716 1773 2771 luere
1793 2729 1930 2784 quo-

353 2828 472 2869 rum
489 2814 732 2879 superius
747 2813 814 2868 de
838 2810 1054 2867 Christo
1067 2810 1349 2877 epiiiiones
1364 2807 1690 2876 evangelista
1708 2808 1927 2873 retexit,

352 2905 423 2961 de
454 2905 702 2972 qualibus
739 2917 833 2972 per
872 2902 1189 2972 Apostolutn
1220 2899 1418 2956 dicttur
1456 2916 1470 2951 :
1502 2897 1756 2952 Animalia
1784 2898 1932 2951 homo

354 3012 456 3050 non
484 2996 698 3066 percipit
718 3009 778 3049 ea
798 3008 913 3064 qua:
941 3003 1058 3048 sunt
1088 2992 1317 3063 Spiritus
1339 2990 1433 3045 Dei
1464 2987 1517 3061 (Ι
1543 2988 1663 3043 Cor.
1698 2989 1780 3059 ιι).
1826 2988 1934 3043 Sed

353 3085 518 3143 Pater
541 3102 682 3141 meus
701 3088 786 3156 qui
803 3087 856 3140 in
871 3086 1007 3140 etatis
1024 3093 1117 3139 est.
1131 3082 1265 3139 Cum
1281 3083 1459 3138 omnia
1476 3081 1615 3136 dona
1638 3078 1936 3149 spiritualia

353 3192 476 3250 quae
496 3192 525 3231 a
550 3175 779 3231 Domino
805 3174 1052 3231 ﬁdelibus
1077 3173 1403 3241 tribuuntur,
1435 3185 1465 3226 a
1502 3168 1709 3239 Spiritu
1751 3175 1936 3222 sancto

2033 1972 2267 2025 ctionem
2291 1970 2383 2026 Dei
2407 1981 2461 2028 et
2484 1975 2729 2042 proximi,
2773 1985 2824 2030 et
2848 1991 2941 2046 per
2962 1978 3355 2035 observantiam
3379 1982 3602 2037 manda-

2032 2070 2204 2115 torum
2230 2062 2346 2126 Dei,
2397 2062 2462 2118 ad
2489 2072 2687 2119 sortem
2718 2067 3006 2122 electorum
3039 2071 3317 2138 pervenire
3359 2072 3597 2130 festinat.

2031 2151 2201 2207 Meam
2248 2168 2377 2208 vero
2432 2155 2666 2225 addidit,
2697 2154 2762 2211 ad
2792 2158 3182 2216 distinctionem
3210 2162 3463 2219 Ecclesiae
3493 2166 3604 2220 ha:-

2030 2246 2318 2300 reticorum
2348 2286 2362 2310 ,
2408 2246 2476 2301 de
2524 2262 2625 2315 qua
2658 2262 2753 2316 per
2786 2249 3121 2306 Psalmistam
3150 2252 3347 2309 dicitur
3379 2272 3392 2309 :
3448 2256 3601 2311 0divi

2034 2333 2719 2407 Ecclesiummalignantium
2738 2338 2912 2407 (Psul.
2937 2342 3094 2411 xxv);
3128 2343 3193 2396 de
3213 2344 3404 2413 quibus
3429 2345 3605 2400 adhuc

2030 2426 2314 2482 subditur:
2357 2426 2423 2480 Et
2467 2439 2627 2496 portae
2677 2430 2830 2499 inferi
2869 2447 2969 2485 non
2997 2433 3339 2501 praevalebunt
3364 2436 3607 2492 adversus

2033 2534 2163 2571 eam.
2195 2516 2312 2572 Non
2337 2517 2437 2573 hoc
2463 2518 2597 2574 dixit
2627 2521 2693 2576 de
2719 2521 3025 2578 conditione
3053 2525 3367 2595 temporalis
3399 2529 3604 2595 mortis,

2033 2621 2139 2677 qua
2169 2607 2394 2677 legimus
2445 2619 2669 2664 cunctos
2713 2625 2850 2681 pene
2892 2614 3165 2682 apostolos
3191 2616 3449 2686 martyrio
3475 2631 3607 2671 con-

2033 2710 2353 2765 summatos,
2382 2702 2475 2755 sed
2503 2715 2684 2771 portas
2720 2704 2875 2759 inferi
2909 2705 3034 2759 vitia
3074 2715 3233 2776 atque
3270 2720 3487 2777 peccata
3518 2723 3609 2765 vo-

2035 2799 2143 2844 cat.
2190 2789 2365 2845 Porta:
2411 2808 2640 2863 namque
2697 2794 2868 2853 inferi.
2899 2798 3178 2853 mortifera
3230 2799 3610 2858 haereticorum

2036 2878 2287 2949 dogmata
2314 2890 2464 2945 sunt,
2490 2883 2679 2952 quibus
2717 2884 3085 2955 imprudentes
3100 2903 3339 2959 quosque
3359 2890 3609 2959 illiciunt,

2036 2982 2090 3029 et
2136 2976 2202 3029 ad
2253 2984 2523 3045 perpetua:
2574 2978 2762 3033 mortis
2810 2979 3207 3037 damnationem
3266 2985 3608 3053 pertrahunt.

2037 3066 2213 3123 Porta:
2241 3069 2405 3122 etiam
2435 3070 2622 3124 mortis
2653 3081 3203 3140 sunt'persecutorum
3231 3076 3425 3131 callida
3456 3078 3610 3134 blan-

2040 3160 2299 3227 dimenta,
2328 3163 2442 3237 sive
2471 3176 2662 3232 aspera
2692 3163 3031 3222 crudelitatis
3060 3168 3443 3227 intentamenta
3483 3173 3612 3242 qui-

356 3246 537 3340 largiri
559 3265 918 3323 certissimum
945 3250 1048 3332 sit,
1076 3265 1289 3321 dicente
1316 3260 1611 3332 Apostolo:
1642 3260 1748 3314 Alii
1776 3258 1932 3312 datur
1962 3246 2009 3310 C
2041 3252 2141 3307 bus
2162 3253 2246 3307 vel
2269 3254 2664 3325 persuadendo,
2689 3257 2774 3313 vel
2800 3267 3033 3316 terrores
3062 3260 3389 3328 ineutiendo,
3424 3264 3611 3322 fideles

354 3378 445 3435 per
469 3358 719 3432 Spiritum
744 3374 910 3414 sermo
933 3358 1224 3429 sapientiai,
1253 3364 1385 3420 etc.,
1408 3366 1687 3424 usquequo
1715 3350 1929 3416 dicitur,

357 3453 587 3507 dividens
624 3452 841 3522 singulis
864 3490 880 3518 ,
927 3459 1079 3521 prout
1106 3451 1213 3505 vult
1249 3447 1307 3521 (1
1336 3446 1458 3503 Cor.
1501 3447 1641 3517 xtl):
1669 3444 1934 3515 quomodo

360 3544 614 3599 Dominus
678 3543 836 3601 Jesus
878 3541 1120 3598 Christus
1167 3556 1198 3596 a
1238 3540 1397 3597 Patre
1449 3540 1580 3595 dicit
1636 3538 1931 3595 revelatum

356 3636 521 3693 fuisse
553 3638 709 3693 beato
735 3636 894 3691 Petro
923 3643 1317 3691 sacramentum
1344 3632 1506 3689 ﬁdei?
1530 3632 1634 3688 Sed
1657 3630 1936 3688 sciendum

357 3728 482 3796 quia
510 3728 649 3781 sicut
675 3738 780 3781 una
806 3733 890 3782 est
909 3725 1205 3779 substantia
1231 3724 1427 3790 Patris,
1443 3733 1497 3777 et
1523 3720 1665 3790 Filii,
1691 3731 1745 3778 et
1768 3722 1933 3790 Spiri-

361 3828 446 3873 tus
473 3816 665 3881 sancti,
689 3816 762 3870 ita
788 3822 872 3870 est
893 3814 946 3869 in
966 3814 1049 3869 eis
1072 3822 1130 3869 et
1157 3827 1259 3868 una
1284 3814 1525 3882 operatio
1553 3822 1714 3881 atque
1749 3812 1937 3867 volun-

361 3915 461 3972 tas,
495 3919 559 3959 ae
579 3920 672 3969 per
700 3904 804 3963 hoc
850 3905 1233 3961 convenienter
1280 3904 1476 3960 dicitur
1509 3903 1631 3974 quia
1661 3904 1817 3959 Pater
1846 3902 1938 3972 qui

365 3996 420 4053 in
450 3998 603 4054 caelis
628 4005 735 4063 est,
773 3996 1033 4054 revelavit
1071 3997 1229 4054 Petro
1266 3996 1581 4068 mysterium
1614 3995 1769 4064 fidei,
1793 3994 1938 4066 quod

362 4105 489 4148 caro
509 4100 565 4146 et
598 4089 813 4160 sanguis
839 4090 1083 4148 revelare
1122 4090 1397 4161 nequibat.
1461 4088 1530 4143 Et
1570 4105 1663 4160 ego
1695 4090 1811 4144 dico
1849 4088 1939 4143 tibi

365 4184 489 4255 quia
511 4194 567 4237 tu
595 4198 647 4238 es
677 4182 888 4239 Petrus.
928 4182 1076 4239 Ordo
1101 4182 1386 4239 verborum
1406 4189 1490 4239 est
1515 4199 1526 4234 :
1560 4181 1691 4246 Quia
1726 4191 1779 4235 tu
1798 4181 1937 4237 dixi-

361 4277 430 4333 5ti
455 4274 605 4343 mihi,
627 4274 708 4329 Tu
719 4291 771 4330 es
791 4273 1023 4330 Christus
1044 4272 1092 4326 F
1095 4274 1217 4329 ilius
1240 4273 1338 4329 Dei
1357 4273 1475 4339 vivi,
1504 4279 1559 4329 et.
1575 4287 1675 4345 ego
1696 4273 1816 4328 dico
1844 4270 1938 4328 tibi

362 4382 472 4424 non
492 4381 744 4431 sermone
766 4379 940 4433 casso,
965 4374 1019 4421 et
1041 4366 1244 4420 nullum
1272 4364 1500 4421 habente
1527 4379 1679 4434 opus,
1708 4363 1802 4419 sed
1818 4363 1941 4420 dico

363 4458 458 4514 tibi
485 4458 766 4525 veraciter,
813 4459 936 4528 quia
977 4464 1033 4511 tu
1062 4458 1116 4512 es
1144 4454 1356 4511 Petrus.
1398 4455 1514 4512 Non
1539 4470 1681 4511 nunc
1711 4455 1939 4526 primum

362 4552 636 4622 accepisse
681 4551 896 4606 Petrum
943 4550 1045 4606 hoc
1079 4564 1275 4606 nomen
1324 4549 1650 4607 credendum
1692 4561 1797 4617 est,
1842 4547 1935 4604 sed

357 4644 539 4712 potius
568 4653 693 4699 tunc
729 4641 1021 4711 quandoin
1048 4643 1200 4699 initio
1225 4642 1933 4714 Dominicaepraedicationis

360 4734 526 4804 (sicut
552 4733 783 4789 Joannes
810 4734 1055 4804 testatur)
1087 4749 1183 4803 per
1225 4734 1491 4790 Andream
1539 4735 1608 4790 ad
1647 4734 1932 4790 Dominum

297 4836 309 4893 ξ
358 4826 643 4893 adductus,
671 4828 724 4881 in
744 4838 994 4893 magnum
1014 4823 1138 4881 ﬁdei
1164 4841 1275 4881 sua:
1298 4827 1611 4896 praesagium
1638 4826 1843 4901 audivit
1868 4826 1934 4882 ab

297 4906 305 4918 ’
360 4932 449 4984 eo,
471 4917 551 4972 'l‘u
580 4929 640 4971 es
668 4914 849 4970 Simon
881 4913 1023 4969 ﬁlius
1054 4912 1281 4983 Joanna,
1313 4923 1368 4970 tu
1398 4916 1675 4971 vocaberis
1699 4916 1931 4985 Ceptias,

293 4997 301 5016 ’
363 5008 508 5079 quod
536 5010 917 5076 interpretatur
948 5005 1157 5070 Petrus,
1187 5014 1244 5060 ut
1284 5006 1388 5061 hoc
1413 5006 1629 5061 nomine
1659 5008 1815 5061 modo
1836 5022 1933 5076 ap-

362 5098 645 5168 pellaverit
674 5096 952 5161 Dominus,
982 5095 1166 5150 dicens
1191 5113 1202 5148 :
1228 5095 1309 5150 Tu
1337 5113 1387 5152 es
1418 5095 1603 5151 Petrus
1621 5138 1637 5164 ,
1662 5112 1765 5152 non
1791 5096 1934 5150 enim

358 5190 457 5255 ait,
484 5188 566 5244 Tu
588 5188 866 5243 vocaberis
897 5186 1117 5253 Petrus,
1147 5187 1240 5241 sed
1276 5197 1330 5241 tu
1358 5205 1407 5241 es
1437 5186 1654 5254 Petrus,
1690 5187 1829 5257 quod
1854 5188 1935 5241 di-

358 5293 504 5340 ctum
538 5281 710 5339 fuerat
730 5289 907 5335 antea.
956 5280 1106 5335 Sicut
1142 5289 1321 5334 autem
1352 5279 1593 5335 Christus
1622 5281 1768 5335 dedit
1803 5294 1934 5348 apo-

358 5375 513 5429 stolis
553 5387 749 5429 nomen
780 5410 796 5437 ,
844 5380 900 5425 ut
938 5372 1026 5425 lux
1060 5370 1143 5426 vel
1180 5371 1259 5426 sal
1296 5381 1451 5427 terrae
1478 5382 1815 5441 vocarentur,
1863 5373 1934 5425 ita

354 5466 486 5524 huic
509 5466 725 5536 egregio
753 5463 1050 5520 confessori
1079 5478 1199 5529 suo,
1240 5465 1329 5535 qui
1367 5464 1575 5531 Simon,
1597 5467 1650 5523 id
1681 5475 1763 5520 est
1808 5466 1936 5519 obe-

355 5559 535 5623 diens,
566 5544 724 5612 antea
754 5555 1064 5622 vocabatur,
1107 5554 1176 5610 ob
1205 5556 1366 5610 robur
1407 5555 1614 5611 invicta:
1647 5556 1765 5609 ﬁdei
1798 5555 1939 5610 Petri

360 5665 556 5707 nomen
586 5649 813 5715 indidit,
862 5650 985 5717 quia
1035 5649 1283 5704 videlicet
1332 5648 1411 5703 illi
1451 5648 1624 5703 tenaci
1654 5658 1831 5702 mente
1859 5647 1940 5701 in-

358 5742 521 5797 haesit
545 5743 614 5798 de
635 5756 741 5813 quo
762 5742 1023 5811 scriptum
1055 5750 1158 5809 est,
1187 5740 1345 5797 Petra
1373 5749 1541 5796 autem
1571 5751 1681 5795 erat
1707 5740 1937 5797 Christus

360 5832 412 5907 (1
441 5832 561 5891 Cor.
586 5832 666 5906 ι).
708 5832 866 5889 Petra
893 5826 1070 5888 autem
1105 5849 1209 5888 non
1243 5849 1338 5906 per
1366 5832 1676 5903 essentiam,
1709 5832 1806 5891 sed
1844 5848 1938 5905 per

682 5924 955 5988 ΡΑΤιιοι..
1019 5922 1209 5992 XCV.

2033 3355 2065 3397 a
2093 3355 2205 3397 suae
2238 3344 2572 3401 rectitudinis
2595 3356 2737 3403 statu
2772 3347 3041 3417 dejicere,
3089 3359 3144 3406 et
3184 3360 3402 3409 aeterna:
3443 3358 3609 3411 morti

2034 3432 2256 3500 cupiunt
2282 3432 2546 3490 obnoxios
2572 3435 2818 3493 reddere.
2865 3437 2972 3492 Sed
3017 3447 3071 3493 et
3118 3453 3400 3506 pravorum
3434 3440 3609 3497 homi-

2035 3532 2162 3579 num
2201 3539 2366 3593 opera
2389 3535 2550 3596 atque
2578 3526 2763 3599 inepta
2788 3529 3090 3598 colloquia,
3124 3546 3241 3601 quae
3273 3533 3326 3588 in
3362 3532 3612 3593 ﬁdelibus

2035 3618 2314 3675 introitum
2344 3624 2532 3678 mortis
2569 3624 2847 3694 aperiunt,
2876 3635 3045 3695 portae
3071 3636 3196 3682 sunt
3224 3629 3404 3700 utique
3430 3631 3604 3698 inferi,

2034 3709 2089 3765 in
2136 3721 2391 3781 quantum
2418 3713 2747 3770 auditoribus
2772 3716 2858 3772 vel
2882 3719 3198 3787 sequacibus
3231 3721 3333 3778 iter
3360 3723 3613 3791 perditio-

2037 3802 2122 3857 nis
2150 3804 2464 3859 ostendunt.
2491 3804 2597 3860 Sed
2616 3820 2680 3860 ex
2712 3805 2796 3861 his
2825 3808 3079 3865 vitiorum
3108 3813 3275 3881 portis
3301 3816 3443 3871 nulla
3474 3833 3612 3886 pra:-

2037 3893 2179 3949 valet
2226 3894 2483 3949 adversus
2510 3892 2804 3952 Ecelesiam
2830 3936 2845 3963 ,
2896 3914 3015 3969 quae
3059 3916 3220 3971 supra
3250 3914 3452 3973 petram
3492 3908 3611 3963 fun-

2036 3981 2161 4037 data
2192 3992 2293 4050 est,
2324 3985 2444 4052 quia
2468 3985 2767 4058 quicunque
2786 4002 2947 4058 supra
2977 4000 3202 4061 petram,
3228 4008 3345 4063 qua:
3366 3995 3612 4053 Christus

2037 4084 2136 4140 est,
2169 4089 2265 4144 per
2292 4075 2449 4131 fidem
2488 4087 2543 4133 et
2585 4079 2781 4135 bonam
2830 4083 3193 4152 operationem
3226 4086 3450 4143 ﬁrmiter
3488 4085 3611 4143 fun-

2039 4166 2198 4224 datus
2223 4162 2405 4237 fuerit,
2438 4172 2597 4228 nullis
2623 4175 2971 4232 tentationum
2999 4177 3205 4234 insidiis
3229 4196 3257 4234 a
3280 4190 3420 4237 statu
3450 4195 3613 4239 recta:

2038 4259 2161 4315 fidei
2192 4261 2347 4333 dejici
2373 4302 2387 4329 ,
2418 4265 2577 4320 nullis
2624 4269 3037 4325 adversitatibus
3076 4272 3142 4326 ad
3184 4287 3367 4329 casum
3411 4275 3610 4345 impelli

2037 4354 2256 4422 poterit.
2297 4356 2397 4423 Qui
2429 4372 2561 4413 vero
2592 4360 2871 4417 tentatioui
2915 4365 3242 4432 succumbit,
3274 4366 3360 4423 hic
3394 4384 3499 4423 non
3526 4385 3616 4425 su-

2039 4458 2135 4513 per
2179 4454 2386 4515 petram
2436 4446 2663 4504 solidam
2690 4492 2705 4518 ,
2752 4451 2845 4508 sed
2884 4467 3045 4522 super
3081 4469 3296 4511 arenam
3326 4458 3615 4527 pendulam

2039 4534 2162 4591 ﬁdei
2210 4536 2433 4595 domum
2474 4542 2769 4599 aediﬁcasse
2824 4545 3123 4603 credendus
3172 4558 3296 4617 est,
3354 4551 3476 4621 quia
3509 4567 3616 4607 non

2040 4640 2226 4684 amore
2266 4629 2544 4697 veritatis,
2604 4635 2697 4689 sed
2742 4634 2970 4706 alicujus
3021 4640 3324 4707 temporalis
3372 4642 3616 4698 utilitatis

2039 4720 2280 4788 obtentu,
2313 4722 2449 4778 falso
2479 4739 2672 4781 nomen
2704 4725 2901 4782 Christi
2932 4730 3236 4799 assumpsit.
3270 4731 3336 4784 Et
3366 4733 3455 4786 tibi
3483 4734 3615 4787 dabo

2039 4812 2204 4868 claves
2225 4816 2368 4883 regni
2392 4818 2652 4872 caelorum.
2694 4818 2885 4875 Claves
2911 4822 3061 4891 regni
3088 4823 3348 4878 caelorum
3378 4839 3485 4879 non
3519 4827 3612 4880 de-

2040 4906 2229 4963 bemus
2259 4910 2532 4978 pueriliter
2554 4911 2760 4977 epinari
2796 4914 3159 4986 cujuscunque
3187 4930 3304 4972 esse
3350 4922 3607 4986 materne,

2043 5015 2098 5060 ut
2129 5014 2253 5075 puta
2283 5008 2487 5076 argenti
2517 5007 2601 5063 vel
2630 5008 2780 5078 auri,
2809 5012 2903 5065 sed
2940 5026 3035 5080 per
3062 5012 3240 5066 claves
3263 5012 3376 5083 ipsa
3409 5014 3614 5069 discer-

2042 5100 2202 5154 nendi
2250 5103 2510 5155 sententia
2565 5102 2903 5170 potentiaque
2947 5101 3292 5170 designatur,
3358 5119 3477 5172 quin
3528 5105 3614 5159 di-

2044 5207 2177 5262 gnos
2204 5196 2365 5246 sciret
2394 5193 2444 5244 in
2477 5207 2697 5261 regnum
2731 5194 3000 5259 recipere,
3042 5193 3234 5260 impios
3266 5208 3391 5247 vero
3418 5209 3447 5247 a
3478 5193 3612 5249 bea-

2044 5282 2271 5336 titudine
2303 5283 2444 5335 illius
2472 5281 2741 5336 felicitatis
2765 5282 3068 5338 excludere.
3097 5284 3225 5348 Quae
3253 5285 3430 5340 claves
3458 5285 3614 5340 idcir-

2043 5387 2107 5427 cn
2165 5373 2320 5427 beato
2374 5371 2533 5425 Petro
2580 5373 2845 5439 apostolo,
2898 5375 2986 5442 qui
3037 5376 3225 5443 potiori
3273 5375 3612 5431 confessione

2044 5480 2153 5534 prae
2182 5465 2390 5519 caeteris
2413 5478 2592 5533 regem
2625 5465 2881 5519 ctelorum
2912 5466 3185 5523 confessus
3215 5478 3324 5536 est,
3366 5471 3612 5538 speciali-

2045 5568 2125 5613 ter
2149 5568 2270 5613 sunt
2295 5558 2523 5626 collatae,
2553 5568 2609 5612 ut
2634 5567 2903 5615 constaret
2933 5562 3053 5630 quia
3080 5561 3279 5630 absque
3310 5576 3369 5617 ea
3398 5562 3608 5617 confes-

2042 5653 2197 5703 sione
2225 5660 2278 5703 et
2311 5649 2416 5704 ﬁde
2446 5665 2546 5719 qua
2583 5651 2698 5720 ipse
2741 5651 3008 5706 Christum
3035 5649 3360 5715 declaravit,
3388 5666 3607 5721 regnum

2042 5741 2296 5796 (telorum
2344 5742 2519 5797 nullus
2561 5743 2989 5812 posset'intrare.
3038 5742 3103 5797 Et
3128 5742 3454 5813 quodcunque
3483 5743 3610 5810 liga-

2042 5831 2172 5889 veris
2200 5848 2357 5903 super
2387 5841 2607 5891 terram.
2656 5834 2750 5889 erit
2779 5832 2995 5906 ligatum
3032 5841 3081 5889 et
3106 5834 3159 5886 in
3182 5832 3316 5889 ctelis
3336 5846 3355 5889 :
3379 5842 3426 5888 et
3447 5831 3611 5903 quod-

3057 5921 3135 5985 lt7
