4096 6346
537 336 671 396 1485

1381 331 1585 389 psum
1623 330 1894 388 DIACONI
1935 294 2107 385 ore.
2130 327 2329 386 rans.
2372 327 2438 385 ιι.
2477 359 2550 373 -
2586 331 2946 390 ascertca.

3648 337 3792 394 “81

536 463 729 517 cunque
756 444 973 501 sotveris
1000 460 1149 516 super
1178 452 1388 511 terram,
1422 446 1515 499 erit
1542 444 1763 498 solutum
1786 453 1832 498 et
1858 444 1910 497 in
1941 442 2103 498 caelis.
2136 450 2187 514 Α
2211 442 2465 512 ostendit,
2498 450 2605 500 etc.
2648 444 2868 516 Reliqua
2889 447 3003 501 vide
3043 447 3187 517 apud
3212 456 3445 504 sanctum
3480 450 3796 523 Chrysosto-

534 540 661 594 Haec
690 536 930 591 solvendi
980 546 1137 605 atque
1170 536 1365 605 ligandi
1414 546 1682 605 potestas,
1727 536 1971 606 quamvis
2007 536 2110 592 soli

533 632 693 687 Petro
723 644 753 685 a
786 629 1013 685 Domino
1039 630 1233 684 collata
1264 643 1386 685 esse
1410 629 1670 696 videatur,
1704 630 1952 685 omnibus
1981 646 2111 701 quo-

533 738 640 795 que
676 722 1001 793 generaliter
1050 722 1309 791 apostolis
1351 721 1451 775 sub
1496 721 1613 793 ejus
1654 736 1879 791 persona
1920 723 2111 779 collata

542 828 645 874 est.
687 817 818 873 Nam
845 825 898 871 et
925 824 1046 887 post
1071 831 1181 870 sua:
1211 816 1624 870 resurrectionis
1654 815 1885 870 nobilem
1917 817 2110 871 trium-

534 913 725 981 phum,
754 922 1018 979 apparens
1041 907 1146 963 illis
1179 908 1428 961 omnibus
1455 916 1637 978 aperte
1675 907 1845 962 dixit:
1881 908 2113 975 Quorum

533 1003 829 1058 rentiseritis
880 1010 1087 1070 peccata
1106 1040 1124 1067 ,
1173 1001 1492 1053 remittuntur
1514 1002 1585 1054 eis
1610 1015 1631 1056 :
1668 1011 1716 1056 et
1753 1019 1965 1072 quorum
1993 1004 2113 1056 reti-

535 1095 781 1160 rtueritis,
822 1102 1017 1148 retenta
1056 1101 1175 1146 sunt
1199 1090 1376 1162 (Joan.
1410 1093 1524 1162 xx).
1558 1092 1690 1148 Nam
1721 1095 1859 1149 sicut
1886 1095 2113 1149 interro—

535 1187 674 1257 gatis
731 1185 1054 1257 generaliter
1101 1184 1354 1239 omnibus
1382 1226 1396 1249 ,
1459 1184 1648 1239 Petrus
1694 1186 1982 1256 respondet
2018 1200 2113 1254 pro

535 1281 783 1335 omnibus
809 1319 823 1343 ,
872 1279 942 1332 ita
976 1292 1027 1332 et
1051 1277 1194 1348 quod
1243 1277 1498 1333 Dominus
1526 1277 1689 1333 Petro
1720 1278 2025 1349 respondet,
2060 1278 2112 1334 in

535 1372 695 1427 Petro
710 1370 956 1426 omnibus
974 1369 1268 1439 respondit.
1294 1370 1429 1437 Quin
1452 1369 1611 1425 etiam
1635 1371 1882 1425 omnibus
1898 1370 2112 1441 episco-

533 1463 617 1533 pis
661 1477 722 1517 ac
775 1461 1101 1531 presbyteris
1148 1461 1201 1515 in
1251 1460 1493 1516 Ecclesia
1524 1461 1663 1516 idem
1699 1462 1933 1517 officium
1962 1476 2113 1517 com-

539 1552 813 1619 mittitur,
885 1563 942 1607 ut
990 1552 1239 1607 videlicet
1285 1551 1480 1621 agnitis
1526 1552 1860 1622 peccantium
1912 1551 2111 1619 causis,

529 1644 682 1717 juxta
720 1641 936 1697 modum
963 1642 1238 1713 culparum
1263 1642 1344 1707 vel
1368 1641 1714 1711 pmnitentize,
1741 1642 1935 1713 ligandi
1956 1653 2117 1713 atque

534 1738 777 1794 solvendi
807 1745 1097 1793 exerceant
1128 1744 1468 1806 potestatem,
1502 1736 1570 1790 ita
1595 1736 1853 1789 duntaxat
1885 1742 1941 1789 ut
1972 1731 2114 1804 quod

539 1831 703 1889 etiam
735 1830 838 1887 hoc
870 1841 1113 1899 tempore
1165 1829 1217 1882 in
1264 1827 1534 1882 nonnullis
1574 1825 1941 1883 sacerdotibus
1966 1827 2112 1882 inve-
2141 1824 2191 1886 Β

531 1925 703 1989 nitur,
737 1939 834 1978 nec
861 1937 955 1978 eos
986 1923 1074 1992 qui
1103 1922 1345 1976 insontes
1370 1921 1452 1975 vel
1476 1920 1676 1975 innoxii
1695 1930 1819 1975 sunt
1839 1922 2114 1989 damnent,

533 2032 635 2074 nec
665 2018 786 2072 illos
815 2016 902 2086 qui
920 2015 1316 2070 damnationem
1333 2023 1604 2069 merentur
1620 2028 1840 2069 securos
1868 2024 2114 2081 tanquam

532 2108 600 2165 de
631 2108 897 2163 solutione
927 2115 1253 2177 praesumant
1281 2105 1524 2161 reddere.
1559 2106 1698 2161 Sunt
1724 2106 1866 2160 enim
1896 2105 2113 2175 quidam

538 2203 629 2273 qui
659 2201 785 2258 dum
818 2200 993 2256 minus
1025 2214 1180 2257 caute
1227 2201 1652 2256 extraordinarie
1682 2202 1781 2255 hac
1813 2201 1997 2255 volunt
2040 2202 2115 2256 uti

535 2304 818 2363 potestate,
850 2296 1055 2360 seipsos
1088 2294 1296 2362 privant
1325 2293 1679 2348 confessionis
1709 2309 1951 2362 tnunere,
1983 2293 2112 2348 dum

532 2386 785 2441 videlicet
817 2394 1004 2454 putant
1043 2399 1102 2438 se
1147 2400 1307 2455 posse
1351 2386 1513 2455 ligare
1558 2398 1652 2438 eos
1697 2386 1785 2453 qui
1814 2385 2021 2439 scilicet
2061 2385 2113 2439 in

537 2474 719 2529 divino
748 2483 1039 2543 conspectu
1088 2474 1247 2528 soluti
1272 2484 1428 2538 sunt,
1475 2484 1633 2545 atque
1662 2489 1757 2529 eos
1788 2475 1996 2529 solvere
2026 2474 2115 2543 qui

537 2566 677 2635 apud
716 2565 980 2636 judicium
1033 2566 1125 2620 Dei
1180 2566 1390 2635 proprio
1444 2576 1592 2621 reatu
1640 2565 1785 2633 ligati
1847 2575 2113 2622 tenentur.

535 2660 722 2729 Magna
753 2674 879 2729 ergo
912 2658 1183 2728 vigilantia
1203 2699 1217 2723 ,
1252 2673 1547 2728 magnoque
1575 2658 1750 2711 studio
1782 2659 1981 2715 sanctis
2015 2658 2115 2714 Ec-

533 2754 712 2809 clesia:
760 2753 1065 2821 pastoribus
1114 2753 1227 2805 haec
1270 2752 1551 2820 judiciaria
1588 2754 1844 2806 severitas
1868 2768 2020 2822 teque
2053 2752 2116 2807 Ii-

534 2846 735 2901 branda
767 2855 891 2912 est,
947 2855 1000 2899 ct
1049 2845 1174 2898 illud
1220 2859 1433 2912 semper
1479 2854 1726 2913 suspecte
1774 2844 2113 2914 cogitandum

531 2936 669 3007 quod
710 2937 777 2992 de
822 2950 1070 3004 IBI'VtBI‘SO
1117 2935 1475 3005 cogitantibus
1518 2948 1614 3003 per
1655 2935 1970 3002 prophetam
2002 2932 2113 2989 Dn-

534 3031 712 3084 minus
744 3028 911 3082 dicit:
944 3026 1333 3097 Mortiﬁcabant
1362 3026 1559 3079 animas
1597 3040 1711 3096 qua:
1740 3042 1840 3078 non
1880 3025 2113 3079 moriun-

537 3133 640 3186 tur,
692 3130 738 3174 et
786 3121 1104 3188 riviﬁcubaut
1149 3121 1346 3172 anilitas
1390 3133 1502 3188 quia
1542 3132 1645 3172 non
1691 3116 1861 3170 vivunt
1893 3114 2108 3187 (Ezeclt.

2219 550 2382 605 mam,
2399 537 2617 609 Operam
2640 541 2750 611 ejus
2769 541 2819 593 in
2841 541 3059 595 editione
3081 553 3254 596 nostra
3274 554 3412 598 tanta
3434 544 3494 599 II
3506 588 3519 613 ,
3538 546 3641 601 col.
3660 548 3793 606 £83.

2713 649 2990 706 HOMILIA
3029 652 3265 709 XXVIII.

2680 757 2757 796 ιδις
2822 758 3039 799 EODEI
3106 760 3331 802 FBS‘I’O.

2216 831 2319 904 (Ex
2345 831 2520 904 Opere
2558 832 2872 910 imperfecto
2913 836 2965 888 in
3010 835 3337 903 Mattharum,
3370 840 3511 910 apud
3550 851 3801 902 saacmm

2553 905 3016 977 Chrysostomnm,
3050 909 3191 962 inter
3221 905 3452 982 spuria.)

2288 994 2355 1050 In
2384 996 2473 1051 illo
2502 1005 2727 1067 tempore
2747 998 2875 1051 dixit
2899 998 3081 1054 Simon
3108 999 3289 1056 Petrus
3319 1004 3388 1056 ad
3410 1002 3591 1058 Iesum
3617 1022 3637 1058 :
3664 1006 3806 1061 Ecce

2217 1102 2310 1141 nos
2340 1090 2632 1155 reliquimus
2676 1090 2868 1154 omnia,
2913 1099 2961 1144 et
3007 1092 3164 1145 secuti
3207 1109 3383 1147 sumus
3409 1104 3491 1160 te;
3518 1097 3645 1166 quid
3678 1114 3806 1169 ergo

2216 1180 2309 1234 erit
2332 1180 2512 1233 nobis!
2536 1191 2640 1235 etc.
2695 1179 2909 1250 (Matth.
2939 1184 3077 1252 xix).

2288 1272 2548 1339 Quoniam
2597 1272 2852 1341 possibile
2912 1272 3010 1326 fuit
3057 1273 3169 1329 Deo
3240 1276 3450 1333 salvare
3516 1278 3805 1336 Iudaicum

2217 1363 2469 1431 populum
2510 1364 2706 1417 multas
2754 1365 2806 1417 in
2847 1363 2963 1433 lege
2991 1364 3204 1425 divitias
3245 1367 3629 1436 possidentem,
3678 1387 3808 1427 crte.

2217 1453 2456 1509 dentium
2486 1453 2788 1510 Iudaeorum
2838 1458 3120 1512 multitudo
3166 1467 3410 1523 testatur.
3441 1471 3549 1517 etc.
3585 1463 3805 1535 Reliqua

2215 1544 2331 1600 uide
2377 1544 2602 1613 Operam
2650 1548 2816 1601 sancti
2863 1547 3214 1619 Chrysostomi
3259 1553 3313 1606 iu
3355 1553 3580 1610 editione
3623 1566 3801 1611 nostra

2217 1646 2353 1694 tonio
2386 1636 2485 1707 γι,
2507 1640 2612 1695 col.
2647 1640 2773 1707 8I2,
2802 1641 2895 1695 lin.
2924 1640 3015 1696 77.

2743 1732 3026 1805 HOMILIA
3064 1733 3259 1791 XXIX.

2748 1841 2815 1880 DE
2853 1841 3028 1880 εοοειι
3076 1842 3265 1883 FISTO.

2499 1916 2601 1989 (Ex
2632 1917 2768 1989 Opp.
2803 1919 2943 1974 beati
2976 1919 3187 1974 Maximi
3228 1920 3516 1991 episcopi.)

2289 2011 2420 2067 Cum
2471 2027 2659 2067 omnes
2706 2014 2842 2069 beati
2885 2015 3115 2084 apostoli
3162 2030 3344 2085 parem
3387 2018 3615 2087 gratiam
3659 2022 3805 2089 apud

2218 2105 2500 2160 Dominum
2559 2107 2860 2161 sanctitatis
2907 2108 3205 2173 obtineant,
3255 2120 3362 2165 etc.
3424 2110 3641 2179 Reliqua
3691 2116 3808 2171 ride

2217 2184 2357 2267 apud
2386 2199 2583 2252 beatum
2612 2196 2915 2267 Maximum,
2950 2196 3272 2270 Patrologite
3307 2210 3441 2256 torno
3476 2200 3663 2270 LVII,
3700 2206 3803 2259 col.

2216 2288 2343 2349 m’
2754 2360 3042 2419 HUIILIA
3081 2362 3250 2418 xxx.

2762 2471 2830 2510 ιιι
2851 2470 3027 2511 εουει
3056 2471 3246 2512 νεετο.

2612 2547 2713 2618 (Ex
2741 2550 2878 2619 Opp.
2910 2551 3050 2605 beati
3088 2552 3415 2624 Augustini.)

2289 2634 2465 2691 Filioli
2495 2638 2618 2701 mei,
2647 2640 2831 2695 audite
2860 2656 2978 2708 nos,
3009 2649 3066 2696 et
3099 2642 3323 2699 liberato
3356 2659 3478 2714 vos,
3509 2652 3617 2701 etc.
3648 2645 3804 2701 Reli-

2214 2747 2315 2801 qua
2344 2733 2457 2785 uide
2483 2731 2710 2803 Operum
2736 2737 2898 2788 sancti
2928 2737 3201 2806 Augustini
3231 2747 3367 2795 tam
3395 2737 3463 2809 γ,
3487 2738 3804 2814 Ρωηιοςίι

2214 2822 2484 2892 XXXIX,
2510 2824 2617 2879 col.
2650 2825 2812 2882 2124.

2750 2917 3034 2975 HOMILIA
3074 2921 3267 2979 XXXI.

2751 3024 2821 3069 bl
2860 3029 3035 3068 BODBI
3078 3030 3262 3071 σκετο.

2828 3105 2930 3174 (Ex
2954 3108 3198 3176 eodem.)

532 3184 671 3283 xm).
715 3184 999 3279 Perspecta
1048 3211 1206 3280 igitur
1251 3184 1412 3262 causa
1443 3206 1674 3273 peccati,
1716 3222 1850 3277 quos
1878 3184 2113 3261 viderint
2138 3184 2188 3253 Ο
2288 3196 2481 3253 Notum
2511 3196 2667 3254 nobis
2696 3200 2947 3255 omnibus
2975 3212 3080 3267 est,
3110 3202 3305 3258 fratres
3332 3204 3667 3277 charissimi,
3696 3219 3800 3267 etc.

530 3306 692 3374 digna
734 3303 1144 3372 compunCtione
1192 3311 1365 3355 errata
1408 3300 1626 3365 delere,
1674 3297 1771 3355 hos
1820 3313 1851 3352 a
1880 3298 2110 3354 vinculis

533 3406 751 3451 aeternae
801 3398 988 3450 mortis
1035 3394 1380 3462 pronuntient
1429 3392 1738 3457 absolutos;
1798 3406 1934 3460 quos
1984 3405 2110 3446 vero

536 3487 881 3558 probaverint
928 3498 1122 3553 segnes
1172 3498 1290 3537 esse
1329 3482 1379 3534 in
1418 3479 1726 3549 pcenitentia
1759 3479 1983 3549 agenda,
2012 3494 2110 3536 nec

542 3581 713 3635 Solum
747 3586 961 3648 peccata
988 3592 1092 3630 non
1122 3574 1332 3644 placere
1353 3616 1367 3640 ,
1392 3589 1579 3628 verum
1612 3573 1661 3627 in
1692 3573 1795 3626 illis
1826 3572 1960 3627 velle
1988 3590 2109 3644 per-

538 3685 778 3735 manere,
832 3670 951 3723 illos
989 3668 1186 3723 debent
1216 3665 1570 3721 damnationis
1608 3674 1877 3736 perpetua:
1907 3667 2107 3737 suppli-

534 3759 632 3815 ciis
654 3758 978 3829 adjudicare,
1007 3768 1061 3811 ut
1079 3761 1154 3812 sic
1176 3768 1372 3825 aperta:
1396 3757 1753 3813 damnationis
1774 3774 1834 3812 cx
1863 3770 2107 3829 prompta

529 3850 864 3907 districtione
891 3890 905 3915 ,
938 3850 1171 3905 salubria
1205 3851 1534 3921 paenitentiae
1581 3858 1635 3905 et
1679 3851 1993 3905 humilitatis
2014 3852 2107 3906 de-

528 3955 672 4001 creta
703 3954 958 4013 cogantur
979 3944 1177 3999 subire.
1221 3942 1456 4012 Denique
1483 3943 1669 3998 beatus
1698 3942 1909 4009 Petrus,
1942 3952 1996 3996 ut
2026 3943 2108 3997 di-

528 4047 671 4093 ctum
704 4049 806 4103 est,
840 4038 928 4107 qui
959 4036 1229 4091 Christum
1257 4051 1378 4090 vera
1414 4036 1518 4090 iide
1550 4036 1860 4100 confessus,
1885 4046 1937 4089 et
1966 4035 2105 4090 invi-

527 4140 615 4185 cto
635 4139 909 4184 estamore
933 4128 1488 4197 secutus,specialiter
1508 4137 1560 4181 et
1578 4128 1758 4183 claves
1776 4128 1921 4200 regni
1942 4128 2106 4184 coelo-

529 4238 670 4288 rum,
692 4230 744 4277 et
772 4237 947 4278 arcem
969 4220 1264 4293 judiciariaa
1292 4222 1567 4290 potestatis
1592 4220 1817 4291 accepit,
1846 4233 1898 4275 ut
1920 4238 2106 4278 omnes

527 4315 582 4371 in
608 4316 827 4371 Christo
874 4315 1155 4370 credentes
1188 4315 1485 4385 intelligant
1532 4314 1653 4385 quia
1703 4315 2009 4386 quicunque
2037 4316 2105 4371 ab

528 4406 730 4461 unitate
781 4405 903 4461 lidei
956 4406 1039 4460 vel
1086 4405 1357 4460 societatis
1408 4404 1550 4460 illius
1599 4405 1999 4477 quomodolibet
2045 4422 2105 4464 se

525 4508 846 4568 segregant,
892 4499 1020 4552 tales
1057 4513 1155 4553 nec
1184 4512 1214 4551 a
1249 4497 1470 4553 vinculis
1501 4509 1844 4568 peccatorum
1874 4499 2099 4568 absolvi,

2217 3289 2441 3364 Reliqua
2486 3292 2598 3348 ride
2627 3303 2762 3348 tomo
2789 3306 2842 3348 ut
2874 3311 3049 3362 supra,
3078 3299 3179 3350 col.
3204 3297 3369 3354 2H9.

2734 3386 3013 3443 IIOMILIA
3052 3387 3272 3447 XXXII.

2750 3494 2818 3533 DE
2858 3494 3032 3534 εοοιειι
3072 3495 3259 3536 1⁵881⁵0.

2493 3570 2596 3642 (Ex
2622 3569 2758 3640 Opp.
2794 3571 2932 3625 beati
2968 3573 3180 3627 Maximi
3220 3572 3508 3645 episcopi.)

2284 3659 2714 3717 Gloriosissimos
2757 3660 3076 3719 Christianae
3124 3665 3246 3719 fidei
3293 3668 3559 3734 principes
3598 3670 3794 3725 annuis

2213 3756 2647 3810 solemnitatibus
2681 3759 3031 3825 honorantes,
3074 3759 3265 3813 fratres
3311 3761 3632 3825 charissimi,
3679 3774 3791 3820 etc.

2216 3848 2433 3916 Reliqua
2461 3849 2574 3903 vide
2615 3851 2746 3903 inter
2774 3849 2948 3918 Opera
2988 3852 3149 3905 sancti
3187 3849 3431 3921 Maximi,
3479 3852 3795 3928 Patrologia

2211 3951 2348 3995 tomo
2370 3940 2413 3994 L
2431 3939 2560 4011 VII,
2593 3944 2691 3996 col.
2718 3942 2842 3997 3J1.

2712 4033 2994 4089 IIOMILIA
3034 4032 3276 4091 XXXIII.

2381 4140 2435 4181 IN
2474 4140 2683 4183 OCTAVA
2723 4143 3101 4183 Αροδτοιιιιιυιί
3142 4143 3300 4183 PETRI
3336 4144 3407 4185 ΕΤ
3444 4145 3626 4188 PAULI.

2600 4220 2700 4292 (Ex
2733 4219 2868 4290 Opp.
2900 4222 3041 4276 beati
3069 4223 3399 4293 Augustini.)

2278 4312 2347 4369 In
2378 4313 2467 4369 illo
2500 4322 2741 4384 tempore,
2769 4314 2925 4386 jussit
2962 4311 3114 4369 Iesus
3149 4316 3432 4385 discipulos
3466 4331 3589 4370 suos
3621 4332 3788 4370 om

2208 4411 2328 4463 dere
2372 4411 2426 4463 in
2456 4411 2767 4475 naviculam,
2802 4418 2849 4461 et
2896 4408 3183 4480 prwcedere
3225 4424 3343 4461 eum
3385 4417 3533 4461 trans
3581 4410 3791 4475 fretum,

2206 4503 2367 4557 donec
2396 4504 2669 4556 dimitteret
2698 4501 2895 4556 turbas.
2927 4501 2993 4556 Et
3036 4502 3249 4555 dimissa
3278 4502 3445 4568 turba,
3483 4504 3714 4557 essent“!
3740 4504 3796 4556 in

527 4604 627 4644 nec
674 4590 823 4657 regni
865 4587 1099 4643 cmlestis
1128 4589 1345 4657 januam
1385 4588 1591 4659 ingredi
1644 4599 1888 4660 possunt.
1937 4590 2100 4662 Cujus
2130 4577 2180 4638 υ
2203 4606 2424 4650 montem
2451 4595 2589 4650 solus
2617 4610 2785 4659 orare,
2810 4604 2915 4651 etc.
2948 4594 3164 4665 (Matth.
3194 4595 3327 4665 xiv).

527 4680 648 4750 quia
678 4678 1021 4733 festivitatem
1052 4693 1229 4733 annuo
1247 4692 1464 4733 recorsu
1483 4682 1864 4750 venerabilem,
1890 4694 1943 4737 ut
1975 4692 2099 4751 pote

523 4769 784 4843 principis
805 4768 1167 4841 apostolorum
1187 4807 1204 4836 ,
1234 4769 1434 4824 celebri
1461 4770 1867 4843 frequentamus
1893 4775 2098 4831 ofﬁcio-

523 4881 642 4921 rum
689 4864 971 4934 obsequio,
1009 4864 1125 4933 ejus
1170 4863 1223 4918 in
1261 4871 1514 4932 quantum
1546 4880 1826 4934 possumus
1852 4867 2096 4936 exempla

522 4956 720 5012 imitari
747 4966 1076 5027 satagamus,
1104 4955 1300 5025 ubique
1326 4955 1573 5027 suffragia
1600 4973 1854 5027 poscere,
1885 4971 1937 5013 ut
1974 4962 2094 5031 quia

521 5047 624 5119 ipsi
656 5056 840 5103 sancta
890 5048 1125 5103 Ecclesia
1172 5056 1254 5102 est
1300 5048 1602 5117 specialiter
1630 5048 1954 5117 commissa,
1999 5067 2096 5106 nos

522 5142 610 5215 qui
637 5142 755 5213 ejus
792 5142 1031 5197 membra
1078 5141 1263 5197 ultima
1304 5156 1512 5210 sumus,
1550 5140 1757 5197 sedulis
1792 5142 2097 5211 patrociniis

520 5233 775 5303 adjuvare
795 5276 807 5299 ,
858 5241 913 5289 et
943 5234 993 5287 in
1028 5235 1178 5304 regni
1208 5234 1467 5289 caelorum
1495 5232 1718 5302 gloriam
1750 5232 1834 5301 pie
1865 5233 2097 5290 interve-

519 5323 720 5380 niendo
765 5325 1015 5393 dignetur
1052 5323 1327 5390 inducere,
1377 5333 1664 5392 praestante
1704 5322 1927 5378 Domino
1970 5324 2096 5380 Iesu

520 5416 755 5486 Christo,
786 5418 869 5472 cui
893 5416 1010 5470 laus
1032 5425 1084 5470 et
1110 5416 1275 5485 gloria
1303 5425 1386 5471 est
1410 5431 1529 5468 cum
1561 5414 1716 5471 Patre
1760 5415 1868 5471 Deo
1897 5416 1947 5470 in
1976 5419 2092 5472 uui-

520 5514 630 5564 tate
651 5506 881 5578 Spiritus
901 5507 1070 5560 sancti
1097 5492 1186 5574 per
1213 5515 1399 5561 cuncta
1424 5522 1634 5575 semper
1660 5506 1871 5561 saecula.
1898 5508 2084 5564 Amen.

1029 5598 1307 5652 IIOMILIA
1354 5598 1563 5652 XXVII.

793 5685 847 5723 IN
882 5684 1364 5724 COMMEHOBATIHNE
1406 5684 1583 5724 SANCTI
1624 5684 1805 5725 PAULI.

867 5742 968 5805 (Ex
998 5743 1135 5810 Opp.
1169 5743 1308 5794 beati
1336 5740 1748 5812 Citrysiistomi.)

590 5808 750 5867 Divus
780 5809 977 5868 Paulus
1005 5808 1096 5882 qui
1141 5821 1342 5869 tantam
1392 5808 1497 5869 vim
1526 5813 1772 5871 humana:
1796 5811 2087 5872 alacritatis

2272 4691 2618 4760 Evangelium
2653 4690 2795 4761 quod
2828 4690 3201 4745 recentissime
3234 4690 3517 4744 recitatum
3545 4698 3654 4755 est,
3686 4698 3793 4745 etc.

2200 4783 2419 4854 Reliqua
2449 4785 2561 4839 uide
2599 4786 2738 4855 apud
2769 4793 3000 4838 sanctum
3023 4783 3386 4855 Augustinum,
3421 4782 3653 4853 Operam
3680 4786 3795 4857 ejus

2200 4885 2336 4934 tomo
2369 4875 2437 4947 V,
2460 4874 2773 4947 Patrologia:
2798 4872 2955 4929 XXX
2974 4872 3140 4939 VIII,
3170 4874 3272 4932 col.
3304 4874 3428 4930 479.

2712 4965 2990 5023 HOMILIA
3032 4964 3278 5020 XXXIV.

2525 5079 2577 5117 IN
2610 5075 2806 5118 NA'I'ALI
2847 5073 3067 5115 SANCTE
3097 5069 3450 5114 ιι-ειιοιτλτις.

2465 5155 2577 5228 (Ex
2626 5158 2764 5224 Opp.
2819 5153 2989 5207 sancti
3038 5150 3282 5220 Gregorii
3324 5148 3519 5220 papae).

2264 5245 2332 5303 In
2356 5247 2448 5303 illo
2478 5258 2701 5319 tempore
2724 5246 2957 5312 loquente
2981 5242 3107 5297 Iesu
3135 5244 3203 5295 ad
3232 5242 3429 5307 turbas,
3460 5253 3576 5295 eccs
3620 5245 3791 5295 κτα

2192 5345 2306 5413 ejus
2335 5350 2383 5395 et
2412 5344 2597 5412 fratres
2626 5339 2825 5397 stabant
2865 5335 3019 5411 foris,
3064 5345 3347 5407 querentes
3391 5332 3535 5405 loqui
3575 5334 3645 5400 ei,
3674 5343 3792 5389 etc.

2198 5433 2414 5507 (Matth.
2444 5442 2564 5506 xit).

2269 5531 2452 5585 Sancti
2505 5528 2801 5599 Evangelii,
2852 5525 3045 5581 fratres
3093 5521 3420 5591 charissimi,
3470 5519 3656 5577 brevis
3703 5527 3791 5578 est

2198 5626 2356 5679 lectio
2389 5627 2631 5691 recitata,
2664 5632 2769 5678 etc.
2803 5622 3021 5691 Reliqua
3056 5620 3166 5674 vide
3197 5618 3339 5685 apud
3367 5628 3599 5669 sanctum
3641 5614 3790 5668 Cre-

2192 5718 2416 5789 gorium,
2464 5717 2687 5790 Operam
2734 5719 2845 5785 eius
2891 5723 3029 5770 tomo
3057 5709 3143 5783 Il,
3171 5709 3485 5782 Patrologite
3515 5704 3787 5772 LXXVI,

2191 5814 2291 5868 col.
2322 5810 2483 5870 1086.
