4096 6346
372 391 519 455 “85.

891 507 1171 565 HOMILIA
1188 506 1406 566 XXXV.

599 617 653 660 IN
684 618 882 660 NA'I'ALI
917 618 1105 659 REATE
1141 621 1321 659 IARUE
1358 620 1711 661 κλῦυΑιεκι.

742 694 848 762 (Ex
879 695 1016 762 Opp.
1050 695 1191 749 beati
1220 696 1548 766 Augustini.)

439 786 592 855 Quod
618 785 974 841 admonemur
1007 788 1215 842 Domini
1254 790 1482 854 eloquiis
1523 787 1591 843 de
1635 787 1832 843 divinis
1860 788 1936 844 Ie-

369 880 658 945 ctionibus,
694 890 797 936 etc.
847 879 1064 949 Reliqua
1095 880 1209 934 vide
1250 881 1390 952 apud
1434 891 1665 936 sanctum
1704 882 1948 950 Augusti-

369 988 511 1038 num,
561 970 788 1040 Operam
822 972 936 1044 ejus
981 981 1115 1026 tonso
1144 970 1211 1042 V,
1254 970 1570 1029 Patrotoaia
1603 970 1945 1044 XXXVIII,

369 1066 470 1121 col.
499 1062 626 1122 595.

878 1155 1159 1216 HOMILIA
1184 1156 1429 1213 XXXVI.

913 1264 963 1303 IN
1003 1264 1179 1304 BODEI
1218 1265 1405 1305 FBSTO.

685 1337 790 1406 (Ex
816 1336 955 1409 Opp.
988 1340 1125 1394 beati
1154 1339 1397 1410 Gregorii
1428 1344 1625 1412 papas.)

437 1425 505 1483 In
531 1427 622 1483 illo
663 1437 904 1498 tempore,
937 1431 1148 1502 rogabat
1186 1431 1367 1487 Iesum
1394 1434 1603 1504 quidam
1647 1433 1947 1492 Pharisarus

328 1526 341 1539 '
369 1529 422 1576 ut
444 1523 774 1577 manducaret
795 1539 917 1576 cum
936 1522 1048 1578 illo.
1075 1522 1140 1579 Et
1164 1526 1420 1597 ingressus
1442 1529 1645 1585 domum
1667 1528 1948 1599 Pharisas',

368 1612 638 1681 discubuit,
664 1622 773 1669 etc.
802 1613 953 1685 (Luc.
984 1616 1107 1687 vn).

442 1707 706 1777 Cogitanti
740 1709 871 1764 mihi
902 1710 969 1767 de
999 1711 1176 1769 Maria
1205 1713 1556 1784 pmnitentia,
1592 1713 1729 1773 ﬂere
1775 1721 1948 1789 magis

369 1800 502 1857 libet
529 1817 687 1871 quam
734 1802 935 1873 aliquid
983 1804 1185 1872 dicere,
1239 1816 1348 1862 etc.
1396 1807 1612 1877 Reliqua
1647 1810 1760 1865 vide
1805 1814 1942 1880 apud

1399 393 1862 455 HOMILIARIUS.
1889 426 1961 441 --
1981 397 2145 457 HOM.
2170 400 2257 457 DE
2287 400 2589 460 SANC'I‘IS.

3479 409 3619 468 1486

1963 519 2018 579 Α
2042 516 2397 585 migratiouis,
2418 518 2483 572 de
2511 516 2705 587 quibus
2730 517 2955 587 plurima
2975 527 3322 591 suppeterent
3346 528 3614 596 exempla,

2043 607 2089 660 si
2114 605 2385 662 fastidium
2412 625 2518 663 non
2548 619 2831 677 generaret
2858 611 3030 665 oratio
3077 613 3303 680 prolixa.
3334 614 3440 670 Sed
3485 616 3620 686 quid

2042 698 2215 753 visum
2265 700 2419 754 tuerit
2464 699 2709 755 Patribus
2755 701 2869 755 haec
2913 709 2988 756 ita
3034 703 3343 770 ordinasse,
3390 722 3498 762 non
3531 716 3618 764 est

2045 787 2207 843 modo
2257 792 2511 858 temporis
2558 804 2654 859 per
2699 791 2913 861 singula
2968 792 3146 848 dicere
3196 812 3210 849 :
3266 803 3469 852 tantum
3518 800 3623 856 sub

2050 880 2315 937 brevitate
2358 882 2714 952 perstringam
2760 898 2919 951 quam
2954 883 3213 939 hodierna
3242 884 3500 943 festivitas
3527 894 3624 945 ba-

2048 971 2227 1028 buerit
2246 986 2484 1027 causam.
2507 972 2564 1028 Si
2591 974 2879 1043 legentium
2907 974 3239 1043 displicuerit
3252 976 3454 1047 judicio
3477 979 3624 1050 justo

2049 1065 2371 1134 reprehendi
2412 1066 2480 1121 de
2527 1065 2758 1121 falsitate
2802 1080 2909 1119 non
2940 1066 3139 1120 timeo;
3172 1067 3292 1137 quia
3336 1082 3443 1124 non
3472 1072 3627 1140 quasi

2048 1156 2275 1227 alicujus
2302 1157 2635 1213 auctoritatis
2662 1157 2876 1225 publico
2907 1172 3045 1222 mea,
3078 1156 3175 1211 sed
3217 1160 3391 1215 minus
3416 1163 3626 1229 capaci-

2049 1248 2150 1303 bus
2175 1248 2402 1303 aliorum
2441 1248 2625 1318 aperio
2653 1250 2853 1302 clausa.
2877 1248 3101 1316 Augusti
3135 1250 3335 1305 mensis
3364 1250 3626 1308 Kalendas

1948 1396 1951 1397 ν
2050 1352 2178 1396 ante
2204 1342 2499 1395 Satvatoris
2543 1340 2607 1394 ad
2621 1349 2833 1394 ventum
2866 1340 3158 1394 celebravit
3189 1342 3497 1411 antiquitas,
3526 1358 3625 1399 cu-

2046 1431 2135 1501 jus
2196 1433 2528 1488 celebritatis
2584 1435 2903 1503 principium
2962 1436 3173 1490 videtur
3223 1437 3321 1490 sub
3372 1439 3630 1498 brevitate

2053 1523 2408 1591 pendendum.
2450 1525 2772 1579 Octavianus
2820 1525 3004 1580 Caesar
3052 1527 3323 1594 Augustus
3376 1528 3629 1585 Romanis

2055 1615 2334 1683 imperavit
2377 1615 2633 1672 fascibus.
2682 1616 2776 1672 Cui
2831 1632 2953 1672 cum
3006 1618 3295 1674 rebellaret
3345 1619 3627 1691 Egyptus,

2052 1706 2253 1763 bellum
2277 1710 2512 1778 suscepit
2530 1717 2719 1765 contra
2743 1710 2875 1764 lines
2895 1710 3033 1779 ejus,
3060 1711 3242 1780 inquo
3271 1712 3629 1784 Cleopatram,

2055 1798 2108 1852 in
2140 1816 2296 1868 quam
2326 1802 2642 1856 ceciderunt
2688 1803 2874 1857 ultima
2906 1819 3073 1874 regna
3121 1805 3547 1873 Ptolemaaorutn,
3579 1819 3631 1865 et

365 1902 596 1947 sanctum
635 1891 963 1966 Gregorium,
995 1895 1226 1966 Operam
1265 1900 1379 1970 ejus
1417 1909 1551 1957 tonio
1579 1900 1668 1974 II,
1700 1879 1953 1960 Patrae.
1981 1879 2031 1942 Β
2058 1890 2424 1947 incestans-um
2467 1908 2591 1948 cum
2637 1895 2808 1964 copiis
2858 1894 2969 1949 suis
3018 1898 3270 1951 contrivit
3316 1901 3630 1958 Antonium.

366 1993 465 2063 pic
491 1991 637 2048 LXX
657 1991 751 2063 VI,
780 1995 883 2051 col.
914 1994 1077 2051 1259.

857 2086 1142 2143 ΗΟΜΙΜΑ
1180 2086 1448 2145 XXXVII.

642 2189 696 2230 IN
733 2190 930 2233 NA'I'ALI
966 2191 1151 2234 SANC'I'I
1179 2193 1359 2234 JhCOBI
1399 2192 1677 2235 Αροετοιι.

668 2267 774 2339 (Ex
802 2268 939 2338 Opp.
964 2286 1086 2328 ven.
1114 2271 1269 2325 Bede
1297 2272 1648 2344 presbyteri.)

444 2352 513 2411 lit
537 2355 631 2412 ille
656 2365 884 2427 tempore
907 2361 1119 2416 accessit
1140 2361 1209 2415 ad
1223 2360 1401 2417 lerunt
1427 2373 1588 2416 mater
1602 2359 1827 2431 ﬁliorum
1853 2360 1951 2415 Zeo

365 2444 529 2504 bedei
568 2463 687 2502 cum
718 2449 844 2517 [iliis
873 2452 1004 2519 suis,
1031 2452 1259 2508 adorans
1288 2461 1337 2508 et
1365 2462 1534 2522 petens
1554 2452 1751 2524 aliquid
1779 2452 1841 2506 ab
1867 2466 1952 2517 eo,

364 2551 473 2601 σω.
504 2541 720 2612 (Matth.
750 2544 865 2614 xx).

442 2631 701 2691 Dominus
742 2635 902 2690 Iesus
943 2633 1192 2691 Christus
1236 2635 1483 2690 conditor
1533 2649 1595 2689 ac
1643 2634 1953 2703 redemptor

366 2734 579 2790 noster,
602 2735 709 2783 etc.
742 2724 966 2796 Reliqua
1004 2727 1118 2781 vide
1154 2727 1293 2795 apud
1320 2742 1433 2782 ven.
1466 2724 1685 2793 Bedant,
1728 2726 1955 2796 Operam

366 2816 482 2887 eius
509 2826 645 2873 tutuo
681 2815 745 2884 V,
764 2815 1079 2888 Petrolegire
1106 2816 1314 2885 XCIV,
1343 2817 1447 2871 col.
1468 2816 1597 2873 228.

857 2906 1140 2963 IIOMIIJA
1178 2908 1469 2965 XXXVIII.

644 3012 699 3053 IN
738 3013 978 3055 νηιευιιε
1015 3014 1174 3055 ΒΕΔΤΙ
1213 3014 1371 3054 PETRI
1409 3013 1689 3056 Αροετοιι.

440 3090 628 3147 Simon
677 3092 899 3148 Joannis
955 3091 1133 3155 ﬁlius,
1186 3091 1379 3148 Petrus
1426 3109 1454 3145 a
1499 3103 1648 3164 petra
1698 3102 1953 3161 vocatus,

366 3193 493 3253 post
522 3184 702 3253 pisces
732 3184 967 3252 piscator
1002 3184 1302 3249 hominum,
1345 3185 1602 3240 Ecclesia:
1631 3185 1955 3241 fundamen-

370 3282 507 3338 tum,
561 3272 845 3330 confessor
895 3274 986 3330 Dei
1037 3273 1180 3341 Filii,
1233 3284 1417 3343 pastor
1474 3276 1630 3331 ovilis
1673 3276 1953 3348 Dominici,

376 3367 646 3439 quondam
676 3368 966 3436 despectas
1006 3366 1260 3433 crucifer,
1304 3366 1465 3421 modo
1494 3368 1753 3422 caelorum
1786 3369 1955 3423 clavi-

370 3475 489 3529 ger,
525 3466 635 3514 tres
666 3473 761 3529 per
789 3459 914 3515 anni
944 3459 1204 3514 circulum
1232 3458 1348 3513 dies
1378 3460 1599 3513 festivos
1629 3457 1759 3514 facit
1789 3469 1845 3514 et
1872 3475 1962 3515 ce-

374 3550 577 3606 lebres.
622 3550 853 3606 Primam
896 3560 1172 3606 consecrat
1223 3550 1522 3605 Antiochia:
1567 3549 1841 3611 cathedra,
1870 3564 1957 3605 se~

373 3642 607 3698 cuudam
638 3642 819 3709 passio
846 3643 1021 3696 crucis
1066 3642 1323 3711 gloriosa,
1369 3643 1524 3696 tertia
1558 3652 1641 3696 est
1679 3642 1957 3707 hodierna,

373 3749 497 3803 qua:
544 3734 786 3788 titulatur
813 3732 879 3787 ad
926 3733 1170 3788 Vincula.
1216 3733 1291 3786 De
1321 3732 1422 3786 hac
1466 3748 1495 3785 a
1536 3733 1807 3807 plerisque
1847 3733 1963 3787 vol-

380 3833 576 3878 vuntur
601 3822 883 3891 opiniones
922 3823 1171 3889 diversas,
1196 3837 1331 3889 quas
1360 3839 1464 3876 non
1494 3838 1560 3877 ex
1590 3824 1834 3900 veritatis
1864 3839 1961 3878 au-

383 3912 657 3977 ctoritate,
685 3914 778 3967 sed
806 3927 870 3968 ex
896 3913 1186 3968 dubietatis
1209 3913 1522 3981 contingunt
1554 3927 1759 3968 errore.
1797 3912 1957 3967 Vide-

380 4011 468 4059 tur
493 4004 574 4059 eis
605 4003 862 4060 hodierna
889 4006 1207 4061 soleinnitas
1245 4006 1367 4061 inde
1409 4004 1768 4060 venerationis
1802 4020 1963 4060 exor-

374 4094 526 4152 dium
555 4097 851 4166 accepisse,
875 4096 1016 4166 quod
1049 4097 1101 4151 in
1129 4096 1230 4151 hac
1260 4107 1417 4151 nocte
1444 4106 1659 4152 sanctus
1687 4097 1961 4166 apostolus

381 4191 660 4245 absolutus
689 4190 762 4244 sit
799 4188 1055 4243 carcerali
1111 4189 1393 4257 compede.
1444 4188 1550 4244 Sed
1594 4190 1804 4242 veritati
1854 4204 1960 4242 non

379 4281 677 4337 Concordat
702 4280 835 4335 ordo
864 4292 1187 4347 temporum,
1216 4295 1336 4333 cum
1370 4294 1475 4332 non
1506 4279 1685 4344 hodie,
1718 4278 1813 4334 sed
1840 4294 1961 4350 azy-

382 4385 594 4428 morum
626 4370 814 4425 diebus
844 4370 1047 4439 legatur
1076 4369 1132 4423 in
1162 4382 1434 4425 carcerem
1481 4370 1692 4433 missus,
1741 4378 1797 4425 et
1844 4378 1964 4438 post

385 4459 589 4516 Pascha
620 4461 689 4516 de
714 4475 876 4515 manu
911 4460 1162 4525 Ilerodis,
1194 4467 1248 4514 et
1274 4458 1342 4513 de
1383 4461 1529 4514 omni
1560 4461 1962 4529 exspectatione

382 4553 552 4624 plebis
581 4552 889 4609 .Iudzeorum
925 4549 1204 4605 liberatus.
1233 4550 1337 4617 Qui
1366 4554 1591 4606 credunt
1632 4552 1685 4605 in
1725 4555 1962 4622 Augusto

381 4644 679 4716 legitimum
708 4645 971 4700 celebrari
1015 4643 1242 4711 Pascha,
1280 4644 1504 4699 credant
1554 4643 1710 4699 hodie
1742 4644 1954 4699 Petrum

380 4738 623 4794 evasisse
648 4738 883 4794 vincula.
915 4739 979 4793 Et
1004 4739 1049 4792 si
1079 4739 1262 4793 volunt
1290 4752 1564 4806 opponere
1591 4738 1735 4808 quod
1762 4737 1957 4793 dicitur

382 4842 505 4903 post
552 4832 776 4897 Pascha,
831 4833 1063 4886 futurum
1110 4831 1310 4902 aliquid
1361 4830 1682 4902 signiﬁcare,
1729 4833 1879 4901 quasi
1927 4845 1959 4887 a

379 4921 585 4979 Pascha
616 4937 784 4993 usque
805 4923 872 4977 ad
904 4934 1221 4992 praesentem
1259 4923 1401 4976 diem
1429 4932 1734 4977 servaretur
1761 4922 1814 4977 in
1840 4937 1959 4978 car-

384 5027 534 5081 cere,
578 5016 816 5070 occurrit
861 5015 941 5069 eis
968 5022 1024 5068 et
1070 5014 1296 5068 Ilerodis
1323 5013 1521 5068 saevitia
1553 5022 1609 5068 et
1651 5012 1960 5069 Iudaeorum

370 5108 622 5174 vesania,
652 5108 743 5178 qui
784 5109 871 5161 vix
915 5122 1023 5177 quo
1070 5115 1248 5161 tentus
1286 5114 1372 5161 est
1410 5107 1525 5174 die,
1554 5107 1808 5162 sivissent
1836 5120 1964 5175 apo-

382 5199 585 5254 stolum
630 5200 830 5262 vivere,
872 5198 921 5252 si
960 5197 1214 5266 paschale
1262 5197 1456 5253 festum
1505 5214 1609 5252 non
1661 5198 1965 5253 timuissent

383 5285 614 5343 violare.
643 5288 782 5343 Sunt
810 5295 864 5341 et
900 5286 992 5340 alii
1020 5286 1111 5356 qui
1139 5287 1461 5343 solutionem
1489 5287 1834 5358 apostolicam
1868 5286 1969 5341 mi-

383 5379 532 5436 nime
556 5380 783 5436 credunt
808 5378 966 5435 hodie
993 5377 1206 5445 factam,
1231 5381 1326 5437 sed
1374 5390 1627 5436 statutum
1659 5394 1779 5436 esse
1807 5397 1837 5435 a
1868 5380 1968 5435 Pa-

386 5471 578 5535 tribus,
612 5478 671 5525 ut
701 5470 959 5527 hodierna
990 5472 1074 5527 die
1104 5481 1450 5527 veneraretur
1476 5488 1503 5524 a
1532 5471 1803 5538 ﬁdelibus,
1828 5474 1969 5527 sicut

386 5564 755 5634 apostolorum
786 5564 1025 5635 Simonis
1054 5572 1107 5621 et
1130 5564 1284 5619 .Iudte
1320 5565 1763 5620 commemoratio
1784 5565 1967 5634 quinto

385 5655 659 5713 Kalendas
687 5657 1005 5713 Novembris
1031 5660 1228 5729 agitur,
1253 5672 1482 5726 quorum
1512 5656 1693 5726 passio
1716 5655 1967 5712 Kalendis

387 5747 515 5805 Julii
544 5749 680 5804 facta
708 5750 1053 5806 describitur.
1083 5750 1334 5820 Legimus
1371 5750 1532 5806 etiam
1580 5748 1646 5806 de
1700 5748 1818 5803 aliis
1845 5763 1968 5804 san-

387 5843 491 5899 ctis
517 5834 680 5902 alium
704 5844 849 5905 diem
873 5843 1427 5913 commemorationis,
1469 5841 1633 5899 alium
1674 5840 1741 5899 de
1771 5842 1971 5901 metuo
1993 5867 2008 5889 ν

2055 1981 2297 2053 Cumque
2324 1984 2500 2039 victor
2540 1985 2738 2053 potitus
2765 1986 3113 2052 Alexandria,
3144 1987 3388 2045 victrices
3428 1992 3636 2060 aquilas

2054 2082 2383 2144 reportasset
2411 2074 2660 2142 Romam,
2694 2084 2756 2131 ut
2783 2077 3041 2133 victorem
3071 2077 3314 2146 decebat,
3346 2082 3413 2135 ab
3437 2082 3635 2137 utrius-

2053 2183 2161 2238 que
2204 2183 2364 2224 sexus
2414 2170 2613 2238 populo
2641 2179 2922 2240 susceptus
2952 2179 3037 2226 est
3070 2172 3386 2229 honoriﬁce.
3420 2176 3486 2229 Et
3512 2176 3635 2245 quia

2060 2258 2115 2313 in
2154 2266 2358 2313 tantum
2387 2260 2576 2329 opibus
2597 2261 2934 2316 Alexandria}
2958 2263 3259 2319 Romanum
3289 2268 3635 2323 commodum

2053 2348 2223 2413 auxit,
2254 2357 2312 2404 ut
2339 2350 2571 2419 duplicia
2602 2366 2761 2420 quam
2803 2366 2970 2421 usque
3008 2354 3075 2407 ad
3107 2354 3159 2408 id
3189 2354 3398 2412 fuerant
3420 2371 3637 2426 posses-

2054 2438 2267 2494 sionum
2309 2439 2642 2510 aliarumque
2692 2457 2869 2496 rerum
2915 2446 3085 2511 pretia
3133 2450 3400 2513 statuerit,
3448 2448 3637 2504 decre-

2058 2539 2170 2586 tum
2197 2542 2280 2587 est
2304 2547 2333 2587 a
2362 2533 2681 2600 primatibus
2704 2535 2935 2590 civitatis
2968 2544 3025 2590 ut
3050 2537 3168 2605 ejus
3193 2541 3451 2594 memoria
3474 2542 3635 2597 victo-

2056 2623 2153 2678 ria
2194 2625 2417 2692 singulis
2458 2627 2791 2680 recoleretur
2816 2628 2995 2683 annis.
3030 2628 3236 2684 Placuit
3267 2632 3426 2700 igitur
3449 2635 3633 2688 consi-

2056 2713 2131 2768 Iio
2177 2717 2469 2783 communi,
2501 2717 3065 2773 commemorationem
3114 2722 3166 2774 in
3212 2724 3492 2778 sextilibus
3522 2724 3636 2779 Ka-

2054 2806 2228 2863 lendis
2254 2808 2390 2871 ﬁeri,
2414 2818 2469 2862 ut
2497 2812 2548 2863 in
2578 2809 2693 2876 ipso
2724 2824 2907 2863 mense
2934 2822 3182 2879 ageretur
3210 2814 3325 2867 dies
3371 2816 3634 2883 victorias,

2054 2914 2179 2968 quae
2208 2900 2276 2954 ab
2303 2914 2459 2956 aucta
2501 2902 2769 2968 republica
2811 2910 2867 2958 et
2894 2901 3123 2967 Ctesare,
3160 2912 3425 2975 Augustus
3464 2911 3630 2965 deno-

2056 2993 2357 3048 minaretur
2390 2994 2668 3049 vocabulo.
2716 2994 2794 3048 Ex
2853 2997 2974 3050 hinc
3021 2999 3351 3054 consuetudo
3398 2999 3636 3068 inolevit,

2064 3101 2257 3156 magna
2290 3087 2671 3142 deliberatione
2719 3089 3030 3156 primatum,
3078 3102 3134 3147 ut
3162 3093 3213 3145 iu
3256 3094 3479 3162 gloriam
3512 3097 3641 3150 tanti

2063 3179 2323 3250 principis
2355 3195 2448 3250 per
2473 3194 2634 3235 omne
2661 3182 3083 3237 anniversarium
3117 3184 3384 3238 Romanus
3416 3187 3643 3255 populus

2065 3274 2381 3328 conveniret
2409 3274 2459 3325 in
2492 3288 2678 3340 unum,
2711 3284 2765 3329 et
2808 3277 2878 3328 ob
2907 3273 3239 3331 Caesarianas
3270 3278 3518 3332 victorias
3546 3293 3641 3333 co-

2066 3373 2255 3421 ronata
2294 3364 2483 3418 civitas
2520 3366 2660 3420 sexti
2694 3367 2894 3420 mensis
2927 3368 3074 3420 initia
3123 3368 3393 3436 plausibus
3421 3379 3475 3424 et
3502 3372 3636 3425 cho-

2066 3458 2174 3511 reis
2214 3457 2518 3521 honoraret,
2562 3466 2620 3512 et
2663 3473 2823 3512 nemo
2848 3472 2913 3513 ex
2946 3459 3331 3515 c0nIIuentium
3384 3464 3536 3516 turba
3586 3462 3640 3517 in

2066 3562 2162 3602 sua
2194 3558 2479 3611 remi-aret,
2514 3549 2658 3617 prius
2688 3564 2847 3618 quam
2867 3549 3164 3618 simplicem
3188 3554 3337 3619 panis
3362 3552 3565 3607 scilicet
3589 3560 3644 3608 et

2065 3638 2193 3692 vitri
2236 3638 2355 3707 (sic)
2386 3638 2607 3707 liquoris
2635 3650 2906 3706 sumptum
2938 3639 3177 3702 libasset.
3212 3644 3300 3697 Sic
3324 3656 3454 3712 ergo
3488 3645 3643 3712 bujtts

2066 3727 2410 3781 observantia
2438 3730 2541 3783 diei
2573 3730 2826 3783 vicesimo
2853 3742 3040 3783 octavo
3065 3743 3189 3785 ante
3225 3733 3642 3789 incarnationem

2068 3816 2281 3871 Dotnini
2312 3820 2472 3885 C(Bpit
2503 3834 2663 3882 anno,
2711 3831 2764 3874 et
2792 3822 3070 3888 praevaluit
3109 3824 3249 3891 apud
3279 3824 3506 3892 gentiles
3549 3840 3644 3893 per

2071 3917 2309 3974 tempora
2340 3910 2854 3978 quadringentorum
2885 3923 3090 3980 septem
3139 3928 3423 3983 annorum,
3478 3933 3645 3988 usque

2068 4000 2121 4053 in
2182 4002 2371 4056 ultima
2438 4002 2724 4058 Christiani
2795 4005 3049 4074 principis
3100 4006 3323 4063 Adriani
3382 4020 3644 4080 tempore.

2066 4088 2215 4144 Tunc
2243 4092 2379 4159 apud
2409 4107 2640 4160 paganos
2669 4094 2829 4148 ﬁnem
2855 4097 2999 4159 τιτθὴ,
3031 4107 3086 4151 et
3112 4098 3367 4168 deinceps
3390 4102 3459 4156 ad
3486 4103 3644 4159 Chri-

2065 4182 2271 4235 stianos
2301 4184 2563 4238 transivit.
2596 4185 2861 4241 'I‘rausivit
2890 4188 2957 4241 ab
3003 4189 3317 4246 inﬁdelitate
3344 4192 3412 4247 ad
3454 4194 3639 4263 ﬁdem,

2065 4274 2135 4326 ab
2187 4274 2457 4342 impietate
2502 4278 2568 4330 ad
2618 4280 2895 4346 pietatem,
2949 4296 2977 4334 a
3024 4284 3263 4353 gentium
3318 4287 3558 4357 principe
3588 4290 3647 4346 in

2065 4362 2490 4424 Christianorum
2552 4372 2865 4442 principem,
2923 4377 2990 4428 ab
3036 4374 3278 4444 Augusto
3329 4378 3539 4433 Ca'sare
3588 4380 3642 4435 in

2067 4462 2436 4528 evangelicum
2486 4465 2829 4532 piscatorem.
2889 4464 3039 4521 Tunc
3085 4467 3535 4524 solemnizabatur
3586 4473 3641 4527 in

2071 4551 2286 4618 templis
2336 4552 2620 4617 idolorum,
2676 4570 2817 4609 nunc
2857 4554 3137 4611 festivatur
3169 4558 3222 4612 in
3252 4560 3495 4616 ecclesiis
3522 4575 3645 4617 sau-

2067 4652 2295 4695 ctorum.
2330 4642 2479 4697 Tunc
2523 4646 2877 4700 exhibebatur
2908 4649 3262 4714 dannouibus,
3308 4666 3449 4707 nunc
3493 4652 3651 4709 eahi-

2063 4731 2221 4786 betur
2266 4734 2312 4787 ei
2371 4736 2460 4804 qui
2507 4748 2589 4791 est
2651 4738 2788 4792 Deus
2837 4739 3081 4795 deorum.
3145 4742 3407 4799 i’rocedat
3464 4745 3647 4803 dicere

2066 4837 2246 4880 sermo
2295 4828 2562 4895 quomodo
2620 4834 2842 4886 mutavit
2889 4833 3026 4888 hanc
3071 4833 3376 4890 Christiana
3431 4837 3641 4906 religio.

2068 4919 2330 4974 Arcadius
2380 4923 2673 4991 imperator
2704 4926 2994 4993 Augustus,
3033 4929 3207 4995 tnagni
3251 4926 3533 4982 Theodosii
3570 4932 3646 4983 Ii-

2068 5011 2189 5076 lius,
2222 5020 2342 5079 post
2378 5024 2606 5068 mortem
2646 5017 2811 5084 patris
2852 5016 3133 5084 impeiimn
3165 5016 3638 5086 gubernavitqua-

2074 5103 2367 5158 tuordecim
2409 5106 2585 5159 annis.
2635 5107 2730 5160 Hic
2772 5106 3015 5159 sublatus
3063 5106 3130 5159 de
3174 5105 3377 5171 medio,
3416 5121 3644 5175 regnum

2071 5196 2288 5265 reliquit
2315 5196 2618 5251 Theodosio
2645 5197 2842 5265 juniori
2874 5199 3002 5263 lilio,
3043 5198 3133 5267 qui
3164 5198 3249 5252 vix
3280 5198 3454 5253 anatis
3479 5214 3650 5256 annos

2073 5291 2369 5357 coiitigerat
2398 5299 2540 5342 octo.
2582 5287 2747 5358 Cujus
2786 5302 2956 5343 mater
2985 5289 3256 5357 Ευάθιίο,
3288 5290 3651 5349 memorabilis

2075 5377 2197 5429 vita:
2229 5377 2446 5442 Ietnina,
2492 5375 2700 5431 virilem
2749 5378 2974 5433 inductis
3021 5381 3282 5442 animum,
3313 5389 3653 5452 strenuegu—

2076 5470 2318 5526 bernavit
2340 5469 2648 5539 imperium,
2678 5482 2732 5527 et
2757 5473 2891 5526 iacta
2926 5474 3038 5528 ﬁlio
3060 5475 3313 5530 virtutum
3345 5473 3649 5543 disciplina,

2073 5566 2253 5619 docuit
2281 5580 2403 5620 eum
2433 5564 2556 5618 vita}
2582 5575 2920 5633 paternasque
2944 5568 3199 5623 bonitatis
3225 5568 3373 5635 sequi
3400 5568 3654 5639 vestig'l.

2080 5656 2157 5714 De
2203 5657 2398 5713 divinis
2445 5658 2586 5715 enim
2639 5658 2848 5726 legibus
2896 5674 3016 5712 eum
3060 5660 3491 5723 “summum
3524 5673 3655 5728 per.

2076 5752 2215 5807 fecte
2244 5752 2474 5819 seipsam
2509 5766 2629 5804 cum
2674 5751 2791 5822 ipso
2816 5752 3120 5807 erudiebat.
3155 5752 3267 5807 Non
3308 5751 3463 5821 regni
3508 5750 3658 5807 Iasti-

2077 5845 2181 5916 giis
2206 5845 2535 5911 elevabatur,
2569 5844 2662 5901 sed
2709 5846 2884 5915 potius
2911 5845 3094 5903 divino
3131 5846 3322 5903 timore
3356 5842 3664 5900 succende-
