4096 6346
501 393 634 453 M87

1349 381 1548 439 PAULI
1590 375 1855 436 DIACONI
1894 374 2048 432 OPP.
2090 371 2266 429 PARS
2304 371 2368 427 ll.
2411 398 2481 411 -
2519 366 2880 428 ASCETICA.

3625 377 3651 431 ί
3663 376 3772 435 488

497 505 675 560 batur.
703 494 1005 567 Magnitudo
1035 491 1278 548 beneﬁcii
1309 492 1460 546 auxit
1486 488 1880 545 eidesiderinm
1908 486 2077 541 bene-
2103 484 2155 546 Δ
2182 483 2419 539 Petrum.
2476 483 2519 536 Α
2567 482 2779 538 Christo
2829 482 3022 538 Petrus
3073 494 3281 555 acceptt
3329 485 3470 544 ttnde
3522 499 3774 549 catenam

497 590 749 651 faciendi.
791 587 906 642 Non
937 584 1153 642 erubuit
1182 597 1466 652 purpuram
1516 581 1797 642 inclinare,
1839 588 1892 633 et
1939 593 2071 647 pau-

499 697 693 756 perum
737 679 1100 746 debiliumque
1136 689 1317 730 curam
1359 687 1536 742 agere.
1568 671 1684 725 Non
1730 684 1936 736 servos,
1969 683 2074 723 non

496 776 775 835 ministros
819 771 886 826 ad
930 770 1263 824 inﬁrmorum
1314 763 1619 820 habitacula
1667 762 1930 826 mittebat,
1978 759 2074 816 sed

497 869 615 939 ipsa
649 883 741 937 per
786 879 845 920 se
874 862 1096 918 veniens
1126 875 1244 929 quae
1282 856 1587 913 necessaria
1628 865 1780 910 erant
1810 853 2078 907 ministra-

497 961 611 1016 bat.
645 959 807 1013 Cibos
853 957 964 1025 ipsa
1016 953 1256 1023 parabat,
1310 965 1500 1019 panem
1550 949 1846 1016 frangebat,
1889 948 2077 1014 epulas

499 1052 859 1115 ministrabat,
884 1046 1077 1102 calices
1101 1045 1330 1110 lavabat,
1356 1052 1537 1110 potum
1570 1040 1889 1109 porrigebat.
1919 1038 2073 1091 Laeva

498 1160 701 1216 aegrum
751 1139 1122 1200 sustentabat,
1181 1137 1396 1190 dextera
1450 1148 1609 1187 manu
1671 1132 1906 1186 cibahat.
1960 1131 2075 1184 Alia

498 1237 681 1298 etiam,
708 1249 822 1303 quae
848 1245 1126 1286 servorum
1153 1237 1321 1291 erant,
1347 1226 1519 1279 ofﬁcia
1544 1225 1833 1291 complevit
1856 1222 2076 1277 humilis

496 1329 700 1396 regina,
752 1325 973 1395 cupiens
1016 1323 1082 1376 ab
1135 1321 1253 1392 ipso
1299 1321 1433 1374 bene
1474 1318 1812 1372 ministrandi
1855 1316 2074 1385 gradum

499 1417 795 1492 promereri
822 1416 909 1486 qui
947 1430 1004 1469 se
1035 1415 1086 1467 itt
1118 1413 1229 1467 suis
1260 1411 1494 1466 minimis
1541 1411 1823 1478 proﬁtetur
1849 1409 2072 1462 visitari.

499 1514 784 1577 Pr0pterea
831 1506 1242 1560 sollicitudinem
1292 1503 1514 1572 gerebat
1562 1500 1874 1562 maximam,
1907 1499 2076 1554 sacri-

499 1605 619 1674 lego
646 1599 923 1670 gentilium
976 1598 1076 1650 ritu
1120 1597 1377 1650 mundare
1422 1593 1671 1663 patriam,
1715 1602 1770 1646 et
1815 1590 2078 1645 haeretica:

499 1697 683 1766 paleas
715 1691 991 1762 pravitatis
1021 1689 1298 1743 catholica:
1324 1687 1442 1742 fidei
1481 1695 1732 1741 excutere
1760 1684 1959 1752 granis.
1994 1685 2077 1738 ln-

499 1795 580 1841 ter
612 1785 724 1840 lucc
767 1783 972 1851 pietatis
999 1794 1159 1847 opera
1192 1777 1433 1845 concepit
1464 1777 1642 1829 animo
1677 1773 2076 1843 Hierosolymo-

2173 589 2325 630 suam
2370 584 2753 630 consecraret:
2785 590 2815 628 a
2867 575 3048 645 seipso
3086 574 3332 632 Christus
3387 578 3572 636 habuit
3628 586 3776 642 unde

2173 683 2386 724 crucem
2431 682 2579 723 suam
2626 668 3000 724 sanctiﬁcavit.
3051 670 3227 737 Crux,
3263 687 3418 741 poma
3471 675 3772 746 latronum,

2177 760 2312 814 facta
2337 770 2418 814 est
2442 774 2639 815 corona
2667 769 3013 827 sanctorum;
3036 776 3190 829 crux,
3223 765 3528 830 reprobatio
3558 771 3773 839 mundi,

2176 852 2318 908 facta
2351 863 2435 908 est
2463 853 2630 923 gloria
2660 853 2811 920 cmli;
2847 871 3002 922 crux,
3029 859 3217 913 mortis
3256 861 3596 929 supplicium,
3627 865 3775 921 facta

2176 956 2258 1000 est
2280 947 2398 999 vita:
2428 946 2742 1002 remedium.
2771 947 2993 1015 Propter
3017 949 3118 1003 hoc
3145 950 3406 1006 libertatis
3430 955 3775 1025 privilegium

2178 1038 2383 1091 meritis
2406 1048 2694 1106 exsuperat
2717 1038 2859 1094 Petri
2885 1040 3174 1104 vinculum,
3199 1055 3255 1097 et
3281 1049 3526 1110 quamvis
3554 1063 3774 1117 sancta,

2178 1131 2422 1198 quamvis
2449 1131 2776 1195 veneranda,
2809 1131 2932 1186 boni
2959 1133 3244 1200 piscatoris
3271 1145 3479 1202 eatena,
3513 1141 3780 1206 praecellit

2180 1233 2355 1279 tamen
2399 1225 2808 1280 clementissimi
2857 1225 3154 1282 Salvatoris
3199 1243 3328 1283 crux
3373 1230 3632 1298 gloriosa.
3669 1234 3778 1289 Re-

2178 1316 2298 1386 gina
2329 1332 2456 1372 vero
2499 1317 2666 1385 optati
2693 1318 2931 1372 muneris
2954 1319 3196 1388 largitate
3224 1323 3412 1389 potita,
3440 1332 3620 1393 grates
3651 1326 3780 1380 red-

2178 1408 2313 1461 didit
2339 1409 2386 1463 ei
2416 1422 2445 1462 a
2477 1423 2584 1478 quo
2617 1409 2760 1464 bona
2792 1413 3093 1479 procedunt
3121 1423 3335 1479 cuneta,
3369 1425 3422 1470 et
3454 1431 3551 1486 pro
3573 1419 3779 1488 quibus

2178 1509 2400 1556 venerat
2428 1501 2704 1569 dispositis
2735 1502 2801 1555 ad
2841 1514 3098 1568 mentem,
3133 1504 3320 1560 festina
3355 1505 3647 1564 Romanam
3677 1527 3772 1567 re-

2177 1592 2300 1647 Vleil
2330 1607 2529 1647 arcem.
2564 1593 2744 1648 lntttlit
2771 1592 2924 1649 Latio
2971 1595 3179 1649 vincula
3225 1612 3344 1666 qua:
3398 1600 3616 1654 solvunt
3647 1615 3776 1668 pec-

2178 1692 2418 1736 catorum
2467 1683 2742 1751 ligamina,
2774 1699 2892 1751 quae
2930 1685 3039 1752 jam
3092 1701 3198 1740 non
3249 1686 3412 1757 Iigent
3454 1689 3662 1758 justum
3717 1702 3776 1748 et

2179 1783 2446 1839 sanctum,
2492 1773 2588 1829 sed
2637 1777 2704 1828 ab
2744 1776 2888 1830 omni
2939 1776 3214 1846 impietate
3262 1780 3472 1835 solvant
3523 1784 3772 1852 impium.

499 1893 617 1933 rum
650 1877 867 1929 visitare
915 1873 1050 1936 loca,
1081 1870 1374 1925 Salvatoris
1404 1868 1622 1935 vestigia
1655 1866 1906 1936 lacrymis
1937 1863 2074 1934 riga-
2111 1853 2154 1913 Β
2182 1865 2413 1920 Felicem
2443 1866 2657 1921 silentio
2684 1868 2953 1922 commisit
2983 1877 3258 1938 eventum,
3288 1871 3413 1926 dum
3446 1874 3499 1927 in
3536 1876 3776 1932 medium

499 1987 581 2036 re,
611 1969 926 2024 cruciﬁxum
969 1966 1020 2019 in
1073 1963 1339 2032 sepulcro,
1374 1975 1476 2015 nou
1527 1960 1633 2030 jam
1679 1975 1799 2014 cum
1853 1958 2077 2013 mortuis

498 2077 763 2132 qumrere,
808 2061 900 2115 sed
951 2058 1222 2111 viventem
1253 2066 1305 2109 et
1349 2055 1399 2108 in
1439 2053 1591 2109 cmlis
1631 2061 1940 2122 regnantem
1988 2050 2081 2103 ad-

499 2167 676 2207 orare.
714 2151 973 2205 liﬁ'eetum
1007 2149 1191 2203 habuit
1223 2148 1446 2202 affectus
1477 2163 1632 2216 quem
1659 2145 1938 2215 inspiravit
1962 2144 2082 2214 Spi-

500 2244 636 2299 ritus
665 2251 908 2296 sanctus.
930 2240 1062 2295 Cum
1090 2241 1235 2310 regio
1265 2239 1518 2292 comitatu
1543 2235 1804 2306 profecta,
1832 2242 2081 2302 suscepta

501 2344 584 2390 est
614 2335 680 2388 ab
704 2333 1088 2402 Hierosolymis
1126 2340 1181 2384 ut
1209 2330 1392 2398 regina
1423 2340 1475 2384 et
1504 2328 1744 2391 domina,
1774 2326 2083 2394 magnisque

501 2424 817 2478 uulneribus
861 2439 888 2474 a
937 2421 1134 2490 pOpulO
1171 2420 1478 2475 Judworum
1530 2419 1808 2472 honorata.
1841 2417 2084 2471 Interfuit

502 2515 642 2569 dona
677 2513 970 2568 ferentibus
1003 2513 1223 2580 potioris
1250 2511 1491 2565 muneris
1525 2524 1679 2574 unus,
1707 2509 1830 2564 licet
1854 2507 2081 2563 aliorum

502 2607 695 2662 oblatis
740 2607 1009 2659 videretur
1039 2604 1217 2657 vilius.
1252 2604 1354 2657 Alii
1403 2612 1681 2672 argentum
1725 2604 1924 2670 septies
1955 2617 2082 2670 pur-

502 2707 704 2766 gatum,
738 2698 827 2751 alii
859 2711 1046 2749 aurum
1091 2695 1212 2763 igne
1251 2694 1554 2764 probatum,
1587 2695 1673 2748 alii
1706 2694 1935 2764 lapidem
1965 2709 2083 2763 pre-

505 2788 698 2844 tiosum
729 2799 782 2843 et
825 2790 1081 2852 multum;
1112 2786 1213 2841 iste
1261 2798 1481 2855 argento
1526 2794 1581 2841 et
1627 2800 1760 2840 auro
1806 2787 2084 2854 lapideque

503 2882 785 2950 pretiosius
808 2881 1002 2934 obtulit
1024 2880 1245 2943 ferrum,
1275 2880 1393 2933 illas
1424 2879 1630 2934 scilicet
1657 2887 1872 2934 catenas
1893 2878 2082 2947 quibus

505 2975 719 3029 Petrum
769 2974 819 3026 in
869 2987 1088 3028 carcere
1135 2973 1304 3026 vinxit
1346 2972 1572 3026 llerodis
1600 2971 1805 3039 feritas,
1844 2985 2084 3041 quasque

507 3065 660 3120 verbi
692 3067 774 3119 sui
823 3065 876 3119 in
909 3065 1150 3119 conclavi
1199 3064 1412 3134 disjecit
1460 3064 1714 3131 angelica:
1765 3053 2082 3117 visitationis

504 3154 736 3210 claritas.
783 3156 839 3210 Si
887 3157 974 3210 cui
1019 3156 1228 3210 videtur
1281 3155 1594 3210 incredibile
1617 3154 1831 3210 Judasos
1873 3155 2081 3208 vincula

2185 1956 2491 2026 proferendi
2526 1967 2736 2025 tempus
2767 1969 3075 2015 occurreret
3107 1973 3311 2031 aptum.
3342 1963 3528 2019 Noluit
3575 1967 3775 2023 famam

2184 2049 2260 2103 rei
2291 2047 2468 2102 subito
2516 2048 2761 2104 intonare
2798 2049 3016 2105 auribus
3049 2052 3210 2121 vulgi,
3261 2068 3328 2110 ne
3362 2056 3524 2109 verba
3558 2073 3681 2125 qua:
3709 2061 3776 2113 ad

2186 2140 2369 2195 horam
2415 2142 2527 2196 sine
2565 2155 2730 2211 opere
2760 2153 3015 2197 sanarent
3064 2144 3193 2200 hora
3239 2154 3553 2204 transeunte
3599 2160 3777 2206 trans-

2186 2231 2340 2288 irent.
2378 2233 2568 2287 Altiori
2615 2235 2841 2291 consilio
2872 2237 3118 2291 tractavit
3149 2239 3225 2292 sic
3254 2239 3528 2295 inventum
3560 2242 3780 2298 thesau-

2184 2339 2301 2378 rum
2335 2324 2590 2379 Romanis
2619 2326 3020 2394 commendare,
3045 2338 3100 2383 ut
3126 2328 3298 2396 quoad
3351 2331 3554 2386 viveret
3577 2334 3776 2403 religio

2185 2417 2308 2472 ﬁdei
2340 2417 2676 2484 Christianae,
2710 2429 3027 2488 perpetuum
3077 2421 3299 2476 haberet
3328 2422 3381 2477 in
3434 2435 3605 2478 sancta
3655 2428 3769 2481 Ec-

2184 2510 2341 2566 clesia
2372 2510 2702 2564 memoriale.
2735 2511 3005 2580 Aspiravit
3047 2514 3200 2568 bona:
3233 2516 3491 2570 voluntati
3531 2518 3776 2576 celestis

2185 2605 2378 2673 gratia,
2411 2604 2552 2657 unde
2582 2606 2816 2670 Optantis
2852 2605 3030 2659 animo
3062 2605 3198 2660 bene
3224 2609 3557 2664 conveniens
3582 2625 3779 2666 oecur-

2185 2696 2253 2750 rit
2280 2709 2460 2749 causa.
2496 2693 2687 2749 \‘idens
2709 2695 2867 2765 igitur
2892 2696 3078 2752 fideles
3101 2697 3404 2754 inﬁdelibus
3433 2701 3626 2764 in,hoc
3652 2718 3783 2770 gen-

2185 2786 2390 2841 tilitatis
2420 2787 2729 2841 consentire
2764 2787 2889 2854 ritu,
2925 2796 2982 2842 ut
3024 2789 3246 2857 singulis
3284 2791 3441 2846 annis
3489 2795 3564 2847 ob
3602 2793 3785 2851 Casa-

2184 2877 2350 2933 riaua:
2399 2878 2607 2933 laudem
2652 2879 2916 2945 νὶριοτὶω,
2963 2881 3188 2935 sextiles
3217 2881 3648 2941 solemnizarent
3679 2887 3782 2942 Ka-

2186 2970 2394 3035 lendas,
2445 2970 2662 3040 c0piosa
2716 2980 2834 3043 toga
2885 2982 2940 3028 et
2979 2973 3150 3043 plebis
3193 2987 3476 3045 apparatu,
3530 2979 3783 3037 volvebat

2183 3064 2363 3119 animo
2410 3063 2696 3120 laetantem
2746 3067 3016 3121 nascentis
3051 3066 3306 3124 Ecclesia:
3346 3069 3664 3137 infantiam,
3693 3076 3783 3130 lue

2188 3155 2547 3224 Superstitinsi
2579 3157 2778 3212 erroris
2809 3159 2916 3212 cito
2947 3159 3203 3214 maculart
3239 3176 3415 3229 posse,
3449 3162 3560 3219 nisi
3589 3164 3784 3223 divina

506 3242 649 3299 Petri
693 3247 772 3300 vel
826 3262 918 3315 pro
951 3247 1152 3300 honore
1183 3262 1450 3308 servasse,
1479 3247 1559 3301 vel
1594 3262 1691 3316 pro
1735 3247 1939 3300 honore
1985 3245 2080 3300 de-
2105 3225 2155 3291 (ἶ
2187 3245 2470 3300 clementia
2501 3246 2757 3302 bonitatis
2777 3255 2938 3302 tanta:
2967 3248 3210 3304 cladibus
3224 3252 3548 3320 pestilentia:
3572 3265 3784 3312 curaret

505 3336 666 3401 disse,
701 3338 897 3404 quippe
939 3338 1026 3405 qui
1071 3339 1187 3405 ejus
1233 3337 1501 3392 sanctitati
1536 3352 1641 3390 non
1683 3337 1964 3391 cessabant
1991 3337 2086 3391 de-

509 3429 740 3494 trahere,
771 3430 906 3482 sciat
928 3431 1057 3482 nihil
1082 3429 1409 3497 impossibile
1435 3429 1630 3484 divinte
1661 3431 1942 3494 voluntati,
1969 3444 2086 3500 qua:

509 3520 744 3588 quamliu
789 3521 976 3586 voluit,
1014 3521 1170 3574 talem
1215 3522 1556 3590 margaritam
1596 3523 1736 3590 apud
1783 3523 2086 3577 immundos

511 3626 634 3666 sues
679 3612 982 3666 conculcari
1033 3613 1294 3680 permisit,
1337 3612 1510 3667 donec
1557 3616 1818 3670 revelaret
1868 3631 1986 3671 eam
2032 3615 2085 3670 in

512 3712 757 3774 tempore
810 3719 918 3772 quo
964 3705 1114 3758 ﬁeret
1160 3716 1532 3758 ornamentum
1586 3706 1858 3761 Ecclesiae.
1911 3707 2088 3760 Voluit

513 3798 601 3866 qui
637 3805 808 3864 potuit
844 3795 923 3849 sui
957 3798 1140 3851 militis
1182 3807 1436 3866 tropaeum
1480 3798 1820 3854 manifestare
1868 3815 1961 3868 per
1986 3799 2084 3853 Ju-

513 3887 687 3943 daeum
721 3888 999 3955 Eudoxiae,
1045 3890 1134 3956 qui
1177 3904 1270 3958 per
1296 3889 1533 3958 ejusdem
1583 3891 1867 3946 incredula:
1915 3891 2088 3959 gentis

514 3980 782 4035 hominem
829 3994 940 4034 suae
987 3982 1164 4034 crucis
1209 3983 1452 4050 stigmata
1495 3981 1694 4038 detexit
1739 3981 1976 4046 Helenae,
2029 3990 2088 4035 ut

512 4071 814 4126 contrarius
841 4071 1050 4126 veritati
1087 4072 1314 4140 populus
1345 4081 1495 4126 tanto
1525 4072 1717 4142 majori
1744 4088 1857 4128 sua:
1898 4072 2087 4128 confu-

514 4163 683 4216 sionis
731 4161 1126 4218 suffunderetur
1180 4163 1413 4228 rubore,
1461 4176 1658 4234 quanto
1708 4180 1801 4234 per
1851 4165 2086 4234 seipsum

516 4256 757 4311 cruciﬁxi
810 4268 970 4312 testes
1021 4256 1246 4326 potioris
1296 4258 1641 4313 conﬁteretur
1696 4259 1904 4328 gloriae.
1954 4259 2087 4326 Quis

514 4345 722 4401 dubitet
764 4346 1058 4401 Eudoxiam
1105 4347 1298 4417 gaudio
1347 4349 1665 4417 tripudiasse
1711 4365 1815 4404 non
1865 4349 2086 4417 minori,

514 4457 631 4494 cum
660 4446 967 4512 agnovisset
1003 4455 1222 4499 catenas
1254 4445 1416 4510 Petri,
1467 4460 1623 4514 quam
1671 4444 1924 4500 llelenam
1965 4460 2085 4500 cum

516 4531 606 4583 diu
639 4531 992 4585 desideratam
1026 4535 1241 4588 vidisset
1272 4551 1484 4588 crucem
1518 4535 1763 4589 Domini?
1800 4535 2086 4606 Utriusque

2187 3336 2502 3405 quantocius
2542 3336 2699 3392 ﬁnem
2746 3338 3045 3407 imponere.
3091 3341 3355 3412 Cogitavit
3409 3346 3576 3414 regia:
3617 3348 3782 3416 maje-

2195 3428 2346 3480 statis
2374 3427 2687 3483 auctoritate
2726 3429 2780 3482 in
2823 3433 3056 3487 cultores
3086 3433 3182 3500 uti,
3213 3435 3307 3490 sed
3351 3437 3518 3492 curiae
3567 3450 3780 3494 senten-

2196 3519 2320 3571 tiam
2352 3528 2406 3572 et
2442 3519 2722 3587 primatum
2753 3520 3073 3578 industriam
3111 3534 3355 3582 evertere
3403 3544 3509 3583 non
3557 3541 3674 3587 erat
3714 3546 3779 3586 ex

2188 3605 2352 3662 facili.
2382 3607 2582 3663 Durum
2605 3620 2720 3664 erat
2759 3627 2789 3664 a
2823 3613 3016 3679 priscae
3043 3617 3451 3674 consuetudinis
3479 3621 3774 3681 intentione

2189 3710 2406 3756 senatus
2432 3703 2702 3758 decretum
2728 3709 3384 3772 revocare,maximeeum
3409 3727 3500 3782 per
3522 3723 3596 3769 tot
3613 3713 3774 3771 Chri-

2189 3794 2483 3849 stianorum
2519 3796 2737 3866 imperia
2774 3801 3073 3870 principum
3124 3818 3291 3874 usque
3320 3806 3385 3860 ad
3411 3807 3539 3862 illud
3572 3817 3780 3878 tempo—

2194 3884 2267 3938 ris
2300 3883 2453 3954 longa
2499 3889 2763 3944 senuisset
2801 3902 2976 3948 aetate.
3023 3893 3316 3950 Videbatur
3343 3897 3485 3952 enim
3532 3900 3777 3970 ejusdem

2196 3973 2495 4030 fautoribus
2525 3977 2882 4037 observantia:
2911 3984 2965 4038 in
2999 3985 3102 4040 hoc
3129 3987 3278 4042 cultu
3321 3989 3456 4044 nihil
3503 4005 3566 4046 se
3593 4003 3780 4049 contra

2187 4069 2500 4126 Christianae
2547 4075 2825 4145 religionis
2872 4082 3205 4149 propositum
3255 4098 3456 4153 agerc,
3508 4101 3634 4141 cum
3686 4104 3783 4144 nec

2187 4176 2338 4216 sacra
2381 4178 2716 4231 Imponerent
2758 4169 2885 4237 aris.
2922 4185 3021 4225 nec
3065 4172 3221 4227 thura
3271 4175 3627 4232 incenderent
3658 4179 3779 4248 diis,

2187 4252 2279 4307 sed
2331 4253 2553 4322 publicae
2601 4257 2678 4311 rei
2727 4270 3094 4328 augmentum,
3123 4264 3417 4321 Caesariani
3451 4269 3676 4336 plausus
3703 4283 3780 4326 at-

2191 4344 2439 4400 tollerent
2469 4348 2698 4403 choreis.
2751 4349 2817 4403 Et
2859 4352 2904 4405 si
2950 4354 3110 4408 studii
3156 4358 3417 4412 senatorii
3462 4360 3684 4416 ordines
3725 4364 3778 4418 in

2189 4455 2300 4494 sua:
2343 4442 2506 4508 partis
2545 4442 2871 4498 voluntatem
2921 4445 3254 4517 inclinasset,
3309 4451 3539 4506 minoris
3591 4467 3783 4508 manus

2191 4533 2352 4587 ofﬁcii
2385 4531 2436 4586 in
2468 4534 2748 4590 seditionis
2781 4553 2934 4591 versa
2964 4541 3248 4597 tumultum
3278 4544 3431 4599 valde
3469 4546 3782 4614 restitisset,

518 4625 828 4680 iuventrieis
854 4629 1022 4694 potuit
1046 4641 1142 4692 par
1164 4643 1282 4682 esse
1308 4629 1579 4696 gaudium,
1605 4631 1880 4699 utriusque
1909 4643 2082 4686 tamen
2114 4599 2162 4659 θ
2187 4625 2383 4695 quippe
2410 4626 2602 4696 quibus
2623 4639 2769 4683 esset
2798 4633 3126 4687 Contrarium
3159 4637 3508 4692 exterminari
3539 4655 3783 4696 annuum

520 4714 757 4770 thesauri
809 4729 914 4769 non
961 4716 1130 4771 audeo
1179 4732 1272 4786 par
1327 4719 1557 4786 proliteri
1606 4723 1872 4775 meritum.
1919 4723 2083 4789 Qucut

520 4806 723 4862 invenit
751 4807 947 4862 Helena
977 4807 1194 4878 majoris
1239 4818 1319 4862 est
1351 4810 1552 4877 meriti,
1584 4824 1840 4880 quantum
1867 4813 1932 4866 ad
1961 4828 2085 4880 per-

518 4913 703 4954 sonam
736 4902 1097 4968 imperatoris,
1129 4900 1195 4955 ad
1227 4915 1508 4969 personam
1543 4901 1777 4970 Domini,
1805 4904 1870 4956 ad
1902 4917 2087 4971 perso-

519 5008 642 5048 nam
689 4992 948 5063 magistri,
996 4993 1061 5047 ad
1105 5007 1391 5064 personam
1437 4996 1643 5063 sponsi,
1690 4994 1756 5048 ad
1807 5011 2090 5064 personam

520 5084 641 5139 Filii
685 5083 811 5150 Dei;
841 5099 999 5153 quem
1029 5085 1264 5138 Eudoxia
1303 5086 1502 5154 reperit
1529 5096 1611 5142 est
1639 5087 1860 5140 minoris
1891 5087 2086 5156 meriti,

518 5186 774 5246 quantum
823 5175 891 5230 ad
943 5192 1218 5246 personam
1269 5177 1470 5242 militis,
1501 5178 1568 5231 ad
1600 5193 1880 5247 personam
1927 5181 2088 5248 servi,

519 5269 586 5321 ad
632 5281 912 5337 personam
943 5267 1207 5336 discipuli,
1235 5267 1302 5322 ad
1342 5281 1623 5336 personant
1663 5269 1840 5335 amici,
1873 5271 1940 5324 ad
1973 5285 2092 5338 per-

519 5372 709 5413 sonam
753 5358 982 5427 pertinet
1028 5359 1258 5413 hominis
1301 5357 1394 5412 ﬁlii
1432 5376 1445 5412 :
1490 5368 1710 5428 uterque
1751 5369 1925 5416 tamen
1970 5377 2091 5417 san-

520 5459 662 5515 ctus,
695 5459 919 5518 uterque
957 5464 1201 5519 magnus,
1248 5461 1470 5521 uterque
1517 5452 1672 5507 nullis
1712 5456 1934 5509 terrenis
1960 5457 2090 5511 divi-

522 5539 613 5595 tiis
650 5539 1058 5609 comparandus.
1091 5539 1256 5608 Major
1287 5541 1538 5610 majorem
1563 5541 1935 5610 sanctiﬁcavit,
1970 5546 2092 5614 quia

523 5642 751 5696 persona
790 5644 1074 5701 personam
1117 5631 1447 5701 justiﬁeavit,
1506 5636 1794 5705 imperator
1844 5639 2086 5710 militem,

525 5715 781 5772 Dominus
805 5732 1039 5785 servum,
1062 5723 1312 5791 magister
1333 5723 1674 5793 discipulum,
1703 5742 1930 5796 sponsus
1954 5733 2091 5787 ami-

529 5822 673 5870 cum,
703 5807 796 5868 Dei
823 5811 985 5871 Filius
1020 5814 1250 5872 hominis
1287 5817 1469 5878 lilium.
1500 5818 1748 5877 Christus
1783 5820 2091 5894 justiﬁeavit

2187 4719 2268 4773 sui
2321 4719 2413 4772 otii
2461 4719 2682 4773 cultum.
2735 4720 2858 4776 Ideo
2909 4734 3026 4778 erat
3055 4728 3136 4796 (ut
3195 4727 3337 4797 dixi)
3367 4729 3588 4788 difﬁcile
3637 4736 3784 4802 apud

2189 4809 2332 4878 ipsos
2363 4811 2696 4880 antiquitatis
2726 4813 2886 4869 ritum
2933 4817 3253 4874 subversum
3286 4822 3389 4889 ire,
3419 4824 3562 4879 sicut
3590 4825 3789 4882 hodie-

2191 4915 2294 4970 que
2321 4902 2373 4956 in
2403 4901 2713 4959 Christiano
2740 4905 2873 4960 orbe
2920 4907 3138 4976 plurimi
3181 4926 3332 4968 vanae
3373 4917 3788 4984 superstitionis

2193 4996 2546 5051 observantur
2572 4996 2729 5065 ritus,
2756 5013 2978 5068 quorum
3010 5004 3267 5058 memoria
3297 5004 3466 5060 deleri
3486 5018 3669 5076 potest
3692 5021 3791 5064 aut

2195 5087 2286 5142 vix
2331 5101 2421 5144 aut
2468 5091 2791 5147 nullatenus.
2823 5092 2935 5148 Deo
2959 5107 3088 5164 ergo
3115 5097 3360 5152 amabilis
3407 5100 3593 5168 regina
3619 5116 3792 5171 egre-

2195 5181 2337 5250 gium
2385 5186 2655 5237 revocavit
2701 5184 2939 5240 animum
2989 5187 3127 5242 inid
3158 5188 3390 5255 consilii,
3437 5206 3789 5262 nequaquam

2195 5271 2249 5325 in
2281 5272 2437 5339 regiae
2467 5276 2762 5342 majestatis
2802 5278 3059 5333 honorem
3100 5282 3418 5336 seditionem
3447 5284 3796 5339 tumultuan-

2199 5362 2266 5416 tis
2297 5363 2518 5420 excitari
2553 5367 2731 5434 p0puli
2753 5407 2767 5429 ,
2817 5383 2886 5423 ne
2920 5369 3368 5428 inconsultatores
3416 5388 3477 5430 se
3505 5385 3799 5432 verterent

2197 5454 2250 5508 in
2280 5455 2450 5523 pejus,
2491 5457 2614 5512 dum
2655 5457 2961 5515 viderentur
2988 5465 3199 5518 tractari
3244 5465 3454 5521 durius.
3501 5466 3801 5538 Disposuit

2199 5544 2513 5602 humilitatis
2541 5549 2788 5617 precibus
2816 5551 3104 5621 impetrare
3133 5555 3278 5623 quod
3303 5558 3561 5614 credebat
3600 5563 3794 5618 mina-

2199 5655 2319 5696 rum
2356 5642 2646 5697 terroribus
2687 5643 2802 5699 sine
2831 5644 3068 5715 periculo
3097 5651 3403 5715 extorqueri
3453 5666 3557 5706 non
3592 5668 3796 5722 posse.

2202 5732 2483 5789 Prudentis
2527 5749 2778 5789 arcanum
2828 5737 2995 5792 animi
3035 5737 3290 5794 Romanae
3333 5740 3475 5796 sedis
3523 5741 3800 5810 patefecit

2201 5827 2437 5896 praesuli,
2470 5827 2558 5896 qui
2605 5828 2843 5897 ejusdem
2888 5828 3000 5900 jam
3049 5832 3328 5891 exstiterat
3357 5834 3484 5896 vati,
3517 5835 3613 5894 sed
3657 5837 3797 5895 rudi
