4096 6346
344 353 482 412 1489

341 562 582 618 tendere.
615 560 764 616 Fecit
790 575 908 615 eum
937 559 1003 614 ad
1035 559 1242 628 plebem
1272 575 1383 616 sua:
1412 559 1590 630 precis
1619 567 1910 622 oratorem,

338 664 396 710 ut
443 656 630 710 eadem
669 668 768 722 qua
821 663 1040 709 eatenus
1080 654 1419 709 observantia
1459 662 1768 709 constarent
1809 654 1913 707 Au-

339 746 474 814 gusti
505 744 774 810 Kalendae,
799 746 891 800 sed
932 745 1156 814 potioris
1196 746 1451 816 principis
1479 746 1820 800 titularcntur
1847 761 1914 800 ex

337 837 575 894 nomine.
605 835 797 892 Sanior
825 851 952 907 ergo
983 851 1105 904 pars
1154 836 1334 907 populi
1367 851 1642 893 assensum
1689 837 1915 906 praebuit

335 927 514 984 verbis
542 927 849 996 apostolicis
873 944 887 982 :
921 927 1010 998 qui
1034 943 1159 983 vero
1188 929 1476 982 timuerunt
1502 929 1700 983 cultum
1729 937 1914 983 exter-

336 1021 550 1086 minari,
601 1019 701 1075 nisi
741 1030 865 1076 sunt
895 1022 1127 1076 excitare
1158 1021 1475 1076 seditionem
1507 1022 1670 1091 vulgi.
1710 1021 1776 1077 Ut
1819 1035 1914 1074 au-

339 1123 443 1168 tem
474 1128 503 1168 a
533 1113 798 1182 prioribus
839 1113 1168 1178 intellexere,
1203 1129 1304 1169 non
1349 1115 1416 1168 de
1457 1115 1630 1168 cultus
1658 1112 1912 1168 extermis

337 1204 572 1271 natione,
603 1203 696 1258 sed
740 1203 806 1259 de
852 1205 1082 1259 nominis
1112 1207 1406 1260 mutatione
1435 1205 1743 1272 petitionem
1771 1217 1909 1269 esse,

337 1293 701 1350 tumultuantis
744 1295 914 1348 turba:
957 1295 1184 1350 cessavit
1211 1296 1524 1361 commotio,
1560 1303 1613 1349 et
1639 1293 1912 1350 communi

339 1386 489 1441 laude
557 1385 846 1455 approbata
902 1394 985 1440 est
1041 1386 1262 1454 potioris
1313 1387 1543 1440 nominis
1610 1385 1909 1455 inscriptio.

335 1475 482 1530 Tunc
514 1475 750 1530 Eudoxia
775 1476 932 1530 delati
963 1477 1028 1531 ab
1056 1476 1436 1547 Hierosolymis
1462 1477 1697 1532 thesauri
1727 1492 1908 1532 coram

335 1570 482 1626 dedit
511 1571 928 1637 confessionem,
953 1581 1007 1627 et
1040 1573 1339 1643 ingrediens
1365 1590 1484 1630 cum
1516 1590 1672 1645 papa,
1704 1577 1770 1631 de
1797 1577 1913 1631 vin-

333 1663 466 1718 culis
498 1663 637 1719 Petri
663 1679 967 1720 sermonem
999 1667 1211 1734 plenum
1242 1667 1539 1723 devodonis
1565 1677 1620 1724 et
1653 1684 1910 1738 compun-

333 1755 525 1810 ctiouis
553 1756 769 1810 verbum
816 1754 942 1811 fecit
982 1757 1046 1810 ad
1092 1757 1322 1825 plebem.
1369 1757 1557 1814 Docuit
1589 1761 1638 1813 iu
1682 1760 1760 1815 eis
1793 1775 1910 1816 esse

333 1845 652 1901 medicinam
685 1847 969 1902 salutarem
1003 1847 1066 1901 ad
1097 1847 1366 1904 interioris
1396 1857 1452 1903 et
1497 1849 1780 1905 exterioris
1812 1851 1909 1905 bo-
1935 1845 1986 1909 Β

333 1933 487 1987 minis
527 1935 772 1997 salutem,
825 1944 878 1990 et
919 1950 1014 2004 per
1063 1951 1184 1992 eum
1235 1936 1287 1992 in
1336 1937 1488 2007 cujus
1543 1940 1908 1995 sacratissimo

331 2039 640 2080 consecrata
670 2035 794 2080 sunt
824 2040 1072 2096 corpore,
1099 2028 1338 2082 omnium
1381 2037 1719 2097 peccatorum
1748 2031 1904 2086 abso-

331 2116 584 2172 lntionem
629 2120 922 2188 promereri
972 2136 1149 2190 posse,
1186 2122 1306 2191 quia
1349 2123 1574 2176 multum
1609 2130 1690 2179 est
1721 2126 1792 2179 illi
1824 2123 1903 2181 fa-

329 2209 434 2264 cile
462 2209 720 2279 quidquid
757 2212 980 2266 voluerit
1021 2213 1087 2266 ab
1115 2212 1206 2267 illo
1239 2214 1528 2283 impetrare
1558 2231 1584 2269 a
1615 2231 1720 2285 quo
1750 2217 1908 2274 habet

331 2299 382 2356 in
417 2310 678 2369 potestate
721 2303 1017 2358 animarum
1061 2318 1227 2360 nexus
1269 2307 1477 2362 solvere
1519 2318 1677 2376 atque
1720 2310 1902 2380 ligare.

331 2391 558 2447 Inseruit
604 2394 762 2447 etiam
812 2395 1043 2449 sermoni
1095 2398 1418 2452 mentionem
1471 2399 1536 2454 de
1587 2400 1674 2454 illa
1717 2410 1906 2456 catena

330 2498 486 2555 quam
530 2483 652 2538 tulit
679 2485 949 2552 apostolus
993 2487 1092 2541 sub
1120 2487 1421 2543 Neroniana
1451 2491 1716 2554 custodia,
1748 2508 1905 2562 quam

328 2579 544 2645 quintus
571 2591 599 2630 a
633 2577 788 2632 beato
817 2578 974 2634 Petro
1015 2592 1238 2650 papatus
1283 2583 1526 2639 minister
1567 2586 1906 2644 curationum

329 2665 531 2735 largam
573 2668 785 2724 edocuit
813 2670 1132 2738 Alexander,
1167 2687 1436 2743 quamque
1478 2676 1528 2730 in
1560 2689 1904 2748 augmentum

329 2757 515 2812 salutis
545 2774 656 2813 suae
686 2760 944 2816 revelavit
994 2762 1231 2818 Balbinm
1259 2765 1464 2830 Quirini
1511 2768 1649 2822 filim.
1693 2769 1746 2823 ln
1779 2785 1908 2824 con-

328 2846 566 2903 clusione
612 2860 788 2906 autem
832 2854 1096 2909 sermOuis
1139 2871 1202 2910 ex
1236 2856 1327 2911 Dei
1369 2860 1637 2914 voluntate
1681 2861 1909 2918 obtinuit

331 2938 433 2994 hoc
481 2941 786 3009 petitionis,
841 2953 900 2998 ut
951 2945 1113 3016 (sicut
1160 2947 1290 3016 dixi)
1334 2949 1518 3005 cadem
1570 2953 1903 3008 observantia

329 3040 640 3087 constarent
685 3036 906 3105 Augusti
951 3038 1148 3094 mensis
1188 3038 1464 3110 Kalendae,
1507 3045 1600 3099 sed
1652 3047 1906 3114 principis

330 3123 696 3191 apostolorum
725 3126 1066 3186 titnlarentur
1092 3146 1156 3186 ex
1185 3135 1419 3200 nomine,
1456 3146 1508 3190 et
1548 3137 1786 3205 ejusdem
1818 3153 1907 3194 ce-

331 3212 595 3272 lebritatis
637 3219 868 3287 gaudia,
927 3237 1046 3289 quas
1103 3231 1327 3280 eatenus
1373 3225 1599 3283 Caesaris
1654 3230 1912 3299 victoria,
1941 3207 1990 3274 ο

332 3307 586 3377 deinceps
614 3310 757 3366 Petri
788 3315 1191 3382 appellarentur
1220 3318 1452 3373 vincula.
1479 3320 1556 3374 Ad
1604 3323 1755 3391 cujus
1784 3323 1916 3378 deli-

333 3400 620 3458 berationis
641 3406 912 3463 decretum
929 3409 1044 3465 sine
1066 3407 1171 3465 ﬁne
1200 3412 1642 3480 conlirmandnm,
1665 3417 1914 3485 Augusta:

332 3505 576 3564 sumptus
597 3506 651 3552 et
677 3511 828 3568 papae
849 3500 1278 3568 supplementum
1301 3502 1528 3558 Domino
1559 3505 1916 3561 elitnaverunt

333 3593 382 3644 ct
403 3590 826 3648 chrismaveruut
854 3598 1133 3666 templum,
1154 3597 1204 3652 in
1227 3614 1334 3669 quo
1356 3600 1515 3670 digne
1546 3604 1783 3672 reposita
1807 3605 1915 3660 cle-

331 3682 644 3737 mentissimi
664 3684 801 3738 Petri
817 3687 1407 3758 vincula,indigentibus
1419 3692 1644 3759 plurima
1663 3704 1916 3761 prtestant

334 3770 607 3835 beneficia,
635 3771 811 3840 ibique
841 3777 1076 3841 perpetui
1103 3779 1452 3832 anathematis
1482 3781 1746 3836 sententia
1790 3799 1910 3850 per-

334 3874 488 3914 cussa
537 3871 618 3915 est
658 3863 942 3918 Caesariani
993 3865 1209 3934 plausus
1236 3871 1475 3935 vesania,
1517 3880 1572 3926 ut
1601 3874 1908 3942 apostolicae

333 3949 661 4006 liberationis
709 3953 932 4007 victoria
989 3955 1226 4012 liberiori
1278 3969 1529 4028 regnaret
1584 3977 1679 4031 per
1727 3965 1911 4020 orbem

334 4043 611 4098 memoria.
664 4043 976 4113 lmaginavit
1017 4048 1177 4103 etiam
1227 4048 1463 4117 pontifex
1511 4053 1575 4106 ad
1627 4055 1914 4123 impietatis

334 4132 760 4202 similitudinem,
794 4135 927 4190 hanc
954 4137 1170 4207 pietatis
1205 4139 1449 4206 formam,
1481 4143 1620 4198 sicut
1662 4146 1914 4214 Augusti-

335 4226 466 4280 colae.
492 4227 645 4295 panis
680 4234 734 4282 et
777 4229 882 4281 vini
916 4229 1175 4285 hodierna
1218 4231 1303 4286 die
1335 4232 1575 4289 libavere
1617 4245 1910 4304 sumptum,

337 4316 404 4372 ita
435 4315 781 4373 Christicolas
814 4320 1074 4375 Dominici
1114 4323 1360 4391 corporis
1391 4332 1447 4378 et
1502 4328 1792 4396 sanguinis
1816 4342 1914 4396 gu-

336 4420 474 4465 stare
502 4419 920 4477 sacramentum,
944 4423 995 4467 et
1032 4412 1205 4469 educti
1239 4415 1428 4470 mortis
1451 4420 1718 4487 ergastulo
1746 4436 1912 4490 auge-

337 4501 494 4558 licum
518 4513 868 4575 sequerentur
897 4507 1145 4564 ducatum
1175 4524 1295 4564 cum
1326 4510 1509 4577 Petro,
1541 4512 1630 4582 qui
1670 4529 1766 4570 nos
1797 4530 1912 4584 pec-

1311 349 1769 410 IIOMILIARIUS.
1812 376 1881 393 —
1918 347 2082 408 HOM.
2126 347 2216 408 DE
2251 346 2557 408 SANCTIS.

340 468 562 528 timebat
605 466 854 524 Ecclesiae
898 465 946 523 si
990 467 1088 523 iret
1132 478 1317 524 contra
1365 476 1658 524 torrentem
1690 465 1907 521 brachia
1939 468 1995 529 Α

3449 352 3586 410 M90

2586 457 2870 516 HOMILIA
2903 459 3017 515 XL.

2319 571 2383 610 ns
2422 568 2620 610 sxscro
2660 569 2958 609 LAUBEN‘I’IO
2998 554 3280 610 unus.

2366 646 2471 711 (Ex
2501 647 2638 713 Opp.
2664 644 2802 699 beati
2827 643 3019 699 Leonis
3043 648 3242 714 papae.)

2083 735 2216 790 Cum
2245 738 2499 798 omnium,
2532 734 2885 800 dilectissimi,
2919 745 3022 790 etc.
3070 735 3285 804 Reliqua
3320 735 3430 789 vide
3451 735 3591 806 apud

2013 836 2243 880 sanctum
2290 824 2527 893 Leonem,
2577 826 2797 892 Operam
2843 827 2953 896 ejus
3005 835 3138 881 tomo
3181 825 3231 894 Ι,
3278 826 3595 899 Palrologic

2013 911 2165 984 LIV,
2193 914 2292 972 col.
2325 915 2446 969 454.

2581 1009 2859 1066 HOMILIA
2887 1011 3024 1066 XLI.

2551 1120 2615 1159 DE
2653 1120 2831 1160 EODEH
2872 1121 3063 1160 FESTO.

2286 1194 2400 1265 (Ex
2431 1194 2568 1264 Opp.
2601 1197 2741 1252 beati
2773 1198 2981 1253 Maximi
3012 1199 3269 1271 episcopi.
3297 1202 3317 1271 )

2082 1283 2329 1340 Sanctum
2349 1298 2450 1350 est,
2472 1287 2681 1352 fratres,
2700 1303 2763 1342 ac
2794 1290 2900 1345 Deo
2929 1291 3176 1358 placitum
3195 1334 3210 1360 ,
3237 1303 3342 1349 etc.
3370 1293 3591 1363 Reliqua

2010 1376 2120 1428 vide
2150 1377 2292 1443 apud
2323 1379 2520 1432 beatum
2549 1378 2868 1451 Maximum,
2900 1381 3216 1456 Patrologite
3241 1395 3375 1441 tomo
3401 1386 3592 1458 LVII,

2011 1466 2112 1522 col.
2146 1466 2270 1522 408.

2510 1561 2899 1618 IIOMILIA
2944 1565 3098 1620 XLII.

2564 1671 2632 1709 DE
2663 1670 2838 1710 EODEM
2868 1672 3057 1714 FESTO.

2012 1741 2127 1814 (Ex
2153 1741 2296 1798 beati
2320 1743 2600 1812 Augusdni
2624 1745 2677 1799 in
2701 1745 2924 1802 Joannis
2950 1749 3291 1822 Evangelium
3314 1753 3591 1823 Tractatu,

2556 1848 2713 1892 tract.
2749 1839 2838 1904 SI,
2871 1858 2923 1895 u.
2954 1842 3049 1910 3.)

2085 1929 2154 1984 In
2192 1931 2281 1984 illo
2326 1942 2546 2001 tempore
2591 1932 2718 1985 dixit
2746 1932 2896 1988 Iesus
2923 1937 3188 2003 discipulis
3220 1939 3326 1993 suis
3350 1954 3370 1994 :
3399 1942 3592 2010 Amen,

2009 2033 2157 2074 amen
2206 2022 2320 2074 dico
2371 2023 2542 2087 vobis,
2595 2024 2692 2077 nisi
2742 2042 2957 2095 granum
3011 2029 3252 2096 frumenti
3302 2035 3488 2088 cadens
3538 2037 3592 2088 in

2009 2117 2231 2176 terram,
2280 2121 2538 2164 mortuum
2577 2114 2763 2183 fuerit,
2811 2117 2978 2184 ipsum
3022 2120 3186 2174 solum
3233 2133 3429 2191 manet,
3481 2133 3596 2182 etc:

2011 2198 2207 2270 (Joan.
2241 2201 2361 2271 ιιι).

2084 2291 2410 2349 Ilumilitatis
2457 2296 2710 2366 magister
2759 2306 2842 2353 est
2888 2299 3168 2367 Christus,
3216 2315 3316 2361 etc.
3376 2307 3592 2378 Reliqua

2010 2384 2122 2437 vide
2170 2385 2392 2451 Operam
2441 2391 2606 2443 sancti
2647 2391 2918 2461 Augustini
2959 2406 3091 2452 tomo
3123 2397 3251 2468 Ill,
3287 2400 3598 2474 Pati-elogia

2009 2472 2247 2543 XXXV,
2276 2477 2374 2540 co].
2412 2478 2581 2544 1765,
2618 2482 2712 2535 litt.
2747 2486 2799 2536 8.

2552 2572 2836 2631 IIUMILIA
2870 2577 3049 2635 XLIII.

2230 2677 2282 2716 IN
2315 2679 2512 2720 VIGILIA
2545 2681 2918 2723 ASSUMPTIONIS
2951 2687 3140 2726 BEAT£
3173 2689 3374 2729 HARIE.

2015 2750 2034 2823 (
2061 2750 2137 2806 Ex
2161 2752 2301 2808 beati
2332 2756 2599 2811 Ambrosii
2627 2758 2677 2812 in
2706 2762 3048 2830 Evangelium
3079 2767 3368 2820 secundum
3399 2765 3596 2825 Lucam

2325 2847 2706 2919 Expositione,
2744 2853 2832 2908 lib.
2888 2870 2959 2919 ιι,
2993 2872 3137 2912 num.
3173 2857 3285 2928 10.)

2084 2935 2379 3010 Exsurgens
2430 2941 2595 2996 Maria
2638 2946 2688 2998 in
2740 2946 2914 3000 diebus
2960 2948 3062 3001 illis
3106 2949 3228 3002 abiit
3258 2951 3310 3003 in
3359 2962 3598 3008 montana

2013 3046 2128 3084 cum
2178 3035 2500 3101 festinatione
2541 3037 2594 3088 in
2639 3037 2891 3092 civitatem
2920 3039 3062 3093 Juda
3082 3083 3097 3108 ,
3127 3051 3172 3095 et
3199 3043 3400 3096 intravit
3429 3047 3480 3097 in
3511 3047 3596 3100 do-

2012 3140 2146 3177 mum
2176 3125 2468 3192 Zac/tariaz,
2499 3135 2543 3180 et
2570 3128 2809 3182 salutavit
2843 3130 3127 3198 Elizabet/t,
3158 3144 3262 3188 etc.
3301 3134 3463 3203 (Luc.
3521 3136 3593 3206 ι).

2093 3216 2296 3271 Morale
2328 3227 2410 3272 est
2440 3220 2685 3276 omnibus
2709 3262 2724 3288 ,
2760 3232 2814 3276 ut
2844 3224 2932 3292 qui
2965 3224 3122 3279 fidem
3152 3226 3399 3296 exigunt,
3435 3226 3593 3282 [idem

2018 3315 2295 3377 astruant,
2343 3320 2448 3364 etc.
2495 3310 2711 3380 Reliqua
2759 3315 2872 3368 vide
2917 3317 3055 3385 apud
3103 3327 3333 3371 sanctum
3378 3320 3598 3372 Ambro-

2015 3401 2168 3470 sium,
2196 3402 2419 3472 Operam
2441 3405 2552 3473 ejus
2575 3415 2708 3460 tomo
2725 3405 2786 3459 II
2797 3448 2810 3472 ,
2839 3407 3150 3478 Patrologia'
3171 3409 3218 3463 Χ
3235 3409 3296 3478 γ,
3319 3413 3422 3469 col.
3443 3409 3602 3469 1559.

2567 3498 2847 3554 IIUIIILIA
2890 3500 3076 3558 XLIV.

2279 3603 2344 3640 DE
2385 3601 2747 3645 ASSUMPTIONE
2791 3605 3017 3649 VIRGIUIS
3046 3612 3334 3655 οιοῐιῐοεε.

2377 3682 2396 3750 (
2423 3681 2496 3734 Ex
2528 3683 2663 3750 Opp.
2699 3683 2838 3738 beati
2871 3685 3198 3758 llieronymi.
3227 3693 3247 3758 )

2093 3767 2297 3836 Cogitis
2329 3785 2444 3834 me,
2475 3785 2508 3825 ο
2540 3771 2702 3827 Paula
2733 3783 2785 3828 et
2818 3777 3197 3848 Eustochium,
3232 3783 3338 3837 imo
3368 3783 3603 3842 charitas

2016 3856 2216 3912 Christi
2249 3875 2333 3913 me
2363 3863 2673 3932 compellit,
2703 3874 2809 3920 etc.
2842 3865 3059 3936 Reliqua
3087 3872 3196 3926 vide
3220 3875 3359 3943 apud
3400 3877 3602 3932 beatum

2021 3951 2414 4025 Hieronymum,
2437 3958 2658 4029 Operam
2680 3964 2789 4032 ejus
2811 3973 2946 4018 tomo
2959 3963 3066 4036 XI,
3087 3966 3400 4040 Patrologitz
3419 3971 3602 4043 XXX,

2018 4046 2119 4100 col.
2154 4045 2277 4104 122.

2527 4132 2554 4161 λ
2607 4123 2885 4180 IIOMILIA
2943 4127 3102 4185 XLV.

2350 4227 2401 4266 IN
2434 4227 2789 4273 ASSUMPTIONE
2823 4235 3038 4277 SANCTiﬁ
3071 4241 3270 4282 IARIE.

2093 4297 2278 4355 Multa:
2309 4304 2434 4372 filia:
2464 4323 2899 4379 congregaverant
2925 4313 3152 4382 divitias,
3182 4326 3353 4373 mater
3381 4319 3596 4378 Domini

2019 4408 2350 4464 supergressa
2379 4405 2452 4450 est
2486 4400 2741 4454 universas
2773 4401 2954 4472 (Prov.
2982 4409 3163 4476 XXXI).
3198 4407 3376 4465 Multa:
3409 4411 3597 4470 ﬁdeles

2021 4490 2217 4542 anima:
2272 4493 2502 4559 pretiosa
2557 4496 2810 4550 virtutuut
2859 4511 3209 4570 ornamenta,
3257 4507 3448 4573 quibus
3495 4508 3604 4566 Deo

336 4603 575 4649 calorum
597 4563 896 4654 'absolmos
945 4601 1199 4666 vinculis,
1241 4563 1571 4658 ῑηηοάυρὲρ
1596 4606 1646 4660 in
1693 4563 1913 4676 jam'mm
1945 4563 2000 4626 Β
2026 4579 2332 4648 placerent,
2365 4583 2466 4637 sibi
2501 4584 3031 4646 thesaurizsverunt:
3067 4605 3238 4650 mater
3272 4597 3479 4652 Domini
3509 4615 3605 4653 su-

336 4688 483 4755 regni
510 4686 765 4755 etelestis,
799 4691 886 4744 ubi
918 4704 1013 4746 nos
1033 4691 1239 4747 reficiat
1261 4694 1340 4748 sui
1373 4705 1622 4763 aspectus
1650 4699 1918 4764 satietate,

336 4776 388 4830 in
411 4793 556 4848 quem
580 4779 868 4834 desiderant
887 4782 1056 4852 angeli
1079 4799 1273 4854 semper
1299 4787 1654 4859 prospicereU
1682 4786 1832 4843 Petr.
1853 4788 1916 4858 t),

337 4869 421 4921 cui
471 4869 802 4935 proclamant
837 4889 848 4923 :
878 4869 1116 4937 Sanctus,
1149 4884 1375 4942 sanctus,
1407 4886 1616 4932 sanctus
1653 4876 1784 4948 (Isa.
1817 4879 1916 4947 v1),

338 4959 454 5016 sine
500 4962 917 5028 intermissiOne,
951 4965 1224 5022 laudantes
1253 4982 1416 5023 unum
1450 4985 1634 5024 verum
1665 4969 1830 5024 Deum
1862 4969 1913 5024 in

339 5055 596 5124 trinitate,
645 5057 734 5129 qui
781 5058 908 5112 vivit
953 5067 1008 5114 et
1050 5072 1238 5128 regnat
1287 5062 1404 5118 sine
1450 5063 1574 5118 line.
1610 5065 1800 5118 Amen.
1834 5061 1915 5117 'I'tt

339 5159 540 5206 autem.

843 5220 1126 5277 HOMILIA
1164 5222 1408 5278 XXXIX.

895 5328 959 5366 DE
1001 5326 1176 5367 EODEM
1206 5324 1379 5369 FESIO.

737 5406 842 5478 (Ex
870 5406 1005 5475 Opp.
1032 5407 1170 5461 beati
1204 5407 1530 5482 Augustini.)

414 5494 673 5562 AudiStis,
703 5496 895 5552 fratres
937 5497 1256 5563 charissiini,
1283 5510 1387 5554 etc.
1419 5500 1759 5569 Reliquavide
1781 5501 1921 5570 apud

341 5600 572 5645 sanctum
615 5591 972 5659 Augustinum,
1009 5590 1232 5660 Operam
1271 5594 1378 5660 eius
1409 5603 1542 5648 tonio
1579 5595 1644 5662 V,
1682 5596 1922 5650 Patrolo-

350 5683 450 5755 gn:
477 5680 747 5748 XXXIX,
775 5683 874 5737 col.
909 5682 1071 5738 suis.

2029 4689 2312 4743 pergressa
2343 4685 2426 4730 est
2457 4677 2756 4733 universas.
2789 4681 3146 4753 Snpergressa
3192 4697 3274 4742 est
3323 4703 3510 4744 omnes
3548 4691 3601 4745 in

2027 4768 2204 4831 terris,
2237 4783 2581 4835 supergressa
2613 4779 2698 4824 est
2731 4772 2782 4826 in
2813 4776 2985 4830 ctelis.
3019 4775 3075 4830 ln
3103 4777 3191 4833 die
3223 4783 3604 4849 peregrinatio-

2024 4857 2106 4910 nis
2133 4870 2274 4923 sum,
2308 4872 2496 4912 omnes
2524 4859 2846 4917 habitatores
2880 4876 3036 4920 terrm
3062 4869 3371 4922 meritorum
3407 4871 3600 4926 decore

2021 4949 2254 5004 excessit
2281 4965 2296 5012 ;
2343 4951 2394 5004 in
2425 4949 2512 5004 die
2542 4955 2896 5020 reparationis
2931 4973 3072 5021 suae,
3105 4972 3292 5013 omnes
3335 4958 3603 5016 habitato-

2025 5057 2111 5096 res
2157 5043 2280 5097 ρεηΙί
2329 5043 2670 5112 praemiorum
2716 5045 2917 5102 honore
2951 5051 3296 5104 transcendit.
3331 5048 3484 5104 Filia:
3514 5049 3604 5104 Je-

2021 5139 2268 5200 rusalem,
2301 5138 2464 5192 venite
2493 5149 2539 5192 et
2568 5140 2726 5192 videte
2747 5149 2968 5195 matrem
2993 5143 3201 5196 Domini
3235 5145 3286 5196 in
3315 5145 3601 5200 diademate

2023 5229 2220 5296 regalis
2251 5229 2436 5295 gloriae
2466 5245 2599 5295 suae,
2632 5247 2732 5295 quo
2765 5233 3024 5285 coronavit
3054 5249 3165 5286 eam
3199 5232 3340 5287 filius
3371 5248 3517 5299 suus,
3549 5236 3602 5289 in

2024 5320 2106 5373 die
2145 5321 2340 5373 lretitia:
2383 5323 2549 5375 cordis
2587 5324 2698 5393 ejus
2727 5322 2914 5395 (Cant.
2946 5325 3075 5394 III),
3111 5327 3162 5382 in
3197 5327 3282 5382 die
3314 5327 3479 5382 beata:
3510 5343 3604 5383 as-

2027 5408 2348 5476 sumptionis
2387 5411 2502 5477 ejus
2545 5412 2595 5464 in
2637 5414 2852 5467 coelum.
2902 5415 3144 5471 Plaudite
3171 5426 3222 5472 et
3248 5418 3609 5485 iucundamini

2025 5515 2177 5565 super
2207 5517 2342 5566 eam,
2374 5517 2543 5555 omnes
2572 5504 2658 5570 qui
2698 5505 2909 5575 diligitis
2939 5523 3047 5559 eam
3076 5507 3213 5578 (Isa.
3244 5510 3390 5580 txw)
3427 5527 3438 5563 :
3472 5526 3605 5580 quo-

2027 5596 2165 5648 niam
2215 5594 2373 5649 uimis
2413 5596 2645 5652 exaltata
2688 5609 2803 5663 est,
2838 5601 3167 5668 magnificam
3206 5613 3288 5658 est
3319 5606 3602 5659 vehemen-

2029 5696 2128 5743 ter.
2159 5688 2448 5744 Cautemus
2480 5691 2530 5745 iu
2559 5691 2912 5749 admiratione
2940 5696 3124 5766 glorire
3154 5698 3295 5766 ejus,
3331 5707 3605 5758 cantemus

422 5835 447 5871 ⁸
480 5825 824 5914 ῌοωὶιὶηἰυε
852 5825 1058 5893 titulum
1089 5825 1165 5894 sic
1194 5827 1410 5888 exhibet
1434 5845 1444 5883 :
1476 5828 1658 5896 Sermo
1683 5870 1696 5888 .
1724 5870 1738 5888 .
1762 5867 1776 5893 ε
1804 5868 1818 5890 .
1852 5870 1867 5888 .
1894 5866 1911 5893 .
1947 5831 2125 5886 incerti
2153 5829 2358 5904 quidem
2386 5830 2628 5900 auctoris,
2661 5831 2750 5888 sed
2776 5834 3068 5892 excellentis
3120 5837 3268 5895 Eutr.
