4096 6346
527 378 659 436 1491

1340 377 1540 436 PAULI
1579 376 1844 434 DIACONI
1882 376 2036 434 OPP.
2076 372 2254 434 PARS
2291 372 2359 432 ιι.
2399 404 2470 418 -
2512 372 2864 432 ASCETICA.‘

3642 372 3790 433 H9!

524 493 601 548 illi
632 491 895 547 canticum
922 490 1158 556 laetitia,
1189 506 1311 546 cum
1355 508 1480 559 rege
1508 493 1793 547 Salomone
1819 491 2056 547 dicentes
2082 507 2098 546 :
2125 489 2181 553 Α
2205 492 2399 547 stinctu
2427 490 2630 563 diligit,
2659 497 2860 560 optima
2902 498 3078 547 mater
3114 485 3376 559 optimum
3406 486 3576 546 tiliam
3614 504 3790 558 quan-

528 583 654 650 Qua:
677 592 748 637 est
776 584 876 636 ista
902 599 1015 654 qua:
1052 583 1278 637 ascendit
1307 584 1368 637 de
1398 586 1616 651 deserto,
1647 584 1842 637 deliciis
1868 583 2099 653 afﬂuens,

524 685 571 731 et
600 677 777 731 innixa
804 691 958 745 super
988 677 1228 731 dilectum
1256 693 1403 729 suum
1435 675 1610 743 (Cant.
1644 675 1805 745 vm)?
1835 675 1986 743 Quod
2016 673 2102 730 vel

524 767 682 839 quale
728 767 999 824 desertum
1031 768 1173 821 unde
1204 767 1484 821 ascendit?
1513 767 1628 833 Quo
1658 776 1748 821 aut
1777 767 1989 839 quando
2018 758 2097 820 as-

530 858 753 912 cendit?
783 858 977 928 quibus
1006 858 1236 913 afﬂuens
1266 858 1515 913 deliciis?
1546 875 1704 927 super
1734 876 1887 930 quem
1920 859 2101 914 innixa

522 951 824 1006 dilectum?
855 953 971 1021 Ipsa
1004 954 1325 1020 Opitulaute,
1361 953 1620 1007 dicemus.
1670 953 1953 1009 Desertum
1985 963 2103 1009 erat

523 1055 659 1109 gens
700 1041 918 1096 Judaica
941 1083 956 1107 ,
990 1043 1248 1097 derelicta
1282 1059 1309 1096 a
1345 1042 1484 1110 Deo,
1517 1044 1719 1113 privata
1752 1060 1780 1098 a
1820 1044 2101 1113 multiplici

528 1134 730 1202 gratia,
774 1150 929 1203 quam
975 1135 1170 1189 habere
1213 1149 1596 1202 consueverat,
1628 1138 1920 1190 secundum
1961 1136 2101 1201 quod

525 1227 885 1279 comminatus
933 1224 1107 1280 fuerat
1160 1227 1414 1282 Dominus
1468 1244 1561 1297 per
1608 1228 1826 1294 lsaiam,
1878 1229 2098 1283 dicens:

523 1312 658 1369 Ecce
688 1316 976 1371 dominator
1011 1318 1257 1371 Dominus
1287 1320 1480 1388 auferet
1511 1338 1541 1373 a
1570 1319 1855 1374 Jerusalem
1883 1329 1926 1373 et
1955 1320 2102 1375 Iuda

522 1407 749 1463 ualidum
800 1419 844 1462 et
896 1413 1111 1479 fortem,
1160 1420 1206 1463 et
1252 1428 1398 1464 omne
1438 1413 1591 1465 robur
1631 1430 1806 1480 aquw,
1846 1423 1893 1467 et
1934 1414 2096 1475 virum

523 1497 815 1552 bellatorem
837 1541 851 1564 ,
884 1509 929 1552 et
953 1502 1189 1572 judicent
1219 1512 1265 1556 et
1296 1504 1630 1570 prophetam,
1662 1513 1716 1557 et
1754 1514 1941 1558 caetera
1984 1521 2101 1575 qua:

521 1601 821 1658 sequuntur
850 1588 1006 1659 (Isai.
1035 1594 1111 1661 γ).
1144 1594 1207 1646 Et
1233 1609 1441 1648 rursum
1468 1612 1480 1644 :
1508 1596 1751 1665 Auferam
1774 1612 1941 1662 sepem
1969 1598 2101 1667 ejus,

523 1690 570 1735 et
598 1682 690 1735 erit
716 1682 769 1735 in
795 1681 1134 1748 direptionem
1161 1701 1180 1751 ;
1223 1686 1427 1738 diruam
1455 1688 1724 1740 maceriam
1752 1688 1861 1757 ejus
1880 1728 1897 1755 ,
1930 1698 1975 1741 et
2004 1688 2101 1743 erit

521 1772 575 1826 in
603 1772 1033 1828 conculcationem
1058 1816 1072 1839 ,
1103 1785 1149 1828 et
1181 1794 1369 1845 ponam
1396 1794 1509 1831 eam
1537 1780 1786 1831 desertam
1812 1777 1975 1847 (Isai.
2008 1796 2036 1831 v
2056 1780 2097 1849 j.

523 1865 608 1919 Ab
639 1864 738 1920 hoc
767 1865 984 1921 deserto
1018 1868 1286 1932 plorandas
1332 1869 1592 1931 miseriae,
1640 1872 1873 1940 gloriosa
1919 1881 2101 1927 nostra
2132 1858 2179 1922 Β

526 1954 803 2010 theotocos
833 1957 896 2010 ad
930 1959 1137 2011 beatius
1169 1959 1437 2027 quoddam
1483 1960 1752 2014 desertum
1798 1962 1850 2014 in
1884 1962 1969 2015 die
1998 1977 2104 2030 quo

522 2050 836 2104 recordatus
891 2062 968 2105 est
1034 2051 1289 2105 Dominus
1351 2050 1565 2107 auferre
1617 2069 1752 2108 onus
1805 2055 2102 2124 gemituum

525 2138 677 2210 ejus,
709 2141 902 2207 quibus
931 2158 1091 2210 super
1123 2145 1363 2196 absentia
1399 2144 1490 2197 lilii
1538 2144 1942 2214 ingemiscebat,
1973 2164 2104 2219 gau-

522 2231 615 2288 dio
660 2234 812 2303 plena
865 2235 1144 2298 ascendit;
1201 2238 1263 2289 ad
1319 2237 1483 2302 illud,
1532 2240 1777 2310 inquam,
1825 2241 2097 2295 desertum

525 2329 804 2395 ascendit,
838 2328 990 2398 cujus
1026 2332 1267 2384 meminit
1298 2332 1542 2387 Salvator
1572 2334 1622 2387 in
1658 2334 1908 2402 paraliola
1940 2351 2105 2391 evan-

525 2420 729 2489 gelica,
761 2421 944 2475 dicens
979 2441 992 2475 :
1028 2422 1215 2475 Nonne
1256 2425 1469 2477 dimittit
1512 2429 1791 2492 nonaginta
1835 2445 2013 2483 nonem
2052 2431 2105 2484 in

526 2513 725 2566 deserto
746 2553 762 2575 ,
808 2524 854 2567 et
896 2516 1037 2567 vadit
1081 2516 1149 2567 ad
1192 2517 1336 2569 illam
1366 2533 1483 2586 qua:
1513 2519 1727 2585 perierat
1755 2521 1772 2589 (
1798 2518 1926 2573 Luc.
1956 2536 2025 2575 xv
2050 2522 2105 2591 )i

529 2600 778 2658 Ctelestis
806 2606 1000 2673 quippe
1035 2606 1118 2659 illa
1163 2606 1418 2662 habitatio
1458 2621 1762 2666 sanctorum
1802 2612 1943 2667 dicta
1990 2621 2101 2680 est,

529 2694 653 2764 quia
685 2696 752 2748 ab
783 2696 999 2751 homine
1049 2700 1218 2752 fuerat
1261 2700 1553 2767 derelicta;
1586 2703 1670 2757 vel
1702 2720 1800 2774 pro
1830 2705 1915 2759 illa
1948 2706 2103 2760 nimi-

527 2800 649 2842 rum
682 2787 1036 2842 similitudine
1068 2789 1167 2844 loci
1198 2791 1429 2854 deserti,
1464 2792 1603 2861 quod
1637 2810 1736 2863 pax
1767 2803 1822 2849 et
1853 2804 2103 2864 perpetua

531 2879 889 2945 tranquillitas
936 2880 1043 2935 illic
1090 2889 1174 2936 est
1203 2900 1215 2935 :
1248 2897 1352 2937 non
1384 2883 1493 2939 illic
1530 2895 1769 2940 coarctat
1805 2886 1884 2940 vir
1929 2887 2107 2955 proxi-

530 2982 674 3023 uum
703 2984 856 3024 suum
888 2986 983 3039 pro
1012 2972 1351 3028 multitudine
1380 2975 1731 3031 habitantium
1759 2979 1811 3032 in
1838 2993 1935 3045 ea;
1962 2979 2104 3033 nulla

529 3056 894 3124 iulestatione,
926 3062 1065 3115 nulla
1096 3062 1432 3118 clamositate
1460 3066 1737 3135 inquietat.
1770 3067 1899 3122 Nam
1929 3077 1982 3122 et
2010 3084 2105 3137 pro

480 3212 481 3215 η
528 3161 589 3203 ea
637 3149 987 3206 similitudine
1036 3169 1184 3207 mens
1233 3154 1457 3210 humana
1488 3171 1518 3211 a
1548 3158 1876 3227 sapientibus
1918 3158 2103 3215 deser-

530 3248 643 3297 tum
692 3243 907 3309 dicitur,
958 3261 1074 3312 quin
1119 3248 1278 3301 nullis
1308 3265 1555 3305 curarum
1587 3263 1679 3306 aut
1711 3253 1957 3307 vitiorum
1990 3253 2099 3308 cla-

530 3337 770 3391 mOribus
820 3338 1167 3406 inquietatur.
1210 3341 1499 3407 Ascendit,
1533 3343 1778 3414 inquam,
1809 3355 1853 3398 et
1880 3348 2107 3401 ean/tata

531 3437 638 3491 est,
670 3430 772 3481 sive
797 3430 850 3483 in
882 3445 1114 3499 corpore,
1141 3431 1240 3485 sive
1269 3440 1411 3486 extra
1439 3449 1643 3504 corpus,
1672 3439 1944 3501 nescimus,
1967 3436 2106 3491 Deus

529 3520 624 3573 scit
670 3518 773 3590 (ll
806 3520 928 3573 Cor.
957 3521 1093 3590 χιι).
1150 3521 1438 3594 Usquequo
1486 3529 1715 3582 exaltata
1763 3530 1886 3584 est?
1938 3544 2106 3599 usque

530 3609 600 3664 ad
630 3608 843 3664 ctelosi
876 3612 1044 3664 I'Itiam
1068 3621 1215 3669 certe
1238 3629 1398 3682 super
1425 3630 1609 3673 omnes
1642 3618 1835 3684 etelos,
1864 3628 1917 3675 et
1945 3634 2108 3689 super

535 3715 725 3756 omnes
754 3694 922 3756 cretes
948 3702 1228 3761 caelorum.
1281 3705 1451 3761 Etiam
1482 3720 1627 3763 certe
1656 3724 1817 3778 super
1846 3712 2067 3782 angelos
2089 3754 2104 3781 ,

529 3790 914 3860 arehangelos,
962 3794 1223 3860 virtutes,
1256 3805 1583 3866 potestates,
1618 3800 1977 3870 principatus,
2011 3803 2105 3858 do-

528 3880 891 3951 minationes,
930 3884 1192 3952 thronos,
1232 3886 1492 3944 cherubin
1535 3900 1693 3961 atque
1738 3894 2015 3964 seraphin.
2059 3893 2106 3949 Δ

536 3971 753 4029 Domino
780 3978 974 4044 factum
1004 3988 1077 4031 est
1105 3979 1277 4045 istud,
1310 3991 1354 4035 et
1385 3990 1459 4035 est
1483 3983 1717 4038 mirabile
1740 3986 1791 4041 in
1819 3987 1981 4041 oculis
2008 4004 2105 4043 no-

527 4068 651 4120 stris
695 4064 881 4135 (Psal.
908 4068 1133 4139 cxvu),
1166 4078 1223 4125 ut
1262 4069 1459 4127 femina
1504 4073 1738 4145 fragilis,
1785 4079 2110 4135 vermiculus

530 4154 789 4209 educatus
813 4157 863 4211 in
893 4156 1021 4211 limo
1047 4158 1336 4214 turbulenti
1364 4161 1523 4233 hujus
1549 4166 1727 4220 saeculi
1749 4206 1764 4231 ,
1788 4175 1894 4221 tam
1925 4183 2105 4236 puras,

529 4256 643 4302 tam
674 4250 980 4317 praeclaras,
999 4257 1104 4305 tam
1124 4254 1445 4309 excellentes
1463 4265 1754 4325 creaturas,
1788 4268 1896 4313 tam
1924 4262 2107 4316 excel-

528 4336 707 4396 lenter
736 4342 1046 4411 supergredi
1078 4345 1353 4400 meruerit.
1398 4347 1503 4403 Sed
1533 4348 1748 4419 dignum
1778 4360 1833 4405 et
1859 4353 2108 4408 omnibus

532 4429 708 4485 modis
737 4434 1067 4489 conveniens
1098 4448 1242 4504 erat,
1277 4448 1335 4492 ιιι
1365 4439 1542 4494 omnia
1588 4442 1981 4511 subjicerenlur
2010 4446 2110 4501 sub

526 4523 755 4591 pedibus
783 4523 930 4594 ejus,
963 4542 1080 4597 quae
1110 4531 1347 4585 omnium
1378 4545 1636 4602 genuerat
1663 4546 1981 4592 creatorem.
2015 4538 2104 4593 Di-

529 4627 693 4683 gnum
726 4624 840 4669 erat
882 4626 941 4671 ut
985 4619 1206 4674 Domina
1237 4637 1381 4677 esset
1412 4627 1723 4695 angelorum
1744 4669 1761 4696 ,
1795 4646 1914 4700 quae
1943 4631 2102 4702 digna

527 4701 709 4759 fuerat
749 4719 869 4762 esse
909 4717 1079 4764 mater
1112 4710 1323 4767 Domini
1366 4718 1691 4785 angelorum.
1730 4721 1956 4792 Dignum
1989 4701 2107 4779 erat

523 4805 581 4854 ut
627 4799 864 4869 angelica
912 4800 1113 4870 puritas
1145 4804 1220 4859 illi
1250 4806 1567 4865 subderetur
1598 4813 1651 4867 in
1680 4816 1867 4883 ctelis,
1902 4816 1986 4870 cui
2020 4825 2102 4871 to-

525 4897 633 4946 tam
661 4906 721 4948 se
762 4892 1025 4949 infuderat
1070 4896 1245 4952 divina
1294 4900 1496 4969 puritas
1543 4903 1596 4958 in
1644 4908 1823 4961 terris.
1875 4906 2097 4975 Dignum

522 4992 641 5038 erat
669 4995 727 5039 ut
755 4986 983 5054 amplius
1014 4998 1236 5044 matrem
1268 5005 1419 5046 suam
1468 4993 1757 5051 honoraret
1786 5013 1945 5066 quam
1995 5001 2098 5055 mi-

522 5074 753 5144 nistros,
785 5078 901 5147 ipse
931 5081 1019 5149 qui
1064 5082 1309 5137 dixerat:
1360 5084 1578 5140 Honora
1622 5100 1819 5161 patrem
1865 5100 2008 5145 tuum
2052 5102 2100 5148 et

522 5178 766 5236 matrem,
816 5179 871 5224 ut
915 5174 985 5226 sis
1033 5171 1294 5245 lonngus
1322 5193 1476 5248 super
1503 5187 1691 5232 terram
1719 5180 1738 5252 (
1762 5179 1933 5235 Exod.
1964 5198 2029 5237 xx
2054 5183 2098 5254 ).

522 5259 747 5329 Dignum
779 5273 894 5319 erat
923 5274 980 5319 ut
1009 5262 1322 5323 familiarius
1367 5271 1501 5325 hanc
1545 5283 1782 5338 amaret,
1830 5274 2100 5343 c0piosius

517 5362 928 5421 remuneraret,
987 5370 1105 5425 qua:
1162 5357 1484 5430 singularias
1539 5374 1697 5433 atque
1747 5366 2095 5423 accedentius

516 5445 662 5501 omni
714 5447 964 5502 rationali
1007 5460 1253 5506 creatura
1306 5454 1479 5523 ipsum
1529 5456 1811 5514 dilexerat.
1862 5461 1926 5515 Et
1976 5461 2096 5530 quis

516 5540 784 5595 ustimare
813 5549 905 5595 aut
932 5548 1237 5615 exCOgitare
1269 5551 1501 5617 poterit,
1536 5562 1728 5620 quanta
1761 5553 1857 5607 fuit
1884 5553 2098 5610 dilectio

518 5632 636 5686 talis
668 5636 853 5688 matris
884 5650 1009 5704 erga
1044 5636 1200 5693 talem
1234 5641 1445 5694 filium?
1492 5643 1545 5696 Si
1591 5644 1725 5697 mala
1783 5656 1950 5701 mater
1979 5663 2092 5701 ma-

520 5725 622 5775 lum
656 5722 820 5779 lilium
851 5728 1018 5781 solius
1048 5739 1254 5784 natura:
1302 5731 1557 5787 instinctu
1605 5736 1814 5806 d.ligit,
1863 5738 1907 5792 si
1959 5741 2092 5792 bona

518 5823 682 5868 mater
706 5814 903 5872 bonum
935 5818 1134 5888 lilium,
1171 5822 1277 5878 tam
1310 5834 1516 5882 natura:
1558 5844 1717 5894 quam
1760 5832 1963 5887 virtutis
2003 5833 2089 5887 in-

2207 596 2321 642 tum
2362 587 2610 643 dilexisse
2638 584 2978 641 aestimatur?
3009 583 3278 654 Diligendi
3308 599 3524 640 causam
3558 594 3789 655 praesta-

2205 680 2294 734 bat
2324 680 2376 733 in
2408 678 2515 733 lilio
2544 686 2733 732 natura
2756 717 2770 741 ,
2802 676 3058 732 virtutum
3106 675 3381 745 plenitudo
3401 716 3419 742 ,
3466 676 3688 745 insuper
3731 685 3790 734 et

2204 770 2498 825 divinitas:
2548 770 2797 825 virtutem
2848 782 2977 823 vero
3025 768 3311 836 diligendi,
3361 767 3638 838 plenitudo
3667 768 3793 837 Spi-

2202 862 2338 918 ritus
2367 862 2534 916 saucti
2564 860 2889 929 cperabatur
2916 858 2969 914 in
3002 868 3195 914 matre.
3243 860 3372 927 Quis
3416 875 3546 929 ergo
3595 860 3795 935 modus

2203 968 2325 1007 esse
2355 952 2521 1022 potuit
2562 950 2879 1017 dilectioni,
2912 950 2998 1004 ubi
3029 950 3172 1004 nulla
3202 950 3389 1005 deesse
3416 950 3588 1021 potuit
3616 965 3789 1008 causa

2203 1046 2503 1117 diligendi?
2534 1046 2668 1112 Quia
2698 1062 2827 1109 ergo
2857 1045 2973 1116 plus
3022 1045 3272 1099 omnibus
3316 1045 3539 1111 dilexit,
3586 1047 3791 1100 merito

2204 1138 2322 1207 plus
2347 1136 2594 1190 omnibus
2622 1136 2812 1190 dilecta
2838 1146 2920 1190 est
2945 1149 2973 1188 a
3003 1134 3227 1188 Domino
3254 1146 3303 1188 et
3336 1135 3618 1191 honorata.
3650 1135 3797 1193 Ecce

2203 1229 2343 1283 enim
2372 1228 2603 1281 exaltata
2636 1236 2716 1281 est
2747 1241 2910 1294 super
2941 1226 3139 1280 choros
3166 1226 3474 1297 angelorum
3520 1242 3693 1297 usque
3722 1226 3793 1289 ad

2203 1320 2476 1373 dexteram
2512 1318 2637 1380 lilii,
2671 1329 2724 1372 et
2758 1317 2890 1370 facta
2934 1327 3015 1371 est
3060 1326 3251 1386 potens
3284 1317 3692 1373 materfamilias
3736 1319 3793 1376 in

2203 1412 2450 1465 universa
2480 1410 2638 1465 domo
2671 1409 2912 1475 Domini,
2944 1419 2997 1463 et
3028 1408 3205 1478 regina
3232 1408 3489 1463 calorum
3518 1410 3798 1480 appellata

2203 1513 2304 1561 est.
2352 1506 2520 1568 Quam
2565 1512 2809 1573 potenter
2851 1501 2916 1555 ad
2964 1516 3024 1556 se
3070 1499 3229 1557 traxit
3274 1502 3593 1556 versiculum
3638 1503 3795 1557 illum

2204 1598 2595 1667 propheticum,
2621 1610 2727 1666 quo
2753 1595 2952 1649 dictum
2977 1603 3060 1650 est
3089 1610 3102 1647 :
3133 1594 3304 1648 Astitit
3333 1595 3507 1664 regina
3536 1612 3567 1648 ιι
3593 1596 3797 1652 dextris

2204 1692 2303 1743 tuis
2333 1690 2384 1743 in
2414 1689 2597 1743 vestitu
2646 1689 2911 1752 deaurato,
2956 1685 3275 1740 circumdata
3317 1685 3561 1739 varietate
3588 1688 3607 1755 (
3634 1684 3791 1745 Psal.

2205 1797 2324 1836 xciv
2346 1781 2363 1851 )
2389 1780 2411 1834 ?
2454 1781 2516 1835 Et
2552 1778 2677 1849 quid
2703 1788 2786 1834 est
2811 1791 2997 1831 aurum
3023 1776 3344 1831 vestimento
3371 1777 3487 1847 ejus
3512 1777 3797 1844 superdu-

2204 1884 2385 1938 ctum,
2443 1872 2543 1926 nisi
2595 1871 2681 1925 illa
2731 1868 3128 1925 inaestimabilis
3171 1869 3449 1924 charitatis
3478 1870 3793 1940 ﬂagrantia,

2206 1963 2507 2018 universam
2560 1964 2680 2014 vitae
2732 1961 3067 2014 sanctitatem
3119 1960 3261 2014 velut
3312 1957 3557 2013 rutilanti
3607 1960 3795 2017 colore

2205 2054 2433 2123 desuper
2481 2052 2781 2106 adornans?
2825 2050 3081 2117 Qumnam
3126 2057 3292 2104 estet
3323 2050 3630 2105 vestimenti
3674 2049 3797 2122 ejus

2206 2161 2309 2216 quo
2339 2144 2658 2200 circumdata
2686 2150 2767 2197 est
2788 2181 2806 2208 ,
2833 2142 3103 2195 varietas?
3135 2142 3227 2195 Illa
3258 2142 3440 2208 procul
3471 2142 3639 2197 dubio
3669 2158 3793 2199 cte-

2208 2238 2419 2294 lestium
2466 2238 2797 2292 exercituum
2850 2234 2899 2290 ei
2950 2234 3320 2289 l'amulantium
3372 2235 3521 2290 mille
3570 2235 3795 2294 millena

2205 2332 2403 2396 millia,
2454 2330 2644 2399 quibus
2694 2327 2945 2382 omnibus
2992 2328 3143 2397 quasi
3194 2328 3513 2381 vestimento
3564 2326 3788 2382 luminis

2206 2424 2397 2476 amicta
2427 2430 2512 2476 est
2540 2429 2594 2476 et
2624 2419 2845 2474 mirifice
2877 2419 3154 2474 adornata.
3189 2418 3343 2474 Unde
3374 2434 3479 2472 non
3518 2417 3791 2473 immerito

2207 2515 2382 2570 divina
2432 2513 2517 2569 illa
2565 2511 2922 2576 exclamatio,
2955 2526 3056 2581 qua
3088 2512 3216 2565 olim
3248 2512 3520 2582 indignum
3549 2525 3607 2566 se
3650 2511 3789 2565 fecit

2206 2606 2469 2677 gloriosus
2517 2604 2606 2659 ille
2652 2603 2888 2670 clierub,
2933 2603 2996 2657 ad
3046 2604 3183 2658 hanc
3226 2604 3503 2673 aptissime
3551 2603 3799 2663 converti

2210 2706 2413 2769 potest,
2461 2706 2519 2751 ut
2563 2697 2810 2751 dicatur:
2847 2695 3029 2749 Omnis
3059 2696 3189 2767 lapis
3221 2695 3474 2764 pretiosus
3502 2696 3799 2764 aperimu-

2207 2801 2311 2845 tum
2340 2802 2481 2843 tuum
2500 2835 2514 2859 ,
2545 2805 2577 2844 ο
2609 2789 2768 2844 Maria
2795 2788 2809 2843 !
2853 2788 3056 2843 sardius
3077 2828 3093 2855 ,
3125 2788 3383 2858 topazius,
3403 2789 3613 2859 jaspis,
3640 2788 3801 2863 chry-

2206 2883 2457 2945 solithus,
2501 2897 2674 2951 onyx,
2711 2879 2971 2950 beryllus,
3013 2879 3318 2949 sapphirus,
3364 2878 3713 2933 carbunculus
3750 2886 3803 2935 et

2205 2973 2507 3044 smaragdos
2546 2975 2563 3044 (
2584 2970 2767 3027 Ezeclt.
2813 2969 3036 3041 xxvtn).
3073 2971 3214 3027 Bene
3259 2972 3339 3027 his
3370 2988 3566 3029 novem
3600 2970 3801 3042 pretio-

2206 3064 2435 3119 sissimis
2476 3066 2702 3133 gemmis
2744 3065 2942 3133 operiri
2986 3065 3180 3119 dicitur
3213 3063 3326 3120 hth
3352 3068 3541 3136 regina
3570 3076 3755 3120 nostra
3777 3106 3795 3132 ,

2208 3156 2333 3210 dum
2367 3171 2557 3211 novem
2591 3157 2865 3211 ordinibus
2892 3158 3203 3229 angelorum
3235 3158 3544 3228 singulatim
3575 3172 3799 3228 compa-

2212 3259 2348 3317 rata,
2379 3258 2528 3304 tanto
2555 3258 2779 3318 apparet
2807 3250 3115 3317 gloriosior,
3148 3262 3344 3320 quanto
3373 3252 3484 3306 illis
3514 3252 3569 3306 in
3599 3246 3797 3309 decore

2208 3358 2306 3399 suo
2335 3351 2419 3398 est
2445 3343 2783 3398 eminentior.
2823 3341 3093 3413 Rumpere
3124 3344 3316 3399 invidia
3338 3385 3356 3412 ,
3388 3360 3619 3415 serpens
3649 3346 3797 3400 iuve-

2212 3442 2379 3489 terate
2399 3474 2414 3498 ,
2464 3443 2517 3489 et
2567 3433 2861 3504 indignatio
2911 3442 2999 3487 tua
3045 3435 3252 3489 scindat
3284 3446 3334 3489 te
3363 3437 3601 3491 medium
3631 3456 3643 3491 :
3673 3440 3793 3509 quia

2209 3542 2336 3583 ecce
2380 3527 2565 3581 mulier
2613 3527 2762 3594 cujus
2812 3527 3083 3581 insidiatus
3129 3545 3181 3582 es
3228 3531 3506 3593 calcaneo,
3552 3532 3794 3587 contriuit

2209 3628 2363 3691 caput
2400 3628 2544 3673 tuum
2585 3617 2756 3688 (Gen.
2786 3618 2881 3689 ιιι)
2916 3637 2929 3673 :
2972 3629 3025 3674 et
3070 3619 3287 3674 honoris
3319 3623 3392 3676 tui
3424 3621 3789 3691 privilegium,

2210 3713 2352 3785 quod
2396 3726 2492 3784 per
2536 3712 2843 3781 superbiam
2892 3713 3204 3781 perdidisti,
3246 3716 3445 3769 virtute
3474 3713 3786 3773 humilitatis

2208 3808 2371 3862 traxit
2408 3806 2473 3861 ad
2514 3821 2592 3862 se.
2634 3805 2942 3863 Ambulavit
2981 3807 3202 3876 perlecta
3229 3806 3281 3859 in
3309 3807 3401 3860 uiis
3425 3808 3565 3873 suis,
3597 3816 3651 3862 et
3679 3823 3794 3863 ecce

2211 3898 2377 3968 posita
2398 3908 2472 3952 est
2500 3900 2555 3953 in
2582 3909 2746 3952 monte
2770 3909 2943 3953 sancto
2966 3896 3061 3953 Dei
3078 3943 3091 3964 ,
3120 3898 3171 3954 ia
3198 3898 3365 3954 medio
3390 3897 3628 3968 lapidum
3654 3900 3797 3970 igni-

2211 4000 2409 4060 torum,
2439 3994 2574 4048 unde
2601 3993 2814 4065 proiecit
2840 4002 2885 4048 te
2915 3993 3185 4062 Dominus,
3210 3994 3330 4065 quia
3357 3995 3561 4049 inventa
3588 4005 3664 4051 est
3690 3994 3792 4052 ini-

2210 4084 2377 4155 quitas
2420 4084 2475 4138 in
2522 4094 2569 4139 te
2589 4126 2605 4151 ,
2647 4094 2694 4139 et
2721 4085 2872 4139 nihili
2901 4088 3068 4155 factus
3094 4103 3144 4141 es
3173 4086 3400 4158 (Ezech.
3429 4104 3601 4145 xxvm
3620 4092 3663 4159 ).
3692 4090 3793 4146 Sed

2211 4176 2340 4249 quid
2381 4159 2527 4231 solos
2569 4175 2851 4231 beatorum
2888 4178 3171 4246 spirituum
3202 4181 3417 4236 ordines
3447 4182 3500 4237 in
3532 4184 3790 4239 varietate

2211 4268 2524 4325 vestimenti
2573 4267 2689 4340 ejus
2737 4270 3168 4340 assignavimus?
3214 4272 3401 4328 Nonne
3448 4290 3613 4330 omne
3653 4277 3791 4347 quod

2214 4362 2658 4435 pretiosissimum
2704 4361 2771 4418 de
2811 4373 2953 4418 terra
2990 4365 3055 4419 ad
3095 4366 3265 4421 cmlos
3307 4367 3628 4423 subvectum
3673 4378 3788 4435 est,

2214 4452 2533 4511 omnimodae
2572 4454 2744 4509 laudis
2782 4464 2838 4511 et
2876 4457 3094 4512 honoris
3122 4456 3266 4512 illam
3295 4459 3595 4515 circumdat
3634 4461 3788 4516 mini-

2216 4549 2426 4605 sterio?
2459 4547 2591 4602 Huic
2618 4561 2676 4601 se
2704 4547 2926 4602 inclinat
2957 4550 3380 4616 patriarcharum
3407 4560 3463 4605 et
3496 4553 3789 4621 propheta-

2213 4658 2329 4696 rmn
2358 4639 2660 4695 veneranda
2701 4639 2959 4707 canities,
2992 4640 3090 4693 sub
3120 4641 3219 4695 hac
3246 4650 3539 4697 curvantur
3572 4642 3794 4699 fulcien-

2212 4742 2294 4790 tes
2332 4734 2508 4788 aulam
2554 4732 2648 4787 Dei
2690 4733 2955 4787 columnae
2994 4734 3332 4803 apostolicae;
3372 4750 3574 4791 aureus
3618 4735 3790 4806 fulgor

2210 4835 2541 4896 martyrum,
2570 4833 2850 4893 argenteus
2892 4824 3032 4877 nitor
3077 4824 3485 4891 confessorum,
3512 4825 3789 4895 splendori

2208 4916 2623 4987 pulchritudinis
2661 4916 2776 4985 ejus
2803 4932 2922 4971 cum
2963 4921 3262 4973 reverentia
3292 4919 3512 4975 cedunt.
3542 4917 3786 4975 Circum-

2208 5008 2339 5064 dant
2365 5024 2481 5063 eam
2516 5008 2676 5063 ﬂores
2707 5023 2948 5063 rosarum
2981 5019 3035 5065 et
3073 5011 3182 5065 lilia
3223 5012 3585 5080 convallium,
3628 5014 3787 5084 virgi-

2206 5100 2358 5153 nales
2402 5099 2716 5169 gemmulte,
2765 5096 2818 5152 in
2864 5113 2960 5152 sua
3003 5098 3255 5169 signifera
3296 5101 3515 5170 speciali
3555 5103 3785 5172 tripudio

2206 5191 2545 5245 exsultantes
2572 5206 2586 5243 :
2617 5198 2668 5243 et
2698 5203 2850 5243 suum
2881 5191 3148 5261 singulare
3176 5193 3477 5257 canticum,
3509 5192 3624 5261 ipsa
3653 5208 3786 5264 pra:-

2206 5284 2441 5347 cineutc,
2465 5290 2585 5350 post
2606 5282 2740 5350 Agni
2767 5282 2989 5351 vestigia
3010 5282 3381 5339 decantantes.
3399 5282 3590 5339 Adhuc
3611 5294 3783 5339 autem

2206 5382 2262 5429 et
2298 5374 2402 5428 alia
2434 5374 2672 5441 ratione,
2708 5372 2992 5440 pra-dictos
3021 5372 3223 5441 lapides
3250 5374 3648 5444 operimentum
3678 5376 3803 5437 θεοο,

2201 5465 2351 5521 τόκου
2382 5472 2576 5519 nostrae
2606 5462 2787 5518 dicere
2814 5478 3119 5532 possumus,
3152 5479 3249 5532 pro
3275 5480 3340 5519 eo
3368 5464 3624 5521 videlicet
3646 5464 3787 5537 quod

2203 5556 2393 5610 merita
2432 5553 2700 5623 gloriosa,
2748 5569 2867 5622 quae
2906 5554 3118 5609 illorum
3164 5555 3582 5624 proprietatibus
3610 5558 3786 5626 expri-

2204 5656 2457 5711 muntur,
2517 5643 2635 5713 ejus
2692 5646 2928 5714 pretiosa
2982 5656 3300 5702 ornamenta
3354 5655 3500 5702 sunt.
3562 5649 3784 5705 Sat-dius

2200 5736 2396 5804 quippe
2437 5736 2711 5804 sanguinei
2756 5737 2951 5790 coloris
2990 5746 3108 5804 est,
3137 5745 3192 5791 et
3217 5736 3455 5807 martyrii
3480 5739 3629 5808 gerit
3658 5742 3776 5810 ligu-

2198 5844 2315 5887 ram
2344 5847 2355 5883 :
2384 5828 2525 5899 quod
2553 5829 2737 5905 procul
2765 5828 2929 5887 dubio
2954 5828 3288 5890 ammentis
3312 5830 3704 5908 reginajojus
3730 5834 3778 5892 in

3776 5936 3813 5961 L-
