4096 6346
346 358 486 421 1495

1300 360 1762 421 Βθιιωιὶιυε.
1801 388 1875 405 σι-
1910 359 2071 418 ΗΟΜ.
2116 357 2203 415 DE
2241 356 2551 417 SANCTIS.

3450 366 3589 421 ΗΜ

346 480 592 549 passione
613 478 737 534 Filii
752 476 996 534 secessit.
1021 476 1175 534 Unde
1191 483 1244 533 et
1263 476 1329 532 ad
1346 492 1464 533 eam
1488 476 1689 531 dictum
1711 484 1794 531 est
1811 492 1825 530 :
1844 475 1914 530 Et
1942 475 1995 535 Δ
2020 473 2276 541 propheta
2315 472 2538 543 (Eseclt.
2568 471 2625 541 ι)
2651 489 2666 528 :
2711 473 2834 542 quia
2865 481 3103 529 mentem
3149 474 3234 529 cui
3280 475 3419 529 Deus
3466 474 3591 528 insi-

342 581 483 624 tum
510 569 671 637 ipsius
694 572 917 622 animam
942 568 1265 638 pertransibit
1291 567 1494 636 gladius
1519 567 1671 637 (Luc.
1696 569 1784 636 il).
1812 567 1915 621 To-
2021 565 2113 621 det
2140 568 2288 636 quasi
2331 568 2556 631 throno,
2598 567 2799 622 caelesti
2845 569 3072 637 puritate
3113 578 3168 622 et
3209 567 3587 636 tranquillitate

347 661 531 731 panius
554 669 737 729 gratus
764 660 997 725 regibus,
1024 660 1157 713 duos
1183 659 1343 713 habet
1364 660 1595 723 colores,
1624 660 1915 713 :ethereum

336 763 402 811 et
441 769 695 815 aureum,
723 752 1229 818 contemplationem
1266 750 1558 805 divinitatis
1584 751 1916 818 signiﬁcans.

349 850 550 904 Aurum
577 846 772 914 quippe
808 845 1101 910 divinitati,
1140 844 1307 898 aether
1349 841 1781 909 contemplationi
1825 840 1922 894 ad-

345 949 579 1008 aptatur.
607 938 673 993 Et
692 938 809 1005 quis
834 938 1104 992 hominum
1130 937 1351 989 vicinius
1378 937 1538 988 Deum
1566 936 1917 1002 contemplari

349 1031 522 1102 potuit
566 1046 723 1100 quam
775 1032 924 1096 haec,
968 1045 1085 1097 quzc
1130 1028 1445 1081 familiarius
1485 1026 1629 1079 omni
1672 1024 1919 1079 rationali

346 1134 622 1186 creatura,
656 1123 823 1176 Deum
860 1124 909 1176 in
939 1121 1116 1176 medio
1143 1120 1319 1175 cordis
1346 1121 1427 1173 sui
1455 1120 1720 1186 suscepit,
1750 1129 1798 1172 et
1829 1132 1922 1172 co-

346 1225 604 1283 operante
653 1214 856 1283 Spiritu
905 1224 1125 1278 sancto,
1182 1213 1393 1280 pr0pria
1449 1226 1609 1265 carne
1665 1209 1921 1264 vestivit?

348 1307 742 1362 Testimonium
798 1307 958 1359 etiam
1011 1305 1256 1371 perbibet
1306 1304 1422 1370 eius
1481 1301 1920 1370 contemplationi

348 1397 627 1466 Scriptura
647 1436 664 1463 ,
692 1409 813 1449 cum
840 1395 968 1449 dicit
995 1410 1008 1447 :
1043 1393 1095 1447 Μ
1105 1395 1219 1447 aria
1248 1403 1416 1447 autem
1448 1393 1775 1447 conservabat
1808 1408 1921 1445 om-

347 1490 437 1544 nia
461 1491 608 1544 verba
633 1490 761 1552 licet,
791 1489 1055 1558 conferens
1078 1489 1131 1541 in
1153 1488 1306 1541 corde
1330 1504 1424 1540 suo
1446 1485 1601 1553 (Luc.
1630 1486 1713 1555 ιι).
1738 1485 1920 1554 iaspis

351 1581 535 1636 viridis
569 1581 703 1649 lapis
736 1590 851 1643 est,
880 1580 1381 1634 immarcescibilem
1412 1577 1535 1632 ﬁdei
1561 1577 1922 1632 constantiam

344 1671 659 1741 designans.
690 1671 836 1725 Hanc
864 1685 1076 1739 quoque
1109 1671 1160 1723 in
1190 1669 1273 1723 illa
1302 1670 1642 1740 commendat
1686 1684 1926 1739 evange-

348 1764 484 1820 licus
529 1779 748 1830 sermo,
791 1763 1014 1818 dicens:
1064 1762 1129 1815 Et
1173 1764 1319 1816 beata
1357 1778 1470 1831 qua
1513 1763 1757 1826 credidit,
1806 1762 1927 1829 quia

2024 660 2299 728 praeditam
2350 674 2470 715 esse
2497 674 2717 715 necesse
2766 672 2869 716 est.
2926 662 3079 727 Quod
3134 670 3310 715 autem
3367 675 3590 715 summa:

2029 751 2428 819 tranquillitatis
2458 761 2513 806 et
2540 751 2690 820 quasi
2716 754 2963 807 aetherem
2990 754 3238 823 puritatis
3264 754 3414 807 beata
3440 767 3593 808 mens

2024 839 2242 908 virginis
2283 840 2471 908 inerit,
2508 855 2573 896 ex
2626 842 2725 897 hoc
2772 844 3125 897 certissimum
3173 852 3302 900 est;
3342 842 3590 911 quoniam

2021 947 2142 988 cum
2182 934 2500 991 abundantia
2538 934 2791 990 ineffabili
2843 937 2964 991 huic
3012 938 3318 1005 supervenit
3368 938 3595 1007 Spiritus

2029 1039 2283 1091 sanatus,
2325 1028 2417 1096 qui
2456 1044 2559 1082 non
2601 1029 2746 1083 novit
2782 1031 3119 1098 requiescere
3157 1032 3255 1084 nisi
3294 1046 3454 1097 super
3493 1032 3592 1085 hu-

2027 1117 2209 1171 milem
2252 1129 2303 1171 et
2342 1120 2576 1187 quietum
2615 1121 2786 1189 (lsai.
2820 1121 3007 1189 Lm).
3038 1122 3387 1177 Ohumbravit
3413 1125 3460 1179 ci
3495 1126 3597 1178 vir.

2037 1216 2120 1260 lus
2150 1207 2408 1261 Altissimi
2431 1248 2446 1272 ,
2476 1221 2529 1262 ut
2560 1211 2757 1266 nullius
2787 1210 2897 1265 vitii
2930 1211 3145 1264 humani
3177 1213 3312 1267 nube
3339 1215 3599 1268 serenitas

2027 1301 2142 1365 eius
2175 1311 2352 1369 posset
2383 1302 2677 1369 perturbari
2706 1320 2718 1356 :
2760 1312 2921 1370 atque
2943 1304 3012 1357 ita
3055 1304 3338 1372 singularis
3375 1305 3597 1360 thronus

2034 1394 2126 1448 Dei
2166 1411 2275 1460 prie
2308 1395 2514 1449 cunctis
2554 1396 2899 1465 participibus
2937 1397 3123 1451 ell‘ecta
3152 1406 3253 1451 est.
3284 1398 3341 1451 Si
3368 1398 3507 1453 enim
3541 1408 3601 1452 ut

2028 1487 2124 1541 ﬁlii
2177 1487 2273 1543 Dei
2326 1489 2530 1558 possint
2579 1503 2730 1552 esse,
2783 1490 3031 1557 paciﬁcos
3080 1503 3201 1544 esse
3254 1504 3476 1546 necesse
3522 1500 3603 1545 est

2032 1580 2260 1651 (Matth.
2295 1582 2406 1653 v),
2440 1581 2667 1637 multum
2709 1598 2803 1659 per
2839 1582 3017 1637 omnia
3050 1591 3288 1647 pacatam
3328 1596 3447 1638 esse
3475 1597 3603 1637 con-

2027 1678 2275 1733 veniebat
2299 1693 2469 1733 sacrte
2496 1680 2719 1749 virginis
2748 1690 2979 1734 mentem
2998 1720 3014 1747 ,
3050 1690 3103 1733 ut
3134 1695 3239 1734 non
3265 1680 3435 1734 solum
3463 1681 3599 1745 ﬁlia,

2028 1773 2123 1826 sed
2162 1782 2216 1827 et
2253 1783 2428 1828 mater
2468 1773 2562 1829 Dei
2602 1788 2723 1829 esse
2759 1768 3074 1829 mereretur.
3114 1772 3480 1828 Carbunculus
3511 1788 3605 1842 per

348 1858 676 1927 perficiantur
703 1872 761 1909 ea
788 1872 901 1924 qua!
928 1856 1067 1909 dicta
1104 1867 1219 1907 sunt
1257 1856 1302 1907 ei
1327 1871 1360 1906 a
1390 1854 1608 1908 Domino
1634 1856 1651 1922 (
1678 1851 1805 1907 Luc.
1836 1870 1853 1907 ι
1882 1855 1920 1923 ).

2039 1874 2243 1920 noctem
2274 1867 2446 1931 lucet,
2477 1867 2528 1921 in
2560 1867 2646 1922 die
2675 1876 2852 1921 autem
2892 1868 3148 1922 obscurus
3187 1874 3424 1933 apparet.
3470 1835 3604 1920 Huic

352 1947 537 2017 Magna
563 1949 760 2016 quippe
784 1957 901 2000 erat
925 1949 1093 2001 virtus
1122 1946 1242 2000 ﬁdei
1272 1946 1440 2009 illius,
1470 1962 1591 2014 quae
1618 1954 1723 1999 tam
1754 1945 1926 1999 incre-

351 2040 570 2107 dihilia,
609 2049 824 2105 tamque
862 2040 1098 2093 inaudita
1138 2040 1404 2093 nuntianti
1442 2039 1633 2107 angelo
1674 2049 1779 2091 tam
1818 2037 1926 2092 cito

350 2133 614 2189 credidit:
643 2148 705 2187 ac
731 2147 826 2202 per
854 2133 954 2186 hoc
981 2136 1159 2186 statim
1188 2131 1386 2199 Spiritu
1415 2140 1600 2185 sancto
1625 2129 1926 2195 lecundari,

352 2237 409 2283 et
434 2225 626 2280 Filium
658 2225 749 2279 Dei
792 2225 1074 2294 concipere
1110 2224 1325 2277 meruit.
1363 2221 1708 2276 Conservavit
1747 2229 1926 2275 autem

352 2317 853 2373 imtnarcescibilcm
885 2317 1003 2370 lidei
1032 2332 1143 2369 suae
1170 2317 1402 2369 virorem
1437 2329 1606 2383 usque
1637 2312 1689 2367 in
1723 2312 1881 2368 linem
1906 2352 1924 2380 ,

355 2424 476 2480 qua:
506 2423 604 2463 nee
629 2408 683 2462 in
708 2416 881 2463 morte
908 2406 1025 2461 Filii
1054 2407 1147 2460 Dei
1176 2407 1228 2460 in
1257 2407 1359 2460 ﬁde
1385 2400 1685 2469 haesitavit,
1716 2404 1929 2474 quomi-

356 2513 459 2553 nus
486 2498 648 2552 Deum
677 2498 1027 2551 immortalem
1055 2497 1332 2563 crederet,
1358 2511 1518 2566 quem
1548 2495 1683 2550 mori
1712 2494 1929 2549 videbat

354 2599 415 2644 ut
444 2590 737 2645 hominem.
764 2589 1137 2659 Chrysolithus
1163 2591 1315 2657 quasi
1344 2589 1592 2642 scintillis
1616 2589 1928 2642 ardentibus

356 2692 637 2748 respersus
671 2693 926 2749 apparet,
970 2680 1121 2749 cujus
1159 2679 1356 2733 habent
1395 2681 1798 2734 similitudinem
1838 2680 1929 2748 qui

356 2784 605 2827 sermone
651 2774 931 2840 sapientia:
975 2788 1069 2842 per
1104 2774 1358 2840 Spiritum
1404 2774 1622 2840 pollent.
1654 2774 1755 2839 Qui
1802 2772 1927 2826 dum

358 2867 799 2938 persuasionibus
849 2867 1046 2922 divinis
1096 2868 1461 2935 proximorum
1515 2870 1675 2920 corda
1729 2881 1932 2921 accen-

357 2958 525 3023 dnut,
562 2957 690 3028 quid
725 2957 870 3012 aliud
911 2958 1012 3011 nisi
1050 2957 1308 3024 quasdam
1356 2957 1617 3010 scintillas
1656 2956 1791 3024 ignis
1827 2970 1933 3025 quo

358 3049 505 3105 intus
539 3050 765 3115 ardent,
803 3046 1129 3104 eructuant‘i
1169 3050 1233 3102 Et
1266 3049 1334 3102 de
1360 3049 1511 3101 beata
1536 3047 1746 3117 virgine
1776 3049 1935 3101 induc

358 3140 593 3197 hitanter
625 3138 951 3194 credendum
977 3139 1115 3207 quod
1144 3154 1265 3193 cum
1291 3147 1435 3193 esset
1467 3138 1623 3208 plena
1650 3139 1772 3205 igne
1799 3138 1925 3207 Spi-

360 3234 495 3291 ritus
526 3235 697 3290 sancti
740 3248 773 3288 a
815 3244 1054 3301 tempore
1112 3233 1482 3302 conceptionis
1516 3232 1749 3297 Christi,
1790 3247 1928 3287 nun-

363 3340 520 3395 quam
547 3340 705 3381 more
723 3326 918 3379 levium
944 3325 1260 3380 feminarum
1300 3323 1468 3378 otiosa
1504 3326 1663 3379 verba
1701 3325 1927 3380 eliudit:

360 3417 453 3472 sed
480 3418 653 3473 omnis
674 3431 859 3474 sermo
899 3417 1016 3488 eius
1044 3416 1478 3486 _sa|e.sapientiai
1513 3417 1732 3484 salitus,
1774 3425 1831 3473 et
1863 3417 1933 3472 ad

359 3509 757 3566 accendendum
818 3511 1181 3580 proximorum
1241 3509 1402 3563 corda
1462 3508 1686 3563 idoneus
1712 3548 1729 3575 ,
1779 3508 1932 3577 quasi

359 3603 592 3659 scintilla
643 3613 763 3660 erat
812 3604 948 3673 ignis
1001 3604 1177 3668 illius,
1234 3601 1669 3671 qttem'clausum
1712 3601 1935 3670 gerebat

359 3696 703 3753 intrinsecus.
753 3695 985 3750 Psieilre
1028 3695 1082 3749 in
1132 3693 1396 3762 principio
1441 3692 1765 3746 visitationis
1812 3692 1933 3759 eius

362 3789 679 3844 scintillav'rt
720 3786 809 3840 hic
848 3786 1019 3854 ignis,
1065 3799 1185 3839 cum
1229 3784 1296 3837 de
1331 3783 1666 3852 plenitudine
1703 3782 1934 3850 Spiritus

362 3878 531 3934 sancti
557 3879 796 3932 divinum
824 3875 955 3931 illud
976 3876 1242 3930 canticum
1268 3874 1549 3935 cruciavit,
1578 3874 1789 3927 dicens:
1821 3871 1936 3926 Ma-

363 3973 572 4043 gniﬁcat
616 3975 791 4025 anima
833 3984 945 4023 mea
988 3969 1302 4022 Dominum:
1333 3976 1381 4022 et
1409 3967 1674 4021 cantilauit
1715 3965 1933 4033 spiritus

364 4079 507 4118 meus
529 4065 580 4117 in
610 4061 719 4117 Des
744 4062 962 4117 salutari
986 4076 1127 4125 meo,
1156 4070 1262 4115 etc.
1294 4060 1311 4127 (
1332 4057 1461 4114 Luc.
1490 4059 1569 4127 ι).
1598 4056 1735 4123 Quid
1772 4055 1936 4109 etiam

366 4158 467 4212 nisi
499 4155 754 4226 quaedam
787 4154 1049 4209 scintillas
1078 4150 1293 4217 emisit,
1322 4149 1535 4218 quando
1564 4156 1620 4202 et
1646 4147 1713 4201 de
1737 4160 1834 4202 sua
1862 4145 1938 4199 vi-

365 4249 635 4313 sitstione,
663 4257 717 4302 et
741 4246 811 4301 de
838 4246 1076 4316 plurimis
1107 4245 1271 4299 rebus
1296 4258 1419 4313 quae
1444 4242 1587 4296 circa
1615 4240 1937 4294 salvatorem

370 4353 606 4398 nostrum
633 4339 823 4394 Filium
845 4335 959 4407 ejus
986 4346 1150 4407 gestae
1180 4348 1325 4402 sunt,
1346 4334 1619 4403 Evangelii
1645 4334 1941 4402 scriptores

368 4436 662 4493 instruxit?
705 4437 859 4506 Onyx
907 4436 1143 4487 colorem
1182 4430 1343 4491 habet
1383 4430 1652 4485 turbidum
1692 4436 1746 4481 et
1785 4424 1938 4494 quasi

368 4531 715 4595 subtristem,
754 4530 807 4583 in
849 4526 1067 4581 modum
1107 4523 1299 4594 unguis
1337 4521 1587 4587 humani,
1627 4518 1939 4589 signiﬁcans

371 4620 684 4676 humilitatis
714 4618 1053 4674 modestiam.
1093 4617 1189 4671 Est
1216 4624 1394 4669 autem
1424 4613 1699 4682 singulare
1726 4610 1893 4665 decus
1916 4648 1933 4675 ,

370 4714 538 4769 beata:
581 4711 801 4782 virginis
844 4710 1137 4765 humilitas.
1180 4709 1311 4775 Qute
1348 4721 1466 4761 cum
1508 4706 1678 4759 electa
1716 4710 1856 4757 esset
1889 4700 1941 4755 in

371 4815 598 4861 matrem
653 4804 897 4869 Domini,
950 4802 1200 4857 ancillam
1253 4814 1314 4855 se
1370 4796 1713 4853 nominavit:
1770 4809 1943 4864 neque

307 4911 311 4914 ’
372 4897 516 4952 aliud
543 4911 699 4966 quam
730 4894 1080 4949 humilitatem
1110 4895 1162 4948 in
1193 4906 1253 4948 se
1278 4890 1388 4945 Deo
1416 4889 1680 4958 placuisse
1708 4886 1943 4956 professa

372 5004 486 5058 est,
514 4992 740 5047 dicens:
780 4990 914 5055 Quia
950 4988 1171 5056 respexit
1209 4985 1549 5040 humilitatem
1593 4980 1797 5036 ancilla:
1839 4993 1947 5035 sua

374 5085 533 5158 (Luc.
557 5089 621 5157 ι).
664 5086 855 5156 Berylli
882 5084 1087 5153 species
1114 5083 1190 5137 sic
1213 5091 1313 5145 est,
1340 5079 1490 5150 quasi
1520 5087 1768 5147 aspectus
1794 5086 1945 5144 aqua:

372 5181 583 5252 fulgore
618 5180 747 5237 solis
784 5190 1129 5249 repercussae.
1175 5175 1302 5228 Erat
1336 5175 1388 5227 in
1414 5174 1555 5227 hunc
1583 5170 1799 5225 modum
1830 5168 1942 5221 vir-

376 5274 548 5347 gineae
603 5272 795 5329 mentis
847 5268 1008 5325 l'acies
1057 5281 1088 5322 a
1138 5265 1252 5321 sole
1304 5264 1526 5335 iustitiae
1576 5258 1946 5330 copiosissime

374 5364 658 5428 irradiata,
689 5361 842 5433 cuius
872 5375 979 5416 uno
1002 5357 1301 5427 eodemque
1332 5366 1572 5424 tempore
1604 5353 1775 5422 fulgor
1802 5358 1945 5404 totus

324 5450 333 5519 ξ
377 5458 455 5513 illi
490 5455 865 5512 iuiundebatur
900 5454 954 5510 in
993 5455 1186 5519 terris,
1234 5459 1286 5505 et
1337 5458 1480 5505 totus
1526 5445 1844 5517 splendebat
1890 5443 1946 5500 in

316 5508 336 5648 ς
1007 5508 1185 5603 sereni
1220 5543 1346 5601 cmli
1385 5508 1618 5614 speciem
1662 5541 1853 5605 habet,
1894 5544 1951 5593 et

376 5646 815 5718 tranquillitatem
844 5657 989 5713 pura:
1013 5642 1228 5707 mentis,
1256 5653 1372 5706 qum
1398 5637 1555 5691 nullis
1578 5636 1829 5688 vitiorum
1856 5638 1951 5685 aut

376 5740 792 5797 mllicitudinum
829 5736 1057 5790 nubibus
1095 5734 1433 5793 obscuratur,
1477 5725 1757 5796 signiﬁcat.
1800 5722 1952 5777 Unde

379 5842 434 5893 et
463 5832 684 5891 thronus
717 5830 847 5903 Dei,
884 5825 1119 5900 sapphiri
1157 5825 1391 5897 speciem
1433 5820 1635 5876 habere
1668 5817 1860 5873 dicitur
1895 5817 1949 5871 in

1970 5934 2034 6011 ,ἃ

2029 1960 2194 2014 simili
2257 1961 2463 2013 ratione
2520 1960 2654 2014 sicut
2705 1960 2843 2013 luna:
2895 1959 3006 2014 sive
3052 1974 3295 2021 aurorae,
3346 1956 3604 2012 sanctitas

2030 2050 2199 2105 beatm
2230 2049 2423 2103 matris-
2441 2058 2798 2116 comparatur,
2831 2065 2950 2116 quae
2994 2052 3119 2101 ante
3161 2048 3249 2100 ﬁlii
3289 2048 3368 2099 sui
3407 2046 3601 2100 adven-

2031 2149 2172 2203 tum,
2199 2138 2451 2195 videlicet
2474 2141 2598 2195 dmn
2626 2141 2797 2195 adhuc
2827 2156 2929 2195 nox
2958 2141 3170 2207 antiqua
3201 2152 3413 2192 cursum
3441 2152 3596 2191 suum

2033 2240 2342 2302 perageret,
2382 2232 2722 2302 singulariter
2770 2233 2915 2287 iulsit
2965 2233 3018 2286 in
3068 2230 3305 2284 mundo:
3347 2238 3403 2285 et
3448 2228 3599 2299 quasi

2030 2323 2347 2388 quihusdam
2392 2324 2840 2391 praecurrentibus
2880 2324 3041 2377 radiis
3070 2322 3273 2376 venturi
3303 2320 3458 2384 solis,
3490 2334 3598 2388 prae

2031 2415 2238 2468 eunetis
2268 2415 2570 2470 viventibus
2599 2415 2980 2469 illustrahatnr.
3012 2414 3162 2481 Quod
3188 2412 3437 2467 nimirum
3465 2425 3603 2479 pra:-

2033 2515 2274 2561 senserat
2324 2511 2412 2573 qui
2461 2509 2573 2561 ait:
2626 2508 2833 2561 Orietur
2884 2506 3031 2559 stella
3083 2519 3143 2557 ea:
3191 2502 3351 2556 Iacob
3404 2500 3604 2571 (Num.

2039 2612 2174 2652 xxiv
2194 2598 2235 2665 ).
2289 2599 2351 2650 Et
2400 2586 2487 2664 qui
2539 2598 2648 2651 ait:
2706 2598 2832 2664 Quae
2876 2606 2947 2648 est
2992 2597 3089 2648 ista
3134 2611 3245 2661 qua:
3287 2592 3610 2662 progreditur

2034 2692 2181 2760 quasi
2212 2707 2404 2744 aurora
2433 2706 2772 2759 consurgens.
2806 2688 3021 2759 pulchra
3057 2698 3109 2740 ut
3157 2687 3309 2747 luna,
3351 2685 3512 2738 electa
3552 2691 3606 2737 ul

2035 2784 2113 2837 sol
2160 2783 2345 2853 (Cant.
2376 2779 2513 2849 vi)?
2562 2780 2627 2832 At
2671 2778 2757 2831 ubi
2806 2792 2964 2830 verus
3011 2777 3089 2829 sol
3137 2791 3203 2830 ex
3254 2786 3400 2828 utero
3447 2773 3610 2840 ipsius

2036 2872 2289 2939 emersit,
2332 2879 2380 2925 et
2425 2871 2597 2925 illuxit
2635 2869 2741 2921 dies
2783 2884 2937 2934 quam
2981 2868 3098 2937 fecit
3131 2866 3375 2918 Dominus
3414 2863 3598 2931 (Psal.

2040 2980 2195 3021 cxvtt
2218 2964 2237 3034 )
2260 3009 2273 3032 ,
2304 2963 2415 3033 jam
2443 2978 2508 3019 ex
2540 2972 2664 3016 tunc
2692 2961 2736 3014 si
2767 2959 2990 3013 claritati
3020 2960 3106 3012 lilii
3139 2965 3475 3024 comparetur
3502 2956 3612 3008 cla-

2041 3057 2173 3112 ritas
2203 3056 2409 3121 matris,
2441 3055 2685 3122 quamvis
2715 3066 2903 3120 magna
2933 3052 3002 3103 sit
3026 3050 3396 3111 vehementer,
3432 3057 3606 3102 tamen

2042 3147 2099 3203 in
2142 3147 2287 3201 illius
2329 3145 2728 3215 comparatione
2768 3141 3158 3211 quodammodo
3195 3142 3419 3195 obscura
3460 3138 3603 3194 vitle-

2037 3252 2146 3307 tur,
2196 3240 2338 3294 velut
2381 3240 2426 3294 si
2473 3240 2572 3294 soli
2617 3240 2824 3293 stellam
2867 3252 3253 3306 comparemus.
3288 3233 3611 3303 Smaragdus

2037 3344 2147 3390 tam
2178 3334 2449 3403 praeclara:
2477 3333 2767 3387 viriditatis
2798 3341 2909 3397 est,
2945 3341 3000 3385 ut
3031 3331 3190 3385 etiam
3234 3328 3488 3396 quosdam
3534 3327 3605 3381 vi-

2039 3429 2271 3484 riditatis
2300 3427 2476 3482 radios
2502 3426 2567 3481 ad
2598 3441 2661 3481 ea
2690 3440 2809 3496 qua:
2835 3424 3094 3495 applicata
3124 3423 3172 3477 ei
3204 3421 3425 3485 fuerint,
3457 3420 3605 3475 emit-

2035 3526 2137 3587 tat,
2167 3528 2221 3575 et
2246 3534 2340 3574 sua
2368 3518 2633 3574 viriditate
2660 3533 2765 3573 non
2792 3517 2962 3571 solum
2989 3515 3157 3580 arida,
3186 3514 3277 3568 sed
3304 3521 3358 3568 et
3383 3512 3606 3566 virentia

2038 3610 2258 3667 afﬁciet.
2308 3610 2404 3665 Cui
2457 3610 2675 3679 pulchra
2718 3608 3066 3662 similitudine
3109 3603 3471 3658 nobilissimus
3522 3601 3608 3654 ille

2044 3706 2192 3759 viror
2221 3701 2538 3772 virginitatis
2563 3707 2923 3768 comparatur,
2955 3712 3073 3767 quae
3102 3696 3262 3749 etiam
3288 3711 3315 3746 a
3343 3691 3608 3747 viriditate

2038 3795 2358 3849 vocabulum
2388 3794 2568 3848 traxit.
2601 3793 2751 3847 Sicut
2776 3792 2917 3846 enim
2955 3802 3072 3841 mos
3102 3796 3183 3841 est
3240 3784 3504 3853 corruptis
3534 3782 3608 3855 [ad

2040 3884 2403 3954 corruptelam
2434 3882 2569 3938 alios
2610 3883 2837 3936 libenter
2877 3880 3122 3942 allicere,
3154 3878 3224 3931 ita
3267 3876 3418 3928 bonis
3450 3875 3610 3941 virgi-

2042 3977 2200 4031 nibus
2231 3975 2499 4045 proprium
2531 3981 2644 4038 est,
2679 3982 2731 4028 et
2764 3988 2856 4042 per
2890 3969 3342 4037 incorruptionem
3374 3965 3607 4029 virides,

2041 4066 2109 4121 ad
2138 4065 2457 4137 virginitatis
2488 4064 2737 4119 virtutem
2778 4063 3046 4126 animare,
3091 4069 3144 4114 et
3183 4073 3277 4126 per
3314 4055 3615 4123 corruptio-
3640 4084 3653 4089 --

2041 4172 2167 4214 nem
2216 4157 2517 4222 areiactos,
2575 4154 2640 4209 ad
2692 4153 3032 4209 continentia:
3080 4151 3309 4204 virorem
3357 4147 3520 4201 verbo
3567 4155 3621 4199 et

2045 4250 2293 4317 exemplo
2324 4263 2579 4303 revocare
2605 4263 2617 4299 :
2650 4255 2808 4315 atque
2837 4248 2906 4299 ita
2935 4253 2986 4298 et
3015 4242 3239 4297 virentia
3269 4249 3319 4293 et
3350 4237 3494 4292 arida
3521 4250 3613 4290 sua

2044 4341 2316 4397 viriditate
2346 4339 2604 4394 alliciunt.
2639 4338 2712 4391 Ex
2744 4336 2935 4405 quibus
2965 4342 3077 4388 erat
3108 4332 3193 4401 qui
3220 4329 3389 4384 dixit:
3424 4326 3619 4381 Vellem

2052 4445 2225 4487 autem
2257 4447 2432 4487 onmes
2464 4446 2571 4485 esse
2599 4430 2730 4483 sicut
2759 4428 3000 4494 meipsum
3029 4422 3081 4487 (Ι
3111 4421 3229 4477 Cor.
3260 4420 3378 4489 vn).
3412 4420 3474 4473 Et
3504 4431 3620 4471 rur-

2047 4539 2166 4581 sum
2201 4543 2213 4577 τ
2252 4524 2332 4578 De
2359 4522 2633 4594 virginibus
2678 4529 2981 4590 praeceptum
3029 4517 3233 4571 Domini
3275 4530 3378 4568 non
3423 4513 3617 4580 habeo,

2058 4616 2325 4671 consilium
2358 4624 2523 4669 autent
2553 4614 2638 4667 do.
2667 4613 2904 4677 Quantos
2948 4610 3012 4664 ad
3054 4607 3369 4679 virginitatis
3408 4605 3617 4659 culmen

2051 4711 2224 4767 erexit
2267 4710 2453 4765 beatus
2497 4708 2583 4761 ille
2625 4706 2809 4776 virgo,
2853 4718 3009 4774 quem
3050 4700 3304 4771 diligebat
3340 4698 3530 4762 Jesns,
3569 4698 3621 4750 in

2047 4801 2215 4856 verbo
2243 4816 2348 4869 quo
2379 4800 2453 4853 ait
2480 4815 2492 4851 :
2528 4796 2601 4851 Hi
2627 4805 2743 4849 sunt
2768 4796 2854 4863 qui
2882 4809 2996 4848 cum
3033 4790 3326 4846 mulieribus
3363 4804 3464 4841 non
3502 4796 3621 4839 sunt

2051 4891 2364 4960 coinquinati
2383 4930 2398 4955 ,
2430 4888 2650 4959 virgines
2675 4887 2810 4941 enim
2838 4892 2988 4950 sunt,
3026 4892 3072 4937 et
3112 4886 3393 4950 sequuntur
3416 4876 3621 4947 Agnunt

2053 4999 2354 5055 quocunque
2378 4982 2491 5036 ierit
2520 4981 2717 5050 (Apoc.
2744 4980 2888 5045 xlv).
2919 4977 2984 5031 Et
3010 4975 3117 5028 dux
3144 4972 3403 5040 virginum
3424 5008 3438 5033 ,
3474 4968 3623 5034 virgo

2050 5077 2205 5134 Jesus
2230 5094 2242 5129 :
2279 5075 2411 5131 Sunt
2442 5074 2529 5144 qui
2556 5089 2610 5127 se
2638 5075 2778 5139 ipsos
2808 5072 3153 5123 castraverunt
3180 5070 3385 5135 propter
3412 5074 3622 5130 regnum

2052 5172 2338 5224 caelorum:
2379 5168 2467 5235 qui
2514 5172 2675 5234 potest
2730 5175 2940 5229 capere,
2986 5156 3157 5227 capiat
3204 5150 3437 5222 (Matth.
3468 5147 3621 5216 xix).
3674 5228 3677 5231 Ι

2052 5259 2201 5315 Bene
2245 5258 2404 5326 igitur
2442 5263 2500 5309 et
2533 5251 2845 5321 smaragdus
2889 5250 3028 5303 inter
3078 5252 3390 5301 ornamenta
3433 5242 3625 5307 regina:

2055 5359 2254 5405 nostra;
2287 5345 2626 5414 resplendet,
2657 5343 2777 5412 quia
2810 5339 3083 5403 mirandus
3122 5336 3331 5393 cunctis
3373 5330 3623 5403 gentibus

2054 5440 2377 5512 virginitatis
2406 5439 2567 5499 virur,
2599 5436 2653 5489 in
2684 5448 2743 5489 ea
2786 5433 2944 5488 etiam
2987 5440 3109 5501 post
3146 5436 3354 5499 partum
3390 5422 3627 5492 singula-

2054 5535 2189 5592 riter
2214 5534 2384 5598 viret,
2410 5538 2460 5585 et
2484 5526 2766 5583 viriditatis
2787 5540 2900 5580 sua:
2923 5523 3128 5579 nobiles
3150 5522 3328 5577 radios
3351 5532 3447 5588 per
3470 5527 3629 5569 omne

2056 5630 2312 5686 saeculum
2364 5626 2590 5694 Spargit.
2634 5621 2773 5676 Ecce
2820 5618 2963 5674 enim
3010 5616 3240 5686 gratiosa
3289 5620 3343 5667 et
3383 5604 3627 5663 amabilis

2057 5721 2334 5790 virginitas
2379 5717 2522 5771 illius
2568 5714 2885 5782 praedicatur
2929 5712 2984 5765 in
3027 5708 3275 5764 universo
3312 5702 3542 5765 mundo,
3571 5708 3627 5753 et

2057 5813 2225 5870 multa
2255 5810 2419 5867 millia
2447 5809 2728 5879 utriusque
2755 5819 2916 5863 sexus
2943 5801 3057 5867 eius
3081 5798 3339 5858 castitatis
3364 5794 3624 5855 irradian-
