4096 6346
532 373 674 435 1495

1377 363 1577 423 rsum
1618 358 1887 419 DIACONI
1924 355 2076 416 ore.
2114 352 2293 411 PARS
2330 353 2398 413 ll.
2438 340 2508 396 '-‘
2546 340 2897 411 ASCETICA.

3639 346 3787 409 “96

529 502 617 550 tur
645 486 925 559 exemplis,
956 480 1336 542 continentiam
1363 479 1542 537 carnis
1566 485 1825 532 voventes
1849 481 1959 528 tam
1986 470 2100 540 illi',
2130 469 2185 528 Α
2209 463 2460 521 mulieres
2501 461 2873 529 benedictam,
2920 455 3185 529 condigne
3233 456 3499 515 honorare
3542 459 3788 528 compla-

530 600 688 656 quam
718 581 969 652 virginea:
1000 577 1135 648 proli
1166 576 1327 631 illius.
1370 574 1511 628 Bene
1537 572 1718 640 itaque
1748 582 1845 638 pro
1874 566 1956 620 bis
1984 576 2101 620 om-

530 678 688 733 nibus
725 675 792 731 ad
833 687 951 729 eam
995 670 1320 728 convertitur
1358 679 1535 721 sermo
1576 661 1954 733 propheticus,
1996 669 2101 727 quo

529 770 765 829 dicitur:
823 766 999 820 Omnis
1050 762 1183 831 lapis
1235 759 1481 828 pretiosus
1533 755 1904 825 operimentum
1960 759 2103 805 tuum

532 865 552 934 (
580 860 765 915 Ezech.
796 872 964 914 xsvut
986 855 1028 926 ).
1080 851 1345 922 Quidquid
1388 850 1532 905 enim
1563 845 1854 915 pretiosum
1878 883 1894 910 ,
1952 841 2103 913 quid-

530 955 658 1024 quid
689 950 918 1006 amabile
955 949 1164 1003 illorum
1193 942 1525 1013 pretiositate
1553 939 1813 1009 signatur,
1844 944 2016 990 totum
2048 934 2103 989 in

529 1046 679 1100 illam
709 1040 958 1097 divinitus
985 1044 1296 1105 congestum
1325 1041 1428 1088 est.
1457 1031 1614 1085 Certe
1642 1042 1741 1082 nec
1765 1025 2019 1082 Salomon
2048 1024 2103 1079 in

534 1134 682 1190 omni
714 1131 881 1203 gloria
907 1144 1001 1184 sua
1030 1128 1253 1183 veStitus
1283 1125 1380 1179 fuit
1407 1120 1752 1192 operimentis
1790 1114 2101 1187 huiusmodi

530 1232 552 1297 (
580 1226 769 1280 Matth.
799 1238 854 1278 Vl
878 1221 917 1292 ).
953 1220 1097 1276 Odor
1134 1218 1544 1274 vestimentorum
1571 1222 1803 1276 tuorum,
1835 1225 1867 1264 ο
1898 1208 2059 1263 Maria
2083 1251 2100 1278 ,

528 1319 659 1374 sicut
690 1317 817 1370 odor
846 1315 1006 1368 thuris
1037 1310 1224 1382 (Cant.
1254 1309 1356 1379 tv).
1389 1303 1589 1373 Optimi
1615 1302 1796 1357 odoris
1825 1302 2102 1353 incensum

527 1410 584 1464 in
612 1415 898 1476 conspectu
929 1402 1185 1460 Altissimi
1216 1408 1341 1455 sunt
1381 1396 1654 1466 praeclaras
1696 1391 1920 1445 virtutes
1961 1395 2103 1476 tute,

531 1509 587 1557 et
618 1499 680 1554 ad
708 1474 1095 1567 deprecandam
1128 1491 1313 1545 faciem
1343 1486 1460 1557 ejus
1484 1481 1889 1538 efﬁcacissimae.
1942 1474 2105 1567 Quasi

527 1592 730 1645 libanus
758 1566 860 1644 non
886 1588 1099 1652 incisus,
1126 1581 1383 1651 vaporasti
1412 1577 1775 1632 habitationem
1805 1580 1965 1625 tuam.
1991 1566 2104 1620 Tua

530 1681 724 1751 quippe
750 1681 1054 1746 incorrupta
1094 1673 1372 1742 integritas
1418 1677 1583 1723 totam
1631 1665 1848 1719 domum
1893 1655 2104 1714 Domini

524 1774 738 1844 optimae
785 1768 939 1824 fama;
981 1766 1207 1837 replevit
1245 1763 1535 1827 odoribus,
1579 1766 1635 1813 et
1679 1755 1744 1809 ad
1775 1751 2099 1809 benedicen-

524 1866 650 1920 dum
696 1875 750 1919 et
791 1863 1047 1917 orandum
1097 1860 1298 1923 Deum,
1348 1863 1552 1911 mentes
1594 1850 1777 1905 incitat
1817 1846 2098 1901 universo-

523 1971 664 2011 rum.
716 1955 864 2010 Sicut
901 1954 1282 2007 cinnamomum
1332 1957 1377 2001 et
1422 1945 1706 1999 balsamum
1753 1939 2095 1993 aromatizans

525 2049 737 2104 odorem
782 2046 1017 2099 dedisti:
1047 2044 1177 2098 sicut
1212 2039 1420 2111 myrrha
1461 2038 1618 2091 electa
1660 2032 1845 2087 dedisti
1889 2030 2098 2084 odorem

525 2139 791 2192 suavitatis
834 2135 1037 2206 (Eccli.
1068 2149 1193 2189 xxiv
1221 2132 1261 2200 ).
1305 2127 1622 2185 Cinnamoni
1666 2126 1721 2179 in
1764 2122 2095 2186 humilitate,

528 2229 752 2283 balsami
786 2228 836 2281 in
868 2227 1160 2287 charitale,
1194 2221 1429 2293 myrrhae
1459 2220 1510 2272 in
1538 2217 1782 2272 castitate
1809 2212 1962 2267 nobis
1989 2209 2100 2278 spi-

526 2334 613 2373 ras
642 2319 861 2372 odorem
892 2335 902 2370 :
937 2326 990 2371 et
1019 2315 1216 2369 idcirco
1246 2312 1499 2365 currimus
1520 2346 1537 2373 ,
1565 2321 1598 2359 ο
1627 2304 1787 2359 Maria
1807 2342 1823 2368 ,
1856 2309 1971 2371 post
2014 2307 2096 2365 te,

527 2412 579 2463 in
623 2410 870 2463 suavitate
912 2414 1281 2476 unguentorum
1320 2411 1518 2455 tuorum
1550 2397 1736 2469 (Cant.
1767 2410 1784 2449 ι
1810 2394 1848 2464 ).
1894 2392 2097 2460 Adjuva

529 2510 839 2564 currentes,
885 2498 1035 2551 trahe
1071 2497 1273 2560 lassos,
1318 2493 1537 2549 subleva
1579 2490 1791 2559 lapsos,
1835 2495 1893 2541 ut
1933 2488 2100 2542 intro-

536 2604 721 2645 eamus
747 2599 801 2644 et
829 2603 926 2643 uos
958 2596 1152 2642 tecum.
1190 2587 1351 2653 Quasi
1377 2584 1686 2639 terebinthus
1715 2581 1985 2636 extendisti
2013 2596 2099 2633 ra-

530 2697 640 2735 mos
669 2690 781 2735 tuos
819 2696 977 2749 super
1008 2679 1335 2734 latitudinem
1368 2686 1521 2732 terra:
1552 2676 1571 2749 (
1599 2675 1761 2729 Eccli.
1793 2674 1966 2743 xxiv)
1995 2690 2010 2727 :
2043 2682 2099 2728 et

529 2785 656 2827 ecce
683 2771 1015 2842 confugimus
1045 2770 1110 2824 ad
1140 2778 1224 2835 te,
1258 2778 1317 2824 ut
1344 2768 1418 2824 sis
1446 2767 1599 2823 nobis
1630 2768 1680 2821 iu
1726 2764 2097 2820 umbraculum

526 2865 632 2922 diei
660 2865 728 2919 ab
754 2874 884 2921 aestu
907 2905 921 2929 ,
952 2874 1006 2920 et
1035 2866 1086 2919 in
1118 2864 1459 2918 securitatem
1500 2871 1552 2915 et
1595 2861 1645 2914 in
1686 2858 2095 2914 ahsconsionem

525 2973 558 3014 a
606 2958 823 3013 turbine
871 2965 926 3013 et
971 2971 1003 3010 a
1052 2956 1248 3024 pluvia.
1300 2952 1719 3009 Animadvertite
1767 2960 1821 3006 et
1875 2950 2092 3017 videte,

526 3049 827 3107 cltarissimi
848 3088 865 3116 ,
898 3064 1015 3117 quae
1043 3049 1109 3102 de
1140 3047 1303 3116 hujus
1329 3045 1528 3114 regina:
1557 3044 1724 3113 gloria
1751 3042 1895 3097 dicta
1924 3050 2091 3108 sunt,

526 3150 582 3197 et
628 3142 962 3198 manifestum
1008 3140 1273 3194 habebitis
1335 3151 1455 3209 quae
1514 3139 1622 3190 siut
1670 3134 1873 3188 delicia:
1917 3132 2093 3198 illius,

525 3248 660 3300 quas
688 3234 739 3287 in
766 3248 827 3287 ea
858 3240 1004 3285 notat
1032 3244 1208 3285 sermo
1236 3228 1468 3292 divinus,
1496 3226 1714 3282 dicens:
1744 3224 1871 3290 Quae
1898 3232 1970 3278 est
1997 3224 2096 3278 ista

525 3337 639 3391 qua
684 3323 913 3376 ascendit
959 3322 1020 3374 de
1058 3321 1292 3385 deserto,
1324 3318 1522 3371 deliciis
1560 3317 1799 3387 affluens,
1827 3323 1876 3369 et
1921 3315 2100 3369 innixa

528 3429 681 3480 super
709 3412 953 3467 dilectum
984 3426 1132 3465 suum
1152 3410 1179 3464 7
1206 3410 1269 3463 Et
1297 3409 1416 3475 quis
1456 3415 1538 3461 est
1579 3405 1667 3460 hic
1705 3406 1928 3460 dilectus
1948 3448 1963 3472 ,
1994 3404 2099 3460 nisi

530 3504 931 3560 amantissimus
962 3501 1101 3556 ﬁlius
1130 3499 1288 3569 ejus?
1318 3497 1462 3552 Forti
1493 3505 1547 3552 et
1590 3495 1868 3551 inﬂexibili
1910 3493 2098 3550 baculo

532 3597 673 3648 hanc.
699 3592 850 3647 inniti
881 3590 1157 3661 oportebat
1186 3590 1236 3643 in
1262 3602 1355 3643 sua
1386 3584 1673 3641 venerabili
1702 3591 2001 3650 senectute,
2032 3581 2098 3639 ad

535 3684 893 3755 peragendum
937 3684 1039 3737 iter
1081 3680 1209 3739 illud
1250 3694 1495 3749 magnum
1527 3687 1580 3733 et
1606 3674 1861 3742 arduum,
1894 3674 1962 3729 ab
2000 3673 2100 3730 hac

532 3777 670 3830 valle
700 3774 930 3829 miseria:
961 3787 1127 3843 usque
1154 3770 1221 3825 ad
1251 3770 1505 3825 altissima
1533 3768 1789 3823 ctelorum
1808 3806 1824 3833 ,
1856 3780 1977 3837 qua:
2006 3779 2099 3821 ne-

534 3882 622 3920 mo
664 3872 1065 3935 penetraverat,
1107 3871 1302 3932 prteter
1342 3861 1555 3916 unicum
1596 3860 1759 3915 ﬁlium
1801 3859 1939 3928 ejus.
1983 3857 2100 3927 Ipse

531 3958 716 4029 procul
745 3957 905 4012 dubio
936 3957 1048 4012 llex
1070 3968 1286 4025 regum,
1327 3960 1382 4009 et
1420 3952 1675 4007 Dominus
1713 3948 2100 4006 dominantium

535 4052 674 4106 ﬁlius
702 4050 836 4118 ejus,
863 4064 984 4104 cum
1013 4045 1351 4101 multitudine
1375 4044 1607 4100 ctelestis
1635 4041 1901 4099 exercitus
1926 4040 2102 4096 exsul-

533 4154 706 4199 tanter
751 4144 823 4198 illi
868 4144 1135 4208 occurrit,
1181 4139 1427 4194 baculum
1480 4138 1693 4195 ﬁdelem
1744 4136 1980 4207 seipsum
2026 4133 2100 4190 illi

530 4236 850 4306 supposuit:
894 4232 1160 4303 portavit,
1207 4245 1237 4285 a
1281 4244 1385 4300 qua
1426 4238 1664 4299 portatus
1709 4237 1824 4297 est,
1874 4233 2098 4282 matrem

528 4327 738 4396 plenam
786 4326 1026 4391 dierum,
1073 4322 1282 4392 plenam
1331 4322 1475 4375 omni
1520 4319 1793 4389 opulentia
1837 4315 2101 4386 spirituali

530 4433 689 4489 supra
739 4432 951 4472 omnem
1004 4414 1387 4485 plenitudinem
1435 4421 1771 4478 sanctorum,
1823 4423 1993 4479 usque
2034 4407 2102 4462 ad

530 4517 869 4574 conSpectum
901 4505 1078 4559 throni
1110 4506 1160 4559 in
1193 4504 1439 4568 excelso,
1475 4500 1607 4557 etin
1638 4501 1772 4555 solio
1815 4497 2099 4554 ineliabilis

530 4598 709 4668 gloria:
746 4597 1045 4652 collocavit.
1088 4595 1155 4649 Et
1193 4598 1266 4649 sic
1310 4595 1363 4649 in
1404 4592 1534 4651 Sion
1576 4594 1780 4662 ﬁrmata
1820 4601 1922 4658 est,
1962 4599 2012 4645 et
2048 4590 2101 4644 in

531 4690 729 4743 civitate
750 4688 1071 4756 sanctiﬁcata
1097 4687 1332 4741 similiter
1359 4686 1634 4757 requievit,
1666 4694 1711 4738 et
1736 4685 1788 4738 in
1812 4682 2105 4738 Jerusalem

530 4790 752 4846 potestas
778 4782 905 4851 ejus.
932 4778 1001 4833 Et
1026 4778 1272 4832 radicavit
1296 4779 1349 4832 in
1378 4780 1565 4849 papula
1592 4776 1953 4845 honoriﬁcam,
1980 4783 2027 4829 et
2049 4775 2103 4827 in

530 4890 699 4942 partes
729 4874 825 4927 Dei
854 4876 966 4945 ejus
994 4873 1267 4927 hereditas
1295 4873 1453 4939 illius,
1485 4880 1530 4925 ct
1561 4871 1612 4923 in
1642 4868 1959 4937 plenitudine
1983 4882 2105 4921 san-

531 4974 727 5018 ctorum
766 4965 986 5019 detentio
1023 4964 1165 5019 illius
1210 4962 1417 5034 (Eccli.
1443 4976 1567 5015 sxw
1594 4961 1633 5029 ).
1682 4960 1727 5014 0
1770 4958 2105 5029 praedicanda

531 5064 643 5111 toto
673 5055 871 5110 mundo
898 5055 1041 5110 illius
1068 5055 1169 5109 diei
1199 5054 1387 5124 gaudia
1409 5093 1424 5119 ,
1456 5052 1645 5121 quibus
1676 5051 1727 5104 iu
1758 5051 1984 5105 adventu
2014 5064 2101 5104 re-

530 5151 669 5221 gina:
711 5163 823 5205 sua:
862 5148 1113 5204 laetiﬁcati
1142 5156 1268 5202 sunt
1300 5144 1536 5200 universi
1569 5142 1714 5197 cives
1740 5156 1986 5211 supernae
2013 5142 2101 5197 .le-

532 5243 767 5298 rusalem
787 5279 803 5305 ,
835 5239 1264 5310 congratulantes
1294 5237 1403 5291 ﬁlio
1434 5236 1486 5289 in
1521 5235 1610 5289 tali
1642 5243 1834 5297 matre,
1864 5243 1917 5289 et
1945 5233 2101 5289 matri

534 5334 587 5389 in
619 5334 707 5389 tali
740 5334 868 5388 tilio.
898 5334 965 5387 Et
994 5331 1121 5401 quid
1152 5330 1385 5385 tnirum?
1411 5327 1467 5383 Si
1494 5326 1744 5396 gaudium
1775 5335 1857 5383 est
1886 5326 2101 5382 familia

537 5425 826 5496 cujuslibet
874 5422 1050 5492 pusilli
1092 5421 1359 5486 hominis,
1405 5421 1456 5474 in
1499 5420 1585 5473 die
1630 5433 1736 5487 quo
1781 5418 1845 5472 ad
1890 5418 2100 5487 nuptias

534 5530 786 5586 sponsam
831 5527 985 5569 suam
1028 5512 1278 5579 adducit,
1328 5510 1560 5580 nunquid
1608 5523 1715 5563 non
1762 5522 1883 5563 esse
1925 5507 2106 5563 debuit

533 5607 780 5676 gaudium
822 5605 1028 5660 civibus
1072 5603 1228 5667 cmli,
1279 5602 1330 5656 in
1376 5601 1462 5653 die
1505 5615 1607 5669 quo
1649 5608 1703 5653 et
1745 5598 1854 5667 regi
1890 5598 2102 5654 illorum

533 5710 787 5763 sponsam
815 5711 880 5752 ex
907 5694 1120 5767 sponsis
1149 5694 1375 5748 electam
1396 5732 1409 5758 ,
1440 5691 1505 5745 ad
1536 5690 1746 5760 nuptias
1775 5692 1969 5746 ducere
1991 5730 2006 5755 ,
2038 5689 2105 5743 ﬁ-

535 5788 658 5853 liam
689 5787 826 5848 inter
855 5787 992 5847 ﬁlias
1019 5787 1264 5851 dilectam
1305 5786 1648 5869 lucreditarc,
1691 5794 1914 5851 matrem
1956 5785 2099 5847 inter

2203 555 2335 610 cuit.
2365 554 2445 609 Ad
2477 554 2751 609 introitum
2782 551 2899 620 ejus
2923 563 3109 606 omnes
3153 549 3296 606 tuba
3337 550 3589 606 caelestes
3632 548 3779 605 inso-

2202 653 2467 711 nuerunt,
2494 653 2548 700 et
2570 643 2934 714 jubilaverunt
2956 656 3144 697 omnes
3172 640 3265 695 ﬁlii
3294 640 3417 709 Dei,
3450 650 3506 697 et
3531 640 3752 698 beatissi

2204 752 2345 793 mam
2372 736 2835 807 praedicaverunt,
2869 732 3236 789 collaudantes
3261 732 3535 790 victricem
3564 748 3791 792 manum

2203 831 2351 902 ejus,
2392 844 2509 899 qua:
2556 827 2819 883 cervicem
2848 825 3265 895 supplantatoris
3293 825 3494 895 antiqui
3523 828 3791 895 potentis-

2202 922 2338 977 sime
2378 918 2687 974 humiliavit.
2731 916 2847 972 Non
2891 918 2968 972 sic
3009 914 3150 981 Eva,
3196 930 3302 971 non
3350 916 3469 972 sic:
3516 918 3610 972 sed
3663 927 3791 973 tan-

2204 1027 2366 1084 quam
2399 1010 2571 1081 pulvis
2599 1023 2756 1079 quem
2801 1006 3102 1063 exsufﬁavit
3146 1020 3369 1076 serpens
3397 1021 3426 1060 a
3458 1007 3588 1062 facie
3618 1022 3790 1076 para-

2202 1104 2324 1159 disi.
2354 1102 2408 1159 Si
2438 1115 2568 1173 ergo
2588 1143 2602 1167 ,
2638 1099 2942 1154 charissimi
2962 1135 2979 1163 ,
3012 1096 3151 1152 hanc
3179 1096 3467 1167 gloriosam
3507 1097 3790 1154 dominam

2206 1204 2494 1251 veneratur
2529 1201 2584 1247 et
2614 1191 2825 1257 laudat,
2880 1191 2926 1244 si
2958 1190 3011 1244 in
3052 1202 3115 1244 ea
3144 1187 3375 1243 exsultat
3416 1187 3574 1243 beata
3618 1203 3790 1259 ange-

2202 1286 2378 1341 lorum
2418 1282 2678 1348 societas,
2722 1280 2893 1337 multo
2939 1279 3107 1349 magis
3155 1278 3385 1347 pertinet
3424 1278 3491 1332 ad
3537 1292 3639 1334 nos
3684 1294 3787 1334 ex-

2205 1379 2410 1432 sultare
2448 1374 2504 1430 in
2548 1388 2644 1439 ea,
2683 1380 2739 1428 et
2778 1369 2921 1427 omni
2953 1371 3191 1436 honore,
3221 1369 3367 1423 omni
3393 1368 3550 1424 laude
3580 1386 3790 1427 nomen

2201 1471 2322 1544 ejus
2361 1470 2617 1528 exaltare.
2661 1468 2737 1524 De
2775 1466 2930 1522 nobis
2973 1466 3117 1520 enim
3157 1464 3318 1530 exiit,
3360 1471 3528 1519 nostri
3570 1464 3785 1534 generis

2200 1576 2409 1635 gemma
2454 1560 2684 1632 pretiosa
2725 1565 2839 1623 est,
2884 1556 3058 1612 honor
3102 1563 3283 1611 noster
3322 1569 3416 1623 per
3456 1555 3601 1609 illam
3644 1570 3785 1611 con-

2202 1660 2498 1708 summatus
2543 1657 2644 1706 est.
2690 1648 2834 1704 Viles
2885 1649 2937 1701 in
2985 1654 3277 1715 conspectu
3324 1646 3639 1715 angelorum
3689 1662 3790 1716 per

2200 1743 2370 1797 virum
2401 1750 2457 1797 et
2486 1740 2737 1795 feminam
2767 1737 2891 1794 facti
2921 1750 3104 1793 sumus
3129 1750 3159 1790 a
3184 1735 3442 1805 principio
3472 1754 3488 1803 ;
3527 1736 3627 1792 sed
3658 1751 3790 1793 ecce

2125 1816 2174 1878 Β
2202 1849 2364 1903 super
2411 1834 2531 1890 illos
2578 1841 2800 1901 uterque
2847 1844 3007 1886 sexus
3052 1831 3291 1885 elevatus
3334 1837 3449 1898 est,
3500 1830 3682 1885 virilis
3730 1831 3788 1887 in

2194 1926 2430 1992 Christo,
2464 1924 2722 1980 femineus
2751 1925 2802 1978 in
2825 1922 3004 1977 Maria.
3039 1920 3159 1977 Jam
3180 1932 3235 1977 et
3256 1922 3426 1977 virum
3446 1930 3501 1977 et
3525 1922 3788 1980 feminam

2198 2018 2355 2073 velut
2374 2018 2551 2072 socios
2571 2025 2627 2071 et
2647 2014 2895 2069 concives
2922 2014 3208 2079 honorant,
3234 2012 3477 2068 videntes
3498 2018 3787 2085 utriusque

2196 2108 2410 2179 generis
2436 2107 2731 2177 principem
2760 2120 2919 2174 super
2946 2118 3024 2159 se.
3053 2104 3380 2159 Contuentur
3403 2119 3565 2174 supra
3592 2120 3655 2160 se
3679 2106 3790 2161 duo

2197 2215 2389 2272 magna
2422 2198 2701 2255 luminaria
2728 2211 2797 2253 ex
2827 2194 3133 2251 hominibus
3164 2204 3439 2265 assumpta
3466 2215 3478 2249 :
3512 2196 3789 2253 luminare

2195 2296 2389 2363 majus,
2422 2300 2477 2349 et
2503 2290 2765 2346 luminare
2791 2289 2987 2353 minus,
3013 2286 3192 2343 .lesum
3220 2295 3278 2342 et
3300 2287 3522 2342 Mariam
3541 2331 3555 2353 ,
3588 2288 3787 2357 quibus

2199 2386 2366 2438 solem
2418 2390 2473 2436 et
2512 2382 2690 2435 lunam
2731 2378 3047 2449 :equiparari
3092 2377 3313 2433 omnino
3342 2377 3777 2447 indignissimum

2197 2487 2298 2533 est.
2346 2476 2686 2532 Exsultemus
2725 2474 2884 2545 igitur
2925 2481 2980 2527 et
3027 2472 3268 2526 laetemur
3295 2470 3351 2525 in
3379 2485 3475 2539 ea,
3501 2470 3624 2538 quia
3654 2485 3781 2524 om-

2200 2575 2343 2627 nium
2373 2572 2613 2627 nostrum
2645 2568 2818 2624 ﬁdelis
2845 2566 3100 2622 advocata
3127 2565 3180 2620 in
3206 2565 3359 2622 cmlis
3384 2574 3488 2621 est.
3520 2564 3784 2620 Ilediator

2199 2667 2295 2722 Dei
2334 2675 2388 2721 et
2423 2666 2733 2729 hominum,
2768 2663 2905 2718 ﬁlius
2933 2663 3048 2735 ejus
3075 2673 3189 2727 est,
3220 2662 3499 2719 mediatrix
3552 2662 3652 2716 filii
3698 2662 3782 2717 sui

2198 2767 2253 2813 et
2296 2759 2566 2814 hominum
2623 2757 2757 2826 ipsa.
2801 2755 2950 2811 Sicut
2986 2755 3140 2810 decet
3192 2764 3417 2809 matrem
3460 2753 3781 2807 misericor-

2198 2851 2332 2917 diae,
2363 2849 2862 2905 misericordissima
2888 2858 3000 2915 est,
3032 2856 3088 2904 et
3116 2848 3266 2905 novit
3292 2847 3525 2917 compati
3559 2848 3790 2902 inﬁrmi-

2204 2940 2402 2995 tatibus
2444 2939 2720 3006 humanis,
2762 2940 2885 3009 quia
2926 2946 3111 2994 notum
3150 2948 3233 2993 est
3261 2940 3308 2993 ei
3341 2939 3658 3010 ﬁgmentum
3689 2954 3787 2994 no-

2203 3042 2396 3087 strum.
2443 3032 2667 3103 Propter
2706 3032 2849 3104 quod
2879 3042 2934 3088 et
2962 3024 3304 3102 interpellare
3332 3047 3429 3101 pro
3458 3033 3619 3088 nobis
3648 3033 3787 3103 apud

2202 3123 2367 3178 ﬁlium
2397 3136 2551 3178 suum
2586 3138 2691 3178 non
2720 3133 2927 3188 cessat,
2959 3123 3004 3178 si
3034 3133 3211 3179 tamen
3241 3123 3491 3193 nosipsos
3531 3126 3790 3195 iniquita-

2204 3227 2283 3274 tes
2326 3226 2536 3272 nostras
2563 3217 2845 3286 deplorare
2884 3216 3077 3271 viderit
3115 3231 3179 3272 ac
3217 3217 3497 3273 detestari.
3534 3217 3700 3274 Certe
3736 3228 3790 3275 et

2200 3309 2313 3379 ipsa
2339 3310 2712 3379 paenitentiam
2742 3318 2980 3364 nostram
3013 3323 3081 3363 ex
3111 3307 3450 3365 multitudine
3477 3309 3788 3365 misericoro

2201 3401 2305 3455 dite
2336 3400 2625 3470 praevenit,
2655 3407 2710 3455 et
2737 3399 2972 3466 gladium
3007 3398 3100 3453 ﬁlii
3142 3398 3210 3453 ad
3250 3400 3655 3468 percussionem
3691 3415 3786 3455 ex-

2209 3498 2414 3545 tentum
2444 3489 2709 3553 continet,
2745 3502 2907 3542 orans
2963 3495 3019 3542 et
3059 3496 3244 3558 petens
3280 3496 3339 3542 ut
3375 3489 3785 3543 conversionem

2201 3590 2439 3636 nostram
2471 3579 2845 3649 longanimiter
2875 3587 3168 3648 exspectet.
3200 3578 3261 3634 Si
3302 3580 3448 3634 enim
3490 3594 3597 3634 non
3639 3589 3785 3635 tanta

2206 3671 2599 3729 intercessione
2629 3672 2859 3725 mundus
2889 3670 3189 3739 fulciretur,
3221 3670 3473 3726 nimirum
3507 3671 3649 3740 justo
3680 3671 3780 3727 Dei

2198 3764 2400 3833 judicio
2427 3762 2718 3819 subversus
2743 3763 2851 3833 jam
2886 3762 3105 3828 fuisset,
3136 3764 3273 3818 sicut
3300 3762 3426 3818 olim
3468 3762 3701 3819 Sodoma
3727 3773 3786 3819 et

2202 3856 2502 3913 Gomorrha
2548 3855 2729 3912 divino
2775 3855 2897 3926 igne
2939 3856 3248 3924 perierunt,
3288 3863 3345 3910 et
3383 3857 3523 3910 sicut
3552 3856 3785 3926 populus

2201 3949 2459 4006 Judaicus
2486 3949 2539 4003 in
2570 3949 2784 4004 deserto
2811 3946 3124 4003 coelestibus
3149 3947 3318 4016 plagis
3343 3946 3662 4016 absumptus
3685 3955 3787 4001 est.

2203 4045 2344 4102 Ecce
2375 4045 2520 4101 enim
2550 4045 2757 4101 easdem
2789 4043 3096 4113 iniquitates
3123 4056 3242 4111 quae
3283 4040 3387 4097 illis
3430 4049 3589 4095 erant
3627 4054 3788 4096 causa

2201 4138 2545 4210 perditionis,
2574 4144 2630 4193 et
2659 4137 2830 4192 multo
2858 4133 3145 4203 ampliores
3168 4146 3266 4203 per
3294 4132 3608 4188 universum
3633 4149 3791 4188 mun-

2201 4231 2328 4286 dum
2373 4228 2743 4298 multiplicatae
2789 4233 2933 4280 sunt.
2977 4225 3114 4291 Quid
3158 4239 3286 4293 ergo
3322 4231 3406 4279 est
3453 4224 3790 4293 propitiatrix

2203 4322 2318 4377 haec
2347 4321 2562 4376 domina
2582 4360 2599 4388 ,
2631 4318 2736 4373 nisi
2775 4317 2921 4373 velut
2948 4317 3115 4371 nubes
3142 4314 3386 4384 quaedam
3430 4313 3787 4380 suavissima,

2204 4413 2532 4468 obumbrans
2565 4410 2720 4466 nobis
2749 4424 2779 4463 a
2810 4408 2950 4473 facie
2978 4406 3138 4473 solis,
3172 4420 3239 4461 ne
3269 4404 3431 4460 nimia
3475 4405 3790 4459 aestuationo

2205 4503 2352 4559 illius
2381 4499 2713 4558 exuramur?
2743 4499 2959 4569 Itaque,
2989 4494 3356 4562 dilectissimi,
3386 4495 3439 4550 in
3470 4510 3533 4550 ea
3566 4504 3674 4549 tam
3704 4508 3791 4563 po-

2207 4594 2372 4658 tenti,
2421 4603 2524 4646 tam
2573 4591 2659 4663 pia
2696 4597 2752 4646 et
2790 4599 2897 4644 tam
2943 4587 3084 4643 ﬁdeli
3115 4588 3373 4642 advocata
3422 4594 3642 4651 nostra,
3679 4595 3790 4640 toto

2207 4687 2377 4743 corde
2408 4685 2738 4756 gaudeamus
2759 4723 2774 4748 ,
2810 4696 2929 4752 quae
2958 4679 3087 4736 nulli
3116 4680 3595 4750 digne'postulanti
3635 4677 3791 4733 auxi-

2206 4777 2336 4833 lium
2388 4785 2581 4846 negat,
2611 4782 2665 4829 et
2700 4788 2796 4844 pro
2825 4772 2972 4828 nullo
3000 4772 3137 4840 apud
3169 4772 3336 4826 ﬁlium
3378 4771 3578 4827 frustra
3620 4772 3790 4826 inter-

2209 4868 2387 4936 pellat.
2436 4866 2796 4930 Gaudeamus,
2829 4865 3066 4935 inquam,
3099 4864 3151 4919 in
3181 4863 3292 4929 illa,
3320 4873 3375 4918 et
3403 4863 3582 4933 dignis
3630 4864 3789 4919 obse-

2207 4958 2366 5028 quiis,
2398 4959 2572 5029 dignis
2623 4957 2868 5013 laudibus
2918 4971 3040 5013 cum
3093 4956 3202 5012 illis
3251 4958 3418 5013 sacris
3471 4958 3787 5027 angelorum

2209 5050 2504 5120 legionibus
2532 5066 2649 5107 eam
2679 5066 3017 5117 veneremur,
3050 5066 3113 5106 ac
3144 5052 3346 5108 vultum
3374 5054 3493 5122 ejus
3525 5055 3786 5121 deprece-

2208 5157 2327 5196 mur
2355 5157 2476 5197 cum
2516 5142 2763 5198 omnibus
2803 5142 3055 5198 divitibus
3093 5144 3236 5201 caeli.
3280 5145 3408 5212 Qua:
3449 5154 3577 5198 sunt
3612 5153 3792 5199 autem

2206 5233 2457 5303 obsequia
2482 5273 2498 5299 ,
2529 5232 2720 5300 quibus
2750 5240 2947 5288 tantam
2992 5234 3261 5289 dominam
3308 5234 3468 5303 digne
3514 5236 3788 5305 possimus

2208 5325 2510 5381 honorare?
2540 5324 2651 5380 Iloc
2675 5333 2822 5381 certe
2850 5326 2922 5380 illi
2946 5326 3304 5396 gratissimum
3331 5325 3650 5396 obsequium
3677 5333 3787 5391 est,

2209 5423 2267 5470 ut
2319 5414 2437 5485 ejus
2488 5416 2903 5472 sacratissimam
2955 5415 3116 5473 vitam
3175 5418 3485 5482 imitantes,
3544 5432 3789 5473 amemus

2209 5508 2351 5577 quod
2380 5508 2607 5573 amavit,
2639 5517 2693 5563 et
2719 5508 2952 5563 vitemus
2980 5508 3123 5578 quod
3151 5509 3361 5565 vitavit.
3406 5508 3568 5563 Grata
3599 5520 3685 5563 est
3711 5507 3784 5563 illi

2208 5599 2466 5651 castitatis
2510 5598 2885 5666 pulchritudo,
2929 5614 3024 5670 per
3064 5616 3221 5670 quam
3262 5612 3316 5658 et
3355 5599 3470 5670 ipsa
3514 5600 3572 5654 in
3616 5600 3786 5655 oculis

2210 5690 2475 5746 Allissimi
2503 5689 2737 5759 gratiosa
2768 5689 2904 5746 facta
2936 5701 3039 5747 est.
3074 5692 3217 5748 lianc
3246 5693 3402 5762 igitur
3433 5707 3530 5761 pro
3563 5692 3706 5747 illius
3732 5700 3785 5745 et

2206 5781 2303 5847 ﬁlii
2328 5780 2411 5840 sui
2438 5781 2742 5840 reverentia
2760 5786 2825 5841 ,ιη
2854 5783 3031 5867 cordis
3058 5784 3229 5857 nostri
3271 5783 3632 5867 suscipiamus
3681 5782 3782 5863 b9?
