4096 6346
347 386 481 444 M97

1318 391 1788 451 HOMlLiARlUS.
1822 384 1893 437 ς-
1933 390 2093 451 llOM.
2134 395 2222 453 ne
2257 385 2561 458 SANCTIS.

3444 411 3571 470 M95

343 498 533 571 spitio,
579 505 636 554 et
678 497 1059 568 amplectamur
1098 497 1342 559 decorem
1392 503 1543 574 ejus,
1594 512 1650 560 et
1687 503 1908 574 gratiam
1935 507 1985 569 Α
2015 504 2197 562 biliter
2236 508 2557 579 sublimata,
2602 526 2722 569 cum
2762 511 2977 570 Christo
3003 523 3189 586 regnat
3217 516 3270 573 in
3301 526 3574 584 aeternum.

343 604 589 661 magnam
643 590 697 646 in
743 600 1031 661 conspectu
1080 591 1198 661 ejus
1251 595 1600 650 inveniemus.
1659 593 1714 649 Si
1767 596 1911 651 enim

342 681 694 737 immunditiis
751 680 972 737 luxurias
1029 697 1311 753 porcorum
1367 699 1519 740 more
1571 684 1910 754 volutemur,

343 772 728 831 abominabiles
753 772 957 828 erimus
1002 788 1183 829 coram
1228 776 1337 840 illa,
1369 784 1425 830 et
1452 776 1585 831 nihil
1615 768 1826 846 dignum
1857 777 1912 831 in

346 875 633 934 conspectu
663 865 779 935 ejus
809 879 967 935 agere
994 869 1308 935 poterimus.
1354 870 1553 924 Dilecta
1583 878 1667 925 est
1695 870 1770 925 illi
1816 870 1912 924 hu-

341 957 585 1012 militatis
610 957 896 1026 modestia,
927 969 1145 1028 propter
1172 976 1329 1031 quam
1361 961 1426 1016 ad
1455 976 1662 1017 summa
1696 962 1912 1018 honoris

342 1048 548 1118 fastigia
580 1064 611 1103 a
642 1048 869 1105 Domino
898 1052 1129 1107 exaltata
1150 1040 1262 1108 est.
1303 1054 1446 1109 Hanc
1476 1055 1615 1110 illius
1641 1056 1912 1125 provocati

288 1131 299 1182 ἓ
343 1141 591 1209 exemplo
619 1154 860 1197 amemus
881 1181 898 1208 ,
930 1150 985 1197 et
1023 1158 1185 1211 opere
1213 1158 1592 1210 exerceamus,
1623 1155 1678 1201 et
1704 1155 1911 1215 gratum

292 1240 310 1280 ‘i
340 1232 417 1289 illi
446 1234 817 1303 praestabimus
842 1236 1177 1304 obsequium.
1205 1238 1261 1293 Si
1293 1240 1435 1294 enim
1466 1242 1732 1309 superbia:
1767 1242 1903 1298 fastu

341 1326 510 1382 elatos
536 1340 634 1382 nos
661 1327 885 1397 viderit,
917 1329 1128 1397 placere
1157 1331 1232 1386 illi
1267 1332 1319 1387 in
1361 1333 1523 1388 nullis
1565 1335 1774 1390 actibus
1814 1352 1907 1392 va-

343 1419 595 1484 lebimus,
622 1419 762 1489 apud
800 1435 935 1491 quos
958 1431 1145 1489 regnat
1188 1423 1434 1480 inimicus
1483 1424 1619 1495 ejus.
1668 1427 1908 1484 Pretiosa

341 1520 424 1566 est
468 1510 522 1565 in
569 1519 859 1580 conspectu
902 1512 1017 1582 ejus
1058 1513 1248 1570 divinat
1284 1516 1555 1572 cbaritatis
1597 1518 1906 1590 ﬂagrantia,

341 1617 460 1668 quae
487 1616 649 1671 super
674 1602 904 1657 salutem
934 1612 989 1659 et
1021 1618 1233 1660 omnem
1265 1606 1711 1676 pulchritudinem
1741 1612 1906 1667 Deum

341 1690 590 1748 dilexisse
619 1693 984 1761 cognoscitur,
1013 1702 1066 1749 et
1096 1695 1294 1750 idcirco
1322 1712 1482 1765 super
1508 1714 1721 1755 omnem
1759 1716 1910 1756 crea-

340 1791 510 1837 turam
558 1797 587 1837 a
636 1783 861 1838 Domino
903 1783 1099 1839 dilecta
1142 1795 1248 1843 est.
1293 1786 1349 1843 Si
1396 1803 1522 1859 ergo
1552 1799 1603 1846 et
1646 1790 1698 1844 in
1732 1791 1830 1845 hoc
1858 1792 1907 1847 ei

2014 595 2215 667 Regina
2244 599 2425 654 mundi
2456 601 2611 657 hodie
2640 603 2708 658 de
2738 604 2894 661 terris
2923 613 2978 661 et
3002 604 3069 661 de
3097 610 3346 674 praesenti
3383 615 3572 672 satculc

2012 700 2238 757 nequam
2268 690 2511 758 eripitur.
2543 692 2739 749 lterum
2767 695 2921 763 dico,
2951 696 3207 766 gaudete,
3239 702 3360 769 quia
3389 715 3574 760 secura

2012 777 2079 833 de
2113 793 2208 833 sua
2237 781 2659 840 immarcescibili
2698 786 2902 856 gloria,
2931 788 2997 843 ad
3035 790 3159 845 cteli
3200 792 3309 861 jam
3340 797 3577 864 pervenit

2011 869 2283 937 palatium.
2315 872 2586 929 Exsultate
2604 917 2618 942 ,
2650 876 2861 945 inquam
2882 917 2899 945 ,
2928 893 2988 933 ac
3011 881 3269 950 gaudete,
3295 892 3348 939 et
3376 886 3576 945 laetetur

2011 962 2184 1016 omnis
2219 963 2401 1031 orbis,
2430 968 2549 1035 quia
2585 967 2742 1023 hodie
2780 969 2934 1025 nobis
2970 973 3235 1041 omnibus,
3264 976 3378 1045 ejus
3406 978 3576 1035 inter-

2010 1056 2345 1113 venientibus
2387 1061 2623 1127 meritis,
2667 1062 2813 1117 salus
2852 1073 3005 1118 aucta
3034 1076 3137 1123 est.
3172 1067 3332 1124 Vobis
3372 1085 3579 1142 quoque

2011 1147 2346 1217 diligentibus
2374 1167 2492 1206 eam
2522 1153 2694 1207 honor
2736 1164 2789 1209 et
2833 1156 2997 1211 virtus
3043 1172 3149 1213 una
3194 1174 3313 1215 cum
3358 1162 3579 1233 reliquis

2012 1240 2301 1309 virginibus
2346 1242 2513 1298 sacris
2554 1244 2781 1311 amplior
2835 1256 3117 1315 praestatur
3159 1258 3211 1305 et
3253 1253 3443 1322 gratia.
3494 1255 3578 1309 ld-

2010 1332 2189 1399 circo,
2239 1331 2611 1400 dilectissimi,
2666 1336 2916 1391 laetamini
2971 1346 3025 1395 et
3071 1341 3316 1405 laudate,
3365 1344 3488 1408 quia
3533 1345 3578 1400 si

2012 1424 2178 1479 Deum
2219 1438 2315 1480 ore
2353 1429 2666 1495 prophetico
2700 1429 2751 1482 in
2791 1431 2992 1485 sanctis
3031 1432 3141 1486 suis
3178 1434 3397 1489 laudare
3428 1436 3576 1504 jube-

2011 1530 2154 1581 mur,
2184 1516 2355 1570 multo
2383 1519 2551 1587 magis
2580 1534 2699 1573 eum
2734 1520 2785 1574 in
2818 1521 2917 1575 hac
2946 1521 3251 1579 celebritate
3280 1525 3446 1581 beatae
3476 1526 3577 1582 vir-

1940 1680 1941 1683 η
2009 1608 2145 1676 ginis
2169 1608 2353 1662 matris
2379 1608 2498 1679 ejus
2524 1620 2735 1679 oportet
2760 1626 2879 1667 cum
2910 1615 3117 1684 hymnis
3142 1624 3195 1669 et
3217 1617 3439 1672 canticis
3465 1619 3578 1687 spi-

2010 1699 2290 1754 ritualibus
2316 1700 2628 1769 diligentius
2654 1704 2933 1769 extollere,
2957 1715 3008 1759 et
3034 1705 3204 1775 dignis
3227 1706 3335 1763 Deo
3354 1708 3580 1778 jubilare

2011 1791 2322 1858 praeconiis,
2371 1802 2426 1847 et
2472 1796 2709 1863 mysticis
2757 1795 3021 1852 honorare
3061 1801 3392 1856 muneribus.
3443 1801 3582 1859 Nulli

339 1872 641 1930 conformes
687 1887 808 1930 esse
851 1876 1212 1932 studuerimus
1233 1918 1249 1945 ,
1282 1885 1343 1933 ut
1386 1888 1497 1934 toto
1540 1881 1700 1936 corde
1743 1882 1907 1937 Deum
1937 1879 1986 1941 B
2012 1883 2225 1938 dubium
2257 1886 2380 1954 quin
2409 1895 2575 1941 totum
2599 1891 2662 1942 ad
2692 1888 2912 1958 gloriam
2940 1890 3112 1946 laudis
3137 1892 3253 1961 ejus
3278 1893 3579 1965 pertineat,

340 1978 402 2019 ac
432 1964 715 2020 Dominum
747 1974 984 2021 nostrum
1016 1968 1338 2024 salvatorem
1360 2011 1375 2036 ,
1410 1970 1573 2026 filium
1622 1973 1739 2040 ejus
1784 1975 1905 2028 dili-

340 2072 559 2126 gamus,
587 2058 640 2111 in
669 2072 733 2111 eo
763 2058 881 2126 ipso
913 2058 1280 2115 holocaustum
1310 2062 1505 2131 pingue
1531 2071 1586 2118 et
1611 2064 1908 2121 suavissimi

342 2149 520 2203 odoris
554 2150 603 2202 in
638 2160 927 2218 conSpectu
956 2149 1073 2219 ejus
1102 2150 1409 2219 oli'eremus,
1440 2168 1537 2208 nec
1564 2158 1832 2224 acceptius
1858 2156 1906 2212 ei

343 2238 693 2307 ministerium
724 2254 955 2309 unquam
985 2241 1239 2297 exhibere
1276 2244 1587 2312 poterimus.
1633 2245 1689 2301 Si
1731 2256 1910 2302 autem

341 2343 371 2382 a
401 2329 661 2385 charitate
689 2328 866 2386 divina
897 2332 1085 2402 vacui,
1120 2343 1173 2389 et
1214 2332 1449 2389 fraterno
1480 2336 1600 2390 odio
1628 2345 1682 2391 et
1716 2338 1910 2393 invidia

341 2420 483 2490 pleni
512 2422 897 2489 exstiterintus,
932 2423 1123 2479 frustra
1153 2425 1204 2479 in
1233 2440 1293 2480 os
1322 2435 1565 2482 nostrum
1591 2429 1770 2485 laudes
1797 2431 1912 2500 ejus

343 2530 707 2580 assumemus,
740 2515 932 2569 frustra
963 2516 1012 2571 in
1044 2517 1217 2587 aliqua
1248 2533 1307 2574 re
1336 2518 1645 2589 obsequium
1678 2521 1751 2575 illi
1781 2537 1912 2589 pm)-

342 2617 483 2661 stare
506 2608 839 2662 conabimur.
891 2607 1015 2674 Ipsi,
1067 2610 1277 2674 fratres,
1324 2610 1681 2679 judicate:Si
1724 2627 1910 2669 servus

346 2700 518 2754 nudus
539 2739 554 2765 ,
599 2710 688 2753 aut
730 2699 956 2766 turpiter
998 2701 1287 2755 conscissis
1317 2702 1553 2758 vestibus
1582 2704 1794 2759 indutus
1816 2748 1828 2768 ,
1858 2715 1913 2761 et

341 2792 584 2847 sordidas
632 2792 834 2847 habens
885 2808 1107 2860 manus,
1157 2808 1338 2849 coram
1386 2796 1574 2865 pudica
1625 2807 1679 2852 et
1725 2811 1911 2855 severa

343 2886 516 2955 aliqua
575 2894 818 2940 matrona
871 2886 1177 2943 ministrare
1237 2891 1672 2959 praesumpserit,
1731 2906 1911 2948 nonne

342 2978 713 3033 abominabilis
741 2988 825 3034 est
850 2979 1270 3047 illi?_Nimirum
1315 2989 1519 3037 avertet
1556 2984 1739 3039 oculos
1786 2998 1910 3040 cum

342 3071 733 3140 indignatione,
785 3084 848 3127 ac
892 3070 1234 3126 dehonestari
1272 3087 1332 3128 se
1368 3072 1713 3130 arbitrabitur
1759 3076 1903 3133 illius

340 3167 636 3221 ministerio
664 3167 835 3234 magis
862 3179 1020 3236 quam
1053 3165 1326 3223 honorari.
1354 3167 1633 3234 Quomodo
1660 3183 1789 3240 ergo
1815 3183 1910 3225 co-

344 3273 456 3315 ram
505 3258 782 3315 tremenda
811 3223 902 3313 illa
930 3258 1098 3314 totius
1127 3259 1309 3314 mundi
1339 3260 1584 3327 domina,
1612 3223 1770 3331 quam
1803 3270 1911 3317 tata
1937 3223 1984 3289 Ο

342 3355 576 3411 cmlestis
603 3354 748 3410 curia
774 3368 896 3409 cum
923 3356 1070 3411 omni
1098 3358 1398 3413 reverentia
1428 3357 1685 3423 honorat,
1718 3358 1915 3428 iniqui-

346 3447 542 3502 tatibus
573 3449 713 3518 pleni
742 3464 1035 3519 apparere,
1069 3450 1446 3508 festivitatihus
1474 3453 1590 3523 ejus
1618 3454 1910 3522 interesse,

343 3547 398 3594 et
427 3539 609 3595 laudes
636 3538 751 3609 ejus
780 3544 1128 3611 pronuntiare
1158 3544 1448 3611 audemus,
1480 3545 1548 3601 de
1576 3560 1676 3615 qua
1706 3556 1913 3601 certum

342 3641 426 3686 est
454 3631 593 3698 quod
623 3631 791 3702 diligit
809 3635 1100 3704 justitiam,
1132 3644 1181 3687 et
1212 3636 1320 3689 odit
1345 3637 1664 3705 iniquitatem
1699 3639 1717 3705 (
1745 3636 1910 3693 Eccli.

343 3738 416 3778 xv
438 3722 505 3795 )2
536 3725 651 3778 Non
681 3732 764 3778 est
794 3724 1039 3792 speciosa
1085 3725 1197 3779 laus
1241 3727 1294 3781 in
1324 3742 1418 3782 ore
1443 3730 1759 3796 peccatoris.
1797 3728 1915 3782 Pla-

342 3828 467 3869 cere
515 3829 621 3868 non
669 3823 891 3881 possunt
935 3814 1109 3883 epulae
1155 3819 1489 3884 quantumvis
1530 3820 1803 3888 pretiosat,
1857 3819 1911 3874 in

343 3903 560 3959 sordido
589 3918 719 3960 vase
746 3905 963 3961 oblatae.
995 3905 1303 3964 Timeamus
1343 3924 1410 3963 ne
1438 3918 1493 3964 et
1522 3909 1677 3964 nobis
1705 3910 1915 3965 dicatur

343 3992 412 4049 ab
439 4008 501 4049 ea
532 4013 545 4049 :
589 3995 731 4050 Bene
756 3996 1029 4063 obtulisti,
1059 4000 1153 4055 sed
1182 3998 1322 4054 male
1361 3998 1613 4055 divisisti.
1657 4000 1796 4054 Bene
1834 4007 1914 4054 et-

343 4090 484 4141 enim
515 4086 586 4141 illi
614 4086 911 4155 olferimus,
939 4103 1059 4144 cum
1088 4090 1271 4147 laudes
1300 4088 1418 4161 ejus
1443 4100 1655 4145 sanctas
1685 4105 1916 4160 pronun-

346 4182 567 4246 tiamus,
598 4181 691 4236 sed
733 4181 876 4236 male
916 4181 1229 4248 dividimus,
1261 4196 1381 4238 cum
1425 4184 1779 4250 nosmetipsos
1821 4198 1917 4252 per

344 4274 503 4327 vitam
536 4273 727 4328 malam
770 4273 836 4327 ab
876 4287 938 4328 ea
979 4274 1293 4329 alienamus.
1328 4273 1708 4329 Verumtamen
1748 4289 1916 4343 quan-

346 4364 539 4419 tumvis
584 4363 865 4419 horrendm
900 4365 1009 4420 sint
1050 4364 1387 4420 infirmitates
1439 4374 1669 4432 nostrae,
1718 4380 1916 4435 nequa-

346 4468 502 4523 quam
545 4454 615 4510 de
644 4454 1005 4510 misericordia
1035 4454 1154 4526 ejus
1180 4456 1332 4511 nobis
1360 4456 1755 4526 desperandum
1799 4466 1912 4526 est,

309 4604 317 4614 ,
346 4546 391 4599 si
421 4545 475 4599 in
506 4553 796 4615 conspectu
825 4546 942 4615 ejus
970 4548 1301 4617 nosmetipos
1328 4562 1579 4603 accusare
1597 4590 1610 4614 ,
1653 4559 1707 4604 et
1750 4553 1917 4605 inter-

2009 1976 2262 2044 quidquid
2310 1978 2467 2047 digne
2509 1981 2750 2049 genitrici
2795 1997 2906 2037 suae
2952 1984 3247 2053 impensum
3294 1986 3488 2054 fuerit,
3517 2002 3584 2045 ac

2009 2067 2324 2123 solemniter
2354 2070 2692 2126 attributum.
2733 2071 2808 2127 Ex
2839 2088 2944 2142 quo
2975 2075 3135 2131 timeo
3161 2078 3321 2144 satis,
3350 2088 3405 2134 et
3431 2080 3584 2137 valde

2012 2158 2370 2226 pertimesco,
2413 2162 2537 2217 dum
2583 2165 2773 2218 vestris
2815 2166 2972 2235 cupio
3003 2182 3190 2237 parere
3220 2170 3580 2240 profectibus,

2012 2261 2079 2301 ne
2127 2247 2263 2303 forte
2308 2249 2445 2305 sicut
2488 2252 2793 2321 improbus,
2841 2255 2909 2309 ita
2955 2266 3010 2311 et
3053 2258 3299 2328 indignus
3346 2259 3585 2316 laudator

2011 2337 2271 2403 inveniar,
2319 2343 2557 2409 proiecto
2600 2358 2721 2399 cum
2766 2360 2864 2401 nec
2907 2349 3161 2404 sanctitas
3208 2350 3293 2404 vel
3338 2349 3583 2406 facundia

2012 2439 2291 2499 suppetat,
2337 2442 2395 2487 ut
2437 2434 2644 2491 beatam
2691 2446 2744 2491 et
2791 2438 3079 2506 gloriosam
3126 2440 3380 2511 virginem
3420 2443 3587 2511 .digne

2011 2523 2229 2578 laudare
2256 2540 2442 2594 queam
2473 2543 2487 2593 ;
2516 2529 2767 2597 quoniam
2786 2570 2801 2596 ,
2826 2539 2885 2585 ut
2908 2545 3091 2586 verum
3116 2532 3306 2600 fatear,
3329 2534 3584 2605 quidquid

2013 2615 2255 2671 humanis
2281 2618 2383 2673 dici
2413 2628 2585 2688 potest
2620 2623 2795 2677 verbis
2815 2664 2828 2687 ,
2862 2625 3036 2679 minus
3065 2633 3145 2679 est
3172 2640 3202 2681 a
3237 2626 3394 2683 laude
3421 2627 3576 2693 cmli,

2012 2712 2134 2779 quia
2161 2711 2351 2767 divinis
2377 2722 2458 2767 est
2487 2723 2541 2768 et
2567 2716 2820 2784 angelicis
2846 2718 3190 2773 excellentius
3214 2719 3499 2789 praedicata
3525 2728 3582 2776 et

2012 2805 2223 2861 laudata
2251 2810 2555 2875 praeconiis.
2587 2813 2627 2863 Α
2660 2810 2934 2880 pr0pltetis
2961 2811 3175 2879 quidem
3204 2813 3579 2880 praenuntiata,

2012 2912 2039 2951 a
2081 2900 2394 2967 patriarchis
2433 2899 2613 2968 ﬁguris
2644 2909 2699 2954 et
2729 2900 3098 2970 aenigmatibus
3129 2900 3480 2971 przesiguata,
3511 2904 3581 2959 ab

2014 2989 2357 3059 evangelistis
2396 2990 2638 3045 exhibita
2668 2998 2722 3046 et
2750 3001 3074 3061 monstrata,
3106 2993 3173 3047 ab
3206 2989 3397 3063 angelo
3422 3006 3586 3049 vene-

2014 3082 2253 3136 rabiliter
2291 3090 2346 3138 et
2383 3084 2776 3140 ofﬁciosissime
2810 3085 3057 3140 salutata.
3098 3084 3363 3141 Praeterea
3414 3086 3585 3154 qualis

2013 3180 2066 3227 et
2094 3183 2288 3243 quanta
2316 3184 2490 3239 esset,
2520 3175 2589 3229 ab
2612 3176 2797 3231 eodem
2827 3176 3077 3232 divinitus
3114 3177 3433 3247 declaratur,
3461 3192 3583 3232 cum

2014 3266 2127 3321 ait:
2172 3266 2305 3329 Ave,
2349 3267 2517 3337 gratia
2558 3266 2748 3337 plena,
2781 3267 3031 3323 Dominus
3074 3275 3235 3323 tecum
3261 3308 3276 3335 ,
3318 3267 3603 3322 benedicta

2014 3365 2068 3411 tu
2099 3358 2151 3411 in
2180 3358 2478 3412 mulieribus
2519 3358 2689 3430 (Luc.
2720 3359 2802 3429 ι).
2844 3359 3064 3416 Talibus
3102 3375 3330 3431 namque
3365 3360 3588 3417 decebat

2014 3449 2272 3518 virginem
2326 3448 2662 3518 oppignerari
2716 3451 3059 3516 muneribus,
3116 3460 3177 3507 ut
3220 3461 3364 3507 esset
3413 3452 3585 3521 gratia

2014 3538 2202 3606 plena,
2233 3554 2352 3610 quae
2381 3540 2528 3594 dedit
2568 3541 2718 3597 caelis
2762 3541 3018 3612 gloriam,
3070 3542 3228 3598 terris
3274 3542 3437 3598 Deum
3480 3556 3585 3611 pa-

2013 3646 2235 3701 cemque
2277 3631 2504 3698 infudit,
2543 3633 2702 3688 iidem
2744 3634 2992 3703 gentibus
3013 3676 3028 3697 ,
3061 3632 3218 3689 linem
3249 3633 3425 3699 vitiis,
3456 3632 3586 3689 vita

2018 3723 2263 3778 ordinem
2290 3765 2305 3790 ,
2341 3724 2580 3779 moribus
2608 3724 2964 3793 disciplinam.
2998 3724 3063 3779 Et
3099 3724 3237 3781 bene
3275 3723 3493 3795 angelus
3518 3723 3585 3778 ad

2014 3811 2274 3881 virginem
2314 3814 2561 3877 mittitur,
2596 3814 2714 3880 quia
2743 3828 2955 3883 semper
2996 3823 3080 3869 est
3119 3814 3321 3885 angelis
3359 3823 3583 3884 cognata

2015 3902 2313 3970 virginitas.
2347 3902 2594 3957 Profecto
2624 3904 2673 3957 in
2712 3916 2873 3960 carne
2912 3912 3102 3972 praeter
3130 3919 3342 3962 carnem
3370 3906 3583 3971 vivere,

2017 4006 2123 4047 non
2166 4001 2376 4047 terrena
2421 3993 2526 4046 vita
2567 4004 2680 4060 est,
2724 3993 2817 4048 sed
2860 3994 3114 4052 caelestis.
3160 3993 3311 4052 Unde
3346 3996 3399 4052 in
3426 4010 3588 4051 carne

2016 4084 2312 4154 angelicam
2359 4086 2585 4155 gloriam
2634 4088 2941 4156 acquirere,
2990 4088 3162 4157 majus
3210 4096 3291 4143 est
3334 4088 3584 4145 meritum

2015 4190 2172 4247 quam
2221 4176 2438 4231 habere.
2486 4175 2615 4234 Esse
2652 4179 2793 4233 enim
2835 4178 3116 4246 angelum,
3162 4177 3429 4234 felicitatis
3468 4188 3588 4251 est,

2016 4281 2135 4322 esse
2162 4282 2290 4323 vero
2317 4267 2573 4337 virginem
2599 4308 2614 4333 ,
2642 4268 2849 4323 virtutis
2875 4285 2890 4334 ;
2922 4270 3046 4323 dum
3090 4269 3194 4324 hoc
3220 4269 3465 4325 obtinere
3493 4272 3581 4327 vi-

2015 4358 2164 4413 ribus
2192 4358 2340 4428 virgo
2367 4360 2553 4414 nititur
2582 4374 2702 4413 cum
2739 4361 2908 4429 gratia
2928 4401 2945 4428 ,
2987 4360 3130 4430 quod
3171 4359 3331 4416 habet
3365 4361 3586 4431 angelus

2016 4463 2046 4502 a
2076 4460 2295 4517 natura,
2329 4458 2612 4520 utrumque
2640 4459 2813 4505 tamen
2845 4460 2901 4507 et
2939 4465 3058 4507 esse
3087 4451 3342 4521 virginem
3369 4452 3453 4508 vel
3494 4467 3588 4509 an-

2017 4543 2225 4611 gelum,
2273 4542 2437 4597 divini
2480 4544 2719 4598 muneris
2764 4551 2849 4598 est
2891 4541 3162 4611 cilicium,
3200 4558 3306 4599 non
3346 4543 3586 4601 humani.

346 4646 568 4692 ventum
608 4612 724 4706 ejus
765 4612 1047 4707 paenitenti
1080 4612 1243 4693 corde
1288 4612 1614 4694 voluerimus
1657 4638 1911 4709 ﬂagitare.
1945 4612 1996 4673 Ῑ)
2019 4634 2151 4698 Ave,
2185 4634 2386 4703 inquit,
2415 4635 2583 4704 gratia
2611 4634 2782 4704 plena.
2824 4634 2890 4689 Et
2929 4636 3062 4692 bene
3101 4637 3289 4705 plena,
3318 4638 3439 4708 quia
3478 4652 3602 4694 ea».

348 4727 542 4784 Procul
592 4728 757 4784 dubio
797 4729 1096 4785 videbimus
1135 4730 1392 4785 auxilium
1439 4732 1555 4799 ejus
1598 4746 1758 4800 super
1787 4745 1921 4799 nos,-

347 4820 470 4891 quia
511 4820 693 4876 multae
723 4829 847 4876 sunt
876 4821 1248 4878 miserationes
1273 4822 1392 4892 ejus
1411 4863 1426 4888 ,
1456 4830 1511 4877 et
1541 4823 1723 4877 multae
1753 4824 1918 4878 mise—

348 4911 594 4966 ricordia:
622 4909 871 4966 omnibus
900 4911 1271 4967 invocantibus
1303 4929 1441 4968 eam.
1473 4914 1554 4968 Sit
1581 4928 1773 4968 nomen
1804 4914 1920 4983 ejus

349 5002 686 5059 benedictum
716 5002 771 5057 in
801 5003 991 5058 smcula
1021 5004 1367 5073 sempiterna.
1420 5005 1740 5061 Benedictus
1784 5007 1921 5062 Deus

348 5099 401 5153 in
425 5097 767 5153 multitudine
792 5096 1173 5152 misericordiae
1197 5112 1331 5164 sum,
1361 5098 1451 5168 qui
1483 5110 1590 5153 tam
1622 5109 1919 5168 potentem,

349 5198 457 5245 tam
497 5189 929 5255 misericordem,
966 5197 1069 5242 tam
1114 5188 1427 5244 familiarem
1469 5204 1584 5245 sua:
1618 5191 1920 5259 majestati,

350 5284 504 5339 nobis
532 5282 586 5337 in
616 5288 845 5349 Sllpeﬂla
873 5280 1197 5336 curia'dedit
1224 5282 1554 5337 advocatam.
1599 5282 1708 5338 Deo
1738 5293 1922 5338 nostro

350 5376 423 5431 sit
455 5374 687 5445 jucunda
716 5374 1020 5442 decoraque
1047 5371 1287 5427 laudatio
1307 5414 1323 5441 ,
1354 5372 1405 5428 in
1452 5374 1647 5431 saecula
1685 5373 1924 5430 saeculo-

351 5482 489 5524 rum.
518 5467 711 5523 Amen.

883 5534 1158 5591 HOMILIA
1198 5527 1380 5591 XLVI.

756 5644 842 5684 us
903 5643 1170 5683 εουειί
1234 5616 1517 5683 Fesso.

422 5744 592 5801 Hodie
630 5758 862 5815 namque
889 5742 1121 5813 gloriosa
1153 5756 1366 5810 semper
1392 5744 1541 5811 virgo
1569 5741 1729 5797 Maria
1758 5741 1930 5833 caelos

353 5840 617 5909 ascendit.
649 5840 799 5915 Rogo
820 5878 837 5913 ,
866 5839 1126 5915 gaudete,
1162 5838 1287 5917 quia
1316 5846 1373 5913 ut
1402 5837 1474 5899 ita
1515 5838 1703 5911 fatear,
1733 5837 1922 5905 ineﬂ‘aa

2023 4727 2152 4781 teris
2183 4743 2273 4793 per
2305 4736 2484 4794 partes
2513 4736 2821 4797 praestatur,
2849 4728 3029 4784 Maria:
3052 4744 3180 4786 vero
3201 4730 3361 4786 simul
3389 4746 3449 4786 se
3480 4739 3588 4787 tota

2024 4816 2218 4871 infudit
2248 4817 2525 4889 plenitudo
2554 4820 2758 4889 gratiae.
2790 4819 2901 4876 Hoc
2925 4822 3118 4891 quippe
3146 4829 3229 4877 est
3251 4822 3391 4891 quod
3423 4822 3589 4878 David

2021 4908 2195 4977 canit,
2234 4909 2506 4964 Descendit
2536 4912 2666 4964 sicut
2692 4911 2864 4980 pluuia
2890 4912 2944 4966 in
2973 4911 3132 4967 vellus
3174 4909 3364 4983 (Psal.
3394 4926 3521 4966 Lxxt
3544 4911 3586 4983 ).

2025 5002 2210 5058 Velius
2254 5004 2435 5075 itaque
2472 5020 2592 5060 cum
2637 5006 2709 5060 sit
2745 5006 2817 5073 de,
2842 5018 3101 5073 corpore,
3140 5005 3310 5060 nescit
3350 5008 3589 5074 corporis

2025 5100 2368 5165 passionem;
2408 5096 2486 5152 sic
2525 5107 2580 5150 et
2622 5101 2803 5151 sancta
2829 5096 3108 5166 virginitas
3134 5109 3252 5151 cum
3282 5096 3354 5150 sit
3380 5096 3434 5151 in
3473 5110 3589 5151 car-

2025 5205 2094 5245 ne
2115 5232 2129 5257 ,
2163 5190 2287 5245 vitia
2316 5191 2494 5244 carnis
2527 5189 2715 5243 nescit.
2747 5187 2994 5243 Caelestis
3023 5186 3175 5255 plane
3205 5187 3373 5243 imber
3402 5190 3453 5243 in
3480 5189 3592 5243 vir-

2022 5283 2238 5353 gineum
2270 5282 2444 5335 vellus
2475 5278 2682 5348 placido
2712 5294 2770 5334 se
2800 5280 2993 5334 infudit
3020 5278 3240 5348 illapsu,
3270 5290 3325 5333 et
3365 5288 3468 5333 tota
3508 5279 3589 5333 di-

2024 5373 2260 5427 vinitatis
2286 5370 2427 5424 unda
2453 5386 2512 5425 sc
2541 5372 2763 5427 contulit
2807 5371 2859 5425 in
2904 5385 3087 5438 carne,
3118 5370 3328 5441 quando
3360 5369 3599 5429 Verbum

2024 5479 2147 5522 caro
2175 5463 2371 5518 factum
2401 5471 2483 5518 est
2500 5503 2515 5530 ,
2545 5477 2608 5518 ac
2634 5463 2829 5518 deinde
2856 5478 2948 5534 per
2971 5462 3148 5519 crucis
3178 5460 3472 5532 patibulum
3497 5475 3592 5516 cx-

2026 5570 2303 5627 pressum,
2353 5556 2510 5609 terris
2539 5555 2783 5611 omnibus
2814 5555 3043 5624 pluviam
3071 5554 3259 5611 salutis
3288 5552 3505 5616 effudit,
3536 5559 3593 5607 et

2022 5650 2287 5705 stillicidia
2309 5648 2493 5717 gratia:
2517 5648 2759 5703 humanis
2781 5648 3028 5718 prestitit
3046 5648 3327 5703 mentibus.
3343 5644 3592 5700 Dominus

2025 5752 2224 5806 tecum,
2255 5741 2441 5810 inquit.
2474 5741 2603 5797 Mira
2626 5756 2733 5798 res.
2764 5741 2831 5796 Et
2858 5742 2964 5811 jam
2990 5749 3107 5796 erat
3129 5754 3251 5803 cum
3276 5739 3480 5809 virgine
3502 5736 3593 5809 qui

2026 5837 2094 5923 ad
2122 5835 2382 5911 virginem
2409 5834 2650 5909 mittebat
2671 5834 2918 5921 angelum
2934 5873 2952 5907 ,
2967 5842 3033 5923 et
3055 5832 3327 5907 pratum“
3348 5831 3590 5914 nuntium
