4096 6346
504 378 645 439 Im

1345 377 1549 437 PAULI
1588 377 1863 436 DIACONI
1898 375 2051 435 OPP.
2090 374 2268 434 PARS
2304 377 2368 435 ll.
2409 407 2483 427 --
2519 376 2877 437 Αεειτιοι.

3505 376 3749 455 ,1560

507 517 657 559 suam
685 501 857 570 Deus,
884 500 983 556 sed
1009 512 1045 557 a
1071 499 1186 556 Deo
1211 514 1321 557 non
1347 503 1590 559 recessit.
1632 502 1739 557 Nec
1768 502 1936 558 teneri
1967 517 2065 571 po-
2096 505 2147 566 Α
2170 501 2292 570 quia
2324 500 2446 558 inde
2474 501 2566 556 tibi
2593 501 2915 570 promittitur
2939 497 3093 555 venia
3112 504 3167 555 et
3188 499 3435 558 omnibus
3453 511 3513 559 ut
3532 501 3741 561 laudes.

507 598 603 651 tuit
643 595 806 659 locis,
837 594 928 664 qui
968 594 1218 649 omnibus
1260 593 1484 649 habetur
1524 596 1575 648 in
1617 594 1786 659 locis,
1833 604 1886 648 et
1931 602 2074 648 totus

508 690 703 756 ubique
726 695 840 751 est,
871 687 991 740 sine
1017 699 1124 752 quo
1154 684 1285 738 nihil
1319 694 1512 739 totum.
1544 684 1684 754 Ergo
1717 685 1944 739 Verbum
1976 684 2076 738 Pa-

507 781 605 833 tris
642 793 909 848 nunquam
948 793 979 832 a
1016 777 1170 831 Patre
1207 776 1521 843 discedens,
1566 776 1726 831 homo
1775 791 1871 846 pro
1917 775 2074 830 nobis

508 871 620 923 tieri
652 870 899 939 dignatus
923 878 1035 932 est,
1064 878 1272 922 secreto
1298 882 1398 921 suo
1422 870 1678 938 mysterio
1703 883 1807 937 quo
1836 870 1951 937 ipse
1978 881 2076 921 uo-

510 965 603 1017 vit.
634 962 731 1028 Qui
762 962 1012 1030 quoniam
1047 969 1214 1014 totum
1242 961 1473 1028 suscepit
1501 960 1639 1030 quod
1683 969 1765 1014 est
1808 958 2038 1014 hominis
2060 999 2075 1024 ,

510 1050 670 1105 homo
699 1062 840 1105 totus
864 1060 975 1114 est,
1002 1059 1057 1104 et
1084 1059 1250 1105 totum
1285 1051 1520 1106 retinens
1546 1050 1686 1119 quod
1713 1051 1804 1105 Dei
1831 1059 1935 1116 est,
1961 1066 2079 1104 om-

510 1142 641 1195 nino
664 1142 859 1211 aliquid
888 1143 1032 1196 aliud
1058 1157 1215 1211 quam
1245 1142 1386 1196 Deus
1409 1143 1496 1211 qui
1521 1153 1674 1196 natus
1696 1153 1777 1197 est
1799 1158 1862 1197 es
1891 1142 2073 1208 Maria,

510 1248 632 1288 esse
677 1250 779 1287 non
821 1234 1008 1303 potuit.
1050 1234 1165 1289 Scit
1206 1234 1347 1288 enim
1385 1235 1521 1289 Deus
1564 1236 1738 1289 omnia
1781 1246 1834 1289 ει
1881 1244 2076 1304 potest.

514 1324 799 1392 Propterea
822 1326 943 1394 quia
968 1327 1037 1378 ita
1062 1334 1146 1378 est
1165 1366 1179 1390 ,
1205 1327 1355 1379 scivit
1379 1339 1436 1379 se
1458 1336 1511 1380 et
1534 1329 1700 1395 potuit
1724 1327 1776 1381 in
1804 1340 1953 1382 utero
1976 1330 2080 1382 vir-

510 1417 649 1485 ginis
667 1417 783 1471 sine
806 1418 884 1470 sui
909 1419 1254 1486 corruptione
1280 1418 1489 1473 misceri
1514 1428 1671 1487 atque
1696 1421 1853 1485 uniri,
1870 1428 1925 1474 ut
1946 1435 2080 1474 unus

460 1571 465 1586 Ι
511 1518 654 1563 esset
678 1494 921 1564 Christus
950 1509 1089 1563 Deus
1117 1520 1172 1564 et
1211 1511 1404 1575 homo,
1443 1526 1543 1563 una
1577 1526 1832 1578 persona,
1873 1527 2083 1582 unaque

460 1631 469 1669 ;
513 1601 830 1656 substantia.
858 1602 941 1656 0h
965 1603 1106 1671 quod
1139 1603 1231 1657 Dei
1263 1605 1491 1673 genitrix
1521 1606 1688 1659 electa
1717 1614 1771 1659 et
1802 1605 2081 1674 prteelecta

460 1700 467 1707 '
508 1694 628 1766 jure
662 1695 730 1751 ab
758 1699 948 1766 angelo
986 1701 1152 1768 gratia
1179 1701 1440 1754 salutatur
1479 1708 1531 1755 et
1562 1702 1880 1770 praedicatur
1906 1705 2079 1773 plena.

2176 593 2423 662 Alioquin
2466 593 2567 649 nisi
2600 593 2751 663 juxta
2795 592 3068 646 modulum
3114 592 3312 662 ingenii
3360 596 3527 649 nostri
3575 595 3743 653 Deum

2174 682 2393 739 laudare
2431 682 2486 738 in
2525 683 2727 739 sanctis
2768 681 2880 737 suis
2920 682 3261 751 studeamus,
3303 684 3574 751 quomodo
3618 702 3745 744 eum

2175 777 2467 832 secundum
2490 777 2629 847 quod
2654 779 2909 839 canimus,
2937 774 3083 845 juxta
3112 775 3506 832 multitudinem
3538 780 3749 849 magni-

2177 869 2374 922 tudinis
2402 869 2518 938 ejus
2553 868 2769 923 laudare
2807 866 3130 935 poterimus?
3163 866 3392 922 Omnino
3429 872 3749 938 prtetcruiit-

2179 960 2395 1016 tendum
2442 976 2546 1015 non
2587 970 2669 1016 est
2714 961 2853 1029 quod
2898 958 3164 1027 impleturi
3208 973 3390 1016 sumus
3429 963 3753 1031 quandoque

2178 1054 2317 1122 quod
2357 1052 2549 1109 dicitur
2591 1071 2604 1106 :
2649 1052 2795 1106 Beati
2834 1053 2920 1122 qui
2959 1053 3188 1106 habitant
3226 1056 3279 1106 in
3310 1055 3464 1107 domo
3498 1063 3608 1125 tua,
3643 1056 3753 1111 Do-

2178 1146 2332 1213 mine,
2358 1147 2409 1198 in
2424 1144 2612 1199 secula
2633 1144 2934 1199 “sculorum
2957 1144 3235 1199 laudabunt
3257 1156 3302 1199 te
3318 1145 3483 1215 (Paul.
3501 1150 3751 1218 uuln).

2179 1236 2328 1303 Quod
2360 1251 2487 1290 voce
2517 1251 2622 1289 non
2648 1248 2953 1304 possumus,
2982 1249 3079 1290 nec
3104 1234 3343 1290 facundia
3369 1238 3629 1302 valemus,
3659 1253 3761 1293 ex-

2179 1343 2465 1399 sequamur
2490 1328 2630 1382 votis
2656 1335 2711 1382 et
2752 1327 3001 1382 medullis
3039 1327 3247 1393 cordis,
3285 1328 3408 1397 quia
3452 1343 3679 1397 magnus
3701 1337 3759 1384 et

2182 1419 2353 1476 bonus
2383 1426 2465 1475 est
2490 1429 2647 1488 atque
2678 1419 2968 1473 immensus
2988 1456 3001 1480 ,
3029 1426 3217 1487 tantus
3233 1432 3296 1473 ac
3321 1419 3440 1473 talis
3458 1460 3474 1481 ,
3497 1429 3757 1488 quantum

2183 1519 2238 1566 et
2265 1512 2473 1579 qualem
2512 1512 2624 1581 ipse
2668 1510 2841 1573 novit,
2870 1522 2964 1563 ore
2999 1517 3056 1563 et
3084 1511 3272 1578 splritu
3299 1508 3650 1564 conﬁteamur
3681 1510 3755 1566 ad

2179 1601 2437 1671 justitiam
2467 1611 2521 1656 et
2550 1602 2794 1656 salutem.
2828 1600 2960 1655 Ilinc
2982 1613 3114 1669 rogo
3138 1613 3325 1654 omnes
3341 1601 3539 1669 pariter
3552 1601 3761 1655 festivi-

2186 1700 2344 1747 tatem
2385 1692 2629 1761 gloriosa:
2675 1705 2885 1760 semper
2925 1689 3146 1759 virginis
3190 1689 3367 1744 Mariae
3408 1690 3762 1749 devotissime

516 1788 653 1844 Vere
688 1790 876 1859 plena,
918 1806 1012 1857 per
1048 1807 1204 1861 quam
1248 1795 1395 1862 largo
1434 1793 1604 1848 sancti
1644 1795 1875 1863 Spiritus
1913 1795 2082 1850 imbre

2186 1785 2542 1851 celebremus,
2584 1785 2709 1855 quia
2747 1785 2860 1839 hcc
2895 1793 2979 1839 est
3014 1783 3129 1839 dies
3165 1784 3308 1839 omni
3349 1785 3551 1841 seculo
3592 1801 3765 1843 vene-

510 1879 788 1946 auperl‘usa
820 1893 902 1938 est
932 1884 1105 1938 omnis
1126 1894 1390 1939 creatura.
1426 1885 1491 1937 Et
1527 1884 1644 1939 ideo
1681 1886 1813 1939 satis
1838 1901 1953 1941 eam
1986 1888 2083 1942 de-
2118 1868 2162 1927 Β
2190 1876 2386 1941 fanda.
2420 1877 2471 1931 in
2501 1892 2602 1946 qua
2633 1877 2828 1931 ιιιετυῖι
2869 1875 3092 1931 “amri
3132 1889 3293 1946 "ipe"
3318 1876 3514 1932 Chor“
3541 1878 3766 1947 ³η8ε¹⁰⁶

511 1972 786 2027 votissime
824 1975 1049 2041 primmu
1085 1978 1305 2046 angelus
1336 1988 1617 2031 veneratur
1650 1990 1699 2031 et
1735 1978 1948 2032 salutat.
1991 1980 2088 2033 Mi-

513 2073 660 2119 ratur
682 2066 857 2136 itaque
884 2077 937 2121 et
970 2069 1082 2139 ipse
1111 2069 1281 2138 qualis
1323 2080 1408 2122 aut
1438 2079 1630 2138 quanta
1662 2071 1732 2124 sit
1759 2086 1914 2140 quam
1946 2072 2087 2125 salu-

513 2161 607 2208 tat.
649 2154 762 2209 Non
793 2157 933 2211 enim
974 2159 1217 2227 simplex,
1252 2160 1440 2224 fateor,
1469 2160 1552 2215 vel
1589 2170 1837 2216 consueta
1879 2163 1969 2216 fuit
1998 2163 2086 2217 illa

513 2244 801 2311 salutatio,
841 2248 937 2303 sed
979 2251 1122 2304 omni
1169 2250 1521 2306 admiratione
1562 2252 1737 2322 digna.
1777 2252 1833 2307 Si
1874 2251 2084 2321 quidem

512 2339 875 2394 venerationis
904 2340 999 2397 fuit
1027 2341 1221 2397 delatio
1240 2384 1254 2406 ,
1287 2344 1488 2396 oblatio
1515 2344 1773 2407 muneris,
1801 2343 2088 2399 famulatus

514 2425 757 2495 obsequii
790 2445 802 2479 :
837 2429 959 2498 quia
988 2439 1043 2484 et
1071 2431 1113 2484 si
1146 2432 1197 2484 in
1236 2433 1433 2486 sanetis
1462 2432 1706 2486 Patribns
1732 2441 1787 2486 et
1819 2434 2089 2502 pr0phetis

514 2519 685 2586 gratia
727 2519 889 2575 fuisse
924 2522 1181 2585 creditur,
1215 2537 1319 2576 non
1351 2534 1525 2578 tamen
1566 2536 1786 2579 eatenus
1827 2524 1999 2593 plena.
2033 2525 2089 2580 In

514 2609 730 2665 Mariam
759 2626 889 2668 vero
915 2618 1072 2670 totius
1110 2616 1296 2686 gratiae
1326 2633 1443 2687 qua!
1488 2620 1539 2672 in
1571 2618 1782 2673 Christo
1819 2626 1933 2685 est,
1972 2619 2085 2686 ple-

515 2703 704 2758 nitudo
729 2705 893 2772 venit,
924 2722 1225 2778 quanquam
1253 2712 1424 2765 aliter.
1462 2712 1523 2765 Et
1552 2711 1691 2775 ideo,
1717 2712 1908 2781 inquit,
1944 2712 2093 2765 bene-

515 2792 653 2847 dicta
683 2804 738 2848 tat
773 2797 904 2850 inter
930 2800 1192 2865 mulieres,
1232 2800 1284 2854 id
1316 2811 1396 2855 est
1418 2842 1431 2866 ,
1464 2804 1580 2871 plus
1616 2803 1891 2857 benedicta
1931 2820 2089 2871 quam

515 2897 702 2943 Otones
732 2887 1001 2943 mulieres.
1036 2889 1114 2944 Ac
1150 2907 1243 2960 per
1275 2893 1375 2946 hoc
1413 2894 1662 2961 quidquid
1703 2894 2091 2949 maledictionis

513 2973 749 3029 iufusttm
773 2985 859 3032 est
885 2993 979 3046 per
1010 2981 1194 3048 Evam,
1224 2989 1391 3034 totqu
1424 2983 1639 3037 abstulit
1665 2983 1965 3039 benedictio
1984 2985 2093 3039 Ma-

512 3066 628 3119 riau
667 3064 889 3137 Insuper
915 3077 971 3124 et
999 3073 1220 3141 gratiam
1265 3072 1455 3127 refudit
1482 3070 1680 3129 Christi
1717 3085 1897 3141 ortus,
1932 3092 2089 3146 quam

514 3167 619 3208 non
648 3154 831 3211 habuit
861 3162 1010 3227 prius
1039 3162 1214 3216 omnis
1253 3166 1500 3218 mundus.
1545 3166 1706 3234 igitur
1731 3167 1870 3236 quod
1904 3177 2090 3222 natura

513 3260 620 3301 non
650 3245 855 3314 habuit,
883 3266 1012 3306 usus
1043 3255 1285 3320 nescivit,
1318 3256 1579 3324 ignoravit
1604 3259 1756 3322 ratio,
1801 3274 1951 3313 mens
1983 3274 2088 3314 non
2116 3219 2165 3283 ο

514 3338 656 3406 cepit
684 3339 951 3410 humana,
983 3354 1137 3411 pavet
1168 3347 1363 3401 cadum
1383 3387 1400 3415 ,
1429 3357 1603 3416 stupet
1642 3358 1778 3404 terra
1799 3390 1815 3416 ,
1847 3361 2089 3407 creatura

514 3431 693 3485 munia
724 3434 885 3486 etiarn
915 3436 1151 3517 celestis
1194 3441 1434 3494 miratur.
1469 3442 1579 3496 Hoc
1627 3452 1793 3498 totum
1830 3454 1911 3498 est
1949 3446 2091 3514 quod

516 3541 617 3595 per
663 3525 965 3583 Gabrielem
1016 3530 1192 3587 Maria:
1252 3534 1504 3589 divinitus
1557 3539 1852 3603 nuntiatur,
1900 3547 1953 3593 et
1998 3554 2090 3607 per

513 3613 789 3672 Glirhtum
815 3619 1153 3689 adimpletur.
1180 3622 1295 3691 Qua
1315 3625 1382 3681 de
1411 3641 1591 3695 causa,
1618 3631 1685 3683 de
1715 3630 1802 3681 tali
1837 3637 2091 3698 tantoque

514 3708 656 3778 loqui
696 3726 781 3765 me
817 3710 1091 3783 indignum
1131 3714 1317 3771 fateor.
1362 3718 1465 3775 Sed
1502 3728 1557 3773 et
1595 3729 1720 3789 puto
1746 3721 1887 3790 quod
1934 3734 2091 3776 nemo

515 3814 822 3873 prcsuinat,
856 3806 956 3863 nisi
986 3808 1077 3877 qui
1100 3820 1292 3879 quanta
1324 3810 1425 3866 sint
1452 3828 1570 3882 qua:
1597 3813 1910 3881 panduntur,
1941 3812 2091 3881 peni-

515 3901 601 3949 tus
628 3894 851 3965 ignorat.
903 3897 1209 3955 Tamenetsi
1253 3902 1320 3957 ad
1361 3905 1472 3957 hate
1508 3918 1663 3958 nemo
1697 3902 1916 3957 idoneus
1945 3905 2090 3958 inve-

515 3988 676 4052 nitur,
711 3989 847 4043 vutis
879 3998 1052 4044 tamen
1084 3992 1331 4047 erunibus
1366 4007 1578 4049 cessare
1611 4010 1715 4048 non
1743 3994 1899 4048 debet
1931 3995 2090 4062 quili-

514 4081 603 4135 bet
630 4080 792 4136 etiam
823 4090 1068 4151 peccator
1106 4098 1134 4136 a
1178 4084 1441 4147 laudibus,
1475 4088 1712 4155 quamvis
1741 4089 1953 4153 explere
1982 4100 2088 4141 nou

513 4181 673 4242 queat
715 4175 855 4241 quod
899 4175 1149 4231 sentitur.
1203 4176 1353 4231 Unde
1398 4191 1575 4231 εει-ιιιο
1613 4177 1823 4230 divinus
1858 4192 1978 4232 cum
2022 4177 2089 4233 de

512 4275 795 4332 peccatore
834 4278 1017 4337 ageret
1065 4269 1115 4322 in
1162 4269 1386 4325 Psalmis
1438 4289 1451 4323 :
1498 4272 1850 4341 Sacriﬁcium,
1894 4274 2086 4342 inquit,

513 4355 684 4409 laudis
712 4358 1071 4428 honoriﬁca“:
1106 4376 1205 4425 me,
1250 4362 1491 4430 protinus
1532 4363 1749 4432 addidit,
1779 4374 1831 4417 et
1858 4365 1969 4419 illic
1996 4368 2091 4420 iter

510 4462 609 4517 quo
649 4450 907 4504 ostendam
951 4451 1030 4505 illi
1070 4457 1295 4508 salutare
1329 4452 1427 4508 Dei
1469 4453 1648 4526 (Psal.
1704 4457 1890 4526 am).
1929 4455 2007 4512 Ac
2043 4459 2088 4513 si

515 4548 758 4606 patenter
783 4542 967 4597 dicat:
994 4544 1098 4599 illic
1128 4546 1233 4600 iter
1268 4558 1349 4602 est
1377 4547 1545 4603 laudis
1582 4547 1647 4601 ad
1683 4560 1935 4603 mternain
1977 4550 2089 4604 lau-

512 4629 637 4683 dem
663 4631 780 4684 sine
798 4631 902 4686 fine
925 4649 1249 4705 mansuram,
1276 4639 1368 4693 sed
1392 4656 1543 4694 nemo
1563 4642 1912 4709 apprehendit
1936 4643 2085 4709 illud,

513 4720 614 4775 nisi
636 4735 736 4790 ego
761 4735 1266 4791 prtemonstravere.
1292 4729 1602 4801 Propterea,
1621 4732 1944 4797 charissimi,
1966 4734 2088 4803 quia

512 4808 614 4866 iter
640 4812 828 4866 salutis
857 4826 1055 4871 nostra:
1081 4817 1132 4872 in
1164 4818 1406 4874 laudibus
1436 4832 1519 4877 est
1545 4823 1867 4888 Salvatoris,
1906 4822 2089 4877 hortor

513 4916 607 4961 vos
625 4912 679 4958 et
697 4918 1033 4977 commoneo,
1067 4910 1118 4965 in
1148 4911 1249 4967 hac
1278 4926 1426 4967 sacra
1454 4915 1789 4967 solemnitate
1815 4914 2089 4984 genitricis

511 4991 605 5051 Dei
637 4995 813 5052 Maria:
851 4999 1013 5056 nolite
1052 5017 1265 5058 cessare
1295 5020 1323 5057 a
1361 5003 1625 5058 laudibus.
1668 5003 1817 5069 Quod
1853 5004 1897 5058 si
1937 5005 2086 5074 virgo

510 5098 604 5151 es,
644 5087 817 5155 gaude
850 5089 989 5157 quod
1037 5093 1277 5145 meruisti
1316 5103 1370 5146 et
1411 5102 1463 5146 tu
1508 5106 1629 5147 esse
1664 5093 1803 5161 quod
1845 5091 2029 5148 laudas
2072 5111 2085 5149 :

510 5185 714 5232 tantum
745 5192 875 5233 cura
904 5189 959 5235 ut
985 5182 1060 5235 sis
1089 5196 1209 5252 quas
1232 5184 1388 5252 digne
1413 5183 1617 5239 laudari
1650 5184 1840 5253 possis.
1864 5184 2015 5253 Quod
2045 5186 2090 5243 si

508 5270 788 5323 continens
826 5280 881 5325 ει
921 5280 1065 5327 casta
1116 5289 1206 5340 es,
1245 5290 1503 5330 venerare
1531 5285 1585 5330 et
1616 5276 1787 5343 tauda,
1822 5276 1942 5345 quia
1986 5293 2089 5334 non

508 5359 725 5415 aliunde
753 5371 961 5416 constat
988 5374 1045 5418 ut
1074 5367 1249 5430 possis
1278 5382 1397 5423 esse
1424 5377 1568 5422 casta
1588 5412 1601 5434 ,
1635 5385 1789 5439 quam
1828 5371 1894 5426 de
1920 5372 2088 5442 gratia

506 5449 737 5517 Christi,
769 5466 887 5521 qua:
915 5452 1013 5507 fuit
1043 5457 1354 5525 plenissime
1393 5461 1443 5514 in
1488 5460 1645 5514 Maria
1684 5475 1840 5530 quam
1880 5462 2082 5517 laudas.

509 5539 659 5606 θποά
685 5544 729 5596 8i
755 5545 1033 5617 cmtjugata
1065 5562 1123 5605 es
1146 5562 1292 5608 certe
1316 5565 1401 5607 aut
1430 5555 1712 5623 peccatrix,
1745 5556 2085 5611 nihilominus

508 5633 762 5691 conﬁtere
789 5648 844 5691 et
875 5639 1053 5710 lauda,
1079 5644 1331 5713 quoniam
1366 5646 1490 5700 inde
1518 5646 1875 5703 misericordia
1906 5650 2084 5702 omni-

509 5719 610 5777 Dus
647 5728 894 5794 proﬂuxit
914 5743 968 5788 et
995 5737 1159 5805 gratia
1186 5745 1243 5789 ut
1271 5737 1502 5791 laudent.
1534 5738 1600 5791 Et
1619 5742 1859 5808 quamvis
1882 5757 1984 5794 non
2014 5740 2085 5793 sit

509 5824 759 5895 speciosa
781 5828 897 5887 laus
924 5831 979 5890 in
1009 5848 1105 5893 ore
1132 5837 1446 5907 peccatoris,
1475 5835 1586 5896 noli
1604 5849 1821 5898 cessare
1842 5852 1874 5897 a
1897 5837 2082 5910 laude,

2184 1985 2325 2034 rum,
2351 1976 2407 2024 et
2436 1969 2715 2037 pervenire
2744 1968 2879 2023 ultra
2905 1983 3065 2038 quam
3088 1978 3286 2022 nostra
3311 1966 3658 2023 humanitatis
3682 1978 3767 2024 est

2185 2069 2395 2114 natura.
2444 2058 2541 2113 Ubi
2581 2073 2684 2113 non
2730 2059 3024 2114 substantia
3059 2058 3282 2121 tollitur,
3308 2060 3400 2113 sed
3434 2059 3620 2127 gloria!
3652 2073 3769 2113 ma-

2184 2151 2401 2221 gnitudo
2439 2160 2783 2206 munstratur.
2830 2153 3084 2206 Elevatur
3132 2153 3186 2207 in
3235 2151 3513 2207 dexteram
3568 2152 3763 2216 Patris,

2187 2243 2273 2297 ubi
2316 2244 2558 2298 Christus
2607 2259 2703 2310 pro
2751 2243 2899 2298 nobis
2950 2244 3151 2299 introiit
3199 2244 3443 2315 pontifex
3494 2246 3665 2297 factus
3711 2244 3769 2299 in

2186 2344 2443 2390 aeternum
2474 2335 2537 2387 ad
2569 2334 2689 2389 coeli
2722 2334 2992 2403 palatium.
3025 2336 3146 2389 Haec
3169 2343 3271 2399 est,
3301 2336 3532 2403 inquam,
3565 2334 3679 2388 dies
3709 2336 3767 2389 in

2188 2439 2294 2495 qua
2326 2440 2495 2495 usque
2523 2426 2587 2478 ad
2618 2425 2790 2479 throni
2833 2425 3199 2480 celsitudinem
3244 2428 3547 2481 intemerata
3586 2437 3766 2481 mater

2187 2529 2240 2573 et
2275 2521 2425 2588 virgo
2462 2522 2748 2589 processit,
2796 2527 2957 2590 atque
2994 2520 3043 2575 in
3081 2520 3228 2585 regni
3276 2520 3412 2575 solio
3453 2521 3768 2587 sublimata,

2190 2617 2307 2676 post
2354 2611 2621 2663 Christum
2668 2610 2892 2681 gloriosa
2943 2611 3160 2666 residet.
3209 2610 3298 2666 Sic
3348 2613 3531 2681 utique
3572 2612 3773 2681 ubique

2187 2703 2520 2757 confidenter
2544 2716 2723 2756 sancta
2764 2703 2858 2758 Dei
2878 2702 3020 2758 canit
3051 2704 3321 2771 Ecclesia,
3353 2705 3492 2775 quod
3524 2705 3594 2759 de
3624 2707 3777 2759 nullo

2188 2794 2297 2848 alio
2332 2804 2638 2849 sanctorum
2683 2795 2759 2849 fas
2788 2804 2869 2850 est
2908 2795 3130 2852 credere
3152 2838 3164 2859 ,
3197 2805 3254 2850 ut
3289 2797 3423 2850 ultra
3456 2798 3774 2866 angelorum

2189 2885 2273 2940 vel
2306 2886 2748 2953 archangelorum
2791 2887 2976 2940 merita
3022 2887 3439 2953 transcenderit,
3475 2888 3600 2955 quia
3636 2896 3695 2942 et
3728 2889 3773 2942 si

2189 2977 2479 3032 similitudo
2509 2980 2897 3046 repromittitur
2923 2981 3142 3044 sanctis,
3175 2978 3370 3033 veritas
3397 2988 3581 3034 tamen
3613 2995 3775 3049 nega-

2192 3078 2299 3124 tur.
2330 3070 2440 3124 Iloc
2469 3071 2663 3139 quippe
2689 3070 3021 3140 privilegium
3049 3084 3153 3125 non
3179 3080 3379 3125 natura:
3401 3080 3506 3135 est,
3530 3072 3626 3125 sed
3656 3086 3775 3137 gra-

2195 3163 2280 3215 tiae
2312 3162 2478 3217 beata:
2506 3163 2725 3233 virginis
2754 3162 2954 3229 Mariae,
2978 3162 3047 3217 de
3074 3178 3175 3235 qua
3204 3172 3360 3218 natus
3382 3172 3466 3218 est
3492 3163 3612 3233 ipse
3636 3163 3777 3217 Deus

2194 3265 2247 3312 et
2277 3256 2457 3311 homo.
2488 3257 2692 3312 Idcirco
2717 3265 2770 3312 et
2798 3258 2911 3327 ipsa
2941 3257 3058 3327 plus
3085 3266 3169 3312 est
3197 3258 3428 3326 meritis,
3456 3267 3512 3311 et
3542 3271 3650 3311 non
3682 3272 3777 3310 na-

2196 3357 2332 3412 tura,
2363 3364 2520 3417 quam
2542 3349 2691 3419 virgo
2713 3357 2767 3403 et
2792 3348 2971 3403 homo.
3002 3348 3152 3403 Unde
3173 3350 3274 3403 etsi
3299 3360 3510 3403 caetera
3540 3348 3775 3417 virgines

2193 3437 2468 3493 imitantur
2496 3439 2637 3493 illam
2669 3454 2835 3508 usque
2873 3438 2940 3492 ad
2978 3449 3295 3505 conceptum
3337 3449 3554 3507 partus,
3586 3450 3639 3493 ct
3668 3436 3760 3493 Ga-

2192 3527 2378 3583 brielis
2426 3544 2576 3582 nova:
2612 3528 2947 3585 salutationis
2992 3530 3337 3599 obsequium,
3379 3529 3639 3599 deinceps
3686 3536 3773 3582 to-

2192 3627 2303 3674 tum
2333 3619 2571 3674 divinum
2598 3630 2682 3675 est
2709 3621 2853 3692 quod
2895 3629 3149 3691 operatur
3175 3622 3229 3674 in
3256 3637 3351 3687 ea,
3382 3629 3516 3676 teste
3549 3620 3763 3688 angelo,

2193 3711 2315 3781 quia
2349 3712 2550 3781 Spiritu
2587 3720 2777 3767 sancto
2800 3722 2857 3768 ει
2888 3715 3087 3767 virtute
3111 3712 3371 3768 Altissimi
3396 3711 3765 3767 obs-bratur.

2192 3805 2330 3859 Ante
2361 3804 2462 3860 hoc
2495 3805 2667 3875 ipsum
2704 3820 2835 3861 sane
2865 3815 3048 3861 uterus
3072 3805 3252 3861 Mariae
3279 3804 3498 3875 virginis
3524 3805 3775 3872 quamv'l

2192 3899 2440 3966 mundus,
2471 3902 2713 3969 quamvis
2744 3899 3053 3969 impollutus
3079 3908 3133 3956 ει
3162 3900 3370 3955 alienus
3392 3914 3423 3953 ι
3451 3898 3777 3967 contagione

2191 3991 2431 4062 peccati,
2465 3992 2707 4060 quamvis
2744 4001 2991 4060 sanctus,
3018 4000 3195 4048 tamen
3228 3993 3401 4047 adhuc
3437 3992 3649 4046 vilitate
3676 3990 3759 4045 bu

2194 4083 2466 4137 manitatis
2498 4084 2732 4137 indultur
2759 4088 2841 4149 (ut
2870 4085 2939 4138 ita
2964 4084 3161 4154 dicam)
3190 4100 3252 4140 ac
3277 4085 3324 4138 si
3353 4086 3472 4138 lana
3499 4083 3767 4138 candidis-

2192 4178 2358 4242 sima,
2395 4176 2585 4244 suique
2623 4175 2818 4231 coloris
2856 4177 3121 4231 dealbata.
3167 4177 3246 4231 Ad
3282 4191 3441 4245 quam
3478 4191 3613 4231 sane
3651 4190 3773 4231 ea.

2194 4268 2421 4322 accessit
2450 4266 2681 4335 Spiritus
2707 4277 2945 4332 sanctus,
2971 4270 3091 4338 quia
3115 4269 3158 4323 si
3185 4269 3297 4336 ipsa
3325 4270 3624 4338 eademque
3654 4269 3771 4322 lana

2194 4358 2426 4413 inficitur
2460 4357 2718 4423 sanguine
2745 4358 3012 4429 conchylii
3051 4358 3133 4413 Vel
3174 4359 3429 4423 muricis,
3466 4359 3695 4413 vertitur
3719 4358 3771 4412 is

2195 4463 2503 4517 purpuram,
2530 4463 2681 4505 versa
2711 4457 2792 4503 est
2821 4456 2875 4502 et
2901 4449 3012 4517 ipsa
3043 4446 3159 4504 sine
3183 4450 3331 4503 coitu
3356 4447 3409 4501 in
3438 4456 3691 4511 matrem,
3714 4454 3768 4501 ut

2194 4556 2299 4595 non
2331 4541 2400 4596 sit
2433 4543 2543 4610 jam
2570 4543 2765 4596 amodo
2792 4540 2931 4612 quod
2963 4541 3162 4609 fuerat,
3206 4541 3299 4597 sed
3339 4555 3573 4609 purpura
3602 4540 3755 4595 veris

2118 4607 2168 4665 θ
2191 4634 2323 4687 sima
2356 4607 2823 4688 adiindumentum-
2843 4643 2897 4688 et
2925 4607 3156 4704 gloriam
3181 4607 3372 4686 sumini
3402 4607 3545 4702 regis
3573 4631 3743 4686 divini

2193 4733 2277 4778 tus
2309 4724 2581 4791 aptissime
2618 4723 2857 4778 dedicata
2882 4763 2898 4791 ,
2929 4732 2985 4777 ut
3023 4723 3149 4778 nulli
3175 4722 3431 4792 deinceps
3456 4737 3521 4777 ea
3550 4723 3627 4776 uti
3672 4736 3769 4776 uss

2188 4813 2421 4870 femineo
2460 4815 2699 4877 licuerit,
2741 4818 2839 4871 nisi
2882 4816 3009 4871 Deo.
3051 4817 3289 4885 Quippe,
3342 4825 3399 4870 ut
3435 4815 3507 4869 ita
3555 4814 3769 4883 loquar,

2190 4906 2341 4961 beata
2371 4915 2425 4961 et
2452 4909 2683 4975 gloriosa
2710 4909 2861 4979 virgo
2892 4909 3076 4975 Maria,
3106 4921 3175 4963 eo
3204 4906 3364 4961 modo
3390 4906 3637 4974 quamvis
3667 4905 3767 4958 ἀι-

2189 4999 2316 5051 dum
2365 4998 2799 5073 incomparabilis
2843 5014 2965 5054 esse
3006 4998 3272 5054 universis
3316 5012 3437 5065 qua:
3478 4998 3583 5051 sub
3629 4996 3766 5051 curis

2187 5098 2314 5145 sunt
2356 5090 2650 5161 virginibus
2688 5095 3085 5160 comprobetur,
3128 5100 3183 5146 ut
3222 5091 3474 5146 decenter
3508 5088 3679 5160 possit
3714 5088 3767 5141 ι-

2187 5194 2249 5237 se
2285 5183 2562 5253 suscipere
2598 5182 2891 5238 divinitatis
2930 5184 3302 5239 admistionem
3344 5180 3492 5238 salva
3541 5190 3764 5250 atraque

2186 5285 2398 5341 natura,
2432 5258 2747 5331 tamencum
2778 5278 2949 5347 gratia
2974 5276 3229 5347 repletur,
3262 5290 3382 5330 cum
3413 5274 3625 5344 Spiritu
3644 5286 3763 5328 saa-

2186 5377 2275 5422 cto
2311 5368 2662 5447 perfunditur,
2710 5383 2834 5424 cum
2875 5371 3073 5424 virtute
3101 5368 3357 5423 Altissimi
3386 5366 3763 5431 obumbratur,

2189 5461 2247 5516 fit
2277 5464 2563 5533 pretiosior
2593 5465 2829 5530 meritis,
2866 5464 3022 5519 celsis
3049 5463 3327 5517 sublimior
3356 5459 3618 5529 fastigiis,
3649 5458 3763 5527 pui-

2188 5555 2368 5609 chrior
2397 5555 2697 5621 sanctitate,
2722 5555 3005 5624 gloriosior
3025 5568 3241 5609 suorum
3266 5551 3637 5621 praerogativis
3658 5563 3759 5604 me-

2189 5652 2408 5702 ritorum
2434 5690 2449 5714 ,
2478 5648 2548 5702 ita
2588 5657 2644 5702 ut
2683 5647 2841 5701 nullis
2865 5646 2972 5716 jam
3012 5644 3195 5701 usibus
3224 5644 3295 5697 sit
3321 5644 3437 5711 ipsa
3466 5641 3759 5711 eademque

2187 5740 2539 5811 mancipamla
2567 5741 2667 5796 nisi
2699 5740 2914 5795 divinis.
2943 5738 3123 5802 Unde,
3159 5752 3193 5793 ο
3218 5735 3570 5791 sactissima
3596 5733 3756 5802 virgi-

2185 5849 2305 5905 nes,
2332 5846 2386 5892 et
2412 5836 2457 5891 si
2485 5833 2679 5890 imitari
2717 5838 3161 5905 oportet/tantam
3190 5844 3257 5889 ac
3281 5828 3442 5889 taleas
3467 5828 3760 5899 virginem.
