4096 6346
347 326 485 393 1501

1324 309 1905 386 ηοωιιωιυεέὶῖ
1928 321 2091 381 80M.
2133 318 2219 379 DE
2252 318 2557 380 SANC'I'IS.

3454 320 3591 383 {502

346 461 565 523 tamque
593 442 905 521 praelium
933 442 1178 505 venerari
1202 444 1421 501 multum
1452 444 1733 510 convenit,
1762 452 1816 497 et
1837 440 1915 496 nl-
1939 438 1993 503 Δ
2020 441 2084 496 ad
2111 443 2275 499 caelos
2315 456 2433 496 cum
2478 437 2689 511 hymnis
2724 446 2779 497 et
2819 440 3061 498 laudibus
3092 440 3378 511 detulisse,
3418 443 3507 499 ubi
3534 451 3593 503 et

350 553 428 613 ira
458 540 756 611 angelicam
781 540 1170 612 quodammodo
1197 539 1528 609 dignitatem,
1560 546 1810 607 quantum
1840 534 1921 593 las

346 643 431 694 est
454 647 577 690 cum
603 632 797 703 gaudio
826 631 1069 688 laudibus
1095 631 1252 702 digne
1277 630 1451 686 eﬂ‘erri
1472 672 1485 694 ,
1519 645 1667 700 quae,
1696 637 1751 681 ut
1780 627 1919 681 dixi-

346 739 490 791 mus,
522 738 630 779 non
665 731 869 779 temere
898 721 1095 777 Christi
1135 738 1228 793 per
1255 722 1509 792 gratiam,
1542 734 1701 789 super
1729 720 1922 774 choros

348 815 661 888 angelorum
697 813 960 880 exaltata,
1000 813 1343 869 devotissime
1380 811 1539 866 hodie
1584 809 1919 877 praedicatur,

349 908 474 979 quia
503 905 778 976 prcressit
813 919 932 961 eam
973 902 1228 959 Dominus
1260 912 1317 959 et
1352 901 1582 956 salvator
1617 910 1816 967 noster,
1856 916 1921 955 ex

349 1013 410 1054 ea
442 1012 568 1053 vera
597 996 702 1051 ﬁde
724 996 936 1067 genitus
962 994 1028 1049 ad
1056 994 1294 1049 coelestia
1313 1034 1329 1060 ,
1358 1002 1415 1047 ut
1447 1003 1655 1061 pararet
1681 994 1754 1058 ei,
1784 992 1923 1045 sicut

347 1090 463 1159 ipse
489 1092 600 1145 suis
631 1086 872 1159 promisit
896 1088 1190 1156 discipulis,
1218 1088 1270 1140 in
1291 1088 1539 1141 :ethereis
1565 1085 1921 1140 mansionibus

302 1220 315 1235 -.
347 1183 548 1239 locum.
586 1181 718 1235 llinc
759 1195 969 1250 quoque
1016 1178 1178 1233 David
1226 1178 1483 1247 propheta
1522 1177 1646 1231 olim
1686 1175 1916 1247 gratula-

349 1278 558 1333 bundus
587 1277 800 1332 Christo
828 1279 970 1330 canit
1002 1291 1017 1329 :
1048 1274 1092 1329 A
1121 1290 1339 1337 summa,
1372 1270 1561 1341 inquit,
1602 1271 1723 1323 cmlo
1752 1285 1920 1339 egres-

345 1369 423 1424 sio
450 1371 582 1437 ejus,
607 1378 655 1421 et
681 1382 917 1420 occursus
942 1367 1049 1436 ejus
1075 1380 1229 1432 usque
1253 1365 1322 1415 ad
1345 1378 1597 1416 summum
1619 1378 1657 1429 ελ
1670 1378 1727 1413 us
1750 1357 1920 1429 (Psal.

340 1460 519 1531 xvm).
554 1458 806 1516 Ascendit
837 1473 963 1528 ergo
1001 1457 1238 1512 eamdem
1277 1455 1497 1525 gloriam
1530 1463 1916 1521 resumpturos,

346 1551 470 1608 licet
503 1566 609 1607 non
646 1552 899 1606 amiserat
940 1566 1094 1620 quam
1144 1550 1288 1617 prius
1339 1548 1592 1603 habuerat
1640 1557 1921 1616 antequam

343 1644 578 1701 mundus
610 1644 779 1699 fieret.
809 1642 1059 1696 Ascendit
1089 1649 1143 1695 et
1180 1640 1496 1709 praeparavit
1537 1638 1655 1693 huic
1693 1639 1922 1692 sant-tis-

349 1732 501 1789 simae
534 1733 722 1803 virgini
765 1733 936 1786 locum
978 1730 1393 1785 immortalitatis
1418 1775 1431 1795 ,
1470 1738 1526 1783 ut
1566 1743 1683 1783 cum
1726 1744 1790 1783 eo
1839 1742 1923 1782 re-

348 1841 514 1900 gnare
543 1826 709 1896 possit
737 1825 788 1879 in
822 1832 1155 1894 perpetuum.
1186 1822 1250 1876 Et
1271 1821 1383 1875 hth
1409 1831 1488 1876 est
1511 1820 1785 1890 praesentis
1804 1818 1921 1888 ejus

350 1920 456 1979 diei
484 1919 768 1986 festivitas,
802 1920 854 1972 in
883 1935 981 1987 qua
1020 1918 1251 1988 gloriosa
1285 1927 1339 1970 et
1383 1916 1501 1970 felix
1536 1917 1597 1969 ad
1628 1915 1919 1970 atthereum

346 2015 589 2088 pervenit
626 2014 940 2069 thalamum.
987 2012 1117 2077 Quae
1155 2010 1394 2080 profecto
1430 2008 1713 2074 festivitas,
1764 2009 1921 2064 sicuti

345 2119 402 2168 et
431 2109 578 2181 virgo
608 2107 1040 2177 incomparabilis
1070 2114 1153 2159 est
1178 2107 1385 2160 caneris
1414 2104 1738 2174 virginibus,
1767 2105 1838 2158 ita
1869 2111 1922 2160 et

345 2200 778 2271 incomparabilis
815 2200 915 2256 ista
949 2207 1031 2254 est
1067 2199 1321 2254 festivitas
1344 2199 1579 2252 omnium
1614 2205 1918 2252 sanctorum

341 2291 755 2363 festivitatibus,
789 2303 845 2349 et
880 2292 1189 2348 admiranda
1215 2293 1374 2348 etiam
1408 2291 1692 2345 virtutibus
1721 2288 1922 2359 angeli-

344 2387 458 2454 cis;
484 2394 703 2457 prepter
732 2385 875 2456 quod
914 2401 977 2440 ex
1011 2399 1236 2453 persona
1268 2397 1618 2453 supernorum
1645 2381 1837 2438 civium
1868 2381 1921 2438 in

345 2473 464 2548 ejus
489 2475 805 2530 ascensione
831 2475 1100 2529 admirans
1124 2474 1352 2540 Spiritus
1378 2484 1592 2527 sanctus
1617 2474 1691 2527 ait
1714 2473 1765 2526 in
1785 2471 1923 2527 Can-

347 2566 465 2623 ticis
506 2582 523 2624 :
564 2564 691 2632 Qua
727 2576 797 2619 est
838 2566 936 2619 ista
966 2582 1079 2635 qua:
1115 2566 1343 2619 ascendit
1384 2581 1472 2635 per
1509 2564 1759 2618 desertum
1791 2563 1923 2617 sicut

346 2657 545 2729 virgula
570 2657 700 2726 fumi
727 2672 789 2712 ex
815 2659 1131 2711 aromatibus
1164 2654 1346 2723 (Cant.
1377 2652 1497 2723 tu)?
1522 2655 1588 2709 Et
1612 2655 1745 2708 bene
1770 2652 1922 2723 quasi

347 2748 550 2818 virgula
580 2749 741 2815 fumi,
771 2749 893 2816 quia
925 2747 1135 2818 gracilis
1170 2757 1223 2801 et
1257 2746 1513 2813 delicata,
1555 2746 1677 2815 quia
1727 2745 1921 2802 divinis

348 2848 634 2896 extenuata
678 2840 999 2906 disciplinis,
1051 2839 1249 2893 etenim
1302 2848 1638 2895 concremata
1684 2836 1825 2893 intus
1869 2840 1920 2892 in

347 2932 713 2995 holocaustum
747 2932 990 2987 incendio
1024 2932 1095 3000 pii
1129 2930 1365 2996 amoris,
1411 2939 1466 2986 et
1496 2930 1760 2986 desiderio
1784 2928 1923 2984 cha-

347 3025 541 3081 ritatis.
577 3022 645 3079 Ut
672 3023 872 3095 virgula
901 3024 1028 3093 fanti
1056 3040 1121 3078 ea:
1148 3024 1485 3078 aromatibns.
1513 3021 1769 3077 Nimirum
1797 3024 1919 3091 quia

348 3116 529 3171 multis
555 3116 756 3185 repleta
785 3126 897 3169 erat
931 3114 1178 3168 virtutum
1205 3116 1490 3182 odoribus,
1515 3130 1733 3169 manans
1760 3130 1824 3170 ex
1854 3130 1915 3170 ea

347 3205 613 3277 lragrabat
644 3206 991 3261 suavissimus
1014 3209 1148 3261 odor
1168 3209 1327 3260 etiam
1351 3208 1622 3276 spiritibus
1642 3207 1915 3276 angelicis.

350 3297 686 3366 Ascendebat
715 3308 893 3352 autem
923 3298 990 3352 de
1018 3299 1234 3353 deserto
1261 3300 1539 3367 praesentis
1568 3301 1747 3355 saeculi
1777 3300 1919 3370 virga

349 3390 416 3446 de
441 3391 620 3447 radice
632 3377 781 3447 lesse
808 3391 933 3446 olim
948 3399 1152 3458 exorta,
1177 3393 1267 3448 sed
1291 3392 1615 3446 mirabantur
1630 3395 1918 3450 electorum

348 3482 540 3539 anima:
555 3500 662 3553 pra:
678 3484 868 3554 gaudio
883 3500 1125 3554 quaenam
1139 3496 1280 3540 esset
1296 3499 1414 3554 quae
1436 3485 1595 3539 etiam
1612 3485 1918 3540 meritorum

347 3572 627 3631 virtutibus
672 3577 982 3645 angelorum
1032 3578 1272 3632 vinceret
1317 3577 1646 3647 dignitatem.
1699 3578 1771 3633 De
1816 3592 1919 3648 qua

344 3683 530 3726 rursus
551 3670 692 3724 idem
713 3668 943 3737 Spiritus
966 3678 1180 3723 sanctus
1204 3670 1256 3723 in
1278 3668 1477 3722 eisdem
1494 3669 1726 3722 Canticis
1749 3685 1762 3722 :
1790 3671 1919 3734 Quas

345 3770 423 3819 est
441 3762 540 3814 ista
562 3775 677 3830 que
699 3760 956 3825 ascendit,
983 3759 1182 3827 inquit,
1212 3760 1357 3828 quasi
1377 3776 1562 3814 aurora
1588 3774 1916 3828 consurgens,

344 3850 565 3923 pulchra
580 3854 790 3921 atluna,
803 3853 959 3907 electa
981 3860 1032 3906 ut
1047 3851 1143 3914 sol,
1163 3852 1397 3905 terribilis
1419 3860 1470 3905 ut
1493 3861 1769 3906 castrorum
1786 3852 1918 3908 aries

348 3946 588 4002 ordinata
612 3944 796 4016 (Cant.
829 3946 950 4016 v1)?
979 3942 1281 3999 Admiratur
1320 3958 1496 4001 autem
1532 3945 1759 4015 Spiritus
1795 3962 1918 4002 san-

345 4049 497 4105 ctus,
527 4039 617 4107 qui
645 4053 833 4093 omnes
860 4039 926 4093 de
955 4052 1179 4093 ascensu
1214 4038 1371 4106 hujus
1401 4038 1619 4107 virginis
1650 4037 1916 4093 admiran-

350 4138 430 4187 tes
466 4130 625 4198 facit,
665 4131 805 4200 quod
845 4132 993 4199 quasi
1033 4132 1156 4184 novi
1197 4130 1411 4184 diluculi
1458 4145 1647 4184 aurora
1694 4130 1917 4185 rutilans

348 4236 573 4279 ascensu
601 4238 700 4278 suo
724 4222 1094 4293 resplendeat,
1120 4223 1299 4277 multis
1329 4223 1461 4277 freta
1493 4232 1542 4277 et
1568 4222 1760 4277 vallata
1788 4237 1915 4278 san-

348 4326 557 4374 ctorum
594 4315 911 4388 agminibus.
958 4315 1105 4370 Unde
1144 4316 1339 4370 dicitur
1382 4332 1397 4368 :
1437 4314 1697 4369 Terribilis
1736 4323 1789 4369 ut
1831 4332 1916 4369 ca—

345 4420 567 4475 strorum
591 4411 727 4464 acies
754 4409 1007 4465 ordinata.
1041 4409 1315 4479 Siquidem
1359 4408 1608 4463 terribilis
1636 4410 1745 4463 suis
1776 4408 1913 4464 facta

1947 3163 1994 3228 C

2018 536 2293 605 utriusque
2318 548 2482 590 sexus
2503 534 2649 589 chori
2671 543 3157 590 commemorantur
3180 535 3483 604 frequenter
3503 550 3591 592 au-

2018 632 2141 697 diti,
2173 633 2463 698 laudesque
2500 631 2790 700 cecinisse,
2818 632 3020 687 interea
3049 640 3101 688 et
3142 633 3280 704 quod
3319 634 3590 703 perspica-

2018 729 2131 784 cius
2157 734 2261 791 est,
2295 724 2463 781 multo
2492 740 2868 796 nonnunquam
2898 726 3095 781 lumine
3117 726 3329 781 eosdem
3353 727 3593 796 resplen-

2020 818 2229 885 duisse,
2264 817 2482 887 insuper
2519 828 2572 874 et
2608 818 2780 873 adhuc
2818 820 3053 874 viventes
3090 819 3143 874 in
3182 834 3360 885 carne,
3392 818 3591 879 ibidem

2021 914 2141 969 miri
2165 912 2347 968 odoris
2380 911 2723 981 fragrantiam
2755 911 2950 969 diutius
2987 914 3334 982 persensisse.
3367 913 3515 980 Quod
3543 914 3592 979 si

2020 1004 2085 1059 ad
2110 1004 2450 1059 recreandam
2478 1019 2650 1073 spem,
2674 1002 3050 1071 dilectissimus,
3068 1014 3121 1060 et
3142 1003 3591 1063 corroborandam

2021 1099 2176 1152 fidem
2212 1097 2476 1152 interdum
2506 1098 2866 1154 assistentium
2888 1099 3118 1153 salvator
3142 1110 3323 1155 noster
3349 1098 3593 1156 Christus

2022 1192 2091 1247 ob
2132 1192 2318 1245 merita
2362 1206 2578 1245 suorum
2626 1191 2856 1259 amplius
2902 1192 3326 1259 comprobanda,
3370 1193 3490 1247 talia
3537 1199 3593 1250 et

2022 1293 2167 1339 tanta
2195 1283 2439 1349 dignatus
2475 1291 2559 1337 est
2598 1281 2851 1337 exhibere
2892 1298 2987 1351 per
3011 1297 3135 1336 suos
3164 1282 3287 1337 caeli
3319 1282 3590 1340 ministros

2022 1378 2162 1432 circa
2190 1373 2503 1439 defunctos,
2533 1382 2731 1443 quanto
2764 1373 2932 1443 magis
2976 1371 3299 1428 credendum
3334 1372 3592 1431 hodierna

2022 1469 2110 1523 die
2135 1466 2375 1523 militiam
2398 1467 2656 1521 caelorum
2680 1479 2800 1518 cum
2826 1465 2935 1519 suis
2957 1464 3252 1532 agminibus
3279 1460 3469 1519 festive
3488 1464 3590 1519 ob-

2021 1560 2160 1614 viam
2199 1558 2407 1613 venisse
2448 1553 2687 1625 genitrici
2730 1551 2856 1620 Dei,
2894 1568 3117 1623 eamque
3159 1553 3355 1623 ingenti
3395 1552 3597 1619 lumine

2024 1648 2470 1711 circumfulsisse,
2503 1658 2555 1703 et
2586 1662 2752 1717 usque
2780 1648 2842 1701 ad
2876 1646 3123 1703 thronum
3150 1648 3276 1702 olim
3300 1648 3399 1702 sibi
3431 1647 3595 1705 etiam

2027 1752 2151 1796 ante
2194 1740 2371 1795 mundi
2411 1738 2842 1794 constitutionem
2886 1747 3156 1806 paratum,
3195 1752 3314 1792 cum
3354 1737 3597 1797 laudibus

1951 1802 1999 1862 Β
2027 1844 2083 1891 et
2126 1834 2347 1890 canticis
2388 1832 2750 1903 spiritualibus
2786 1802 3135 1899 perduxisse?
3182 1831 3323 1886 Nulli
3375 1831 3595 1889 dubium

2022 1943 2235 1981 omnem
2281 1927 2424 1981 illam
2464 1924 2573 1994 jam
2602 1926 2874 1981 etelcstem
2909 1923 3202 1979 Jerusalem
3246 1932 3372 1980 tunc
3414 1923 3595 1979 exsul-

2024 2027 2165 2073 tasse
2189 2014 2437 2071 ineffabili
2466 2014 2678 2080 laetitia,
2717 2026 2839 2069 tunc
2866 2014 3209 2083 jucundatam
3239 2011 3595 2071 intestimahili

2022 2110 2312 2175 charitale,
2358 2117 2585 2176 tuncque
2626 2121 2746 2161 cum
2803 2105 2946 2160 omni
2996 2105 3346 2174 gratulatione
3368 2104 3594 2175 jubilas-

2023 2214 2103 2269 se,
2121 2200 2367 2268 quoniam
2389 2196 2641 2253 festivitas
2659 2196 2791 2263 haec,
2813 2212 2927 2264 qua:
2950 2195 3102 2250 nobis
3126 2194 3281 2251 hodie
3310 2194 3595 2250 revolvitur

2021 2304 2227 2355 annua,
2263 2288 2366 2343 illis
2392 2285 2638 2342 omnibus
2666 2286 2800 2340 facta
2840 2295 2923 2341 est
2952 2284 3236 2352 continua,
3283 2300 3383 2340 nec
3411 2284 3596 2340 imme-

2020 2380 2149 2437 rito.
2199 2378 2441 2433 Creditur
2487 2378 2631 2432 enim
2682 2375 2822 2445 quod
2878 2376 3110 2429 salvator
3161 2375 3397 2429 omnium
3445 2373 3593 2447 ipse,

2021 2481 2276 2543 quantum
2308 2470 2465 2525 datur
2492 2467 2739 2537 intelligi,
2772 2481 2865 2537 per
2894 2482 2951 2522 se
2979 2474 3121 2521 totus
3160 2465 3379 2521 festivus
3403 2479 3595 2521 occur-

2020 2564 2111 2627 rit,
2142 2571 2196 2616 et
2227 2576 2345 2615 cum
2380 2558 2571 2629 gaudio
2612 2574 2728 2613 eam
2765 2571 2944 2612 secum
2982 2558 3033 2611 in
3064 2555 3255 2611 throno
3294 2554 3593 2611 collocavit.

2022 2653 2169 2708 Alias
2208 2661 2383 2707 autem
2426 2651 2693 2719 quomodo
2731 2649 3037 2718 implevisse
3078 2650 3333 2714 creditur,
3373 2648 3512 2719 quod
3540 2648 3595 2705 in

2024 2744 2138 2814 lege
2170 2744 2281 2811 ipse
2310 2739 2597 2810 praecepit?
2633 2738 2877 2804 llonora,
2911 2737 3108 2807 inquit,
3146 2749 3339 2808 patrem
3377 2747 3521 2792 tuum
3550 2745 3597 2795 et

2023 2848 2235 2889 matrem
2266 2832 2462 2905 (Exod.
2493 2832 2611 2903 xx).
2647 2833 2810 2887 Porro
2835 2831 2972 2901 quod
3001 2840 3204 2900 patrem
3231 2829 3593 2903 hunoraverit,

2023 2928 2137 2997 ipse
2168 2926 2267 2981 sibi
2297 2927 2445 2981 testis
2474 2934 2576 2992 est,
2604 2940 2725 2979 cum
2756 2924 2821 2980 ad
2852 2923 3059 2979 Judmos
3090 2923 3163 2977 ait
3194 2941 3205 2976 :
3236 2921 3348 2995 Ego
3374 2923 3595 2994 gloriam

2022 3036 2186 3074 meam
2226 3035 2325 3073 non
2355 3034 2529 3089 qurere
2549 3058 2566 3084 ,
2604 3028 2679 3073 est
2716 3018 2803 3089 qui
2833 3027 3023 3088 quierat
3054 3026 3100 3071 et
3127 3018 3359 3088 judicet,
3391 3018 3479 3072 sed
3502 3033 3594 3089 ego

2024 3115 2307 3181 honoriﬁco
2336 3113 2542 3167 Patrem
2564 3129 2750 3179 meum,
2773 3120 2819 3167 et
2842 3129 2925 3167 vos
2951 3112 3292 3167 inhonoraslis
3316 3128 3393 3167 me
3416 3111 3593 3182 (Joan.

2023 3209 2157 3278 vm).
2194 3207 2265 3261 De
2301 3217 2468 3262 matre
2500 3222 2627 3261 vero
2667 3208 3010 3276 evangelista,
3044 3222 3162 3267 cum
3204 3204 3467 3273 redirent,
3496 3221 3592 3260 ve-

2020 3300 2192 3369 niens,
2224 3301 2327 3366 ait,
2360 3300 2640 3367 Nazareth,
2666 3307 2771 3354 erat
2799 3300 3028 3354 subditus
3056 3301 3161 3354 illis
3191 3299 3341 3372 (Luc.
3371 3298 3455 3372 ll).
3483 3297 3593 3355 Sed

2018 3394 2119 3449 alia
2150 3401 2233 3448 est
2261 3401 2447 3448 natura
2476 3408 2579 3463 qua
2609 3390 2748 3447 Deus
2777 3392 2933 3447 Pater
2963 3390 3250 3446 secundum
3278 3406 3336 3447 se
3360 3390 3584 3446 honora-

2020 3495 2124 3551 tur,
2156 3485 2256 3539 alia
2287 3498 2392 3554 qua
2423 3485 2559 3538 idem
2600 3483 2906 3554 parentibus
2949 3484 3234 3539 subditur:
3276 3484 3328 3538 in
3372 3492 3595 3553 utraque

2018 3585 2194 3634 tamen
2219 3593 2353 3633 unus
2381 3576 2629 3647 idemque
2648 3576 2892 3633 Christus
2918 3586 3061 3632 recte
3081 3577 3334 3645 creditur,
3357 3593 3422 3633 eo
3448 3577 3591 3648 quod

2024 3671 2244 3731 Verbum
2266 3686 2386 3725 caro
2407 3674 2598 3741 factum
2618 3677 2711 3732 est,
2736 3678 2783 3723 et
2802 3668 3043 3723 habitavit
3069 3669 3120 3721 in
3143 3668 3286 3723 nobis
3308 3667 3485 3739 (locis.
3507 3668 3547 3737 ι)
3574 3685 3591 3724 :

2018 3777 2154 3819 unus
2205 3761 2551 3825 Emmanuel,
2599 3760 2740 3828 quod
2790 3770 2874 3815 est
2924 3760 3199 3815 nobiscum
3245 3760 3405 3816 Deus.
3442 3759 3590 3816 Hanc

2015 3853 2207 3922 qnippc
2236 3850 2483 3905 unionem
2513 3848 2798 3904 divinitatis
2822 3858 2984 3920 atque
3013 3850 3373 3917 humanitatis,
3404 3852 3582 3912 incon-

2016 3946 2184 4002 lusam
2204 3944 2590 4014 indivrsamque
2614 3942 2871 4000 catholica
2896 3946 3027 4000 fides
3050 3955 3243 4000 servat.
3267 3943 3435 4011 Quam
3458 3959 3591 3999 sane

2016 4036 2364 4109 intelligendo
2385 4046 2671 4108 cognoscat
2691 4037 2967 4106 naturalis,
2985 4045 3145 4108 atque
3159 4037 3449 4092 secundum
3473 4036 3575 4092 sub

2015 4134 2266 4188 stantiam
2308 4130 2591 4185 conventio
2631 4129 2878 4198 unitatis,
2922 4136 2981 4183 ut
3017 4143 3189 4198 neque
3230 4128 3509 4183 conversio
3532 4126 3587 4183 in

2017 4229 2325 4283 alterutram
2353 4226 2580 4281 duarum
2609 4224 3021 4280 substantiarum
3049 4231 3247 4291 partem
3278 4221 3585 4290 recipiatur,

2017 4334 2191 4389 neque
2217 4318 2427 4373 divisio.
2453 4316 2541 4373 Sic
2570 4332 2794 4384 namque
2816 4314 3058 4379 credere,
3085 4313 3347 4369 honorare
3367 4323 3446 4368 est
3473 4327 3578 4368 ma-

2017 4422 2153 4467 trem
2182 4411 2409 4473 Domini,
2433 4426 2554 4481 quae
2574 4419 2628 4464 et
2656 4408 2820 4463 Deum
2844 4407 2997 4462 nobis
3014 4408 3195 4477 genuit
3214 4415 3267 4461 et
3291 4406 3587 4473 hominem,

348 4502 669 4572 virtutibus,
709 4511 767 4556 ut
806 4512 1099 4556 castrorum
1139 4502 1280 4555 acies
1314 4500 1599 4555 admodum
1645 4501 1910 4567 ordinata,
1940 4521 1996 4586 υ
2018 4518 2189 4572 neque
2216 4502 2331 4557 sine
2356 4502 2464 4556 Deo
2496 4501 2790 4568 hominem,
2815 4514 2985 4569 neque
3013 4500 3129 4554 sine
3156 4500 3370 4554 homine
3396 4500 3582 4567 Deum,

346 4590 470 4649 hinc
498 4592 625 4646 inde
649 4599 957 4647 sanctorum
983 4592 1296 4659 angelorum
1320 4590 1446 4644 fulta
1479 4590 1757 4659 praesidiis.
1786 4588 1913 4644 Pul-

2016 4596 2111 4652 sed
2144 4596 2309 4651 Deum
2352 4604 2406 4649 et
2439 4595 2704 4648 hominem
2735 4608 2895 4647 unum
2935 4602 2989 4646 et
3016 4606 3198 4646 verum
3223 4591 3403 4647 Jesum
3434 4590 3560 4645 Chri

341 4684 494 4749 cura,
526 4685 723 4754 inquit,
752 4693 809 4739 ut
837 4684 984 4749 luna,
1009 4685 1118 4738 into
1141 4683 1410 4753 pulchrior
1432 4698 1587 4753 quam
1616 4683 1759 4748 luna,
1794 4683 1917 4753 quia
2012 4697 2173 4743 stum.
2221 4686 2469 4755 Alioquin
2507 4687 2597 4739 Dei
2636 4685 2867 4755 genitrix
2909 4683 3011 4738 dici
3054 4699 3157 4737 non
3197 4694 3377 4752 posset
3408 4682 3589 4753 (quod

335 4774 447 4843 jam
480 4777 601 4831 sine
642 4775 851 4831 defectu
890 4776 972 4829 sui
1012 4785 1257 4831 coruscat
1303 4776 1613 4832 ctelestihus
1652 4776 1915 4832 illustrata
2012 4779 2162 4833 multi
2187 4778 2552 4832 haereticorum
2582 4792 2776 4847 negare
2800 4776 2973 4832 conati
2999 4778 3143 4845 sunt)
3168 4778 3267 4831 nisi
3293 4776 3457 4830 Deum
3487 4790 3582 4831 ve-

339 4869 663 4940 lulgorihus;
688 4870 859 4925 electa
888 4878 947 4923 ut
978 4871 1060 4926 sol
1090 4869 1293 4939 fulgore
1323 4872 1612 4940 virtutum,
1647 4870 1767 4942 quia
1800 4873 1917 4942 ipse
2011 4885 2129 4926 rum
2156 4871 2430 4940 genuisset
2466 4873 2829 4935 incarnatuin;
2862 4879 2915 4923 et
2956 4879 3233 4938 prepterea
3275 4868 3327 4921 in
3364 4866 3582 4922 Christo

314 4976 459 5019 eam
485 4960 649 5030 elegit
671 4960 749 5015 sol
770 4960 1013 5028 justitiae,
1042 4968 1098 5014 ut
1121 4971 1427 5016 nasceretur
1449 4977 1515 5017 ex
1536 4976 1621 5016 ea.
1649 4962 1728 5016 Ad
1763 4960 1914 5032 cujus
2012 4964 2145 5018 duas
2174 4974 2321 5020 recte
2350 4965 2668 5019 confitemur
2698 4964 3028 5027 nativitates,
3066 4977 3222 5015 unam
3244 4960 3490 5016 videlicet
3513 4961 3582 5018 de

337 5055 579 5126 profecto
605 5050 921 5123 exsequias,
954 5064 1210 5119 quantum
1245 5052 1325 5108 fas
1349 5066 1431 5108 est
1454 5054 1708 5122 credere,
1739 5053 1909 5111 l‘amu—
2013 5055 2174 5111 Patre
2216 5056 2333 5111 sine
2373 5057 2554 5123 initio,
2587 5067 2637 5111 et
2670 5057 2783 5111 sine
2822 5064 3057 5125 tempore
3087 5053 3485 5123 sempiternam,
3527 5061 3589 5110 et

336 5145 518 5203 lantur
544 5144 748 5216 angeli,
785 5151 843 5200 et
876 5144 1139 5199 universa:
1176 5146 1432 5201 cuslorum
1472 5149 1911 5216 congratulantur

338 5237 524 5295 curia.
595 5237 707 5293 Nec
744 5236 974 5301 mirum,
1018 5236 1141 5305 quia
1180 5238 1351 5293 honor
1389 5247 1659 5293 maternus
1683 5250 1763 5293 est
1791 5240 1909 5309 ejus

335 5328 429 5399 qui
456 5335 613 5383 nauis
635 5335 722 5384 est
745 5342 811 5383 es
851 5342 947 5397 ea,
978 5343 1135 5397 quem
1163 5329 1339 5384 omnis
1366 5331 1499 5385 ordo
1528 5332 1782 5386 caelorum
1811 5346 1904 5387 ve-

336 5428 558 5477 neratur
593 5430 650 5477 et
683 5422 870 5476 adorat
903 5435 1062 5491 super
1097 5436 1158 5478 se
1192 5423 1462 5479 elevatum
1498 5439 1620 5481 cum
1662 5424 1821 5478 Patre
1851 5425 1903 5479 in

330 5519 464 5577 sede
487 5517 776 5587 maiestatis
801 5515 1029 5570 Domini.
1052 5513 1304 5587 Legimus
1331 5530 1459 5587 ergo
1486 5532 1641 5588 quam
1671 5532 1813 5587 saepe
1838 5518 1903 5572 ad

332 5609 523 5668 funera
546 5621 600 5667 et
638 5609 707 5664 ad
730 5608 1028 5680 sepulturas
1051 5609 1411 5680 quorumlibet
1448 5620 1753 5665 sanctorum
1801 5626 1903 5663 au-

331 5709 481 5775 gelos
540 5703 852 5771 advenisse,
914 5715 969 5760 et
1029 5705 1097 5760 ad
1151 5705 1431 5772 exsequias
1492 5718 1676 5758 eorum
1739 5703 1900 5758 obse-

334 5797 459 5869 quia
489 5795 823 5871 prmstitisse,
848 5811 953 5865 nec
972 5812 1084 5856 non
1109 5798 1395 5857 ctraaimas
1414 5795 1707 5854 electorum
1733 5809 1903 5867 usque

2012 5157 2333 5203 coaeternam
2377 5148 2488 5203 Deo
2527 5147 2702 5212 Patri;
2744 5147 2902 5200 aliam
2946 5146 3014 5201 de
3060 5153 3231 5201 matre
3274 5159 3397 5200 cum
3441 5145 3575 5201 tem-

2010 5256 2172 5312 pore,
2216 5240 2428 5311 quando
2461 5240 2856 5295 miserationem
2902 5237 3128 5294 induens
3174 5247 3228 5294 et
3271 5237 3583 5293 misericor--

2010 5333 2184 5400 diam,
2227 5343 2517 5403 spontanea
2556 5334 2827 5386 voluntate
2866 5332 2930 5385 ad
2974 5345 3069 5387 nos
3108 5330 3385 5387 descendit
3422 5339 3584 5386 natus

2010 5425 2170 5480 homo
2222 5428 2358 5479 Deus
2376 5453 2411 5489 ,~
2433 5439 2498 5479 ac
2541 5439 2633 5493 per
2676 5424 2776 5479 hoc
2809 5424 2956 5493 juxta
2996 5427 3273 5480 veritatem
3310 5431 3364 5478 et
3391 5425 3578 5479 matris

2007 5529 2244 5591 gestatur
2286 5530 2469 5584 utero,
2521 5520 2610 5590 qui
2654 5532 2865 5588 semper
2904 5519 3041 5573 Deus
3087 5517 3407 5588 agnoscitur.
3441 5514 3573 5571 Hinc

2006 5612 2168 5667 etiam
2200 5612 2481 5666 tbeotocon
2512 5627 2629 5666 eam
2657 5612 2920 5666 veraciter
2943 5611 3279 5673 confitemur,
3312 5609 3403 5664 Dei
3432 5608 3564 5664 scili-

2003 5714 2089 5760 cet
2129 5704 2468 5772 genitricem,
2518 5718 2615 5759 nec
2658 5718 2762 5757 non
2802 5713 2855 5757 et
2881 5703 3268 5767 christotocon,
3299 5716 3405 5757 non
3432 5700 3570 5771 quod

2004 5794 2241 5853 Verbum
2262 5809 2476 5854 carnem
2498 5808 2678 5854 secum
2698 5795 2967 5866 detulerit,
2991 5810 3161 5866 neque
3182 5794 3313 5856 olim
3336 5793 3571 5866 prafatar
