4096 6346
510 259 644 318 1505

1357 247 1561 308 PAULI
1602 244 1873 307 DlACONl
1910 244 2064 303 ora.
2106 242 2283 303 pass
2322 243 2385 302 ll.
2423 242 2496 291 έ-
2524 228 2878 303 ASCETICA.

3616 232 3759 302 15οι

508 348 653 429 carni
682 366 989 438 cepulatum
1014 362 1117 435 sit,
1162 365 1255 422 sed
1295 371 1421 424 tunc
1448 366 1660 435 quando
1682 365 1918 421 Verbum
1948 376 2074 419 caro
2101 360 2155 423 Δ
2179 360 2252 416 ιίο
2280 361 2461 416 steculi
2480 404 2496 427 ,
2520 360 2610 431 qui
2640 358 2867 415 necdum
2896 360 3011 414 erat
3037 361 3195 413 natus
3217 355 3286 413 de
3313 354 3477 414 Maria
3503 357 3715 430 virgine
3742 381 3758 415 :

508 461 704 517 factum
721 467 805 515 est
825 474 891 515 ex
924 469 1084 512 carne
1110 457 1350 528 virginis,
1381 456 1672 512 divinitatis
1700 466 1860 527 atque
1889 455 2085 509 huma-
2122 464 2123 467 ‘

508 554 692 609 uitatis
723 551 1017 607 substantia
1060 550 1112 606 in
1143 558 1297 605 utero
1322 550 1390 604 ita
1420 550 1637 604 confuse
1666 546 1866 613 unitur,
1899 556 1955 601 ut
1982 559 2086 600 una

509 660 732 715 persona
765 646 835 699 sit
858 642 996 699 Deus
1014 652 1069 699 et
1091 643 1249 697 homo
1261 641 1523 698 Christus.
1550 639 1604 696 Si
1628 640 1839 710 quidem
1864 652 1932 693 ex
1954 638 2085 691 dua-

510 734 608 790 bus
646 734 851 788 naturis
893 732 1011 787 sine
1047 731 1361 787 confusione
1396 731 1615 786 alterius
1656 744 1759 785 non
1804 730 1905 784 nisi
1951 742 2087 784 unus

510 824 778 879 invenitur
820 822 977 878 Iesus
1023 821 1311 887 Dominus,
1357 835 1581 876 manens
1626 820 1765 875 Deus
1818 819 1871 873 in
1919 818 2088 873 forma

512 913 638 981 Dei,
671 914 761 983 qui
794 913 1114 983 semetipsum
1135 913 1412 967 exinanieit
1445 913 1659 983 formam
1684 912 1812 966 servi
1838 911 2090 981 accipiens

511 1002 751 1074 (Philip.
791 1002 893 1074 li),
927 1016 1151 1057 manens
1198 1016 1336 1057 unus
1380 1001 1625 1071 idemque
1662 998 1713 1055 in
1752 1000 1919 1055 forma
1948 999 2090 1055 servi

511 1110 671 1167 quam
701 1095 956 1164 suscepit.
989 1094 1155 1151 Totus
1181 1092 1375 1163 quippe
1403 1093 1544 1148 Deus
1572 1092 1623 1146 in
1653 1105 1815 1146 carne
1846 1090 2087 1160 virginis,

511 1185 580 1241 de
610 1200 712 1255 qua
737 1194 890 1240 natus
925 1194 1037 1250 est,
1072 1192 1126 1239 et
1153 1193 1294 1239 totus
1327 1184 1506 1237 homo.
1539 1180 1675 1235 llinc
1703 1194 1913 1249 quoque
1942 1182 2089 1249 Apo-

512 1279 679 1333 5toltts
712 1296 724 1330 :
753 1276 819 1331 In
845 1293 947 1348 quo
971 1277 1185 1345 habitat,
1220 1276 1409 1346 inquit,
1442 1276 1771 1345 corporaliter
1799 1276 1963 1328 omnis
1982 1276 2091 1345 ple-

512 1369 695 1424 nitudo
724 1369 1005 1424 divinitatis
1031 1368 1170 1439 (Col.
1210 1368 1290 1438 tt).
1323 1369 1677 1437 Quapropter,
1707 1382 1738 1421 ο
1766 1366 1906 1430 tiliae,
1939 1376 2095 1422 estote

512 1461 788 1531 prudentes
817 1461 947 1514 sicut
974 1469 1225 1528 serpentes
1244 1499 1259 1525 ,
1302 1468 1347 1514 et
1384 1460 1637 1529 simplices
1667 1460 1794 1511 sicut
1822 1457 2089 1527 columba,

512 1564 571 1610 ut
600 1570 664 1610 ex
694 1555 973 1624 prudentia
1008 1556 1261 1624 perfecta:
1291 1555 1663 1624 intelligentia:
1688 1555 1942 1609 annulum
1972 1554 2090 1610 fidei

513 1655 711 1701 vestrae
736 1691 751 1717 ,
797 1655 851 1702 et
889 1647 1233 1717 margaritam
1275 1661 1372 1715 pro
1411 1661 1512 1716 qua
1560 1649 1737 1700 omnia
1780 1646 2090 1716 reliquistis,

2185 452 2327 522 quod
2365 453 2546 507 multis
2578 451 2973 518 Scripturarum
3015 448 3314 504 declaratur
3341 448 3570 505 indiciis.
3615 452 3767 509 Unde

2188 542 2447 598 Dominus
2470 542 2533 597 ad
2568 543 2784 599 Iudaeos
2817 560 2829 594 :
2862 541 3145 610 Antequam
3186 540 3443 594 Abraham
3480 541 3655 611 ﬁeret,
3684 541 3771 597 in-

2187 638 2332 707 quit,
2374 653 2465 708 ego
2508 652 2620 691 sum
2666 634 2861 707 (Ioan.
2906 633 3056 704 vui).
3107 633 3311 701 Quibus
3362 634 3549 705 utique
3591 636 3772 693 verbis

2188 728 2422 784 ostendit
2458 744 2516 782 se
2542 728 2631 797 qui
2666 727 3003 792 loquebatur,
3034 727 3090 780 in
3117 741 3184 781 eo
3211 739 3426 796 semper
3454 727 3619 783 fuisse
3649 744 3772 800 my-

2189 823 2352 877 sterio
2368 823 2606 891 unitatis,
2630 836 2789 892 quam
2815 829 2871 876 ut
2897 819 3317 883 commendaret,
3346 829 3464 874 ante
3483 821 3769 892 Abraham,

2189 915 2391 985 inquit,
2421 930 2508 985 ego
2533 930 2664 968 sum.
2706 912 2834 966 Nam
2868 910 3127 965 Abraham
3155 921 3427 982 antequam
3453 912 3631 981 ﬁeret,
3676 913 3777 969 hu-

2191 1005 2466 1061 manitatis
2513 1013 2597 1060 est
2642 1004 2910 1069 brevitas,
2952 1018 3045 1073 ego
3094 1012 3269 1057 autem
3318 1018 3464 1069 sum,
3502 1005 3777 1063 aeternitas

2191 1097 2496 1151 declaratur
2532 1104 2754 1150 naturae.
2798 1096 2854 1148 In
2892 1110 2996 1164 qua
3044 1093 3295 1149 nimirum
3334 1095 3637 1150 mternitate
3661 1095 3777 1165 jam

2192 1189 2355 1246 fuisse
2382 1191 2471 1260 qui
2515 1189 2855 1257 loquebatur,
2882 1204 2979 1256 per
3013 1196 3407 1243 sacramentum
3446 1203 3560 1243 sua:
3603 1189 3779 1244 incar-

2193 1283 2423 1336 nationis
2453 1283 2702 1336 insinuat.
2744 1280 2895 1347 Quod
2928 1279 3201 1348 apostolus
3225 1279 3390 1334 Judas
3420 1280 3607 1335 volens
3637 1281 3777 1336 dilu-

2192 1373 2372 1427 cidare
2402 1376 2636 1442 apertius
2658 1416 2673 1440 ,
2704 1371 2888 1437 Iesus,
2919 1372 3121 1441 inquit,
3150 1372 3395 1440 p0pulum
3435 1387 3502 1425 ea:
3537 1369 3782 1444 ngyplo

2194 1466 2434 1530 salvans,
2475 1466 2696 1519 secundo
2738 1481 2823 1518 eos
2867 1464 2950 1532 qui
2996 1481 3099 1517 non
3146 1463 3505 1527 crediderunt,
3552 1464 3779 1532 perdidit

2198 1554 2345 1624 (Iud.
2375 1556 2455 1624 5).
2484 1556 2547 1609 Et
2576 1555 2698 1609 alibi
2732 1554 2923 1609 Paulus
2964 1573 2975 1607 :
3014 1553 3191 1624 Neque
3219 1562 3465 1608 tentemus
3493 1554 3781 1624 Christum,

2196 1647 2325 1702 sicut
2363 1647 2573 1717 quidam
2595 1662 2769 1700 eorum
2795 1642 3197 1715 tentaverunt'U
3220 1644 3342 1700 Cor.
3374 1645 3456 1715 κ),
3492 1661 3599 1700 non
3635 1645 3783 1713 quod

513 1733 774 1806 integram
816 1737 1230 1805 inviolatamque
1258 1738 1524 1803 servetis,
1550 1752 1617 1791 ne
1648 1736 1826 1792 dotem
1855 1737 2011 1792 simul
2039 1745 2094 1793 et
2122 1723 2168 1784 Β
2192 1738 2302 1807 jam
2334 1747 2477 1794 esset
2503 1739 2658 1794 Iesus
2689 1747 2778 1791 aut
2802 1736 3049 1791 Christus
3081 1745 3235 1792 natus
3264 1750 3329 1791 ex
3357 1735 3520 1791 Maria
3551 1737 3779 1805 virgine,

513 1828 727 1881 arrham
772 1826 1000 1896 Spiritus
1042 1829 1250 1895 sancti,
1294 1828 1432 1898 quod
1464 1828 1635 1895 absit,
1679 1828 1931 1898 perdatis.
1968 1828 2093 1883 Dili-

512 1919 723 1987 gentius
754 1920 929 1990 itaque
958 1923 1325 1990 procurate,si
1351 1935 1456 1990 quo
1483 1920 1642 1975 modo
1670 1919 1981 1987 simplicitas
2010 1935 2093 1975 co-

516 2012 729 2079 lumbae,
766 2028 883 2082 quae
908 2013 1005 2069 fuit
1032 2015 1083 2067 in
1116 2014 1299 2079 Maria,
1333 2014 1495 2068 illaesa
1526 2014 1879 2082 inviolataque
1910 2022 2091 2068 custo-

513 2100 710 2156 diatur.
740 2102 814 2158 De
843 2119 943 2173 qua
975 2103 1225 2161 Salomon
1256 2105 1329 2159 ait
1356 2107 1407 2160 in
1433 2104 1685 2172 Canticis,
1719 2105 1869 2173 quasi
1901 2107 1952 2159 in
1980 2105 2095 2174 ejus

513 2191 671 2247 laude
699 2209 713 2247 :
750 2193 912 2261 Veni,
944 2196 1144 2266 inquit,
1173 2196 1407 2251 columba
1437 2213 1582 2264 mea,
1611 2198 1938 2251 immaculata
1961 2213 2094 2268 mea,

512 2286 621 2354 iam
646 2287 780 2341 enim
815 2288 974 2341 hiems
1004 2289 1127 2341 abiit
1156 2300 1202 2342 et
1232 2289 1433 2343 recessit
1466 2289 1638 2359 (Cant.
1671 2292 1751 2356 tt).
1804 2293 1880 2344 Ac
1906 2288 2098 2344 deinde

512 2375 720 2443 inquit,
758 2375 891 2430 Veni
920 2378 983 2431 de
1014 2377 1211 2431 Libano
1234 2419 1249 2443 ,
1277 2379 1411 2444 veni,
1442 2379 1762 2433 coronaberis
1791 2377 1967 2447 (Cant.
2000 2376 2095 2448 tv).

516 2466 624 2523 Nec
653 2467 922 2522 immerito
962 2470 1121 2537 igitur
1152 2470 1334 2525 venire
1362 2474 1429 2524 de
1473 2470 1675 2525 Libano
1705 2470 1945 2540 iubetur,
1973 2473 2097 2539 quia

513 2556 746 2613 Libanus
794 2559 1098 2614 candidatio
1141 2561 1542 2626 interpretatur.
1579 2560 1705 2615 Erat
1742 2563 1882 2615 enim
1917 2561 2100 2617 candi-

513 2648 634 2705 data
666 2650 819 2705 beata
849 2651 999 2722 virgo
1038 2652 1200 2705 Maria
1241 2652 1422 2706 multis
1451 2652 1764 2707 meritorum
1792 2653 2095 2723 virtutibus,

513 2756 577 2798 ac
598 2742 843 2798 dealbata
870 2744 990 2799 nive
1010 2745 1288 2799 candidius
1313 2745 1544 2813 Spiritus
1565 2744 1734 2802 saneti
1764 2746 2097 2811 muneribus,

517 2833 917 2903 simplicitatem
935 2836 1192 2891 columba:
1214 2837 1265 2891 in
1285 2836 1533 2891 omnibus
1553 2846 1959 2904 reprarsentans,
1976 2852 2101 2907 quo-

515 2928 659 2984 niam
685 2930 943 3000 quidquid
971 2930 1023 2984 in
1044 2945 1105 2985 ea
1129 2940 1332 2999 gestum
1354 2940 1455 2996 est,
1482 2939 1647 2985 totum
1671 2929 1873 3000 puritas
1893 2941 1944 2985 et
1974 2931 2100 2985 sim-

512 3024 749 3093 plicitas,
788 3035 954 3081 totum
986 3026 1154 3097 gratia
1190 3034 1243 3081 et
1279 3027 1475 3081 veritas
1507 3026 1638 3091 fttit,
1674 3034 1842 3080 totum
1883 3026 2095 3082 miseri-

2193 1832 2287 1886 sed
2315 1832 2433 1900 quia
2467 1832 2517 1885 in
2553 1830 2642 1885 illo
2674 1831 2833 1884 unico
2864 1828 3000 1883 Filio
3040 1827 3153 1896 Dei,
3184 1828 3293 1898 jam
3319 1829 3496 1882 unitas
3535 1843 3783 1897 persona

2195 1926 2603 1979 commendatur
2632 1938 2751 1994 quae
2777 1923 2987 1977 occulta
3018 1930 3131 1975 erat
3153 1920 3205 1975 in
3234 1920 3511 1991 mysterio.
3545 1921 3698 1987 Quod
3729 1931 3785 1976 et

2196 2015 2318 2070 alibi
2357 2015 2653 2083 evidenter,
2698 2013 2799 2077 Qui
2841 2013 2990 2081 elegit
3030 2027 3152 2079 nos,
3200 2011 3403 2082 inquit,
3444 2020 3567 2064 ante
3606 2012 3783 2064 mundi

2196 2107 2600 2160 constitutionem
2621 2106 2674 2159 in
2707 2106 2819 2173 ipso
2845 2103 3062 2172 (Ephes.
3096 2102 3169 2173 I);
3197 2103 3318 2171 quia
3352 2101 3590 2170 proiecto
3628 2102 3785 2171 quid-

2197 2196 2322 2264 quid
2353 2196 2491 2249 Deus
2520 2193 2644 2249 fecit
2664 2194 2731 2247 ab
2758 2193 2928 2259 initio,
2954 2202 3121 2246 totum
3149 2191 3274 2246 iecit
3298 2207 3394 2261 per
3415 2189 3676 2245 unitatem
3700 2206 3786 2247 sa—

2198 2285 2479 2337 cramenti.
2510 2282 2574 2336 Et
2599 2281 2718 2336 ideo
2732 2282 2842 2351 jam
2866 2280 3021 2336 Iesus
3043 2290 3159 2335 erat
3180 2284 3232 2335 in
3261 2279 3390 2346 lilio,
3409 2280 3499 2348 qui
3522 2282 3784 2350 populum

2198 2377 2488 2441 educebat,
2521 2385 2575 2431 et
2603 2375 2847 2431 Christus
2874 2375 2925 2429 in
2955 2388 3021 2430 eo
3048 2374 3136 2440 qui
3168 2374 3486 2440 tentabatur,
3514 2374 3774 2443 quoniam

2198 2481 2410 2535 semper
2449 2482 2543 2536 per
2578 2466 2896 2521 sacramenti
2938 2465 3193 2520 unitatem
3232 2467 3284 2520 in
3322 2464 3433 2521 Deo
3473 2463 3633 2520 fuisse
3666 2478 3782 2520 non

2199 2556 2491 2611 dubitatur.
2516 2556 2764 2626 Alioquin
2801 2555 2901 2610 nisi
2940 2554 3014 2608 ita
3051 2554 3376 2621 credideris,
3416 2563 3511 2608 aut
3533 2554 3783 2610 Christus

2203 2647 2342 2702 Deus
2371 2663 2476 2701 non
2505 2647 2608 2702 erit
2643 2646 2893 2713 omnino,
2935 2655 3028 2699 aut
3066 2654 3250 2700 contra
3290 2644 3606 2715 prophetam
3646 2645 3787 2701 Deus

2198 2753 2389 2795 recens
2429 2738 2717 2794 videbitur.
2761 2738 2865 2794 Sed
2906 2752 2971 2792 ne
3017 2736 3212 2792 talibus
3248 2735 3553 2806 quatiamur
3592 2735 3791 2791 calum-

2204 2834 2342 2902 niis,
2374 2831 2673 2888 scrutandae
2711 2840 2835 2887 sunt
2866 2831 3185 2900 Scripturae,
3220 2831 3270 2885 in
3300 2829 3496 2901 quibus
3525 2830 3705 2885 unitas
3734 2829 3789 2885 in

2201 2926 2414 2981 Christo
2435 2926 2839 2982 commendatur
2863 2939 3123 2996 personae,
3149 2939 3305 2995 quem
3327 2939 3436 2979 non
3470 2923 3789 2994 praiudicat

2203 3025 2409 3086 tempus
2428 3058 2444 3084 ,
2484 3032 2550 3073 ne
2582 3033 2718 3072 unus
2745 3032 2959 3085 semper
2988 3016 3216 3073 dicatur.
3247 3015 3383 3071 Hinc
3409 3029 3633 3087 quoque
3663 3017 3788 3072 bes-

511 3090 691 3176 uordia
720 3090 773 3174 et
796 3090 1038 3189 iustitia,
1068 3132 1186 3189 qua:
1217 3118 1282 3173 de
1321 3120 1460 3174 caelo
1501 3106 1775 3188 prospexit
1819 3134 1834 3173 :
1877 3127 1933 3174 et
1971 3118 2094 3174 ideo
2120 3090 2172 3160 (Ξ
2203 3118 2285 3165 tus
2314 3112 2498 3165 Petrus
2529 3111 2751 3179 loquens
2778 3111 2847 3166 de
2870 3110 3115 3166 Patribus
3141 3110 3215 3165 ait
3242 3127 3258 3166 :
3287 3109 3391 3165 Per
3427 3111 3659 3181 gratiam
3688 3109 3789 3163 Do-

511 3208 879 3274 immaculata,
912 3209 1034 3278 quia
1067 3210 1118 3263 in
1149 3209 1296 3263 nullo
1324 3218 1594 3277 corrupta.
1639 3206 1985 3262 Circumdedit
2016 3210 2092 3262 ui-

512 3313 626 3352 rum
654 3299 705 3353 in
735 3306 912 3365 utero,
944 3301 1079 3355 sicut
1106 3299 1364 3355 Ieremias
1394 3311 1608 3356 sanctus
1638 3309 1886 3366 testatur,
1912 3312 1963 3356 et
1990 3316 2094 3356 non

512 3388 726 3443 aliunde
756 3391 978 3458 accepit.
1009 3384 1206 3453 Faciet,
1240 3390 1432 3459 inquit,
1470 3391 1717 3444 Dominus
1739 3405 1920 3444 norum
1946 3408 2098 3459 super

514 3487 723 3543 terram,
750 3486 797 3532 et
820 3480 1006 3533 mulier
1035 3479 1370 3533 circumdabit
1399 3481 1561 3533 uirum
1593 3479 1727 3550 (Ier.
1761 3481 1929 3549 χχχι).
1962 3481 2097 3537 Vere

514 3581 732 3635 novum,
762 3644 765 3647 δ
789 3578 839 3624 et
868 3572 1104 3625 omnium
1132 3573 1422 3626 novitatum
1451 3571 1857 3641 supereminens
1884 3574 2096 3629 novitas

511 3660 787 3726 virtutum,
818 3663 1033 3729 quando
1060 3662 1221 3730 Deus,
1253 3678 1410 3731 quem
1439 3663 1578 3718 ferre
1611 3678 1712 3719 non
1739 3674 1916 3732 potest
1946 3681 2098 3721 mun-

512 3746 635 3812 dus,
662 3764 835 3817 neque
863 3748 1043 3806 videre
1066 3751 1256 3819 aliquis
1286 3761 1344 3806 ut
1367 3753 1549 3808 vivere
1574 3754 1758 3820 possit,
1787 3755 1864 3808 sic
1890 3755 2097 3825 ingres-

516 3856 609 3896 sus
635 3850 717 3897 est
748 3843 1034 3913 hospitium
1065 3846 1291 3913 ventris,
1324 3853 1381 3900 ut
1408 3846 1647 3915 corporis
1669 3847 1896 3902 claustra
1927 3845 2100 3902 nesci-

516 3941 634 3999 ret,
666 3933 851 4004 sicque
878 3945 1115 4006 gestatus
1136 3976 1153 4000 ,
1191 3945 1249 3991 ut
1288 3947 1429 3993 totus
1466 3937 1606 3993 Deus
1640 3940 1690 3993 in
1726 3954 1792 3995 eo
1827 3948 1968 3995 esset
2000 3958 2014 3997 :
2044 3949 2097 3997 et

513 4021 593 4077 sic
639 4024 760 4077 inde
802 4026 984 4090 exivit,
1033 4036 1089 4079 ut
1143 4027 1384 4083 Ezmhiel
1431 4029 1649 4096 fatetur,
1698 4020 1847 4100 porta
1892 4032 2099 4087 omnino

514 4112 713 4168 clausa.
740 4115 889 4171 Unde
910 4116 1122 4172 canitur
1144 4119 1193 4172 in
1217 4120 1416 4174 eisdem
1435 4119 1668 4176 Canticis
1694 4123 1761 4177 de
1782 4138 1873 4176 ea:
1902 4122 2099 4179 Hortus

516 4205 822 4270 conclusus,
870 4208 984 4274 fons
1031 4208 1299 4277 signatus,
1343 4210 1633 4264 emissiones
1680 4220 1779 4264 tua:
1825 4215 2099 4281 paradisus

519 4292 704 4361 (Cant.
737 4295 844 4365 tv).
878 4295 1015 4351 Vere
1060 4299 1244 4353 hortus
1276 4300 1619 4367 deliciarum,
1665 4304 1717 4356 in
1758 4318 1866 4372 quo
1890 4307 2096 4362 consita

517 4392 643 4438 sunt
670 4384 919 4439 universa
955 4386 1142 4441 florum
1188 4402 1413 4457 genera,
1452 4400 1506 4445 et
1532 4392 1877 4448 odorantenta
1921 4394 2097 4449 virtu-

516 4482 662 4539 tum,
702 4474 884 4542 sicque
913 4478 1197 4533 conclusus
1216 4521 1230 4546 ,
1258 4491 1312 4532 ut
1344 4483 1545 4535 nesciat
1571 4484 1753 4537 violari
1784 4499 1955 4553 neque
1979 4499 2097 4539 cer-

517 4564 692 4630 rumpi
717 4564 839 4619 ullis
862 4567 1172 4622 insidiarum
1202 4570 1494 4626 fraudibus.
1519 4572 1659 4627 Fons
1679 4573 1839 4643 igitur
1858 4575 2096 4644 signatus

518 4651 696 4720 sigillo
723 4656 882 4709 totius
906 4658 1210 4724 Trinitatis,
1247 4676 1309 4716 ex
1350 4677 1456 4733 quo
1502 4664 1619 4718 fons
1649 4667 1770 4719 vitae
1801 4678 2012 4733 manat,
2043 4669 2096 4722 in

516 4743 670 4812 cujus
695 4744 893 4802 lumine
914 4764 1102 4805 omnes
1123 4753 1364 4808 videmus
1392 4756 1589 4822 lumen,
1615 4758 1736 4827 quia
1758 4760 1910 4826 juxta
1935 4758 2096 4813 Ioan-

520 4848 666 4901 nettt,
695 4836 803 4906 ipse
828 4847 898 4893 est
924 4843 1010 4908 qui
1037 4843 1291 4898 illuminat
1314 4864 1510 4901 onmem
1539 4850 1793 4902 hominem
1820 4850 2096 4904 venientem

517 4939 570 4976 tn
594 4924 727 4978 hunc
757 4930 1022 4986 mundum.
1064 4932 1226 5001 Cujus
1264 4937 1503 5005 profecto
1537 4940 1754 4992 emissio
1797 4940 1966 5003 uteri,
2006 4955 2096 4996 su-

521 5027 806 5082 pernorum
856 5020 1052 5075 civium
1102 5026 1337 5078 omnium
1387 5036 1468 5080 est
1515 5027 1810 5095 paradisus.
1866 5030 1937 5082 De
1992 5032 2095 5085 isto

520 5120 750 5177 namque
777 5112 979 5166 ventris
1006 5129 1134 5184 agro
1164 5117 1462 5182 patriarcha
1500 5116 1646 5172 Isaac
1683 5119 1837 5186 longe
1860 5121 2092 5177 odorans

516 5198 690 5254 aiebat
722 5218 735 5253 :
773 5200 901 5255 Ecce
926 5205 1051 5257 odor
1075 5204 1174 5270 lilii
1196 5209 1295 5261 mei
1324 5208 1451 5262 sicut
1476 5210 1605 5262 odor
1622 5210 1732 5277 agri
1760 5210 1916 5278 pleni,
1943 5229 2089 5282 quem

517 5288 771 5345 benedixit
802 5293 1049 5349 Dominus
1074 5296 1239 5365 (Gen.
1274 5300 1469 5370 sum).
1502 5300 1750 5366 Quamvis
1781 5310 1967 5371 putent
1995 5319 2088 5372 pa-

516 5394 635 5437 rum
664 5385 1021 5454 intelligentes
1051 5391 1191 5455 quod
1222 5391 1429 5461 priores
1459 5391 1629 5446 sancti
1652 5393 1823 5449 minus
1847 5395 1913 5448 de
1937 5394 2091 5451 Chri-

516 5480 601 5526 sto
640 5474 1015 5531 intelleserunt
1056 5482 1365 5547 mysterium
1407 5482 1811 5550 incarnationis,
1862 5500 1981 5541 cum
2034 5497 2090 5543 et

518 5566 615 5634 ipsi
640 5570 825 5625 eadem
852 5572 1039 5626 saivati
1080 5574 1186 5627 sint
1223 5574 1411 5643 gratia.
1452 5577 1599 5632 Unde
1636 5588 1845 5634 constat
1882 5589 2092 5649 tempus

519 5672 621 5711 non
650 5664 1021 5730 prmjudicasse
1057 5676 1447 5724 sacramentum
1473 5671 1602 5726 uniti
1630 5673 1860 5728 hominis
1886 5690 1947 5729 ac
1975 5674 2087 5742 Dei,

521 5748 591 5819 ita
623 5760 680 5808 ut
699 5752 809 5833 jatp
834 5766 978 5819 esset
1011 5758 1065 5838 ip
1091 5758 1186 5833 illp
1211 5774 1311 5827 per
1337 5764 1593 5823 unitatem
1624 5780 1865 5839 persona:
1893 5766 1961 5825 ab
1986 5766 2091 5825 ini-

2198 3205 2323 3257 mini
2347 3205 2508 3258 nostri
2538 3202 2665 3259 Iesu
2696 3203 2891 3259 Christi
2927 3204 3183 3258 credimus
3205 3202 3431 3270 salvari,
3456 3204 3789 3271 quemadmoo
3830 3258 3835 3261 .

2199 3298 2319 3350 dum
2348 3307 2395 3351 et
2421 3297 2502 3351 illi
2526 3299 2662 3367 (Act.
2694 3297 2773 3368 v).
2803 3296 3043 3366 Namque
3070 3297 3190 3351 illos
3217 3296 3478 3351 Dominus
3506 3295 3659 3350 solus
3686 3294 3785 3348 du-

2196 3390 2349 3445 cebat
2384 3396 2439 3444 et
2480 3404 2585 3443 non
2624 3399 2741 3443 erat
2781 3402 2899 3443 cum
2938 3404 3004 3443 eo
3039 3387 3179 3443 Deus
3220 3387 3449 3443 alienus.
3496 3385 3651 3441 Unde
3687 3397 3785 3440 nec

2198 3482 2476 3537 nobiscum
2508 3482 2647 3536 Deus
2685 3495 2906 3547 recens,
2941 3480 3063 3550 quia
3103 3492 3237 3534 unus
3275 3479 3528 3547 idemque
3566 3486 3651 3532 est
3692 3474 3786 3545 qui

2198 3587 2382 3629 eorum
2430 3573 2619 3629 ductor
2658 3571 2791 3640 fuit,
2832 3583 2885 3629 et
2920 3582 3103 3629 noster
3139 3585 3234 3641 per
3272 3570 3569 3639 passionem
3598 3566 3781 3623 carnis

2198 3680 2311 3720 suae
2338 3665 2668 3732 redemptor.
2694 3664 2842 3719 Unus
2868 3662 3129 3735 siquidem
3155 3674 3253 3717 sua
3276 3660 3330 3716 in
3358 3674 3541 3727 carne,
3561 3671 3699 3713 unus
3720 3656 3780 3712 in

2198 3765 2570 3822 sacramento,
2596 3764 2756 3825 atque
2785 3770 2919 3808 unus
2950 3756 3002 3809 in
3036 3754 3225 3823 Spiritu
3255 3770 3267 3807 :
3305 3766 3403 3807 nec
3431 3749 3668 3805 admittit
3692 3762 3786 3804 ra-

2198 3850 2295 3915 tio,
2326 3858 2385 3904 ut
2415 3848 2549 3903 alius
2579 3849 2716 3903 illius
2745 3847 2995 3915 hominis,
3030 3846 3167 3900 alius
3197 3844 3365 3899 Filius
3393 3842 3488 3898 Dei
3517 3841 3786 3909 intelliga-

2198 3947 2307 4007 tur,
2340 3941 2432 4007 qui
2467 3953 2563 3994 nec
2601 3947 2842 4008 tempore
2879 3935 3258 4007 praescribitur,
3289 3947 3390 3989 nec
3413 3933 3671 4004 passione
3696 3946 3786 3987 se-

2199 4040 2439 4100 paratur,
2477 4031 2569 4086 sed
2609 4039 2751 4084 totus
2792 4030 2931 4084 Deus
2961 4029 3013 4083 in
3046 4026 3349 4088 Christum,
3379 4033 3435 4080 et
3454 4023 3707 4079 Christus
3735 4022 3786 4078 in

2200 4124 2366 4180 Deum
2404 4124 2641 4192 transiit,
2670 4134 2729 4177 ut
2764 4122 3016 4193 quidquid
3057 4121 3149 4176 Dei
3193 4119 3358 4176 Filius
3387 4127 3504 4182 est,
3534 4116 3785 4173 Christus

2198 4219 2428 4280 dicatur,
2471 4225 2525 4271 et
2563 4216 2819 4285 quidquid
2862 4215 2913 4269 in
2950 4227 3111 4269 carne
3148 4212 3388 4268 Christus
3433 4212 3689 4281 pertulit,
3732 4210 3783 4265 id

2202 4311 2339 4365 Deus
2366 4308 2651 4381 pertulisse
2689 4315 2834 4362 recte
2871 4307 3138 4363 credatur.
3170 4304 3420 4373 Alioquin
3449 4304 3499 4360 si
3523 4304 3593 4359 ad
3624 4303 3785 4359 ratio-

2200 4414 2319 4452 nem
2350 4397 2640 4466 respicias,
2672 4405 2726 4451 et
2749 4395 2814 4449 ad
2847 4410 3034 4450 sensus
3065 4392 3325 4448 humanos
3352 4407 3689 4464 nequaquam
3715 4396 3785 4450 ita

2200 4498 2419 4544 eatenus
2460 4494 2743 4556 potuerunt
2779 4486 2917 4541 inter
2953 4501 3012 4541 se
3055 4486 3344 4541 convenire
3380 4485 3557 4541 deitas
3596 4494 3655 4540 et
3689 4485 3787 4539 bu-

2202 4594 2358 4635 mana
2386 4578 2644 4635 conditio.
2676 4577 3055 4631 Convenerunt
3089 4576 3141 4631 in
3174 4575 3415 4641 Christo,
3450 4585 3509 4631 et
3542 4591 3688 4631 unus
3715 4591 3786 4631 ex

2199 4670 2457 4723 ambabus
2489 4667 2822 4723 Emmanuel.
2857 4667 3004 4736 Rogo
3030 4680 3155 4730 vos,
3191 4681 3226 4720 o
3252 4666 3518 4736 virgines,
3558 4681 3695 4736 rogo
3734 4671 3788 4721 et

2198 4761 2393 4826 viduae,
2425 4759 2706 4814 imitamini
2738 4760 2952 4813 Paulam
2977 4768 3200 4814 matrem
3230 4758 3443 4813 viduam
3463 4798 3481 4825 ,
3505 4758 3789 4829 exemplar

2197 4854 2539 4908 continentiae
2561 4861 2613 4906 et
2635 4853 2919 4917 castitatis;
2935 4851 3211 4905 imitamini
3235 4851 3785 4922 Eustochiom,quam

2202 4944 2409 4998 habetis
2438 4943 2734 5008 vobiscum,
2769 4942 3033 5011 virginem
3072 4950 3128 4997 et
3162 4941 3390 4998 formam
3416 4942 3671 5010 perfecte
3702 4945 3782 4998 in-

2199 5034 2477 5104 tegritatis.
2522 5034 2671 5099 Quod
2698 5033 2743 5087 si
2776 5035 2952 5088 minus
2985 5044 3069 5089 est
3105 5034 3157 5087 in
3188 5033 3293 5088 illis
3326 5048 3489 5104 quam
3518 5036 3574 5089 in
3605 5044 3781 5090 matre

2200 5127 2439 5191 Domini,
2472 5129 2578 5182 imo
2605 5128 2725 5195 quia
2758 5137 2870 5194 est,
2896 5127 3102 5183 habetis
3131 5128 3337 5198 prolem
3366 5129 3695 5195 secundam,
3728 5137 3785 5186 α

2194 5217 2453 5288 virginem
2514 5225 2860 5285 perpetuam,
2916 5219 3039 5288 quia
3077 5219 3215 5275 sicut
3256 5221 3309 5275 in
3368 5220 3785 5291 comparatione

2198 5307 2405 5363 Domitii
2438 5322 2594 5363 nemo
2622 5308 2823 5378 bonus,
2854 5310 2924 5363 ita
2950 5310 3002 5362 in
3026 5309 3429 5380 comparatione
3454 5313 3649 5367 matris
3675 5311 3770 5366 Do

2196 5400 2323 5454 mini
2352 5400 2491 5454 nulla
2521 5400 2789 5455 invenitur
2810 5401 3061 5469 perfecta.
3085 5404 3326 5472 quamvis
3345 5405 3641 5460 virtutibus
3665 5406 3783 5461 eri-

2198 5490 2299 5544 mia
2327 5490 2721 5561 comprobatur.
2757 5492 2911 5546 Malui
2936 5493 3078 5548 enim
3100 5493 3365 5563 excipere
3390 5495 3647 5552 ruborem
3677 5512 3763 5565 pu-

2197 5581 2363 5647 doris,
2389 5596 2547 5651 quam
2578 5596 2681 5637 non
2708 5585 2926 5652 exsequi
2945 5584 3236 5653 jussionent
3263 5594 3519 5655 vestram,
3545 5601 3777 5657 quarum

2197 5674 2445 5743 precibus
2474 5688 2853 5742 nonnunquam
2896 5676 3034 5731 Deus
3069 5688 3250 5733 noster
3280 5678 3504 5735 obedire
3542 5680 3775 5747 videtur,

2194 5766 2492 5841 praesertim
2512 5780 2635 5826 cum
2663 5766 2907 5827 habeatis
2933 5769 3209 5829 nobiscum
3235 5786 3369 5855 quas
3391 5773 3591 5833 imitari
3620 5774 3762 5837 virtu
