4096 6346
275 1322 304 1360 ,δ

305 375 453 441 1505

1302 366 1775 428 ηοωωΔιιιυδ.
1814 391 1888 408 -
1923 363 2090 425 ΗΘΜ.
2130 366 2220 424 DE
2247 366 2553 427 SANCTIS.

3433 380 3576 440 1506

307 511 377 569 tis
402 514 523 575 est,
562 516 685 562 cum
720 501 915 574 quibus
949 500 1157 559 discere
1194 498 1416 569 potestis
1457 498 1709 554 allectum
1746 513 1778 554 a
1813 511 1899 551 me
1927 496 1982 558 A
2006 496 2158 568 (Luc.
2186 498 2268 569 i)?
2294 499 2351 554 Si
2380 500 2599 557 cuilibet
2625 500 2817 572 virgini
2845 501 3181 573 desponsata:
3205 506 3256 562 in
3280 507 3457 565 animo
3484 524 3582 569 suo

310 601 487 674 potius
514 611 674 669 quam
696 593 1066 666 magisterium
1091 591 1235 665 quod
1265 590 1335 647 ad
1363 589 1574 646 laudem
1603 587 1763 646 huius
1790 588 1899 647 diei

310 690 635 766 requisistis.

697 779 1134 847 liOMlLIA
1218 776 1511 835 XLVII.

858 890 926 930 DE
948 888 1129 929 EODEI
1155 887 1342 929 ηετο.

691 969 795 1038 (Ex
823 968 957 1036 Opp.
987 966 1159 1022 sancti
1184 965 1517 1037 Augustini.)

322 1110 325 1113 λ
384 1066 451 1121 In
477 1063 568 1121 illo
595 1071 817 1131 tempore
843 1059 1052 1114 intrauit
1078 1057 1112 1113 J
1119 1074 1232 1114 esus
1257 1060 1310 1113 in
1328 1059 1589 1129 quoddam
1609 1058 1902 1128 castellum,

312 1172 364 1218 et
389 1161 574 1213 mulier
600 1156 834 1225 quedam
863 1152 1074 1209 Martha
1108 1154 1311 1209 nomine
1332 1154 1525 1225 excepit
1548 1153 1698 1209 illum
1726 1154 1780 1209 in
1810 1154 1906 1208 do-

316 1269 455 1309 mum
482 1267 649 1314 suam,
681 1256 786 1304 etc.
816 1245 969 1319 (Luc.
1000 1245 1079 1318 ι).

392 1344 569 1399 Verba
611 1340 816 1396 Domini
864 1339 1031 1395 nostri
1070 1337 1196 1394 Jesu
1242 1337 1479 1403 Christi,
1527 1345 1634 1394 etc.
1685 1336 1907 1408 Reliqua
1954 1322 1961 1330 ’

316 1436 437 1492 uide
480 1434 706 1502 Operam
752 1432 915 1486 sancti
963 1430 1247 1503 Augustini,
1281 1439 1415 1485 tomo
1468 1428 1537 1502 V,
1592 1426 1909 1503 Patrologia'

316 1525 475 1586 xxx
493 1523 656 1595 vm,
685 1523 788 1580 col.
821 1524 946 1580 διδ.

843 1614 1119 1672 HOMILIA
1161 1615 1393 1672 XLVII].

887 1726 940 1766 ΙΝ
962 1724 1136 1765 EODEM
1162 1726 1351 1767 FESTO.

656 1802 760 1874 (Ex
790 1801 954 1858 beato
982 1803 1239 1857 Anselmo
1265 1802 1565 1873 episcopo.)

2006 589 2313 657 disponenti
2341 591 2542 648 nubere
2567 594 2855 662 diceretur,
2880 596 3045 651 lilium
3074 598 3316 667 habebis,
3348 617 3454 658 non
3480 602 3585 660 mi-

2011 688 2243 750 raretur,
2278 697 2449 753 neque
2478 684 2830 755 interrogaret
2856 688 3125 758 quomodo
3154 690 3283 746 illud
3320 691 3493 763 ﬂeret,
3525 706 3584 753 ιιι

2006 782 2133 844 pote
2167 776 2291 847 quia
2329 791 2389 832 se
2429 776 2835 849 desponsatam,
2865 793 2919 838 et
2947 783 2999 838 in
3031 786 3272 853 proximo
3301 800 3585 860 nupturam

2005 869 2190 935 sciret,
2219 880 2273 927 et
2304 884 2334 926 a
2363 872 2479 927 viro
2510 872 2783 929 fecundari
2814 890 2910 931 usu
2940 888 3181 947 speraret
3209 890 3431 939 naturae.
3460 884 3586 943 Hac

2006 971 2185 1018 autem
2230 978 2335 1019 non
2379 966 2645 1022 immerito
2686 967 2875 1022 mirata
2906 977 3017 1037 est,
3063 978 3119 1027 et
3154 974 3420 1040 quomodo
3445 976 3586 1045 quod

2008 1057 2418 1126 promittebatur
2460 1059 2646 1129 ﬁeret,
2686 1060 2956 1116 sciscitata
3002 1078 3015 1115 :
3054 1063 3302 1133 quoniam
3346 1067 3589 1137 quamvis

2009 1149 2420 1218 desponsatam,
2449 1158 2629 1206 tamen
2658 1166 2717 1207 se
2760 1166 3028 1222 nunquam
3066 1164 3347 1223 nupturam
3372 1198 3385 1220 ,
3419 1173 3592 1227 neque

2010 1241 2185 1296 virum
2216 1241 2544 1312 cognituram
2567 1244 2859 1301 certissime
2887 1247 3112 1302 sciebat.
3138 1248 3248 1304 Hoc
3270 1249 3337 1305 de
3363 1251 3592 1321 virgini-

2012 1341 2139 1389 tate.
2183 1334 2256 1388 De
2286 1334 2596 1391 humilitate
2630 1345 2810 1405 autem
2851 1338 3136 1395 dicendum
3176 1343 3318 1411 quod
3361 1358 3483 1400 cum
3526 1345 3593 1402 ab

2013 1426 2204 1496 angelo
2247 1426 2590 1496 salutaretur,
2629 1438 2804 1495 mater
2841 1431 2933 1487 Dei
2975 1432 3283 1504 eligeretur,
3325 1437 3592 1506 quomodo

2013 1521 2163 1578 ﬁeret
2203 1522 2346 1578 salva
2379 1523 2710 1595 virginitate,
2742 1527 2829 1581 cui
2864 1536 3064 1584 tantum
3097 1529 3347 1597 timebat.
3376 1532 3591 1591 docere-

2014 1620 2122 1679 tur,
2162 1613 2442 1670 benedicta
2483 1630 2645 1684 super
2682 1631 2869 1674 omnes
2910 1619 3162 1677 mulieres
3196 1622 3594 1693 praedicaretur,

2013 1707 2290 1775 respondit
2315 1726 2327 1761 :
2352 1706 2486 1763 Ecce
2512 1708 2705 1765 ancilla
2729 1709 2961 1767 Domini.
2985 1713 3052 1768 Et
3070 1713 3125 1768 in
3145 1712 3248 1769 alio
3275 1714 3393 1771 loco
3421 1732 3436 1771 :
3462 1716 3595 1783 Quia

2016 1800 2233 1869 respexit
2272 1800 2609 1857 humilitatem
2656 1804 2861 1859 ancilla
2906 1821 3034 1860 suae.
3077 1805 3122 1861 0
3162 1806 3401 1864 sublimis
3448 1808 3596 1879 virgo

393 1897 460 1951 In
482 1898 572 1953 illo
596 1905 823 1967 tempore
844 1897 1054 1951 intravit
1083 1894 1236 1951 Iesus
1259 1897 1310 1949 in
1335 1897 1594 1967 quoddam
1618 1896 1903 1967 castellum,
1938 1877 1988 1941 Β
2013 1902 2186 1948 tnater
2216 1894 2345 1961 Dei,
2376 1909 2409 1950 ο
2436 1894 2650 1951 humilis
2680 1907 2854 1953 mater
2882 1898 3073 1954 ancilla
3116 1898 3229 1955 Dei.
3256 1900 3393 1968 Quid
3433 1877 3592 1957 subli-

320 2000 371 2046 et
396 1992 576 2045 mulier
593 1988 807 2044 Martha
826 1989 1031 2045 nomine
1049 1988 1244 2061 excepit
1265 1988 1410 2044 illum
1437 1988 1489 2043 in
1511 1989 1717 2043 domum
1738 2003 1909 2059 suam,
1954 1978 1972 1993 ’

326 2097 432 2144 etc.
458 2086 612 2157 (Luc.
638 2088 717 2151 χ).

395 2179 452 2232 lu
482 2177 759 2246 Scriptura
796 2190 949 2233 sacra
974 2190 1060 2232 res
1090 2189 1193 2231 una
1224 2182 1279 2232 et
1306 2174 1497 2230 eadem
1529 2173 1795 2231 multoties
1824 2174 1909 2228 in-

321 2270 540 2326 venitur
569 2268 781 2324 diversa
809 2268 1131 2337 signiﬁcare,
1155 2268 1293 2322 sicut
1324 2268 1430 2333 leo,
1457 2266 1664 2336 haedus,
1698 2268 1834 2337 ignis
1859 2276 1913 2322 et

324 2376 460 2429 aqua
483 2401 498 2426 ,
549 2360 634 2415 vel
664 2360 824 2416 etiam
859 2360 1024 2415 solet
1060 2359 1162 2414 alia
1201 2360 1386 2413 multa.
1420 2359 1516 2414 Est
1557 2359 1698 2413 enim
1727 2359 1809 2412 leo
1846 2359 1913 2414 de

323 2453 461 2508 tribu
491 2452 625 2509 Juda
646 2493 662 2519 ,
689 2462 770 2508 est
800 2452 885 2508 leo
915 2453 1005 2523 qui
1035 2452 1211 2506 circuit
1238 2467 1472 2521 quazrens
1510 2465 1661 2521 quem
1687 2453 1910 2506 devoret.

323 2544 423 2601 Est
464 2545 649 2615 haedus
685 2543 996 2601 emissarins
1031 2546 1123 2614 qui
1165 2552 1382 2613 peccata
1426 2555 1608 2599 nostra
1658 2544 1907 2612 portavit,
1948 2534 1953 2545 ’

324 2645 410 2694 est
440 2636 623 2692 haedus
651 2651 680 2691 a
712 2636 941 2692 sinistris
982 2636 1071 2705 qui
1114 2636 1419 2690 damnatur.
1454 2635 1545 2690 Est
1582 2634 1716 2703 ignis
1752 2650 1911 2704 quem

329 2728 474 2784 misit
500 2728 759 2784 Dominus
786 2729 838 2782 in
870 2736 1162 2792 terram,et
1189 2742 1347 2796 quem
1377 2727 1490 2781 vult
1514 2734 1571 2779 ut
1587 2725 1800 2791 ardeat;
1832 2735 1914 2781 est

323 2821 464 2891 ignis
490 2822 577 2889 qui
608 2836 769 2888 super
798 2820 991 2890 impios
1018 2819 1190 2885 cadit,
1225 2828 1284 2874 ut
1318 2834 1423 2875 non
1465 2819 1680 2875 videant
1718 2819 1910 2875 solem.

322 2911 419 2967 Est
447 2927 581 2983 aqua
612 2914 766 2980 cujus
794 2911 1015 2968 ﬂumina
1059 2913 1231 2967 ﬂuunt
1272 2912 1339 2970 de
1381 2921 1567 2968 ventre
1602 2913 1907 2978 credentis;

322 3012 406 3059 est
431 3017 567 3073 aqua
593 3001 745 3072 cujus
778 3011 1067 3073 tempestas
1111 3018 1218 3059 non
1259 3017 1357 3059 nos
1386 3004 1667 3073 demergit.
1709 3004 1803 3060 Est
1830 3006 1912 3061 sol

321 3092 567 3165 iustitiae,
598 3095 686 3165 qui
721 3109 818 3151 nos
840 3095 1138 3160 illuminet,
1171 3105 1255 3151 est
1291 3096 1372 3150 sol
1413 3097 1503 3167 qui
1537 3111 1633 3151 nos
1665 3113 1767 3152 non
1796 3109 1913 3154 urat

322 3200 417 3254 per
439 3186 603 3241 diem.
646 3185 795 3242 Licet
825 3202 954 3255 ergo
983 3186 1261 3242 castellum
1302 3185 1434 3241 alias
1465 3187 1663 3242 malum
1704 3188 1910 3259 signiﬁ-

2022 1985 2161 2040 mius
2190 2001 2312 2042 esse
2342 1988 2555 2056 posset?
2572 1988 2696 2059 quid
2713 1988 2966 2046 humilius
2995 1990 3063 2046 de
3082 2005 3141 2047 se
3155 1991 3358 2049 sentire
3383 1994 3597 2062 posset?

2013 2074 2148 2132 Sunt
2177 2077 2265 2146 qui
2299 2080 2576 2135 castellum
2616 2079 2717 2136 hoc
2748 2081 3046 2151 b‘lagdalum
3088 2096 3208 2139 esse
3251 2083 3595 2156 arbitrantur,

2014 2180 2044 2221 a
2067 2181 2173 2236 quo
2193 2168 2355 2223 Maria
2385 2170 2692 2240 Magdalena
2713 2173 3140 2240 cognominatur.
3165 2173 3318 2239 Quod
3338 2175 3383 2229 si
3413 2190 3596 2230 verum

2014 2268 2127 2325 est,
2178 2262 2445 2330 pradietre
2498 2264 2926 2333 interpretationi
2973 2260 3278 2321 famulatur.
3329 2266 3597 2335 Magdalus

2014 2351 2156 2406 enim
2204 2352 2365 2409 turris
2412 2352 2625 2419 dicitur,
2677 2362 2732 2409 et
2777 2355 3061 2411 humilitati
3105 2366 3461 2426 comparatur.
3507 2356 3597 2413 llic

2015 2458 2143 2500 vero
2187 2460 2293 2500 non
2330 2446 2652 2513 nominatur,
2703 2447 2797 2502 sed
2846 2456 3051 2502 tantum
3097 2448 3361 2519 quoddam
3407 2448 3596 2504 dicitur

2014 2537 2157 2606 quod
2185 2536 2544 2593 indiscussum
2573 2540 2850 2607 praeterire
2870 2554 2974 2595 no"
3002 2540 3278 2597 debemus.
3307 2540 3599 2613 Quoddam,

2013 2629 2068 2685 id
2098 2638 2201 2697 est,
2235 2630 2507 2699 singulare
2537 2631 2814 2687 castellum
2838 2630 2937 2687 fuit
2957 2633 3107 2702 virgo
3136 2633 3319 2688 Maria.
3348 2633 3599 2701 Quamvis

2014 2721 2156 2777 enim
2187 2721 2366 2776 multae
2403 2722 2524 2777 alia:
2563 2730 2617 2777 et
2656 2737 2864 2777 murum
2898 2723 3216 2793 virginitatis
3246 2723 3511 2792 habeant,
3545 2734 3599 2782 et

2016 2814 2204 2869 turrim
2238 2812 2553 2868 humilitatis
2574 2853 2589 2877 ,
2622 2813 2674 2869 id
2700 2821 2809 2878 est,
2842 2814 3074 2885 virgines
3112 2815 3223 2870 sint
3257 2827 3311 2871 et
3347 2816 3597 2885 humiles,

2014 2914 2193 2962 tamen
2221 2906 2362 2960 salva
2393 2906 2692 2974 virginitate
2717 2914 2917 2962 matres
2947 2920 3066 2962 esse
3092 2921 3199 2962 non
3238 2918 3483 2978 possunt,
3506 2924 3596 2967 ne-

2015 3011 2119 3067 que
2151 2996 2288 3052 ﬁlios
2314 3010 2607 3067 generare,
2639 2998 2779 3067 quod
2817 2997 2916 3053 ista
2949 2999 3062 3054 sola
3091 2998 3235 3055 fecit.
3269 2999 3336 3054 Et
3361 2999 3479 3055 ideo
3506 3015 3596 3056 ca-

2014 3088 2227 3143 stellum
2261 3088 2361 3143 hoc
2391 3089 2584 3143 merito
2611 3089 2904 3158 quoddam,
2932 3090 2983 3144 id
3023 3098 3105 3146 est
3138 3089 3432 3160 singulare,
3468 3091 3597 3147 dici-

2016 3187 2123 3244 tur,
2155 3180 2279 3249 quia
2306 3180 2407 3235 ista
2438 3178 2780 3249 singulariter
2802 3190 2855 3236 et
2878 3181 3028 3251 virgo
3048 3189 3103 3236 et
3123 3191 3293 3237 mater
3317 3180 3435 3252 fuit,
3458 3182 3596 3252 quod

298 3288 425 3345 _cet,
461 3287 517 3332 ut
545 3274 675 3333 illud
707 3277 775 3333 de
818 3292 923 3347 quo
960 3277 1175 3344 dicitur,
1209 3276 1293 3331 Ite
1325 3278 1379 3332 in
1417 3280 1703 3346 castellum,
1741 3280 1828 3337 ubi
1859 3290 1912 3337 ei
1938 3263 1987 3328 C
2018 3274 2161 3329 nulla
2192 3274 2292 3328 alia
2324 3274 2495 3344 potuit
2524 3273 2608 3329 vel
2640 3272 2853 3342 poterit.
2887 3274 3081 3330 Verum
3119 3276 3476 3332 concedamus
3502 3276 3597 3332 ali-

321 3369 554 3437 additur,
584 3372 722 3441 quod
747 3380 927 3425 contra
960 3387 1046 3426 vos
1074 3380 1148 3425 est
1182 3370 1396 3442 (Matth.
1442 3373 1579 3444 ut),
1615 3374 1769 3442 plane
1796 3389 1911 3429 ma-

324 3464 541 3520 nifestat
567 3465 694 3536 quid
721 3465 1025 3536 signiticet,
1061 3475 1239 3521 tamen
1268 3465 1357 3522 hic
1382 3467 1661 3523 castellum
1686 3468 1739 3522 in
1774 3469 1913 3539 quod

325 3557 544 3614 intravit
581 3559 772 3626 Jesus,
806 3561 1130 3630 singularem
1158 3570 1212 3616 et
1253 3562 1623 3617 intemeratam
1656 3562 1914 3635 virginem

330 3649 571 3718 ejusdem
597 3649 725 3705 Jesu
754 3651 1068 3719 genitricem
1093 3650 1257 3717 (salva
1291 3649 1682 3718 Scripturarum
1709 3654 1912 3723 regula)

322 3754 418 3810 per
446 3740 849 3795 similitudinem
886 3740 1203 3807 accipimus.
1230 3740 1517 3795 Castellum
1548 3742 1691 3795 enim
1721 3742 1916 3797 dicitur

322 3828 578 3898 quaelibet
614 3829 773 3884 turris
810 3839 863 3884 et
893 3843 1079 3883 murus
1121 3828 1177 3883 in
1217 3829 1443 3883 circuitu
1479 3828 1613 3899 ejus.
1648 3830 1778 3895 Quae
1805 3831 1914 3887 duo

323 3918 556 3974 invicem
586 3933 707 3976 sese
735 3918 1051 3984 defendunt,
1083 3920 1155 3974 ita
1182 3927 1241 3975 ut
1272 3920 1453 3975 hostes
1484 3937 1579 3991 per
1602 3936 1811 3977 murum
1843 3924 1912 3979 ab

326 4024 485 4076 arce,
516 4019 573 4065 et
605 4027 636 4065 a
681 4025 838 4067 muro
876 4026 969 4081 per
1017 4026 1197 4067 arcem
1244 4020 1548 4069 arceantur.
1588 4012 1913 4083 llujusmodi

324 4102 549 4157 castello
579 4118 683 4159 non
708 4104 1000 4178 incongrue
1019 4106 1168 4179 virgo
1190 4109 1353 4164 Maria
1374 4108 1725 4179 assimilatur,
1753 4128 1911 4181 quam

324 4193 606 4263 virginitas
632 4198 830 4254 mentis
854 4208 910 4256 et
930 4202 1172 4270 corporis
1194 4201 1345 4272 quasi
1373 4218 1557 4258 murus
1582 4205 1653 4259 ita
1680 4205 1913 4276 undique

325 4284 572 4354 vallavit,
603 4297 660 4342 ut
684 4289 858 4347 nullus
888 4285 1120 4363 unquam
1165 4293 1365 4349 libidini
1396 4304 1539 4351 esset
1566 4297 1631 4352 ad
1666 4312 1784 4354 eam
1814 4315 1911 4354 ac-

326 4391 529 4445 cessus,
557 4394 657 4435 nec
683 4395 873 4438 sensus
896 4384 1011 4455 ejus
1041 4385 1216 4456 aliqua
1237 4398 1706 4457 corrumperentur
1725 4391 1912 4460 illece-

322 4466 448 4525 rbra.
481 4468 549 4525 Et
574 4471 697 4541 quia
725 4472 1106 4545 virginitatem,
1132 4492 1256 4533 cum
1285 4478 1450 4535 libido
1479 4496 1586 4535 non
1610 4485 1794 4549 possit,
1825 4498 1913 4539 so-

326 4558 404 4616 let
430 4560 745 4634 impugnare
771 4566 1019 4637 superbia
1044 4609 1060 4635 ,
1089 4576 1174 4624 est
1202 4570 1256 4624 in
1295 4570 1480 4627 eadem
1517 4571 1721 4643 virgine
1751 4576 1909 4630 turris

2014 3378 2171 3435 quam
2202 3380 2360 3435 posse
2385 3377 2439 3421 et
2463 3378 2688 3423 matrem
2719 3383 2839 3424 esse
2862 3378 2917 3424 et
2939 3367 3195 3437 virginem
3214 3410 3229 3436 ,
3260 3369 3508 3437 quamvis
3533 3371 3597 3425 sit

2014 3457 2372 3527 impossibile,
2394 3458 2553 3514 etiam
2575 3460 2654 3515 sic
2678 3460 2825 3531 virgo
2847 3461 3009 3516 Maria
3032 3461 3137 3517 erit
3154 3461 3456 3533 singularis,
3480 3463 3598 3533 quia

2017 3551 2234 3606 unicum
2263 3551 2358 3607 Dei
2392 3551 2582 3607 Filium
2606 3555 2806 3623 genuit,
2840 3554 2928 3624 qui
2951 3556 3090 3609 sicut
3116 3564 3200 3611 est
3229 3557 3416 3612 unicus
3443 3557 3600 3612 unico

2016 3642 2191 3708 Patri,
2227 3644 2297 3698 ita
2329 3653 2411 3698 est
2442 3645 2629 3699 unicus
2675 3646 2842 3700 unicae
2880 3646 3058 3701 matri.
3097 3646 3165 3701 Et
3200 3647 3318 3704 ideo
3356 3648 3516 3705 etiam
3553 3650 3597 3705 si

2014 3734 2165 3803 virgo
2194 3735 2398 3800 pariat,
2437 3736 2581 3789 nulla
2614 3737 2700 3790 vel
2733 3736 2981 3791 eumdem
3007 3738 3090 3793 vel
3126 3738 3289 3794 alium
3321 3741 3480 3795 talem
3510 3755 3600 3809 ge-

2014 3823 2244 3879 nerabit.
2272 3825 2369 3879 Est
2403 3839 2531 3894 ergo
2561 3825 2842 3880 castellum
2865 3827 3151 3897 quoddam,
3176 3830 3231 3884 in
3259 3831 3399 3901 quod
3430 3831 3599 3889 intra-

2013 3914 2090 3968 vit
2132 3916 2309 3972 Jesus.
2356 3916 2512 3971 Porta
2557 3931 2685 3973 vero
2730 3932 2826 3987 per
2864 3933 3020 3985 quam
3061 3919 3277 3975 intravit
3319 3921 3449 3977 ﬁdes
3494 3933 3599 3981 est.

2016 4006 2152 4074 Quia
2182 4008 2325 4062 enim
2356 4008 2615 4074 credidit,
2650 4010 2879 4079 perlecta
2919 4018 3045 4065 sunt
3072 4012 3121 4067 ei
3150 4027 3180 4066 a
3211 4010 3437 4068 Domino
3481 4030 3598 4084 quas

2016 4100 2084 4155 ab
2111 4101 2303 4169 angelo
2332 4100 2472 4155 dicta
2496 4110 2642 4168 sunt,
2669 4101 2808 4157 sicut
2831 4102 2906 4156 ait
2932 4101 2998 4157 ad
3024 4117 3140 4157 eam
3171 4102 3461 4160 Elizabeth.
3491 4105 3599 4163 Nec

2013 4190 2138 4261 quia
2167 4190 2324 4247 Jesus
2353 4190 2574 4247 intravit
2611 4190 2663 4246 in
2708 4193 2986 4249 castellum
3027 4194 3159 4261 hoc,
3201 4196 3452 4252 violatum
3492 4208 3593 4255 est.

2012 4281 2169 4339 Jesus
2198 4284 2341 4337 enim
2370 4283 2563 4349 salvat,
2595 4297 2699 4338 non
2730 4284 2921 4349 violat;
2954 4284 3222 4340 confracta
3250 4287 3465 4356 solidat,
3498 4304 3596 4344 nec

2012 4375 2300 4443 confringit
2328 4374 2519 4433 solida.
2554 4375 2863 4432 Secundum
2896 4391 3087 4431 nomen
3119 4376 3254 4447 ejus,
3282 4380 3352 4434 ita
3381 4389 3434 4434 et
3461 4395 3595 4449 Opus

2013 4468 2152 4539 ejus.
2182 4469 2246 4523 Et
2271 4471 2510 4539 quwdam
2538 4469 2723 4524 mulier
2747 4469 2956 4525 Martha
2985 4471 3188 4526 nomine
3231 4474 3423 4545 excepit
3447 4473 3595 4531 illum

2012 4563 2066 4615 in
2092 4562 2299 4616 domum
2324 4578 2490 4630 suam,
2521 4570 2569 4617 et
2589 4562 2709 4615 huic
2728 4572 2833 4618 erat
2854 4580 3001 4618 soror
3022 4565 3225 4621 nomine
3252 4565 3440 4622 Maria.
3470 4568 3596 4625 Duas

325 4626 609 4715 humilitas
610 4693 625 4717 ,
657 4668 775 4722 quae
811 4626 854 4711 a-
883 4626 1059 4713 muro'
1084 4658 1399 4727 virginitatis
1444 4626 1659 4716 omne}.
1703 4663 1913 4732 repelli;
1936 4626 1993 4691 θ
2015 4667 2229 4710 sorores
2274 4654 2424 4722 istas,
2473 4653 2609 4709 sicut
2647 4654 2819 4710 sancti
2865 4655 3049 4713 Patres
3091 4657 3247 4715 nobis
3288 4660 3597 4730 plenissime

322 4740 652 4806 superbiam.
686 4743 751 4798 Et
790 4747 912 4816 quia
957 4746 1311 4804 humilitatem
1353 4764 1474 4805 cum
1513 4752 1760 4819 superbia
1800 4768 1910 4809 non

323 4830 523 4899 possit,
550 4832 688 4887 solet
724 4834 1039 4904 impugnare
1080 4838 1283 4906 libido,
1326 4854 1507 4895 murus
1532 4842 1850 4911 virginitatis
1878 4859 1909 4898 a

324 4930 476 4977 turre
526 4923 840 4982 humilitatis
879 4943 1095 4984 omnem
1138 4932 1350 5002 repellit
1385 4933 1678 4990 libidinem.
1726 4937 1907 5007 ltaque

324 5010 440 5067 haec
469 5013 598 5081 duo,
625 5031 812 5071 murus
840 5016 1089 5075 videlicet
1120 5020 1437 5092 virginitatis
1463 5026 1518 5081 et
1547 5025 1706 5083 turris
1732 5027 1909 5083 humi-

325 5104 527 5173 litatis,
572 5108 641 5164 ab
682 5110 854 5164 altero
887 5111 1167 5178 muniunt,
1215 5124 1275 5170 ut
1316 5132 1581 5187 nunquam
1625 5119 1677 5174 in
1716 5120 1905 5179 humili

270 5215 279 5247 ι
323 5196 527 5267 virgine
556 5197 721 5256 fuerit
745 5214 844 5257 nec
863 5202 1113 5271 superbia
1135 5204 1480 5274 virginitatis,
1504 5224 1605 5264 nec
1633 5210 1905 5280 inquinata

319 5284 635 5358 humilitas,
663 5292 759 5348 sed
789 5307 1002 5364 semper
1040 5295 1093 5352 in
1134 5311 1197 5354 ea
1228 5304 1576 5368 permanserit
1603 5312 1657 5360 et
1692 5305 1905 5362 humilis

320 5382 633 5454 virginitas,
679 5396 734 5443 et
779 5389 1055 5460 virginalis
1096 5391 1388 5450 humilitas.
1439 5396 1691 5466 Quamvis
1729 5406 1906 5457 autem

320 5476 465 5547 quod
493 5476 686 5535 dicitur
715 5481 787 5537 ita
812 5496 997 5539 verum
1020 5485 1113 5552 sit,
1142 5494 1203 5540 ut
1231 5485 1363 5543 nihil
1390 5490 1565 5545 verius
1592 5490 1721 5546 ﬁdes
1750 5492 1906 5549 Chri-

321 5567 495 5624 stiana
540 5574 764 5629 credere
810 5578 1019 5644 possit,
1072 5594 1334 5648 ponamus
1390 5589 1565 5637 tamen
1616 5584 1791 5653 aliqua
1841 5584 1909 5641 de

323 5659 616 5731 Evangelia
645 5666 965 5736 virginitatis
989 5679 1043 5724 et
1068 5669 1383 5727 humilitatis
1409 5672 1728 5729 testimonia.
1747 5675 1910 5745 Quip-

323 5763 393 5819 pe
419 5766 541 5806 cum
571 5754 639 5808 ab
667 5759 855 5827 angelo
884 5758 1024 5813 ﬁlius
1053 5761 1099 5815 ei
1130 5763 1556 5831 promitteretur,
1586 5767 1858 5835 respondit
1888 5783 1903 5823 :

324 5838 599 5916 Quomodo
637 5847 724 5916 ﬁet
770 5849 907 5907 istud
933 5890 948 5920 ,
999 5854 1242 5922 quoniam
1294 5855 1459 5912 virum
1512 5872 1616 5914 non
1660 5873 1908 5931 cognosco

2014 4753 2399 4815 exposuerunt,
2422 4745 2552 4799 duas
2574 4746 2626 4801 in
2650 4746 2887 4803 Ecclesia
2914 4758 3099 4805 sancta
3122 4750 3255 4806 vitas
3276 4751 3593 4822 designant:

2018 4837 2220 4894 Martha
2251 4834 2460 4891 scilicet
2486 4837 2713 4893 activam
2738 4878 2754 4903 ,
2786 4837 2948 4894 Maria
2978 4841 3462 4910 eontemplativam.
3491 4844 3596 4902 ista

2012 4928 2219 4984 laborat
2265 4928 2331 4982 ad
2377 4928 2677 4984 exhibenda
2723 4929 2976 5000 indigenti
3017 4932 3193 4987 omnia
3250 4935 3595 4993 humanitatis

2012 5020 2208 5088 ofﬁcia,
2234 5021 2322 5076 illa
2353 5030 2507 5077 vacat
2524 5035 2579 5078 et
2600 5023 2744 5078 videt
2769 5025 3019 5093 quoniam
3043 5024 3180 5080 Deus
3202 5035 3302 5081 est.
3326 5024 3433 5083 Ista
3450 5028 3591 5084 circa

2010 5114 2283 5170 exteriora
2304 5121 2616 5181 occupatur,
2640 5114 2729 5167 illa
2752 5112 3004 5169 interiora
3028 5117 3436 5185 contemplatur.
3472 5120 3589 5177 Sic-

2010 5214 2071 5259 ut
2115 5215 2294 5259 autem
2340 5213 2510 5259 mater
2556 5204 2651 5259 Dei
2699 5214 2782 5259 est
2817 5206 3131 5274 singularis,
3174 5208 3248 5262 ita
3287 5217 3342 5264 et
3370 5209 3589 5267 istarum

2010 5295 2231 5353 eﬁ'cctus
2266 5296 2493 5351 vitarum
2517 5336 2532 5361 ,
2580 5311 2802 5365 quarum
2846 5299 2962 5354 ista:
3004 5299 3121 5354 duae
3156 5315 3371 5359 sorores
3409 5312 3591 5375 typum

2008 5399 2214 5457 tenent,
2245 5390 2298 5446 in
2326 5405 2390 5445 ea
2421 5390 2625 5446 exstitit
2664 5376 2969 5461 singularis.
3008 5393 3284 5464 Nunquam
3322 5396 3376 5452 in
3414 5398 3591 5468 aliqua

2012 5499 2241 5555 persona
2279 5483 2484 5539 Martha
2523 5484 2603 5539 sic
2641 5495 2858 5555 operata
2896 5494 3011 5552 est,
3046 5503 3313 5558 nunquam
3346 5490 3476 5545 alias
3512 5493 3590 5547 sic

2014 5577 2178 5633 Maria
2207 5576 2645 5647 contemplationi
2674 5580 2914 5646 vacavit,
2943 5595 3211 5651 nunquam
3240 5584 3325 5637 illa
3357 5584 3439 5638 vel
3477 5585 3592 5640 haec

2016 5671 2149 5726 alias
2186 5672 2327 5741 quod
2356 5686 2509 5726 suum
2544 5682 2628 5727 est
2656 5672 2734 5727 sic
2765 5672 3029 5733 exhibuit.
3054 5672 3187 5729 Cum
3225 5673 3483 5731 Martham
3509 5680 3593 5734 vel

2015 5762 2229 5819 Mariam
2260 5765 2402 5832 dico,
2431 5779 2612 5821 earum
2644 5766 2941 5835 signiﬁcata
2968 5768 3224 5839 intelligo.
3249 5769 3351 5826 Sed
3371 5770 3481 5839 jam
3511 5774 3587 5828 vi-

2014 5858 2238 5921 deamus
2262 5860 2527 5924 actionem
2556 5858 2715 5943 hujus
2743 5859 2961 5929 Marthae
2978 5902 2995 5933 ,
3025 5861 3221 5927 deinde
3246 5861 3592 5944 conjiciatnus
