4096 6346
580 394 717 458 1507
810 355 828 372 “

1429 382 1629 445 pauet
1668 381 1933 441 DIACONI
1974 379 2127 438 ore.
2172 370 2345 437 ratis
2387 380 2450 436 ιι.
2492 409 2559 421 -
2597 374 2952 439 ASCETICA.

3699 374 3836 445 tsot

572 506 1080 579 contemplationem
1116 502 1274 571 hujus
1314 501 1510 557 Mariae.
1556 498 1620 553 Et
1652 508 1709 552 ut
1741 498 1946 569 planius
1973 494 2022 549 id
2057 496 2141 547 ia—
2179 492 2222 556 Α
2252 494 2509 549 Altissimi
2541 495 2875 548 obumbravit
2904 492 2951 549 ei
2971 538 2986 561 ,
3017 498 3072 550 et
3100 493 3170 550 de
3196 494 3384 553 eodem
3414 497 3617 567 Spiritu
3644 513 3833 560 sancto

574 602 807 668 ciamus,
838 596 964 669 quid
1009 597 1097 651 alii
1140 610 1232 664 per
1275 594 1535 649 Martinam
1577 602 1887 663 operantur,
1930 598 1985 644 et
2022 588 2147 658 quid

572 698 674 755 ima
725 700 942 766 Operata
994 694 1101 757 sit,
1132 689 1487 744 conferamus.
1520 689 1620 742 Alii
1650 686 1945 757 quemlibet
1972 687 2181 766 hospi-,4

572 796 678 843 tem
709 788 761 843 in
792 786 951 842 domo
979 781 1292 853 suscipiunt,
1316 782 1416 835 ista
1442 796 1543 834 non
1574 779 1880 848 quemlibet,
1911 780 2002 834 sed
2028 795 2149 849 pro-

568 878 745 949 prium
776 874 868 934 Del
902 875 1092 931 Filium
1115 915 1130 941 ,
1157 874 1247 946 qui
1278 888 1381 928 non
1411 872 1571 928 habet
1601 873 1688 927 ubi
1716 882 1875 942 caput
1908 871 2147 938 reclinet,

570 984 677 1026 non
727 968 779 1024 in
822 968 1013 1032 domo,
1063 967 1160 1021 sed
1210 966 1261 1020 in
1306 974 1459 1020 utero
1506 964 1757 1033 suscepit.
1809 963 1909 1018 Alii
1953 964 2146 1018 nudum

571 1058 863 1131 quemlibet
897 1065 1046 1113 veste
1084 1054 1325 1111 mutabili
1363 1065 1521 1123 atque
1561 1054 1838 1124 corruptili
1878 1054 2154 1111 undelibet

570 1151 864 1222 composita
896 1150 1163 1219 operiunt,
1196 1147 1283 1203 illa
1308 1144 1536 1201 Verbum
1571 1146 1659 1201 Dei
1691 1149 1743 1200 in
1776 1147 1961 1201 eadem
1990 1148 2150 1219 virgi-

570 1252 670 1299 nea
712 1256 873 1299 carne
914 1240 966 1295 in
1002 1241 1205 1295 unitate
1243 1252 1485 1310 personat
1529 1237 1847 1305 assumpsit,
1877 1252 1995 1307 quae
2032 1238 2149 1293 sine

568 1335 674 1392 line
697 1330 1143 1391 incommutabilis
1165 1340 1323 1399 atque
1348 1327 1763 1393 incorruptibilis
1787 1327 2141 1396 permanebit.

569 1429 670 1485 Alii
705 1424 995 1498 quemlibet
1034 1423 1357 1479 esurientem
1397 1429 1451 1476 et
1486 1421 1751 1475 sitientem
1790 1418 1911 1474 cibo
1939 1428 1991 1474 et
2022 1429 2147 1487 potu

566 1518 816 1575 exteriori
851 1516 1131 1582 reficiunt;
1179 1513 1282 1569 ista
1320 1513 1485 1568 Deum
1529 1512 1797 1567 hominem
1845 1511 2145 1568 humanitus

570 1612 923 1683 indigentem,
955 1624 1060 1665 non
1089 1607 1263 1663 solum
1300 1604 1654 1661 exterioribus
1698 1603 1829 1659 cibis
1875 1604 1958 1659 vel
2004 1606 2145 1674 poti-

566 1704 667 1762 bus
697 1702 869 1775 pavit,
901 1718 1085 1758 verum
1125 1703 1285 1757 etiam
1322 1700 1457 1754 uteri
1498 1699 1581 1754 sui
1623 1699 1760 1754 lacte
1804 1698 1961 1763 aluit,
2003 1706 2056 1752 et
2088 1706 2147 1751 ttt

565 1799 799 1855 breviter
834 1811 928 1853 sex
977 1796 1065 1851 illa
1113 1793 1493 1850 misericordia:
1542 1807 1700 1862 opera
1749 1806 2140 1860 percurramus,

2252 588 2512 653 concepit.
2536 587 2671 653 Quid
2702 586 2768 640 de
2801 588 2906 641 Deo
2932 602 3036 640 non
3065 588 3325 656 sapiebat,
3352 590 3406 645 in
3435 607 3539 662 qua
3571 595 3833 660 sapientia

2252 675 2345 729 Dei
2379 676 2602 743 latebat,
2634 686 2688 731 et
2729 677 2781 731 in
2822 679 2974 746 cujus
3018 689 3169 733 utero
3209 680 3310 735 sibi
3349 698 3544 752 corpus
3582 688 3835 755 aptabat?

2251 768 2479 823 Christus
2506 781 2597 832 est,
2625 776 2679 822 ut
2707 771 2780 822 ait
2808 768 3115 837 Apostolus,
3145 768 3237 824 Dei
3258 772 3415 827 uirtus
3432 784 3481 827 et
3503 776 3598 829 Dei
3625 779 3832 845 sapien-

2251 865 2341 925 tia,
2360 875 2407 917 et
2424 864 2474 916 in
2488 880 2548 917 eo
2564 872 2680 917 sunt
2694 878 2865 918 omnes
2882 863 3111 917 thesauri
3136 865 3401 931 sapientia:
3414 876 3463 921 et
3483 869 3713 924 scientia
3724 868 3835 925 abs-

2249 953 2504 1022 conditi(l
2529 952 2647 1007 Cor.
2674 969 2725 1021 t;
2766 953 2879 1007 Col.
2904 951 2987 1020 ιι).
3014 952 3257 1009 Christus
3270 968 3449 1012 autem
3478 958 3530 1012 in
3548 959 3834 1026 Maria,er—

2248 1064 2316 1119 go
2340 1048 2428 1102 Dei
2446 1048 2613 1102 virtus
2631 1058 2683 1102 et
2708 1048 2799 1101 Dei
2817 1045 3082 1116 sapientia
3098 1056 3149 1102 et
3165 1062 3348 1103 omnes
3362 1052 3595 1103 thesauri
3618 1067 3679 1105 sa
3688 1055 3834 1120 picno

2250 1146 2336 1201 tite
2360 1144 2660 1199 etscientiaa
2682 1142 2732 1196 itt
2756 1142 2936 1196 Maria.
2956 1142 3079 1195 Haec
3096 1152 3199 1195 non
3227 1150 3428 1195 tantum
3447 1143 3510 1195 ad
3534 1144 3722 1212 pedes,
3742 1145 3833 1199 sed

2248 1237 2406 1294 etiam
2442 1237 2506 1290 ad
2538 1246 2696 1303 caput
2727 1235 2934 1289 Domini
2965 1236 3190 1302 sedens,
3220 1235 3469 1289 audiebat
3508 1237 3731 1291 verbum
3768 1250 3835 1293 ex

2246 1340 2341 1384 ore
2367 1328 2505 1398 ejus.
2537 1327 2660 1382 Haec
2698 1326 3051 1382 conservabat
3086 1328 3267 1381 omnia
3299 1327 3457 1382 verba
3491 1328 3834 1397 angelorum,

2247 1434 2552 1494 pastorum,
2597 1436 2906 1492 magorum,
2962 1435 3168 1476 necnon
3202 1423 3366 1491 ipsius
3399 1422 3491 1477 filii
3546 1426 3659 1491 sui,
3702 1438 3830 1480 eon-

2251 1516 2425 1571 l'erens
2456 1514 2507 1569 in
2532 1515 2693 1569 corde
2722 1529 2841 1567 suo.
2868 1514 3033 1568 Nemo
3056 1530 3284 1583 unquam
3312 1515 3455 1570 sicut
3480 1518 3574 1570 ista
3597 1518 3833 1585 gustavit

2245 1622 2405 1676 quam
2446 1606 2625 1660 suavis
2666 1614 2748 1659 cst
2788 1603 3064 1659 Dominus.
3108 1604 3470 1661 Inebriahatur
3506 1607 3570 1661 ab
3608 1611 3836 1664 ubertate

2246 1700 2425 1752 domus
2458 1697 2571 1763 Dei,
2590 1705 2637 1750 et
2661 1706 2880 1752 torrente
2896 1698 3170 1767 voluptatis
3190 1698 3305 1769 ejus
3339 1702 3623 1770 putabatur
3657 1699 3828 1773 (Psal.

2245 1793 2431 1861 xxxv).
2478 1791 2588 1846 Nec
2636 1793 2866 1856 mirum,
2907 1793 3158 1861 quoniam
3203 1794 3339 1861 apud
3378 1808 3531 1860 eam,
3561 1795 3671 1847 imo
3697 1796 3831 1849 intra

564 1904 701 1962 qum,
735 1904 857 1946 cum
886 1886 973 1943 uni
1004 1903 1067 1943 ex
1096 1886 1328 1942 minimis
1358 1886 1474 1957 ejus
1507 1884 1667 1953 fiunt,
1712 1886 1849 1941 Deus
1878 1886 1975 1939 sibi
2007 1885 2143 1940 facta
2165 1874 2221 1946 Β
2245 1897 2361 1938 eam
2392 1894 2504 1937 erat
2532 1882 2649 1937 fons
2679 1883 2830 1949 vitm,
2869 1882 2937 1937 de
2969 1899 3073 1953 quo
3103 1885 3352 1939 manabat
3388 1894 3535 1939 tanta
3575 1885 3831 1954 perfectio

556 1984 883 2049 confitetur;
913 1981 1014 2036 ista
1044 1995 1150 2036 non
1180 1979 1471 2051 quemlibet
1493 1994 1555 2033 ex
1581 1978 1844 2043 minimis,
1879 1979 1969 2032 sed
2000 1991 2145 2031 sum-

566 2093 711 2132 mum
758 2076 849 2132 Dei
895 2075 1087 2131 Filium
1124 2075 1386 2145 hospitem
1423 2072 1683 2142 suscepit,
1717 2071 1916 2127 nudum
1961 2085 2141 2136 carne,

563 2170 646 2224 vel
678 2169 837 2225 etiam
863 2169 1053 2238 pannis
1079 2168 1308 2238 operuit,
1334 2168 1658 2221 esurientem
1689 2164 1850 2234 pavit,
1875 2165 2142 2218 sitientem

564 2262 702 2317 lacte
722 2261 956 2332 potavit,
998 2259 1265 2316 inﬁmum
1304 2274 1397 2328 per
1424 2257 1695 2313 infantiam
1725 2267 1776 2310 et
1808 2266 2013 2310 aetatem
2041 2270 2143 2309 non

563 2354 736 2409 solum
776 2352 1040 2420 visitavit,
1072 2352 1165 2407 sed
1205 2351 1362 2406 etiam
1412 2350 1741 2416 balneando,
1786 2347 2041 2411 fovendo,
2084 2346 2143 2401 li-

560 2441 785 2507 niendo,
816 2440 1071 2510 gestando
1102 2438 1478 2510 frequentavit,
1508 2449 1565 2494 ut
1595 2442 1782 2495 merito
1809 2440 1876 2494 de
1905 2454 1965 2493 ea
1999 2438 2145 2493 dica-

562 2539 651 2586 tur
687 2547 702 2583 :
745 2529 953 2585 Martha
993 2539 1163 2584 autem
1194 2529 1449 2601 satagebat
1483 2531 1617 2584 circa
1656 2532 1885 2603 frequens
1923 2530 2146 2583 ministe-

562 2624 724 2678 rium.
764 2621 1166 2691 Comprehenso
1214 2632 1266 2676 et
1319 2621 1573 2677 crucitixo
1627 2621 1775 2689 quasi
1824 2620 1876 2673 in
1930 2633 2145 2674 carcere

560 2716 741 2786 posito
770 2714 958 2778 adfuit,
992 2715 1129 2769 sicut
1149 2715 1405 2783 scriptum
1436 2722 1518 2769 est
1548 2731 1559 2765 :
1593 2714 1770 2768 Stabat
1799 2720 1967 2765 autem
1988 2714 2143 2781 juxta

554 2820 761 2862 crucem
786 2804 911 2860 Iesu
943 2815 1103 2859 mater
1132 2806 1243 2875 ejus
1269 2803 1448 2873 (Joan.
1479 2803 1614 2875 xix).
1649 2805 1789 2859 Inter
1819 2804 1932 2857 haec
1965 2810 2141 2857 autem

554 2898 898 2963 tttrbabatur,
925 2907 979 2955 et
1002 2900 1226 2954 sollicita
1250 2908 1364 2955 erat
1390 2914 1508 2953 cum
1536 2899 1738 2967 fugeret
1770 2898 1822 2951 in
1851 2894 2139 2967 Egyptnm

568 3006 599 3047 a
629 2993 765 3047 facie
795 2986 1053 3055 Herodis,
1085 2991 1175 3060 qui
1228 3005 1380 3045 suum
1415 2989 1573 3044 talem
1605 2989 1764 3042 lilium
1796 2988 1929 3042 adeo
1958 3000 2141 3055 perse-

567 3086 847 3154 quebatur,
870 3094 928 3140 ut
948 3080 1143 3140 multos
1166 3092 1427 3153 suspectm
1450 3082 1619 3137 mtatis
1642 3096 1832 3151 pueros
1853 3079 2137 3136 occideret.

564 3176 897 3232 Turbabatur
946 3191 1065 3230 cum
1110 3174 1322 3232 Judatos
1366 3175 1672 3230 insidiantes
1716 3184 1770 3229 et
1820 3185 2044 3229 mortem
2091 3172 2139 3227 ei

2246 1976 2523 2046 utriusque
2553 1976 2695 2031 vitae.
2726 1976 2879 2031 Circa
2907 1976 3132 2045 plurima
3176 1990 3304 2031 vero
3339 1986 3392 2031 ut
3435 1976 3643 2031 Martha
3673 1992 3833 2032 occu—

2248 2069 2495 2138 pabatur,
2539 2069 2691 2139 cujus
2737 2083 2898 2122 unum
2953 2077 3009 2122 ut
3059 2068 3221 2123 Maria
3273 2068 3657 2135 delectabatur,
3709 2070 3829 2139 quia

2247 2178 2408 2217 unum
2431 2170 2513 2217 est
2539 2164 2914 2227 necessarium,
2944 2163 3171 2230 plurima
3199 2160 3509 2225 oli‘eruutur,
3540 2178 3705 2217 unum
3730 2178 3832 2217 ma-

2248 2266 2357 2311 net.
2386 2255 2737 2327 Singulariter
2767 2255 2925 2326 igitur
2954 2266 3156 2325 partem
3198 2255 3414 2310 Marthae
3444 2257 3683 2325 peregit,
3712 2257 3831 2312 sine

2245 2348 2499 2419 gulariter
2539 2347 2794 2417 optimam
2846 2356 3048 2416 partem
3100 2346 3279 2401 Maria
3323 2347 3502 2418 elegit.
3552 2348 3658 2402 Sed
3702 2362 3832 2417 pars

2253 2440 2472 2495 Marthae
2502 2440 2551 2496 ei
2583 2440 2843 2495 aufertur.
2876 2439 2994 2495 tam
3039 2440 3179 2495 enim
3229 2453 3334 2494 uon
3377 2442 3474 2495 erit
3508 2442 3737 2495 sollicita
3768 2446 3832 2496 ut

2246 2533 2511 2587 ministret
2538 2531 2589 2587 ei
2613 2534 2751 2587 sicut
2781 2546 2967 2601 puero,
2996 2532 3082 2586 cui
3110 2544 3297 2585 omnes
3328 2533 3637 2599 angelorum
3667 2531 3833 2587 ordi-

2248 2639 2344 2679 nes
2387 2623 2690 2677 ministrant
2729 2622 2863 2677 sicut
2914 2623 3158 2676 Domino.
3207 2620 3327 2676 .lam
3374 2636 3481 2676 non
3528 2621 3833 2679 turbabitur

2248 2715 2451 2784 fugiens
2490 2716 2542 2769 in
2588 2714 2877 2785 Egyptum
2913 2727 3033 2769 cum
3075 2727 3142 2767 eo
3171 2724 3200 2767 a
3230 2711 3366 2768 facie
3406 2713 3671 2776 Herodis,
3712 2716 3832 2785 quia

2242 2807 2359 2876 ipse
2388 2807 2628 2860 ascendit
2658 2806 2710 2860 iu
2742 2810 2958 2872 castum,
2989 2814 3048 2860 et
3074 2805 3313 2861 Herodes
3340 2806 3628 2863 descendit
3658 2809 3723 2861 ad
3753 2811 3833 2863 in-

2245 2899 2455 2953 fernum
2480 2913 2509 2952 a
2535 2896 2671 2952 facie
2688 2898 2822 2967 ejus.
2861 2898 2976 2953 Jam
3001 2911 3106 2951 non
3131 2897 3431 2952 turbabitur
3450 2911 3581 2969 erga
3610 2900 3833 2965 plurima

2244 3004 2362 3059 qua:
2395 2989 2635 3045 fecerunt
2673 2988 2782 3043 filio
2842 3004 2940 3042 suo
2969 2988 3167 3051 Judaei,
3207 2988 3329 3057 quia
3369 2991 3551 3042 omnia
3600 2989 3831 3060 subjecta

2243 3091 2366 3135 sunt
2389 3081 2457 3134 ei.
2489 3079 2607 3134 Jam
2637 3080 2773 3135 filius
2820 3078 2996 3133 Mariae
3036 3096 3064 3133 a
3095 3080 3294 3135 Judais
3324 3080 3410 3135 vel
3442 3082 3708 3137 militibus
3737 3096 3831 3137 nos

2242 3175 2619 3246 flagellabitur,
2652 3188 2749 3229 nec
2776 3175 3067 3239 occidetur,
3100 3177 3221 3244 quia
3259 3174 3507 3229 Christus
3546 3186 3831 3245 resurgens

566 3270 765 3325 inlerre
810 3268 1090 3323 molientes
1129 3275 1491 3336 cognosceret.
1540 3265 1619 3321 Ad
1658 3266 1901 3320 ultimum
1936 3267 2141 3320 turbata
2164 3240 2215 3308 ἶ
2247 3284 2275 3322 a
2311 3240 2553 3331 mortuis,
2572 3270 2685 3339 jam
2708 3282 2808 3319 non
2838 3267 3075 3333 moritur,
3110 3240 3246 3321 iners
3272 3265 3351 3319 illi
3377 3268 3516 3320 ultra
3540 3284 3646 3319 non
3677 3240 3829 3320 detai-

561 3371 644 3416 est
670 3354 845 3423 valde,
875 3370 929 3415 et
950 3360 1094 3429 juxta
1125 3359 1389 3415 Situeonls
1413 3374 1618 3423 vocem,
1646 3373 1792 3413 suam
1831 3359 1997 3425 ipsius
2028 3359 2144 3412 aui-

563 3467 707 3509 mam
730 3454 1065 3522 pertransivit
1110 3452 1312 3523 gladius
1337 3451 1483 3525 (Luc.
1514 3450 1595 3519 tt),
1616 3467 1735 3504 cum
1763 3452 1967 3504 videret
1990 3465 2144 3503 suum

563 3546 722 3598 talem
772 3542 934 3597 lilium
992 3543 1406 3608 comprehendi,
1460 3541 1639 3611 ligari,
1690 3540 1975 3608 ﬂagellari,
2016 3554 2146 3593 cou-

563 3634 717 3704 Spui,
758 3634 929 3702 spinis
964 3634 1239 3697 coronari,
1285 3633 1547 3698 derideri,
1577 3630 1931 3700 colaphizari,
1963 3634 2137 3686 cruci-

560 3723 689 3794 ﬁgi,
731 3724 900 3789 mori,
945 3724 1178 3789 sepeliri.
1243 3723 1393 3779 Unde
1436 3725 1569 3777 bene
1610 3724 1657 3776 ei
1708 3723 1951 3791 congruit
2000 3723 2141 3792 quod

562 3812 756 3871 dicitur
789 3830 803 3869 :
837 3814 1077 3879 Martha,
1110 3815 1348 3880 Martha,
1378 3814 1600 3869 sollicita
1638 3830 1688 3867 es
1716 3825 1761 3869 et
1788 3814 2002 3869 turbaris
2024 3833 2143 3886 erga

562 3909 805 3981 plurima.
835 3908 1000 3965 Nemo
1026 3923 1152 3962 vero
1176 3908 1375 3962 dultitet
1399 3948 1413 3973 ,
1447 3907 1582 3976 quod
1616 3908 1765 3960 beata
1801 3909 1949 3975 virgo
1980 3906 2141 3961 Maria

564 4003 731 4057 lilium
776 4016 931 4057 suum
974 4002 1133 4056 vellet
1167 4002 1377 4055 liberari
1417 4000 1484 4054 de
1518 4001 1660 4054 omni
1690 4000 2061 4067 tribulatione,
2091 4009 2146 4054 et

558 4094 789 4163 seipsam
821 4092 1056 4163 adjuvari
1088 4092 1139 4146 in
1165 4092 1463 4147 turbatione
1489 4107 1517 4145 a
1550 4092 1852 4157 divinitate,
1883 4108 2039 4161 quam
2069 4092 2145 4147 ei-

560 4185 681 4241 dem
711 4185 822 4239 filio
852 4185 1049 4239 sciebat
1082 4184 1254 4238 inesse
1305 4196 1396 4251 per
1426 4184 1681 4239 theoriam
1704 4225 1718 4252 ,
1751 4199 1866 4254 quae
1903 4194 1987 4239 est
2023 4199 2145 4254 pars

562 4277 738 4333 Marim
760 4319 774 4343 ,
806 4276 903 4331 hoc
929 4285 1011 4331 est
1050 4276 1190 4346 qund
1228 4275 1432 4330 Martha
1471 4277 1816 4344 conqueritur
1844 4276 1983 4346 quod
2024 4290 2142 4329 eam

561 4381 720 4424 soror
754 4384 847 4424 sua
892 4370 1160 4435 relittuerit
1190 4371 1358 4424 solam
1387 4370 1722 4439 ministrare,
1745 4379 1798 4425 et
1842 4370 1961 4440 ejus
1997 4370 2147 4425 auxi-

563 4459 694 4512 lium
738 4459 791 4513 in
838 4460 1134 4516 ministerio
1182 4460 1403 4531 ﬂagitat.
1447 4460 1569 4516 Haec
1615 4462 1682 4517 de
1726 4470 1875 4531 parte
1906 4460 2143 4517 Martha).

565 4549 735 4604 Porro
758 4549 824 4603 de
847 4560 990 4618 parte
1015 4552 1217 4619 Mariae,
1234 4569 1351 4621 quae
1372 4555 1569 4621 optima
1593 4554 1929 4623 prmdieatur,
1948 4562 2140 4623 quanta

2244 3360 2449 3414 nubitur
2477 3358 2653 3430 (liam.
2685 3360 2785 3427 vi).
2815 3358 2940 3412 Pars
2969 3372 3095 3427 ergo
3122 3358 3343 3413 Marthae
3368 3360 3416 3413 ei
3447 3360 3711 3423 aufertur,
3744 3359 3829 3414 sed

2246 3452 2386 3508 bono
2418 3467 2555 3517 suo;
2599 3466 2721 3521 pars
2762 3466 2888 3507 vero
2931 3452 3103 3505 Maria:
3146 3451 3195 3505 ei
3239 3452 3533 3520 perlicitur,
3580 3468 3697 3519 quat
3731 3466 3827 3505 non

2245 3550 2502 3614 auferetur
2528 3545 2591 3597 ab
2621 3558 2697 3597 ea.
2732 3544 2969 3596 Exaltata
3000 3551 3081 3597 est
3114 3544 3257 3597 enim
3289 3557 3452 3612 super
3492 3545 3688 3597 choros
3730 3558 3827 3596 an-

2242 3637 2508 3706 gelorum.
2536 3634 2590 3688 In
2621 3634 2773 3688 bonis
2795 3633 3051 3703 repletum
3082 3642 3165 3687 est
3189 3634 3508 3689 desiderium
3534 3648 3714 3699 suum,
3746 3635 3827 3687 vi-

2244 3728 2336 3782 det
2366 3726 2528 3779 Deum
2557 3728 2689 3797 facie
2712 3727 2777 3779 ad
2805 3727 2986 3794 [aciem
3016 3726 3166 3779 sicuti
3194 3734 3289 3791 est,
3324 3725 3518 3795 gaudet
3559 3740 3680 3780 cum
3712 3725 3826 3780 filio

2246 3819 2297 3873 in
2331 3828 2611 3873 aeternum.
2646 3818 2769 3872 lla-c
2798 3826 2879 3872 est
2910 3832 3031 3886 pars
3053 3820 3276 3886 optima,
3306 3833 3420 3887 qua
3444 3833 3545 3870 non
3573 3820 3830 3888 auferetur

2243 3911 2307 3965 ab
2337 3926 2420 3976 ea,
2451 3911 2602 3977 cujus
2627 3922 2680 3965 et
2712 3924 2807 3964 nos
2838 3910 3119 3979 participes
3150 3910 3321 3964 simus
3342 3910 3553 3964 meritis
3583 3917 3638 3965 et
3667 3908 3829 3979 preci-

2244 4003 2346 4059 bus
2376 4002 2526 4073 ejus,
2573 4018 2665 4071 per
2706 4002 2886 4057 Jesutu
2928 4003 3198 4057 Christum
3242 4002 3527 4058 Dominum
3570 4013 3827 4069 nostrum,

2244 4096 2335 4166 qui
2364 4096 2492 4149 vivit
2521 4103 2575 4149 et
2604 4103 2807 4161 regnat,
2839 4103 2944 4148 etc.

2779 4183 3057 4239 HOMILIA
3097 4183 3284 4240 XLIX.

2427 4291 2479 4331 In
2517 4290 2685 4330 πετο
2723 4291 2905 4331 SANCTI
2954 4288 3347 4331 ιλιιτιιοιοιιιιι
3384 4288 3667 4331 Ανοετουέ

2529 4368 2637 4438 (Ex
2673 4368 2807 4437 Opp.
2850 4382 2972 4422 ven.
3012 4367 3171 4422 Beda:
3202 4368 3551 4439 presbyteri.)

2320 4458 2386 4514 In
2435 4462 2525 4515 illo
2552 4471 2774 4531 tempore
2821 4463 2957 4530 facta
2982 4471 3055 4516 est
3087 4461 3344 4517 contentio
3380 4463 3516 4516 inter
3554 4458 3827 4530 discipulos

2246 4551 2392 4619 λεια,
2416 4558 2526 4624 quis
2548 4572 2719 4609 eorum
2738 4555 2992 4609 uideretur
3011 4570 3117 4611 esse
3144 4558 3332 4627 major,
3356 4564 3463 4611 etc.
3492 4555 3651 4625 (Luc.
3678 4552 3825 4622 xm).

563 4639 648 4695 vel
675 4639 846 4709 qualis
886 4640 982 4694 fuit
1014 4643 1065 4695 in
1115 4603 1267 4696 beata
1312 4603 1468 4698 Marria
1491 4689 1504 4711 ,
1533 4603 1650 4713 quris
1678 4646 1835 4716 digne
1867 4603 2144 4715 loquatur?
2168 4603 2221 4667 υ
2320 4603 2468 4701 Sicut
2501 4649 2623 4701 boni
2652 4662 2772 4701 esse
2800 4651 2967 4703 moris
2989 4649 3126 4703 solet
3153 4603 3553 4716 inJSetzipturi‘s,
3576 4654 3686 4703 etc.

562 4731 609 4789 si
641 4731 762 4787 talis
785 4738 905 4796 est,
937 4739 993 4785 ut
1029 4733 1291 4799 diximus,
1326 4737 1432 4789 imo
1468 4737 1589 4807 quia
1630 4738 1819 4791 melior
1859 4746 1942 4790 est
1990 4752 2145 4803 quam

558 4824 826 4890 diximus,
856 4823 908 4877 in
938 4824 1087 4878 beata
1119 4825 1276 4880 Maria
1306 4841 1428 4897 pars
1458 4827 1695 4892 Marthae,
1719 4843 1837 4897 qua:
1866 4827 2075 4893 quidem
2115 4843 2147 4883 a

566 4908 795 4971 Domino
832 4929 938 4971 non
983 4915 1247 4985 laudatur,
1286 4919 1382 4972 sed
1426 4928 1599 4973 tamen
1650 4935 1754 4973 non
1796 4921 2140 4990 vituperatur,

564 5010 735 5080 qualis
761 5018 842 5066 eat
869 5025 992 5081 pars
1017 5026 1173 5080 quam
1206 5013 1460 5080 Optimam
1492 5012 1655 5067 Maria
1694 5012 1889 5079 elegit,
1920 5029 2035 5080 quae
2065 5016 2141 5073 sic

560 5102 823 5168 laudatur,
853 5112 908 5158 ut
933 5103 1001 5157 ab
1027 5118 1089 5158 ea
1118 5118 1221 5158 non
1262 5104 1457 5158 auferri
1489 5103 1730 5156 dicatur?
1758 5103 1802 5157 0
1827 5119 1982 5173 quam
2023 5120 2129 5161 ma«

559 5208 661 5267 gna
690 5196 973 5251 multitudo
1004 5196 1300 5250 dulcedinis
1339 5198 1432 5251 Dei
1476 5195 1569 5250 fuit
1610 5198 1661 5250 in
1704 5197 1855 5250 beata
1901 5197 2134 5269 Virgine,

560 5287 770 5359 quando
798 5287 1033 5356 Spiritus
1062 5296 1277 5342 sanctus
1306 5288 1357 5343 in
1386 5301 1501 5343 eam
1532 5290 1861 5359 supervenit,
1885 5298 1939 5346 et
1970 5291 2135 5348 virtus

632 5425 664 5496 °_
692 5420 916 5496 liomilia
950 5421 1060 5496 haec
1092 5420 1202 5496 fere
1227 5422 1302 5496 ad
1343 5422 1594 5485 verbum,
1624 5432 1857 5490 excepto
1894 5426 2135 5496 exordio,

563 5492 759 5559 legitur
787 5494 1017 5558 Operum
1049 5494 1185 5563 beati
1216 5493 1579 5563 Clirysostomi
1612 5496 1662 5547 in
1692 5506 1869 5548 nostra
1901 5492 2134 5552 editione

563 5573 706 5615 tumo
738 5563 867 5627 VIII,
899 5565 999 5617 col.
1030 5562 1152 5634 ιζᾷἓὶ,
1180 5562 1534 5632 interspuria,
1559 5580 1677 5617 cum
1710 5570 1803 5617 hac
1826 5566 2005 5619 Savllii
2038 5583 2134 5621 llO-

565 5638 761 5687 latione
791 5649 806 5687 :
842 5653 859 5683 ‹
896 5635 1024 5687 Cum
1055 5633 1323 5687 Grmcalus
1360 5637 1614 5702 qui~§‘iallt
1660 5637 1865 5700 ineptus
1893 5648 1945 5690 et
1974 5639 2132 5691 indo-

565 5711 681 5755 ctus
724 5704 1019 5759 orationem
1059 5718 1177 5758 cunt
1222 5705 1516 5773 ltujus.uodi
1561 5707 1815 5773 p'illCipiO
1855 5721 1883 5759 a
1931 5707 2131 5762 Joanne

567 5778 749 5844 nostro
797 5776 1024 5827 habitam
1071 5790 1187 5829 csse
1232 5775 1370 5844 apud
1426 5778 1798 5831 ecclesiasticae
1846 5780 2132 5844 scriptores

570 5842 804 5899 historic
831 5845 1148 5915 repetisset,
1190 5842 1396 5903 affinxit
1436 5849 1596 5904 homo
1645 5842 2131 5925 impudentissimus

2248 4743 2388 4812 liqua
2424 4744 2537 4796 vide
2574 4745 2714 4809 apud
2750 4760 2860 4797 ven.
2913 4740 3135 4809 Bedam,
3170 4744 3397 4816 Operam
3427 4749 3544 4817 ejus
3585 4757 3725 4801 tome
3764 4742 3831 4813 7,

2250 4831 2562 4902 Patrologitv
2590 4830 2790 4898 XCIV,
2816 4833 2915 4888 col.
2945 4831 3071 4887 425.

2807 4929 2834 4959 ⁸
2871 4924 3151 4979 HOMILIA
3193 4924 3253 4979 L.

2404 5032 2455 5073 IN
2493 5030 2895 5073 DECOLLATIONE
2933 5032 3091 5073 BEATI
3128 5032 3343 5073 JOANNIS
3379 5028 3671 5074 ΒΔΡτίετΕ.

2539 5111 2638 5180 (Ex
2668 5112 2802 5179 Opp.
2844 5110 2982 5166 beati
3010 5109 3373 5182 Chrysostomi
3401 5110 3460 5184 [ἲ
3480 5100 3544 5180 1.)

2316 5202 2427 5258 Heu
2456 5219 2542 5259 me
2561 5245 2575 5268 ,
2603 5206 2723 5273 quid
2757 5204 2942 5272 agam?
2974 5204 3122 5261 Unde
3152 5205 3416 5261 sermonis
3442 5202 3726 5260 exordium
3756 5203 3828 5258 ia.

2242 5295 2418 5351 ciam?
2448 5296 2581 5364 Quid
2612 5297 2816 5363 dicam,
2850 5298 2932 5353 vel
2973 5297 3101 5367 quid
3130 5300 3369 5354 taceam?
3410 5297 3529 5353 Non
3557 5298 3708 5352 enim
3732 5306 3827 5367 ego

2249 5433 2480 5486 humano
2507 5434 2662 5497 capiti
2691 5447 2885 5498 corpus
2916 5449 3046 5487 sane
3074 5434 3368 5489 belluinum
3389 5476 3405 5499 ,
3441 5426 3707 5501 nobisque
3736 5443 3824 5496 pro

2246 5505 2408 5556 verbo
2440 5507 2577 5557 hunc
2600 5505 2835 5572 Spurium
2871 5516 2924 5558 et
2952 5506 3292 5558 falsissimum
3319 5506 3481 5558 fetum
3527 5502 3819 5567 supposuit,

2245 5576 2331 5626 vix
2373 5578 2473 5627 lect
2497 5590 2625 5635 One,
2669 5579 2859 5627 nedum
2893 5576 3267 5629 emendatione
3291 5578 3532 5641 dignum.
3566 5572 3821 5639 Interpre-

2242 5649 2496 5699 tatiOncm
2547 5646 2788 5699 Latinam
2830 5646 3133 5713 priorem...
3168 5647 3479 5715 rejecitnus,
3526 5652 3820 5715 novamque

2244 5721 2564 5787 paravimus.
2604 5736 2622 5768 ι
2672 5712 2913 5769 Veterem
2943 5732 3074 5787 nos,
3101 5712 3257 5787 quatit
3293 5716 3645 5773 ilomiliartus
3681 5712 3816 5770 exiti-

2240 5785 2331 5843 bet
2403 5790 2697 5845 versionem
2729 5788 2938 5861 damus.
2972 5784 3126 5861 Epit.
