4096 6346
331 375 471 436 ιδοθ
1336 352 1799 416 nummatus.
1834 380 1909 396 --
1946 348 2108 412 non.
2146 350 2237 407 DE
2264 346 2570 407 SANC’l‘lS.
2708 368 2711 369 ί
3450 346 3591 404 ίειο

330 496 532 546 tantum
554 484 611 539 in
637 487 911 553 stuporem
948 476 1144 533 mentis
1169 474 1342 531 factus
1372 488 1490 529 sum
1523 471 1670 527 solus
1688 510 1704 537 ,
1736 468 1829 523 sed
1853 476 1908 524 et
1938 476 1984 535 Α
2012 468 2274 523 tissimum
2297 466 2490 521 diaboli
2515 465 2674 521 telum
2704 460 2925 521 mulier!
2953 462 3142 520 Mulier
3160 462 3229 519 ab
3252 462 3402 520 initio
3424 465 3593 522 Adam

331 593 516 637 omnes
544 576 632 645 qui
674 551 958 626 audierunt
1002 567 1272 637 Evangelii
1311 579 1496 620 vocem
1516 602 1530 626 ,
1560 573 1613 615 et
1654 560 1915 613 mirantur
2021 566 2074 618 in
2106 562 2349 628 paradiso
2380 563 2703 630 prostravit,
2738 571 2791 615 et
2824 561 2891 614 de
2919 562 3166 629 paradiso
3198 565 3594 623 exterminavit.
3648 551 3679 644 ξ

3648 614 3665 644 ἦ

332 682 544 730 mecum
588 668 673 723 vel
706 662 926 723 Joannis
946 662 1323 726 constantiam,
1354 659 1437 713 vel
1470 654 1694 711 Herodis
1726 652 1914 721 nequi-

335 764 497 828 tiam,
547 760 632 815 vel
679 759 963 825 impiarum
1020 754 1300 809 mulierum
1353 750 1573 804 ferinam
1621 746 1913 800 levitatem.

332 854 471 924 Quid
493 853 636 908 enim
661 847 996 905 audivimus?
1020 845 1278 909 Herodes,
1308 844 1497 911 inquit,
1522 839 1914 910 apprehensum

333 946 596 1003 Joannem
631 941 805 1012 posuit
835 941 886 994 in
916 937 1235 993 custodiam.
1263 933 1659 1000 Quamobrem?
1691 930 1916 1004 Propter

336 1034 691 1093 ilerodiadem
732 1045 954 1087 uxorem
996 1028 1221 1098 Philippi
1265 1027 1443 1082 fratris
1479 1026 1582 1081 sui.
1629 1026 1691 1081 Et
1730 1040 1917 1095 repre-

337 1131 566 1187 hendam
612 1127 832 1183 forsitan
882 1124 1153 1179 levitatem
1198 1120 1455 1186 Herodis,
1495 1135 1561 1175 an
1604 1121 1837 1175 furorem
1886 1132 1917 1174 a

337 1223 648 1279 mulieribus
684 1219 983 1275 miserrime
1015 1215 1328 1270 inductum?
1367 1213 1503 1282 Quid
1539 1213 1744 1268 dicam?
1775 1213 1918 1280 Quo-

340 1319 522 1381 modo,
556 1317 790 1385 inquam,
824 1325 1067 1367 enarrem
1092 1310 1376 1365 mulierum
1408 1308 1614 1362 illarum
1640 1306 1915 1362 crudelem

340 1408 630 1463 malitiam?
675 1404 739 1459 Et
782 1404 998 1473 quidem
1039 1416 1141 1472 ego
1183 1398 1430 1455 existimo
1470 1399 1666 1453 nullam
1714 1399 1767 1451 in
1815 1397 1919 1452 hoc

337 1499 534 1556 mundo
555 1509 674 1550 €858
695 1495 915 1549 bestiam
937 1491 1356 1559 comparabilem
1376 1489 1587 1543 mulieri
1609 1488 1783 1541 malae.
1809 1486 1916 1543 Sed

338 1608 479 1651 nunc
501 1592 567 1646 de
590 1590 719 1644 mihi
742 1588 879 1642 mala
909 1587 1131 1640 muliere
1160 1596 1339 1639 sermo
1360 1590 1465 1647 est,
1484 1595 1586 1635 non
1603 1581 1670 1635 de
1695 1581 1832 1635 bona
1863 1587 1923 1635 et

339 1692 587 1747 honesta.
617 1685 753 1741 Novi
788 1682 929 1739 enim
963 1681 1160 1735 multas
1189 1681 1354 1733 bonas
1383 1686 1437 1731 et
1470 1676 1723 1731 honestas
1752 1685 1805 1729 et
1832 1689 1922 1729 or-

343 1790 523 1842 natas,
557 1778 609 1832 in
650 1790 811 1830 omne
847 1786 981 1840 Opus
1020 1775 1218 1825 bonum
1248 1777 1554 1839 promptas,
1584 1782 1802 1833 quarum
1835 1782 1920 1821 me

2020 656 2209 711 Mulier
2236 658 2574 710 mitissimum
2605 655 2747 709 illum
2792 654 2955 710 David
3000 656 3052 709 in
3092 666 3275 710 necem
3307 657 3488 712 militis
3514 657 3596 714 sui

2018 745 2316 803 innocentis
2344 746 2484 805 Uria:
2517 748 2741 813 llethati,
2765 756 2823 801 ut
2844 749 3123 814 epistolam
3150 749 3273 802 dolo
3298 751 3592 815 mandaret,

2019 844 2260 894 armavit.
2294 842 2479 896 Mulier
2507 839 2967 909 sapientissimum
3002 841 3341 896 Salomonem
3378 846 3428 896 in
3459 858 3597 914 pra-

2018 933 2361 989 varicationis
2382 934 2717 1003 sacrilegium
2746 936 3094 1006 praecipitavit
3119 955 3131 989 :
3159 936 3346 991 mulier
3374 935 3601 994 fortissi-

2020 1040 2163 1081 mum
2215 1028 2525 1083 Samsoaiem
2574 1028 2784 1083 illusum
2834 1042 3116 1097 rasumque
3156 1029 3402 1097 caecavit,
3442 1037 3500 1085 ut
3544 1035 3601 1086 et

2025 1120 2275 1175 virtutum
2308 1119 2577 1185 crinibus,
2605 1130 2659 1176 et
2695 1122 2895 1175 decore
2936 1119 3211 1175 oculorum
3253 1122 3600 1189 exspoliatus,

2020 1208 2256 1265 ludibrio
2281 1210 2417 1265 foret
2448 1210 2713 1273 hostibus,
2747 1211 2939 1279 quibus
2966 1213 3137 1266 fuerat
3155 1224 3277 1268 ante
3308 1214 3519 1282 terrori,
3549 1224 3604 1269 et

2020 1314 2141 1359 cum
2174 1301 2256 1356 bis
2291 1302 2539 1371 captivus
2580 1303 2837 1368 moleret,
2879 1304 3074 1373 quibus
3106 1302 3479 1360 dominabatur
3514 1307 3602 1362 in-

2019 1393 2207 1449 victus.
2265 1394 2455 1449 Mulier
2513 1394 2867 1449 castissimum
2921 1396 3067 1450 illum
3116 1392 3311 1467 Joseph
3378 1399 3605 1455 vinculis

2021 1489 2290 1557 alligatum
2339 1490 2571 1543 detraxit
2619 1489 2672 1544 in
2715 1505 3010 1547 carcerem.
3045 1491 3231 1549 Mulier
3267 1493 3408 1550 illam
3442 1497 3607 1551 totius

2022 1578 2205 1632 mundi
2237 1580 2513 1634 lucernam
2544 1578 2803 1635 Joannem
2833 1582 3007 1649 capite
3040 1585 3321 1639 truncavit.
3372 1586 3438 1639 Et
3480 1586 3607 1657 quid

2022 1671 2194 1725 dicam
2227 1671 2295 1727 de
2336 1673 2687 1728 mulieribus?
2727 1673 2912 1731 Mulier
2940 1677 3155 1746 angelos
3185 1677 3250 1734 de
3278 1680 3413 1735 uelo
3442 1679 3610 1750 depo-

2024 1764 2150 1829 suit,
2175 1762 2225 1817 id
2259 1773 2371 1830 est,
2420 1764 2666 1819 homines
2693 1778 2938 1834 sanctos,
2979 1768 3068 1837 qui
3098 1768 3163 1824 ad
3191 1772 3384 1826 cmlum
3428 1787 3612 1843 perge-

339 1871 505 1927 vitam
548 1877 972 1923 commemorare
1008 1868 1219 1930 oportet
1265 1859 1330 1912 ad
1378 1857 1785 1913 mdil’icationem
1832 1871 1925 1910 au-
1956 1854 2003 1915 Β
2028 1852 2190 1920 bant,
2228 1856 2420 1910 mulier
2449 1868 2640 1911 cuncta
2682 1861 2900 1914 omnino
2928 1862 3212 1930 prostravit
3249 1871 3303 1918 et
3331 1862 3610 1933 jngttlavit,

338 1960 597 2015 dientium
623 1999 639 2025 ,
681 1965 736 2011 et
776 1955 841 2008 ad
886 1954 1145 2007 honorem
1191 1953 1448 2005 bonarum
1489 1946 1827 2003 excitandum
1868 1946 1921 1999 itt

338 2053 607 2110 mentibus
628 2047 980 2118 singulorum.
997 2043 1149 2098 Nulla
1177 2055 1307 2110 ergo
1333 2042 1386 2095 in
1416 2043 1517 2095 hoc
1541 2040 1737 2094 mundo
1756 2037 1921 2095 bestia

339 2145 531 2203 similis
558 2153 639 2198 est
669 2142 874 2195 mulieri
902 2139 1075 2193 malm.
1098 2138 1233 2203 Quid
1262 2139 1399 2191 inter
1423 2134 1784 2204 quadrupedia
1810 2132 1926 2185 aui-

342 2237 501 2293 malta
548 2238 699 2289 leone
739 2230 974 2287 saevius?
1004 2230 1108 2286 Sed
1140 2229 1268 2283 nihil
1299 2229 1364 2281 ad
1402 2227 1534 2282 hac.
1570 2228 1676 2281 Aut
1714 2226 1767 2279 in
1806 2238 1926 2280 sera

342 2330 591 2400 pentibus
638 2325 762 2394 quid
810 2325 1043 2379 dracone
1091 2320 1367 2378 atrocius?
1414 2320 1522 2374 Nec
1565 2317 1668 2372 hoc
1711 2316 1925 2385 quidem

346 2419 498 2491 juxta
526 2418 799 2471 mulierem
834 2418 1026 2469 malam
1059 2423 1113 2467 et
1145 2413 1427 2481 litigiosam
1456 2410 1687 2465 conferri
1730 2416 1927 2477 potest.

344 2513 476 2569 Nam
509 2521 563 2567 et
592 2512 676 2566 leo
710 2521 764 2565 et
798 2509 962 2563 draco
1006 2508 1059 2562 in
1104 2507 1247 2562 malo
1286 2505 1562 2560 inferiores
1598 2511 1744 2557 sunt.
1776 2503 1924 2555 Atte-

341 2612 517 2661 statur
564 2602 684 2657 huic
727 2600 958 2656 sermoni
1009 2613 1128 2653 meo
1176 2597 1603 2665 sapientissimus
1648 2594 1925 2659 Salomon,

343 2694 531 2751 dicens
559 2710 572 2745 :
605 2693 909 2748 Cohabitare
936 2689 1071 2743 leoni
1098 2697 1143 2742 et
1175 2688 1390 2742 draconi
1417 2688 1599 2744 melius
1636 2695 1708 2741 est
1728 2725 1744 2752 ,
1775 2701 1929 2754 quam

344 2803 460 2844 cum
488 2785 701 2841 muliere
728 2786 864 2837 mala
889 2794 935 2837 et
968 2782 1216 2852 litigiosa.
1256 2782 1321 2836 Et
1357 2795 1425 2835 ne
1467 2788 1617 2848 putes
1659 2777 1931 2848 propheti-

344 2895 466 2937 eum
489 2881 591 2934 hoc
613 2893 746 2933 vane
761 2878 978 2940 dixisse,
999 2891 1067 2932 ex
1100 2874 1185 2929 his
1209 2875 1369 2929 rebus
1389 2874 1535 2928 disce
1561 2872 1928 2928 manifestius:

346 2973 614 3029 Dattielem
646 2972 827 3026 leones
854 2968 908 3023 in
941 2970 1053 3022 lacu
1099 2968 1315 3022 reveriti
1356 2976 1508 3032 sunt,
1547 2964 1758 3035 justum
1799 2977 1929 3020 vero

346 3067 495 3122 illum
524 3065 729 3120 Naboth
761 3062 974 3119 Jezabel
1000 3059 1287 3115 interfecit.
1311 3058 1471 3112 Cetus
1500 3056 1688 3111 Jonam
1718 3058 1771 3110 in
1800 3069 1931 3110 ven-

347 3167 428 3212 tre
450 3156 756 3211 custodivit.
780 3154 944 3208 Dalila
971 3161 1149 3206 autent
1171 3149 1482 3205 Samsonem
1504 3147 1925 3202 circumventum

346 3245 610 3303 illecebris
638 3246 809 3300 virum
858 3257 1013 3297 suum
1034 3280 1052 3309 ,
1082 3241 1337 3294 novacula
1381 3253 1502 3292 raso
1541 3243 1714 3305 capite
1752 3234 1931 3290 defor-
1956 3216 2005 3279 ε

347 3352 579 3411 malum,
612 3337 927 3410 alienigenis
969 3335 1204 3391 tradidit.
1248 3333 1518 3388 Dracones
1559 3330 1850 3399 etaspides
1879 3338 1931 3385 et

345 3445 586 3491 cornuta:
612 3434 795 3488 bestia:
815 3430 1076 3486 Joannem
1102 3427 1391 3496 Baptistam
1415 3425 1467 3479 in
1493 3424 1707 3478 deserto
1738 3423 1929 3477 viven-

348 3529 455 3581 tem
482 3522 692 3580 subdita
715 3521 924 3578 feritate
954 3513 1575 3574 tremueruutchrodias
1609 3526 1732 3568 vero
1758 3512 1930 3567 eidem

347 3624 508 3685 caput
532 3613 783 3679 abscidit,
805 3622 860 3667 et
889 3612 1018 3665 tanti
1050 3610 1148 3662 viri
1179 3618 1405 3662 mortem
1432 3607 1483 3660 in
1514 3606 1742 3673 pretium
1770 3605 1933 3658 salta-

349 3706 508 3764 tionis
552 3705 775 3771 accepit.
820 3702 989 3755 Eliam
1029 3700 1177 3754 corvi
1221 3700 1274 3751 in
1319 3709 1502 3750 monte
1552 3704 1842 3763 paverunt,
1882 3704 1938 3750 et

350 3796 564 3856 Jezabel
598 3811 719 3850 eum
754 3802 875 3862 post
894 3793 1035 3845 illam
1062 3790 1283 3844 reddita:
1317 3803 1409 3856 per
1438 3790 1609 3856 ipsum
1638 3789 1795 3841 terris
1817 3790 1936 3856 plu-

352 3889 454 3944 vim
481 3886 704 3956 gratiam
734 3884 1171 3954 persequebatur,
1195 3890 1253 3935 ut
1290 3893 1499 3950 poenam
1526 3880 1714 3934 mortis
1740 3881 1788 3934 ei
1818 3879 1938 3934 red-

354 3978 537 4044 deret,
572 3976 725 4044 cujus
756 3975 1090 4028 orationibus
1117 3972 1337 4041 depulsa
1364 3974 1577 4041 generis
1613 3972 1828 4026 humani
1864 3972 1938 4025 fa-

354 4085 474 4138 me,
506 4079 558 4127 et
595 4070 708 4138 ipsa
754 4068 879 4122 licet
926 4066 1171 4135 indigna,
1211 4064 1418 4120 vivebat
1462 4062 1596 4136 (111
1630 4061 1759 4136 Reg.
1792 4064 1935 4134 XIX).

354 4161 494 4231 Quid
526 4161 667 4215 enim
690 4160 826 4214 dixit
853 4166 972 4226 post
1001 4157 1127 4211 illud
1151 4155 1464 4210 admirabile
1493 4152 1844 4208 beneﬁcium?
1873 4153 1936 4211 Si

354 4262 413 4309 tu
439 4270 492 4308 es
522 4251 702 4318 Elius,
733 4258 781 4306 et
810 4266 905 4321 ego
935 4264 1047 4303 sum
1070 4246 1295 4302 Jezabel.
1325 4245 1451 4300 ch
1478 4246 1601 4299 mihi
1622 4247 1811 4316 [actam
1840 4247 1935 4311 dii,

355 4356 402 4404 et
433 4344 540 4401 haec
559 4351 845 4414 apponant,
869 4342 967 4396 nisi
986 4341 1206 4395 crastina
1230 4340 1325 4392 hac
1345 4339 1473 4391 liora
1498 4354 1682 4407 ponam
1712 4338 1940 4390 animant

358 4447 501 4495 luem
526 4438 661 4492 sicut
689 4436 912 4489 animant
942 4434 1094 4489 unius
1120 4449 1298 4488 eorum
1328 4434 1411 4501 qui
1436 4432 1683 4502 interfecti
1705 4442 1842 4485 sunt.
1871 4430 1939 4484 Et

357 4534 524 4590 siluit
552 4532 720 4597 Elius,
750 4539 799 4586 et
828 4530 953 4583 abiit
980 4529 1256 4583 secundum
1290 4527 1516 4579 animum
1549 4541 1714 4591 suam,
1744 4534 1790 4577 et
1821 4539 1938 4592 per-

357 4628 488 4685 rasit
512 4627 567 4681 itt
602 4626 884 4690 desertum,
912 4623 1044 4677 viam
1079 4621 1421 4690 quadraginta
1445 4620 1644 4672 dierum
1668 4659 1684 4686 ,
1716 4628 1760 4671 et
1790 4620 1938 4687 coepit

357 4721 509 4793 quasi
538 4720 750 4774 (rediens
779 4721 832 4771 iu
859 4716 1141 4787 defectione
1180 4715 1361 4768 anime
1385 4712 1646 4783 postulare
1685 4721 1738 4763 ut
1770 4725 1939 4763 more-

358 4822 518 4879 retur,
545 4823 594 4867 et
618 4811 750 4865 dixit
778 4823 799 4864 :
829 4806 1047 4862 Domine
1077 4804 1235 4871 Deus,
1260 4804 1438 4874 suﬁicit
1458 4805 1604 4875 jam,
1633 4801 1804 4872 accipe
1829 4800 1943 4854 ani-

358 4919 497 4959 mus
516 4916 702 4967 meum,
721 4900 843 4970 quia
863 4914 962 4951 nou
982 4912 1094 4953 sum
1114 4913 1208 4969 ego
1228 4897 1406 4951 metior
1425 4911 1577 4967 super
1596 4903 1763 4965 patres
1783 4909 1939 4950 meos.

363 4997 453 5053 Vm
474 4994 626 5052 mihi.
657 4992 796 5060 Quid
823 4988 1001 5046 adhuc
1024 4989 1249 5055 dicatur,
1274 4989 1319 5044 si
1352 4989 1439 5044 ille
1479 4987 1733 5059 propheta
1766 4995 1945 5041 tantus

360 5090 540 5148 timuit
579 5087 892 5151 mulierem,
930 5084 1020 5153 qui
1065 5082 1225 5137 totius
1264 5082 1449 5138 mundi
1492 5092 1686 5138 statum
1727 5089 1781 5135 et
1820 5079 1941 5135 C(Bli

362 5180 593 5252 pluviam
620 5187 676 5235 et
701 5175 815 5246 agri
842 5175 1077 5246 speciem
1107 5174 1159 5226 in
1190 5170 1381 5242 linguae
1405 5181 1663 5242 potestate
1692 5180 1941 5239 portave-

360 5281 467 5338 rat,
493 5271 585 5342 qui
608 5270 783 5340 ignem
812 5283 844 5323 e
868 5266 1007 5322 celo
1031 5264 1309 5331 eduxerat,
1339 5273 1394 5317 et
1422 5279 1517 5330 per
1546 5266 1794 5317 virtutem
1824 5277 1943 5316 ora-

364 5363 527 5421 tionis
561 5372 801 5419 mortuus
843 5355 1227 5414 suscitaverat?
1270 5355 1368 5410 ilic
1413 5356 1587 5410 timuit
1625 5353 1939 5408 mulierem?

362 5458 571 5525 timuit,
604 5458 857 5524 inquam;
897 5451 1041 5506 nulla
1080 5451 1222 5505 enim
1250 5448 1447 5502 malitia
1489 5436 1727 5503 aemulari
1769 5454 1944 5517 potest

363 5551 646 5608 Mulierem
674 5546 887 5601 ntalem.
918 5547 1212 5597 Attestatur
1241 5539 1436 5594 iterum
1476 5540 1596 5593 huic
1626 5539 1785 5593 verbo
1825 5551 1943 5591 meo

362 5644 789 5715 sapientissimus
846 5637 1096 5693 Salomon
1145 5653 1159 5689 :
1203 5635 1337 5700 Quia
1393 5650 1492 5686 non
1548 5642 1619 5686 est
1666 5639 1823 5699 caput
1855 5647 1944 5683 su-

370 5747 636 5810 perceptu
677 5733 945 5804 serpentis,
992 5738 1039 5784 et
1072 5744 1174 5783 non
1229 5737 1302 5782 est
1356 5726 1551 5781 malitia
1603 5740 1756 5795 super
1794 5723 1945 5777 ntali-

374 5833 497 5889 tiam
523 5830 750 5887 mulieris
769 5824 959 5899 (Ereti.
982 5821 1132 5895 xxv).
1156 5818 1201 5879 0
1220 5821 1418 5879 malum
1446 5834 1714 5879 summum
1738 5826 1792 5876 et
1820 5831 1949 5875 acu-

1972 4572 2020 4634 D

2032 1964 2220 2003 omnes
2250 1950 2537 2016 interiecit,
2567 1966 2752 2006 omnes
2781 1953 2949 2017 elidit,
2974 1952 3204 2019 repletos
3226 1955 3535 2025 ignominia,
3557 1964 3611 2013 et

2026 2039 2231 2097 honore
2263 2057 2479 2098 vacuos.
2511 2042 2697 2099 Mulier
2722 2045 2861 2099 enim
2890 2044 3171 2115 impudens
3187 2047 3383 2101 nemini
3408 2048 3606 2116 parcit:

2031 2148 2135 2189 non
2161 2136 2373 2189 levitam
2407 2136 2652 2203 honorat,
2688 2153 2793 2192 non
2822 2139 3152 2193 sacerdotem
3182 2148 3472 2208 reveretur,
3507 2154 3615 2197 non

2031 2226 2307 2295 proiihetae
2334 2226 2507 2281 defert
2529 2226 2808 2282 honorem.
2832 2228 2873 2283 0
2896 2229 3089 2283 malum
3112 2231 3255 2284 omni
3279 2232 3419 2285 malo
3442 2231 3614 2302 pejus,

2032 2320 2308 2373 mulierem
2339 2319 2565 2373 malam!
2591 2322 2703 2375 sive
2730 2319 2813 2373 illa
2844 2336 3043 2390 pauper
3069 2322 3157 2387 sit,
3185 2322 3296 2379 sive
3321 2323 3489 2390 dives,
3518 2323 3616 2378 du-

2032 2412 2150 2480 plex
2180 2412 2375 2466 malum
2414 2421 2515 2466 est.
2555 2411 2613 2465 Si
2656 2412 2847 2466 habeat
2890 2411 3196 2468 facultatem
3242 2413 3455 2470 malitia
3504 2428 3617 2470 sua!

2033 2516 2448 2573 cooperantem,
2494 2506 2691 2559 malum
2726 2507 2917 2576 duplex
2944 2548 2960 2575 ,
3006 2506 3357 2565 intolerabilis
3409 2507 3617 2581 vipera,

2032 2586 2422 2653 immedicabile
2472 2613 2756 2652 venenum.
2807 2597 2930 2654 Scio
2974 2601 3114 2654 enim
3159 2611 3213 2655 et
3258 2616 3358 2670 ego
3404 2603 3618 2672 aSpides

2040 2687 2406 2742 blandimento
2447 2689 2832 2743 incantantium
2876 2690 3139 2760 mitigari,
3181 2700 3234 2746 et
3262 2692 3440 2750 leones
3467 2706 3521 2751 et
3550 2699 3618 2753 ti-

2032 2781 2210 2850 grides
2252 2791 2305 2835 et
2339 2781 2533 2850 pardos
2555 2783 2749 2837 domita
2782 2780 2991 2837 feritate
3021 2798 3406 2840 mansuescere.
3435 2785 3619 2844 Mulier

2034 2875 2171 2928 mala
2206 2882 2260 2929 et
2293 2873 2338 2928 si
2371 2874 2619 2944 iujuriam
2662 2875 2879 2943 patitur,
2922 2876 3151 2943 insanit,
3182 2888 3233 2932 et
3272 2879 3316 2934 si
3362 2878 3619 2939 honorem

2035 2966 2251 3035 accipit,
2280 2967 2575 3023 extollitur.
2612 2971 2681 3021 At
2718 2969 2763 3023 si
2812 2970 3041 3037 potentis
3085 2969 3311 3040 alicujus
3354 2987 3488 3026 uxor
3523 2974 3613 3043 sit,

2038 3074 2141 3113 non
2165 3068 2339 3113 cessat
2363 3060 2448 3113 die
2473 3075 2534 3113 ac
2558 3072 2713 3115 nocte
2740 3061 2908 3114 virum
2934 3076 3086 3115 sumn
3111 3063 3299 3117 callide
3320 3064 3615 3133 stimulare,

2038 3148 2255 3216 blande,
2282 3150 2551 3222 nequiter,
2578 3154 2883 3222 importune
2906 3162 2959 3207 et
2984 3152 3265 3220 violenter,
3287 3154 3456 3210 donec
3480 3173 3621 3212 men-

2037 3252 2142 3296 tem
2177 3243 2291 3314 ejus
2320 3244 2567 3299 extrudat
2607 3245 2964 3313 impatientia,
3008 3258 3059 3301 et
3089 3248 3153 3301 ad
3191 3247 3272 3303 sui
3302 3266 3619 3307 consensum

2037 3334 2233 3390 furoris
2256 3345 2481 3391 exacuat
2502 3379 2515 3401 ,
2542 3345 2600 3391 ut
2636 3336 2736 3392 sibi
2767 3338 2995 3393 similent
3027 3338 3184 3395 faciat
3219 3342 3487 3396 maritum.
3516 3341 3619 3397 lm-

2037 3428 2222 3497 probis
2268 3429 2407 3482 male
2437 3428 2625 3484 suadet
2670 3430 2978 3498 consilium,
3023 3431 3162 3487 sicut
3197 3429 3455 3487 Herodias
3496 3434 3619 3490 fecit

2039 3520 2254 3574 llerodi.
2286 3521 2341 3575 Si
2374 3538 2502 3576 vero
2534 3537 2818 3591 pauperem
2844 3525 3017 3578 virum
3049 3525 3260 3593 habeat,
3291 3525 3462 3592 ipsum
3486 3542 3618 3597 quo-

2038 3628 2142 3680 que
2172 3611 2238 3666 ad
2270 3613 2568 3667 iracundias
2599 3623 2651 3667 et
2681 3614 2822 3668 rixas
2853 3616 3073 3671 incitare
3105 3633 3207 3671 non
3238 3616 3451 3671 desinit.
3483 3617 3544 3671 Et
3569 3616 3613 3673 si

2040 3703 2505 3767 vitluasit,omnes
2536 3707 2732 3773 passim
2764 3705 3010 3775 deSpicit,
3043 3718 3095 3761 et
3122 3708 3186 3761 ad
3215 3723 3372 3763 omne
3400 3708 3622 3764 menda-

2038 3792 2176 3844 cium
2205 3794 2391 3859 spiritu
2422 3794 2686 3861 superbiae
2710 3795 2943 3850 iullatur.
2973 3796 3187 3853 Timore
3212 3799 3352 3854 enim
3385 3800 3480 3855 Dei
3515 3782 3619 3856 non

3648 651 3655 659 υ

3644 666 3655 675 .-

2038 3884 2275 3936 refrenat
2315 3882 2543 3954 linguam
2575 3900 2759 3953 suatn,
2804 3903 2902 3942 nec
2942 3884 3171 3943 laturum
3204 3889 3458 3959 judicium
3489 3908 3624 3962 pro-
3676 3946 3685 3960 ,

2039 3974 2225 4043 spicit,
2258 3990 2432 4047 neque
2472 3977 2535 4030 ad
2581 3977 2747 4033 Deum
2778 3979 3026 4036 intendit.
3069 3981 3185 4037 Non
3224 3983 3474 4037 amicitia-
3495 3986 3620 4052 jura

2039 4081 2288 4133 servare,
2321 4085 2424 4122 non
2463 4070 2733 4137 religionis
2777 4071 2933 4126 fidem
2978 4074 3129 4128 novit
3162 4075 3355 4129 vereri.
3389 4074 3529 4130 Nihil
3568 4075 3620 4132 ei

2040 4164 2124 4211 est
2150 4158 2316 4212 virum
2348 4173 2500 4213 suum
2538 4160 2746 4215 tradere
2776 4161 2840 4215 ad
2873 4173 3124 4219 mortem.
3156 4164 3392 4235 Denique
3416 4166 3622 4237 justum

2040 4255 2141 4311 Job
2183 4255 2374 4309 mulier
2416 4271 2509 4309 sua
2550 4256 2615 4309 ad
2662 4267 2886 4311 mortem
2931 4257 3201 4325 tradebat,
3243 4260 3425 4315 dicens
3469 4279 3481 4315 :
3524 4260 3623 4315 Dic

2040 4347 2241 4399 verbum
2269 4346 2319 4399 in
2353 4344 2647 4415 Dominum,
2676 4357 2722 4401 et
2748 4364 2943 4402 morere
2973 4346 3111 4420 (Job.
3139 4348 3221 4421 tt).
3254 4353 3296 4404 0
3324 4352 3623 4422 malignitas

2040 4434 2354 4500 ineli'abilis,
2394 4452 2427 4488 ο
2471 4437 2710 4490 voluntas
2748 4437 2939 4504 impia!
2979 4439 3091 4492 Non
3132 4439 3347 4493 miserta
3387 4448 3471 4495 est
3511 4442 3625 4496 viro

2043 4542 2141 4580 suo
2163 4568 2178 4592 ,
2211 4544 2328 4581 cum
2365 4526 2569 4582 videret
2603 4529 2781 4582 omnia
2820 4529 3058 4584 membra
3100 4528 3215 4601 ejus
3258 4541 3413 4602 atque
3446 4533 3623 4590 vitalia

2047 4625 2313 4679 ulceribus
2338 4626 2520 4694 ignitis
2545 4625 2817 4692 ardentia,
2851 4635 2904 4681 et
2930 4634 3091 4681 totam
3121 4644 3337 4683 carnem
3363 4628 3479 4699 ejus
3507 4646 3625 4685 ver-

2049 4718 2224 4769 mibus
2258 4717 2565 4771 imolutam.
2599 4716 2714 4772 Non
2751 4717 2943 4774 inﬂexa
2974 4730 3055 4773 est
3080 4718 3144 4772 ad
3176 4720 3620 4789 miseriCurdiam,

2045 4806 2231 4862 videns
2262 4825 2383 4863 cum
2419 4820 2497 4863 tot
2525 4809 2798 4864 doloribus
2830 4810 2998 4876 volvi,
3038 4819 3093 4865 et
3120 4811 3268 4866 duris
3296 4812 3621 4869 cruciatibus

2051 4901 2434 4966 constrictum,
2466 4917 2635 4971 agone
2675 4902 2895 4959 funereo
2921 4903 3204 4971 dimicare,
3238 4914 3293 4959 et
3323 4904 3520 4960 ululatu
3547 4904 3625 4961 la-

2049 4990 2328 5059 crymabili
2356 4992 2570 5047 dolores
2591 5008 2720 5048 suos
2751 4994 3045 5049 intentione
3072 4994 3297 5050 laterum
3323 4995 3622 5053 tabidorum
3695 5013 3701 5021 '

2044 5081 2315 5149 expressis
2350 5083 2570 5137 vocibus
2610 5082 2917 5138 decantare.
2953 5083 3066 5138 Non
3106 5084 3340 5154 mitigata
3379 5097 3459 5143 est
3496 5087 3625 5143 τίσα-

2045 5172 2225 5227 ctione
2253 5173 2445 5227 mentis
2475 5189 2624 5239 uxor,
2660 5190 2778 5228 cum
2812 5175 2959 5229 illum
2982 5191 3139 5242 quem
3171 5177 3333 5246 regali
3358 5180 3624 5248 quondam

2048 5277 2281 5333 purpura
2316 5265 2570 5319 amictum
2603 5266 2843 5335 viderat,
2875 5281 3015 5323 nunc
3054 5267 3107 5323 in
3142 5282 3336 5340 aggere
3372 5272 3624 5329 stercoris

2047 5357 2244 5411 nudato
2272 5370 2497 5426 corpore
2535 5356 2802 5427 jacentem
2834 5360 3055 5417 videret.
3086 5361 3195 5419 Nec
3235 5364 3510 5420 recordata
3542 5375 3625 5420 est

2049 5449 2289 5518 pristinae
2310 5462 2429 5501 cum
2457 5463 2521 5501 eo
2543 5450 2940 5505 consuetudinis
2962 5467 3095 5521 suae,
3123 5467 3291 5521 neque
3313 5462 3504 5523 quanta
3528 5466 3625 5525 per

2050 5539 2220 5607 ipsum
2252 5539 2417 5608 gloria
2450 5550 2501 5593 et
2532 5542 2729 5595 divitiis
2767 5550 2819 5595 et
2860 5542 3151 5597 honoribus
3193 5544 3488 5612 ﬂoruisset,
3529 5547 3624 5602 sed

2051 5631 2211 5685 oblita
2243 5633 2475 5685 omnium
2505 5629 2787 5700 bonotum,
2820 5635 3056 5688 ausculta
3087 5635 3212 5703 quid
3244 5637 3315 5690 ait
3345 5654 3357 5689 :
3393 5636 3487 5690 Dic
3510 5654 3624 5692 ver-

2054 5724 2172 5776 bum
2220 5724 2274 5776 in
2325 5721 2625 5790 Dominum,
2656 5734 2701 5778 et
2747 5740 2959 5779 morere.
3006 5726 3049 5779 0
3085 5730 3250 5794 gratia
3286 5720 3624 5798 coniugalis,

2053 5831 2086 5872 ο
2115 5832 2290 5875 sermo
2318 5816 2523 5889 magnis
2551 5814 2823 5875 doloribus
2864 5818 3124 5877 leniendis
3154 5820 3584 5879 accommodatus
3602 5861 3622 5890 ,
