4096 6346
529 373 660 444 isti

1389 356 1591 431 ritum
1622 365 1899 428 DIACONI
1933 363 2087 424 ore.
2126 363 2304 423 psus
2337 363 2402 421 il.
2439 392 2510 405 —
2548 359 2903 422 essenon.

3636 366 3781 425 1512

529 497 565 539 ο
584 474 854 538 cbaritatis
881 469 1146 530 unanimis
1174 468 1303 526 ﬁdes
1322 469 1335 522 ι
1355 466 1449 523 Dic
1472 478 1598 522 mtnt
1625 465 1846 520 mulier:
1867 462 2096 518 Putasne
2124 464 2178 524 Α
2201 458 2389 531 (Eccti.
2409 459 2574 531 xxv).
2602 460 2708 516 Sed
2734 460 2992 515 hactenus
3014 456 3145 513 mihi
3166 456 3236 515 de
3258 456 3482 515 muliere
3501 458 3642 515 male
3666 476 3757 517 ser

532 586 785 644 unquam,
813 569 859 623 si
892 577 943 622 te
971 565 1024 621 in
1055 561 1215 618 simili
1246 558 1581 616 tribulatione
1611 557 1833 627 positam
1860 552 2102 619 vidisset,

532 642 639 721 tale
666 662 733 718 ad
766 668 819 716 te
847 657 1069 713 verbum
1098 652 1354 723 potuisset
1383 650 1666 715 emittere,
1691 656 1743 701 et
1770 660 1876 701 non
1906 642 2105 699 oratio-

531 755 689 811 nibus
716 758 772 805 et
796 746 1091 804 benefactis
1117 740 1415 812 passionem
1447 747 1591 793 tuam
1633 733 2011 792 abstersisset?
2040 732 2107 788 Et

528 860 634 901 non
662 838 959 897 sufficiebat
982 835 1085 893 sibi
1114 842 1220 888 tam
1252 830 1427 901 gravis
1455 828 1665 898 passio,
1696 827 1797 882 nisi
1829 838 1883 881 et
1921 833 1974 880 tu
2003 822 2104 879 do-

529 934 731 991 loribus
758 940 812 987 et
836 925 1144 985 vulneribus
1170 922 1384 994 gravior
1413 920 1729 989 accederes,
1760 931 1879 988 qua:
1903 915 2104 985 sempi-

533 1035 741 1083 ternam
774 1020 849 1077 illi
892 1016 1237 1087 blasphemia:
1276 1021 1495 1084 peccato
1535 1011 1830 1067 adduceres
1856 1006 2106 1078 pinnam?

531 1119 615 1173 An
644 1117 856 1185 ignoras
884 1108 1023 1179 quod
1054 1122 1215 1163 omne
1243 1113 1516 1175 peccatum
1549 1111 1601 1158 et
1632 1099 1978 1170 biaSpltemia:
2016 1110 2104 1152 re-

533 1206 811 1262 mittuntur
858 1199 1194 1265 hominibus,
1253 1198 1304 1252 in
1352 1194 1606 1263 Spiritum
1649 1192 2106 1262 autemlsanctum

532 1292 1026 1366 blasphemantibus
1040 1304 1144 1345 non
1162 1288 1484 1350 remittetur,
1506 1298 1675 1353 neque
1695 1284 1747 1339 in
1766 1284 1869 1337 isto
1884 1282 2102 1348 seculo,

533 1399 708 1453 neque
737 1385 791 1439 in
831 1380 1044 1437 futuro?
1079 1379 1168 1434 \‘is
1197 1378 1380 1434 videre
1419 1385 1475 1431 et
1503 1376 1660 1429 aliam
1693 1373 1910 1429 malitias
1949 1372 2107 1442 hujus

530 1475 752 1549 parem?
790 1473 867 1529 Da
906 1471 1038 1527 mihi
1079 1470 1327 1525 Dalilam.
1369 1466 1500 1522 Nam
1538 1475 1592 1520 ct
1620 1466 1734 1535 ipsa
1763 1464 2108 1520 fortissimum

532 1567 844 1624 Samsonem
869 1562 1041 1618 virum
1078 1575 1231 1617 suum
1277 1556 1532 1613 novacula
1563 1570 1740 1611 rasum
1770 1566 1822 1610 et
1850 1555 2106 1622 vinctum,

526 1655 809 1728 al|0phylis
837 1651 1079 1710 hostibus
1108 1649 1162 1705 in
1196 1648 1426 1719 praedam
1466 1655 1518 1702 et
1548 1646 1835 1700 ludibrium
1868 1643 2104 1699 tradidit.

529 1747 681 1803 Illum
708 1744 896 1801 cubilis
921 1743 1003 1798 sui
1028 1740 1330 1812 coniugem,
1355 1739 1439 1794 cui
1465 1737 1777 1794 mollissime
1800 1736 2109 1791 blandieba-

2206 567 2296 608 mo
2334 551 2584 616 habitus,
2617 551 2703 606 hic
2741 550 2933 607 habeat
2971 550 3155 605 finem.
3194 549 3417 619 Oportet
3454 550 3599 607 enim
3636 567 3780 611 nunc

2203 642 2436 698 vicissim
2464 656 2887 698 commemorare
2927 641 3094 698 bonas
3116 681 3132 707 ,
3162 641 3394 696 maxime
3433 652 3650 711 propter
3684 659 3779 703 eas

2202 750 2324 805 qua:
2352 734 2564 790 adsunt.
2598 734 2760 789 Bonas
2814 733 2956 789 enim
2988 733 3233 797 feminas,
3261 731 3522 787 bonarum
3552 734 3779 792 virtutes

2204 826 2345 884 sicut
2388 826 2629 897 proprias
2671 828 2962 890 intuentur,
3005 833 3062 879 et
3101 824 3311 879 illarum
3348 832 3528 881 castos
3568 824 3781 883 labores

2204 935 2333 977 suas
2360 933 2482 976 esse
2508 932 2741 976 coronas
2769 917 3094 975 existimant.
3125 918 3317 973 Mulier
3346 917 3485 972 bona
3513 928 3570 974 et
3599 919 3781 989 hospi-

2208 1010 2329 1066 talis
2366 1010 2517 1067 beata
2557 1010 2851 1065 Sunamitis
2876 1049 2892 1077 ,
2932 1024 3051 1078 quas
3089 1009 3262 1064 virum
3302 1023 3459 1064 suum
3495 1009 3782 1080 deprecata

2206 1113 2290 1159 est
2335 1102 2666 1158 mansionem
2712 1100 2906 1156 Elisaso
2947 1099 3247 1167 adificare,
3278 1110 3335 1155 ut
3377 1101 3689 1171 praeteriens
3731 1114 3785 1158 et

2207 1193 2476 1250 divertens
2503 1194 2568 1248 ad
2613 1208 2739 1262 eos,
2783 1191 2925 1264 quod
2966 1191 3143 1248 facere
3182 1201 3569 1260 consueverat,
3609 1208 3784 1250 secre-

2210 1295 2322 1343 tum
2358 1286 2583 1343 haberet
2612 1287 2919 1343 refectionis
2953 1287 3153 1342 locum.
3183 1285 3368 1343 Posuit
3390 1288 3441 1343 ei
3473 1286 3671 1343 lectum
3699 1290 3786 1358 (ut

2208 1381 2479 1451 Scriptura
2501 1379 2777 1449 declarat)
2804 1387 2860 1435 et
2889 1378 3160 1435 lucernam
3190 1388 3247 1436 et
3275 1392 3538 1433 mensam.
3566 1377 3786 1436 Lectum

2211 1474 2391 1543 utique
2422 1486 2528 1528 non
2556 1485 2781 1527 vacuum
2811 1472 3133 1541 tegumentis
3152 1512 3168 1537 ,
3200 1470 3295 1526 sed
3323 1470 3606 1526 habentem
3634 1486 3785 1527 com-

2209 1565 2443 1637 petentia
2470 1572 2640 1620 strato
2665 1562 2973 1618 indumenta
3007 1576 3025 1628 ;
3055 1570 3110 1616 et
3138 1561 3413 1617 lucernam
3456 1576 3560 1615 non
3601 1562 3782 1619 lucer-

2211 1660 2368 1717 nario
2400 1660 2530 1727 lino,
2561 1658 2655 1716 sed
2684 1673 2802 1715 cum
2817 1667 2989 1728 .stupa
3021 1667 3074 1714 et
3102 1659 3220 1714 oleo
3250 1657 3536 1713 habentem
3571 1658 3784 1722 lumen;

2211 1761 2266 1809 et
2305 1767 2543 1808 mensam
2573 1766 2682 1807 non
2708 1752 2825 1806 sine
2869 1750 3096 1821 panibus
3118 1791 3133 1816 ,
3167 1749 3261 1805 sed
3294 1749 3613 1804 instructam
3654 1748 3788 1805 cibis

528 1848 639 1905 tur,
667 1839 753 1894 cui
780 1836 1093 1906 simpliciter
1121 1833 1457 1899 adulabatur,
1489 1846 1645 1901 quem
1692 1830 1865 1899 seipsa
1899 1828 2109 1884 chario—
2139 1824 2188 1887 Β
2212 1844 2529 1900 necessariis
2556 1841 2609 1915 (1
2627 1842 2666 1897 V
2694 1843 2825 1913 Reg.
2852 1842 2954 1909 tv).
2988 1841 3124 1909 Quid
3154 1850 3331 1897 autem
3358 1840 3522 1909 digne
3550 1840 3788 1896 dicamus

524 1948 639 1991 rem
671 1932 870 1986 habere
893 1928 1274 1993 aestimabatur,
1317 1941 1473 1995 quem
1510 1924 1764 1978 hesterno
1789 1921 1876 1977 die
1913 1921 2103 1976 unani-

526 2026 628 2081 mis
655 2021 1093 2092 amplectebatur,
1135 2017 1296 2074 hodie
1333 2026 1385 2072 ut
1426 2015 1638 2071 inimica
1675 2014 1891 2083 decipit.
1939 2013 2107 2079 Quem

525 2118 685 2190 paulo
712 2128 835 2171 ante
861 2114 1066 2172 callidis
1098 2112 1234 2167 tnale
1264 2108 1453 2165 blanda
1483 2106 1730 2177 palpabat
1753 2104 2024 2161 illecebris
2050 2111 2107 2159 ut

526 2210 779 2280 diligens,
808 2208 946 2261 hunc
978 2204 1136 2275 paulo
1166 2210 1285 2273 post
1320 2200 1474 2255 morti
1500 2197 1739 2253 tradebat
1766 2195 2018 2251 illudens.
2044 2194 2112 2250 Et

525 2302 653 2374 quid
701 2298 969 2354 dicimus?
1011 2296 1215 2363 Quibus
1253 2292 1496 2348 odiorum
1545 2289 1720 2343 causis
1766 2287 2109 2355 displicuerat
2164 2294 2167 2295 '

527 2391 701 2449 uxor?
724 2390 883 2446 Forte
908 2404 1013 2443 non
1040 2395 1155 2443 erat
1183 2381 1494 2455 speciosus?
1518 2381 1585 2435 Et
1608 2380 1728 2449 quis
1753 2393 1818 2434 eo
1845 2378 2111 2448 pulchrior

526 2485 628 2541 sub
659 2483 750 2537 illo
785 2491 1026 2550 tempore
1047 2477 1345 2540 videbatur,
1372 2472 1457 2541 qui
1483 2481 1687 2539 septem
1712 2468 1888 2524 crines
1914 2468 2113 2523 vertice

529 2575 582 2632 in
614 2573 934 2644 septiformis
974 2568 1158 2638 gratia:
1202 2566 1431 2634 imagine
1470 2560 1817 2632 prmferebat?
1856 2560 1937 2614 An
1980 2572 2108 2613 vero

528 2684 635 2723 nun
663 2675 775 2721 erat
802 2663 991 2729 fortis,
1024 2669 1077 2716 et
1116 2666 1423 2726 contemptu
1462 2654 1682 2725 ignavia:
1722 2652 2111 2720 spernebatur?

526 2761 595 2833 Et
623 2760 739 2831 quis
779 2757 871 2812 illo
902 2753 1113 2819 fortior,
1146 2750 1235 2821 qui
1279 2748 1417 2804 leoni
1458 2746 1683 2803 terribili
1722 2745 1959 2801 obvianti
2006 2744 2110 2800 sibi

527 2851 736 2916 obviat,
768 2848 912 2904 solus
942 2855 994 2901 et
1026 2842 1246 2899 inermis
1284 2840 1496 2895 innexis
1522 2836 1623 2893 sibi
1664 2836 1911 2892 manibus
1941 2845 2115 2890 stran-

530 2943 696 3013 gulat,
726 2949 779 2994 et
808 2947 864 2993 ut
891 2937 1149 3006 scriptum
1170 2941 1276 2999 est,
1299 2932 1435 2987 sicut
1456 2930 1666 2985 haedum
1695 2943 1974 2997 caprarum
2000 2928 2110 2983 dis-

528 3033 766 3104 cerpsit?
798 3032 863 3087 Et
889 3031 976 3101 qui
1015 3043 1117 3085 una
1150 3028 1217 3082 de
1243 3024 1467 3081 vetustis
1505 3023 1715 3079 ossibus
1747 3023 1881 3078 asini
1930 3029 2114 3078 arente

529 3126 747 3185 maxilla
794 3122 1091 3194 aliopbylos
1137 3118 1283 3175 mille
1335 3117 1645 3187 prostravit.
1692 3115 1799 3172 Sed
1851 3126 2107 3185 praeterea

535 3231 752 3279 sanctus
768 3226 901 3283 erat,
929 3226 1086 3286 atque
1114 3214 1167 3269 in
1192 3220 1397 3267 tantum
1427 3219 1666 3275 sanctus,
1691 3217 1750 3263 ut
1770 3223 1890 3263 cum
1917 3206 2116 3262 sitisset

533 3324 654 3384 post
677 3311 913 3366 laborem
942 3320 1131 3377 pugnas
1157 3305 1212 3359 in
1238 3303 1356 3357 loco
1393 3303 1570 3367 sicco,
1598 3300 1915 3369 deprecatus
1947 3297 2002 3352 in
2026 3297 2120 3352 de-

531 3408 674 3463 fectu
703 3405 894 3460 anima:
921 3415 1030 3455 sum
1062 3399 1342 3453 Dominum
1362 3436 1377 3462 ,
1409 3395 1588 3451 statim
1629 3409 1694 3449 ex
1734 3394 1846 3460 ipsa
1874 3407 2030 3462 quam
2063 3391 2115 3447 in

533 3512 694 3555 manu
724 3494 937 3551 tenebat
960 3489 1175 3546 maxilla
1202 3495 1515 3557 erumpente
1544 3500 1680 3555 aqua
1712 3483 1927 3549 biberit,
1958 3490 2116 3551 atque

534 3590 657 3647 inde
693 3586 812 3643 sitis
839 3592 1027 3639 assium
1064 3596 1129 3637 ex
1161 3579 1353 3635 eodem
1394 3576 1589 3633 mortui
1624 3576 1831 3647 pecoris
1858 3588 1979 3628 osse
2014 3588 2118 3640 quo

536 3685 767 3750 vicerat,
795 3678 1024 3736 refectus
1047 3673 1379 3732 exstinxerit.
1405 3671 1473 3728 Et
1499 3671 1639 3726 hunc
1663 3669 1819 3724 talem
1840 3677 1893 3723 et
1918 3674 2118 3722 tantum

536 3777 706 3836 virum
737 3782 793 3831 et
828 3766 1225 3843 pulchritudine
1262 3773 1317 3822 et
1349 3764 1546 3819 virtute
1584 3769 1639 3818 et
1668 3759 1948 3816 sanctitate
1979 3772 2118 3827 prae-

536 3879 795 3937 stantem,
810 3880 905 3923 sua
929 3878 1063 3920 uxor
1079 3862 1221 3916 sicut
1233 3859 1504 3915 inimicum
1519 3853 1787 3923 decipiens
1801 3859 1854 3907 et
1875 3850 2117 3919 alligans,

537 3961 820 4035 allophylis
838 3956 1075 4015 tradidit.
1094 3952 1244 4009 Unde
1264 3960 1440 4007 autem
1455 3949 1545 4003 illa
1568 3947 1760 4003 mulier
1780 3943 1852 3998 illi
1878 3952 1983 3998 tam
2006 3942 2119 3996 viro

539 4033 663 4115 forti
681 4033 984 4126 praevaluit,
1005 4048 1109 4105 nisi
1130 4045 1365 4117 ingenita
1387 4042 1462 4098 illi
1480 4038 1821 4109 simplicitate
1842 4033 2115 4100 bonitatis,

538 4160 595 4209 et
622 4148 725 4206 sibi
752 4144 971 4203 malitiae
1003 4136 1333 4197 calliditate?
1363 4135 1477 4190 Non
1500 4132 1673 4187 solum
1706 4129 1847 4185 enim
1886 4126 2117 4192 curiosa,

540 4242 633 4299 sed
656 4248 711 4298 et
731 4237 953 4296 subdola
977 4233 1191 4302 irrepsit
1208 4230 1262 4285 in
1279 4225 1572 4299 praecordia
1597 4220 1796 4289 mariti,
1813 4233 1970 4289 quem
1995 4218 2124 4272 sim-

541 4331 768 4406 plicibus
796 4336 853 4385 et
881 4322 1200 4395 importunis
1234 4313 1692 4376 obsecrationibus
1711 4352 1727 4381 ,
1758 4319 1920 4382 atque
1946 4310 2126 4364 illece-

542 4403 721 4481 brosis
750 4415 1023 4476 blanditiis
1054 4415 1333 4483 fatigatum
1356 4450 1373 4475 ,
1411 4421 1607 4463 arcano
1644 4405 1735 4459 illo
1763 4403 1971 4457 virtutis
2012 4412 2123 4454 suae

544 4514 800 4587 mysterio
829 4509 1109 4581 spoliavit,
1136 4514 1297 4575 atque
1326 4504 1401 4560 ita
1428 4497 1633 4557 derasis
1660 4495 1899 4553 crinibus
1927 4493 2121 4547 virtute

546 4585 803 4667 nudatum
844 4601 1085 4657 funditus
1112 4599 1326 4664 evertit,
1359 4604 1415 4650 ut
1444 4606 1599 4663 quem
1632 4589 1795 4644 multa
1825 4586 1991 4641 millia
2025 4585 2120 4638 ho-

546 4686 704 4760 stium
736 4704 937 4751 armata
965 4707 1072 4748 non
1096 4691 1356 4753 vicerant,
1382 4687 1523 4739 hunc
1542 4695 1649 4738 una
1674 4676 1978 4736 muliercula
2004 4675 2120 4730 sine

549 4792 708 4850 armis
736 4787 861 4844 dolo
892 4784 1031 4842 male
1057 4790 1258 4838 armata
1290 4777 1497 4834 vicerit.
1528 4774 1749 4844 PrOpter
1780 4771 1879 4825 hoc
1910 4783 2120 4823 annuus

549 4886 641 4943 tiat
678 4882 774 4939 tibi
818 4876 1111 4951 prepheta,
1145 4882 1201 4930 et
1243 4872 1371 4928 dicit
1403 4888 1415 4925 :
1461 4868 1507 4924 A
1536 4865 1759 4935 conjuge
1790 4871 1877 4915 tua
1916 4856 2122 4914 custodi

549 4987 631 5045 te,
661 4992 728 5032 ne
759 4972 1066 5029 manifestes
1097 4968 1147 5023 ei
1176 4981 1268 5021 cor
1299 4974 1464 5019 tuum.
1497 4960 1594 5015 Dic
1634 4969 1762 5026 ergo
1792 4951 1923 5006 mihi
1944 4994 1959 5018 ,
2008 4965 2127 5017 quae

551 5044 714 5132 bestia
734 5074 921 5124 contra
944 5063 1237 5119 masculum
1258 5073 1412 5115 suum
1435 5054 1554 5110 talia
1572 5047 1855 5119 aliquando
1876 5044 2126 5099 meditata

552 5165 668 5222 est?
693 5163 823 5229 Quae
848 5162 1092 5215 dracaena
1117 5155 1228 5209 vult
1252 5151 1535 5220 coniugem
1567 5157 1720 5198 suum
1748 5137 2023 5229 perdere?
2040 5135 2123 5229 vel

553 5273 669 5332 qua:
696 5227 864 5314 leaena
892 5265 1092 5309 marem
1122 5260 1277 5304 suum
1303 5237 1649 5312 iugulandum
1681 5230 1935 5288 tradidit?
1970 5227 2128 5282 Vides

553 5326 680 5423 ergo
716 5347 856 5420 quod
896 5343 1141 5413 praedixit
1174 5334 1444 5404 Sapientia
1466 5371 1481 5397 ,
1523 5326 1770 5399 quoniam
1811 5338 1910 5376 non
1939 5329 2011 5375 est
2038 5335 2129 5371 cn-

554 5415 644 5516 put
669 5415 818 5512 super
845 5442 999 5505 caput
1042 5428 1326 5503 serpentis,
1377 5433 1423 5479 et
1472 5437 1575 5476 non
1622 5427 1692 5474 est
1733 5415 1932 5470 malitia
1979 5425 2131 5479 super

557 5505 806 5591 malitiam
836 5525 1084 5584 mulieris.
1119 5522 1189 5577 Et
1228 5516 1395 5576 semel
1434 5514 1653 5572 omnino
1690 5507 1926 5582 quisquis
1967 5505 2127 5560 habet

558 5626 833 5683 mulierem
880 5619 1107 5683 malam,
1150 5619 1435 5683 cognoscat
1475 5608 1600 5678 quia
1637 5604 1748 5675 iam
1790 5600 2123 5669 iniquitatum

558 5733 771 5775 suarum
798 5713 1100 5773 mercedem
1134 5716 1332 5781 portat.
1366 5703 1483 5759 Non
1510 5708 1657 5756 caret
1683 5692 2004 5753 testimoniis
2029 5704 2124 5745 ve-

558 5811 734 5873 ritatis
762 5810 846 5863 hic
883 5819 1081 5863 sermo.
1124 5799 1263 5858 Audi
1303 5796 1596 5867 sapientem
1640 5790 1945 5847 dicentem:
1978 5781 2126 5839 Mala

562 5902 745 5960 mulier
788 5908 832 5956 et
874 5899 1045 5968 iniqua
1091 5894 1275 5969 portio,
1300 5890 1495 5948 dabitur
1525 5904 1529 5912 λ
1561 5901 1656 5961 pro
1694 5878 1926 5956 operibus
1970 5874 2136 5949 malis.

2212 1948 2268 1995 et
2297 1938 2365 1994 de
2393 1937 2545 1994 beata
2576 1937 2667 1992 illa
2699 1936 2859 1991 vidua
2886 1951 3003 2004 quae
3034 1936 3271 2004 suscepit
3299 1934 3472 1989 Eliam
3503 1932 3626 2004 (Ill
3659 1935 3785 2005 Reg.

2216 2045 2330 2088 xvii
2355 2029 2410 2101 i,
2444 2045 2605 2099 quam
2637 2028 2693 2084 in
2722 2027 2870 2084 nullo
2901 2027 3175 2098 impedivit
3201 2027 3381 2097 inopia
3412 2041 3631 2093 rerum,
3658 2027 3789 2082 divi-

2214 2132 2321 2179 tem
2348 2124 2487 2179 bona
2513 2124 2803 2187 voluntate,
2835 2122 2920 2177 cui
2945 2137 3052 2177 non
3077 2132 3193 2176 erat
3221 2134 3397 2192 neque
3425 2120 3749 2177 frumentum
3772 2164 3787 2187 ,

2212 2233 2386 2288 neque
2421 2218 2636 2284 vinum,
2671 2231 2847 2287 neque
2885 2216 3250 2287 pulmentum,
3279 2230 3456 2286 neque
3493 2216 3636 2271 aliud
3664 2216 3791 2285 quid

2214 2313 2485 2368 terrestris
2523 2311 2824 2377 alimoniae,
2867 2312 2931 2366 ad
2973 2312 3299 2381 paupertatis
3345 2310 3619 2367 exhausta
3663 2324 3789 2366 con-

2210 2405 2529 2462 solationem
2554 2404 2576 2458 ?
2617 2403 2734 2461 Non
2762 2419 2889 2475 ager
2916 2402 2992 2459 illi
3021 2403 3241 2473 frugifer
3271 2418 3454 2459 semen
3483 2403 3629 2473 panis
3654 2417 3787 2473 pro-

2212 2499 2450 2565 ferebat,
2507 2513 2615 2554 non
2673 2499 2827 2554 vinea
2885 2498 3205 2568 pradulcem
3260 2497 3540 2553 fluentibus
3593 2512 3790 2553 venatu

2213 2590 2413 2667 [uvam]
2460 2590 2692 2649 racemis
2741 2591 2984 2648 felicibus
3032 2590 3305 2647 afferebat.
3353 2590 3470 2647 Non
3517 2591 3567 2645 ei
3610 2589 3697 2644 vel
3736 2588 3795 2645 in

2214 2701 2353 2747 terra
2393 2689 2556 2760 palmi
2601 2688 2747 2747 locus
2785 2685 2858 2742 ad
2902 2684 3164 2741 arandum
3204 2685 3453 2751 suberat,
3494 2696 3670 2751 neque
3715 2683 3797 2738 vel

2212 2784 2377 2841 cubiti
2418 2782 2647 2852 spatium
2695 2778 2763 2833 ad
2813 2775 3047 2833 viticulas
3097 2774 3480 2846 plantationem
3528 2773 3793 2838 habebat;

2212 2877 2308 2933 sed
2347 2890 2558 2944 semper
2596 2874 2787 2930 messis
2826 2873 2880 2927 in
2927 2882 3168 2941 tempore
3207 2869 3504 2940 procedens
3547 2868 3606 2923 in
3652 2881 3798 2922 cam-

2213 2983 2370 3040 pum,
2420 2978 2475 3023 et
2519 2968 2662 3024 lento
2710 2967 2986 3022 incurvata
3032 2978 3354 3035 progressu,
3405 2975 3561 3017 raras
3608 2959 3799 3030 segetis

2213 3065 2467 3120 abscissus
2496 3062 2755 3132 reliquias
2784 3061 3113 3127 sectabatur,
3147 3066 3201 3113 et
3228 3057 3470 3113 residuas
3509 3054 3597 3111 vel
3636 3057 3799 3113 cadu-

2218 3172 2310 3214 cas
2341 3155 2644 3226 progressis
2673 3152 3006 3210 messoribus
3033 3151 3242 3223 spicas,
3272 3149 3425 3207 brevi
3452 3149 3663 3220 gremio
3689 3147 3802 3204 col-

2221 3252 2452 3323 ligebat,
2482 3251 2535 3305 in
2565 3263 2669 3320 quo
2697 3248 2842 3304 velut
2870 3247 3172 3302 dimensam
3213 3251 3269 3298 et
3310 3242 3412 3298 sub
3438 3242 3801 3298 aestimatione

2221 3352 2553 3400 numeratam
2583 3354 2681 3412 pro
2708 3338 2835 3394 anui
2862 3338 3037 3408 spatio
3067 3336 3365 3407 reponebat
3391 3349 3688 3391 annonam.
3714 3334 3797 3390 Ad

2222 3438 2359 3492 hanc
2388 3450 2515 3506 ergo
2546 3433 2743 3489 missus
2772 3446 2803 3486 a
2831 3432 3059 3488 Domino
3085 3430 3235 3485 venit
3274 3428 3420 3484 Elias
3459 3428 3516 3483 in
3561 3438 3802 3498 tempore

2223 3530 2399 3597 famis,
2428 3528 2643 3599 quando
2673 3526 2786 3581 fere
2814 3534 2955 3580 totus
2985 3522 3130 3579 orbis
3158 3533 3419 3578 terrarum
3445 3519 3661 3576 defectu
3686 3521 3804 3590 piu-

2220 3623 2425 3677 viarum
2456 3620 2684 3675 siccatus
2711 3625 2926 3671 aruerat
2946 3656 2962 3682 ,
2992 3623 3048 3671 et
3078 3614 3256 3683 inopia
3286 3613 3611 3684 gignentium
3644 3613 3804 3668 tabe-

2222 3714 2393 3769 factus
2414 3754 2428 3782 ,
2461 3709 2820 3766 animantibus
2850 3707 3048 3762 victum
3076 3706 3336 3775 negabat,
3363 3703 3569 3775 quando
3594 3703 3801 3759 celum

2222 3809 2443 3865 testibus
2482 3806 2661 3877 ignitis
2700 3806 2995 3870 inarserat,
3034 3812 3092 3859 et
3128 3816 3342 3857 crassus
3389 3816 3484 3857 aer
3529 3799 3805 3856 nebulosis

2223 3902 2510 3973 vaporibus
2539 3897 2803 3969 caligabat
2829 3939 2846 3967 ,
2877 3895 2972 3953 sed
3001 3893 3281 3951 subductis
3321 3892 3585 3949 imbribus
3626 3891 3808 3946 nubila

2222 3996 2488 4051 refrenata
2522 3989 2860 4061 pendebant,
2891 3987 3103 4057 quando
3134 4000 3234 4043 nec
3263 3985 3459 4050 herba,
3490 3997 3595 4039 nec
3624 3982 3804 4047 ﬂores,

2224 4101 2325 4144 nec
2351 4086 2458 4141 ulla
2486 4085 2726 4156 germina
2756 4080 3110 4151 pullulabant.
3156 4078 3272 4135 Non
3301 4079 3570 4149 spicarum
3613 4077 3807 4132 aristas

2223 4180 2402 4237 rosida
2432 4192 2561 4233 aura
2589 4176 2885 4242 recreabat,
2915 4172 3130 4244 quando
3156 4170 3375 4228 ﬂumina
3401 4177 3623 4225 tenuata
3651 4168 3801 4233 rivis,

2225 4275 2391 4332 alveis
2418 4275 2608 4329 breves
2640 4278 2847 4326 meatus
2876 4266 3102 4337 agebant
3127 4304 3142 4331 ,
3173 4272 3228 4320 et
3254 4262 3482 4318 fontium
3510 4262 3680 4317 ubera
3700 4267 3811 4314 tor-

2226 4367 2331 4422 ridi
2368 4365 2501 4420 soiis
2538 4364 2790 4418 diuturno
2829 4356 3021 4415 ardore
3058 4354 3420 4420 reirixerant,
3459 4358 3518 4407 et
3554 4350 3809 4407 usitatum

2234 4458 2403 4516 amari
2438 4456 2571 4515 salis
2601 4459 3081 4525 temperamentum
3110 4461 3215 4503 non
3246 4442 3597 4502 inﬂuentibus
3626 4442 3696 4497 de
3721 4441 3809 4496 in-

2145 4548 2200 4610 D
2230 4569 2390 4613 cursu
2440 4551 2720 4607 fluminum
2776 4553 2832 4602 et
2882 4544 3145 4599 infusione
3202 4537 3505 4609 pluviarum
3562 4533 3811 4589 dulcibus

2225 4649 2399 4719 aquis,
2430 4645 2595 4700 maria
2621 4640 2876 4697 destituta
2896 4635 3257 4709 perdiderant.
3273 4632 3473 4688 *Tunc
3489 4632 3639 4687 venit
3664 4629 3809 4685 Elia:

2226 4743 2293 4798 ad
2340 4739 2483 4795 illam
2528 4738 2742 4804 inepem
2786 4731 3035 4793 viduam,
3067 4736 3121 4782 et
3165 4724 3352 4794 quales
3396 4723 3601 4777 amoris
3644 4728 3809 4776 astus

2228 4834 2414 4890 viduas
2430 4832 2588 4887 etiam
2620 4829 2671 4883 in
2696 4834 2937 4893 tempore
2964 4818 3224 4877 ubertatis
3251 4816 3425 4887 pati’.
3448 4814 3636 4870 Nostis
3662 4816 3805 4870 enim

2230 4928 2417 4985 Solitas
2446 4923 2722 4979 viduarum
2764 4914 3070 4987 angustias,
3103 4926 3224 4982 quae
3263 4909 3507 4980 profecto
3537 4906 3806 4976 ingraves—

2229 5030 2356 5077 cunt
2376 5062 2389 5086 ,
2422 5021 2465 5074 si
2496 5006 2827 5072 desolatione
2855 5010 3141 5080 puniantur
3169 5003 3425 5075 penuriae.
3461 5001 3531 5056 Et
3558 5001 3699 5055 Deus
3728 4996 3807 5051 di-

2228 5118 2390 5170 vitem
2420 5111 2564 5165 misit
2588 5106 2900 5177 prophetam
2920 5140 2937 5169 ,
2967 5102 3057 5170 qui
3086 5100 3249 5154 etiam
3278 5096 3331 5150 in
3364 5104 3609 5162 tempore
3648 5086 3807 5143 famis

2226 5204 2525 5263 abundaret
2558 5200 2782 5269 panibus
2804 5235 2818 5260 ,
2849 5203 2903 5250 et
2930 5208 2961 5248 a
2988 5199 3171 5247 monte
3211 5184 3498 5242 discedens
3538 5181 3807 5254 [descen-

2231 5296 2399 5368 dens]
2418 5338 2433 5365 ,
2464 5293 2609 5350 venit
2637 5290 2704 5345 ad
2732 5289 2887 5343 istam
2919 5295 3228 5356 pauperem.
3257 5278 3491 5343 Quarem
3520 5282 3700 5328 autem
3730 5270 3809 5322 vir

2231 5394 2321 5449 ille
2364 5388 2453 5460 qui
2497 5383 2665 5441 verbo
2707 5383 2885 5452 ignem
2935 5377 3004 5431 de
3045 5374 3188 5431 etelo
3234 5368 3565 5431 adduxerat,
3621 5372 3813 5460 panem

2231 5451 2548 5551 sibimetipsi
2600 5492 2706 5533 non
2737 5451 3047 5543 deposuit?
3096 5463 3344 5535 Nunquid
3393 5473 3502 5517 non
3558 5451 3814 5551 poterat?

2233 5582 2425 5650 Utique
2456 5545 2681 5647 poterat.
2708 5567 2816 5627 Sed
2845 5567 2966 5624 ideo
2991 5578 3095 5619 non
3128 5561 3287 5625 fecit,
3317 5570 3386 5612 ne
3414 5557 3717 5650 praeparata
3749 5545 3820 5601 ad

2231 5644 2429 5734 bonum
2458 5644 2592 5741 upus
2636 5666 2828 5730 vidua,
2871 5654 3245 5729 hospitalitatis
3286 5644 3823 5741 mercedepriv-are-

2234 5779 2339 5835 tur,
2371 5777 2424 5822 et
2452 5734 2733 5836 prepterea
2781 5763 2839 5811 ut
2882 5753 3033 5811 illum
3078 5747 3348 5836 modicum
3392 5734 3797 5836 pug-illum.

2222 5820 2349 5944 is;
2390 5820 2811 5918 et‘sti'llicidium
2840 5844 2945 5904 olei
2971 5837 3274 5918 benedictio
3302 5830 3518 5894 Domini
3551 5820 3817 5897 multipli-
