4096 6346
385 358 521 415 1515

1351 363 1810 423 HOMILIARIUS.
1849 391 1920 407 —-
1957 361 2124 421 HOM.
2164 362 2251 420 DE
2286 362 2590 421 SANC‘I‘IS.

3469 365 3606 422 15H

377 480 521 527 caret
547 471 600 527 in
629 486 722 528 ore
748 472 978 542 suscepti
1008 473 1302 546 prophetas.
1349 477 1468 534 Non
1513 479 1655 536 enim
1700 495 1798 549 pro
1841 494 1936 536 sua
1967 481 2213 549 Amagis
2251 479 2530 550 pr0phetae
2583 477 3000 546 obtemperaret.
3053 475 3254 532 Verum
3307 476 3396 533 illa
3454 479 3615 549 elegit

380 573 582 619 tantum
609 566 791 636 requie
814 568 1010 624 missus
1038 578 1120 624 est
1144 571 1406 642 propheta
1423 614 1438 637 ,
1464 583 1521 629 ut
1550 574 1616 629 ab
1644 573 1802 642 inope
1826 589 1950 644 pas-

377 665 607 726 ceretur,
636 668 890 728 quantum
919 668 978 715 ut
1005 675 1233 733 egenum
1277 673 1550 733 pasceret,
1579 666 1675 721 sed
1699 675 1759 721 ut
1778 667 1948 721 mani-

377 746 594 805 festaret
634 751 898 807 occultum
962 755 1016 808 in
1065 755 1226 812 corde
1271 756 1413 812 illius
1456 757 1610 813 bonae
1659 758 1946 815 voluntatis

376 840 640 897 affectum.
686 842 800 899 Hoc
841 842 998 900 etiam
1044 847 1170 902 facit
1212 846 1329 917 ipse
1355 846 1648 919 Dominus,
1691 849 1783 921 qui
1825 863 1946 906 cum

377 944 568 1002 p0tens
607 935 679 990 sit
715 949 903 992 omnes
944 936 1036 1006 qui
1076 945 1202 994 sunt
1228 938 1283 994 in
1326 938 1427 994 hoc
1471 939 1674 996 mundo
1718 955 1814 1011 per
1855 954 1942 997 se--

379 1023 665 1092 metipsum
696 1025 975 1083 evidenter
1020 1028 1196 1098 alere,
1228 1030 1465 1086 continet
1505 1039 1682 1086 tamen
1725 1046 1946 1087 manum

378 1131 529 1172 suam
561 1117 629 1173 ab
659 1118 929 1189 impendio
955 1121 1290 1178 ministrandi
1309 1164 1324 1188 ,
1357 1131 1415 1179 ut
1439 1124 1506 1179 ad
1535 1123 1738 1180 bonum
1768 1139 1947 1195 prom—

376 1219 494 1279 ptas
543 1220 748 1268 mentes
801 1215 854 1269 in
910 1222 1150 1286 tempore
1198 1216 1533 1274 necessitatis
1577 1218 1644 1274 de
1688 1218 1946 1277 fructibus

377 1299 720 1357 humanitatis
748 1304 1029 1371 ostendat,
1057 1315 1113 1362 et
1139 1306 1436 1365 animarum
1482 1309 1792 1367 affectiones
1818 1326 1948 1382 ope-

375 1409 493 1449 rum
521 1396 781 1464 qualitate
809 1397 1100 1456 discernat.
1142 1401 1295 1469 Quod
1323 1403 1371 1458 si
1399 1417 1503 1458 non
1547 1402 1743 1459 fuerint
1780 1403 1946 1475 hujus

374 1487 670 1542 voluntatis
699 1499 790 1544 aut
815 1489 1088 1561 dignitatis
1115 1493 1207 1562 qui
1237 1493 1530 1563 suscipiant
1553 1504 1768 1551 sanctos
1806 1495 1942 1564 Dei,

377 1585 504 1633 tunc
532 1593 628 1635 eos
657 1580 916 1637 Dominus
940 1593 1034 1639 aut
1061 1598 1157 1654 per
1183 1599 1313 1641 aves
1346 1587 1545 1656 pascit,
1588 1589 1730 1644 sicut
1775 1587 1944 1643 Ellam

377 1668 430 1725 in
495 1681 675 1728 monte
731 1682 1034 1742 secretum,
1089 1686 1181 1733 aut
1230 1693 1326 1748 per
1375 1678 1688 1749 prophetam
1733 1680 1947 1737 aliunde

375 1756 784 1831 transmissum,
829 1764 971 1821 sicut
1014 1766 1292 1824 Danielem
1337 1769 1391 1825 in
1436 1770 1554 1827 lacu
1581 1770 1828 1837 leonum,
1858 1779 1950 1827 aut

2052 570 2328 641 prophetae
2358 569 2536 638 potius
2559 566 2627 622 de
2655 567 2848 637 in0piae
2873 581 2986 622 sua:
3013 566 3229 623 residuo
3269 567 3616 626 refectionem

2051 675 2263 731 parare.
2292 659 2504 717 Sciebat
2533 659 2674 714 enim
2705 658 2954 729 quoniam
2983 660 3072 730 qui
3113 661 3414 730 praphetam
3439 678 3616 717 susce-

2049 753 2178 822 perit
2202 752 2256 806 in
2285 751 2484 805 nomine
2521 749 2814 821 prophetas,
2859 750 3139 805 mercedem
3180 752 3443 822 propheta
3484 754 3610 808 acci-

2047 842 2186 914 piet;
2216 852 2264 896 et
2290 842 2376 911 qui
2405 842 2648 911 potaverit
2675 841 2925 896 sitientem
2951 841 3111 896 calice
3140 838 3286 914 aqua;
3330 843 3534 914 frigida:
3560 844 3617 898 in

2048 935 2250 990 nomine
2285 934 2553 1005 discipuli,
2581 950 2683 988 non
2712 933 2894 1006 perdet
2922 935 3202 989 mercedem
3229 951 3376 990 suam
3401 934 3617 1007 (Matth.

2049 1027 2138 1099 χ).
2186 1028 2324 1096 Quid
2366 1036 2450 1084 est
2494 1036 2674 1083 autem
2721 1027 2861 1098 quod
2893 1027 3151 1098 prapbeta
3181 1027 3355 1097 dixit,
3384 1029 3621 1099 festina?

2049 1118 2298 1190 Nunquid
2325 1127 2528 1174 tantum
2556 1117 2859 1187 esuriebat,
2888 1127 2948 1174 ut
2986 1117 3353 1175 indifferenter
3395 1119 3618 1174 festina-

2051 1210 2196 1268 tione
2231 1210 2473 1267 mulieris
2507 1209 2809 1281 indigeret?
2855 1210 2971 1267 Non
3018 1212 3202 1282 utique
3225 1251 3241 1279 ,
3279 1210 3375 1266 sed
3421 1210 3619 1268 docere

2051 1306 2196 1363 illam
2235 1309 2430 1376 voluit,
2461 1316 2708 1378 prompto
2749 1306 2928 1364 animo
2970 1321 3090 1362 esse
3114 1315 3168 1362 et
3195 1305 3422 1364 ferventi
3450 1315 3504 1363 et
3533 1307 3621 1361 lii-

2051 1398 2150 1457 lari
2179 1400 2245 1455 ad
2281 1401 2408 1456 boni
2449 1401 2629 1472 operis
2659 1397 2906 1456 effectum
2926 1439 2942 1466 ,
2973 1413 3080 1454 non
3107 1413 3228 1454 cum
3259 1397 3498 1465 tristitia,
3530 1413 3624 1454 ne-

2050 1506 2154 1562 que
2176 1500 2381 1547 tantum
2405 1507 2471 1547 ex
2490 1492 2811 1548 necessitate
2836 1489 3201 1558 praebendum.
3230 1487 3466 1542 Hilarem
3485 1489 3622 1542 enim

2050 1571 2280 1638 datorem
2304 1583 2471 1654 diligit
2495 1582 2636 1638 Deus
2664 1580 2752 1654 (Il
2781 1580 2902 1636 Cor.
2927 1581 3027 1652 rx).
3057 1579 3270 1636 Festina
3289 1620 3306 1648 ,
3337 1579 3538 1650 inquit,
3569 1588 3626 1635 et

2052 1675 2137 1732 fac
2165 1676 2389 1746 primum
2421 1674 2552 1730 mihi
2571 1715 2588 1744 ,
2618 1673 2764 1730 sicut
2793 1673 3062 1730 Abraham
3094 1672 3148 1728 in
3188 1671 3500 1742 angelorum
3529 1669 3626 1726 ad-

2049 1777 2212 1824 ventu
2251 1763 2526 1822 festinavit
2563 1766 2630 1820 ad
2671 1779 2825 1835 oves,
2870 1773 2929 1820 et
2967 1763 3191 1819 vitulum
3222 1762 3346 1818 inde
3373 1761 3624 1832 sumpsit.

378 1868 472 1922 per
501 1855 826 1910 maritimum
851 1857 1083 1922 animal,
1110 1859 1250 1914 sicut
1276 1859 1466 1917 Jonam
1496 1877 1591 1932 per
1615 1871 1828 1929 cetum,
1860 1872 1949 1919 aut
1977 1869 2026 1931 Β
2055 1859 2123 1916 Et
2149 1861 2287 1917 sicut
2313 1859 2448 1916 Sara
2479 1860 2783 1929 properavit
2806 1858 2873 1914 ad
2904 1871 3068 1928 panes
3095 1858 3194 1914 sub
3219 1858 3400 1914 cinere
3425 1855 3627 1911 facien-

377 1945 619 2015 ipserper
648 1949 994 2018 semetipsum
1027 1950 1169 2006 Deus
1197 1961 1378 2023 pastor
1403 1955 1652 2011 alimenta
1692 1956 1946 2026 suppedi-

374 2042 480 2101 tat,
533 2036 674 2092 sicut
721 2040 958 2107 patribus
1007 2042 1204 2097 nostris
1252 2043 1307 2099 in
1350 2045 1587 2101 deserto.
1635 2044 1766 2101 Cum
1805 2046 1948 2102 enim

374 2143 479 2183 non
505 2141 681 2185 essent
707 2131 761 2185 in
786 2132 1076 2189 solitudine
1100 2136 1186 2204 qui
1217 2137 1555 2207 susciperent
1579 2139 1717 2194 filios
1747 2138 1910 2196 lsrael
1929 2179 1946 2208 ,

375 2219 441 2274 de
491 2222 628 2277 etelo
671 2238 864 2278 manna
903 2225 1255 2282 esurientibus
1282 2228 1648 2297 ministrabat,
1679 2237 1736 2285 et
1763 2230 1831 2286 de
1860 2246 1951 2299 pe-

374 2320 452 2366 tra
498 2328 630 2381 aqua
677 2315 978 2372 sitientibus
1021 2317 1321 2374 diffluebat.
1369 2320 1502 2375 Cum
1545 2329 1724 2376 autem
1755 2320 1810 2375 in
1841 2319 1949 2377 hoc

382 2407 580 2462 mundo
607 2411 775 2464 sancti
807 2410 1013 2481 populis
1038 2411 1340 2482 permixtim
1368 2422 1672 2481 versantur,
1699 2421 1827 2470 tunc
1851 2414 1949 2470 etsi

380 2502 557 2558 videat
584 2519 678 2559 eos
704 2506 811 2574 pati
839 2505 1235 2562 tribulationem
1255 2548 1272 2575 ,
1299 2507 1440 2563 ferre
1465 2507 1755 2578 permittit,
1784 2517 1840 2562 ut
1864 2508 1952 2564 det

381 2597 604 2666 gratiam
635 2597 713 2652 eis
739 2597 828 2667 qui
855 2599 1001 2654 circa
1027 2613 1123 2656 eos
1151 2601 1419 2655 voluerint
1459 2600 1670 2670 operari
1707 2600 1953 2656 humani-

381 2695 579 2754 tatem,
633 2697 688 2743 ut
734 2688 836 2744 sibi
887 2687 956 2744 de
1009 2691 1260 2760 praesenti
1314 2689 1576 2747 beneficio
1627 2692 1954 2748 fructificent

385 2792 640 2837 aeternam
671 2782 916 2838 salutem.
951 2782 1095 2838 Abiit
1124 2798 1254 2854 ergo
1283 2783 1427 2840 Elias
1453 2784 1521 2839 ad
1546 2783 1756 2840 viduam
1786 2784 1951 2853 illam,

380 2872 467 2927 cui
495 2873 627 2928 nihil
660 2873 712 2927 in
747 2874 1110 2943 promptuario
1138 2881 1283 2941 erat,
1327 2873 1430 2930 nisi
1470 2875 1696 2945 pugillus
1738 2873 1949 2943 farinae,

379 2984 536 3040 quem
569 2968 741 3038 ipsum
773 2984 895 3025 cum
925 2967 1113 3024 labore
1139 2968 1309 3024 multo
1351 2969 1453 3024 sibi
1494 2977 1549 3025 et
1587 2968 1712 3026 filiis
1749 2968 1859 3024 suis
1899 2970 1953 3025 in

382 3063 498 3130 ipso
543 3069 784 3131 tempore
832 3060 1163 3116 advenientis
1211 3061 1486 3130 prophetae
1529 3071 1953 3131 praeparaverat,

380 3153 512 3208 nihil
541 3153 802 3222 reliquum
838 3153 1076 3218 habens,
1107 3161 1162 3208 et
1187 3166 1254 3208 eo
1281 3163 1501 3222 accepto
1545 3155 1799 3208 moritura
1829 3167 1951 3208 cum

2053 1951 2184 2018 dos,
2218 1961 2274 2007 ut
2299 1951 2568 2022 acciperet
2592 1951 2741 2006 illum
2771 1951 2826 2007 in
2852 1951 3004 2007 caelis
3030 1950 3401 2006 absconditum
3430 1962 3624 2020 panem

2056 2043 2220 2117 (Gen.
2247 2043 2431 2114 xviii).
2466 2042 2680 2098 Festina
2699 2083 2717 2111 ,
2746 2052 2800 2098 et
2829 2043 2909 2098 fac
2949 2043 3086 2098 sicut
3126 2042 3394 2098 Abraham
3424 2039 3628 2096 hostias

2055 2135 2166 2191 Deo
2187 2177 2201 2202 ,
2238 2151 2343 2191 non
2376 2137 2606 2206 primum
2638 2134 2773 2204 tibi,
2801 2143 2857 2190 et
2885 2145 3068 2206 postea
3097 2136 3258 2204 mihi,
3291 2135 3428 2190 sicut
3454 2134 3623 2199 Cain,

2051 2237 2105 2283 et
2132 2227 2307 2296 Ophni
2335 2237 2388 2283 et
2417 2226 2644 2284 Phinees
2674 2226 2769 2282 filii
2806 2225 2926 2283 Heli
2965 2229 3253 2284 sacerdotis
3275 2270 3291 2295 ,
3320 2228 3408 2298 qui
3437 2226 3622 2296 despi-

2051 2315 2262 2373 ciebant
2316 2317 2574 2373 honorem
2629 2317 2758 2384 Dei,
2812 2319 3041 2388 primum
3088 2319 3189 2374 sibi
3239 2320 3620 2377 sacrificiorum

2052 2410 2316 2480 primitias
2342 2410 2599 2481 eligentes
2627 2426 2694 2467 ex
2722 2412 2968 2469 omnibus
2995 2413 3148 2468 donis
3192 2427 3310 2482 quas
3342 2414 3451 2471 Deo
3489 2412 3622 2469 offe-

2052 2503 2305 2560 rebantur
2335 2502 2403 2574 (Ι
2427 2503 2562 2575 Reg.
2589 2507 2685 2574 ιι).
2717 2503 2810 2560 llla
2839 2520 2968 2577 ergo
3007 2506 3164 2562 vidua
3209 2506 3351 2576 quod
3390 2507 3626 2578 impera—

2057 2603 2170 2648 tum
2204 2605 2287 2650 est
2313 2596 2365 2650 ei
2398 2611 2428 2650 a
2469 2598 2756 2666 propheta,
2798 2599 3106 2655 festinanter
3148 2599 3353 2668 effecit,
3403 2609 3458 2656 et
3498 2601 3623 2657 hor-

2054 2699 2206 2740 reum
2234 2700 2390 2742 suum
2419 2687 2668 2743 celeriter
2695 2689 2965 2758 implevit,
2996 2690 3281 2759 providens
3308 2692 3629 2761 locupletem

2056 2790 2178 2832 esse
2226 2777 2454 2833 fructum
2499 2780 2843 2848 operantibus
2886 2781 2940 2835 in
2986 2781 3094 2836 Deo
3139 2783 3446 2852 repositum.
3493 2782 3626 2838 Pro-

2056 2870 2213 2940 pheta
2243 2885 2374 2927 vero
2401 2872 2845 2942 praeparationem
2871 2873 3045 2928 vidua:
3069 2875 3334 2945 suscepit,
3361 2875 3624 2945 gustavit,

2056 2961 2272 3018 locutus
2300 2971 2418 3030 est,
2450 2963 2667 3019 domum
2697 2964 2814 3034 ejus
2857 2964 3084 3036 replevit
3123 2965 3299 3022 bonis.
3333 2965 3456 3021 Non
3501 2968 3631 3036 deli-

2057 3054 2188 3121 ciet,
2241 3054 2437 3125 inquit,
2491 3056 2661 3127 farina
2708 3055 2940 3127 hydriw,
2988 3065 3037 3112 et
3079 3056 3245 3113 oleum
3284 3061 3348 3114 de
3383 3075 3627 3129 capsace,

2058 3147 2219 3200 donec
2264 3147 2350 3200 det
2398 3145 2648 3202 Dominus
2676 3146 2905 3217 pluviam
2931 3164 3084 3219 super
3113 3158 3320 3207 terram.
3359 3150 3428 3207 Et
3467 3166 3633 3222 quare

378 3246 526 3302 ﬁliis.
557 3246 622 3300 Et
646 3246 771 3314 quid
799 3247 872 3300 ait
896 3245 964 3300 ad
994 3259 1112 3300 eam
1136 3245 1436 3316 propheta?
1480 3245 1668 3314 Accipe
1694 3244 1816 3298 mihi
1842 3260 1956 3299 mo-
1981 3228 2029 3292 C
2060 3253 2232 3307 usque
2263 3239 2330 3292 ad
2363 3238 2496 3295 illud
2529 3241 2818 3310 temporis,
2850 3241 3011 3298 finem
3039 3241 3423 3298 benedictionis
3451 3244 3634 3300 dedit?

385 3339 559 3391 dicam
587 3353 733 3408 aquae
760 3339 814 3392 in
841 3338 1135 3404 vasculum,
1165 3347 1222 3392 ut
1251 3335 1438 3392 bibam.
1488 3341 1559 3394 At
1591 3337 1690 3392 illa
1719 3352 1842 3393 mox
1869 3337 1958 3392 ab-

383 3441 543 3486 eunte
565 3472 580 3499 ,
616 3441 734 3500 post
763 3432 936 3501 ipsam
963 3431 1153 3488 iterum
1186 3431 1436 3488 clamavit
1463 3448 1477 3486 :
1533 3431 1720 3500 Accipe
1752 3430 1881 3484 mihi
1907 3437 1958 3484 et

385 3538 569 3591 panem
593 3523 647 3577 in
675 3539 830 3578 manu
876 3533 982 3578 tua.
1021 3522 1115 3578 Illa
1143 3523 1456 3594 simpliciter
1484 3523 1624 3596 quod
1655 3538 1762 3580 non
1793 3523 1958 3579 habe-

383 3614 475 3668 bat
497 3656 511 3681 ,
542 3614 709 3679 dixit;
737 3616 878 3682 quod
907 3624 1083 3671 autem
1115 3615 1378 3684 habebat,
1410 3619 1658 3674 confessa
1689 3625 1791 3672 est.
1821 3615 1959 3683 Quid

386 3709 529 3762 enim
559 3706 675 3760 ait?
707 3706 843 3761 Vivit
868 3707 1146 3772 Dominus,
1171 3710 1214 3762 si
1239 3719 1309 3763 est
1339 3711 1462 3763 mihi
1492 3711 1544 3763 in
1571 3709 1792 3779 reposito
1812 3747 1828 3775 ,
1859 3709 1960 3761 nisi

385 3799 480 3853 hoc
510 3799 762 3852 modicum
789 3799 972 3868 farina:
1000 3810 1045 3853 et
1075 3801 1313 3871 exiguum
1340 3802 1436 3856 olei
1466 3800 1594 3871 (III
1627 3799 1758 3871 Reg.
1785 3799 1957 3869 xvn).

388 3889 557 3944 Valde
586 3889 862 3955 mirabile,
893 3890 1035 3960 quod
1065 3891 1117 3946 in
1148 3899 1292 3947 tanta
1321 3906 1565 3947 escarum
1597 3892 1817 3962 penuria
1847 3907 1962 3948 mo-

385 3982 560 4036 dicunt
608 3983 782 4051 ipsum
822 3983 962 4052 quod
1001 3983 1051 4038 ei
1091 3983 1362 4039 residuum
1401 3992 1547 4048 erat,
1592 3998 1698 4038 non
1730 3985 1957 4053 negavit.

384 4076 576 4142 Quanti
608 4090 734 4130 vero
761 4091 902 4131 nunc
931 4077 1018 4146 qui
1045 4091 1232 4131 aurum
1276 4085 1332 4133 et
1371 4086 1651 4146 argentum
1696 4077 1836 4132 sicut
1876 4078 1961 4133 ln-

388 4179 498 4224 tum
549 4169 784 4235 habent,
831 4183 952 4223 cum
1005 4178 1256 4237 rogantur
1305 4177 1362 4224 ut
1410 4169 1763 4239 indigentibus
1807 4185 1960 4239 opem

392 4269 687 4332 praestent,
719 4271 808 4316 aut
837 4262 902 4317 ad
947 4272 1158 4332 tempus
1196 4263 1564 4330 commodent,
1608 4274 1868 4330 renuunt,
1910 4272 1964 4320 et

392 4369 499 4409 non
542 4368 601 4408 se
649 4352 846 4408 habere
886 4352 1109 4423 jurantf
1157 4355 1222 4409 Et
1265 4355 1309 4410 si
1356 4354 1565 4424 quando
1609 4369 1702 4424 per
1741 4357 1962 4412 multam

393 4445 816 4500 obsecrationem
844 4443 1128 4501 ﬂectantur
1155 4455 1214 4501 ut
1255 4456 1540 4516 praestent,
1582 4449 1872 4517 scripturas
1912 4459 1965 4505 et

391 4535 666 4590 cautiones
717 4534 998 4603 ordinant,
1055 4545 1110 4592 et
1161 4537 1472 4607 praejudicia
1526 4539 1767 4608 quaedam
1819 4542 1959 4597 ferro

389 4626 646 4680 validiora
694 4627 1067 4694 conscribunt,
1113 4637 1170 4684 et
1219 4629 1359 4685 illius
1409 4633 1694 4688 mutuantis
1744 4647 1962 4689 manum

390 4720 620 4789 priurum
679 4719 890 4775 callidis
944 4721 1424 4791 conscriptionibus
1481 4724 1687 4797 ligant,
1747 4727 1964 4798 insuper

391 4809 734 4879 ﬁdejussores
764 4820 818 4867 et
849 4810 1240 4870 interventores
1282 4813 1482 4870 fenoris
1521 4817 1844 4872 commodati
1872 4833 1965 4875 ac-

394 4903 618 4972 cipiunt.
651 4903 742 4958 Illa
771 4913 950 4959 autem
982 4919 1182 4975 pauper
1209 4917 1390 4963 nostra
1410 4949 1426 4975 ,
1471 4909 1539 4965 ad
1581 4925 1740 4966 unam
1779 4926 1965 4968 vocem

389 4997 532 5066 quod
580 4997 846 5066 postulata
895 5007 1023 5062 est,
1073 4998 1270 5056 habere
1320 5001 1550 5073 seipsam
1598 5018 1705 5060 non
1759 5007 1971 5077 negavit

392 5089 676 5159 palmulam
725 5105 883 5144 unam
924 5089 1128 5146 farinae.
1172 5091 1240 5146 Et
1285 5093 1410 5163 quid
1454 5096 1527 5151 illi
1575 5096 1832 5166 propheta
1878 5113 1968 5170 re-

393 5181 648 5248 Spondit?
679 5181 922 5248 Festina,
953 5182 1150 5252 inquit,
1184 5193 1232 5237 et
1257 5185 1342 5255 fac
1367 5187 1754 5242 subcinericium
1781 5205 1963 5259 panem

389 5274 445 5328 in
475 5273 654 5341 primis
685 5275 843 5343 mihi,
875 5284 1049 5347 postea
1076 5277 1165 5330 tibi
1195 5278 1350 5348 facies
1377 5288 1424 5332 et
1465 5281 1586 5349 ﬁliis
1619 5283 1740 5336 tuis.
1771 5279 1971 5339 Tenta-

393 5365 470 5419 tio
500 5375 616 5420 erat
645 5367 865 5421 verbum
900 5368 1208 5437 prophetae,
1242 5369 1480 5438 probatio
1521 5373 1731 5438 cordis,
1763 5375 1965 5430 exami-

394 5455 541 5510 natio
581 5457 888 5513 voluntatis.
915 5459 981 5513 Et
1021 5469 1136 5515 erat
1180 5460 1318 5515 sicut
1359 5459 1412 5516 in
1459 5461 1592 5518 libra
1623 5465 1847 5533 positum
1877 5481 1969 5523 cor

391 5548 564 5605 beatae
615 5550 758 5607 illius
802 5551 1013 5619 viduae,
1069 5553 1212 5623 quod
1258 5553 1310 5609 in
1361 5555 1654 5626 prophetici
1707 5560 1966 5616 sermonis

393 5641 650 5714 imperio,
682 5644 833 5715 quasi
862 5645 1167 5716 questionis
1209 5656 1473 5704 tormento
1514 5648 1964 5722 interrogabatur,

395 5745 450 5794 et
477 5752 673 5808 anceps
722 5739 774 5794 in
827 5748 1108 5809 utrumque
1150 5741 1442 5810 pendebat,
1488 5757 1714 5810 quonam
1757 5753 1970 5815 urgeret

396 5833 756 5900 voluntatem,
799 5831 972 5888 sibine
1027 5836 1200 5901 potius
1250 5846 1304 5894 et
1363 5837 1484 5895 filiis
1523 5837 1858 5909 consuleret,
1900 5852 1968 5898 an

680 5925 951 5988 ΡΔτιιοι..
997 5924 1185 5989 XCV.

2056 3330 2370 3386 Necessario
2400 3332 2600 3402 utique.
2633 3332 2923 3402 Oportebat
2949 3334 3093 3390 enim
3121 3349 3257 3390 nova
3287 3335 3456 3406 gratia
3485 3335 3627 3390 sicut

2057 3425 2238 3495 pluvia
2293 3425 2711 3493 superveniente
2759 3425 2814 3482 in
2875 3434 3074 3482 terram
3101 3467 3118 3496 ,
3171 3434 3411 3484 veterem
3463 3428 3636 3499 legem

2062 3517 2356 3573 terminum
2402 3517 2681 3588 accipere,
2713 3526 2769 3574 et
2810 3533 3143 3589 consequens
3171 3529 3253 3576 est
3279 3534 3414 3591 opus
3451 3521 3638 3581 verbo.

2060 3609 2226 3666 Vides
2276 3611 2550 3680 quomodo
2604 3609 2981 3679 hospitalitatis
3030 3611 3305 3668 mercedes
3357 3611 3639 3669 benedicta

2061 3701 2218 3756 vidua
2275 3700 2382 3755 cito
2439 3700 2805 3758 vindemiavit.
2857 3701 3118 3759 Bonorum
3173 3705 3353 3759 etenim
3409 3705 3639 3760 laborum

2060 3791 2256 3862 fructus
2290 3794 2544 3862 gloriosus
2581 3802 2686 3860 est,
2727 3803 2776 3848 et
2811 3795 3113 3849 inconcussa
3149 3796 3302 3849 radix
3353 3797 3637 3866 prudentia:

2063 3885 2237 3957 (δίῳ.
2261 3900 2320 3941 ιιι
2344 3884 2389 3956 ).
2429 3885 2698 3953 Audistis,
2739 3900 2773 3942 o
2809 3887 3100 3954 mulieres,
3131 3898 3187 3944 et
3225 3889 3486 3944 malarum
3515 3906 3636 3946 mu-

2062 3979 2253 4034 lierum
2282 3989 2467 4049 actus,
2495 3988 2550 4036 et
2574 3979 2840 4036 bonarum
2883 3981 3125 4037 virtutes.
3153 3981 3368 4037 Illarum
3397 3997 3524 4054 ergo
3553 3983 3634 4040 fa-

2063 4072 2245 4126 cinora
2272 4071 2494 4139 calcate,
2524 4071 2715 4127 harum
2745 4087 2879 4128 vero
2907 4073 3150 4144 exempla
3181 4075 3483 4132 sectamini.
3511 4076 3638 4132 lllas

2062 4166 2447 4231 exsecramini,
2475 4164 2572 4221 has
2598 4181 2726 4223 vero
2756 4165 3068 4238 imitamini,
3100 4178 3157 4224 ut
3182 4183 3302 4225 cum
3331 4180 3638 4226 sanctarum

2062 4257 2380 4313 feminarum
2409 4273 2623 4315 cursum
2655 4269 2711 4316 et
2737 4260 2960 4333 vestigia
2990 4272 3291 4319 consecuta:
3323 4263 3552 4334 fueritis,
3581 4264 3639 4320 in

2064 4363 2248 4403 earum
2294 4349 2473 4406 choris
2511 4360 2671 4423 atque
2708 4353 2983 4409 consortio
3025 4354 3142 4424 pari
3179 4355 3349 4426 gratia
3393 4364 3448 4412 et
3475 4355 3635 4412 laude

2062 4443 2486 4499 annumeremini
2535 4444 2587 4499 in
2631 4442 2847 4502 Christo
2888 4444 3047 4516 Jesu,
3095 4446 3182 4503 cui
3221 4447 3391 4520 gloria
3433 4456 3490 4508 et
3537 4447 3644 4508 im-

2066 4535 2272 4604 perium
2301 4535 2358 4593 iu
2384 4536 2582 4594 saecula
2608 4538 2950 4595 saeculorum.
2983 4543 3174 4604 Amen.

2647 4634 2927 4691 HOMILIA
2965 4635 3051 4692 LI.

2539 4742 2620 4783 DE
2669 4742 2888 4784 EODEI
2941 4742 3174 4786 PESTO.

2382 4818 2463 4875 Ex
2492 4819 2630 4891 Opp.
2657 4835 2781 4876 ven.
2816 4821 2974 4877 Bedaa
3002 4823 3317 4894 presbyteri.
3342 4822 3366 4895 )

2140 4909 2209 4966 In
2246 4911 2338 4966 illo
2377 4922 2600 4984 tempore
2643 4914 2836 4969 audivit
2882 4912 3118 4971 Herodes
3159 4913 3411 4970 tetrarcha
3453 4915 3647 4985 famam

2069 5002 2227 5070 Jcsu,
2257 5013 2304 5058 et
2346 5005 2418 5058 ait
2448 5005 2620 5074 pueris
2665 5006 2769 5061 suis
2793 5021 2814 5062 :
2859 5005 2961 5076 Hic
3001 5016 3076 5064 est
3116 5007 3342 5063 Joannes
3383 5004 3642 5079 Baptista,

2072 5105 2179 5152 etc.
2215 5094 2452 5168 (Matth.
2484 5097 2625 5166 xxv).

2144 5188 2383 5244 Natalem
2409 5233 2423 5257 ,
2458 5189 2650 5244 fratres
2680 5189 3010 5258 charissimi,
3053 5177 3456 5250 Joannis‘diem
3498 5193 3646 5251 cele-

2072 5282 2320 5346 brantes,
2352 5291 2455 5336 etc.
2499 5281 2714 5352 Reliqua
2751 5284 2864 5338 vide
2907 5284 3129 5355 Operam
3164 5302 3280 5344 ven.
3316 5286 3472 5346 Beda:
3510 5297 3647 5347 temo

2079 5372 2148 5442 V,
2179 5371 2490 5444 Patrologite
2516 5371 2718 5441 XCIV,
2751 5376 2851 5430 col.
2882 5375 3005 5431 257.

2658 5468 2935 5525 IIOMILIA
2971 5468 3081 5526 LII.

2291 5574 2344 5614 ΙΝ
2382 5573 2706 5617 ΝΔΤΝῙΤΑΤΕ
2744 5577 2929 5617 REATE
2969 5578 3145 5620 ΜΔΒΙᾸΞ
3184 5578 3428 5629 VIRGINIS.

2144 5653 2411 5708 Creatoris
2435 5663 2657 5708 matrem
2687 5655 2861 5711 omnis
2903 5665 3144 5714 creatura
3170 5659 3502 5731 magnificet,
3527 5661 3647 5733 ejus

2074 5745 2322 5817 gloriosae
2349 5745 2616 5816 maiestati
2656 5762 2714 5802 se
2763 5748 3022 5806 inclinent
3062 5750 3256 5808 coelum
3304 5760 3358 5809 et
3387 5760 3546 5821 terra,
3591 5761 3650 5811 et

2076 5836 2253 5898 omnis
2275 5839 2551 5913 plenitudo
2573 5855 2780 5899 eorum.
2808 5842 3059 5902 Exaltcnt
3081 5855 3304 5905 matrem
3328 5846 3382 5907 in
3409 5848 3647 5907 Ecclesia

3058 5935 3135 6001 1+8
