  <div class='ocr_page' id='page_1' title='image "/cluster/home/n/w/nwhite01/storage/ocr_20150623/95/hvd.32044010719722/787.png"; bbox 0 0 4096 6346; ppageno 0'>
   <div class='ocr_carea' id='block_1_1' title="bbox 473 341 611 402">
    <p class='ocr_par' dir='ltr' id='par_1_1' title="bbox 473 341 611 402">
     <span class='ocr_line' id='line_1_1' title="bbox 473 341 611 402; baseline -0.022 0"><span class='ocrx_word' id='word_1_1' title='bbox 473 341 611 402; x_wconf 73' lang='grc'><strong>1515</strong></span> 
     </span>
    </p>
   </div>
   <div class='ocr_carea' id='block_1_2' title="bbox 1321 328 2845 401">
    <p class='ocr_par' dir='ltr' id='par_1_2' title="bbox 1321 328 2845 401">
     <span class='ocr_line' id='line_1_2' title="bbox 1321 328 2845 401; baseline -0.01 -2"><span class='ocrx_word' id='word_1_2' title='bbox 1321 343 1522 401; x_wconf 85' lang='lat' dir='ltr'><strong>PAULI</strong></span> <span class='ocrx_word' id='word_1_3' title='bbox 1560 338 1833 397; x_wconf 73' lang='lat' dir='ltr'><strong>DIACONI</strong></span> <span class='ocrx_word' id='word_1_4' title='bbox 1873 336 2034 392; x_wconf 80' lang='lat' dir='ltr'><strong>OPP.-</strong></span> <span class='ocrx_word' id='word_1_5' title='bbox 2062 334 2242 390; x_wconf 77' lang='lat' dir='ltr'><strong>PARS</strong></span> <span class='ocrx_word' id='word_1_6' title='bbox 2277 332 2344 388; x_wconf 87' lang='lat' dir='ltr'><strong>ll.</strong></span> <span class='ocrx_word' id='word_1_7' title='bbox 2382 347 2454 374; x_wconf 71' lang='grc' dir='ltr'>ιιι*-</span> <span class='ocrx_word' id='word_1_8' title='bbox 2491 328 2845 388; x_wconf 71' lang='lat' dir='ltr'><strong>ASGE&#39;I&#39;ICA.</strong></span> 
     </span>
    </p>
   </div>
   <div class='ocr_carea' id='block_1_3' title="bbox 3585 327 3727 387">
    <p class='ocr_par' dir='ltr' id='par_1_3' title="bbox 3585 327 3727 387">
     <span class='ocr_line' id='line_1_3' title="bbox 3585 327 3727 387; baseline -0.007 0"><span class='ocrx_word' id='word_1_9' title='bbox 3585 327 3727 387; x_wconf 65' lang='grc'><strong>1516</strong></span> 
     </span>
    </p>
   </div>
   <div class='ocr_carea' id='block_1_4' title="bbox 469 444 3729 525">
    <p class='ocr_par' dir='ltr' id='par_1_4' title="bbox 469 444 3729 525">
     <span class='ocr_line' id='line_1_4' title="bbox 469 444 3729 525; baseline -0.003 -12"><span class='ocrx_word' id='word_1_10' title='bbox 469 457 584 525; x_wconf 86' lang='lat' dir='ltr'><strong>ﬁlii,</strong></span> <span class='ocrx_word' id='word_1_11' title='bbox 613 456 898 525; x_wconf 77' lang='lat' dir='ltr'><strong>dicamque</strong></span> <span class='ocrx_word' id='word_1_12' title='bbox 919 455 967 509; x_wconf 91' lang='lat' dir='ltr'><strong>ei</strong></span> <span class='ocrx_word' id='word_1_13' title='bbox 988 467 1079 524; x_wconf 89' lang='lat' dir='ltr'><strong>qut</strong></span> <span class='ocrx_word' id='word_1_14' title='bbox 1105 453 1369 524; x_wconf 81' lang='lat' dir='ltr'><strong>redempti</strong></span> <span class='ocrx_word' id='word_1_15' title='bbox 1399 463 1521 509; x_wconf 86' lang='lat' dir='ltr'><strong>sunt</strong></span> <span class='ocrx_word' id='word_1_16' title='bbox 1542 470 1571 508; x_wconf 87' lang='lat' dir='ltr'><strong>a</strong></span> <span class='ocrx_word' id='word_1_17' title='bbox 1600 453 1826 508; x_wconf 90' lang='lat' dir='ltr'><strong>Domino</strong></span> <span class='ocrx_word' id='word_1_18' title='bbox 1848 470 1860 504; x_wconf 69' lang='grc' dir='ltr'>ε</span> <span class='ocrx_word' id='word_1_19' title='bbox 1884 448 2032 504; x_wconf 78' lang='lat' dir='ltr'><strong>Men-</strong></span> <span class='ocrx_word' id='word_1_20' title='bbox 2061 455 2118 516; x_wconf 70' lang='grc' dir='ltr'>Α</span> <span class='ocrx_word' id='word_1_21' title='bbox 2137 448 2294 501; x_wconf 93' lang='lat' dir='ltr'><strong>sitam</strong></span> <span class='ocrx_word' id='word_1_22' title='bbox 2347 444 2401 500; x_wconf 89' lang='lat' dir='ltr'><strong>in</strong></span> <span class='ocrx_word' id='word_1_23' title='bbox 2422 444 2671 500; x_wconf 84' lang='lat' dir='ltr'><strong>omnibus</strong></span> <span class='ocrx_word' id='word_1_24' title='bbox 2690 445 2930 514; x_wconf 80' lang='lat' dir='ltr'><strong>reqoiem</strong></span> <span class='ocrx_word' id='word_1_25' title='bbox 2957 444 3181 515; x_wconf 79' lang='lat' dir='ltr'><strong>invenit,</strong></span> <span class='ocrx_word' id='word_1_26' title='bbox 3209 454 3372 516; x_wconf 86' lang='lat' dir='ltr'><strong>etque</strong></span> <span class='ocrx_word' id='word_1_27' title='bbox 3419 445 3476 501; x_wconf 91' lang='lat' dir='ltr'><strong>in</strong></span> <span class='ocrx_word' id='word_1_28' title='bbox 3505 445 3617 514; x_wconf 87' lang='lat' dir='ltr'><strong>ejus</strong></span> <span class='ocrx_word' id='word_1_29' title='bbox 3647 445 3729 502; x_wconf 85' lang='lat' dir='ltr'><strong>si—</strong></span> 
     </span>
    </p>
   </div>
   <div class='ocr_carea' id='block_1_5' title="bbox 471 541 2050 617">
    <p class='ocr_par' dir='ltr' id='par_1_5' title="bbox 471 541 2050 617">
     <span class='ocr_line' id='line_1_5' title="bbox 471 541 2050 617; baseline -0.004 -14"><span class='ocrx_word' id='word_1_30' title='bbox 471 557 656 606; x_wconf 87' lang='lat' dir='ltr'><strong>temet</strong></span> <span class='ocrx_word' id='word_1_31' title='bbox 683 545 868 604; x_wconf 69' lang='lat' dir='ltr'><strong>oculos</strong></span> <span class='ocrx_word' id='word_1_32' title='bbox 920 547 1122 617; x_wconf 88' lang='lat' dir='ltr'><strong>pariter</strong></span> <span class='ocrx_word' id='word_1_33' title='bbox 1179 561 1300 601; x_wconf 88' lang='lat' dir='ltr'><strong>cum</strong></span> <span class='ocrx_word' id='word_1_34' title='bbox 1349 549 1602 602; x_wconf 86' lang='lat' dir='ltr'><strong>manibus</strong></span> <span class='ocrx_word' id='word_1_35' title='bbox 1652 545 1719 600; x_wconf 89' lang='lat' dir='ltr'><strong>ad</strong></span> <span class='ocrx_word' id='word_1_36' title='bbox 1765 555 1838 610; x_wconf 90' lang='lat' dir='ltr'><strong>te,</strong></span> <span class='ocrx_word' id='word_1_37' title='bbox 1869 541 2050 612; x_wconf 88' lang='lat' dir='ltr'><strong>regina</strong></span> 
     </span>
    </p>
   </div>
   <div class='ocr_carea' id='block_1_6' title="bbox 472 633 2049 706">
    <p class='ocr_par' dir='ltr' id='par_1_6' title="bbox 472 633 2049 706">
     <span class='ocr_line' id='line_1_6' title="bbox 472 633 2049 706; baseline -0.004 -12"><span class='ocrx_word' id='word_1_38' title='bbox 472 640 673 706; x_wconf 78' lang='lat' dir='ltr'><strong>mundi,</strong></span> <span class='ocrx_word' id='word_1_39' title='bbox 709 638 1023 705; x_wconf 81' lang='lat' dir='ltr'><strong>attollimus,</strong></span> <span class='ocrx_word' id='word_1_40' title='bbox 1048 647 1104 692; x_wconf 90' lang='lat' dir='ltr'><strong>et</strong></span> <span class='ocrx_word' id='word_1_41' title='bbox 1148 651 1328 691; x_wconf 85' lang='lat' dir='ltr'><strong>coram</strong></span> <span class='ocrx_word' id='word_1_42' title='bbox 1361 647 1468 692; x_wconf 80' lang='lat' dir='ltr'><strong>tuae</strong></span> <span class='ocrx_word' id='word_1_43' title='bbox 1504 634 1834 693; x_wconf 74' lang='lat' dir='ltr'><strong>celsitudinis</strong></span> <span class='ocrx_word' id='word_1_44' title='bbox 1881 633 2049 704; x_wconf 83' lang='lat' dir='ltr'><strong>gloria</strong></span> 
     </span>
    </p>
   </div>
   <div class='ocr_carea' id='block_1_7' title="bbox 470 726 2052 801">
    <p class='ocr_par' dir='ltr' id='par_1_7' title="bbox 470 726 2052 801">
     <span class='ocr_line' id='line_1_7' title="bbox 470 726 2052 801; baseline -0.003 -16"><span class='ocrx_word' id='word_1_45' title='bbox 470 743 608 801; x_wconf 86' lang='lat' dir='ltr'><strong>genu</strong></span> <span class='ocrx_word' id='word_1_46' title='bbox 625 729 910 796; x_wconf 72' lang='lat' dir='ltr'><strong>ﬂectimus,</strong></span> <span class='ocrx_word' id='word_1_47' title='bbox 926 729 1194 785; x_wconf 80' lang='lat' dir='ltr'><strong>cervicem</strong></span> <span class='ocrx_word' id='word_1_48' title='bbox 1220 731 1566 795; x_wconf 83' lang='lat' dir='ltr'><strong>inclinamus,</strong></span> <span class='ocrx_word' id='word_1_49' title='bbox 1586 743 1652 783; x_wconf 90' lang='lat' dir='ltr'><strong>ac</strong></span> <span class='ocrx_word' id='word_1_50' title='bbox 1673 730 1856 799; x_wconf 88' lang='lat' dir='ltr'><strong>plenas</strong></span> <span class='ocrx_word' id='word_1_51' title='bbox 1876 726 2052 794; x_wconf 84' lang='lat' dir='ltr'><strong>suspi-</strong></span> 
     </span>
    </p>
   </div>
   <div class='ocr_carea' id='block_1_8' title="bbox 473 817 2050 889">
    <p class='ocr_par' dir='ltr' id='par_1_8' title="bbox 473 817 2050 889">
     <span class='ocr_line' id='line_1_8' title="bbox 473 817 2050 889; baseline -0.001 -17"><span class='ocrx_word' id='word_1_52' title='bbox 473 822 564 875; x_wconf 87' lang='lat' dir='ltr'><strong>riis</strong></span> <span class='ocrx_word' id='word_1_53' title='bbox 592 821 660 874; x_wconf 81' lang='lat' dir='ltr'><strong>ad</strong></span> <span class='ocrx_word' id='word_1_54' title='bbox 684 830 736 876; x_wconf 91' lang='lat' dir='ltr'><strong>te</strong></span> <span class='ocrx_word' id='word_1_55' title='bbox 769 833 958 889; x_wconf 82' lang='lat' dir='ltr'><strong>preces</strong></span> <span class='ocrx_word' id='word_1_56' title='bbox 985 821 1035 873; x_wconf 88' lang='lat' dir='ltr'><strong>in</strong></span> <span class='ocrx_word' id='word_1_57' title='bbox 1058 820 1262 875; x_wconf 67' lang='lat' dir='ltr'><strong>culum</strong></span> <span class='ocrx_word' id='word_1_58' title='bbox 1287 820 1716 876; x_wconf 87' lang='lat' dir='ltr'><strong>transmittimus.</strong></span> <span class='ocrx_word' id='word_1_59' title='bbox 1740 819 1822 874; x_wconf 88' lang='lat' dir='ltr'><strong>&#39;l‘u</strong></span> <span class='ocrx_word' id='word_1_60' title='bbox 1842 819 1910 872; x_wconf 92' lang='lat' dir='ltr'><strong>de</strong></span> <span class='ocrx_word' id='word_1_61' title='bbox 1932 817 2050 871; x_wconf 80' lang='lat' dir='ltr'><strong>alti-</strong></span> 
     </span>
    </p>
   </div>
   <div class='ocr_carea' id='block_1_9' title="bbox 474 911 2051 980">
    <p class='ocr_par' dir='ltr' id='par_1_9' title="bbox 474 911 2051 980">
     <span class='ocr_line' id='line_1_9' title="bbox 474 911 2051 980; baseline -0.001 -16"><span class='ocrx_word' id='word_1_62' title='bbox 474 912 657 966; x_wconf 81' lang='lat' dir='ltr'><strong>tudine</strong></span> <span class='ocrx_word' id='word_1_63' title='bbox 702 911 829 966; x_wconf 71' lang='lat' dir='ltr'><strong>cmli</strong></span> <span class='ocrx_word' id='word_1_64' title='bbox 880 912 1060 965; x_wconf 83' lang='lat' dir='ltr'><strong>beatos</strong></span> <span class='ocrx_word' id='word_1_65' title='bbox 1106 912 1291 965; x_wconf 85' lang='lat' dir='ltr'><strong>oeulos</strong></span> <span class='ocrx_word' id='word_1_66' title='bbox 1331 921 1472 979; x_wconf 83' lang='lat' dir='ltr'><strong>tuos,</strong></span> <span class='ocrx_word' id='word_1_67' title='bbox 1506 913 1700 980; x_wconf 86' lang='lat' dir='ltr'><strong>quibus</strong></span> <span class='ocrx_word' id='word_1_68' title='bbox 1743 911 2051 976; x_wconf 87' lang='lat' dir='ltr'><strong>incompre-</strong></span> 
     </span>
    </p>
   </div>
   <div class='ocr_carea' id='block_1_10' title="bbox 473 1001 2052 1071">
    <p class='ocr_par' dir='ltr' id='par_1_10' title="bbox 473 1001 2052 1071">
     <span class='ocr_line' id='line_1_10' title="bbox 473 1001 2052 1071; baseline 0 -16"><span class='ocrx_word' id='word_1_69' title='bbox 473 1001 787 1058; x_wconf 81' lang='lat' dir='ltr'><strong>hensibilem</strong></span> <span class='ocrx_word' id='word_1_70' title='bbox 817 1002 962 1056; x_wconf 89' lang='lat' dir='ltr'><strong>illam</strong></span> <span class='ocrx_word' id='word_1_71' title='bbox 983 1002 1210 1071; x_wconf 75' lang='lat' dir='ltr'><strong>gloriam</strong></span> <span class='ocrx_word' id='word_1_72' title='bbox 1243 1003 1378 1058; x_wconf 89' lang='lat' dir='ltr'><strong>lucis</strong></span> <span class='ocrx_word' id='word_1_73' title='bbox 1400 1014 1616 1058; x_wconf 68' lang='lat' dir='ltr'><strong>aeterna</strong></span> <span class='ocrx_word' id='word_1_74' title='bbox 1635 1019 1755 1058; x_wconf 88' lang='lat' dir='ltr'><strong>cum</strong></span> <span class='ocrx_word' id='word_1_75' title='bbox 1779 1001 2052 1057; x_wconf 86' lang='lat' dir='ltr'><strong>desiderio</strong></span> 
     </span>
    </p>
   </div>
   <div class='ocr_carea' id='block_1_11' title="bbox 471 1090 2050 1164">
    <p class='ocr_par' dir='ltr' id='par_1_11' title="bbox 471 1090 2050 1164">
     <span class='ocr_line' id='line_1_11' title="bbox 471 1090 2050 1164; baseline -0.004 -14"><span class='ocrx_word' id='word_1_76' title='bbox 471 1107 687 1162; x_wconf 88' lang='lat' dir='ltr'><strong>seper</strong></span> <span class='ocrx_word' id='word_1_77' title='bbox 721 1093 967 1158; x_wconf 76' lang='lat' dir='ltr'><strong>intueris,</strong></span> <span class='ocrx_word' id='word_1_78' title='bbox 997 1093 1066 1146; x_wconf 85' lang='lat' dir='ltr'><strong>ad</strong></span> <span class='ocrx_word' id='word_1_79' title='bbox 1117 1101 1234 1147; x_wconf 82' lang='lat' dir='ltr'><strong>tuus</strong></span> <span class='ocrx_word' id='word_1_80' title='bbox 1278 1094 1548 1164; x_wconf 83' lang='lat' dir='ltr'><strong>supplices</strong></span> <span class='ocrx_word' id='word_1_81' title='bbox 1577 1095 1628 1148; x_wconf 90' lang='lat' dir='ltr'><strong>in</strong></span> <span class='ocrx_word' id='word_1_82' title='bbox 1679 1095 1815 1147; x_wconf 89' lang='lat' dir='ltr'><strong>hanc</strong></span> <span class='ocrx_word' id='word_1_83' title='bbox 1864 1090 2050 1146; x_wconf 90' lang='lat' dir='ltr'><strong>mundi</strong></span> 
     </span>
    </p>
   </div>
   <div class='ocr_carea' id='block_1_12' title="bbox 472 1187 2056 1257">
    <p class='ocr_par' dir='ltr' id='par_1_12' title="bbox 472 1187 2056 1257">
     <span class='ocr_line' id='line_1_12' title="bbox 472 1187 2056 1257; baseline -0.004 -11"><span class='ocrx_word' id='word_1_84' title='bbox 472 1190 734 1247; x_wconf 81' lang='lat' dir='ltr'><strong>sentinam</strong></span> <span class='ocrx_word' id='word_1_85' title='bbox 766 1189 836 1242; x_wconf 89' lang='lat' dir='ltr'><strong>de</strong></span> <span class='ocrx_word' id='word_1_86' title='bbox 857 1188 968 1242; x_wconf 87' lang='lat' dir='ltr'><strong>alto</strong></span> <span class='ocrx_word' id='word_1_87' title='bbox 1003 1191 1268 1257; x_wconf 80' lang='lat' dir='ltr'><strong>projeetos</strong></span> <span class='ocrx_word' id='word_1_88' title='bbox 1319 1189 1584 1244; x_wconf 82' lang='lat' dir='ltr'><strong>inclinare</strong></span> <span class='ocrx_word' id='word_1_89' title='bbox 1625 1203 1730 1242; x_wconf 86' lang='lat' dir='ltr'><strong>non</strong></span> <span class='ocrx_word' id='word_1_90' title='bbox 1759 1187 2056 1255; x_wconf 89' lang='lat' dir='ltr'><strong>despicias.</strong></span> 
     </span>
    </p>
   </div>
   <div class='ocr_carea' id='block_1_13' title="bbox 472 1280 2052 1350">
    <p class='ocr_par' dir='ltr' id='par_1_13' title="bbox 472 1280 2052 1350">
     <span class='ocr_line' id='line_1_13' title="bbox 472 1280 2052 1350; baseline -0.004 -12"><span class='ocrx_word' id='word_1_91' title='bbox 472 1282 616 1339; x_wconf 85' lang='lat' dir='ltr'><strong>Ecce</strong></span> <span class='ocrx_word' id='word_1_92' title='bbox 642 1295 824 1337; x_wconf 83' lang='lat' dir='ltr'><strong>coram</strong></span> <span class='ocrx_word' id='word_1_93' title='bbox 848 1283 1126 1336; x_wconf 81' lang='lat' dir='ltr'><strong>tremendo</strong></span> <span class='ocrx_word' id='word_1_94' title='bbox 1155 1280 1340 1350; x_wconf 84' lang='lat' dir='ltr'><strong>judice</strong></span> <span class='ocrx_word' id='word_1_95' title='bbox 1377 1292 1686 1350; x_wconf 86' lang='lat' dir='ltr'><strong>peccatores</strong></span> <span class='ocrx_word' id='word_1_96' title='bbox 1729 1280 2052 1343; x_wconf 84' lang='lat' dir='ltr'><strong>assistintus,</strong></span> 
     </span>
    </p>
   </div>
   <div class='ocr_carea' id='block_1_14' title="bbox 471 1370 2059 1444">
    <p class='ocr_par' dir='ltr' id='par_1_14' title="bbox 471 1370 2059 1444">
     <span class='ocr_line' id='line_1_14' title="bbox 471 1370 2059 1444; baseline -0.005 -15"><span class='ocrx_word' id='word_1_97' title='bbox 471 1373 626 1444; x_wconf 80' lang='lat' dir='ltr'><strong>cujus</strong></span> <span class='ocrx_word' id='word_1_98' title='bbox 650 1385 840 1426; x_wconf 84' lang='lat' dir='ltr'><strong>manus</strong></span> <span class='ocrx_word' id='word_1_99' title='bbox 865 1371 1118 1426; x_wconf 82' lang='lat' dir='ltr'><strong>terribilis</strong></span> <span class='ocrx_word' id='word_1_100' title='bbox 1138 1371 1380 1441; x_wconf 76' lang='lat' dir='ltr'><strong>gladium</strong></span> <span class='ocrx_word' id='word_1_101' title='bbox 1430 1372 1524 1425; x_wconf 63' lang='lat' dir='ltr'><strong>ira:</strong></span> <span class='ocrx_word' id='word_1_102' title='bbox 1553 1386 1666 1426; x_wconf 62' lang='lat' dir='ltr'><strong>suae</strong></span> <span class='ocrx_word' id='word_1_103' title='bbox 1699 1370 1876 1424; x_wconf 87' lang='lat' dir='ltr'><strong>vibrat</strong></span> <span class='ocrx_word' id='word_1_104' title='bbox 1897 1381 2059 1435; x_wconf 85' lang='lat' dir='ltr'><strong>super</strong></span> 
     </span>
    </p>
   </div>
   <div class='ocr_carea' id='block_1_15' title="bbox 472 1464 2054 1535">
    <p class='ocr_par' dir='ltr' id='par_1_15' title="bbox 472 1464 2054 1535">
     <span class='ocr_line' id='line_1_15' title="bbox 472 1464 2054 1535; baseline -0.003 -15"><span class='ocrx_word' id='word_1_105' title='bbox 472 1480 591 1521; x_wconf 82' lang='lat' dir='ltr'><strong>nos.</strong></span> <span class='ocrx_word' id='word_1_106' title='bbox 617 1465 687 1520; x_wconf 89' lang='lat' dir='ltr'><strong>Et</strong></span> <span class='ocrx_word' id='word_1_107' title='bbox 703 1466 824 1535; x_wconf 87' lang='lat' dir='ltr'><strong>quis</strong></span> <span class='ocrx_word' id='word_1_108' title='bbox 842 1473 1050 1520; x_wconf 80' lang='lat' dir='ltr'><strong>avertet</strong></span> <span class='ocrx_word' id='word_1_109' title='bbox 1064 1479 1183 1519; x_wconf 87' lang='lat' dir='ltr'><strong>ea</strong></span> <span class='ocrx_word' id='word_1_110' title='bbox 1206 1464 1229 1517; x_wconf 74' lang='grc' dir='ltr'><strong><em>τ</em></strong></span> <span class='ocrx_word' id='word_1_111' title='bbox 1261 1464 1430 1518; x_wconf 81' lang='lat' dir='ltr'><strong>Nemo</strong></span> <span class='ocrx_word' id='word_1_112' title='bbox 1441 1465 1656 1518; x_wconf 81' lang='lat' dir='ltr'><strong>domina</strong></span> <span class='ocrx_word' id='word_1_113' title='bbox 1681 1475 1786 1517; x_wconf 90' lang='lat' dir='ltr'><strong>tam</strong></span> <span class='ocrx_word' id='word_1_114' title='bbox 1807 1464 2054 1526; x_wconf 87' lang='lat' dir='ltr'><strong>idoneus,</strong></span> 
     </span>
    </p>
   </div>
   <div class='ocr_carea' id='block_1_16' title="bbox 475 1554 2055 1625">
    <p class='ocr_par' dir='ltr' id='par_1_16' title="bbox 475 1554 2055 1625">
     <span class='ocr_line' id='line_1_16' title="bbox 475 1554 2055 1625; baseline -0.001 -16"><span class='ocrx_word' id='word_1_115' title='bbox 475 1564 533 1610; x_wconf 93' lang='lat' dir='ltr'><strong>ut</strong></span> <span class='ocrx_word' id='word_1_116' title='bbox 550 1555 730 1625; x_wconf 91' lang='lat' dir='ltr'><strong>gladio</strong></span> <span class='ocrx_word' id='word_1_117' title='bbox 773 1556 981 1610; x_wconf 85' lang='lat' dir='ltr'><strong>Domini</strong></span> <span class='ocrx_word' id='word_1_118' title='bbox 1011 1571 1230 1610; x_wconf 87' lang='lat' dir='ltr'><strong>manum</strong></span> <span class='ocrx_word' id='word_1_119' title='bbox 1269 1565 1364 1623; x_wconf 84' lang='lat' dir='ltr'><strong>pro</strong></span> <span class='ocrx_word' id='word_1_120' title='bbox 1394 1556 1549 1610; x_wconf 89' lang='lat' dir='ltr'><strong>nobis</strong></span> <span class='ocrx_word' id='word_1_121' title='bbox 1601 1554 1846 1624; x_wconf 72' lang='lat' dir='ltr'><strong>objiciet,</strong></span> <span class='ocrx_word' id='word_1_122' title='bbox 1875 1565 1932 1609; x_wconf 90' lang='lat' dir='ltr'><strong>ut</strong></span> <span class='ocrx_word' id='word_1_123' title='bbox 1978 1565 2055 1621; x_wconf 92' lang='lat' dir='ltr'><strong>tu,</strong></span> 
     </span>
    </p>
   </div>
   <div class='ocr_carea' id='block_1_17' title="bbox 476 1644 2060 1714">
    <p class='ocr_par' dir='ltr' id='par_1_17' title="bbox 476 1644 2060 1714">
     <span class='ocr_line' id='line_1_17' title="bbox 476 1644 2060 1714; baseline -0.001 -14"><span class='ocrx_word' id='word_1_124' title='bbox 476 1645 574 1700; x_wconf 84' lang='lat' dir='ltr'><strong>Dei</strong></span> <span class='ocrx_word' id='word_1_125' title='bbox 598 1644 985 1708; x_wconf 82' lang='lat' dir='ltr'><strong>amantissima,</strong></span> <span class='ocrx_word' id='word_1_126' title='bbox 1020 1659 1114 1714; x_wconf 88' lang='lat' dir='ltr'><strong>per</strong></span> <span class='ocrx_word' id='word_1_127' title='bbox 1169 1659 1326 1711; x_wconf 87' lang='lat' dir='ltr'><strong>quam</strong></span> <span class='ocrx_word' id='word_1_128' title='bbox 1351 1646 1579 1713; x_wconf 87' lang='lat' dir='ltr'><strong>printqu</strong></span> <span class='ocrx_word' id='word_1_129' title='bbox 1612 1645 1664 1698; x_wconf 92' lang='lat' dir='ltr'><strong>in</strong></span> <span class='ocrx_word' id='word_1_130' title='bbox 1689 1645 1847 1698; x_wconf 87' lang='lat' dir='ltr'><strong>terris</strong></span> <span class='ocrx_word' id='word_1_131' title='bbox 1874 1658 2060 1698; x_wconf 84' lang='lat' dir='ltr'><strong>susce-</strong></span> 
     </span>
    </p>
   </div>
   <div class='ocr_carea' id='block_1_18' title="bbox 474 1735 2052 1807">
    <p class='ocr_par' dir='ltr' id='par_1_18' title="bbox 474 1735 2052 1807">
     <span class='ocr_line' id='line_1_18' title="bbox 474 1735 2052 1807; baseline -0.001 -16"><span class='ocrx_word' id='word_1_132' title='bbox 474 1737 652 1807; x_wconf 82' lang='lat' dir='ltr'><strong>pimus</strong></span> <span class='ocrx_word' id='word_1_133' title='bbox 700 1736 1126 1790; x_wconf 85' lang='lat' dir='ltr'><strong>misericordiam</strong></span> <span class='ocrx_word' id='word_1_134' title='bbox 1157 1739 1223 1791; x_wconf 90' lang='lat' dir='ltr'><strong>de</strong></span> <span class='ocrx_word' id='word_1_135' title='bbox 1254 1753 1416 1790; x_wconf 88' lang='lat' dir='ltr'><strong>manu</strong></span> <span class='ocrx_word' id='word_1_136' title='bbox 1463 1735 1676 1790; x_wconf 87' lang='lat' dir='ltr'><strong>Domini</strong></span> <span class='ocrx_word' id='word_1_137' title='bbox 1731 1737 1822 1790; x_wconf 91' lang='lat' dir='ltr'><strong>Dei</strong></span> <span class='ocrx_word' id='word_1_138' title='bbox 1863 1736 2052 1790; x_wconf 89' lang='lat' dir='ltr'><strong>nostri.</strong></span> 
     </span>
    </p>
   </div>
   <div class='ocr_carea' id='block_1_19' title="bbox 2153 537 3730 608">
    <p class='ocr_par' dir='ltr' id='par_1_19' title="bbox 2153 537 3730 608">
     <span class='ocr_line' id='line_1_19' title="bbox 2153 537 3730 608; baseline 0.001 -16"><span class='ocrx_word' id='word_1_139' title='bbox 2153 553 2314 608; x_wconf 90' lang='lat' dir='ltr'><strong>gnum</strong></span> <span class='ocrx_word' id='word_1_140' title='bbox 2335 551 2526 594; x_wconf 81' lang='lat' dir='ltr'><strong>omnes</strong></span> <span class='ocrx_word' id='word_1_141' title='bbox 2544 537 2827 596; x_wconf 79' lang='lat' dir='ltr'><strong>thesauros</strong></span> <span class='ocrx_word' id='word_1_142' title='bbox 2845 551 2971 594; x_wconf 86' lang='lat' dir='ltr'><strong>suos</strong></span> <span class='ocrx_word' id='word_1_143' title='bbox 2992 537 3198 608; x_wconf 82' lang='lat' dir='ltr'><strong>absque</strong></span> <span class='ocrx_word' id='word_1_144' title='bbox 3221 551 3472 593; x_wconf 79' lang='lat' dir='ltr'><strong>mensura</strong></span> <span class='ocrx_word' id='word_1_145' title='bbox 3497 537 3730 593; x_wconf 81' lang='lat' dir='ltr'><strong>translu-</strong></span> 
     </span>
    </p>
   </div>
   <div class='ocr_carea' id='block_1_20' title="bbox 2149 628 3730 698">
    <p class='ocr_par' dir='ltr' id='par_1_20' title="bbox 2149 628 3730 698">
     <span class='ocr_line' id='line_1_20' title="bbox 2149 628 3730 698; baseline 0 -14"><span class='ocrx_word' id='word_1_146' title='bbox 2149 630 2248 685; x_wconf 90' lang='lat' dir='ltr'><strong>dit.</strong></span> <span class='ocrx_word' id='word_1_147' title='bbox 2278 629 2426 688; x_wconf 86' lang='lat' dir='ltr'><strong>Bene</strong></span> <span class='ocrx_word' id='word_1_148' title='bbox 2449 629 2505 684; x_wconf 88' lang='lat' dir='ltr'><strong>in</strong></span> <span class='ocrx_word' id='word_1_149' title='bbox 2533 636 2587 685; x_wconf 86' lang='lat' dir='ltr'><strong>te</strong></span> <span class='ocrx_word' id='word_1_150' title='bbox 2606 628 2830 698; x_wconf 82' lang='lat' dir='ltr'><strong>Spiritui</strong></span> <span class='ocrx_word' id='word_1_151' title='bbox 2876 638 3063 686; x_wconf 82' lang='lat' dir='ltr'><strong>saneto</strong></span> <span class='ocrx_word' id='word_1_152' title='bbox 3091 629 3438 698; x_wconf 80' lang='lat' dir='ltr'><strong>complacuit,</strong></span> <span class='ocrx_word' id='word_1_153' title='bbox 3477 644 3512 683; x_wconf 94' lang='lat' dir='ltr'><strong>o</strong></span> <span class='ocrx_word' id='word_1_154' title='bbox 3541 629 3730 696; x_wconf 67' lang='lat' dir='ltr'><strong>Maria,</strong></span> 
     </span>
    </p>
   </div>
   <div class='ocr_carea' id='block_1_21' title="bbox 2150 721 3738 792">
    <p class='ocr_par' dir='ltr' id='par_1_21' title="bbox 2150 721 3738 792">
     <span class='ocr_line' id='line_1_21' title="bbox 2150 721 3738 792; baseline -0.001 -15"><span class='ocrx_word' id='word_1_155' title='bbox 2150 736 2269 777; x_wconf 89' lang='lat' dir='ltr'><strong>cum</strong></span> <span class='ocrx_word' id='word_1_156' title='bbox 2299 721 2368 778; x_wconf 94' lang='lat' dir='ltr'><strong>ad</strong></span> <span class='ocrx_word' id='word_1_157' title='bbox 2389 728 2499 776; x_wconf 87' lang='lat' dir='ltr'><strong>tam</strong></span> <span class='ocrx_word' id='word_1_158' title='bbox 2519 721 2700 778; x_wconf 82' lang='lat' dir='ltr'><strong>divina</strong></span> <span class='ocrx_word' id='word_1_159' title='bbox 2729 721 2989 792; x_wconf 85' lang='lat' dir='ltr'><strong>mysteria</strong></span> <span class='ocrx_word' id='word_1_160' title='bbox 3013 731 3224 776; x_wconf 84' lang='lat' dir='ltr'><strong>uterum</strong></span> <span class='ocrx_word' id='word_1_161' title='bbox 3241 727 3392 776; x_wconf 82' lang='lat' dir='ltr'><strong>tuum</strong></span> <span class='ocrx_word' id='word_1_162' title='bbox 3413 735 3738 776; x_wconf 85' lang='lat' dir='ltr'><strong>eonseerare</strong></span> 
     </span>
    </p>
   </div>
   <div class='ocr_carea' id='block_1_22' title="bbox 2151 815 3740 885">
    <p class='ocr_par' dir='ltr' id='par_1_22' title="bbox 2151 815 3740 885">
     <span class='ocr_line' id='line_1_22' title="bbox 2151 815 3740 885; baseline -0.001 -15"><span class='ocrx_word' id='word_1_163' title='bbox 2151 816 2394 885; x_wconf 86' lang='lat' dir='ltr'><strong>dignatus</strong></span> <span class='ocrx_word' id='word_1_164' title='bbox 2421 823 2524 871; x_wconf 88' lang='lat' dir='ltr'><strong>est.</strong></span> <span class='ocrx_word' id='word_1_165' title='bbox 2574 815 2696 885; x_wconf 85' lang='lat' dir='ltr'><strong>Ipse</strong></span> <span class='ocrx_word' id='word_1_166' title='bbox 2742 825 2826 872; x_wconf 87' lang='lat' dir='ltr'><strong>est</strong></span> <span class='ocrx_word' id='word_1_167' title='bbox 2875 816 3020 871; x_wconf 86' lang='lat' dir='ltr'><strong>enim</strong></span> <span class='ocrx_word' id='word_1_168' title='bbox 3067 816 3201 884; x_wconf 87' lang='lat' dir='ltr'><strong>ignis</strong></span> <span class='ocrx_word' id='word_1_169' title='bbox 3243 829 3590 881; x_wconf 74' lang='lat' dir='ltr'><strong>consumens,</strong></span> <span class='ocrx_word' id='word_1_170' title='bbox 3639 816 3740 885; x_wconf 86' lang='lat' dir='ltr'><strong>qui</strong></span> 
     </span>
    </p>
   </div>
   <div class='ocr_carea' id='block_1_23' title="bbox 2153 906 3736 976">
    <p class='ocr_par' dir='ltr' id='par_1_23' title="bbox 2153 906 3736 976">
     <span class='ocr_line' id='line_1_23' title="bbox 2153 906 3736 976; baseline -0.001 -17"><span class='ocrx_word' id='word_1_171' title='bbox 2153 907 2548 962; x_wconf 84' lang='lat' dir='ltr'><strong>saetissimam</strong></span> <span class='ocrx_word' id='word_1_172' title='bbox 2581 907 2818 962; x_wconf 86' lang='lat' dir='ltr'><strong>animam</strong></span> <span class='ocrx_word' id='word_1_173' title='bbox 2869 914 3017 962; x_wconf 87' lang='lat' dir='ltr'><strong>tuam</strong></span> <span class='ocrx_word' id='word_1_174' title='bbox 3064 908 3118 961; x_wconf 90' lang='lat' dir='ltr'><strong>in</strong></span> <span class='ocrx_word' id='word_1_175' title='bbox 3151 907 3331 976; x_wconf 84' lang='lat' dir='ltr'><strong>seipse</strong></span> <span class='ocrx_word' id='word_1_176' title='bbox 3358 906 3736 971; x_wconf 80' lang='lat' dir='ltr'><strong>inﬂammavit,</strong></span> 
     </span>
    </p>
   </div>
   <div class='ocr_carea' id='block_1_24' title="bbox 2153 997 3828 1081">
    <p class='ocr_par' dir='ltr' id='par_1_24' title="bbox 2153 997 3828 1081">
     <span class='ocr_line' id='line_1_24' title="bbox 2153 997 3828 1081; baseline 0 -29"><span class='ocrx_word' id='word_1_177' title='bbox 2153 1012 2216 1054; x_wconf 88' lang='lat' dir='ltr'><strong>ac</strong></span> <span class='ocrx_word' id='word_1_178' title='bbox 2257 998 2548 1068; x_wconf 83' lang='lat' dir='ltr'><strong>splendore</strong></span> <span class='ocrx_word' id='word_1_179' title='bbox 2586 998 2783 1054; x_wconf 71' lang='lat' dir='ltr'><strong>divinae</strong></span> <span class='ocrx_word' id='word_1_180' title='bbox 2823 997 3124 1067; x_wconf 83' lang='lat' dir='ltr'><strong>majestatis</strong></span> <span class='ocrx_word' id='word_1_181' title='bbox 3178 998 3438 1067; x_wconf 76' lang='lat' dir='ltr'><strong>implevit,</strong></span> <span class='ocrx_word' id='word_1_182' title='bbox 3479 1006 3744 1065; x_wconf 85' lang='lat' dir='ltr'><strong>tuumque</strong></span> <span class='ocrx_word' id='word_1_183' title='bbox 3815 1069 3828 1081; x_wconf 41' lang='lat'><strong><em>.</em></strong></span> 
     </span>
    </p>
   </div>
   <div class='ocr_carea' id='block_1_25' title="bbox 2155 1089 3744 1163">
    <p class='ocr_par' dir='ltr' id='par_1_25' title="bbox 2155 1089 3744 1163">
     <span class='ocr_line' id='line_1_25' title="bbox 2155 1089 3744 1163; baseline 0 -19"><span class='ocrx_word' id='word_1_184' title='bbox 2155 1099 2363 1150; x_wconf 79' lang='lat' dir='ltr'><strong>uterum</strong></span> <span class='ocrx_word' id='word_1_185' title='bbox 2417 1089 2677 1146; x_wconf 71' lang='lat' dir='ltr'><strong>ineffabili</strong></span> <span class='ocrx_word' id='word_1_186' title='bbox 2734 1091 2894 1146; x_wconf 89' lang='lat' dir='ltr'><strong>modo</strong></span> <span class='ocrx_word' id='word_1_187' title='bbox 2937 1091 3348 1163; x_wconf 73' lang='lat' dir='ltr'><strong>impraagnavit,</strong></span> <span class='ocrx_word' id='word_1_188' title='bbox 3395 1090 3630 1160; x_wconf 81' lang='lat' dir='ltr'><strong>fecitque</strong></span> <span class='ocrx_word' id='word_1_189' title='bbox 3676 1099 3744 1144; x_wconf 86' lang='lat' dir='ltr'><strong>ut</strong></span> 
     </span>
    </p>
   </div>
   <div class='ocr_carea' id='block_1_26' title="bbox 2159 1182 3747 1252">
    <p class='ocr_par' dir='ltr' id='par_1_26' title="bbox 2159 1182 3747 1252">
     <span class='ocr_line' id='line_1_26' title="bbox 2159 1182 3747 1252; baseline 0.001 -17"><span class='ocrx_word' id='word_1_190' title='bbox 2159 1182 2320 1236; x_wconf 88' lang='lat' dir='ltr'><strong>Deum</strong></span> <span class='ocrx_word' id='word_1_191' title='bbox 2343 1193 2392 1238; x_wconf 86' lang='lat' dir='ltr'><strong>et</strong></span> <span class='ocrx_word' id='word_1_192' title='bbox 2421 1183 2694 1236; x_wconf 78' lang='lat' dir='ltr'><strong>hominem</strong></span> <span class='ocrx_word' id='word_1_193' title='bbox 2721 1183 2900 1238; x_wconf 87' lang='lat' dir='ltr'><strong>clausa</strong></span> <span class='ocrx_word' id='word_1_194' title='bbox 2935 1184 3266 1251; x_wconf 87' lang='lat' dir='ltr'><strong>cenciperes,</strong></span> <span class='ocrx_word' id='word_1_195' title='bbox 3291 1184 3473 1238; x_wconf 77' lang='lat' dir='ltr'><strong>clausa</strong></span> <span class='ocrx_word' id='word_1_196' title='bbox 3495 1197 3747 1252; x_wconf 75' lang='lat' dir='ltr'><strong>par-erce,</strong></span> 
     </span>
    </p>
   </div>
   <div class='ocr_carea' id='block_1_27' title="bbox 2155 1276 3746 1346">
    <p class='ocr_par' dir='ltr' id='par_1_27' title="bbox 2155 1276 3746 1346">
     <span class='ocr_line' id='line_1_27' title="bbox 2155 1276 3746 1346; baseline -0.001 -16"><span class='ocrx_word' id='word_1_197' title='bbox 2155 1285 2350 1344; x_wconf 86' lang='lat' dir='ltr'><strong>etpost</strong></span> <span class='ocrx_word' id='word_1_198' title='bbox 2378 1286 2585 1344; x_wconf 81' lang='lat' dir='ltr'><strong>partum</strong></span> <span class='ocrx_word' id='word_1_199' title='bbox 2623 1276 2771 1345; x_wconf 89' lang='lat' dir='ltr'><strong>virgo</strong></span> <span class='ocrx_word' id='word_1_200' title='bbox 2816 1285 3178 1346; x_wconf 82' lang='lat' dir='ltr'><strong>permaneres.</strong></span> <span class='ocrx_word' id='word_1_201' title='bbox 3205 1277 3326 1333; x_wconf 75' lang='lat' dir='ltr'><strong>Jam</strong></span> <span class='ocrx_word' id='word_1_202' title='bbox 3365 1291 3495 1345; x_wconf 86' lang='lat' dir='ltr'><strong>ergo</strong></span> <span class='ocrx_word' id='word_1_203' title='bbox 3528 1285 3746 1329; x_wconf 78' lang='lat' dir='ltr'><strong>uterum</strong></span> 
     </span>
    </p>
   </div>
   <div class='ocr_carea' id='block_1_28' title="bbox 2158 1366 3746 1435">
    <p class='ocr_par' dir='ltr' id='par_1_28' title="bbox 2158 1366 3746 1435">
     <span class='ocr_line' id='line_1_28' title="bbox 2158 1366 3746 1435; baseline 0.002 -16"><span class='ocrx_word' id='word_1_204' title='bbox 2158 1375 2328 1431; x_wconf 90' lang='lat' dir='ltr'><strong>tuum,</strong></span> <span class='ocrx_word' id='word_1_205' title='bbox 2355 1367 2590 1431; x_wconf 85' lang='lat' dir='ltr'><strong>domina,</strong></span> <span class='ocrx_word' id='word_1_206' title='bbox 2613 1366 2762 1422; x_wconf 88' lang='lat' dir='ltr'><strong>velut</strong></span> <span class='ocrx_word' id='word_1_207' title='bbox 2787 1369 3206 1425; x_wconf 76' lang='lat' dir='ltr'><strong>sacratissimum</strong></span> <span class='ocrx_word' id='word_1_208' title='bbox 3231 1367 3328 1424; x_wconf 87' lang='lat' dir='ltr'><strong>Dei</strong></span> <span class='ocrx_word' id='word_1_209' title='bbox 3353 1368 3456 1422; x_wconf 80' lang='lat' dir='ltr'><strong>vivi</strong></span> <span class='ocrx_word' id='word_1_210' title='bbox 3481 1367 3746 1435; x_wconf 84' lang='lat' dir='ltr'><strong>templum</strong></span> 
     </span>
    </p>
   </div>
   <div class='ocr_carea' id='block_1_29' title="bbox 2158 1457 3739 1528">
    <p class='ocr_par' dir='ltr' id='par_1_29' title="bbox 2158 1457 3739 1528">
     <span class='ocr_line' id='line_1_29' title="bbox 2158 1457 3739 1528; baseline 0.003 -20"><span class='ocrx_word' id='word_1_211' title='bbox 2158 1465 2299 1510; x_wconf 89' lang='lat' dir='ltr'><strong>totus</strong></span> <span class='ocrx_word' id='word_1_212' title='bbox 2347 1457 2576 1512; x_wconf 87' lang='lat' dir='ltr'><strong>mundus</strong></span> <span class='ocrx_word' id='word_1_213' title='bbox 2621 1469 2929 1527; x_wconf 87' lang='lat' dir='ltr'><strong>veneratur,</strong></span> <span class='ocrx_word' id='word_1_214' title='bbox 2983 1460 3106 1528; x_wconf 87' lang='lat' dir='ltr'><strong>quia</strong></span> <span class='ocrx_word' id='word_1_215' title='bbox 3145 1461 3201 1515; x_wconf 82' lang='lat' dir='ltr'><strong>in</strong></span> <span class='ocrx_word' id='word_1_216' title='bbox 3254 1475 3320 1515; x_wconf 89' lang='lat' dir='ltr'><strong>eo</strong></span> <span class='ocrx_word' id='word_1_217' title='bbox 3363 1460 3512 1516; x_wconf 79' lang='lat' dir='ltr'><strong>salus</strong></span> <span class='ocrx_word' id='word_1_218' title='bbox 3553 1458 3739 1514; x_wconf 80' lang='lat' dir='ltr'><strong>mundi</strong></span> 
     </span>
    </p>
   </div>
   <div class='ocr_carea' id='block_1_30' title="bbox 2158 1545 3743 1613">
    <p class='ocr_par' dir='ltr' id='par_1_30' title="bbox 2158 1545 3743 1613">
     <span class='ocr_line' id='line_1_30' title="bbox 2158 1545 3743 1613; baseline 0.004 -15"><span class='ocrx_word' id='word_1_219' title='bbox 2158 1545 2361 1599; x_wconf 82' lang='lat' dir='ltr'><strong>initiata</strong></span> <span class='ocrx_word' id='word_1_220' title='bbox 2385 1555 2486 1602; x_wconf 87' lang='lat' dir='ltr'><strong>est.</strong></span> <span class='ocrx_word' id='word_1_221' title='bbox 2519 1546 2596 1602; x_wconf 92' lang='lat' dir='ltr'><strong>lbi</strong></span> <span class='ocrx_word' id='word_1_222' title='bbox 2620 1547 2868 1604; x_wconf 83' lang='lat' dir='ltr'><strong>decorem</strong></span> <span class='ocrx_word' id='word_1_223' title='bbox 2919 1551 3138 1606; x_wconf 87' lang='lat' dir='ltr'><strong>indutus</strong></span> <span class='ocrx_word' id='word_1_224' title='bbox 3183 1562 3265 1607; x_wconf 86' lang='lat' dir='ltr'><strong>est</strong></span> <span class='ocrx_word' id='word_1_225' title='bbox 3305 1551 3398 1606; x_wconf 84' lang='lat' dir='ltr'><strong>Dei</strong></span> <span class='ocrx_word' id='word_1_226' title='bbox 3445 1550 3634 1613; x_wconf 82' lang='lat' dir='ltr'><strong>Filius,</strong></span> <span class='ocrx_word' id='word_1_227' title='bbox 3671 1563 3743 1605; x_wconf 82' lang='lat' dir='ltr'><strong>ae</strong></span> 
     </span>
    </p>
   </div>
   <div class='ocr_carea' id='block_1_31' title="bbox 2159 1637 3744 1705">
    <p class='ocr_par' dir='ltr' id='par_1_31' title="bbox 2159 1637 3744 1705">
     <span class='ocr_line' id='line_1_31' title="bbox 2159 1637 3744 1705; baseline 0.003 -16"><span class='ocrx_word' id='word_1_228' title='bbox 2159 1637 2454 1705; x_wconf 65' lang='lat' dir='ltr'><strong>praeelectat</strong></span> <span class='ocrx_word' id='word_1_229' title='bbox 2495 1652 2708 1705; x_wconf 78' lang='lat' dir='ltr'><strong>sponsas</strong></span> <span class='ocrx_word' id='word_1_230' title='bbox 2750 1655 2860 1694; x_wconf 71' lang='lat' dir='ltr'><strong>suae</strong></span> <span class='ocrx_word' id='word_1_231' title='bbox 2910 1642 3168 1698; x_wconf 63' lang='lat' dir='ltr'><strong>Ecclesia</strong></span> <span class='ocrx_word' id='word_1_232' title='bbox 3211 1639 3486 1696; x_wconf 77' lang='lat' dir='ltr'><strong>formosus</strong></span> <span class='ocrx_word' id='word_1_233' title='bbox 3516 1641 3569 1695; x_wconf 89' lang='lat' dir='ltr'><strong>in</strong></span> <span class='ocrx_word' id='word_1_234' title='bbox 3600 1641 3744 1696; x_wconf 84' lang='lat' dir='ltr'><strong>stola</strong></span> 
     </span>
    </p>
   </div>
   <div class='ocr_carea' id='block_1_32' title="bbox 2158 1727 3747 1796">
    <p class='ocr_par' dir='ltr' id='par_1_32' title="bbox 2158 1727 3747 1796">
     <span class='ocr_line' id='line_1_32' title="bbox 2158 1727 3747 1796; baseline 0.003 -17"><span class='ocrx_word' id='word_1_235' title='bbox 2158 1727 2382 1780; x_wconf 87' lang='lat' dir='ltr'><strong>candida</strong></span> <span class='ocrx_word' id='word_1_236' title='bbox 2412 1729 2742 1783; x_wconf 84' lang='lat' dir='ltr'><strong>exsultanter</strong></span> <span class='ocrx_word' id='word_1_237' title='bbox 2763 1733 3021 1796; x_wconf 84' lang='lat' dir='ltr'><strong>occurrit,</strong></span> <span class='ocrx_word' id='word_1_238' title='bbox 3065 1731 3427 1786; x_wconf 84' lang='lat' dir='ltr'><strong>desideratum</strong></span> <span class='ocrx_word' id='word_1_239' title='bbox 3457 1731 3550 1786; x_wconf 90' lang='lat' dir='ltr'><strong>diu</strong></span> <span class='ocrx_word' id='word_1_240' title='bbox 3587 1745 3747 1784; x_wconf 85' lang='lat' dir='ltr'><strong>oscu-</strong></span> 
     </span>
    </p>
   </div>
   <div class='ocr_carea' id='block_1_33' title="bbox 474 1816 2049 1902">
    <p class='ocr_par' dir='ltr' id='par_1_33' title="bbox 474 1825 2049 1898">
     <span class='ocr_line' id='line_1_33' title="bbox 474 1825 2049 1898; baseline 0.002 -17"><span class='ocrx_word' id='word_1_241' title='bbox 474 1825 637 1895; x_wconf 74' lang='lat' dir='ltr'><strong>Aperi</strong></span> <span class='ocrx_word' id='word_1_242' title='bbox 660 1826 841 1895; x_wconf 85' lang='lat' dir='ltr'><strong>itaque</strong></span> <span class='ocrx_word' id='word_1_243' title='bbox 865 1835 1131 1893; x_wconf 84' lang='lat' dir='ltr'><strong>tu,ntater</strong></span> <span class='ocrx_word' id='word_1_244' title='bbox 1151 1828 1469 1892; x_wconf 69' lang='lat' dir='ltr'><strong>clementiae,</strong></span> <span class='ocrx_word' id='word_1_245' title='bbox 1490 1828 1852 1898; x_wconf 82' lang='lat' dir='ltr'><strong>benignissimi</strong></span> <span class='ocrx_word' id='word_1_246' title='bbox 1881 1828 2049 1884; x_wconf 76' lang='lat' dir='ltr'><strong>cordis</strong></span> 
     </span>
    </p>
   </div>
   <div class='ocr_carea' id='block_1_34' title="bbox 2153 1816 3746 1902">
    <p class='ocr_par' dir='ltr' id='par_1_34' title="bbox 2163 1816 3746 1888">
     <span class='ocr_line' id='line_1_34' title="bbox 2163 1816 3746 1888; baseline 0.004 -20"><span class='ocrx_word' id='word_1_247' title='bbox 2163 1816 2267 1869; x_wconf 84' lang='lat' dir='ltr'><strong>lunt</strong></span> <span class='ocrx_word' id='word_1_248' title='bbox 2297 1819 2558 1886; x_wconf 79' lang='lat' dir='ltr'><strong>porrexit,</strong></span> <span class='ocrx_word' id='word_1_249' title='bbox 2581 1832 2644 1872; x_wconf 87' lang='lat' dir='ltr'><strong>ac</strong></span> <span class='ocrx_word' id='word_1_250' title='bbox 2672 1820 3062 1888; x_wconf 70' lang='lat' dir='ltr'><strong>praeordinatas</strong></span> <span class='ocrx_word' id='word_1_251' title='bbox 3089 1836 3116 1872; x_wconf 88' lang='lat' dir='ltr'><strong>a</strong></span> <span class='ocrx_word' id='word_1_252' title='bbox 3143 1820 3342 1876; x_wconf 69' lang='lat' dir='ltr'><strong>saiculo</strong></span> <span class='ocrx_word' id='word_1_253' title='bbox 3359 1821 3574 1888; x_wconf 88' lang='lat' dir='ltr'><strong>nuptias</strong></span> <span class='ocrx_word' id='word_1_254' title='bbox 3597 1820 3746 1887; x_wconf 84' lang='lat' dir='ltr'><strong>virgo</strong></span> 
     </span>
    </p>
   </div>
   <div class='ocr_carea' id='block_1_35' title="bbox 471 1917 2060 1989">
    <p class='ocr_par' dir='ltr' id='par_1_35' title="bbox 471 1917 2060 1989">
     <span class='ocr_line' id='line_1_35' title="bbox 471 1917 2060 1989; baseline 0.001 -14"><span class='ocrx_word' id='word_1_255' title='bbox 471 1919 549 1975; x_wconf 77' lang='lat' dir='ltr'><strong>tui</strong></span> <span class='ocrx_word' id='word_1_256' title='bbox 572 1917 794 1989; x_wconf 83' lang='lat' dir='ltr'><strong>januam</strong></span> <span class='ocrx_word' id='word_1_257' title='bbox 813 1919 1125 1988; x_wconf 87' lang='lat' dir='ltr'><strong>suspiriosis</strong></span> <span class='ocrx_word' id='word_1_258' title='bbox 1157 1921 1460 1988; x_wconf 84' lang='lat' dir='ltr'><strong>precatibus</strong></span> <span class='ocrx_word' id='word_1_259' title='bbox 1485 1921 1714 1976; x_wconf 89' lang='lat' dir='ltr'><strong>ﬁliorum</strong></span> <span class='ocrx_word' id='word_1_260' title='bbox 1746 1922 1938 1987; x_wconf 89' lang='lat' dir='ltr'><strong>Adam,</strong></span> <span class='ocrx_word' id='word_1_261' title='bbox 1965 1921 2060 1988; x_wconf 90' lang='lat' dir='ltr'><strong>qui</strong></span> 
     </span>
    </p>
   </div>
   <div class='ocr_carea' id='block_1_36' title="bbox 475 2010 2058 2078">
    <p class='ocr_par' dir='ltr' id='par_1_36' title="bbox 475 2010 2058 2078">
     <span class='ocr_line' id='line_1_36' title="bbox 475 2010 2058 2078; baseline -0.001 -11"><span class='ocrx_word' id='word_1_262' title='bbox 475 2024 544 2067; x_wconf 80' lang='lat' dir='ltr'><strong>ex</strong></span> <span class='ocrx_word' id='word_1_263' title='bbox 567 2010 818 2066; x_wconf 86' lang='lat' dir='ltr'><strong>omnibus</strong></span> <span class='ocrx_word' id='word_1_264' title='bbox 839 2010 1030 2066; x_wconf 85' lang='lat' dir='ltr'><strong>ﬁnibus</strong></span> <span class='ocrx_word' id='word_1_265' title='bbox 1063 2019 1220 2066; x_wconf 69' lang='lat' dir='ltr'><strong>terrae</strong></span> <span class='ocrx_word' id='word_1_266' title='bbox 1247 2015 1312 2065; x_wconf 87' lang='lat' dir='ltr'><strong>ad</strong></span> <span class='ocrx_word' id='word_1_267' title='bbox 1341 2022 1443 2066; x_wconf 70' lang='lat' dir='ltr'><strong>tua:</strong></span> <span class='ocrx_word' id='word_1_268' title='bbox 1475 2013 1820 2078; x_wconf 88' lang='lat' dir='ltr'><strong>protectionis</strong></span> <span class='ocrx_word' id='word_1_269' title='bbox 1843 2014 2058 2067; x_wconf 84' lang='lat' dir='ltr'><strong>umbra-</strong></span> 
     </span>
    </p>
   </div>
   <div class='ocr_carea' id='block_1_37' title="bbox 473 2100 2059 2169">
    <p class='ocr_par' dir='ltr' id='par_1_37' title="bbox 473 2100 2059 2169">
     <span class='ocr_line' id='line_1_37' title="bbox 473 2100 2059 2169; baseline 0.002 -10"><span class='ocrx_word' id='word_1_270' title='bbox 473 2100 656 2160; x_wconf 82' lang='lat' dir='ltr'><strong>culum</strong></span> <span class='ocrx_word' id='word_1_271' title='bbox 681 2101 1016 2169; x_wconf 69' lang='lat' dir='ltr'><strong>confugimus</strong></span> <span class='ocrx_word' id='word_1_272' title='bbox 1046 2117 1074 2156; x_wconf 91' lang='lat' dir='ltr'><strong>a</strong></span> <span class='ocrx_word' id='word_1_273' title='bbox 1097 2102 1236 2158; x_wconf 88' lang='lat' dir='ltr'><strong>lacie</strong></span> <span class='ocrx_word' id='word_1_274' title='bbox 1279 2103 1583 2158; x_wconf 80' lang='lat' dir='ltr'><strong>formidinis</strong></span> <span class='ocrx_word' id='word_1_275' title='bbox 1628 2105 1865 2158; x_wconf 85' lang='lat' dir='ltr'><strong>Domini.</strong></span> <span class='ocrx_word' id='word_1_276' title='bbox 1898 2105 1976 2160; x_wconf 85' lang='lat' dir='ltr'><strong>Ad</strong></span> <span class='ocrx_word' id='word_1_277' title='bbox 2007 2117 2059 2162; x_wconf 83' lang='lat' dir='ltr'><strong>te</strong></span> 
     </span>
    </p>
   </div>
   <div class='ocr_carea' id='block_1_38' title="bbox 475 2193 2062 2265">
    <p class='ocr_par' dir='ltr' id='par_1_38' title="bbox 475 2193 2062 2265">
     <span class='ocr_line' id='line_1_38' title="bbox 475 2193 2062 2265; baseline 0.003 -17"><span class='ocrx_word' id='word_1_278' title='bbox 475 2193 694 2250; x_wconf 86' lang='lat' dir='ltr'><strong>domina</strong></span> <span class='ocrx_word' id='word_1_279' title='bbox 726 2194 929 2249; x_wconf 85' lang='lat' dir='ltr'><strong>stillant</strong></span> <span class='ocrx_word' id='word_1_280' title='bbox 958 2195 1101 2249; x_wconf 91' lang='lat' dir='ltr'><strong>oculi</strong></span> <span class='ocrx_word' id='word_1_281' title='bbox 1145 2195 1339 2261; x_wconf 85' lang='lat' dir='ltr'><strong>nostri,</strong></span> <span class='ocrx_word' id='word_1_282' title='bbox 1398 2205 1558 2265; x_wconf 86' lang='lat' dir='ltr'><strong>teque</strong></span> <span class='ocrx_word' id='word_1_283' title='bbox 1595 2211 1717 2251; x_wconf 89' lang='lat' dir='ltr'><strong>cum</strong></span> <span class='ocrx_word' id='word_1_284' title='bbox 1759 2198 2062 2254; x_wconf 83' lang='lat' dir='ltr'><strong>devotionis</strong></span> 
     </span>
    </p>
   </div>
   <div class='ocr_carea' id='block_1_39' title="bbox 473 2287 2058 2358">
    <p class='ocr_par' dir='ltr' id='par_1_39' title="bbox 473 2287 2058 2358">
     <span class='ocr_line' id='line_1_39' title="bbox 473 2287 2058 2358; baseline -0.001 -13"><span class='ocrx_word' id='word_1_285' title='bbox 473 2290 714 2345; x_wconf 85' lang='lat' dir='ltr'><strong>clamore</strong></span> <span class='ocrx_word' id='word_1_286' title='bbox 740 2287 918 2341; x_wconf 88' lang='lat' dir='ltr'><strong>valido</strong></span> <span class='ocrx_word' id='word_1_287' title='bbox 945 2288 1315 2352; x_wconf 84' lang='lat' dir='ltr'><strong>obsecramus,</strong></span> <span class='ocrx_word' id='word_1_288' title='bbox 1363 2299 1418 2342; x_wconf 93' lang='lat' dir='ltr'><strong>ut</strong></span> <span class='ocrx_word' id='word_1_289' title='bbox 1457 2290 1554 2342; x_wconf 88' lang='lat' dir='ltr'><strong>ﬁlii</strong></span> <span class='ocrx_word' id='word_1_290' title='bbox 1589 2291 1660 2343; x_wconf 91' lang='lat' dir='ltr'><strong>tui</strong></span> <span class='ocrx_word' id='word_1_291' title='bbox 1710 2290 1866 2355; x_wconf 89' lang='lat' dir='ltr'><strong>iram,</strong></span> <span class='ocrx_word' id='word_1_292' title='bbox 1898 2305 2058 2358; x_wconf 87' lang='lat' dir='ltr'><strong>quam</strong></span> 
     </span>
    </p>
   </div>
   <div class='ocr_carea' id='block_1_40' title="bbox 474 2378 2058 2449">
    <p class='ocr_par' dir='ltr' id='par_1_40' title="bbox 474 2378 2058 2449">
     <span class='ocr_line' id='line_1_40' title="bbox 474 2378 2058 2449; baseline 0.004 -19"><span class='ocrx_word' id='word_1_293' title='bbox 474 2379 709 2444; x_wconf 80' lang='lat' dir='ltr'><strong>graviter</strong></span> <span class='ocrx_word' id='word_1_294' title='bbox 739 2378 1010 2445; x_wconf 80' lang='lat' dir='ltr'><strong>peccando</strong></span> <span class='ocrx_word' id='word_1_295' title='bbox 1051 2379 1447 2443; x_wconf 76' lang='lat' dir='ltr'><strong>succendintus,</strong></span> <span class='ocrx_word' id='word_1_296' title='bbox 1502 2395 1628 2448; x_wconf 88' lang='lat' dir='ltr'><strong>erga</strong></span> <span class='ocrx_word' id='word_1_297' title='bbox 1683 2395 1782 2435; x_wconf 89' lang='lat' dir='ltr'><strong>nos</strong></span> <span class='ocrx_word' id='word_1_298' title='bbox 1825 2381 2058 2449; x_wconf 76' lang='lat' dir='ltr'><strong>mitiges,</strong></span> 
     </span>
    </p>
   </div>
   <div class='ocr_carea' id='block_1_41' title="bbox 476 2469 2058 2542">
    <p class='ocr_par' dir='ltr' id='par_1_41' title="bbox 476 2469 2058 2542">
     <span class='ocr_line' id='line_1_41' title="bbox 476 2469 2058 2542; baseline 0.003 -18"><span class='ocrx_word' id='word_1_299' title='bbox 476 2469 701 2540; x_wconf 76' lang='lat' dir='ltr'><strong>ejusque</strong></span> <span class='ocrx_word' id='word_1_300' title='bbox 721 2472 970 2540; x_wconf 87' lang='lat' dir='ltr'><strong>gratiam,</strong></span> <span class='ocrx_word' id='word_1_301' title='bbox 999 2485 1026 2522; x_wconf 89' lang='lat' dir='ltr'><strong>a</strong></span> <span class='ocrx_word' id='word_1_302' title='bbox 1049 2486 1152 2536; x_wconf 87' lang='lat' dir='ltr'><strong>qua</strong></span> <span class='ocrx_word' id='word_1_303' title='bbox 1180 2471 1370 2540; x_wconf 78' lang='lat' dir='ltr'><strong>ingrati</strong></span> <span class='ocrx_word' id='word_1_304' title='bbox 1410 2473 1731 2542; x_wconf 86' lang='lat' dir='ltr'><strong>excidimus,</strong></span> <span class='ocrx_word' id='word_1_305' title='bbox 1783 2474 1942 2528; x_wconf 88' lang='lat' dir='ltr'><strong>nobis</strong></span> <span class='ocrx_word' id='word_1_306' title='bbox 1968 2485 2058 2529; x_wconf 83' lang='lat' dir='ltr'><strong>tua</strong></span> 
     </span>
    </p>
   </div>
   <div class='ocr_carea' id='block_1_42' title="bbox 479 2560 2058 2634">
    <p class='ocr_par' dir='ltr' id='par_1_42' title="bbox 479 2560 2058 2634">
     <span class='ocr_line' id='line_1_42' title="bbox 479 2560 2058 2634; baseline 0.004 -21"><span class='ocrx_word' id='word_1_307' title='bbox 479 2575 640 2630; x_wconf 88' lang='lat' dir='ltr'><strong>prece</strong></span> <span class='ocrx_word' id='word_1_308' title='bbox 663 2560 940 2618; x_wconf 84' lang='lat' dir='ltr'><strong>concilies.</strong></span> <span class='ocrx_word' id='word_1_309' title='bbox 970 2561 1099 2630; x_wconf 82' lang='lat' dir='ltr'><strong>Ejus</strong></span> <span class='ocrx_word' id='word_1_310' title='bbox 1119 2561 1288 2618; x_wconf 81' lang='lat' dir='ltr'><strong>livore</strong></span> <span class='ocrx_word' id='word_1_311' title='bbox 1312 2565 1480 2618; x_wconf 83' lang='lat' dir='ltr'><strong>sanati</strong></span> <span class='ocrx_word' id='word_1_312' title='bbox 1500 2579 1704 2632; x_wconf 87' lang='lat' dir='ltr'><strong>sumus,</strong></span> <span class='ocrx_word' id='word_1_313' title='bbox 1729 2567 1844 2634; x_wconf 88' lang='lat' dir='ltr'><strong>ejus</strong></span> <span class='ocrx_word' id='word_1_314' title='bbox 1867 2569 2058 2622; x_wconf 87' lang='lat' dir='ltr'><strong>iterum</strong></span> 
     </span>
    </p>
   </div>
   <div class='ocr_carea' id='block_1_43' title="bbox 481 2652 2059 2728">
    <p class='ocr_par' dir='ltr' id='par_1_43' title="bbox 481 2652 2059 2728">
     <span class='ocr_line' id='line_1_43' title="bbox 481 2652 2059 2728; baseline 0.004 -20"><span class='ocrx_word' id='word_1_315' title='bbox 481 2652 741 2708; x_wconf 85' lang='lat' dir='ltr'><strong>medelam</strong></span> <span class='ocrx_word' id='word_1_316' title='bbox 769 2653 1131 2722; x_wconf 88' lang='lat' dir='ltr'><strong>deposcimus,</strong></span> <span class='ocrx_word' id='word_1_317' title='bbox 1189 2657 1322 2720; x_wconf 76' lang='lat' dir='ltr'><strong>Quia</strong></span> <span class='ocrx_word' id='word_1_318' title='bbox 1364 2667 1669 2722; x_wconf 78' lang='lat' dir='ltr'><strong>pulruerunt</strong></span> <span class='ocrx_word' id='word_1_319' title='bbox 1713 2667 1760 2712; x_wconf 84' lang='lat' dir='ltr'><strong>et</strong></span> <span class='ocrx_word' id='word_1_320' title='bbox 1807 2671 2059 2728; x_wconf 69' lang='lat' dir='ltr'><strong>corruptis</strong></span> 
     </span>
    </p>
   </div>
   <div class='ocr_carea' id='block_1_44' title="bbox 472 2745 2059 2814">
    <p class='ocr_par' dir='ltr' id='par_1_44' title="bbox 472 2745 2059 2814">
     <span class='ocr_line' id='line_1_44' title="bbox 472 2745 2059 2814; baseline 0.004 -15"><span class='ocrx_word' id='word_1_321' title='bbox 472 2753 592 2799; x_wconf 78' lang='lat' dir='ltr'><strong>sunt</strong></span> <span class='ocrx_word' id='word_1_322' title='bbox 645 2745 906 2810; x_wconf 69' lang='lat' dir='ltr'><strong>cicatrices</strong></span> <span class='ocrx_word' id='word_1_323' title='bbox 956 2755 1160 2814; x_wconf 64' lang='lat' dir='ltr'><strong>nostris,</strong></span> <span class='ocrx_word' id='word_1_324' title='bbox 1215 2758 1265 2804; x_wconf 79' lang='lat' dir='ltr'><strong>et</strong></span> <span class='ocrx_word' id='word_1_325' title='bbox 1319 2765 1419 2804; x_wconf 79' lang='lat' dir='ltr'><strong>non</strong></span> <span class='ocrx_word' id='word_1_326' title='bbox 1466 2760 1540 2804; x_wconf 76' lang='lat' dir='ltr'><strong>est</strong></span> <span class='ocrx_word' id='word_1_327' title='bbox 1584 2751 1636 2804; x_wconf 85' lang='lat' dir='ltr'><strong>in</strong></span> <span class='ocrx_word' id='word_1_328' title='bbox 1677 2752 1822 2805; x_wconf 76' lang='lat' dir='ltr'><strong>nobis</strong></span> <span class='ocrx_word' id='word_1_329' title='bbox 1863 2753 2059 2806; x_wconf 80' lang='lat' dir='ltr'><strong>sanitas</strong></span> 
     </span>
    </p>
   </div>
   <div class='ocr_carea' id='block_1_45' title="bbox 474 2835 2058 2908">
    <p class='ocr_par' dir='ltr' id='par_1_45' title="bbox 474 2835 2058 2908">
     <span class='ocr_line' id='line_1_45' title="bbox 474 2835 2058 2908; baseline 0.003 -16"><span class='ocrx_word' id='word_1_330' title='bbox 474 2835 643 2908; x_wconf 72' lang='grc' dir='ltr'><strong>(Ρωι.</strong></span> <span class='ocrx_word' id='word_1_331' title='bbox 669 2838 894 2906; x_wconf 87' lang='lat' dir='ltr'><strong>xxxvn).</strong></span> <span class='ocrx_word' id='word_1_332' title='bbox 925 2840 1181 2907; x_wconf 75' lang='lat' dir='ltr'><strong>Attende,</strong></span> <span class='ocrx_word' id='word_1_333' title='bbox 1203 2839 1443 2908; x_wconf 88' lang='lat' dir='ltr'><strong>domina,</strong></span> <span class='ocrx_word' id='word_1_334' title='bbox 1471 2852 1525 2896; x_wconf 89' lang='lat' dir='ltr'><strong>et</strong></span> <span class='ocrx_word' id='word_1_335' title='bbox 1549 2843 1672 2897; x_wconf 86' lang='lat' dir='ltr'><strong>vide</strong></span> <span class='ocrx_word' id='word_1_336' title='bbox 1697 2843 1914 2898; x_wconf 83' lang='lat' dir='ltr'><strong>dolores</strong></span> <span class='ocrx_word' id='word_1_337' title='bbox 1943 2844 2058 2898; x_wconf 82' lang='lat' dir='ltr'><strong>vul-</strong></span> 
     </span>
    </p>
   </div>
   <div class='ocr_carea' id='block_1_46' title="bbox 474 2930 2054 3002">
    <p class='ocr_par' dir='ltr' id='par_1_46' title="bbox 474 2930 2054 3002">
     <span class='ocr_line' id='line_1_46' title="bbox 474 2930 2054 3002; baseline 0.007 -22"><span class='ocrx_word' id='word_1_338' title='bbox 474 2942 664 2984; x_wconf 88' lang='lat' dir='ltr'><strong>nerum</strong></span> <span class='ocrx_word' id='word_1_339' title='bbox 693 2930 886 2986; x_wconf 71' lang='lat' dir='ltr'><strong>animae</strong></span> <span class='ocrx_word' id='word_1_340' title='bbox 915 2941 1138 2995; x_wconf 70' lang='lat' dir='ltr'><strong>nostrai,</strong></span> <span class='ocrx_word' id='word_1_341' title='bbox 1165 2934 1288 3002; x_wconf 85' lang='lat' dir='ltr'><strong>quia</strong></span> <span class='ocrx_word' id='word_1_342' title='bbox 1315 2934 1410 2988; x_wconf 90' lang='lat' dir='ltr'><strong>tibi</strong></span> <span class='ocrx_word' id='word_1_343' title='bbox 1443 2935 1807 2990; x_wconf 89' lang='lat' dir='ltr'><strong>revelavimus</strong></span> <span class='ocrx_word' id='word_1_344' title='bbox 1835 2951 2054 2991; x_wconf 85' lang='lat' dir='ltr'><strong>causam</strong></span> 
     </span>
    </p>
   </div>
   <div class='ocr_carea' id='block_1_47' title="bbox 473 3027 2058 3100">
    <p class='ocr_par' dir='ltr' id='par_1_47' title="bbox 473 3027 2058 3100">
     <span class='ocr_line' id='line_1_47' title="bbox 473 3027 2058 3100; baseline 0.002 -19"><span class='ocrx_word' id='word_1_345' title='bbox 473 3035 712 3082; x_wconf 81' lang='lat' dir='ltr'><strong>nostrain</strong></span> <span class='ocrx_word' id='word_1_346' title='bbox 744 3039 863 3078; x_wconf 89' lang='lat' dir='ltr'><strong>cum</strong></span> <span class='ocrx_word' id='word_1_347' title='bbox 897 3027 1106 3080; x_wconf 87' lang='lat' dir='ltr'><strong>liducia.</strong></span> <span class='ocrx_word' id='word_1_348' title='bbox 1130 3027 1170 3079; x_wconf 86' lang='grc' dir='ltr'><strong>Τ</strong></span> <span class='ocrx_word' id='word_1_349' title='bbox 1174 3043 1203 3082; x_wconf 88' lang='lat' dir='ltr'><strong>e</strong></span> <span class='ocrx_word' id='word_1_350' title='bbox 1231 3028 1376 3082; x_wconf 87' lang='lat' dir='ltr'><strong>enim</strong></span> <span class='ocrx_word' id='word_1_351' title='bbox 1400 3028 1788 3084; x_wconf 61' lang='lat' dir='ltr'><strong>inaestimabilis</strong></span> <span class='ocrx_word' id='word_1_352' title='bbox 1812 3030 2058 3100; x_wconf 79' lang='lat' dir='ltr'><strong>benigni-</strong></span> 
     </span>
    </p>
   </div>
   <div class='ocr_carea' id='block_1_48' title="bbox 474 3113 2056 3181">
    <p class='ocr_par' dir='ltr' id='par_1_48' title="bbox 474 3113 2056 3181">
     <span class='ocr_line' id='line_1_48' title="bbox 474 3113 2056 3181; baseline 0.004 -12"><span class='ocrx_word' id='word_1_353' title='bbox 474 3115 598 3170; x_wconf 84' lang='lat' dir='ltr'><strong>tatis</strong></span> <span class='ocrx_word' id='word_1_354' title='bbox 628 3113 902 3181; x_wconf 80' lang='lat' dir='ltr'><strong>feminam,</strong></span> <span class='ocrx_word' id='word_1_355' title='bbox 935 3125 989 3169; x_wconf 91' lang='lat' dir='ltr'><strong>et</strong></span> <span class='ocrx_word' id='word_1_356' title='bbox 1014 3132 1198 3172; x_wconf 84' lang='lat' dir='ltr'><strong>revera</strong></span> <span class='ocrx_word' id='word_1_357' title='bbox 1227 3131 1449 3171; x_wconf 88' lang='lat' dir='ltr'><strong>matrem</strong></span> <span class='ocrx_word' id='word_1_358' title='bbox 1509 3118 1893 3174; x_wconf 76' lang='lat' dir='ltr'><strong>tttiseriCordia:</strong></span> <span class='ocrx_word' id='word_1_359' title='bbox 1935 3136 2056 3175; x_wconf 86' lang='lat' dir='ltr'><strong>esse</strong></span> 
     </span>
    </p>
   </div>
   <div class='ocr_carea' id='block_1_49' title="bbox 2160 1907 3748 1980">
    <p class='ocr_par' dir='ltr' id='par_1_49' title="bbox 2160 1907 3748 1980">
     <span class='ocr_line' id='line_1_49' title="bbox 2160 1907 3748 1980; baseline 0.002 -18"><span class='ocrx_word' id='word_1_360' title='bbox 2160 1922 2281 1962; x_wconf 88' lang='lat' dir='ltr'><strong>cum</strong></span> <span class='ocrx_word' id='word_1_361' title='bbox 2305 1907 2510 1978; x_wconf 88' lang='lat' dir='ltr'><strong>virgine</strong></span> <span class='ocrx_word' id='word_1_362' title='bbox 2532 1909 2583 1964; x_wconf 93' lang='lat' dir='ltr'><strong>in</strong></span> <span class='ocrx_word' id='word_1_363' title='bbox 2618 1911 2823 1979; x_wconf 85' lang='lat' dir='ltr'><strong>virgine</strong></span> <span class='ocrx_word' id='word_1_364' title='bbox 2855 1911 3170 1979; x_wconf 66' lang='lat' dir='ltr'><strong>praelibavit.</strong></span> <span class='ocrx_word' id='word_1_365' title='bbox 3201 1909 3279 1966; x_wconf 87' lang='lat' dir='ltr'><strong>lbi</strong></span> <span class='ocrx_word' id='word_1_366' title='bbox 3309 1911 3542 1980; x_wconf 86' lang='lat' dir='ltr'><strong>primum</strong></span> <span class='ocrx_word' id='word_1_367' title='bbox 3557 1921 3748 1978; x_wconf 80' lang='lat' dir='ltr'><strong>ruptus</strong></span> 
     </span>
    </p>
   </div>
   <div class='ocr_carea' id='block_1_50' title="bbox 2159 2003 3747 2072">
    <p class='ocr_par' dir='ltr' id='par_1_50' title="bbox 2159 2003 3747 2072">
     <span class='ocr_line' id='line_1_50' title="bbox 2159 2003 3747 2072; baseline -0.001 -14"><span class='ocrx_word' id='word_1_368' title='bbox 2159 2013 2238 2058; x_wconf 91' lang='lat' dir='ltr'><strong>est</strong></span> <span class='ocrx_word' id='word_1_369' title='bbox 2269 2003 2442 2072; x_wconf 83' lang='lat' dir='ltr'><strong>paries</strong></span> <span class='ocrx_word' id='word_1_370' title='bbox 2495 2003 2917 2068; x_wconf 84' lang='lat' dir='ltr'><strong>inimicitiarum,</strong></span> <span class='ocrx_word' id='word_1_371' title='bbox 2967 2019 3123 2072; x_wconf 85' lang='lat' dir='ltr'><strong>quem</strong></span> <span class='ocrx_word' id='word_1_372' title='bbox 3165 2004 3308 2060; x_wconf 88' lang='lat' dir='ltr'><strong>inter</strong></span> <span class='ocrx_word' id='word_1_373' title='bbox 3336 2004 3532 2058; x_wconf 66' lang='lat' dir='ltr'><strong>celum</strong></span> <span class='ocrx_word' id='word_1_374' title='bbox 3551 2012 3607 2058; x_wconf 91' lang='lat' dir='ltr'><strong>et</strong></span> <span class='ocrx_word' id='word_1_375' title='bbox 3640 2013 3747 2057; x_wconf 83' lang='lat' dir='ltr'><strong>ter-</strong></span> 
     </span>
    </p>
   </div>
   <div class='ocr_carea' id='block_1_51' title="bbox 2160 2095 3746 2163">
    <p class='ocr_par' dir='ltr' id='par_1_51' title="bbox 2160 2095 3746 2163">
     <span class='ocr_line' id='line_1_51' title="bbox 2160 2095 3746 2163; baseline 0.004 -17"><span class='ocrx_word' id='word_1_376' title='bbox 2160 2109 2272 2148; x_wconf 88' lang='lat' dir='ltr'><strong>raut</strong></span> <span class='ocrx_word' id='word_1_377' title='bbox 2321 2095 2771 2163; x_wconf 86' lang='lat' dir='ltr'><strong>protoplastorum</strong></span> <span class='ocrx_word' id='word_1_378' title='bbox 2815 2095 3176 2152; x_wconf 85' lang='lat' dir='ltr'><strong>iunbedientia</strong></span> <span class='ocrx_word' id='word_1_379' title='bbox 3229 2105 3628 2151; x_wconf 69' lang='lat' dir='ltr'><strong>construxerat.</strong></span> <span class='ocrx_word' id='word_1_380' title='bbox 3669 2096 3746 2152; x_wconf 87' lang='lat' dir='ltr'><strong>ibi</strong></span> 
     </span>
    </p>
   </div>
   <div class='ocr_carea' id='block_1_52' title="bbox 2158 2187 3746 2258">
    <p class='ocr_par' dir='ltr' id='par_1_52' title="bbox 2158 2187 3746 2258">
     <span class='ocr_line' id='line_1_52' title="bbox 2158 2187 3746 2258; baseline 0.001 -16"><span class='ocrx_word' id='word_1_381' title='bbox 2158 2187 2520 2244; x_wconf 76' lang='lat' dir='ltr'><strong>confmderata</strong></span> <span class='ocrx_word' id='word_1_382' title='bbox 2551 2200 2677 2244; x_wconf 91' lang='lat' dir='ltr'><strong>sunt</strong></span> <span class='ocrx_word' id='word_1_383' title='bbox 2732 2190 2961 2248; x_wconf 79' lang='lat' dir='ltr'><strong>terrenis</strong></span> <span class='ocrx_word' id='word_1_384' title='bbox 2997 2188 3264 2258; x_wconf 74' lang='lat' dir='ltr'><strong>emlestia,</strong></span> <span class='ocrx_word' id='word_1_385' title='bbox 3309 2199 3366 2242; x_wconf 89' lang='lat' dir='ltr'><strong>et</strong></span> <span class='ocrx_word' id='word_1_386' title='bbox 3393 2189 3746 2244; x_wconf 84' lang='lat' dir='ltr'><strong>obviaverunt</strong></span> 
     </span>
    </p>
   </div>
   <div class='ocr_carea' id='block_1_53' title="bbox 2159 2281 3747 2352">
    <p class='ocr_par' dir='ltr' id='par_1_53' title="bbox 2159 2281 3747 2352">
     <span class='ocr_line' id='line_1_53' title="bbox 2159 2281 3747 2352; baseline 0.004 -19"><span class='ocrx_word' id='word_1_387' title='bbox 2159 2281 2261 2334; x_wconf 84' lang='lat' dir='ltr'><strong>sibi</strong></span> <span class='ocrx_word' id='word_1_388' title='bbox 2297 2282 2348 2336; x_wconf 89' lang='lat' dir='ltr'><strong>in</strong></span> <span class='ocrx_word' id='word_1_389' title='bbox 2381 2284 2566 2337; x_wconf 87' lang='lat' dir='ltr'><strong>osculo</strong></span> <span class='ocrx_word' id='word_1_390' title='bbox 2596 2283 2746 2352; x_wconf 88' lang='lat' dir='ltr'><strong>pacis</strong></span> <span class='ocrx_word' id='word_1_391' title='bbox 2772 2281 3135 2338; x_wconf 79' lang='lat' dir='ltr'><strong>misericordia</strong></span> <span class='ocrx_word' id='word_1_392' title='bbox 3187 2293 3242 2338; x_wconf 90' lang='lat' dir='ltr'><strong>et</strong></span> <span class='ocrx_word' id='word_1_393' title='bbox 3283 2283 3504 2350; x_wconf 84' lang='lat' dir='ltr'><strong>veritas,</strong></span> <span class='ocrx_word' id='word_1_394' title='bbox 3529 2284 3747 2352; x_wconf 84' lang='lat' dir='ltr'><strong>quando</strong></span> 
     </span>
    </p>
   </div>
   <div class='ocr_carea' id='block_1_54' title="bbox 2160 2371 3741 2444">
    <p class='ocr_par' dir='ltr' id='par_1_54' title="bbox 2160 2371 3741 2444">
     <span class='ocr_line' id='line_1_54' title="bbox 2160 2371 3741 2444; baseline 0.003 -20"><span class='ocrx_word' id='word_1_395' title='bbox 2160 2371 2214 2426; x_wconf 90' lang='lat' dir='ltr'><strong>in</strong></span> <span class='ocrx_word' id='word_1_396' title='bbox 2245 2389 2410 2428; x_wconf 84' lang='lat' dir='ltr'><strong>unam</strong></span> <span class='ocrx_word' id='word_1_397' title='bbox 2439 2375 2790 2444; x_wconf 82' lang='lat' dir='ltr'><strong>eamdemque</strong></span> <span class='ocrx_word' id='word_1_398' title='bbox 2820 2390 3102 2444; x_wconf 82' lang='lat' dir='ltr'><strong>personam</strong></span> <span class='ocrx_word' id='word_1_399' title='bbox 3133 2387 3516 2434; x_wconf 84' lang='lat' dir='ltr'><strong>concurrerunt</strong></span> <span class='ocrx_word' id='word_1_400' title='bbox 3543 2375 3741 2431; x_wconf 85' lang='lat' dir='ltr'><strong>divini-</strong></span> 
     </span>
    </p>
   </div>
   <div class='ocr_carea' id='block_1_55' title="bbox 2163 2465 3739 2538">
    <p class='ocr_par' dir='ltr' id='par_1_55' title="bbox 2163 2465 3739 2538">
     <span class='ocr_line' id='line_1_55' title="bbox 2163 2465 3739 2538; baseline 0.004 -20"><span class='ocrx_word' id='word_1_401' title='bbox 2163 2475 2242 2518; x_wconf 86' lang='lat' dir='ltr'><strong>tas</strong></span> <span class='ocrx_word' id='word_1_402' title='bbox 2264 2475 2318 2520; x_wconf 91' lang='lat' dir='ltr'><strong>et</strong></span> <span class='ocrx_word' id='word_1_403' title='bbox 2345 2465 2669 2534; x_wconf 88' lang='lat' dir='ltr'><strong>humanitas,</strong></span> <span class='ocrx_word' id='word_1_404' title='bbox 2700 2467 3008 2538; x_wconf 80' lang='lat' dir='ltr'><strong>laetumque</strong></span> <span class='ocrx_word' id='word_1_405' title='bbox 3034 2478 3122 2524; x_wconf 88' lang='lat' dir='ltr'><strong>est</strong></span> <span class='ocrx_word' id='word_1_406' title='bbox 3176 2485 3376 2526; x_wconf 86' lang='lat' dir='ltr'><strong>novo</strong></span> <span class='ocrx_word' id='word_1_407' title='bbox 3417 2470 3542 2524; x_wconf 86' lang='lat' dir='ltr'><strong>illud</strong></span> <span class='ocrx_word' id='word_1_408' title='bbox 3572 2483 3739 2538; x_wconf 82' lang='lat' dir='ltr'><strong>super</strong></span> 
     </span>
    </p>
   </div>
   <div class='ocr_carea' id='block_1_56' title="bbox 2163 2560 3745 2629">
    <p class='ocr_par' dir='ltr' id='par_1_56' title="bbox 2163 2560 3745 2629">
     <span class='ocr_line' id='line_1_56' title="bbox 2163 2560 3745 2629; baseline 0.004 -18"><span class='ocrx_word' id='word_1_409' title='bbox 2163 2566 2377 2623; x_wconf 79' lang='lat' dir='ltr'><strong>teri-ant,</strong></span> <span class='ocrx_word' id='word_1_410' title='bbox 2403 2570 2463 2616; x_wconf 92' lang='lat' dir='ltr'><strong>ut</strong></span> <span class='ocrx_word' id='word_1_411' title='bbox 2492 2571 2632 2615; x_wconf 84' lang='lat' dir='ltr'><strong>esset</strong></span> <span class='ocrx_word' id='word_1_412' title='bbox 2657 2560 2802 2617; x_wconf 87' lang='lat' dir='ltr'><strong>Deus</strong></span> <span class='ocrx_word' id='word_1_413' title='bbox 2825 2562 3008 2629; x_wconf 86' lang='lat' dir='ltr'><strong>homo,</strong></span> <span class='ocrx_word' id='word_1_414' title='bbox 3028 2573 3086 2620; x_wconf 85' lang='lat' dir='ltr'><strong>et</strong></span> <span class='ocrx_word' id='word_1_415' title='bbox 3109 2566 3268 2620; x_wconf 83' lang='lat' dir='ltr'><strong>homo</strong></span> <span class='ocrx_word' id='word_1_416' title='bbox 3296 2565 3458 2620; x_wconf 88' lang='lat' dir='ltr'><strong>Deus.</strong></span> <span class='ocrx_word' id='word_1_417' title='bbox 3508 2563 3586 2619; x_wconf 86' lang='lat' dir='ltr'><strong>ibi</strong></span> <span class='ocrx_word' id='word_1_418' title='bbox 3624 2578 3745 2620; x_wconf 86' lang='lat' dir='ltr'><strong>ma-</strong></span> 
     </span>
    </p>
   </div>
   <div class='ocr_carea' id='block_1_57' title="bbox 2159 2653 3747 2724">
    <p class='ocr_par' dir='ltr' id='par_1_57' title="bbox 2159 2653 3747 2724">
     <span class='ocr_line' id='line_1_57' title="bbox 2159 2653 3747 2724; baseline 0.004 -18"><span class='ocrx_word' id='word_1_419' title='bbox 2159 2665 2293 2720; x_wconf 82' lang='lat' dir='ltr'><strong>gnus</strong></span> <span class='ocrx_word' id='word_1_420' title='bbox 2323 2653 2546 2708; x_wconf 61' lang='lat' dir='ltr'><strong>illisatus</strong></span> <span class='ocrx_word' id='word_1_421' title='bbox 2577 2654 2628 2708; x_wconf 91' lang='lat' dir='ltr'><strong>in</strong></span> <span class='ocrx_word' id='word_1_422' title='bbox 2684 2669 2992 2714; x_wconf 85' lang='lat' dir='ltr'><strong>mensuram</strong></span> <span class='ocrx_word' id='word_1_423' title='bbox 3033 2656 3326 2712; x_wconf 83' lang='lat' dir='ltr'><strong>suscitandi</strong></span> <span class='ocrx_word' id='word_1_424' title='bbox 3365 2656 3576 2724; x_wconf 87' lang='lat' dir='ltr'><strong>pueruli</strong></span> <span class='ocrx_word' id='word_1_425' title='bbox 3625 2670 3747 2712; x_wconf 84' lang='lat' dir='ltr'><strong>sese</strong></span> 
     </span>
    </p>
   </div>
   <div class='ocr_carea' id='block_1_58' title="bbox 2159 2745 3746 2819">
    <p class='ocr_par' dir='ltr' id='par_1_58' title="bbox 2159 2745 3746 2819">
     <span class='ocr_line' id='line_1_58' title="bbox 2159 2745 3746 2819; baseline 0.005 -22"><span class='ocrx_word' id='word_1_426' title='bbox 2159 2754 2444 2800; x_wconf 84' lang='lat' dir='ltr'><strong>contraxit.</strong></span> <span class='ocrx_word' id='word_1_427' title='bbox 2479 2745 2558 2802; x_wconf 89' lang='lat' dir='ltr'><strong>lbi</strong></span> <span class='ocrx_word' id='word_1_428' title='bbox 2587 2747 2832 2816; x_wconf 83' lang='lat' dir='ltr'><strong>antiquus</strong></span> <span class='ocrx_word' id='word_1_429' title='bbox 2864 2749 3074 2802; x_wconf 83' lang='lat' dir='ltr'><strong>dierum</strong></span> <span class='ocrx_word' id='word_1_430' title='bbox 3121 2751 3419 2816; x_wconf 86' lang='lat' dir='ltr'><strong>patriarcha</strong></span> <span class='ocrx_word' id='word_1_431' title='bbox 3463 2749 3746 2819; x_wconf 62' lang='lat' dir='ltr'><strong>praelecto</strong></span> 
     </span>
    </p>
   </div>
   <div class='ocr_carea' id='block_1_59' title="bbox 2158 2833 3746 2909">
    <p class='ocr_par' dir='ltr' id='par_1_59' title="bbox 2158 2833 3746 2909">
     <span class='ocr_line' id='line_1_59' title="bbox 2158 2833 3746 2909; baseline 0.007 -23"><span class='ocrx_word' id='word_1_432' title='bbox 2158 2833 2270 2890; x_wconf 85' lang='lat' dir='ltr'><strong>ﬁli’o</strong></span> <span class='ocrx_word' id='word_1_433' title='bbox 2299 2850 2395 2890; x_wconf 90' lang='lat' dir='ltr'><strong>suo</strong></span> <span class='ocrx_word' id='word_1_434' title='bbox 2429 2837 2664 2892; x_wconf 85' lang='lat' dir='ltr'><strong>tunicam</strong></span> <span class='ocrx_word' id='word_1_435' title='bbox 2692 2836 2867 2892; x_wconf 88' lang='lat' dir='ltr'><strong>induit</strong></span> <span class='ocrx_word' id='word_1_436' title='bbox 2901 2840 3230 2909; x_wconf 85' lang='lat' dir='ltr'><strong>polyutitatn.</strong></span> <span class='ocrx_word' id='word_1_437' title='bbox 3280 2839 3353 2894; x_wconf 88' lang='lat' dir='ltr'><strong>lbi</strong></span> <span class='ocrx_word' id='word_1_438' title='bbox 3387 2841 3634 2897; x_wconf 72' lang='lat' dir='ltr'><strong>Rebecca</strong></span> <span class='ocrx_word' id='word_1_439' title='bbox 3663 2842 3746 2896; x_wconf 82' lang='lat' dir='ltr'><strong>l‘u-</strong></span> 
     </span>
    </p>
   </div>
   <div class='ocr_carea' id='block_1_60' title="bbox 2161 2933 3746 3004">
    <p class='ocr_par' dir='ltr' id='par_1_60' title="bbox 2161 2933 3746 3004">
     <span class='ocr_line' id='line_1_60' title="bbox 2161 2933 3746 3004; baseline 0.005 -22"><span class='ocrx_word' id='word_1_440' title='bbox 2161 2938 2402 2982; x_wconf 88' lang='lat' dir='ltr'><strong>tnrorum</strong></span> <span class='ocrx_word' id='word_1_441' title='bbox 2427 2933 2677 2998; x_wconf 72' lang='lat' dir='ltr'><strong>praescia,</strong></span> <span class='ocrx_word' id='word_1_442' title='bbox 2708 2933 3089 3002; x_wconf 87' lang='lat' dir='ltr'><strong>ntagniﬁcandi</strong></span> <span class='ocrx_word' id='word_1_443' title='bbox 3116 2934 3210 2992; x_wconf 88' lang='lat' dir='ltr'><strong>lilii</strong></span> <span class='ocrx_word' id='word_1_444' title='bbox 3255 2936 3510 2990; x_wconf 87' lang='lat' dir='ltr'><strong>manibus</strong></span> <span class='ocrx_word' id='word_1_445' title='bbox 3537 2936 3746 3004; x_wconf 86' lang='lat' dir='ltr'><strong>pellicu-</strong></span> 
     </span>
    </p>
   </div>
   <div class='ocr_carea' id='block_1_61' title="bbox 2160 3023 3746 3098">
    <p class='ocr_par' dir='ltr' id='par_1_61' title="bbox 2160 3023 3746 3098">
     <span class='ocr_line' id='line_1_61' title="bbox 2160 3023 3746 3098; baseline 0.006 -23"><span class='ocrx_word' id='word_1_446' title='bbox 2160 3023 2236 3075; x_wconf 79' lang='lat' dir='ltr'><strong>las</strong></span> <span class='ocrx_word' id='word_1_447' title='bbox 2265 3023 2537 3078; x_wconf 68' lang='lat' dir='ltr'><strong>lmdorunt</strong></span> <span class='ocrx_word' id='word_1_448' title='bbox 2569 3027 2944 3093; x_wconf 87' lang='lat' dir='ltr'><strong>circumdedit,</strong></span> <span class='ocrx_word' id='word_1_449' title='bbox 2986 3037 3040 3082; x_wconf 87' lang='lat' dir='ltr'><strong>et</strong></span> <span class='ocrx_word' id='word_1_450' title='bbox 3061 3028 3185 3083; x_wconf 87' lang='lat' dir='ltr'><strong>colli</strong></span> <span class='ocrx_word' id='word_1_451' title='bbox 3217 3028 3358 3082; x_wconf 88' lang='lat' dir='ltr'><strong>nuda</strong></span> <span class='ocrx_word' id='word_1_452' title='bbox 3383 3030 3642 3098; x_wconf 70' lang='lat' dir='ltr'><strong>protexit.</strong></span> <span class='ocrx_word' id='word_1_453' title='bbox 3673 3029 3746 3085; x_wconf 85' lang='lat' dir='ltr'><strong>ibi</strong></span> 
     </span>
    </p>
   </div>
   <div class='ocr_carea' id='block_1_62' title="bbox 2159 3115 3749 3188">
    <p class='ocr_par' dir='ltr' id='par_1_62' title="bbox 2159 3115 3749 3188">
     <span class='ocr_line' id='line_1_62' title="bbox 2159 3115 3749 3188; baseline 0.006 -20"><span class='ocrx_word' id='word_1_454' title='bbox 2159 3115 2300 3168; x_wconf 90' lang='lat' dir='ltr'><strong>enim</strong></span> <span class='ocrx_word' id='word_1_455' title='bbox 2328 3125 2651 3184; x_wconf 87' lang='lat' dir='ltr'><strong>cooperante</strong></span> <span class='ocrx_word' id='word_1_456' title='bbox 2679 3118 2853 3188; x_wconf 90' lang='lat' dir='ltr'><strong>gratia</strong></span> <span class='ocrx_word' id='word_1_457' title='bbox 2903 3119 3130 3188; x_wconf 83' lang='lat' dir='ltr'><strong>Spiritus</strong></span> <span class='ocrx_word' id='word_1_458' title='bbox 3159 3121 3350 3184; x_wconf 82' lang='lat' dir='ltr'><strong>sancti,</strong></span> <span class='ocrx_word' id='word_1_459' title='bbox 3379 3119 3550 3175; x_wconf 76' lang='lat' dir='ltr'><strong>Filius</strong></span> <span class='ocrx_word' id='word_1_460' title='bbox 3577 3137 3608 3174; x_wconf 89' lang='lat' dir='ltr'><strong>a</strong></span> <span class='ocrx_word' id='word_1_461' title='bbox 3637 3119 3749 3177; x_wconf 85' lang='lat' dir='ltr'><strong>Deo</strong></span> 
     </span>
    </p>
   </div>
   <div class='ocr_carea' id='block_1_63' title="bbox 474 3193 3747 3281">
    <p class='ocr_par' dir='ltr' id='par_1_63' title="bbox 474 3193 3747 3281">
     <span class='ocr_line' id='line_1_63' title="bbox 474 3193 3747 3281; baseline 0.001 -19"><span class='ocrx_word' id='word_1_462' title='bbox 474 3211 843 3277; x_wconf 86' lang='lat' dir='ltr'><strong>cognovimus,</strong></span> <span class='ocrx_word' id='word_1_463' title='bbox 865 3225 929 3262; x_wconf 83' lang='lat' dir='ltr'><strong>ex</strong></span> <span class='ocrx_word' id='word_1_464' title='bbox 956 3225 1020 3263; x_wconf 90' lang='lat' dir='ltr'><strong>eo</strong></span> <span class='ocrx_word' id='word_1_465' title='bbox 1061 3211 1204 3277; x_wconf 87' lang='lat' dir='ltr'><strong>quod</strong></span> <span class='ocrx_word' id='word_1_466' title='bbox 1235 3221 1286 3266; x_wconf 89' lang='lat' dir='ltr'><strong>tu</strong></span> <span class='ocrx_word' id='word_1_467' title='bbox 1315 3227 1434 3281; x_wconf 69' lang='lat' dir='ltr'><strong>quas</strong></span> <span class='ocrx_word' id='word_1_468' title='bbox 1464 3213 1714 3268; x_wconf 84' lang='lat' dir='ltr'><strong>mundum</strong></span> <span class='ocrx_word' id='word_1_469' title='bbox 1767 3215 1908 3270; x_wconf 81' lang='lat' dir='ltr'><strong>hunc</strong></span> <span class='ocrx_word' id='word_1_470' title='bbox 1953 3214 2055 3269; x_wconf 81' lang='lat' dir='ltr'><strong>im-</strong></span> <span class='ocrx_word' id='word_1_471' title='bbox 2079 3193 2130 3258; x_wconf 73' lang='grc' dir='ltr'><strong>ὓ</strong></span> <span class='ocrx_word' id='word_1_472' title='bbox 2161 3206 2317 3262; x_wconf 82' lang='lat' dir='ltr'><strong>l’atre</strong></span> <span class='ocrx_word' id='word_1_473' title='bbox 2343 3207 2744 3270; x_wconf 76' lang='lat' dir='ltr'><strong>haereditandus</strong></span> <span class='ocrx_word' id='word_1_474' title='bbox 2767 3211 2821 3265; x_wconf 89' lang='lat' dir='ltr'><strong>in</strong></span> <span class='ocrx_word' id='word_1_475' title='bbox 2843 3212 3090 3266; x_wconf 86' lang='lat' dir='ltr'><strong>omnibus</strong></span> <span class='ocrx_word' id='word_1_476' title='bbox 3112 3211 3378 3281; x_wconf 83' lang='lat' dir='ltr'><strong>gentibus,</strong></span> <span class='ocrx_word' id='word_1_477' title='bbox 3410 3212 3611 3268; x_wconf 71' lang='lat' dir='ltr'><strong>divina:</strong></span> <span class='ocrx_word' id='word_1_478' title='bbox 3631 3228 3747 3266; x_wconf 82' lang='lat' dir='ltr'><strong>ma-</strong></span> 
     </span>
    </p>
   </div>
   <div class='ocr_carea' id='block_1_64' title="bbox 479 3301 2054 3373">
    <p class='ocr_par' dir='ltr' id='par_1_64' title="bbox 479 3301 2054 3373">
     <span class='ocr_line' id='line_1_64' title="bbox 479 3301 2054 3373; baseline 0.006 -19"><span class='ocrx_word' id='word_1_479' title='bbox 479 3301 734 3354; x_wconf 88' lang='lat' dir='ltr'><strong>mundum</strong></span> <span class='ocrx_word' id='word_1_480' title='bbox 783 3309 836 3354; x_wconf 89' lang='lat' dir='ltr'><strong>et</strong></span> <span class='ocrx_word' id='word_1_481' title='bbox 893 3301 1156 3356; x_wconf 85' lang='lat' dir='ltr'><strong>lubricum</strong></span> <span class='ocrx_word' id='word_1_482' title='bbox 1213 3302 1493 3368; x_wconf 80' lang='lat' dir='ltr'><strong>impolluto</strong></span> <span class='ocrx_word' id='word_1_483' title='bbox 1525 3305 1660 3360; x_wconf 89' lang='lat' dir='ltr'><strong>calle</strong></span> <span class='ocrx_word' id='word_1_484' title='bbox 1694 3307 1958 3373; x_wconf 87' lang='lat' dir='ltr'><strong>transisti,</strong></span> <span class='ocrx_word' id='word_1_485' title='bbox 1997 3315 2054 3363; x_wconf 80' lang='lat' dir='ltr'><strong>et</strong></span> 
     </span>
    </p>
   </div>
   <div class='ocr_carea' id='block_1_65' title="bbox 476 3390 2051 3460">
    <p class='ocr_par' dir='ltr' id='par_1_65' title="bbox 476 3390 2051 3460">
     <span class='ocr_line' id='line_1_65' title="bbox 476 3390 2051 3460; baseline 0.005 -16"><span class='ocrx_word' id='word_1_486' title='bbox 476 3390 650 3446; x_wconf 86' lang='lat' dir='ltr'><strong>adhuc</strong></span> <span class='ocrx_word' id='word_1_487' title='bbox 672 3391 814 3445; x_wconf 90' lang='lat' dir='ltr'><strong>inter</strong></span> <span class='ocrx_word' id='word_1_488' title='bbox 846 3404 1152 3459; x_wconf 83' lang='lat' dir='ltr'><strong>peccatores</strong></span> <span class='ocrx_word' id='word_1_489' title='bbox 1175 3395 1398 3460; x_wconf 67' lang='lat' dir='ltr'><strong>degens,</strong></span> <span class='ocrx_word' id='word_1_490' title='bbox 1424 3405 1564 3449; x_wconf 86' lang='lat' dir='ltr'><strong>tanta</strong></span> <span class='ocrx_word' id='word_1_491' title='bbox 1589 3406 1712 3451; x_wconf 86' lang='lat' dir='ltr'><strong>ante</strong></span> <span class='ocrx_word' id='word_1_492' title='bbox 1739 3396 1907 3452; x_wconf 80' lang='lat' dir='ltr'><strong>Deum</strong></span> <span class='ocrx_word' id='word_1_493' title='bbox 1927 3413 2051 3452; x_wconf 88' lang='lat' dir='ltr'><strong>san-</strong></span> 
     </span>
    </p>
   </div>
   <div class='ocr_carea' id='block_1_66' title="bbox 477 3482 2052 3556">
    <p class='ocr_par' dir='ltr' id='par_1_66' title="bbox 477 3482 2052 3556">
     <span class='ocr_line' id='line_1_66' title="bbox 477 3482 2052 3556; baseline 0.005 -21"><span class='ocrx_word' id='word_1_494' title='bbox 477 3482 664 3544; x_wconf 82' lang='lat' dir='ltr'><strong>ctitate</strong></span> <span class='ocrx_word' id='word_1_495' title='bbox 694 3482 948 3546; x_wconf 83' lang='lat' dir='ltr'><strong>claruisti,</strong></span> <span class='ocrx_word' id='word_1_496' title='bbox 982 3493 1036 3538; x_wconf 93' lang='lat' dir='ltr'><strong>ut</strong></span> <span class='ocrx_word' id='word_1_497' title='bbox 1068 3486 1184 3540; x_wconf 86' lang='lat' dir='ltr'><strong>sola</strong></span> <span class='ocrx_word' id='word_1_498' title='bbox 1216 3486 1350 3538; x_wconf 84' lang='lat' dir='ltr'><strong>solio</strong></span> <span class='ocrx_word' id='word_1_499' title='bbox 1395 3485 1582 3540; x_wconf 84' lang='lat' dir='ltr'><strong>a-tertti</strong></span> <span class='ocrx_word' id='word_1_500' title='bbox 1636 3490 1773 3556; x_wconf 83' lang='lat' dir='ltr'><strong>regis</strong></span> <span class='ocrx_word' id='word_1_501' title='bbox 1799 3489 2052 3556; x_wconf 74' lang='lat' dir='ltr'><strong>approxi-</strong></span> 
     </span>
    </p>
   </div>
   <div class='ocr_carea' id='block_1_67' title="bbox 479 3577 2048 3646">
    <p class='ocr_par' dir='ltr' id='par_1_67' title="bbox 479 3577 2048 3646">
     <span class='ocr_line' id='line_1_67' title="bbox 479 3577 2048 3646; baseline 0.003 -15"><span class='ocrx_word' id='word_1_502' title='bbox 479 3590 630 3631; x_wconf 86' lang='lat' dir='ltr'><strong>mare</strong></span> <span class='ocrx_word' id='word_1_503' title='bbox 666 3577 946 3631; x_wconf 86' lang='lat' dir='ltr'><strong>merueris.</strong></span> <span class='ocrx_word' id='word_1_504' title='bbox 999 3577 1078 3630; x_wconf 91' lang='lat' dir='ltr'><strong>&#39;l‘u</strong></span> <span class='ocrx_word' id='word_1_505' title='bbox 1109 3585 1437 3644; x_wconf 86' lang='lat' dir='ltr'><strong>peccatoreut</strong></span> <span class='ocrx_word' id='word_1_506' title='bbox 1480 3580 1870 3646; x_wconf 86' lang='lat' dir='ltr'><strong>quantumlibet</strong></span> <span class='ocrx_word' id='word_1_507' title='bbox 1922 3580 2048 3636; x_wconf 40' lang='lat' dir='ltr'><strong>leti,</strong></span> 
     </span>
    </p>
   </div>
   <div class='ocr_carea' id='block_1_68' title="bbox 477 3668 2046 3743">
    <p class='ocr_par' dir='ltr' id='par_1_68' title="bbox 477 3668 2046 3743">
     <span class='ocr_line' id='line_1_68' title="bbox 477 3668 2046 3743; baseline 0.001 -19"><span class='ocrx_word' id='word_1_508' title='bbox 477 3669 603 3724; x_wconf 88' lang='lat' dir='ltr'><strong>dum</strong></span> <span class='ocrx_word' id='word_1_509' title='bbox 629 3683 732 3723; x_wconf 91' lang='lat' dir='ltr'><strong>non</strong></span> <span class='ocrx_word' id='word_1_510' title='bbox 758 3669 964 3734; x_wconf 85' lang='lat' dir='ltr'><strong>horres,</strong></span> <span class='ocrx_word' id='word_1_511' title='bbox 996 3684 1104 3722; x_wconf 89' lang='lat' dir='ltr'><strong>non</strong></span> <span class='ocrx_word' id='word_1_512' title='bbox 1126 3668 1379 3739; x_wconf 88' lang='lat' dir='ltr'><strong>despicis,</strong></span> <span class='ocrx_word' id='word_1_513' title='bbox 1412 3672 1456 3725; x_wconf 88' lang='lat' dir='ltr'><strong>si</strong></span> <span class='ocrx_word' id='word_1_514' title='bbox 1488 3673 1554 3725; x_wconf 87' lang='lat' dir='ltr'><strong>ad</strong></span> <span class='ocrx_word' id='word_1_515' title='bbox 1584 3681 1635 3726; x_wconf 89' lang='lat' dir='ltr'><strong>te</strong></span> <span class='ocrx_word' id='word_1_516' title='bbox 1669 3672 2046 3743; x_wconf 88' lang='lat' dir='ltr'><strong>suspiraverit,</strong></span> 
     </span>
    </p>
   </div>
   <div class='ocr_carea' id='block_1_69' title="bbox 481 3760 2049 3835">
    <p class='ocr_par' dir='ltr' id='par_1_69' title="bbox 481 3760 2049 3835">
     <span class='ocr_line' id='line_1_69' title="bbox 481 3760 2049 3835; baseline 0.003 -20"><span class='ocrx_word' id='word_1_517' title='bbox 481 3772 735 3828; x_wconf 88' lang='lat' dir='ltr'><strong>tuumque</strong></span> <span class='ocrx_word' id='word_1_518' title='bbox 764 3760 1117 3817; x_wconf 83' lang='lat' dir='ltr'><strong>interventum</strong></span> <span class='ocrx_word' id='word_1_519' title='bbox 1169 3763 1447 3830; x_wconf 73' lang='lat' dir='ltr'><strong>ptenitenti</strong></span> <span class='ocrx_word' id='word_1_520' title='bbox 1500 3765 1664 3819; x_wconf 85' lang='lat' dir='ltr'><strong>corde</strong></span> <span class='ocrx_word' id='word_1_521' title='bbox 1709 3765 2049 3835; x_wconf 72' lang='lat' dir='ltr'><strong>“agitaverit.</strong></span> 
     </span>
    </p>
   </div>
   <div class='ocr_carea' id='block_1_70' title="bbox 405 3849 2048 3926">
    <p class='ocr_par' dir='ltr' id='par_1_70' title="bbox 405 3849 2048 3926">
     <span class='ocr_line' id='line_1_70' title="bbox 405 3849 2048 3926; baseline 0.005 -20"><span class='ocrx_word' id='word_1_522' title='bbox 405 3849 408 3852; x_wconf 79' lang='grc'><em>’</em></span> <span class='ocrx_word' id='word_1_523' title='bbox 478 3851 556 3908; x_wconf 91' lang='lat' dir='ltr'><strong>Tu</strong></span> <span class='ocrx_word' id='word_1_524' title='bbox 587 3851 734 3908; x_wconf 84' lang='lat' dir='ltr'><strong>illum</strong></span> <span class='ocrx_word' id='word_1_525' title='bbox 759 3869 788 3908; x_wconf 82' lang='lat' dir='ltr'><strong>a</strong></span> <span class='ocrx_word' id='word_1_526' title='bbox 818 3854 1206 3922; x_wconf 77' lang='lat' dir='ltr'><strong>deSperationis</strong></span> <span class='ocrx_word' id='word_1_527' title='bbox 1234 3856 1489 3910; x_wconf 84' lang='lat' dir='ltr'><strong>barathro</strong></span> <span class='ocrx_word' id='word_1_528' title='bbox 1543 3861 1629 3926; x_wconf 87' lang='lat' dir='ltr'><strong>pia</strong></span> <span class='ocrx_word' id='word_1_529' title='bbox 1672 3876 1830 3913; x_wconf 88' lang='lat' dir='ltr'><strong>manu</strong></span> <span class='ocrx_word' id='word_1_530' title='bbox 1875 3871 2048 3916; x_wconf 86' lang='lat' dir='ltr'><strong>retra-</strong></span> 
     </span>
    </p>
   </div>
   <div class='ocr_carea' id='block_1_71' title="bbox 477 3946 2049 4019">
    <p class='ocr_par' dir='ltr' id='par_1_71' title="bbox 477 3946 2049 4019">
     <span class='ocr_line' id='line_1_71' title="bbox 477 3946 2049 4019; baseline 0.005 -21"><span class='ocrx_word' id='word_1_531' title='bbox 477 3946 584 4012; x_wconf 86' lang='lat' dir='ltr'><strong>his,</strong></span> <span class='ocrx_word' id='word_1_532' title='bbox 609 3947 723 4017; x_wconf 85' lang='lat' dir='ltr'><strong>spei</strong></span> <span class='ocrx_word' id='word_1_533' title='bbox 756 3948 1099 4002; x_wconf 81' lang='lat' dir='ltr'><strong>medicamen</strong></span> <span class='ocrx_word' id='word_1_534' title='bbox 1143 3949 1369 4014; x_wconf 82' lang='lat' dir='ltr'><strong>aspiras,</strong></span> <span class='ocrx_word' id='word_1_535' title='bbox 1415 3963 1478 4002; x_wconf 88' lang='lat' dir='ltr'><strong>ac</strong></span> <span class='ocrx_word' id='word_1_536' title='bbox 1509 3951 1603 4003; x_wconf 91' lang='lat' dir='ltr'><strong>toti</strong></span> <span class='ocrx_word' id='word_1_537' title='bbox 1635 3951 1832 4005; x_wconf 90' lang='lat' dir='ltr'><strong>mundo</strong></span> <span class='ocrx_word' id='word_1_538' title='bbox 1855 3952 2049 4019; x_wconf 86' lang='lat' dir='ltr'><strong>despe-</strong></span> 
     </span>
    </p>
   </div>
   <div class='ocr_carea' id='block_1_72' title="bbox 472 4036 2046 4106">
    <p class='ocr_par' dir='ltr' id='par_1_72' title="bbox 472 4036 2046 4106">
     <span class='ocr_line' id='line_1_72' title="bbox 472 4036 2046 4106; baseline 0.003 -14"><span class='ocrx_word' id='word_1_539' title='bbox 472 4048 613 4094; x_wconf 91' lang='lat' dir='ltr'><strong>ctum</strong></span> <span class='ocrx_word' id='word_1_540' title='bbox 643 4048 888 4094; x_wconf 86' lang='lat' dir='ltr'><strong>materno</strong></span> <span class='ocrx_word' id='word_1_541' title='bbox 919 4036 1112 4092; x_wconf 84' lang='lat' dir='ltr'><strong>aﬂ&#39;ectu</strong></span> <span class='ocrx_word' id='word_1_542' title='bbox 1141 4039 1494 4106; x_wconf 84' lang='lat' dir='ltr'><strong>amplecteris,</strong></span> <span class='ocrx_word' id='word_1_543' title='bbox 1551 4037 1721 4105; x_wconf 80' lang='lat' dir='ltr'><strong>foves,</strong></span> <span class='ocrx_word' id='word_1_544' title='bbox 1755 4055 1855 4093; x_wconf 91' lang='lat' dir='ltr'><strong>nec</strong></span> <span class='ocrx_word' id='word_1_545' title='bbox 1886 4043 2046 4096; x_wconf 88' lang='lat' dir='ltr'><strong>dese-</strong></span> 
     </span>
    </p>
   </div>
   <div class='ocr_carea' id='block_1_73' title="bbox 472 4129 2044 4200">
    <p class='ocr_par' dir='ltr' id='par_1_73' title="bbox 472 4129 2044 4200">
     <span class='ocr_line' id='line_1_73' title="bbox 472 4129 2044 4200; baseline 0.003 -16"><span class='ocrx_word' id='word_1_546' title='bbox 472 4130 567 4194; x_wconf 89' lang='lat' dir='ltr'><strong>ris,</strong></span> <span class='ocrx_word' id='word_1_547' title='bbox 595 4145 869 4200; x_wconf 84' lang='lat' dir='ltr'><strong>quousque</strong></span> <span class='ocrx_word' id='word_1_548' title='bbox 895 4130 1162 4188; x_wconf 87' lang='lat' dir='ltr'><strong>horrendo</strong></span> <span class='ocrx_word' id='word_1_549' title='bbox 1197 4129 1359 4199; x_wconf 88' lang='lat' dir='ltr'><strong>judici</strong></span> <span class='ocrx_word' id='word_1_550' title='bbox 1399 4131 1652 4186; x_wconf 90' lang='lat' dir='ltr'><strong>miserum</strong></span> <span class='ocrx_word' id='word_1_551' title='bbox 1702 4133 2044 4190; x_wconf 89' lang='lat' dir='ltr'><strong>reconcilies.</strong></span> 
     </span>
    </p>
   </div>
   <div class='ocr_carea' id='block_1_74' title="bbox 475 4225 2050 4298">
    <p class='ocr_par' dir='ltr' id='par_1_74' title="bbox 475 4225 2050 4298">
     <span class='ocr_line' id='line_1_74' title="bbox 475 4225 2050 4298; baseline 0.004 -18"><span class='ocrx_word' id='word_1_552' title='bbox 475 4225 762 4282; x_wconf 84' lang='lat' dir='ltr'><strong>Famosum</strong></span> <span class='ocrx_word' id='word_1_553' title='bbox 805 4226 964 4298; x_wconf 84' lang='lat' dir='ltr'><strong>hujus</strong></span> <span class='ocrx_word' id='word_1_554' title='bbox 1009 4239 1112 4282; x_wconf 66' lang='lat' dir='ltr'><strong>tua:</strong></span> <span class='ocrx_word' id='word_1_555' title='bbox 1163 4229 1504 4296; x_wconf 85' lang='lat' dir='ltr'><strong>benignitatis</strong></span> <span class='ocrx_word' id='word_1_556' title='bbox 1554 4229 1921 4286; x_wconf 87' lang='lat' dir='ltr'><strong>testimonium</strong></span> <span class='ocrx_word' id='word_1_557' title='bbox 1964 4239 2050 4286; x_wconf 87' lang='lat' dir='ltr'><strong>est</strong></span> 
     </span>
    </p>
   </div>
   <div class='ocr_carea' id='block_1_75' title="bbox 476 4319 2048 4390">
    <p class='ocr_par' dir='ltr' id='par_1_75' title="bbox 476 4319 2048 4390">
     <span class='ocr_line' id='line_1_75' title="bbox 476 4319 2048 4390; baseline 0.006 -23"><span class='ocrx_word' id='word_1_558' title='bbox 476 4333 569 4384; x_wconf 83' lang='lat' dir='ltr'><strong>per</strong></span> <span class='ocrx_word' id='word_1_559' title='bbox 595 4329 646 4372; x_wconf 88' lang='lat' dir='ltr'><strong>te</strong></span> <span class='ocrx_word' id='word_1_560' title='bbox 671 4328 1000 4375; x_wconf 88' lang='lat' dir='ltr'><strong>restauratus</strong></span> <span class='ocrx_word' id='word_1_561' title='bbox 1019 4320 1199 4388; x_wconf 71' lang='lat' dir='ltr'><strong>gratim</strong></span> <span class='ocrx_word' id='word_1_562' title='bbox 1220 4319 1562 4390; x_wconf 82' lang='lat' dir='ltr'><strong>TlteOphilus.</strong></span> <span class='ocrx_word' id='word_1_563' title='bbox 1613 4319 1724 4376; x_wconf 85' lang='lat' dir='ltr'><strong>Nec</strong></span> <span class='ocrx_word' id='word_1_564' title='bbox 1757 4324 1985 4386; x_wconf 90' lang='lat' dir='ltr'><strong>mirum,</strong></span> <span class='ocrx_word' id='word_1_565' title='bbox 2012 4338 2048 4376; x_wconf 92' lang='lat' dir='ltr'><strong>o</strong></span> 
     </span>
    </p>
   </div>
   <div class='ocr_carea' id='block_1_76' title="bbox 477 4408 2043 4481">
    <p class='ocr_par' dir='ltr' id='par_1_76' title="bbox 477 4408 2043 4481">
     <span class='ocr_line' id='line_1_76' title="bbox 477 4408 2043 4481; baseline 0.006 -20"><span class='ocrx_word' id='word_1_566' title='bbox 477 4408 714 4472; x_wconf 87' lang='lat' dir='ltr'><strong>domina,</strong></span> <span class='ocrx_word' id='word_1_567' title='bbox 735 4412 780 4468; x_wconf 87' lang='lat' dir='ltr'><strong>si</strong></span> <span class='ocrx_word' id='word_1_568' title='bbox 807 4419 914 4465; x_wconf 89' lang='lat' dir='ltr'><strong>tam</strong></span> <span class='ocrx_word' id='word_1_569' title='bbox 937 4413 1154 4481; x_wconf 84' lang='lat' dir='ltr'><strong>cepioso</strong></span> <span class='ocrx_word' id='word_1_570' title='bbox 1177 4413 1557 4468; x_wconf 66' lang='lat' dir='ltr'><strong>misericordia</strong></span> <span class='ocrx_word' id='word_1_571' title='bbox 1591 4414 1728 4478; x_wconf 90' lang='lat' dir='ltr'><strong>oleo,</strong></span> <span class='ocrx_word' id='word_1_572' title='bbox 1760 4415 1832 4468; x_wconf 90' lang='lat' dir='ltr'><strong>tui</strong></span> <span class='ocrx_word' id='word_1_573' title='bbox 1864 4415 2043 4470; x_wconf 90' lang='lat' dir='ltr'><strong>cordis</strong></span> 
     </span>
    </p>
   </div>
   <div class='ocr_carea' id='block_1_77' title="bbox 474 4499 2044 4571">
    <p class='ocr_par' dir='ltr' id='par_1_77' title="bbox 474 4499 2044 4571">
     <span class='ocr_line' id='line_1_77' title="bbox 474 4499 2044 4571; baseline 0.006 -21"><span class='ocrx_word' id='word_1_574' title='bbox 474 4499 742 4564; x_wconf 78' lang='lat' dir='ltr'><strong>perfusum</strong></span> <span class='ocrx_word' id='word_1_575' title='bbox 773 4509 858 4553; x_wconf 89' lang='lat' dir='ltr'><strong>est</strong></span> <span class='ocrx_word' id='word_1_576' title='bbox 905 4505 1286 4571; x_wconf 78' lang='lat' dir='ltr'><strong>sanctuarium,</strong></span> <span class='ocrx_word' id='word_1_577' title='bbox 1317 4519 1440 4559; x_wconf 89' lang='lat' dir='ltr'><strong>cum</strong></span> <span class='ocrx_word' id='word_1_578' title='bbox 1488 4505 1616 4560; x_wconf 90' lang='lat' dir='ltr'><strong>illud</strong></span> <span class='ocrx_word' id='word_1_579' title='bbox 1670 4506 2044 4561; x_wconf 61' lang='lat' dir='ltr'><strong>inaestimabile</strong></span> 
     </span>
    </p>
   </div>
   <div class='ocr_carea' id='block_1_78' title="bbox 469 4589 2043 4663">
    <p class='ocr_par' dir='ltr' id='par_1_78' title="bbox 469 4589 2043 4663">
     <span class='ocr_line' id='line_1_78' title="bbox 469 4589 2043 4663; baseline 0.008 -24"><span class='ocrx_word' id='word_1_580' title='bbox 469 4601 603 4655; x_wconf 91' lang='lat' dir='ltr'><strong>opus</strong></span> <span class='ocrx_word' id='word_1_581' title='bbox 660 4589 1064 4660; x_wconf 81' lang='lat' dir='ltr'><strong>misericordiae,</strong></span> <span class='ocrx_word' id='word_1_582' title='bbox 1102 4594 1243 4662; x_wconf 90' lang='lat' dir='ltr'><strong>quod</strong></span> <span class='ocrx_word' id='word_1_583' title='bbox 1289 4596 1686 4663; x_wconf 81' lang='lat' dir='ltr'><strong>praedestinavit</strong></span> <span class='ocrx_word' id='word_1_584' title='bbox 1725 4597 1864 4652; x_wconf 86' lang='lat' dir='ltr'><strong>Deus</strong></span> <span class='ocrx_word' id='word_1_585' title='bbox 1919 4609 2043 4652; x_wconf 89' lang='lat' dir='ltr'><strong>ante</strong></span> 
     </span>
    </p>
   </div>
   <div class='ocr_carea' id='block_1_79' title="bbox 465 4677 2042 4756">
    <p class='ocr_par' dir='ltr' id='par_1_79' title="bbox 465 4677 2042 4756">
     <span class='ocr_line' id='line_1_79' title="bbox 465 4677 2042 4756; baseline 0.007 -23"><span class='ocrx_word' id='word_1_586' title='bbox 465 4677 660 4733; x_wconf 67' lang='lat' dir='ltr'><strong>saecula</strong></span> <span class='ocrx_word' id='word_1_587' title='bbox 693 4678 748 4734; x_wconf 93' lang='lat' dir='ltr'><strong>in</strong></span> <span class='ocrx_word' id='word_1_588' title='bbox 780 4681 1201 4752; x_wconf 84' lang='lat' dir='ltr'><strong>redemptionem</strong></span> <span class='ocrx_word' id='word_1_589' title='bbox 1253 4697 1510 4754; x_wconf 79' lang='lat' dir='ltr'><strong>ttoSlrnm,</strong></span> <span class='ocrx_word' id='word_1_590' title='bbox 1565 4689 1791 4756; x_wconf 78' lang='lat' dir='ltr'><strong>primunt</strong></span> <span class='ocrx_word' id='word_1_591' title='bbox 1842 4689 1896 4742; x_wconf 91' lang='lat' dir='ltr'><strong>itt</strong></span> <span class='ocrx_word' id='word_1_592' title='bbox 1927 4697 1980 4743; x_wconf 90' lang='lat' dir='ltr'><strong>te</strong></span> <span class='ocrx_word' id='word_1_593' title='bbox 2009 4704 2042 4744; x_wconf 90' lang='lat' dir='ltr'><strong>a</strong></span> 
     </span>
    </p>
   </div>
   <div class='ocr_carea' id='block_1_80' title="bbox 469 4769 2042 4846">
    <p class='ocr_par' dir='ltr' id='par_1_80' title="bbox 469 4769 2042 4846">
     <span class='ocr_line' id='line_1_80' title="bbox 469 4769 2042 4846; baseline 0.006 -24"><span class='ocrx_word' id='word_1_594' title='bbox 469 4769 657 4824; x_wconf 87' lang='lat' dir='ltr'><strong>tttundi</strong></span> <span class='ocrx_word' id='word_1_595' title='bbox 690 4770 893 4828; x_wconf 87' lang='lat' dir='ltr'><strong>artiﬁce</strong></span> <span class='ocrx_word' id='word_1_596' title='bbox 921 4773 1233 4830; x_wconf 79' lang='lat' dir='ltr'><strong>fabricatum</strong></span> <span class='ocrx_word' id='word_1_597' title='bbox 1257 4777 1341 4832; x_wconf 89' lang='lat' dir='ltr'><strong>sit.</strong></span> <span class='ocrx_word' id='word_1_598' title='bbox 1385 4778 1608 4844; x_wconf 82' lang='lat' dir='ltr'><strong>Quando</strong></span> <span class='ocrx_word' id='word_1_599' title='bbox 1638 4779 1779 4832; x_wconf 89' lang='lat' dir='ltr'><strong>enim</strong></span> <span class='ocrx_word' id='word_1_600' title='bbox 1802 4780 2042 4846; x_wconf 85' lang='lat' dir='ltr'><strong>compla-</strong></span> 
     </span>
    </p>
   </div>
   <div class='ocr_carea' id='block_1_81' title="bbox 463 4858 2041 4937">
    <p class='ocr_par' dir='ltr' id='par_1_81' title="bbox 463 4858 2041 4937">
     <span class='ocr_line' id='line_1_81' title="bbox 463 4858 2041 4937; baseline 0.007 -23"><span class='ocrx_word' id='word_1_601' title='bbox 463 4858 572 4924; x_wconf 83' lang='lat' dir='ltr'><strong>cuit</strong></span> <span class='ocrx_word' id='word_1_602' title='bbox 599 4864 780 4932; x_wconf 74' lang='lat' dir='ltr'><strong>gratia:</strong></span> <span class='ocrx_word' id='word_1_603' title='bbox 814 4879 1084 4935; x_wconf 80' lang='lat' dir='ltr'><strong>supernae,</strong></span> <span class='ocrx_word' id='word_1_604' title='bbox 1115 4878 1172 4922; x_wconf 91' lang='lat' dir='ltr'><strong>ut</strong></span> <span class='ocrx_word' id='word_1_605' title='bbox 1202 4868 1464 4924; x_wconf 87' lang='lat' dir='ltr'><strong>habitaret</strong></span> <span class='ocrx_word' id='word_1_606' title='bbox 1493 4871 1543 4924; x_wconf 90' lang='lat' dir='ltr'><strong>in</strong></span> <span class='ocrx_word' id='word_1_607' title='bbox 1585 4869 1759 4934; x_wconf 85' lang='lat' dir='ltr'><strong>nobis,</strong></span> <span class='ocrx_word' id='word_1_608' title='bbox 1791 4884 1822 4922; x_wconf 91' lang='lat' dir='ltr'><strong>a</strong></span> <span class='ocrx_word' id='word_1_609' title='bbox 1850 4868 2041 4937; x_wconf 88' lang='lat' dir='ltr'><strong>quibus</strong></span> 
     </span>
    </p>
   </div>
   <div class='ocr_carea' id='block_1_82' title="bbox 461 4952 2038 5032">
    <p class='ocr_par' dir='ltr' id='par_1_82' title="bbox 461 4952 2038 5032">
     <span class='ocr_line' id='line_1_82' title="bbox 461 4952 2038 5032; baseline 0.006 -25"><span class='ocrx_word' id='word_1_610' title='bbox 461 4952 552 5032; x_wconf 85' lang='lat' dir='ltr'><strong>diu</strong></span> <span class='ocrx_word' id='word_1_611' title='bbox 577 4954 822 5028; x_wconf 85' lang='lat' dir='ltr'><strong>elongata</strong></span> <span class='ocrx_word' id='word_1_612' title='bbox 853 4957 1050 5023; x_wconf 83' lang='lat' dir='ltr'><strong>fuerat,</strong></span> <span class='ocrx_word' id='word_1_613' title='bbox 1081 4969 1136 5012; x_wconf 89' lang='lat' dir='ltr'><strong>tu</strong></span> <span class='ocrx_word' id='word_1_614' title='bbox 1183 4961 1477 5031; x_wconf 78' lang='lat' dir='ltr'><strong>soladigna</strong></span> <span class='ocrx_word' id='word_1_615' title='bbox 1509 4960 1723 5014; x_wconf 88' lang='lat' dir='ltr'><strong>inventa</strong></span> <span class='ocrx_word' id='word_1_616' title='bbox 1767 4973 1848 5024; x_wconf 85' lang='lat' dir='ltr'><strong>es,</strong></span> <span class='ocrx_word' id='word_1_617' title='bbox 1883 4969 1937 5012; x_wconf 91' lang='lat' dir='ltr'><strong>ut</strong></span> <span class='ocrx_word' id='word_1_618' title='bbox 1986 4961 2038 5016; x_wconf 87' lang='lat' dir='ltr'><strong>in</strong></span> 
     </span>
    </p>
   </div>
   <div class='ocr_carea' id='block_1_83' title="bbox 464 5045 2038 5120">
    <p class='ocr_par' dir='ltr' id='par_1_83' title="bbox 464 5045 2038 5120">
     <span class='ocr_line' id='line_1_83' title="bbox 464 5045 2038 5120; baseline 0.004 -21"><span class='ocrx_word' id='word_1_619' title='bbox 464 5052 552 5099; x_wconf 82' lang='lat' dir='ltr'><strong>tua</strong></span> <span class='ocrx_word' id='word_1_620' title='bbox 585 5045 827 5115; x_wconf 80' lang='lat' dir='ltr'><strong>virginali</strong></span> <span class='ocrx_word' id='word_1_621' title='bbox 852 5050 971 5102; x_wconf 92' lang='lat' dir='ltr'><strong>aula</strong></span> <span class='ocrx_word' id='word_1_622' title='bbox 1005 5049 1116 5103; x_wconf 85' lang='lat' dir='ltr'><strong>Rex</strong></span> <span class='ocrx_word' id='word_1_623' title='bbox 1172 5066 1354 5118; x_wconf 89' lang='lat' dir='ltr'><strong>regum</strong></span> <span class='ocrx_word' id='word_1_624' title='bbox 1383 5059 1439 5103; x_wconf 90' lang='lat' dir='ltr'><strong>et</strong></span> <span class='ocrx_word' id='word_1_625' title='bbox 1471 5051 1726 5120; x_wconf 84' lang='lat' dir='ltr'><strong>Dominus</strong></span> <span class='ocrx_word' id='word_1_626' title='bbox 1755 5051 2038 5106; x_wconf 87' lang='lat' dir='ltr'><strong>dominan-</strong></span> 
     </span>
    </p>
   </div>
   <div class='ocr_carea' id='block_1_84' title="bbox 465 5137 2036 5209">
    <p class='ocr_par' dir='ltr' id='par_1_84' title="bbox 465 5137 2036 5209">
     <span class='ocr_line' id='line_1_84' title="bbox 465 5137 2036 5209; baseline 0.005 -19"><span class='ocrx_word' id='word_1_627' title='bbox 465 5137 591 5190; x_wconf 89' lang='lat' dir='ltr'><strong>tium</strong></span> <span class='ocrx_word' id='word_1_628' title='bbox 615 5140 644 5190; x_wconf 84' lang='lat' dir='ltr'><strong>a</strong></span> <span class='ocrx_word' id='word_1_629' title='bbox 672 5139 940 5208; x_wconf 84' lang='lat' dir='ltr'><strong>regalibus</strong></span> <span class='ocrx_word' id='word_1_630' title='bbox 964 5141 1180 5195; x_wconf 90' lang='lat' dir='ltr'><strong>sedibus</strong></span> <span class='ocrx_word' id='word_1_631' title='bbox 1212 5142 1450 5204; x_wconf 82' lang='lat' dir='ltr'><strong>veniens,</strong></span> <span class='ocrx_word' id='word_1_632' title='bbox 1483 5142 1706 5209; x_wconf 86' lang='lat' dir='ltr'><strong>primaut</strong></span> <span class='ocrx_word' id='word_1_633' title='bbox 1746 5144 1846 5198; x_wconf 89' lang='lat' dir='ltr'><strong>sibi</strong></span> <span class='ocrx_word' id='word_1_634' title='bbox 1884 5159 2036 5198; x_wconf 81' lang='lat' dir='ltr'><strong>man-</strong></span> 
     </span>
    </p>
   </div>
   <div class='ocr_carea' id='block_1_85' title="bbox 464 5229 2036 5310">
    <p class='ocr_par' dir='ltr' id='par_1_85' title="bbox 464 5229 2036 5310">
     <span class='ocr_line' id='line_1_85' title="bbox 464 5229 2036 5310; baseline 0.003 -26"><span class='ocrx_word' id='word_1_635' title='bbox 464 5230 668 5284; x_wconf 87' lang='lat' dir='ltr'><strong>sionem</strong></span> <span class='ocrx_word' id='word_1_636' title='bbox 700 5229 837 5310; x_wconf 76' lang='lat' dir='ltr'><strong>inter</strong></span> <span class='ocrx_word' id='word_1_637' title='bbox 870 5232 1005 5284; x_wconf 86' lang='lat' dir='ltr'><strong>ﬁlios</strong></span> <span class='ocrx_word' id='word_1_638' title='bbox 1037 5230 1312 5285; x_wconf 90' lang='lat' dir='ltr'><strong>hominum</strong></span> <span class='ocrx_word' id='word_1_639' title='bbox 1344 5233 1582 5301; x_wconf 88' lang='lat' dir='ltr'><strong>eligeret.</strong></span> <span class='ocrx_word' id='word_1_640' title='bbox 1627 5232 1761 5288; x_wconf 88' lang='lat' dir='ltr'><strong>Vere</strong></span> <span class='ocrx_word' id='word_1_641' title='bbox 1786 5235 2036 5304; x_wconf 87' lang='lat' dir='ltr'><strong>benepla-</strong></span> 
     </span>
    </p>
   </div>
   <div class='ocr_carea' id='block_1_86' title="bbox 437 5320 2037 5395">
    <p class='ocr_par' dir='ltr' id='par_1_86' title="bbox 437 5320 2037 5395">
     <span class='ocr_line' id='line_1_86' title="bbox 437 5320 2037 5395; baseline 0.006 -21"><span class='ocrx_word' id='word_1_642' title='bbox 437 5321 626 5374; x_wconf 84' lang='lat' dir='ltr'><strong>citum</strong></span> <span class='ocrx_word' id='word_1_643' title='bbox 653 5330 768 5374; x_wconf 89' lang='lat' dir='ltr'><strong>erat</strong></span> <span class='ocrx_word' id='word_1_644' title='bbox 794 5320 905 5374; x_wconf 88' lang='lat' dir='ltr'><strong>Deo</strong></span> <span class='ocrx_word' id='word_1_645' title='bbox 923 5321 1161 5377; x_wconf 89' lang='lat' dir='ltr'><strong>habitare</strong></span> <span class='ocrx_word' id='word_1_646' title='bbox 1176 5323 1227 5376; x_wconf 91' lang='lat' dir='ltr'><strong>in</strong></span> <span class='ocrx_word' id='word_1_647' title='bbox 1251 5333 1321 5388; x_wconf 88' lang='lat' dir='ltr'><strong>te,</strong></span> <span class='ocrx_word' id='word_1_648' title='bbox 1350 5325 1562 5393; x_wconf 89' lang='lat' dir='ltr'><strong>quando</strong></span> <span class='ocrx_word' id='word_1_649' title='bbox 1588 5340 1652 5380; x_wconf 86' lang='lat' dir='ltr'><strong>ex</strong></span> <span class='ocrx_word' id='word_1_650' title='bbox 1679 5327 1792 5395; x_wconf 87' lang='lat' dir='ltr'><strong>ipsa</strong></span> <span class='ocrx_word' id='word_1_651' title='bbox 1823 5329 2037 5383; x_wconf 70' lang='lat' dir='ltr'><strong>illibata:</strong></span> 
     </span>
    </p>
   </div>
   <div class='ocr_carea' id='block_1_87' title="bbox 464 5411 2035 5481">
    <p class='ocr_par' dir='ltr' id='par_1_87' title="bbox 464 5411 2035 5481">
     <span class='ocr_line' id='line_1_87' title="bbox 464 5411 2035 5481; baseline 0.004 -18"><span class='ocrx_word' id='word_1_652' title='bbox 464 5414 644 5464; x_wconf 89' lang='lat' dir='ltr'><strong>carnis</strong></span> <span class='ocrx_word' id='word_1_653' title='bbox 674 5420 775 5465; x_wconf 71' lang='lat' dir='ltr'><strong>tuae</strong></span> <span class='ocrx_word' id='word_1_654' title='bbox 803 5411 1105 5466; x_wconf 87' lang='lat' dir='ltr'><strong>substantia</strong></span> <span class='ocrx_word' id='word_1_655' title='bbox 1135 5413 1284 5479; x_wconf 89' lang='lat' dir='ltr'><strong>quasi</strong></span> <span class='ocrx_word' id='word_1_656' title='bbox 1312 5413 1381 5468; x_wconf 92' lang='lat' dir='ltr'><strong>de</strong></span> <span class='ocrx_word' id='word_1_657' title='bbox 1421 5414 1578 5481; x_wconf 87' lang='lat' dir='ltr'><strong>lignis</strong></span> <span class='ocrx_word' id='word_1_658' title='bbox 1631 5414 1820 5470; x_wconf 85' lang='lat' dir='ltr'><strong>Libani</strong></span> <span class='ocrx_word' id='word_1_659' title='bbox 1851 5416 2035 5472; x_wconf 84' lang='lat' dir='ltr'><strong>ineﬂ‘a-</strong></span> 
     </span>
    </p>
   </div>
   <div class='ocr_carea' id='block_1_88' title="bbox 463 5501 2034 5576">
    <p class='ocr_par' dir='ltr' id='par_1_88' title="bbox 463 5501 2034 5576">
     <span class='ocr_line' id='line_1_88' title="bbox 463 5501 2034 5576; baseline 0.005 -22"><span class='ocrx_word' id='word_1_660' title='bbox 463 5501 553 5554; x_wconf 88' lang='lat' dir='ltr'><strong>bili</strong></span> <span class='ocrx_word' id='word_1_661' title='bbox 581 5501 941 5556; x_wconf 86' lang='lat' dir='ltr'><strong>architectura</strong></span> <span class='ocrx_word' id='word_1_662' title='bbox 973 5504 1192 5558; x_wconf 87' lang='lat' dir='ltr'><strong>domum</strong></span> <span class='ocrx_word' id='word_1_663' title='bbox 1235 5505 1338 5559; x_wconf 89' lang='lat' dir='ltr'><strong>sibi</strong></span> <span class='ocrx_word' id='word_1_664' title='bbox 1391 5503 1674 5560; x_wconf 67' lang='lat' dir='ltr'><strong>aediﬁcavit</strong></span> <span class='ocrx_word' id='word_1_665' title='bbox 1702 5505 1795 5562; x_wconf 89' lang='lat' dir='ltr'><strong>Dei</strong></span> <span class='ocrx_word' id='word_1_666' title='bbox 1825 5509 2034 5576; x_wconf 84' lang='lat' dir='ltr'><strong>sapien-</strong></span> 
     </span>
    </p>
   </div>
   <div class='ocr_carea' id='block_1_89' title="bbox 462 5593 2032 5682">
    <p class='ocr_par' dir='ltr' id='par_1_89' title="bbox 462 5593 2032 5682">
     <span class='ocr_line' id='line_1_89' title="bbox 462 5593 2032 5682; baseline 0.006 -38"><span class='ocrx_word' id='word_1_667' title='bbox 462 5593 556 5646; x_wconf 89' lang='lat' dir='ltr'><strong>tia.</strong></span> <span class='ocrx_word' id='word_1_668' title='bbox 583 5593 828 5649; x_wconf 76' lang='lat' dir='ltr'><strong>Snﬂ‘ulcit</strong></span> <span class='ocrx_word' id='word_1_669' title='bbox 855 5610 972 5650; x_wconf 89' lang='lat' dir='ltr'><strong>eam</strong></span> <span class='ocrx_word' id='word_1_670' title='bbox 1002 5607 1204 5665; x_wconf 88' lang='lat' dir='ltr'><strong>septem</strong></span> <span class='ocrx_word' id='word_1_671' title='bbox 1249 5597 1510 5654; x_wconf 88' lang='lat' dir='ltr'><strong>columnis</strong></span> <span class='ocrx_word' id='word_1_672' title='bbox 1539 5599 1824 5682; x_wconf 70' lang='lat' dir='ltr'><strong>argenteis,</strong></span> <span class='ocrx_word' id='word_1_673' title='bbox 1879 5602 2032 5656; x_wconf 85' lang='lat' dir='ltr'><strong>recli-</strong></span> 
     </span>
    </p>
   </div>
   <div class='ocr_carea' id='block_1_90' title="bbox 2067 4557 2122 4618">
    <p class='ocr_par' dir='ltr' id='par_1_90' title="bbox 2067 4557 2122 4618">
     <span class='ocr_line' id='line_1_90' title="bbox 2067 4557 2122 4618; baseline 0 -2"><span class='ocrx_word' id='word_1_674' title='bbox 2067 4557 2122 4618; x_wconf 87' lang='grc' dir='ltr'><strong>Ι)</strong></span> 
     </span>
    </p>
   </div>
   <div class='ocr_carea' id='block_1_91' title="bbox 2155 3297 3745 3372">
    <p class='ocr_par' dir='ltr' id='par_1_91' title="bbox 2155 3297 3745 3372">
     <span class='ocr_line' id='line_1_91' title="bbox 2155 3297 3745 3372; baseline 0.004 -21"><span class='ocrx_word' id='word_1_675' title='bbox 2155 3297 2368 3366; x_wconf 82' lang='lat' dir='ltr'><strong>jestatis</strong></span> <span class='ocrx_word' id='word_1_676' title='bbox 2407 3301 2699 3369; x_wconf 84' lang='lat' dir='ltr'><strong>potentiam</strong></span> <span class='ocrx_word' id='word_1_677' title='bbox 2747 3303 3094 3364; x_wconf 88' lang='lat' dir='ltr'><strong>similitudine</strong></span> <span class='ocrx_word' id='word_1_678' title='bbox 3120 3303 3296 3360; x_wconf 85' lang='lat' dir='ltr'><strong>carnis</strong></span> <span class='ocrx_word' id='word_1_679' title='bbox 3328 3303 3536 3372; x_wconf 87' lang='lat' dir='ltr'><strong>peccati</strong></span> <span class='ocrx_word' id='word_1_680' title='bbox 3555 3318 3745 3372; x_wconf 85' lang='lat' dir='ltr'><strong>coope-</strong></span> 
     </span>
    </p>
   </div>
   <div class='ocr_carea' id='block_1_92' title="bbox 2159 3393 3744 3466">
    <p class='ocr_par' dir='ltr' id='par_1_92' title="bbox 2159 3393 3744 3466">
     <span class='ocr_line' id='line_1_92' title="bbox 2159 3393 3744 3466; baseline 0.003 -20"><span class='ocrx_word' id='word_1_681' title='bbox 2159 3393 2287 3458; x_wconf 91' lang='lat' dir='ltr'><strong>ruit,</strong></span> <span class='ocrx_word' id='word_1_682' title='bbox 2323 3408 2424 3461; x_wconf 90' lang='lat' dir='ltr'><strong>qua</strong></span> <span class='ocrx_word' id='word_1_683' title='bbox 2447 3394 2798 3450; x_wconf 82' lang='lat' dir='ltr'><strong>absconditus</strong></span> <span class='ocrx_word' id='word_1_684' title='bbox 2829 3405 2910 3450; x_wconf 89' lang='lat' dir='ltr'><strong>est</strong></span> <span class='ocrx_word' id='word_1_685' title='bbox 2940 3397 3118 3451; x_wconf 78' lang='lat' dir='ltr'><strong>vultus</strong></span> <span class='ocrx_word' id='word_1_686' title='bbox 3165 3395 3300 3466; x_wconf 84' lang='lat' dir='ltr'><strong>ejus,</strong></span> <span class='ocrx_word' id='word_1_687' title='bbox 3345 3397 3490 3452; x_wconf 79' lang='lat' dir='ltr'><strong>unde</strong></span> <span class='ocrx_word' id='word_1_688' title='bbox 3536 3411 3636 3451; x_wconf 85' lang='lat' dir='ltr'><strong>nec</strong></span> <span class='ocrx_word' id='word_1_689' title='bbox 3659 3411 3744 3451; x_wconf 86' lang='lat' dir='ltr'><strong>re-</strong></span> 
     </span>
    </p>
   </div>
   <div class='ocr_carea' id='block_1_93' title="bbox 2157 3485 3740 3556">
    <p class='ocr_par' dir='ltr' id='par_1_93' title="bbox 2157 3485 3740 3556">
     <span class='ocr_line' id='line_1_93' title="bbox 2157 3485 3740 3556; baseline 0.006 -20"><span class='ocrx_word' id='word_1_690' title='bbox 2157 3485 2464 3550; x_wconf 86' lang='lat' dir='ltr'><strong>putavimus</strong></span> <span class='ocrx_word' id='word_1_691' title='bbox 2487 3500 2632 3540; x_wconf 87' lang='lat' dir='ltr'><strong>eum.</strong></span> <span class='ocrx_word' id='word_1_692' title='bbox 2653 3486 2728 3541; x_wconf 90' lang='lat' dir='ltr'><strong>lbi</strong></span> <span class='ocrx_word' id='word_1_693' title='bbox 2755 3487 2849 3542; x_wconf 89' lang='lat' dir='ltr'><strong>alti</strong></span> <span class='ocrx_word' id='word_1_694' title='bbox 2877 3487 3087 3542; x_wconf 87' lang='lat' dir='ltr'><strong>consilii</strong></span> <span class='ocrx_word' id='word_1_695' title='bbox 3112 3489 3445 3556; x_wconf 86' lang='lat' dir='ltr'><strong>providentia</strong></span> <span class='ocrx_word' id='word_1_696' title='bbox 3475 3489 3740 3545; x_wconf 74' lang='lat' dir='ltr'><strong>inescatus</strong></span> 
     </span>
    </p>
   </div>
   <div class='ocr_carea' id='block_1_94' title="bbox 2155 3577 3738 3648">
    <p class='ocr_par' dir='ltr' id='par_1_94' title="bbox 2155 3577 3738 3648">
     <span class='ocr_line' id='line_1_94' title="bbox 2155 3577 3738 3648; baseline 0.004 -18"><span class='ocrx_word' id='word_1_697' title='bbox 2155 3585 2238 3630; x_wconf 90' lang='lat' dir='ltr'><strong>est</strong></span> <span class='ocrx_word' id='word_1_698' title='bbox 2261 3577 2473 3644; x_wconf 89' lang='lat' dir='ltr'><strong>hamus,</strong></span> <span class='ocrx_word' id='word_1_699' title='bbox 2501 3578 2596 3646; x_wconf 90' lang='lat' dir='ltr'><strong>qui</strong></span> <span class='ocrx_word' id='word_1_700' title='bbox 2627 3579 2694 3632; x_wconf 89' lang='lat' dir='ltr'><strong>ad</strong></span> <span class='ocrx_word' id='word_1_701' title='bbox 2722 3579 3112 3634; x_wconf 84' lang='lat' dir='ltr'><strong>extrahendum</strong></span> <span class='ocrx_word' id='word_1_702' title='bbox 3134 3592 3436 3648; x_wconf 85' lang='lat' dir='ltr'><strong>serpentem</strong></span> <span class='ocrx_word' id='word_1_703' title='bbox 3464 3581 3738 3648; x_wconf 84' lang='lat' dir='ltr'><strong>antiquum</strong></span> 
     </span>
    </p>
   </div>
   <div class='ocr_carea' id='block_1_95' title="bbox 2153 3665 3736 3740">
    <p class='ocr_par' dir='ltr' id='par_1_95' title="bbox 2153 3665 3736 3740">
     <span class='ocr_line' id='line_1_95' title="bbox 2153 3665 3736 3740; baseline 0.004 -19"><span class='ocrx_word' id='word_1_704' title='bbox 2153 3665 2210 3721; x_wconf 90' lang='lat' dir='ltr'><strong>in</strong></span> <span class='ocrx_word' id='word_1_705' title='bbox 2264 3669 2363 3722; x_wconf 90' lang='lat' dir='ltr'><strong>hoc</strong></span> <span class='ocrx_word' id='word_1_706' title='bbox 2405 3683 2554 3724; x_wconf 89' lang='lat' dir='ltr'><strong>mare</strong></span> <span class='ocrx_word' id='word_1_707' title='bbox 2600 3685 2852 3740; x_wconf 89' lang='lat' dir='ltr'><strong>magnum</strong></span> <span class='ocrx_word' id='word_1_708' title='bbox 2897 3671 2965 3726; x_wconf 87' lang='lat' dir='ltr'><strong>de</strong></span> <span class='ocrx_word' id='word_1_709' title='bbox 3019 3672 3158 3726; x_wconf 71' lang='lat' dir='ltr'><strong>casio</strong></span> <span class='ocrx_word' id='word_1_710' title='bbox 3201 3669 3450 3740; x_wconf 84' lang='lat' dir='ltr'><strong>trajectus</strong></span> <span class='ocrx_word' id='word_1_711' title='bbox 3477 3682 3574 3725; x_wconf 84' lang='lat' dir='ltr'><strong>est.</strong></span> <span class='ocrx_word' id='word_1_712' title='bbox 3607 3671 3736 3727; x_wconf 88' lang='lat' dir='ltr'><strong>inde</strong></span> 
     </span>
    </p>
   </div>
   <div class='ocr_carea' id='block_1_96' title="bbox 2155 3761 3741 3832">
    <p class='ocr_par' dir='ltr' id='par_1_96' title="bbox 2155 3761 3741 3832">
     <span class='ocr_line' id='line_1_96' title="bbox 2155 3761 3741 3832; baseline 0.002 -18"><span class='ocrx_word' id='word_1_713' title='bbox 2155 3775 2370 3829; x_wconf 84' lang='lat' dir='ltr'><strong>egressa</strong></span> <span class='ocrx_word' id='word_1_714' title='bbox 2391 3771 2474 3815; x_wconf 87' lang='lat' dir='ltr'><strong>est</strong></span> <span class='ocrx_word' id='word_1_715' title='bbox 2501 3763 2704 3816; x_wconf 82' lang='lat' dir='ltr'><strong>armilla</strong></span> <span class='ocrx_word' id='word_1_716' title='bbox 2729 3778 2910 3828; x_wconf 89' lang='lat' dir='ltr'><strong>aurea,</strong></span> <span class='ocrx_word' id='word_1_717' title='bbox 2942 3761 3086 3818; x_wconf 88' lang='lat' dir='ltr'><strong>unde</strong></span> <span class='ocrx_word' id='word_1_718' title='bbox 3117 3763 3485 3832; x_wconf 78' lang='lat' dir='ltr'><strong>perfnraretur</strong></span> <span class='ocrx_word' id='word_1_719' title='bbox 3523 3763 3741 3817; x_wconf 80' lang='lat' dir='ltr'><strong>maxilla</strong></span> 
     </span>
    </p>
   </div>
   <div class='ocr_carea' id='block_1_97' title="bbox 2161 3853 3739 3927">
    <p class='ocr_par' dir='ltr' id='par_1_97' title="bbox 2161 3853 3739 3927">
     <span class='ocr_line' id='line_1_97' title="bbox 2161 3853 3739 3927; baseline 0.001 -19"><span class='ocrx_word' id='word_1_720' title='bbox 2161 3853 2474 3920; x_wconf 84' lang='lat' dir='ltr'><strong>Leviatltan,</strong></span> <span class='ocrx_word' id='word_1_721' title='bbox 2507 3865 2562 3910; x_wconf 94' lang='lat' dir='ltr'><strong>ut</strong></span> <span class='ocrx_word' id='word_1_722' title='bbox 2591 3868 2868 3912; x_wconf 87' lang='lat' dir='ltr'><strong>evomeret</strong></span> <span class='ocrx_word' id='word_1_723' title='bbox 2895 3868 3135 3912; x_wconf 86' lang='lat' dir='ltr'><strong>mortuos</strong></span> <span class='ocrx_word' id='word_1_724' title='bbox 3164 3872 3271 3912; x_wconf 91' lang='lat' dir='ltr'><strong>non</strong></span> <span class='ocrx_word' id='word_1_725' title='bbox 3301 3873 3448 3925; x_wconf 87' lang='lat' dir='ltr'><strong>suos,</strong></span> <span class='ocrx_word' id='word_1_726' title='bbox 3491 3871 3628 3927; x_wconf 88' lang='lat' dir='ltr'><strong>quos</strong></span> <span class='ocrx_word' id='word_1_727' title='bbox 3673 3857 3739 3910; x_wconf 86' lang='lat' dir='ltr'><strong>ab</strong></span> 
     </span>
    </p>
   </div>
   <div class='ocr_carea' id='block_1_98' title="bbox 2153 3946 3739 4018">
    <p class='ocr_par' dir='ltr' id='par_1_98' title="bbox 2153 3946 3739 4018">
     <span class='ocr_line' id='line_1_98' title="bbox 2153 3946 3739 4018; baseline 0.001 -18"><span class='ocrx_word' id='word_1_728' title='bbox 2153 3947 2363 4013; x_wconf 84' lang='lat' dir='ltr'><strong>origine</strong></span> <span class='ocrx_word' id='word_1_729' title='bbox 2397 3946 2579 4000; x_wconf 86' lang='lat' dir='ltr'><strong>mundi</strong></span> <span class='ocrx_word' id='word_1_730' title='bbox 2613 3962 2802 4003; x_wconf 82' lang='lat' dir='ltr'><strong>secure</strong></span> <span class='ocrx_word' id='word_1_731' title='bbox 2851 3948 3230 4018; x_wconf 84' lang='lat' dir='ltr'><strong>deglutiverat.</strong></span> <span class='ocrx_word' id='word_1_732' title='bbox 3284 3947 3484 4002; x_wconf 89' lang='lat' dir='ltr'><strong>Hortus</strong></span> <span class='ocrx_word' id='word_1_733' title='bbox 3523 3947 3739 4002; x_wconf 83' lang='lat' dir='ltr'><strong>delicia-</strong></span> 
     </span>
    </p>
   </div>
   <div class='ocr_carea' id='block_1_99' title="bbox 2155 4039 3737 4105">
    <p class='ocr_par' dir='ltr' id='par_1_99' title="bbox 2155 4039 3737 4105">
     <span class='ocr_line' id='line_1_99' title="bbox 2155 4039 3737 4105; baseline 0 -13"><span class='ocrx_word' id='word_1_734' title='bbox 2155 4053 2272 4092; x_wconf 91' lang='lat' dir='ltr'><strong>rum</strong></span> <span class='ocrx_word' id='word_1_735' title='bbox 2337 4039 2490 4092; x_wconf 89' lang='lat' dir='ltr'><strong>nobis</strong></span> <span class='ocrx_word' id='word_1_736' title='bbox 2535 4048 2620 4092; x_wconf 82' lang='lat' dir='ltr'><strong>est</strong></span> <span class='ocrx_word' id='word_1_737' title='bbox 2663 4051 2784 4094; x_wconf 89' lang='lat' dir='ltr'><strong>tuus</strong></span> <span class='ocrx_word' id='word_1_738' title='bbox 2840 4041 3236 4096; x_wconf 68' lang='lat' dir='ltr'><strong>sacratiSsintus</strong></span> <span class='ocrx_word' id='word_1_739' title='bbox 3269 4049 3474 4104; x_wconf 88' lang='lat' dir='ltr'><strong>uterus,</strong></span> <span class='ocrx_word' id='word_1_740' title='bbox 3500 4056 3534 4093; x_wconf 93' lang='lat' dir='ltr'><strong>o</strong></span> <span class='ocrx_word' id='word_1_741' title='bbox 3561 4039 3737 4105; x_wconf 77' lang='lat' dir='ltr'><strong>Maria,</strong></span> 
     </span>
    </p>
   </div>
   <div class='ocr_carea' id='block_1_100' title="bbox 2155 4126 3740 4203">
    <p class='ocr_par' dir='ltr' id='par_1_100' title="bbox 2155 4126 3740 4203">
     <span class='ocr_line' id='line_1_100' title="bbox 2155 4126 3740 4203; baseline 0.001 -20"><span class='ocrx_word' id='word_1_742' title='bbox 2155 4132 2278 4198; x_wconf 91' lang='lat' dir='ltr'><strong>quia</strong></span> <span class='ocrx_word' id='word_1_743' title='bbox 2305 4144 2370 4184; x_wconf 82' lang='lat' dir='ltr'><strong>ex</strong></span> <span class='ocrx_word' id='word_1_744' title='bbox 2399 4145 2464 4185; x_wconf 89' lang='lat' dir='ltr'><strong>eo</strong></span> <span class='ocrx_word' id='word_1_745' title='bbox 2496 4132 2819 4200; x_wconf 77' lang='lat' dir='ltr'><strong>multiplices</strong></span> <span class='ocrx_word' id='word_1_746' title='bbox 2843 4133 3020 4203; x_wconf 88' lang='lat' dir='ltr'><strong>gaudii</strong></span> <span class='ocrx_word' id='word_1_747' title='bbox 3052 4133 3212 4189; x_wconf 89' lang='lat' dir='ltr'><strong>ﬂores</strong></span> <span class='ocrx_word' id='word_1_748' title='bbox 3258 4126 3590 4202; x_wconf 83' lang='lat' dir='ltr'><strong>colligimus,</strong></span> <span class='ocrx_word' id='word_1_749' title='bbox 3613 4149 3740 4202; x_wconf 86' lang='lat' dir='ltr'><strong>quo-</strong></span> 
     </span>
    </p>
   </div>
   <div class='ocr_carea' id='block_1_101' title="bbox 2155 4223 3737 4295">
    <p class='ocr_par' dir='ltr' id='par_1_101' title="bbox 2155 4223 3737 4295">
     <span class='ocr_line' id='line_1_101' title="bbox 2155 4223 3737 4295; baseline 0.002 -19"><span class='ocrx_word' id='word_1_750' title='bbox 2155 4223 2254 4276; x_wconf 89' lang='lat' dir='ltr'><strong>ties</strong></span> <span class='ocrx_word' id='word_1_751' title='bbox 2282 4231 2460 4276; x_wconf 88' lang='lat' dir='ltr'><strong>mente</strong></span> <span class='ocrx_word' id='word_1_752' title='bbox 2491 4225 2783 4278; x_wconf 86' lang='lat' dir='ltr'><strong>recolintus</strong></span> <span class='ocrx_word' id='word_1_753' title='bbox 2808 4242 2966 4293; x_wconf 82' lang='lat' dir='ltr'><strong>quam</strong></span> <span class='ocrx_word' id='word_1_754' title='bbox 2997 4240 3188 4295; x_wconf 88' lang='lat' dir='ltr'><strong>magna</strong></span> <span class='ocrx_word' id='word_1_755' title='bbox 3227 4223 3520 4280; x_wconf 89' lang='lat' dir='ltr'><strong>multitudo</strong></span> <span class='ocrx_word' id='word_1_756' title='bbox 3565 4225 3737 4280; x_wconf 86' lang='lat' dir='ltr'><strong>dulce-</strong></span> 
     </span>
    </p>
   </div>
   <div class='ocr_carea' id='block_1_102' title="bbox 2150 4310 3735 4384">
    <p class='ocr_par' dir='ltr' id='par_1_102' title="bbox 2150 4310 3735 4384">
     <span class='ocr_line' id='line_1_102' title="bbox 2150 4310 3735 4384; baseline 0.002 -18"><span class='ocrx_word' id='word_1_757' title='bbox 2150 4311 2288 4367; x_wconf 90' lang='lat' dir='ltr'><strong>dinis</strong></span> <span class='ocrx_word' id='word_1_758' title='bbox 2311 4310 2567 4368; x_wconf 87' lang='lat' dir='ltr'><strong>universo</strong></span> <span class='ocrx_word' id='word_1_759' title='bbox 2596 4315 2714 4368; x_wconf 88' lang='lat' dir='ltr'><strong>orbi</strong></span> <span class='ocrx_word' id='word_1_760' title='bbox 2749 4314 2872 4370; x_wconf 91' lang='lat' dir='ltr'><strong>inde</strong></span> <span class='ocrx_word' id='word_1_761' title='bbox 2905 4317 3239 4384; x_wconf 84' lang='lat' dir='ltr'><strong>proﬂuxerit.</strong></span> <span class='ocrx_word' id='word_1_762' title='bbox 3294 4317 3500 4370; x_wconf 90' lang='lat' dir='ltr'><strong>llortus</strong></span> <span class='ocrx_word' id='word_1_763' title='bbox 3526 4316 3735 4369; x_wconf 87' lang='lat' dir='ltr'><strong>conclu-</strong></span> 
     </span>
    </p>
   </div>
   <div class='ocr_carea' id='block_1_103' title="bbox 2150 4407 3734 4477">
    <p class='ocr_par' dir='ltr' id='par_1_103' title="bbox 2150 4407 3734 4477">
     <span class='ocr_line' id='line_1_103' title="bbox 2150 4407 3734 4477; baseline -0.001 -17"><span class='ocrx_word' id='word_1_764' title='bbox 2150 4420 2242 4460; x_wconf 86' lang='lat' dir='ltr'><strong>sus</strong></span> <span class='ocrx_word' id='word_1_765' title='bbox 2271 4412 2325 4460; x_wconf 89' lang='lat' dir='ltr'><strong>tu</strong></span> <span class='ocrx_word' id='word_1_766' title='bbox 2357 4421 2435 4470; x_wconf 89' lang='lat' dir='ltr'><strong>es,</strong></span> <span class='ocrx_word' id='word_1_767' title='bbox 2475 4418 2656 4460; x_wconf 81' lang='lat' dir='ltr'><strong>sancta</strong></span> <span class='ocrx_word' id='word_1_768' title='bbox 2688 4407 2783 4461; x_wconf 90' lang='lat' dir='ltr'><strong>Dei</strong></span> <span class='ocrx_word' id='word_1_769' title='bbox 2809 4408 3059 4477; x_wconf 86' lang='lat' dir='ltr'><strong>genitrix,</strong></span> <span class='ocrx_word' id='word_1_770' title='bbox 3084 4409 3148 4461; x_wconf 84' lang='lat' dir='ltr'><strong>ad</strong></span> <span class='ocrx_word' id='word_1_771' title='bbox 3181 4423 3338 4477; x_wconf 88' lang='lat' dir='ltr'><strong>quem</strong></span> <span class='ocrx_word' id='word_1_772' title='bbox 3367 4407 3734 4462; x_wconf 87' lang='lat' dir='ltr'><strong>deﬂorandum</strong></span> 
     </span>
    </p>
   </div>
   <div class='ocr_carea' id='block_1_104' title="bbox 2152 4499 3734 4568">
    <p class='ocr_par' dir='ltr' id='par_1_104' title="bbox 2152 4499 3734 4568">
     <span class='ocr_line' id='line_1_104' title="bbox 2152 4499 3734 4568; baseline 0.001 -18"><span class='ocrx_word' id='word_1_773' title='bbox 2152 4512 2342 4552; x_wconf 86' lang='lat' dir='ltr'><strong>manus</strong></span> <span class='ocrx_word' id='word_1_774' title='bbox 2369 4501 2666 4566; x_wconf 83' lang='lat' dir='ltr'><strong>peccatoris</strong></span> <span class='ocrx_word' id='word_1_775' title='bbox 2690 4516 2959 4568; x_wconf 86' lang='lat' dir='ltr'><strong>nunquam</strong></span> <span class='ocrx_word' id='word_1_776' title='bbox 3011 4499 3271 4554; x_wconf 78' lang='lat' dir='ltr'><strong>introivit.</strong></span> <span class='ocrx_word' id='word_1_777' title='bbox 3315 4499 3398 4554; x_wconf 87' lang='lat' dir='ltr'><strong>Tu</strong></span> <span class='ocrx_word' id='word_1_778' title='bbox 3425 4511 3734 4555; x_wconf 82' lang='lat' dir='ltr'><strong>sanctorum</strong></span> 
     </span>
    </p>
   </div>
   <div class='ocr_carea' id='block_1_105' title="bbox 2150 4591 3736 4662">
    <p class='ocr_par' dir='ltr' id='par_1_105' title="bbox 2150 4591 3736 4662">
     <span class='ocr_line' id='line_1_105' title="bbox 2150 4591 3736 4662; baseline 0.001 -18"><span class='ocrx_word' id='word_1_779' title='bbox 2150 4593 2331 4646; x_wconf 90' lang='lat' dir='ltr'><strong>areola</strong></span> <span class='ocrx_word' id='word_1_780' title='bbox 2362 4602 2681 4660; x_wconf 88' lang='lat' dir='ltr'><strong>aromatum,</strong></span> <span class='ocrx_word' id='word_1_781' title='bbox 2715 4609 2742 4646; x_wconf 92' lang='lat' dir='ltr'><strong>a</strong></span> <span class='ocrx_word' id='word_1_782' title='bbox 2765 4595 2975 4648; x_wconf 77' lang='lat' dir='ltr'><strong>cmlesti</strong></span> <span class='ocrx_word' id='word_1_783' title='bbox 3003 4591 3205 4648; x_wconf 88' lang='lat' dir='ltr'><strong>consita</strong></span> <span class='ocrx_word' id='word_1_784' title='bbox 3230 4595 3614 4662; x_wconf 87' lang='lat' dir='ltr'><strong>pigmentario,</strong></span> <span class='ocrx_word' id='word_1_785' title='bbox 3637 4599 3736 4646; x_wconf 82' lang='lat' dir='ltr'><strong>vir-</strong></span> 
     </span>
    </p>
   </div>
   <div class='ocr_carea' id='block_1_106' title="bbox 2153 4684 3733 4752">
    <p class='ocr_par' dir='ltr' id='par_1_106' title="bbox 2153 4684 3733 4752">
     <span class='ocr_line' id='line_1_106' title="bbox 2153 4684 3733 4752; baseline -0.001 -12"><span class='ocrx_word' id='word_1_786' title='bbox 2153 4694 2320 4740; x_wconf 89' lang='lat' dir='ltr'><strong>tutum</strong></span> <span class='ocrx_word' id='word_1_787' title='bbox 2352 4687 2592 4740; x_wconf 88' lang='lat' dir='ltr'><strong>outnium</strong></span> <span class='ocrx_word' id='word_1_788' title='bbox 2622 4686 2882 4752; x_wconf 72' lang='lat' dir='ltr'><strong>slteciosis</strong></span> <span class='ocrx_word' id='word_1_789' title='bbox 2931 4684 3156 4738; x_wconf 82' lang='lat' dir='ltr'><strong>ﬂoribus</strong></span> <span class='ocrx_word' id='word_1_790' title='bbox 3188 4685 3584 4739; x_wconf 86' lang='lat' dir='ltr'><strong>delectabiliter</strong></span> <span class='ocrx_word' id='word_1_791' title='bbox 3624 4700 3733 4739; x_wconf 78' lang='lat' dir='ltr'><strong>ver-</strong></span> 
     </span>
    </p>
   </div>
   <div class='ocr_carea' id='block_1_107' title="bbox 2149 4777 3735 4848">
    <p class='ocr_par' dir='ltr' id='par_1_107' title="bbox 2149 4777 3735 4848">
     <span class='ocr_line' id='line_1_107' title="bbox 2149 4777 3735 4848; baseline -0.004 -12"><span class='ocrx_word' id='word_1_792' title='bbox 2149 4793 2306 4836; x_wconf 86' lang='lat' dir='ltr'><strong>nans.</strong></span> <span class='ocrx_word' id='word_1_793' title='bbox 2338 4780 2480 4834; x_wconf 84' lang='lat' dir='ltr'><strong>inter</strong></span> <span class='ocrx_word' id='word_1_794' title='bbox 2507 4795 2733 4848; x_wconf 88' lang='lat' dir='ltr'><strong>quorum</strong></span> <span class='ocrx_word' id='word_1_795' title='bbox 2783 4779 3168 4847; x_wconf 85' lang='lat' dir='ltr'><strong>pulcherrimos</strong></span> <span class='ocrx_word' id='word_1_796' title='bbox 3219 4777 3379 4832; x_wconf 90' lang='lat' dir='ltr'><strong>trium</strong></span> <span class='ocrx_word' id='word_1_797' title='bbox 3410 4777 3466 4831; x_wconf 89' lang='lat' dir='ltr'><strong>in</strong></span> <span class='ocrx_word' id='word_1_798' title='bbox 3498 4787 3550 4831; x_wconf 88' lang='lat' dir='ltr'><strong>te</strong></span> <span class='ocrx_word' id='word_1_799' title='bbox 3581 4778 3735 4830; x_wconf 48' lang='lat' dir='ltr'><strong>mira-</strong></span> 
     </span>
    </p>
   </div>
   <div class='ocr_carea' id='block_1_108' title="bbox 2151 4869 3734 4939">
    <p class='ocr_par' dir='ltr' id='par_1_108' title="bbox 2151 4869 3734 4939">
     <span class='ocr_line' id='line_1_108' title="bbox 2151 4869 3734 4939; baseline -0.003 -15"><span class='ocrx_word' id='word_1_800' title='bbox 2151 4887 2273 4926; x_wconf 89' lang='lat' dir='ltr'><strong>mur</strong></span> <span class='ocrx_word' id='word_1_801' title='bbox 2300 4871 2694 4932; x_wconf 80' lang='lat' dir='ltr'><strong>excellentiam.</strong></span> <span class='ocrx_word' id='word_1_802' title='bbox 2723 4871 2786 4923; x_wconf 80' lang='lat' dir='ltr'><strong>lli</strong></span> <span class='ocrx_word' id='word_1_803' title='bbox 2811 4880 2936 4924; x_wconf 87' lang='lat' dir='ltr'><strong>sunt</strong></span> <span class='ocrx_word' id='word_1_804' title='bbox 2960 4887 3188 4939; x_wconf 91' lang='lat' dir='ltr'><strong>quorum</strong></span> <span class='ocrx_word' id='word_1_805' title='bbox 3216 4871 3383 4925; x_wconf 89' lang='lat' dir='ltr'><strong>odore</strong></span> <span class='ocrx_word' id='word_1_806' title='bbox 3409 4869 3734 4925; x_wconf 82' lang='lat' dir='ltr'><strong>suavissimo</strong></span> 
     </span>
    </p>
   </div>
   <div class='ocr_carea' id='block_1_109' title="bbox 2153 4957 3728 5029">
    <p class='ocr_par' dir='ltr' id='par_1_109' title="bbox 2153 4957 3728 5029">
     <span class='ocr_line' id='line_1_109' title="bbox 2153 4957 3728 5029; baseline -0.001 -17"><span class='ocrx_word' id='word_1_807' title='bbox 2153 4969 2316 5013; x_wconf 90' lang='lat' dir='ltr'><strong>totam</strong></span> <span class='ocrx_word' id='word_1_808' title='bbox 2339 4959 2557 5014; x_wconf 86' lang='lat' dir='ltr'><strong>domum</strong></span> <span class='ocrx_word' id='word_1_809' title='bbox 2588 4959 2682 5014; x_wconf 87' lang='lat' dir='ltr'><strong>Dei</strong></span> <span class='ocrx_word' id='word_1_810' title='bbox 2711 4959 2908 5029; x_wconf 84' lang='lat' dir='ltr'><strong>reples,</strong></span> <span class='ocrx_word' id='word_1_811' title='bbox 2932 4976 2964 5013; x_wconf 91' lang='grc' dir='ltr'><strong>ο</strong></span> <span class='ocrx_word' id='word_1_812' title='bbox 2991 4959 3178 5026; x_wconf 79' lang='lat' dir='ltr'><strong>Maria,</strong></span> <span class='ocrx_word' id='word_1_813' title='bbox 3207 4957 3346 5012; x_wconf 90' lang='lat' dir='ltr'><strong>viola</strong></span> <span class='ocrx_word' id='word_1_814' title='bbox 3389 4957 3728 5024; x_wconf 81' lang='lat' dir='ltr'><strong>humilitatis,</strong></span> 
     </span>
    </p>
   </div>
   <div class='ocr_carea' id='block_1_110' title="bbox 2143 5048 3730 5120">
    <p class='ocr_par' dir='ltr' id='par_1_110' title="bbox 2143 5048 3730 5120">
     <span class='ocr_line' id='line_1_110' title="bbox 2143 5048 3730 5120; baseline -0.002 -17"><span class='ocrx_word' id='word_1_815' title='bbox 2143 5049 2310 5120; x_wconf 77' lang='lat' dir='ltr'><strong>lilium</strong></span> <span class='ocrx_word' id='word_1_816' title='bbox 2329 5050 2615 5118; x_wconf 85' lang='lat' dir='ltr'><strong>castitatis,</strong></span> <span class='ocrx_word' id='word_1_817' title='bbox 2636 5066 2756 5106; x_wconf 84' lang='lat' dir='ltr'><strong>rosa</strong></span> <span class='ocrx_word' id='word_1_818' title='bbox 2774 5051 3074 5106; x_wconf 84' lang='lat' dir='ltr'><strong>charitatis.</strong></span> <span class='ocrx_word' id='word_1_819' title='bbox 3104 5051 3295 5106; x_wconf 81' lang='lat' dir='ltr'><strong>Merito</strong></span> <span class='ocrx_word' id='word_1_820' title='bbox 3325 5048 3393 5104; x_wconf 90' lang='lat' dir='ltr'><strong>de</strong></span> <span class='ocrx_word' id='word_1_821' title='bbox 3425 5050 3520 5104; x_wconf 91' lang='lat' dir='ltr'><strong>tali</strong></span> <span class='ocrx_word' id='word_1_822' title='bbox 3549 5049 3730 5104; x_wconf 86' lang='lat' dir='ltr'><strong>areola</strong></span> 
     </span>
    </p>
   </div>
   <div class='ocr_carea' id='block_1_111' title="bbox 2141 5139 3732 5212">
    <p class='ocr_par' dir='ltr' id='par_1_111' title="bbox 2141 5139 3732 5212">
     <span class='ocr_line' id='line_1_111' title="bbox 2141 5139 3732 5212; baseline -0.003 -14"><span class='ocrx_word' id='word_1_823' title='bbox 2141 5139 2240 5198; x_wconf 83' lang='lat' dir='ltr'><strong>ﬂos</strong></span> <span class='ocrx_word' id='word_1_824' title='bbox 2273 5141 2362 5196; x_wconf 87' lang='lat' dir='ltr'><strong>ille</strong></span> <span class='ocrx_word' id='word_1_825' title='bbox 2392 5145 2671 5212; x_wconf 88' lang='lat' dir='ltr'><strong>speciosus</strong></span> <span class='ocrx_word' id='word_1_826' title='bbox 2694 5141 2868 5196; x_wconf 84' lang='lat' dir='ltr'><strong>forma</strong></span> <span class='ocrx_word' id='word_1_827' title='bbox 2904 5158 3010 5210; x_wconf 71' lang='lat' dir='ltr'><strong>prae</strong></span> <span class='ocrx_word' id='word_1_828' title='bbox 3041 5141 3264 5196; x_wconf 86' lang='lat' dir='ltr'><strong>ﬂoribus</strong></span> <span class='ocrx_word' id='word_1_829' title='bbox 3281 5141 3523 5210; x_wconf 88' lang='lat' dir='ltr'><strong>paradisi</strong></span> <span class='ocrx_word' id='word_1_830' title='bbox 3549 5154 3732 5210; x_wconf 78' lang='lat' dir='ltr'><strong>egres-</strong></span> 
     </span>
    </p>
   </div>
   <div class='ocr_carea' id='block_1_112' title="bbox 2142 5232 3732 5302">
    <p class='ocr_par' dir='ltr' id='par_1_112' title="bbox 2142 5232 3732 5302">
     <span class='ocr_line' id='line_1_112' title="bbox 2142 5232 3732 5302; baseline 0.003 -18"><span class='ocrx_word' id='word_1_831' title='bbox 2142 5247 2232 5285; x_wconf 90' lang='lat' dir='ltr'><strong>sus</strong></span> <span class='ocrx_word' id='word_1_832' title='bbox 2260 5242 2363 5300; x_wconf 82' lang='lat' dir='ltr'><strong>est,</strong></span> <span class='ocrx_word' id='word_1_833' title='bbox 2393 5248 2556 5300; x_wconf 87' lang='lat' dir='ltr'><strong>snper</strong></span> <span class='ocrx_word' id='word_1_834' title='bbox 2585 5249 2743 5302; x_wconf 88' lang='lat' dir='ltr'><strong>quem</strong></span> <span class='ocrx_word' id='word_1_835' title='bbox 2797 5233 3057 5302; x_wconf 88' lang='lat' dir='ltr'><strong>requievit</strong></span> <span class='ocrx_word' id='word_1_836' title='bbox 3109 5233 3342 5302; x_wconf 85' lang='lat' dir='ltr'><strong>Spiritus</strong></span> <span class='ocrx_word' id='word_1_837' title='bbox 3387 5234 3632 5288; x_wconf 87' lang='lat' dir='ltr'><strong>Domini.</strong></span> <span class='ocrx_word' id='word_1_838' title='bbox 3668 5232 3732 5288; x_wconf 78' lang='lat' dir='ltr'><strong>Et</strong></span> 
     </span>
    </p>
   </div>
   <div class='ocr_carea' id='block_1_113' title="bbox 2141 5327 3729 5399">
    <p class='ocr_par' dir='ltr' id='par_1_113' title="bbox 2141 5327 3729 5399">
     <span class='ocr_line' id='line_1_113' title="bbox 2141 5327 3729 5399; baseline 0.003 -19"><span class='ocrx_word' id='word_1_839' title='bbox 2141 5327 2227 5382; x_wconf 90' lang='lat' dir='ltr'><strong>cui</strong></span> <span class='ocrx_word' id='word_1_840' title='bbox 2254 5336 2303 5380; x_wconf 89' lang='lat' dir='ltr'><strong>te</strong></span> <span class='ocrx_word' id='word_1_841' title='bbox 2333 5327 2769 5394; x_wconf 88' lang='lat' dir='ltr'><strong>assimilabimus,</strong></span> <span class='ocrx_word' id='word_1_842' title='bbox 2804 5344 2837 5385; x_wconf 91' lang='grc' dir='ltr'><strong>ο</strong></span> <span class='ocrx_word' id='word_1_843' title='bbox 2877 5340 3050 5384; x_wconf 89' lang='lat' dir='ltr'><strong>mater</strong></span> <span class='ocrx_word' id='word_1_844' title='bbox 3097 5327 3551 5399; x_wconf 78' lang='lat' dir='ltr'><strong>pulchritudinis?</strong></span> <span class='ocrx_word' id='word_1_845' title='bbox 3594 5328 3729 5384; x_wconf 77' lang='lat' dir='ltr'><strong>Vere</strong></span> 
     </span>
    </p>
   </div>
   <div class='ocr_carea' id='block_1_114' title="bbox 2145 5415 3727 5490">
    <p class='ocr_par' dir='ltr' id='par_1_114' title="bbox 2145 5415 3727 5490">
     <span class='ocr_line' id='line_1_114' title="bbox 2145 5415 3727 5490; baseline 0.003 -19"><span class='ocrx_word' id='word_1_846' title='bbox 2145 5418 2420 5484; x_wconf 78' lang='lat' dir='ltr'><strong>paradisus</strong></span> <span class='ocrx_word' id='word_1_847' title='bbox 2445 5419 2535 5474; x_wconf 91' lang='lat' dir='ltr'><strong>Dei</strong></span> <span class='ocrx_word' id='word_1_848' title='bbox 2568 5428 2620 5473; x_wconf 90' lang='lat' dir='ltr'><strong>tu</strong></span> <span class='ocrx_word' id='word_1_849' title='bbox 2651 5436 2730 5486; x_wconf 83' lang='lat' dir='ltr'><strong>es,</strong></span> <span class='ocrx_word' id='word_1_850' title='bbox 2755 5420 2877 5488; x_wconf 85' lang='lat' dir='ltr'><strong>quia</strong></span> <span class='ocrx_word' id='word_1_851' title='bbox 2907 5421 3106 5490; x_wconf 83' lang='lat' dir='ltr'><strong>lignum</strong></span> <span class='ocrx_word' id='word_1_852' title='bbox 3150 5422 3274 5474; x_wconf 77' lang='lat' dir='ltr'><strong>vita:</strong></span> <span class='ocrx_word' id='word_1_853' title='bbox 3308 5415 3522 5475; x_wconf 85' lang='lat' dir='ltr'><strong>mundo</strong></span> <span class='ocrx_word' id='word_1_854' title='bbox 3544 5429 3727 5490; x_wconf 78' lang='lat' dir='ltr'><strong>protu-</strong></span> 
     </span>
    </p>
   </div>
   <div class='ocr_carea' id='block_1_115' title="bbox 2140 5510 3724 5582">
    <p class='ocr_par' dir='ltr' id='par_1_115' title="bbox 2140 5510 3724 5582">
     <span class='ocr_line' id='line_1_115' title="bbox 2140 5510 3724 5582; baseline 0.002 -19"><span class='ocrx_word' id='word_1_855' title='bbox 2140 5510 2268 5574; x_wconf 88' lang='lat' dir='ltr'><strong>listi,</strong></span> <span class='ocrx_word' id='word_1_856' title='bbox 2303 5511 2369 5564; x_wconf 90' lang='lat' dir='ltr'><strong>de</strong></span> <span class='ocrx_word' id='word_1_857' title='bbox 2397 5526 2504 5580; x_wconf 92' lang='lat' dir='ltr'><strong>quo</strong></span> <span class='ocrx_word' id='word_1_858' title='bbox 2533 5513 2625 5582; x_wconf 91' lang='lat' dir='ltr'><strong>qui</strong></span> <span class='ocrx_word' id='word_1_859' title='bbox 2671 5513 3096 5578; x_wconf 88' lang='lat' dir='ltr'><strong>manducaverit,</strong></span> <span class='ocrx_word' id='word_1_860' title='bbox 3147 5512 3290 5568; x_wconf 88' lang='lat' dir='ltr'><strong>vivet</strong></span> <span class='ocrx_word' id='word_1_861' title='bbox 3337 5512 3390 5566; x_wconf 90' lang='lat' dir='ltr'><strong>in</strong></span> <span class='ocrx_word' id='word_1_862' title='bbox 3437 5522 3724 5568; x_wconf 68' lang='lat' dir='ltr'><strong>aeternum.</strong></span> 
     </span>
    </p>
   </div>
   <div class='ocr_carea' id='block_1_116' title="bbox 2139 5598 3723 5672">
    <p class='ocr_par' dir='ltr' id='par_1_116' title="bbox 2139 5598 3723 5672">
     <span class='ocr_line' id='line_1_116' title="bbox 2139 5598 3723 5672; baseline 0.004 -20"><span class='ocrx_word' id='word_1_863' title='bbox 2139 5598 2282 5655; x_wconf 86' lang='lat' dir='ltr'><strong>Fons</strong></span> <span class='ocrx_word' id='word_1_864' title='bbox 2314 5603 2456 5666; x_wconf 68' lang='lat' dir='ltr'><strong>vitae,</strong></span> <span class='ocrx_word' id='word_1_865' title='bbox 2489 5603 2575 5669; x_wconf 90' lang='lat' dir='ltr'><strong>qui</strong></span> <span class='ocrx_word' id='word_1_866' title='bbox 2604 5618 2670 5656; x_wconf 82' lang='lat' dir='ltr'><strong>ex</strong></span> <span class='ocrx_word' id='word_1_867' title='bbox 2700 5617 2793 5658; x_wconf 88' lang='lat' dir='ltr'><strong>ore</strong></span> <span class='ocrx_word' id='word_1_868' title='bbox 2844 5603 3101 5658; x_wconf 83' lang='lat' dir='ltr'><strong>Altissimi</strong></span> <span class='ocrx_word' id='word_1_869' title='bbox 3161 5602 3378 5672; x_wconf 83' lang='lat' dir='ltr'><strong>prodiit,</strong></span> <span class='ocrx_word' id='word_1_870' title='bbox 3418 5603 3490 5658; x_wconf 91' lang='lat' dir='ltr'><strong>de</strong></span> <span class='ocrx_word' id='word_1_871' title='bbox 3550 5602 3723 5658; x_wconf 86' lang='lat' dir='ltr'><strong>medio</strong></span> 
     </span>
    </p>
   </div>
   <div class='ocr_carea' id='block_1_117' title="bbox 461 5683 3721 5764">
    <p class='ocr_par' dir='ltr' id='par_1_117' title="bbox 461 5683 3721 5764">
     <span class='ocr_line' id='line_1_117' title="bbox 461 5683 3721 5764; baseline 0.005 -30"><span class='ocrx_word' id='word_1_872' title='bbox 461 5683 727 5738; x_wconf 88' lang='lat' dir='ltr'><strong>natorium</strong></span> <span class='ocrx_word' id='word_1_873' title='bbox 757 5700 975 5742; x_wconf 90' lang='lat' dir='ltr'><strong>aureum</strong></span> <span class='ocrx_word' id='word_1_874' title='bbox 1011 5689 1060 5742; x_wconf 87' lang='lat' dir='ltr'><strong>itt</strong></span> <span class='ocrx_word' id='word_1_875' title='bbox 1089 5701 1149 5742; x_wconf 87' lang='lat' dir='ltr'><strong>ea</strong></span> <span class='ocrx_word' id='word_1_876' title='bbox 1187 5689 1482 5744; x_wconf 89' lang='lat' dir='ltr'><strong>collocavit.</strong></span> <span class='ocrx_word' id='word_1_877' title='bbox 1537 5690 1598 5744; x_wconf 84' lang='lat' dir='ltr'><strong>lli</strong></span> <span class='ocrx_word' id='word_1_878' title='bbox 1649 5701 1772 5744; x_wconf 86' lang='lat' dir='ltr'><strong>sunt</strong></span> <span class='ocrx_word' id='word_1_879' title='bbox 1826 5702 2036 5759; x_wconf 68' lang='lat' dir='ltr'><strong>septeni</strong></span> <span class='ocrx_word' id='word_1_880' title='bbox 2135 5694 2335 5748; x_wconf 85' lang='lat' dir='ltr'><strong>ventris</strong></span> <span class='ocrx_word' id='word_1_881' title='bbox 2359 5694 2428 5748; x_wconf 91' lang='lat' dir='ltr'><strong>tui</strong></span> <span class='ocrx_word' id='word_1_882' title='bbox 2455 5693 2705 5760; x_wconf 88' lang='lat' dir='ltr'><strong>exsilivit,</strong></span> <span class='ocrx_word' id='word_1_883' title='bbox 2733 5696 3038 5764; x_wconf 87' lang='lat' dir='ltr'><strong>atque-inde</strong></span> <span class='ocrx_word' id='word_1_884' title='bbox 3060 5696 3112 5749; x_wconf 90' lang='lat' dir='ltr'><strong>in</strong></span> <span class='ocrx_word' id='word_1_885' title='bbox 3145 5705 3373 5764; x_wconf 86' lang='lat' dir='ltr'><strong>quatuor</strong></span> <span class='ocrx_word' id='word_1_886' title='bbox 3393 5696 3576 5764; x_wconf 89' lang='lat' dir='ltr'><strong>capita</strong></span> <span class='ocrx_word' id='word_1_887' title='bbox 3607 5708 3721 5751; x_wconf 76' lang='lat' dir='ltr'><strong>sese</strong></span> 
     </span>
    </p>
   </div>
   <div class='ocr_carea' id='block_1_118' title="bbox 462 5775 2029 5854">
    <p class='ocr_par' dir='ltr' id='par_1_118' title="bbox 462 5775 2029 5854">
     <span class='ocr_line' id='line_1_118' title="bbox 462 5775 2029 5854; baseline 0.009 -27"><span class='ocrx_word' id='word_1_888' title='bbox 462 5775 684 5843; x_wconf 84' lang='lat' dir='ltr'><strong>spiritus</strong></span> <span class='ocrx_word' id='word_1_889' title='bbox 713 5777 828 5848; x_wconf 81' lang='lat' dir='ltr'><strong>Dei,</strong></span> <span class='ocrx_word' id='word_1_890' title='bbox 859 5790 913 5834; x_wconf 87' lang='lat' dir='ltr'><strong>et</strong></span> <span class='ocrx_word' id='word_1_891' title='bbox 942 5782 1056 5835; x_wconf 64' lang='lat' dir='ltr'><strong>hate</strong></span> <span class='ocrx_word' id='word_1_892' title='bbox 1083 5791 1169 5836; x_wconf 83' lang='lat' dir='ltr'><strong>est</strong></span> <span class='ocrx_word' id='word_1_893' title='bbox 1198 5783 1349 5838; x_wconf 87' lang='lat' dir='ltr'><strong>unica</strong></span> <span class='ocrx_word' id='word_1_894' title='bbox 1379 5784 1486 5851; x_wconf 87' lang='lat' dir='ltr'><strong>illa,</strong></span> <span class='ocrx_word' id='word_1_895' title='bbox 1520 5785 1572 5838; x_wconf 88' lang='lat' dir='ltr'><strong>itt</strong></span> <span class='ocrx_word' id='word_1_896' title='bbox 1604 5800 1705 5854; x_wconf 84' lang='lat' dir='ltr'><strong>qua</strong></span> <span class='ocrx_word' id='word_1_897' title='bbox 1753 5785 1865 5840; x_wconf 83' lang='lat' dir='ltr'><strong>sola</strong></span> <span class='ocrx_word' id='word_1_898' title='bbox 1887 5801 2029 5854; x_wconf 71' lang='lat' dir='ltr'><strong>qua:-</strong></span> 
     </span>
    </p>
   </div>
   <div class='ocr_carea' id='block_1_119' title="bbox 2135 5780 3720 5853">
    <p class='ocr_par' dir='ltr' id='par_1_119' title="bbox 2135 5780 3720 5853">
     <span class='ocr_line' id='line_1_119' title="bbox 2135 5780 3720 5853; baseline 0.003 -17"><span class='ocrx_word' id='word_1_899' title='bbox 2135 5781 2493 5852; x_wconf 85' lang='lat' dir='ltr'><strong>disparticns,</strong></span> <span class='ocrx_word' id='word_1_900' title='bbox 2553 5785 2617 5838; x_wconf 89' lang='lat' dir='ltr'><strong>ad</strong></span> <span class='ocrx_word' id='word_1_901' title='bbox 2669 5782 2992 5853; x_wconf 69' lang='lat' dir='ltr'><strong>irrigandam</strong></span> <span class='ocrx_word' id='word_1_902' title='bbox 3038 5784 3227 5850; x_wconf 74' lang='lat' dir='ltr'><strong>[aciein</strong></span> <span class='ocrx_word' id='word_1_903' title='bbox 3277 5785 3484 5842; x_wconf 86' lang='lat' dir='ltr'><strong>arent-is</strong></span> <span class='ocrx_word' id='word_1_904' title='bbox 3531 5780 3720 5841; x_wconf 82' lang='lat' dir='ltr'><strong>mundi</strong></span> 
     </span>
    </p>
   </div>
  </div>
