4096 6346
425 363 558 420 1517

1393 363 1849 422 HOMILIARIUS.
1891 391 1961 404 —
1999 362 2161 419 HOM.
2204 364 2293 419 DE
2332 365 2635 423 SANCTIS.

3516 369 3654 430 1518

422 476 706 544 emanavit,
734 477 1010 535 laetificans
1047 480 1317 536 civitatem
1357 481 1472 534 Dei.
1503 480 1688 536 Omnis
1713 480 1856 536 enim
1888 478 1978 548 qui
2007 478 2061 538 Α
2081 489 2203 556 eum
2229 479 2319 550 qui
2349 479 2546 548 primus
2569 481 2730 536 Evam
2780 482 3159 554 supplantavit,
3191 498 3496 554 expugnare
3523 486 3648 538 viri-

424 569 617 622 hiberit
645 583 712 623 ex
732 584 820 635 eo,
846 586 952 627 non
981 570 1126 625 sitiet
1154 573 1206 626 in
1235 580 1522 627 aeternum.
1549 571 1687 627 Ecce
1719 573 1991 643 plusquam

423 661 699 729 paradisus
747 660 852 716 hic.
898 661 976 717 De
1031 663 1171 719 illius
1196 665 1338 719 enim
1369 681 1502 734 aqua
1543 665 1592 719 si
1623 665 1742 734 quis
1773 664 1990 734 biberit,

424 752 567 806 sitiet
599 753 814 808 iterum.
841 753 883 809 Ο
911 767 1163 825 quantum
1194 759 1392 812 mundo
1422 758 1715 826 contulisti,
1742 774 1860 828 qua:
1887 767 1992 813 tam

423 827 654 897 salubris
684 858 856 914 aquae,
887 845 1232 915 aquaeductus
1257 861 1375 902 esse
1417 847 1677 902 meruisti.
1720 827 1775 902 07
1792 849 1995 917 lampas

423 929 864 998 luculentissima,
895 937 1120 1003 quantos
1157 937 1455 1004 Iaztificasti,
1487 949 1686 1008 quanto
1711 940 1996 1007 splendore

421 1019 605 1090 gloria:
631 1021 724 1076 Dei
755 1023 1042 1092 illustrata,
1072 1025 1430 1083 desideratum
1481 1015 1610 1083 illud
1654 1029 1859 1095 lumen,
1887 1047 1995 1101 quo

423 1113 638 1170 iuventa
661 1109 746 1171 est
768 1113 1020 1172 drachma
1069 1118 1296 1186 decima,
1343 1104 1652 1176 sedentibus
1680 1121 1732 1175 in
1767 1121 1997 1177 tenebris

422 1215 478 1261 et
506 1207 692 1264 umbra
720 1207 911 1262 mortis
959 1199 1256 1275 protulisti?
1306 1211 1380 1264 Te
1432 1210 1683 1267 nimirum
1714 1212 1801 1268 ille
1830 1211 1994 1268 divini

421 1298 748 1370 epithalamii
791 1309 1088 1368 prteCentor
1129 1315 1160 1355 a
1209 1302 1364 1370 longo
1410 1297 1631 1356 intuitus
1663 1317 1768 1372 esr,
1803 1320 1921 1357 cum
1946 1304 1996 1357 in

421 1392 784 1446 admirationis
830 1409 1015 1448 vocem
1056 1395 1129 1448 ita
1182 1394 1458 1463 praerupit,
1502 1393 1723 1449 dicens:
1760 1395 1893 1462 Qua:
1927 1403 2000 1450 est

419 1485 536 1551 ista,
563 1501 675 1555 qua:
694 1487 1020 1557 progreditur
1039 1488 1184 1554 quasi
1211 1502 1398 1539 aurora
1420 1503 1747 1557 consurgens,
1781 1485 1998 1557 pulchra

420 1587 473 1630 ut
494 1575 640 1640 luna,
673 1576 832 1630 electa
859 1586 915 1629 ut
944 1574 1043 1644 sol,
1070 1573 1307 1629 terribilis
1343 1586 1397 1630 ut
1428 1577 1712 1630 castrorum
1747 1578 1881 1630 acies
1913 1594 1998 1631 or-

419 1667 592 1720 dinata
615 1664 766 1737 (Can.
798 1661 908 1736 vt)?
941 1665 1088 1721 Sicut
1121 1682 1312 1722 aurora
1344 1665 1500 1722 valde
1527 1667 1751 1723 rutilans
1779 1670 1829 1723 in
1850 1685 2001 1723 mun-

2091 565 2213 622 liter
2241 573 2493 639 aggressa
2523 586 2604 626 es.
2634 571 2712 626 Tu
2732 574 2875 629 enim
2904 571 3148 642 spiritum
3193 571 3438 631 elationis
3465 591 3525 629 ea
3550 577 3662 629 vir-

2094 651 2203 716 tute
2233 661 2546 718 humilitatis
2576 663 2923 733 complosisti,
2947 679 3105 734 quam
3129 665 3181 719 in
3209 676 3261 720 te
3298 667 3530 734 respexit
3558 667 3661 720 Dn-

2092 753 2290 820 minus,
2315 761 2372 807 ut
2394 753 2560 822 ipsius
2589 753 2781 810 merito
2821 770 2982 824 supra
3011 769 3196 810 omnes
3228 739 3420 832 choros
3447 747 3662 828 angelo-

2093 847 2210 900 rum
2259 853 2310 899 te
2354 843 2626 901 sublimari
2683 845 2897 915 dignam
2950 845 3313 928 estimlaverit.
3388 841 3661 917 Nunquam

2094 935 2234 990 enim
2281 953 2440 1006 supra
2481 953 2668 992 omnes
2709 939 2926 1007 angelos
2970 933 3261 1007 gloriﬁcata
3311 939 3664 1005 ascendisses,

2094 1027 2196 1080 nisi
2229 1026 2374 1096 prius
2424 1023 2568 1084 ittlra'
2605 1043 2794 1083 omnes
2847 1027 3091 1083 homines
3142 1015 3420 1084 humiliata
3451 1032 3671 1085 descen«

2095 1114 2286 1170 disses.
2318 1116 2397 1170 'l‘u
2421 1125 2478 1172 et
2503 1117 2747 1173 ardorem
2780 1115 2956 1172 vetita:
2995 1119 3440 1188 concupiscentiae
3479 1122 3673 1175 virtute

2096 1207 2356 1260 castitatis
2386 1208 2437 1261 in
2471 1215 2560 1264 tua
2606 1209 2845 1278 virginea
2887 1207 3048 1265 carne
3097 1200 3316 1265 eatenus
3355 1211 3671 1282 exstimisti,

2099 1305 2158 1352 ut
2187 1298 2230 1352 is
2254 1297 2306 1352 in
2334 1299 2484 1368 cujus
2512 1311 2804 1370 conspectu
2837 1318 2936 1357 nec
2966 1301 3106 1357 astra
3129 1303 3324 1357 munda
3354 1315 3496 1369 sunt,
3519 1313 3676 1358 tantas

2099 1387 2374 1442 munditia:
2402 1391 2624 1443 carnem
2656 1397 2797 1444 tuam
2825 1391 3166 1460 judicaverit,
3195 1398 3252 1446 ut
3293 1392 3452 1447 etiam
3486 1387 3673 1448 divitia:

2103 1479 2318 1544 puritati
2375 1495 2492 1536 eam
2537 1483 2862 1552 agglutinare
2908 1499 3015 1538 non
3064 1483 3388 1552 despexerit.
3439 1484 3529 1539 llis
3551 1487 3675 1554 ergo

2103 1571 2378 1639 primariis
2401 1572 2626 1628 ducibus
2655 1575 2995 1634 tenebrarum
3025 1590 3056 1629 a
3083 1585 3136 1630 te
3164 1574 3372 1630 fortiter
3399 1589 3676 1644 expugna—

2103 1662 2191 1728 tis,
2223 1664 2397 1718 omnis
2419 1674 2542 1719 ante
2572 1664 2764 1744 faciem
2793 1675 2936 1722 tuam
2966 1666 3151 1723 militia
3196 1667 3548 1737 spiritualium
3579 1683 3675 1723 ne-

419 1756 545 1810 dum
567 1772 849 1826 progressa
880 1757 962 1823 es,
990 1773 1023 1812 ο
1048 1757 1233 1826 Maria,
1272 1760 1485 1830 quando
1516 1761 1624 1816 veri
1656 1761 1787 1816 solis
1811 1762 2002 1831 splen-
2031 1823 2074 1831 _
2103 1753 2389 1820 quitiarum
2414 1756 2467 1810 in
2496 1753 2674 1826 fugam
2704 1773 2964 1813 conversa
2989 1768 3090 1813 est.
3133 1759 3376 1813 Gloriosa
3395 1759 3534 1813 dicta
3557 1768 3681 1813 sunt

420 1823 629 1916 dorem,
657 1858 816 1928 tanta:
842 1853 1137 1928 sanctitatis
1162 1849 1320 1920 jubar
1349 1855 1768 1924 praecucurristi,
1791 1863 1845 1910 ut
1875 1871 1996 1912 vere

2102 1845 2169 1898 de
2197 1855 2270 1914 te,
2299 1846 2525 1916 genitrix
2559 1823 2675 1918 Dei,
2706 1849 2800 1905 sed
2830 1850 3004 1904 adhuc
3055 1845 3202 1905 locus
3232 1853 3318 1904 est
3351 1859 3455 1928 tua;
3493 1849 3678 1904 lauda-

420 1937 564 1996 diem
612 1927 825 2005 salutis,
857 1931 998 1996 diem
1031 1943 1439 2011 propitiationis,
1491 1939 1631 2000 diem
1670 1961 1828 2016 quam
1877 1947 2003 2003 fecit

421 2025 702 2096 Dominus,
731 2048 760 2087 a
793 2041 880 2086 tua
911 2033 1154 2088 claritate
1176 2034 1373 2090 initiari
1404 2037 1622 2108 dignum
1647 2037 1823 2093 fuerit.
1852 2037 2001 2094 Felix

421 2121 638 2191 aurora,
675 2123 842 2180 felicis
865 2125 972 2180 diei
1003 2129 1184 2182 nuntia
1227 2119 1497 2184 exstitisti.
1539 2129 1722 2186 Talem
1753 2147 2002 2185 auroram

421 2205 544 2271 talis
573 2216 712 2282 dies,
737 2227 790 2274 et
827 2217 982 2273 talem
1015 2219 1154 2278 diem
1175 2219 1295 2275 talis
1323 2236 1512 2276 aurora
1540 2222 1735 2278 decuit.
1769 2221 1834 2278 Et
1857 2233 2003 2280 recte

425 2304 639 2375 quidem
697 2323 907 2363 aurorae
965 2310 1194 2378 implesti
1248 2312 1502 2368 officium.
1560 2313 1678 2383 lpse
1724 2317 1866 2369 enim
1922 2313 2030 2371 sol'

415 2395 636 2470 j'ustitiaa
667 2399 736 2454 de
765 2409 814 2455 te
837 2416 1204 2472 processurus,
1235 2413 1410 2458 ortum
1445 2419 1600 2460 suum
1628 2405 1858 2475 quadam
1888 2424 2001 2463 ma-

422 2475 590 2544 tutina
613 2487 958 2545 irradialione
983 2494 1338 2562 praeveniens,
1370 2493 1424 2550 in
1455 2501 1505 2551 te
1530 2495 1667 2552 lucis
1695 2513 1805 2553 suae
1825 2499 2002 2555 radios

421 2579 640 2648 copiose
699 2581 1002 2648 transfodit,
1051 2583 1244 2654 quibus
1295 2591 1584 2656 potestates
1637 2589 2000 2658 tenebrarum,

422 2685 555 2741 quas
605 2671 712 2727 Eva
746 2674 1047 2742 induxerat,
1081 2675 1131 2730 in
1163 2673 1341 2747 fugam
1371 2681 1705 2752 convertisti,
1738 2689 1898 2750 atque
1930 2679 2002 2738 ita

427 2759 787 2819 desideratum
819 2757 1029 2821 cunctis
1044 2769 1288 2838 gentibhs
1307 2770 1476 2827 solem
1499 2773 1698 2828 mundo
1723 2768 1997 2830 invexisti.

431 2843 508 2909 Td
537 2853 758 2925 pulchra
788 2857 846 2912 ttt
867 2858 987 2912 luna
1018 2860 1234 2928 diceris,
1257 2863 1411 2932 eique
1435 2879 1542 2918 non
1569 2864 1834 2920 immel‘lto
1853 2871 2002 2922 com-

423 2950 645 3019 paratis.
681 2947 768 3003 Ilia
801 2952 942 3006 enim
975 2959 1238 3007 astrorum
1270 2956 1508 3010 omnium
1539 2955 1651 3011 sola
1700 2955 1799 3012 soli
1831 2959 2000 3013 simil-

423 3039 572 3108 lima,
604 3041 918 3098 eteandore
947 3055 1174 3100 venusta
1203 3057 1481 3117 argenteo,
1511 3050 1720 3104 creteris
1769 3050 1821 3104 in
1864 3051 2001 3106 uelo

421 3133 998 3202 praemicatsideribus.
1031 3135 1110 3191 Tu
1141 3138 1252 3192 teri
1272 3139 1400 3194 solis
1444 3141 1618 3211 imago
1657 3141 2000 3210 eXpre‘ssissl-

2104 1936 2255 2002 tioni,
2283 1937 2458 1993 adhuc
2485 1938 2538 1993 in
2567 1939 2674 1993 tuis
2701 1939 2947 1995 laudibus
2995 1940 3172 1994 omnis
3223 1939 3400 2008 lingua
3433 1927 3674 1995 balbutit.

2105 2027 2220 2083 Non
2249 2031 2391 2085 enim
2416 2040 2540 2086 sunt
2571 2031 2794 2100 loquelae
2819 2037 2990 2101 neque
3016 2043 3295 2086 sermones
3321 2029 3374 2084 in
3405 2032 3548 2085 omni
3589 2033 3679 2086 ha-

2106 2119 2251 2178 tione
2299 2139 2418 2193 quae
2472 2123 2573 2179 sub
2619 2124 2758 2180 coelo
2799 2132 2902 2188 est,
2931 2123 3128 2194 quibus
3177 2123 3474 2192 amplitudo
3500 2125 3681 2193 gloria:

2105 2223 2210 2268 tuae
2235 2215 2303 2270 ad
2342 2216 2562 2285 plenum
2592 2217 2766 2271 valeat
2815 2217 3091 2285 explicari.
3137 2215 3184 2272 Ο
3213 2219 3426 2287 magna,
3449 2225 3482 2272 ο
3514 2219 3617 2287 pia,
3650 2231 3684 2272 o

2103 2305 2327 2360 multum
2371 2305 2615 2361 amabilis
2667 2307 2853 2361 Maria.
2904 2303 2986 2361 Tu
3037 2319 3138 2362 nec
3185 2307 3680 2378 nominariquidcm

2106 2407 2257 2465 potes
2279 2397 2405 2467 quin
2435 2398 2717 2466 accelidas,
2743 2413 2842 2452 nec
2868 2399 3092 2468 cogitari
3144 2401 3270 2469 quin
3300 2403 3513 2456 recree's
3554 2400 3685 2456 alie

2103 2495 2219 2540 ctus
2247 2485 2580 2558 diligentium
2612 2491 2682 2542 te.
2703 2489 2779 2541 'l‘u
2813 2501 3087 2558 nunquam
3111 2490 3227 2544 sine
3251 2489 3534 2547 dulcedine
3551 2490 3686 2545 divi-

2105 2575 2246 2632 nitus
2279 2578 2369 2632 tibi
2400 2578 2562 2633 insita
2608 2579 2706 2647 pia;
2737 2581 3012 2635 memorias
3063 2590 3241 2648 portas
3271 2581 3582 2651 ingrederis.
3619 2583 3684 2638 Et

2104 2679 2246 2725 nunc
2266 2672 2539 2740 sequimur
2566 2675 2638 2737 te,
2667 2677 2700 2727 d
2725 2670 2965 2739 domina,
3003 2687 3069 2725 ex
3099 2675 3222 2726 totis
3251 2673 3564 2741 praecordiis
3592 2689 3683 2730 vo-

2104 2759 2393 2817 tiferantes
2433 2762 2498 2816 ad
2559 2771 2612 2817 te
2661 2779 2673 2815 :
2719 2763 2922 2831 Adjuva
2974 2762 3388 2819 imbecillitatem
3425 2775 3682 2830 nostram,

2104 2853 2256 2909 aufer
2282 2855 2630 2924 opprobrium
2669 2857 2930 2908 ltostrum.
2961 2849 3121 2908 Vides
3151 2855 3288 2908 hanc
3315 2854 3552 2912 tunicam
3576 2859 3686 2927 pel-

2105 2939 2319 3013 liceaitt,
2346 2959 2465 3017 quae
2496 2951 2594 3003 nos
2623 2947 3000 3016 circumdedit,
3028 2947 3258 3003 tunicam
3300 2945 3425 3005 Evae
3456 2953 3686 3021 parentis

2106 3037 2338 3092 nostrae?
2385 3039 2509 3092 Haec
2551 3035 2636 3094 est
2680 3047 2839 3108 quam
2877 3037 3004 3093 olim
3051 3031 3120 3091 ad
3165 3053 3265 3095 nos
3315 3041 3686 3099 transmisitac

2104 3125 2482 3196 sitpervestivii
2513 3116 2732 3183 carnem
2766 3128 2998 3185 filiorum
3030 3143 3271 3198 suorum,
3290 3133 3424 3186 sicut
3453 3131 3688 3201 diploide

420 3193 529 3291 ina,
560 3223 701 3280 inter
724 3227 888 3281 millia
918 3231 1185 3284 astrorum
1215 3225 1324 3286 Deo
1345 3193 1996 3305 assiSIei‘t’tium,rVirginail

2104 3193 2423 3273 confusione
2457 3222 2575 3274 sua.
2610 3215 2686 3274 De
2719 3225 2878 3275 manu
2911 3222 3110 3292 Quippe
3143 3193 3285 3277 illius
3306 3193 3534 3291 duplicis
3557 3225 3683 3279 mali

421 3318 650 3386 puritate
679 3319 734 3372 ilt
775 3321 924 3374 caelis
961 3321 1192 3390 gloriosa
1248 3319 1551 3395 praelulges.
1610 3327 1698 3381 illa
1731 3328 1999 3384 transfuso

421 3411 473 3467 itt
502 3428 560 3468 se
589 3413 752 3469 solari
778 3413 979 3471 lumine
1025 3429 1234 3472 noctem
1268 3405 1548 3476 illuminat.
1574 3413 1654 3475 Tit
1685 3421 1937 3477 virtutum
1968 3427 1999 3476 a

422 3505 532 3561 Deo
559 3501 650 3560 tibi
685 3507 992 3575 inditarum,
1025 3509 1318 3579 tiingnilicis
1364 3513 1625 3581 exemplis
1653 3511 1720 3566 a'd
1749 3513 1999 3567 imitatio-

421 3605 540 3651 nem
567 3597 640 3652 tui
672 3603 770 3653 nos
801 3605 1078 3669 provocas,
1105 3605 1286 3671 sicque
1339 3611 1572 3657 nostram
1615 3613 1825 3658 noctem
1875 3603 1996 3659 illtl-

420 3688 610 3742 minas.
636 3689 734 3755 Qui
764 3691 906 3743 enim
937 3691 1050 3746 vias
1088 3697 1204 3746 tuas
1235 3691 1526 3748 insectatus
1547 3691 1724 3761 fuerit,
1759 3709 1863 3750 non
1885 3707 1999 3748 am-

421 3773 625 3832 bulabit
665 3779 716 3832 in
767 3781 1015 3845 tenebris,
1066 3781 1159 3835 sed
1214 3781 1394 3836 lumen
1443 3784 1564 3836 vitae
1604 3783 1857 3839 inveniet.
1916 3781 1998 3839 Tu

419 3875 548 3938 ergo
573 3867 790 3938 pulchra
815 3879 874 3926 es
905 3877 961 3925 ut
990 3871 1135 3939 luna,
1166 3873 1272 3926 into
1302 3881 1356 3927 et
1401 3873 1670 3944 pulchrior
1702 3873 1847 3941 luna,
1877 3878 1998 3946 quia

421 3967 525 4014 tota
554 3961 767 4029 pulchra
790 3979 861 4028 es,
884 3973 932 4017 et
957 3961 1156 4018 macula
1181 3980 1282 4018 non
1311 3976 1383 4019 est
1406 3967 1457 4020 in
1499 3975 1567 4033 te,
1596 3977 1764 4036 neque
1785 3967 1996 4022 vicissi-s

425 4051 618 4106 tudinis
648 4052 1006 4108 obumbratio.
1037 4054 1115 4108 Tu
1144 4056 1308 4110 electa
1335 4065 1394 4112 ut
1431 4055 1535 4123 soi,
1597 4057 1707 4126 ille,
1756 4058 1995 4129 inquam,

420 4141 502 4198 sol
529 4143 658 4198 solis
687 4145 948 4202 conditor.
978 4145 1072 4200 Ille
1099 4149 1241 4202 enim
1265 4147 1465 4204 electus
1496 4165 1560 4204 ex
1593 4151 1824 4205 millibus
1853 4155 1997 4214 virq-

407 4243 557 4307 _r'um,
588 4243 644 4292 tu
671 4236 926 4309 electa,ex
948 4239 1178 4294 millibus
1200 4239 1538 4298 feminarum.
1585 4244 1677 4299 ille
1700 4245 1902 4300 electus
1932 4261 1996 4301 ex

420 4329 667 4384 omnibus
688 4341 808 4398 quae
838 4345 930 4395 per
955 4327 1104 4384 illum
1135 4337 1282 4398 sunt,
1326 4343 1379 4387 tu
1428 4335 1676 4390 terribilis
1708 4346 1761 4390 ut
1793 4347 1996 4392 castro-

421 4435 538 4474 rum
564 4423 704 4475 acies’
730 4421 993 4476 ordinata.
1028 4422 1162 4490 Quid
1191 4423 1372 4478 enim?
1410 4423 1490 4480 Art
1522 4442 1627 4482 non
1672 4429 1997 4484 horruerunt

2103 3310 2386 3364 seminium
2409 3315 2554 3364 terra
2578 3315 2761 3364 nostra
2790 3311 3046 3381 suscepit,
3080 3323 3135 3367 et
3179 3313 3422 3383 concepit
3449 3325 3504 3369 et
3525 3331 3686 3385 pepe-

2101 3405 2174 3460 rit
2201 3404 2356 3460 nobis
2406 3405 2590 3474 spinas
2610 3405 2668 3461 et
2691 3405 2914 3473 tribulos
2961 3407 3256 3477 iniquitatis
3286 3413 3337 3466 in
3363 3413 3564 3480 anima,
3593 3427 3686 3470 ca-

2102 3495 2368 3550 lamitates'
2386 3496 2438 3550 in
2469 3499 2718 3566 corpore,
2749 3505 2805 3554 et
2829 3501 2930 3568 per
2957 3499 3070 3554 haec
3104 3501 3326 3558 mortem
3377 3506 3679 3576 utrobique.

2100 3583 2146 3640 υ
2165 3586 2351 3642 ittlelix'
2383 3587 2694 3655 interemtus,
2721 3597 2758 3644 ο
2778 3589 2896 3645 dira
2915 3591 3163 3646 humana:
3183 3596 3356 3650 Carnis
3375 3593 3678 3664 inﬁrmitas,

2103 3691 2272 3746 usque
2297 3693 2406 3748 quo
2426 3681 2692 3747 patiemur
2716 3681 2806 3736 te!
2841 3679 3062 3735 Multum
3089 3685 3244 3739 dorsa
3295 3691 3472 3743 nostra
3507 3692 3683 3746 incur-

2102 3768 2255 3830 va‘Sti,
2316 3767 2437 3836 quia
2478 3770 2660 3838 gravis
2715 3786 2774 3825 es
2817 3773 2991 3836 valde,
3043 3777 3094 3827 et
3120 3775 3212 3829 diu
3243 3785 3291 3830 te
3323 3783 3682 3849 portavimus;

2103 3857 2327 3911 multum
2359 3869 2458 3914 nos
2505 3859 2744 3915 minutsti
2780 3862 2850 3916 ab
2900 3865 3122 3934 angelis,
3172 3871 3305 3934 quos
3354 3877 3408 3924 et
3429 3871 3684 3937 jumentis

2101 3947 2473 4017 insipientibus
2495 3952 2848 4020 comparasti.
2908 3951 3074 4010 Nimis
3105 3957 3394 4026 invaluisti,
3422 3967 3543 4030 quae
3575 3979 3680 4019 non

2101 4041 2202 4096 nisi
2223 4052 2397 4097 morte
2423 4043 2546 4100 Filii
2577 4045 2675 4101 Dei
2708 4050 2884 4101 sanari
2917 4051 3152 4118 potuiSti.
3197 4053 3364 4110 Nimis
3394 4071 3555 4124 supra
3586 4073 3682 4114 nos

2102 4144 2154 4190 te
2179 4138 2434 4204 extulisti,
2461 4143 2677 4210 quando
2703 4147 2756 4197 et
2783 4157 2952 4214 usque
3005 4146 3069 4200 ad
3102 4155 3222 4202 eum
3256 4152 3342 4218 qui
3383 4163 3540 4220 supra
3565 4169 3683 4210 om-

2103 4227 2186 4280 nia
2233 4235 2334 4292 est,
2371 4231 2587 4288 incaute
2637 4233 2948 4289 ascendisti.
3002 4237 3068 4290 Et
3097 4240 3214 4308 quis
3252 4257 3350 4296 nos
3381 4243 3680 4302 libet-abite

2097 4322 2402 4389 corruptela
2433 4325 2749 4379 miserrima:
2778 4327 2936 4396 hujus
2967 4331 3264 4398 pellimtiae?
3304 4334 3481 4391 Gratia
3507 4340 3684 4394 salva-'

2101 4412 2228 4466 toris
2274 4415 2442 4468 nostri
2489 4416 2586 4470 filii
2633 4420 2726 4482 tui,
2751 4433 2784 4471 o
2827 4419 3012 4476 Maria.
3045 4423 3144 4490 Qui
3179 4436 3234 4478 ut
3269 4427 3474 4482 infirma
3497 4441 3677 4488 nostra

421 4511 684 4579 principes
734 4512 1074 4567 tenebrarum
1105 4515 1316 4582 quando
1367 4517 1615 4574 viderunt
1660 4529 1852 4589 praeter
1881 4537 1994 4576 mo-
2023 4503 2562 4614 Βιθηετθῑηεροξξίθ
2605 4510 2903 4614 inﬁrmatus
2933 4523 3036 4581 εει,
3084 4519 3139 4572 εί
3191 4523 3248 4572 Ill
3297 4533 3440 4577 mors
3493 4529 3678 4582 mortis

420 4614 529 4653 rem
579 4599 889 4657 instructam
937 4603 1083 4658 omni
1130 4611 1396 4662 armatura
1447 4609 1660 4665 fortitim
1702 4619 1886 4666 centra
1935 4623 1994 4668 se

419 4694 708 4761 procedere
736 4693 1025 4750 feminam?
1082 4696 1351 4754 Feminam
1407 4700 1620 4770 fortem,
1661 4712 1715 4759 et
1753 4706 1821 4760 ad
1858 4705 1993 4762 bella

418 4785 804 4852 doctissimam,
830 4788 982 4857 cujus
1011 4791 1152 4845 ensis
1177 4805 1337 4862 super
1371 4794 1544 4850 femur
1591 4809 1743 4851 suum
1775 4803 1994 4868 propter

416 4876 635 4930 timores
663 4883 971 4933 nocturnos.
1002 4877 1066 4933 Et
1113 4881 1164 4936 in
1207 4885 1430 4939 circuitu
1475 4884 1592 4956 ejus
1640 4889 1784 4944 acies
1817 4889 1992 4945 valida

415 4965 768 5037 spiritualium
799 4967 1073 5038 virtutum,
1116 4979 1214 5028 suo
1268 4987 1328 5030 se
1374 4975 1598 5033 invicem
1627 4977 1812 5036 ordine
1838 4992 1991 5038 tuen-

418 5059 570 5125 tium,
594 5060 642 5115 si
671 5059 886 5129 quidem
915 5061 1251 5120 ordinatione
1284 5075 1587 5135 perSeVerat
1635 5071 1770 5128 dies.
1808 5073 1915 5130 Sed
1939 5083 1993 5132 et

414 5149 860 5205 innumerabilem
893 5153 1164 5208 beatorum
1213 5159 1492 5226 spirituum
1525 5163 1764 5218 militiam
1795 5164 1860 5219 ad
1891 5165 1991 5220 mi-

415 5238 694 5294 nisterium
721 5242 850 5295 tanti
876 5243 1128 5313 principis
1147 5243 1444 5317 delegatum
1486 5253 1788 5310 nullatenus
1817 5256 1990 5310 ambi-

414 5329 608 5400 gimus,
660 5341 841 5399 utpote
887 5335 976 5404 qui
1029 5337 1356 5395 custodirent
1409 5343 1656 5401 lectulum
1688 5347 1992 5405 Salomonis

415 5419 797 5488 gratissimum,
819 5438 883 5480 ac
905 5427 1244 5495 providerent
1291 5447 1357 5487 ne
1403 5441 1756 5504 przeparatum
1785 5448 1986 5496 aeterno

415 5514 525 5583 regi
555 5514 864 5585 hospitium,
893 5520 1100 5576 alienus
1151 5523 1347 5592 hospes
1396 5527 1692 5586 invaderet.
1725 5529 1986 5589 Nimirum

416 5606 575 5661 timor
597 5618 650 5662 et
678 5620 876 5665 tremor
898 5625 1158 5669 venerunt
1186 5629 1348 5686 super
1388 5635 1502 5686 eos,
1531 5621 1598 5676 ita
1626 5632 1682 5678 ut
1703 5625 1944 5682 dicerent
1975 5647 1987 5682 :

416 5697 555 5753 Ecce
584 5701 702 5768 plus
726 5711 882 5770 quam
909 5707 1016 5758 Eva
1047 5706 1180 5761 haec.
1203 5707 1388 5764 Castra
1441 5712 1531 5766 Dei
1569 5725 1695 5770 sunt
1725 5716 1857 5773 haec.
1885 5718 1997 5774 Fu-

415 5791 616 5860 giamus
642 5793 905 5851 Israelem.
957 5797 1037 5853 Tu
1066 5813 1217 5870 ergo,
1259 5802 1502 5859 bellatrix
1542 5811 1778 5880 egregia,
1819 5811 1992 5881 primo

2101 4605 2299 4650 nostra:
2331 4597 2446 4665 ipse
2475 4598 2650 4667 fieret,
2677 4601 2955 4669 innocens,
3002 4621 3098 4676 pro
3134 4615 3500 4677 peccatoribus
3532 4621 3676 4670 mor-

2100 4693 2220 4740 tuus
2245 4698 2347 4742 est.
2386 4690 2450 4744 Et
2479 4691 2596 4760 quis
2641 4697 2747 4747 tam
2805 4695 3048 4763 idoneus,
3083 4707 3140 4754 ut
3170 4711 3264 4769 pro
3312 4705 3464 4760 nobis
3491 4706 3677 4776 loqua-s

2040 4787 2050 4796 '
2102 4783 2188 4830 tur
2209 4776 2274 4830 ad
2303 4792 2396 4833 cor
2426 4779 2637 4837 Domini
2665 4785 2833 4839 nostri
2871 4786 2996 4842 Jesu
3036 4787 3256 4856 Christi,
3279 4795 3416 4848 sicut
3442 4803 3518 4862 tu,
3549 4797 3676 4852 felix

2099 4864 2287 4933 Maria,
2316 4885 2436 4938 qum
2467 4871 2520 4925 in
2541 4873 2920 4931 secretissimis
2953 4879 3286 4948 amplexibus
3327 4879 3674 4942 amantissimi

2099 4958 2194 5014 filii
2223 4963 2300 5016 tui
2316 4965 2551 5021 suaviter
2569 4967 2736 5024 cubas
2754 4971 2806 5024 in
2829 4973 3054 5028 meridie
3071 4973 3422 5044 sempiterno,
3453 4977 3676 5048 ejusque

2101 5061 2517 5122 familiarissima
2565 5063 2853 5138 colloquio,
2899 5083 3017 5127 eum
3068 5077 3221 5144 plena
3269 5079 3444 5134 cordis
3494 5081 3675 5138 laetitia

2101 5155 2426 5221 perfrueris?
2453 5157 2716 5227 Loquere,
2745 5159 2978 5229 domina,
3033 5168 3155 5235 quia
3193 5172 3340 5225 audit
3367 5171 3505 5226 ftiius
3529 5183 3673 5231 tuus.

2097 5244 2289 5300 lnvoea
2320 5247 2518 5302 bonum
2548 5257 2742 5304 notncn
2771 5253 2891 5323 ejus
2922 5264 3081 5324 super
3112 5267 3228 5328 nos,
3278 5263 3333 5317 ut
3361 5271 3614 5323 citremur
3642 5289 3672 5328 a

2094 5336 2238 5405 lepra
2284 5340 2460 5393 carnis
2515 5349 2570 5394 et
2617 5341 2860 5411 spiritus.
2910 5343 3086 5404 Exure
3132 5353 3277 5408 virus
3310 5349 3410 5410 hoc
3431 5361 3672 5416 mortife-

2099 5439 2240 5497 rum,
2269 5430 2410 5501 quod
2441 5431 2508 5488 de
2539 5435 2680 5504 pomi
2704 5439 2783 5490 sui
2808 5439 3050 5512 reliquiis
3098 5441 3206 5500 Eva
3251 5447 3404 5506 nobis
3426 5455 3674 5524 propitia-

2096 5535 2194 5593 vit.
2223 5533 2436 5592 lltiuam
2466 5540 2712 5608 poculum
2745 5547 2898 5597 suum
2929 5539 3076 5600 ebria
3119 5548 3206 5603 illa
3233 5558 3326 5605 aut
3355 5560 3521 5606 totum
3561 5551 3676 5608 ebi-

2099 5629 2286 5693 bisset,
2317 5637 2409 5685 aut
2434 5639 2599 5686 totum
2626 5633 2926 5690 effudisset.
2947 5629 3022 5692 Te
3040 5654 3294 5698 exorante
3316 5621 3473 5699 omne
3487 5641 3671 5714 jugum

2100 5727 2340 5775 nostrum
2371 5725 2764 5792 cumputrescat
2789 5743 2818 5782 a
2850 5727 2984 5785 facie
3002 5731 3106 5786 olei
3149 5735 3523 5792 misericordiae
3554 5729 3665 5793 Dei.

2102 5812 2410 5870 Renuvetur
2433 5825 2490 5871 ut
2514 5818 2705 5887 aquila:
2746 5821 2998 5890 juventus
3043 5836 3249 5898 nostra,
3299 5833 3506 5892 utnovi
3537 5845 3670 5889 nova
