4096 6346
385 4566 394 4600 l

435 425 570 486 1519

427 556 560 598 voce
584 550 775 593 novum
821 534 1083 590 canticum
1133 534 1282 587 novis
1311 534 1517 588 civibus
1559 532 1852 603 aggregati,
1888 529 1999 586 illic
2025 527 2076 588 Δ
2102 523 2172 577 ad
2204 522 2441 588 hamum,

427 632 518 689 ubi
545 645 683 686 nova
714 640 839 684 sunt
861 627 1060 691 omnia,
1112 616 1382 680 iubilaeum
1435 624 1823 695 sempiternum
1863 623 2002 677 cele-

424 725 663 789 brantes,
696 721 750 776 in
776 719 1034 792 cymbalis
1053 716 1384 788 jubilationis
1423 716 1789 771 concinamus.
1821 713 1999 768 Tolla-

426 828 518 873 tur
544 829 723 872 crassa
773 813 889 867 haec
933 810 1123 866 nebula
1150 810 1218 865 ab
1247 809 1417 865 oculis
1438 810 1652 873 nostris,
1687 817 1743 862 ut
1768 805 2000 861 revelata

429 910 564 964 facie
614 907 835 977 gloriam
889 903 1100 958 Domini
1149 903 1512 971 speculantes,
1576 900 1626 952 in
1683 899 2000 951 immensum

425 997 557 1052 illud
590 997 806 1066 pelagus
831 994 997 1049 divini
1057 992 1267 1047 luminis
1323 989 1704 1045 absorbeamur
1733 1002 1760 1039 a
1788 983 1995 1039 Domini

425 1088 638 1159 Spiritu,
662 1101 724 1142 ac
752 1085 862 1141 Deo
889 1093 1071 1139 nostro
1120 1085 1172 1138 in
1207 1082 1437 1137 vinculis
1461 1079 1740 1135 charitatis
1766 1077 1999 1143 astricti,

427 1197 565 1238 unus
591 1196 710 1236 cum
734 1181 848 1249 ipso
871 1179 1088 1248 spiritus
1128 1174 1452 1241 efﬁciamur;
1488 1182 1710 1242 praestet
1767 1172 1869 1223 hoc
1901 1183 1999 1221 no-

420 1277 526 1344 bis,
552 1291 586 1332 o
612 1275 792 1341 Maria,
827 1274 965 1328 filius
995 1281 1116 1328 tuus
1147 1270 1402 1327 Dominus
1442 1278 1623 1323 noster
1651 1265 1806 1320 Jesus
1835 1261 1962 1317 Chri
1983 1290 2005 1302 -

418 1382 554 1440 stus,
580 1371 666 1426 cui
686 1371 800 1427 laus
829 1377 884 1426 et
914 1369 1078 1438 gloria
1107 1377 1162 1423 et
1201 1365 1489 1436 gratiarum
1539 1362 1676 1418 actio
1705 1360 1758 1415 in
1787 1356 2002 1427 sempi-

420 1474 571 1524 terna
598 1465 813 1524 saecula.
837 1464 1031 1522 Amen.

992 1597 1265 1656 HOMILIA
1306 1595 1438 1651 Llll.

916 1728 992 1768 DE
1031 1724 1249 1768 EODEM
1293 1720 1515 1763 FESTO.

424 1835 529 1908 (Ex
573 1848 696 1908 ven.
753 1822 1276 1908 Bedae_presbyteri
1309 1807 2002 1908 _et“sanctiulliemnynti

597 1885 806 1961 Comm.
840 1901 896 1955 in
925 1885 1270 1965 Evangelium
1309 1889 1562 1954 Matthxi,
1591 1885 1827 1958 passim.)

499 2021 651 2076 Liber
701 2013 1038 2088 generationis
1083 2008 1210 2063 Jesu
1257 2005 1450 2061 Christi
1524 2001 1621 2070 filii
1668 1999 1856 2064 David,
1911 1995 2008 2065 ﬁlii

422 2115 702 2171 Abraham.
751 2108 1010 2164 Abraham
1053 2102 1224 2174 genuit
1264 2098 1439 2166 Isaac,
1467 2093 1617 2150 Isaac
1643 2102 1811 2148 autem
1835 2089 2008 2160 genuit

421 2209 604 2276 Iacob,
628 2215 733 2263 etc.
765 2203 980 2275 (Matth.
1017 2198 1076 2262 I).

491 2275 644 2356 Liber
691 2293 1030 2368 generationis
1082 2290 1208 2343 Jesu
1258 2283 1470 2340 Christi.
1512 2278 1814 2336 Secundum
1872 2275 2008 2328 hanc

423 2399 568 2453 enim
613 2391 856 2444 Christus
904 2384 1044 2438 filius
1099 2379 1332 2434 hominis
1376 2382 1482 2440 est,
1513 2371 1653 2442 quod
1687 2383 1745 2424 se
1773 2368 1887 2453 ipse
1917 2380 2013 2419 sa:-

424 2485 646 2558 pissime
695 2478 950 2549 appellat,
1000 2468 1382 2528 commendans
1436 2464 1588 2549 nobis
1630 2459 1759 2531 quid
1809 2446 2011 2512 miseri-

422 2552 657 2636 corditer
686 2573 934 2642 dignatus
958 2567 1026 2621 sit
1054 2578 1176 2621 esse
1206 2576 1303 2631 pro
1335 2557 1506 2613 nobis.
1536 2554 1668 2608 Nam
1703 2552 1792 2605 illa
1821 2563 2011 2618 super-

421 2687 490 2728 na
515 2677 563 2726 et
592 2639 787 2722 mtern‘a
816 2659 1089 2733 generatio
1138 2652 1429 2712 secundum
1474 2662 1635 2718 quam
1686 2644 1856 2698 Filius
1917 2639 2012 2695 Dei

419 2763 722 2834 unigenitus
764 2765 847 2814 est
899 2764 1023 2809 ante
1075 2764 1288 2805 onmem
1330 2752 1656 2805 creaturam,
1684 2738 1805 2808 quia
1832 2735 2007 2791 omnia

419 2828 721 2926 per'ipsum
766 2849 905 2918 facta
953 2853 1093 2910 sunt,
1143 2842 1215 2897 ita
1268 2848 1352 2894 est
1407 2832 1708 2898 ineﬁabilis,
1743 2839 1800 2884 ut
1829 2829 1896 2884 de
1921 2828 2012 2884 illa

420 2923 617 3001 dictum
651 2959 683 2999 a
727 2938 984 3010 prOpheta
1023 2933 1158 2992 Isaia
1200 2930 1523 2998 intelligatur
1558 2946 1569 2980 :
1604 2923 2005 2978 Generationem

421 3039 532 3106 ejus
555 3035 667 3105 quis
698 3031 961 3088 enarrabit
992 3026 1146 3100 (lsai.
1182 3025 1336 3094 LIII)?
1368 3023 1679 3090 Quanquam
1703 3025 1758 3073 et
1786 3015 1853 3070 de
1882 3026 2013 3070 tem-

317 3200 322 3204 η
419 3133 590 3202 porali
634 3129 748 3199 ejus
811 3126 1085 3183 nativitate
1129 3120 1328 3176 dictum
1349 3118 1439 3184 sit,
1489 3129 1593 3186 qua
1634 3111 1863 3169 Verbum
1895 3123 2013 3164 caro

423 3223 616 3290 factum
659 3227 754 3286 est,
803 3227 857 3272 et
899 3215 1051 3283 virgo
1097 3212 1304 3282 Spiritu
1360 3217 1546 3264 sancto
1598 3204 1816 3277 gravida
1845 3203 2012 3257 filium

1278 419 1476 478 PAULI
1517 417 1786 478 DIACONI
1825 415 1973 476 ΟΡΡ.
2018 409 2194 468 PARS
2235 406 2300 462 ll.
2337 434 2408 445 —-
2446 396 2797 459 ASCETICA.

3540 381 3681 440 i523

2489 516 2540 571 id
2584 524 2685 579 est,
2718 510 2782 565 ad
2811 505 3079 562 Christum
3125 500 3458 565 adveniatur,
3480 499 3544 554 de
3570 514 3676 569 quo

2107 615 2170 670 ad
2203 625 2442 669 sanctum
2468 608 2569 664 Job
2599 605 2792 661 dicitur
2840 619 2850 653 :
2884 596 3135 667 Nunquid
3185 593 3467 649 aduncabis
3496 593 3676 645 Lma-

2109 709 2231 761 than
2274 703 2423 757 hamo
2450 711 2554 767 tuo,
2605 705 2692 751 aut
2723 691 2924 748 armilla
2951 688 3237 761 perforabis
3285 684 3550 739 maxillam
3575 683 3685 753 ejus

2108 797 2252 869 (Job.
2302 795 2432 865 1L)?
2464 794 2518 847 In
2573 791 2731 844 hamo
2763 799 2889 855 ergo
2936 777 3317 838 incarnationis
3364 777 3559 833 Christi
3590 778 3690 829 iste

2107 897 2292 958 captus
2317 895 2420 951 est,
2455 883 2543 953 qui
2592 882 2717 936 dum
2751 879 2801 932 in
2835 876 2927 931 illo
2972 873 3176 944 appetit
3202 885 3377 927 escam
3426 869 3687 937 corporis,

2110 980 2395 1034 transfixus
2433 985 2514 1031 est
2539 974 2727 1030 aculeo
2773 969 3088 1025 divinitatis.
3130 965 3297 1020 ludas
3327 972 3497 1017 autem
3518 962 3694 1035 genuit

2109 1069 2304 1123 Phares
2334 1078 2379 1122 et
2411 1067 2597 1123 Saram
2627 1065 2689 1119 de
2718 1061 2968 1117 Thamar.
3012 1057 3310 1114 Notandum
3340 1057 3480 1125 quod
3512 1057 3565 1109 in
3593 1070 3690 1124 ge-

2110 1161 2350 1230 nealogia
2379 1151 2678 1217 Salvatoris
2707 1156 2907 1211 nullam
2946 1161 3250 1207 sanctarum
3301 1148 3523 1202 assumit
3578 1162 3693 1200 mu-

2110 1255 2328 1322 lierum,
2387 1252 2480 1308 sed
2537 1267 2628 1306 eas
2656 1264 2788 1320 quas
2822 1247 3095 1315 Scriptura
3124 1239 3485 1312 reprehendit,
3516 1248 3575 1294 ut
3603 1238 3696 1307 qui

2106 1357 2330 1420 propter
2359 1355 2680 1416 peccatores
2704 1349 2942 1404 venerat,
2967 1339 3034 1393 de
3053 1335 3417 1406 peccatoribus
3446 1344 3693 1395 nascens,

2107 1441 2342 1497 omnium
2390 1445 2611 1508 peccata
2660 1434 2886 1490 deleret.
2934 1429 3090 1486 Unde
3142 1437 3196 1484 et
3242 1428 3294 1481 in
3349 1423 3690 1494 sequentibus

2109 1532 2255 1588 Raab
2283 1529 2555 1597 meretrix,
2584 1536 2636 1585 et
2658 1527 2806 1582 Ruth
2833 1523 3081 1579 Moabitis
3124 1520 3359 1590 ponitur,
3387 1526 3441 1570 et
3468 1515 3686 1570 Bethsa-

2107 1626 2206 1683 bee
2231 1640 2363 1681 uxor
2396 1623 2555 1680 Uria).
2613 1620 2695 1676 Ad
2749 1618 3063 1675 interiorem
3107 1626 3236 1668 vero
3282 1609 3606 1664 intellectum
3636 1605 3692 1659 in

2109 1719 2356 1774 omnibus
2385 1717 2498 1771 istis
2521 1723 2769 1785 quatuor,
2809 1720 3032 1766 ventura
3067 1706 3134 1761 ad
3193 1702 3480 1759 Dominum
3513 1699 3696 1755 Eccle-

2109 1811 2187 1866 sia
2216 1811 2283 1865 de
2307 1807 2628 1879 gentilitatis
2653 1819 2838 1860 errore
2869 1803 3147 1872 ﬁguratur,
3175 1812 3295 1868 quae
3327 1794 3473 1864 prius
3500 1792 3694 1855 aliena,

2038 1907 2084 1967 Β
2111 1902 2417 1973 ignominiis
2448 1900 2601 1970 plena
2634 1905 2687 1952 et
2707 1895 2900 1952 sterilis
2949 1892 3262 1954 habebatur,
3306 1886 3402 1943 sed
3445 1885 3514 1939 ad
3547 1880 3703 1938 Chri-

2109 2009 2250 2055 stum
2281 2005 2337 2051 ut
2361 1994 2599 2064 legitima
2643 1990 2930 2059 conjuncta
2969 1996 3049 2041 est
3102 1993 3367 2046 matrona,
3419 1987 3475 2032 et
3521 1974 3702 2044 plures

2111 2089 2393 2160 adoptivos
2423 2087 2564 2156 parit
2593 2083 2730 2138 ﬁlios
2759 2082 2870 2136 Deo
2896 2094 3052 2150 quam
3083 2088 3379 2147 synagoga,
3405 2083 3524 2139 qua
3551 2066 3702 2137 prius

2111 2194 2167 2239 ut
2191 2183 2459 2253 proprium
2491 2178 2769 2234 videbatur
2793 2174 2990 2229 habere
3021 2169 3306 2226 Dominum
3335 2160 3701 2220 virum.Tba-

2112 2292 2227 2331 mar
2253 2288 2380 2344 ergo
2408 2273 2790 2341 interpretatur
2817 2262 3137 2325 amaritudo,
3195 2261 3277 2316 vel
3325 2262 3690 2321 commutans,

2112 2370 2224 2425 sive
2257 2368 2450 2436 palma.
2486 2363 2552 2418 Et
2583 2360 2773 2416 merito
2803 2358 2917 2411 haec
2943 2353 3123 2410 omnia
3145 2349 3472 2408 conveniunt
3492 2354 3693 2400 sanctae

2113 2459 2395 2526 Ecclesiae,
2424 2470 2543 2527 quas
2566 2468 2746 2509 amara
2778 2451 2924 2522 prius
2956 2449 3056 2504 fuit
3081 2451 3132 2503 in
3167 2444 3467 2502 idololatria
3495 2452 3550 2497 et
3570 2450 3687 2495 tur-

2114 2552 2236 2608 bida
2259 2548 2688 2612 conversatione,
2719 2544 2814 2600 sed
2843 2541 3001 2598 modo
3049 2537 3220 2594 dulcis
3249 2546 3332 2593 est
3380 2550 3470 2605 per
3510 2531 3697 2587 ﬁctum

2114 2644 2538 2715 compunctionis
2574 2650 2628 2697 et
2669 2638 2903 2695 studium
2957 2636 3027 2705 pii
3059 2632 3277 2688 laboris.
3306 2629 3433 2686 Haec
3461 2640 3702 2684 commu-

2117 2751 2235 2797 tans
2260 2748 2405 2794 recte
2424 2737 2644 2800 dicitur,
2674 2733 2798 2803 quia
2825 2747 2891 2788 ex
2919 2726 3219 2800 peccatrice
3263 2731 3594 2780 commutata
3620 2727 3703 2775 est

2116 2836 2406 2906 injustam,
2429 2839 2482 2887 et
2505 2845 2571 2885 ex
2599 2827 2785 2882 odiosa
2830 2827 2884 2879 in
2935 2830 3187 2877 amatam.
3217 2817 3348 2883 Qua:
3384 2814 3574 2885 palma:
3602 2811 3703 2867 rite

2119 2905 2462 2989 assimilatur,
2486 2930 2709 2992 propter
2757 2923 3032 2973 certamen
3081 2912 3348 2974 laborum,
3382 2917 3437 2963 et
3462 2905 3695 2961 victoriae

2117 3023 2419 3094 praemium.
2443 3018 2518 3072 De
2548 3015 2639 3071 illa
2679 3014 2875 3084 quippe
2903 3010 3044 3065 bene
3088 3021 3181 3075 per
3213 3003 3541 3075 psalmistam
3565 3000 3698 3054 dici-

2120 3091 2206 3172 lur
2233 3133 2249 3169 ι
2283 3111 2461 3168 Justus
2503 3117 2557 3163 ut
2599 3109 2769 3179 palma
2795 3102 3023 3174 ﬂorebit,
3075 3110 3121 3154 et
3149 3099 3278 3153 sicut
3308 3096 3489 3149 cedrus
3522 3091 3704 3145 Libani

2119 3202 2543 3274 multiplicabitur
2565 3197 2739 3269 (Psal.
2763 3193 2894 3264 ιω).
2921 3191 3068 3245 Raab
3096 3202 3306 3259 quoque
3346 3183 3596 3248 latitudo,
3623 3179 3706 3235 vel

421 3275 648 3380 peperit,
671 3275 889 3376 etvirgo
913 3275 1228 3374 permansit.
1252 3300 1380 3355 Filii
1399 3275 1707 3367 David,j§lii
1730 3297 2008 3350 Abraham.
2044 3284 2090 3349 C
2123 3298 2315 3363 fames,
2372 3309 2467 3350 seu
2526 3291 2757 3361 impetus
2814 3288 3216 3354 interpretatur.
3263 3281 3335 3334 Et
3364 3278 3491 3349 quid
3521 3277 3572 3331 in
3605 3275 3706 3328 hoc

424 3401 570 3455 Ordo
599 3409 979 3468 praeposterus,
1029 3396 1125 3450 sed
1174 3393 1476 3448 necessarie
1531 3398 1910 3446 commutatus.
1953 3386 2012 3444 Si

427 3493 573 3548 enim
601 3492 829 3557 primum
862 3487 1132 3557 posuisset
1180 3485 1471 3550 Abraham,
1531 3493 1587 3540 et
1613 3493 1793 3553 postea
1825 3479 2007 3547 David,

434 3596 625 3637 rursus
655 3579 706 3636 ei
736 3577 1057 3650 repetendus
1083 3576 1221 3632 foret
1245 3576 1540 3641 Abraham,
1565 3582 1622 3629 ut
1653 3569 2012 3643 generationis

427 3677 596 3733 series
625 3682 984 3730 retexeretur.
1009 3671 1133 3727 ideo
1162 3679 1339 3726 autem
1374 3669 1589 3737 caeteris
1613 3666 2008 3739 praetermissis,

427 3775 620 3824 horum
651 3768 818 3821 ﬁlium
850 3765 1197 3834 nuncupavit,
1226 3764 1351 3833 quia
1407 3762 1473 3818 ad
1503 3762 1602 3816 hos
1639 3768 1846 3814 tantum
1872 3759 2012 3814 facta

432 3873 515 3918 est
536 3864 602 3917 de
623 3862 835 3917 Christo
865 3859 1213 3930 repromissio
1240 3875 1253 3912 :
1279 3857 1346 3912 ad
1372 3856 1643 3911 Abraham
1671 3873 1683 3907 :
1717 3853 1783 3908 In
1802 3854 2009 3918 semine,

427 3956 623 4025 inquit,
650 3965 738 4009 tuo
767 3955 1126 4008 benedicentur
1152 3967 1324 4006 omnes
1345 3962 1513 4021 gentes
1538 3959 1684 4003 terra
1703 3947 1855 4019 (Gen.
1888 3945 2009 4016 ιιι).

427 4046 509 4101 Ad
539 4046 709 4099 David
736 4059 867 4101 vero
890 4046 998 4098 ait:
1029 4041 1108 4096 De
1139 4044 1309 4112 fructu
1331 4043 1516 4094 ventris
1549 4041 1620 4093 tui
1651 4055 1836 4107 ponam
1858 4051 2008 4106 super

429 4140 600 4193 sedem
643 4149 782 4192 tuam
837 4135 1006 4207 (Psal.
1060 4135 1262 4204 cum).
1309 4132 1565 4187 Abraham
1619 4133 1792 4204 genuit
1837 4128 2009 4195 Isaac,

435 4230 593 4285 Isaac
613 4240 781 4285 autem
812 4230 982 4300 genuit
1008 4226 1188 4280 Jacob.
1222 4225 1547 4295 Exsequitur
1574 4240 1701 4296 ergo
1729 4226 2013 4280 humanam

435 4325 838 4394 generationem
863 4320 1057 4374 Christi
1088 4318 1367 4373 Matthaeus
1408 4319 1476 4372 ab
1507 4318 1623 4387 ipso
1645 4317 2014 4387 promissionis

439 4415 639 4470 Christi
662 4413 901 4478 exordio,
928 4412 1028 4466 hoc
1053 4421 1155 4477 est,
1182 4410 1250 4464 ab
1281 4410 1548 4465 Abraham
1572 4408 1841 4480 genitores
1862 4424 2014 4464 corl-

432 4520 758 4569 memorans,
790 4520 923 4573 quos
953 4504 1196 4572 perducit
1217 4503 1282 4556 ad
1311 4501 1502 4574 Joseph
1527 4504 1690 4557 virum
1712 4503 1918 4569 Μανία,
1949 4501 2013 4557 de

433 4617 536 4667 qua
563 4607 712 4652 natus
741 4605 811 4649 est
859 4596 1111 4650 Christus.
1163 4597 1387 4665 Mystice
1429 4605 1608 4653 autem
1658 4595 1924 4666 quomodo
1945 4595 2014 4650 de

2122 3390 2224 3445 nisi
2255 3398 2454 3443 saneta:
2475 3383 2735 3440 Ecclesiae
2759 3379 3010 3435 nobilitas
3035 3372 3391 3446 praedicatur?
3422 3369 3519 3425 Cui
3545 3370 3703 3423 Isaias

2120 3481 2246 3537 dicit
2281 3497 2292 3532 :
2326 3477 2504 3532 Dilata
2534 3476 2702 3531 locum
2733 3471 2937 3526 tentorii
2987 3469 3082 3535 tui,
3116 3477 3162 3520 et
3196 3467 3353 3535 pelles
3403 3462 3698 3516 tabernacu-

2119 3575 2286 3628 lorum
2331 3580 2537 3624 tuorum
2565 3566 2800 3633 extende,
2852 3580 2914 3618 ne
2956 3577 3138 3632 parcas
3187 3558 3341 3632 (lsai.
3371 3556 3496 3626 Liv).
3524 3554 3696 3608 Habet

2119 3682 2247 3736 ergo
2275 3666 2472 3720 famem
2505 3664 2627 3732 ista,
2659 3679 2762 3716 non
2785 3661 2972 3729 famem
3016 3657 3186 3728 panis,
3212 3669 3372 3723 neque
3392 3653 3520 3705 sitim
3547 3661 3694 3717 aqua

2120 3761 2318 3833 (Amos.
2348 3759 2488 3829 vnt),
2514 3758 2611 3814 sed
2666 3753 2917 3810 audiendi
2970 3752 3190 3806 verbum
3230 3748 3346 3817 Dei,
3393 3757 3449 3801 et
3477 3739 3699 3799 faciendi

2122 3854 2456 3908 voluntatem
2480 3850 2618 3920 ejus.
2655 3847 2732 3903 De
2755 3863 2860 3916 quo
2891 3844 3102 3916 quidem
3137 3843 3365 3910 impetus
3387 3837 3700 3908 ingreditur,

2121 3947 2243 4018 quia
2271 3945 2523 4001 velocitas
2555 3939 2951 4013 praadicationis
2979 3936 3141 3991 flante
3178 3935 3380 4003 Spiritu
3412 3942 3600 3986 sancto
3648 3929 3703 3984 in

2123 4051 2286 4097 totam
2327 4039 2510 4095 mundi
2557 4036 2886 4092 latitudinem
2939 4031 3206 4100 dirigitur.
3245 4027 3485 4096 Denique
3537 4023 3702 4087 Ruth,

2121 4149 2239 4204 quae
2269 4132 2353 4186 vel
2379 4131 2568 4185 videns
2590 4129 2676 4183 vel
2707 4129 2981 4189 festinans,
3009 4139 3103 4177 seu
3151 4121 3411 4176 deficiens
3433 4120 3706 4185 interpre-

2122 4235 2280 4291 tatur,
2317 4223 2510 4278 merito
2564 4219 2858 4276 Ecclesiam
2903 4217 3187 4288 significat,
3217 4229 3335 4282 qua:
3367 4210 3421 4265 in
3471 4209 3704 4279 puritate

2122 4317 2303 4374 cordis
2327 4315 2495 4370 Deum
2522 4312 2932 4380 contemplatur,
2964 4320 3018 4363 et
3047 4306 3336 4362 secundum
3363 4302 3703 4357 Psalmistam

2122 4409 2343 4466 festinat
2391 4421 2580 4463 manus
2633 4405 2747 4474 ejus
2782 4405 2910 4459 dare
2940 4402 3070 4457 Deo.
3122 4400 3248 4455 llam
3274 4397 3482 4461 deﬁnit,
3516 4395 3568 4450 id
3597 4405 3698 4461 est,

2123 4502 2352 4556 ﬁrmiter
2389 4499 2442 4554 in
2471 4498 2577 4552 ﬁde
2607 4507 2662 4553 et
2689 4496 2974 4552 dilectione
2999 4493 3094 4547 Dei
3125 4491 3409 4561 persistere
3438 4488 3700 4544 decernit.

2122 4591 2426 4648 Bethsabee
2479 4605 2606 4645 vero
2647 4604 2764 4659 qua:
2791 4589 3168 4656 interpretatur
3199 4593 3384 4654 puteus
3416 4581 3701 4651 septimus,

433 4687 750 4762 gentilitatis
797 4687 1043 4756 caligine,
1076 4687 1225 4756 quasi
1277 4688 1345 4742 de
1386 4662 1706 4758 IEgyptiaca
1733 4688 2012 4754 servitute,
2044 4662 2097 4722 Ῑ)
2123 4683 2502 4739 abundantiam
2531 4683 2716 4752 gratiae
2743 4680 2973 4749 Spiritus
3001 4675 3172 4732 sancti
3219 4677 3271 4730 in
3301 4675 3545 4730 Ecclesia
3587 4671 3706 4727 ﬁeri

433 4797 534 4852 per
575 4780 921 4849 quadraginta
977 4779 1109 4833 duos
1160 4780 1304 4833 viros
1353 4779 1709 4850 demonstrat,
1759 4795 1822 4834 ac
1850 4781 1893 4834 si
1923 4796 2016 4848 per

436 4874 677 4944 ejusdem
729 4871 936 4926 numeri
986 4871 1292 4926 mansiones
1343 4871 1409 4925 ad
1486 4873 1746 4941 virginem
1801 4871 2018 4924 Mariam

435 4967 648 5035 plenam
679 4966 848 5017 sancti
878 4962 1105 5030 Spiritus
1135 4963 1342 5031 gurgite
1386 4963 1662 5027 fluentem,
1707 4975 1770 5014 ac
1797 4961 1841 5014 si
1866 4959 2023 5015 intel-

436 5055 694 5125 ligihilem
724 5054 1013 5109 Jordanem
1043 5055 1177 5107 duce
1202 5053 1430 5106 Domino
1453 5051 1579 5107 Jesu
1609 5050 1844 5117 ChriSto,
1874 5053 2021 5106 velut

436 5147 603 5202 Josue
651 5148 761 5201 lilio
799 5146 917 5200 Nun
957 5155 1196 5213 ventum
1225 5145 1312 5211 sit,
1345 5145 1624 5214 ipsumque
1652 5142 1920 5198 Christum
1953 5143 2019 5199 de

438 5239 604 5297 Maria
635 5254 756 5295 esse
781 5250 962 5294 natum
992 5249 1232 5306 testatur,
1284 5241 1374 5309 qui
1426 5240 1569 5295 velut
1598 5238 1785 5294 hamus
1816 5239 1867 5293 in
1891 5239 2020 5294 retis

440 5335 638 5403 capite,
667 5332 748 5386 sic
790 5332 844 5385 in
892 5329 998 5386 ﬁne
1048 5331 1374 5401 genealogiae
1431 5331 1652 5402 positus,
1709 5338 1762 5385 et
1792 5330 1841 5384 in
1871 5345 2020 5387 mare

440 5421 602 5495 hujus
626 5422 812 5477 mundi
839 5435 870 5475 a
913 5421 1071 5475 Patre
1110 5423 1325 5490 missus,
1384 5430 1676 5477 tortuosum
1714 5431 2018 5492 serpentem

442 5515 762 5571 aduncatum
801 5513 1008 5570 occisus
1066 5517 1280 5583 occidit,
1330 5526 1489 5586 atque
1542 5516 1760 5572 humani
1804 5518 2018 5587 generis

443 5619 674 5664 mortem
699 5620 940 5666 mortuus
966 5609 1325 5666 mortiﬁcavit.
1349 5610 1416 5664 Et
1460 5610 1582 5666 ideo
1604 5611 1745 5666 velut
1771 5611 1895 5666 fune
1919 5611 2020 5667 du-

446 5701 673 5770 plicata,
701 5705 892 5760 iterato
937 5704 1186 5760 videlicet
1236 5705 1651 5774 uniuscujusque
1696 5704 1931 5776 nomine,
1965 5707 2019 5760 in

444 5793 578 5848 retis
608 5794 1013 5853 similitudinem
1043 5795 1367 5867 genealogis:
1418 5797 1550 5852 ordo
1577 5797 1895 5866 contexitur,
1921 5798 2018 5854 do-

451 5893 550 5942 nec
581 5887 648 5944 ab
676 5886 833 5956 hujus
862 5889 1148 5961 principio,
1204 5890 1316 5967 hoc
1345 5901 1427 5951 est
1456 5892 1523 5950 ab
1555 5892 1823 5950 Abraham
1851 5904 2018 5963 usque

2123 4777 2385 4844 designat.
2414 4775 2567 4829 Dono
2591 4774 2819 4842 denique
2866 4770 3149 4840 spirituali,
3192 4768 3295 4822 hoc
3316 4776 3418 4832 est,
3449 4777 3706 4834 septena-

2127 4868 2206 4921 rio
2237 4867 2374 4921 facta
2401 4876 2486 4920 est
2517 4865 2750 4919 Ecclesia
2788 4874 2975 4932 puteus
2997 4860 3256 4917 satietatis
3276 4861 3396 4930 quia
3430 4858 3599 4914 factus
3621 4864 3709 4912 est

2126 4957 2179 5011 in
2210 4971 2270 5010 ea
2301 4957 2417 5011 fons
2441 4972 2593 5027 aquae
2623 4955 2862 5010 salientis
2894 4956 2946 5010 in
2969 4954 3131 5008 vitam
3172 4965 3449 5008 aeternam.
3480 4951 3705 5005 Nason

2126 5059 2294 5103 autem
2321 5049 2492 5119 genuit
2543 5049 2778 5103 Salmon.
2833 5047 2950 5117 Ipse
2973 5057 3056 5102 est
3085 5046 3292 5101 Naason
3322 5046 3573 5115 princeps
3603 5043 3702 5098 tri-

2126 5144 2224 5198 bus
2254 5143 2411 5208 Juda,
2442 5143 2581 5196 sicut
2603 5141 2826 5210 legimus
2868 5143 2921 5195 in
2951 5139 3222 5211 Numeris.
3253 5137 3400 5194 Iesse
3428 5149 3596 5194 autem
3615 5155 3702 5210 ge-

2124 5240 2237 5292 nuit
2266 5237 2432 5292 David
2455 5254 2646 5308 regem.
2683 5234 2881 5305 Regem
2912 5235 3040 5291 dicit
3066 5235 3256 5304 David,
3290 5251 3394 5290 non
3417 5234 3559 5305 quod
3585 5234 3708 5303 ipse

2124 5330 2271 5385 solus
2327 5330 2378 5385 in
2429 5330 2528 5384 ista
2553 5329 2863 5400 genealogia
2888 5344 3072 5398 regum
3114 5328 3271 5383 fuerit
3318 5328 3548 5397 positus,
3579 5341 3705 5382 cum

2123 5423 2190 5478 ab
2213 5423 2328 5491 ipso
2352 5438 2520 5492 usque
2567 5424 2634 5477 ad
2666 5422 3209 5492 transmigrationem
3258 5419 3548 5490 Babylonis
3599 5421 3699 5489 qui

2129 5517 2450 5583 scribuntur,
2473 5515 2657 5584 plures
2682 5525 3061 5586 regnaverunt,
3119 5515 3217 5571 sed
3245 5514 3369 5585 quia
3398 5514 3566 5569 David
3591 5513 3706 5584 pri-

2129 5623 2246 5664 mus
2271 5609 2338 5664 de
2361 5609 2520 5664 domo
2544 5609 2708 5664 David
2731 5625 2825 5665 rex
2850 5607 2974 5677 fuit,
3004 5623 3099 5678 per
3117 5624 3276 5680 quem
3305 5610 3440 5666 ordo
3468 5609 3709 5665 decurrit

2127 5701 2476 5772 genealogiaz.
2505 5701 2674 5757 David
2713 5712 2883 5758 autem
2934 5720 3024 5758 rex
3069 5705 3243 5774 genuit
3278 5705 3619 5761 Salomonens
3647 5718 3710 5763 es

2130 5809 2187 5848 ea
2207 5809 2322 5863 qua:
2342 5795 2440 5863 fuit
2472 5794 2634 5853 Uriw.
2664 5795 2951 5867 Quaeritur,
2977 5811 3098 5854 cum
3132 5807 3240 5855 tres
3282 5799 3503 5870 reliquae
3526 5807 3707 5856 extra-

2131 5902 2246 5947 neae
2290 5891 2541 5953 mulieres
2590 5893 2896 5954 nominibus
2945 5896 3333 5971 propriishsint
3361 5898 3572 5965 positae,
3603 5913 3701 5956 cur
