4096 6346
450 404 581 462 εδει

443 610 538 668 sed
562 611 664 666 hoc
696 611 871 668 solum
892 612 1097 668 dicatur
1123 613 1265 683 quod
1287 627 1421 668 uxor
1444 611 1545 667 fuit
1581 610 1745 667 Uriae.
1771 611 1893 667 Ideo
1923 613 2023 669 hoc

443 711 663 777 putatur
692 705 915 776 factum,
959 706 1080 777 quia
1110 715 1220 763 tres
1237 706 1357 762 alia:
1380 720 1538 776 supra
1572 704 1727 761 dictae
1755 705 1882 775 licet
1910 707 2019 761 cri-

444 797 671 854 minosa;
690 797 915 867 fuerint,
942 799 996 855 in
1029 800 1283 871 partubus
1302 807 1480 857 tamen
1501 798 1753 867 ﬁliorum,
1778 815 1872 871 per
1892 815 2023 872 quos

441 894 608 950 currit
635 895 943 967 genealogis
964 938 980 963 ,
1004 912 1111 954 non
1132 898 1306 954 solum
1334 911 1439 953 non
1465 897 1713 967 Iculpari,
1738 897 1835 955 sed
1862 900 2021 954 etiam

442 982 643 1040 laudari
685 994 1014 1044 meruerunt.
1047 988 1175 1045 Haec
1196 1002 1326 1045 vero
1360 987 1622 1044 adulterio
1652 996 1707 1044 et
1734 988 2023 1046 homicidio

440 1084 764 1145 perpetrato,
802 1076 968 1133 David
996 1079 1107 1149 regi
1151 1080 1334 1150 genuit
1375 1078 1567 1146 ﬁlium,
1600 1078 1860 1136 intantum
1905 1080 2019 1137 cul-

441 1167 600 1239 pabili
625 1168 894 1241 coniugio,
932 1179 992 1226 ut
1035 1170 1228 1228 merito
1276 1171 1330 1226 in
1372 1171 1666 1227 Salvatoris
1709 1173 2020 1245 genealogis

443 1274 551 1317 non
577 1260 824 1316 videatur
851 1261 1144 1318 nominata.
1174 1262 1380 1319 Nomen
1402 1278 1530 1320 vero
1554 1264 1656 1319 viri
1691 1265 1827 1335 ejus,
1859 1265 1913 1320 id
1936 1273 2020 1322 est

442 1352 620 1419 Uriae,
650 1352 800 1423 quasi
841 1351 970 1423 justi
1011 1354 1245 1411 hominis
1272 1358 1508 1426 ponitur,
1543 1365 1604 1412 ut
1632 1372 1700 1414 ex
1728 1358 1829 1413 hoc
1854 1358 2018 1415 etiam

440 1443 660 1498 sceleris
714 1444 1016 1501 immanitas
1062 1454 1409 1515 mcmoretur,
1458 1447 1584 1503 dum
1634 1448 1818 1504 uxoris
1851 1464 2012 1506 causa

436 1534 714 1589 occisusin
729 1536 1039 1591 memoriam
1063 1545 1366 1593 revocatur.
1395 1538 1615 1610 Mystice
1632 1548 1815 1596 autem
1843 1542 2014 1598 David

437 1626 710 1682 Christum
768 1628 1051 1697 signiﬁcat,
1097 1630 1186 1699 qui
1218 1630 1595 1701 interpretatur
1624 1647 1785 1689 manu
1832 1633 2010 1704 fortis,

437 1728 492 1776 et
512 1718 902 1776 desiderabilis.
939 1723 1006 1776 Et
1035 1722 1159 1793 quid
1188 1723 1375 1779 fortius
1404 1725 1576 1794 leone,
1631 1728 1720 1797 qui
1770 1727 1901 1783 vicit
1944 1728 2012 1785 de

439 1811 575 1865 tribu
597 1812 754 1878 Juda,
782 1815 934 1869 radix
968 1815 1170 1871 David?
1210 1817 1489 1885 Quomodo
1533 1835 1661 1877 vero
1696 1820 1763 1876 sit
1792 1821 2009 1879 deside-

1463 399 1918 459 HOIIIIJARIUS.
1939 429 2008 443 -—
2032 400 2196 457 HOM.
2239 400 2325 456 DE
2362 397 2667 459 SANC’I'IS.

444 516 697 576 Salomon
743 515 1121 589 [solummodo]
1180 531 1288 574 non
1336 516 1639 574 nominetur
1680 516 1975 573 Bethsabee
1999 555 2018 586 ,
2045 516 2096 577 Δ

3564 399 3704 459 1522

2688 512 2968 573 HOMILIA
2995 513 3131 573 LIV.

2460 622 2512 662 IN
2552 622 2750 664 VIGILIA
2784 623 3036 664 HATTHEI
3074 620 3354 665 ΑΡοετοιι.

2376 699 2479 771 (Ex
2525 701 2665 772 Opp.
2731 716 2853 758 ven.
2904 701 3061 757 Bedae
3107 701 3454 774 presbyteri.)

2195 790 2264 844 In
2292 788 2383 846 illo
2404 799 2630 861 tempore
2650 792 2776 845 vidit
2808 790 2959 847 Jesus
2982 792 3310 864 publicanum
3342 794 3545 849 nomine
3558 794 3704 863 Levi,

2124 880 2383 936 sedentem
2433 884 2501 937 ad
2542 883 2811 953 telonium,
2862 894 2909 938 et
2946 884 3016 938 ait
3054 884 3183 939 illi:
3206 884 3432 955 Sequere
3456 902 3557 955 me,
3593 896 3703 945 etc.

2123 973 2276 1043 (Luc.
2302 973 2382 1045 ν).

2194 1068 2335 1123 Idem
2368 1068 2495 1125 Levi
2528 1071 2616 1141 qui
2641 1079 2695 1127 et
2734 1072 3013 1130 Matthaeus
3043 1083 3147 1142 est,
3175 1083 3279 1132 etc.
3331 1077 3553 1147 Reliqua
3591 1076 3705 1133 vide

2125 1156 2259 1229 Opp.
2303 1175 2413 1215 ven.
2442 1158 2599 1216 Beda:
2618 1171 2754 1217 tomo
2778 1162 2848 1230 V,
2868 1161 3189 1238 Patrologia:
3211 1164 3415 1237 XCIV,
3440 1167 3541 1225 col.
3575 1166 3701 1226 H9.

2688 1275 2965 1333 HOlllLlA
3016 1277 3127 1333 LV.

2554 1357 2607 1398 IN
2644 1361 2731 1400 DIE
2769 1361 2956 1403 SANCTI
2995 1365 3267 1405 ΙᾹΤἸἮΕΙ.

2719 1438 2822 1508 (Ex
2856 1439 3091 1509 eodem).

2191 1524 2256 1579 In
2284 1526 2375 1580 illo
2402 1534 2625 1597 tempore
2650 1546 2767 1583 cum
2809 1533 3047 1586 transiret
3080 1532 3266 1599 Iesus,
3296 1535 3422 1590 vidit
3447 1537 3703 1596 hominem

2115 1616 2371 1671 sedentem
2421 1619 2479 1673 in
2529 1621 2719 1675 telonio
2767 1620 3074 1677 Matt/tamin
3118 1628 3350 1691 nomine,
3394 1636 3443 1682 et
3482 1631 3553 1684 ait
3581 1630 3703 1687 illi:

2116 1709 2341 1780 Sequere
2398 1728 2494 1767 me.
2561 1711 2629 1766 Et
2686 1730 2935 1788 surgens,
2984 1725 3181 1771 secutus
3236 1727 3310 1772 est
3374 1736 3528 1788 eum,
3599 1730 3699 1778 etc.

2116 1802 2332 1877 (Matt/1.
2368 1805 2445 1876 ιι)

436 1900 643 1965 rabilis,
674 1903 945 1975 Scriptura
987 1908 1242 1974 ostendit,
1289 1908 1469 1965 dicens
1506 1928 1518 1963 :
1548 1910 1685 1967 Ecce
1712 1913 1875 1968 veniet
1914 1914 2008 1969 de-

2193 1893 2445 1964 Legimus
2478 1899 2734 1967 Apostolo
2761 1899 3004 1969 dicente,
3037 1910 3144 1959 etc.
3177 1902 3393 1967 Reliqua
3423 1903 3536 1958 vide
3566 1913 3703 1959 tonio

436 1993 682 2049 sideratus
701 1998 894 2051 cunctis
915 1998 1141 2069 gentibus
1168 2001 1320 2072 (Agg.
1344 2001 1426 2071 tt).
1468 2001 1537 2057 Et
1568 2002 1758 2060 Petrus
1788 2007 1869 2059 ait
1896 2023 1910 2059 :
1944 2006 2012 2061 In

437 2099 584 2155 quem
626 2087 915 2142 desiderant
956 2091 1123 2160 angeli
1176 2094 1464 2162 prospicere
1510 2091 1567 2163 (Ι
1595 2093 1715 2149 Pet.
1746 2095 1820 2164 ι).
1856 2096 2013 2153 Urias

442 2190 571 2231 vero
594 2179 685 2246 qui
708 2178 1092 2248 interpretatur
1115 2181 1203 2237 lux
1233 2198 1350 2238 mea
1378 2184 1493 2249 Dei,
1544 2186 1809 2256 signiﬁcat
1826 2187 2013 2244 diabo-

435 2268 568 2334 lum,
612 2270 702 2335 qui
760 2271 1101 2341 transﬁgurat
1141 2287 1202 2328 se
1256 2275 1310 2328 in
1348 2278 1596 2344 angelum
1634 2277 1788 2345 lucis,
1809 2278 2016 2336 audens

436 2357 548 2412 Deo
578 2358 754 2415 dicere
783 2377 795 2413 :
820 2358 937 2414 Lua:
982 2378 1095 2416 mea
1136 2362 1254 2430 Dei,
1295 2372 1345 2418 et
1391 2382 1478 2421 era
1516 2367 1698 2421 similis
1749 2369 2012 2428 Altissimo

437 2447 571 2520 (Isa.
601 2451 740 2520 xlv).
770 2452 954 2506 Joram
983 2462 1155 2509 autem
1206 2458 1378 2527 genuit
1417 2458 1667 2517 Joathan.
1720 2462 1777 2517 In
1824 2473 2014 2533 quarto

435 2541 637 2612 Regum
667 2543 957 2611 volumine,
979 2546 1047 2601 de
1072 2546 1250 2603 Joram
1277 2550 1564 2607 Oclioziam
1592 2552 1758 2609 fuisse
1786 2556 2010 2625 legimus

436 2645 770 2705 generatum,
797 2654 902 2707 quo
929 2650 1164 2707 mortuo,
1189 2641 1447 2699 Jozabeth
1497 2644 1605 2700 ﬁlia
1635 2648 1775 2718 regis
1804 2648 2010 2719 Joram,

433 2738 590 2782 soror
615 2727 884 2796 Ochoziae,
916 2729 1038 2785 tulit
1061 2731 1189 2788 Joas
1229 2733 1397 2789 ﬁlium
1446 2734 1630 2792 fratris
1657 2740 1777 2805 sui;
1808 2749 1864 2795 et
1890 2756 2010 2798 eum

437 2820 791 2877 internecioni
820 2836 941 2892 quae
969 2825 1321 2882 exercebatur
1347 2827 1415 2883 ab
1457 2829 1693 2897 Athalia,
1724 2833 2008 2892 subtraxit.

432 2911 528 2968 Cui
571 2914 830 2969 successit
874 2915 928 2971 in
968 2931 1190 2987 regnum
1238 2919 1380 2974 ﬁlius
1418 2921 1535 2990 ejus
1590 2924 1861 2992 Amasias,
1891 2936 2013 2996 post

432 3017 588 3073 quem
635 3007 880 3075 regnavit
934 3009 1155 3065 Azarias
1202 3010 1345 3067 ﬁlius
1371 3011 1509 3083 ejus.
1536 3015 1727 3072 Cernis
1760 3020 1902 3089 quod
1925 3034 2011 3076 se—

435 3094 666 3150 cundum
699 3096 855 3152 ﬁdem
889 3098 1128 3155 historiae
1170 3109 1278 3158 tres
1306 3106 1535 3174 regesin
1566 3107 1744 3165 medio
1774 3110 2006 3182 luerunt,

433 3202 568 3256 quos
591 3188 675 3243 hic
703 3190 1036 3260 evangelium
1062 3195 1427 3263 praetermisit,
1455 3196 1637 3254 Joram
1689 3210 1869 3259 autem
1899 3219 2006 3261 non

431 3278 615 3347 genuit
659 3280 864 3347 Oziam,
896 3283 991 3338 sed
1021 3281 1333 3355 Ochoziam,
1356 3296 1410 3343 et
1456 3290 1688 3360 reliquos
1714 3309 1848 3364 quos
1877 3311 2011 3353 enu—

433 3372 776 3429 meravimus.
842 3373 1039 3431 Verum
1097 3377 1218 3446 quia
1284 3380 1625 3451 evangelistae
1681 3387 2009 3458 propositum

430 3472 569 3533 erat,
601 3475 708 3521 tres
735 3467 1170 3525 tessaradecades
1195 3469 1249 3526 in
1284 3471 1497 3529 diverso
1538 3481 1840 3548 temporum
1870 3490 2010 3538 statu

433 3570 655 3627 ponere,
696 3566 752 3614 et
796 3558 978 3615 Joram
1024 3562 1210 3631 generi
1254 3577 1317 3619 se
1367 3565 1657 3623 miscuerat
1694 3570 2006 3639 impiissima

432 3646 670 3714 Iezabel,
696 3647 896 3705 idcirco
918 3665 1088 3720 usque
1115 3652 1183 3707 ad
1212 3655 1439 3715 tertiam?
1464 3659 1862 3727 generationem
1893 3665 2009 3733 ejus

439 3742 696 3796 memoria
722 3741 949 3809 tollitur,
978 3757 1046 3798 ne
1069 3744 1124 3798 in
1164 3756 1362 3800 sanctae
1388 3749 1677 3806 nativitatis
1703 3754 1890 3808 ordine
1915 3769 2008 3823 po-

439 3840 677 3885 neretur.
707 3830 915 3887 Dictum
936 3847 1149 3904 quoque
1173 3835 1246 3891 ita
1267 3845 1381 3892 erat
1410 3852 1504 3907 per
1533 3842 1870 3911 prophetam,
1899 3861 2005 3901 non

438 3922 540 3977 nisi
567 3932 751 3993 quarta
783 3926 1130 3994 generatione
1156 3928 1210 3984 in
1232 3930 1428 3986 throno
1456 3934 1604 4002 regni
1634 3934 1794 3991 Israel
1816 3953 2007 4008 quem-

430 4030 588 4085 quam
611 4014 679 4071 de
707 4015 866 4071 domo
893 4017 1079 4073 Achab
1108 4034 1228 4076 esse
1256 4036 1549 4081 sessurum.
1579 4026 1809 4099 Purgata
1846 4030 2006 4101 igitur

435 4106 555 4160 labe
586 4105 796 4162 familia:
827 4109 1067 4179 gentilis,
1113 4112 1391 4186 tribusque
1441 4121 1746 4187 praeteritis,
1773 4121 1885 4193 jam
1917 4139 2005 4180 re-

429 4198 565 4267 galis
603 4198 657 4252 in
681 4208 869 4268 quarta
914 4205 1315 4271 generationum
1359 4215 1794 4282 consequentium
1851 4219 2003 4287 origo

428 4302 757 4347 numeratur.
803 4291 872 4346 Et
897 4304 1011 4365 post
1060 4303 1559 4373 transmigrationem
1602 4305 1882 4379 Babylonis
1912 4309 2003 4367 Je-

428 4383 639 4439 chonias
691 4386 863 4456 genuit
917 4387 1188 4448 Salatliiel.
1240 4394 1297 4451 Si
1338 4398 1663 4455 voluerimus
1686 4401 1997 4461 Jeehoniam

422 4473 479 4529 in
508 4474 616 4531 ﬁne
645 4477 831 4546 primae
862 4483 1284 4541 tessaradecadis
1307 4502 1531 4557 ponere,
1551 4491 1605 4546 in
1626 4497 1869 4565 sequenti
1892 4511 1997 4552 non

421 4578 577 4623 erunt
617 4572 1040 4641 quatuordecim,
1093 4577 1187 4632 sed
1248 4580 1531 4638 tredecim.
1581 4586 1822 4644 Sciamus
1868 4606 1997 4661 ergo

422 4658 733 4717 Jechoniam
757 4665 989 4734 priorem
1020 4668 1189 4736 ipsum
1223 4686 1367 4741 esse,
1400 4688 1556 4743 quem
1579 4687 1634 4733 et
1651 4676 1882 4747 Joaltim,
1910 4658 1997 4740 se-

420 4752 651 4807 cundum
682 4763 881 4821 autem,
912 4757 963 4810 id
997 4765 1082 4813 est
1113 4758 1336 4817 Joachin
1388 4765 1578 4836 lilium,
1607 4784 1718 4825 non
1762 4780 1993 4841 patrem.

420 4842 657 4909 Quorum
690 4846 835 4914 prior
858 4861 951 4916 per
971 4864 999 4895 κ
1022 4859 1075 4904 et
1103 4876 1163 4926 μ,
1197 4867 1428 4925 sequens
1471 4880 1515 4932 χ
1562 4868 1618 4915 et
1660 4886 1689 4918 ν
1723 4864 1993 4923 scribitur.

419 4937 657 5006 Quorum
693 4953 886 4995 nomen
912 4942 1231 5012 scriptorum
1255 4948 1386 5004 vitio
1414 4959 1469 5006 et
1498 4952 1833 5027 longitudine
1858 4967 1995 5016 tem-

419 5044 607 5100 porum
637 5030 775 5100 apud
806 5030 1023 5087 Graecos
1078 5034 1398 5109 Latinosque
1424 5043 1701 5101 confusum
1732 5058 1832 5103 est.
1867 5050 1992 5107 Haec

417 5119 606 5174 beatus
628 5119 978 5193 Hieronymus
1022 5123 1300 5183 historiam
1349 5145 1582 5204 sequens
1620 5137 1691 5191 ita
1722 5142 1987 5209 exposuit.

417 5211 551 5266 Nam
577 5221 632 5268 et
660 5212 774 5283 ipse
794 5215 1077 5273 Jechonias
1103 5218 1490 5293 interpretatur
1514 5232 1836 5300 praeparatio
1865 5233 1982 5289 Dei.

416 5302 509 5360 Sic
546 5319 672 5375 ergo
695 5307 803 5377 jam
851 5324 953 5365 non
993 5311 1342 5384 quadraginta
1376 5318 1500 5389 duo,
1531 5338 1652 5392 quae
1682 5322 1885 5379 faciunt
1911 5333 1991 5382 ter

417 5399 837 5469 quatuordecim,
887 5400 983 5458 sed
1027 5415 1247 5475 propter
1293 5424 1454 5466 unam
1504 5414 1585 5468 bis
1630 5424 1984 5483 numeratam,

418 5487 761 5560 quadraginta
787 5496 1161 5562 generationes
1201 5498 1351 5567 ﬁunt,
1403 5502 1447 5557 si
1493 5505 1665 5574 ipsum
1718 5507 1986 5563 Christum

417 5595 847 5653 annumeremus,
902 5587 992 5658 qui
1051 5587 1171 5644 huic
1200 5592 1449 5663 regendae
1476 5596 1596 5651 vitae
1628 5608 1825 5653 nostrae
1856 5608 1993 5655 tem-

418 5673 585 5745 porali
606 5684 765 5745 atque
795 5684 1024 5735 terrenae
1049 5689 1297 5753 tanquam
1322 5701 1544 5743 numero
1570 5692 1993 5764 quadragenario

415 5766 665 5838 regaliter
691 5770 968 5843 praesidet.
998 5773 1078 5833 Tu
1107 5784 1288 5835 autem
1321 5778 1565 5840 Domine.

2120 1995 2177 2040 ut
2200 2002 2384 2055 supra,
2414 1989 2513 2042 col.
2546 1988 2673 2044 249.

2688 2084 2965 2140 HOMILIA
3009 2085 3139 2141 LVI,

2319 2166 2372 2205 IN
2406 2167 2573 2209 FESTO
2610 2168 2792 2210 SANCTI
2834 2171 3117 2212 MICHAELIS
3153 2173 3506 2215 ARCHANGELI.

2122 2242 2321 2298 Relatio
2368 2246 2431 2299 de
2475 2247 2796 2304 dedicatione
2848 2253 3071 2305 ecclesiis
3117 2253 3281 2306 sancti
3334 2251 3604 2308 Michaelis
3652 2263 3704 2311 et

2650 2322 2914 2375 miraculis
2951 2324 3183 2378 ostensis.

2188 2405 2498 2465 Memoriam
2542 2412 2687 2466 beati
2734 2413 3006 2469 Michaelis
3052 2417 3363 2486 archangeli
3410 2424 3524 2473 toto
3570 2417 3703 2475 orbe

2118 2503 2507 2571 venerandam,
2540 2505 2709 2575 ipsius
2737 2515 2792 2561 et
2820 2522 2983 2577 opere
3010 2509 3258 2577 condita,
3293 2518 3347 2565 et
3387 2522 3700 2567 consecrata

2115 2594 2332 2651 nomine
2378 2597 2715 2653 demonstrat
2740 2599 3008 2667 ecclesia,
3048 2616 3169 2670 quae
3208 2617 3315 2657 non
3358 2603 3697 2659 metallorum

2115 2686 2322 2756 fulgore
2346 2696 2403 2742 et
2431 2688 2715 2758 privilegio
2743 2693 3118 2747 commendata
3134 2702 3218 2748 est
3243 2695 3543 2763 signorum.
3568 2694 3702 2749 Vili-

2113 2779 2249 2836 facta
2293 2781 2602 2850 schemate,
2635 2783 2730 2838 sed
2770 2785 2978 2841 caelesti
3010 2786 3232 2855 praedita
3260 2789 3485 2853 virtute,
3519 2797 3704 2858 utpote

2113 2887 2272 2944 quam
2303 2873 2606 2943 fragilitatis
2635 2876 2882 2931 humanae
2906 2892 3113 2934 memor
3132 2878 3482 2950 archangelus
3507 2896 3539 2937 e
3563 2883 3704 2938 c'telo

2112 2967 2359 3033 veniens,
2383 2968 2449 3022 ad
2469 2969 2879 3037 promerendam
2902 2970 2980 3025 ibi
3004 2973 3325 3028 mortalibus
3346 2988 3699 3044 supernorum

2111 3056 2449 3125 societatem,
2477 3057 2693 3128 propria
2718 3076 2881 3116 manu
2902 3062 3139 3119 condere
3166 3063 3413 3134 dignatus
3434 3074 3539 3122 est.
3570 3065 3702 3121 Ver-

2114 3147 2216 3203 tice
2238 3147 2501 3218 siquidem
2530 3154 2726 3208 montis
2751 3154 2947 3209 excelsi
2987 3156 3182 3224 posita,
3204 3155 3272 3212 de
3292 3171 3522 3228 corpore
3550 3157 3693 3226 ejus-

2039 3270 2085 3335 C
2114 3240 2237 3297 dem
2264 3244 2378 3297 saxi
2406 3243 2678 3312 speluncae
2708 3246 2876 3301 instar
2912 3259 3211 3318 praecavata
3254 3250 3571 3308 ostenditur.
3601 3249 3700 3307 Est

2114 3344 2291 3392 autem
2314 3336 2465 3392 locus
2493 3337 2548 3391 in
2570 3338 2781 3409 Apuliae
2803 3341 3021 3410 ﬁnibus,
3036 3343 3131 3398 ubi
3151 3348 3291 3399 inter
3312 3344 3488 3400 sinum
3509 3344 3700 3401 Adria-

2112 3427 2278 3485 ticum
2309 3439 2367 3484 et
2396 3440 2638 3486 montem
2660 3430 2964 3504 Garganum
3001 3434 3193 3491 civitas
3222 3435 3491 3508 Sepoutus
3528 3440 3699 3508 posita

2108 3528 2212 3575 est.
2265 3520 2369 3589 Qui
2417 3536 2572 3577 mons
2624 3523 2855 3581 civitatis
2898 3540 2930 3580 a
2990 3527 3260 3584 moenibus
3300 3529 3367 3585 ad
3413 3529 3698 3587 duodecim

2108 3610 2276 3666 millia
2323 3612 2520 3681 pedum
2567 3622 2812 3684 erectus,
2841 3616 2899 3672 in
2937 3619 3216 3675 cacumine
3261 3634 3511 3690 supremo
3551 3622 3694 3679 beati

2108 3704 2447 3773 archangeli,
2478 3721 2640 3775 quam
2673 3708 2931 3776 prmfatus
2970 3722 3121 3776 sum,
3165 3720 3340 3781 gestat
3386 3714 3694 3771 ecclesiam.

2110 3794 2258 3850 Hanc
2282 3796 2599 3852 mortalibus
2628 3797 2733 3853 hoc
2761 3798 2926 3854 modo
2961 3803 3260 3871 cognitam,
3286 3803 3494 3861 libellus
3522 3806 3575 3861 in
3604 3820 3698 3864 ea-

2106 3885 2231 3941 dem
2278 3887 2504 3942 ecclesia
2551 3890 2756 3958 positus
2795 3890 3018 3948 indicat.
3045 3893 3176 3949 Erat
3202 3895 3252 3951 in
3276 3910 3341 3951 ea
3371 3897 3588 3954 civitate
3613 3900 3699 3954 vir

2106 3977 2369 4047 praedives
2402 3979 2617 4050 quidam
2650 3983 2928 4055 Garganus
2973 3987 3220 4053 nomine,
3271 3988 3362 4058 qui
3400 4004 3472 4044 ex
3501 3998 3695 4046 eventu

2103 4083 2203 4126 suo
2248 4072 2417 4126 monti
2449 4074 2764 4129 vocabulum
2818 4075 3033 4131 indidit.
3076 4077 3245 4147 Hujus
3285 4077 3413 4134 dum
3463 4094 3693 4150 pecora,

2104 4179 2328 4234 quorum
2360 4166 2566 4223 inﬁnita
2595 4169 2942 4225 multitudine
2969 4170 3225 4240 pollebat,
3249 4174 3449 4240 passim
3477 4188 3575 4245 per
3594 4175 3693 4231 de-

2102 4257 2221 4312 vexi
2275 4258 2473 4323 montis
2528 4259 2696 4313 latera
2746 4267 3130 4330 pascerentur,
3188 4262 3413 4332 contigit
3478 4272 3689 4321 taurum

2100 4352 2324 4406 armenti
2354 4352 2659 4406 communis
2688 4353 2868 4423 gregis
2902 4354 3172 4409 consortia
3202 4363 3568 4426 spernentem,
3596 4373 3691 4428 per

2099 4454 2335 4502 montem
2362 4447 2689 4517 singularem
2725 4449 2977 4504 incedere
3006 4449 3219 4505 solitum
3240 4492 3257 4520 ,
3288 4453 3355 4508 ad
3385 4465 3686 4511 extremum

2097 4541 2442 4597 redeuntibus
2484 4534 2765 4611 pecoribus
2806 4544 3021 4599 domum
3068 4558 3175 4599 non
3218 4559 3340 4603 esse
3380 4562 3679 4605 reversum.

2020 4634 2268 4708 DQuem
2300 4634 2548 4690 dominus
2590 4636 2813 4693 collecta
2864 4638 3207 4693 multitudine
3257 4654 3533 4696 servorum
3580 4657 3676 4713 per

2103 4730 2255 4786 devia
2283 4744 2509 4800 quaeque
2552 4729 2831 4800 requirens
2852 4774 2866 4798 ,
2910 4731 3111 4787 invenit
3141 4732 3356 4788 tandem
3399 4735 3453 4789 in
3482 4735 3684 4790 vertice

2098 4822 2341 4893 ejusdem
2370 4825 2567 4879 montis
2598 4839 2694 4895 pro
2723 4823 2933 4881 foribus
2959 4826 3236 4895 cujusdam
3277 4828 3530 4882 assistere
3557 4843 3683 4898 spe-

2098 4914 2291 4970 luncae.
2326 4914 2511 4986 Itaque
2534 4917 2611 4971 ira
2643 4925 2937 4986 permotus,
2972 4933 3068 4973 cur
3096 4918 3361 4988 solivagus
3385 4916 3681 4988 incederet,

2095 5014 2309 5075 arrepto
2338 5021 2465 5062 arcu
2489 5008 2713 5078 appetiit
2739 5008 2888 5064 illum
2929 5009 3120 5080 sagitta
3151 5009 3405 5064 toxicata.
3429 5008 3558 5078 Quae
3585 5026 3684 5067 ve.

2101 5095 2198 5151 luti
2228 5098 2377 5152 venti
2401 5097 2617 5155 flamine
2646 5106 2869 5164 retorta,
2902 5113 3024 5154 eum
3051 5113 3081 5153 a
3104 5113 3210 5168 quo
3230 5098 3374 5169 jacta
3403 5110 3520 5170 est,
3555 5119 3682 5164 mox

2100 5202 2317 5245 reversa
2344 5191 2633 5259 percussit.
2671 5191 2893 5247 Turbati
2923 5192 3069 5248 cives
3098 5202 3154 5249 et
3190 5195 3473 5265 stupefacti
3501 5200 3678 5269 quali-

2100 5286 2182 5334 ter
2229 5294 2316 5334 res
2365 5279 2528 5335 fuerit
2575 5280 2793 5347 effecta,
2845 5296 2949 5338 non
2989 5285 3132 5341 enim
3167 5288 3426 5345 accedere
3454 5293 3673 5361 propius

2097 5370 2390 5437 audebant,
2419 5372 2706 5428 consulunt
2734 5368 3069 5445 episcopum,
3100 5379 3226 5448 quid
3254 5379 3393 5436 facto
3416 5396 3549 5453 opus
3575 5383 3673 5438 sit.

2095 5462 2196 5529 Qui
2218 5463 2416 5519 indicto
2437 5464 2644 5535 jejunio
2667 5468 2931 5536 triduano,
2956 5485 2987 5526 a
3017 5470 3126 5526 Deo
3145 5473 3351 5528 mouuit
3375 5489 3494 5530 esse
3521 5491 3637 5544 qum
3654 5506 3676 5519 -

2097 5554 2339 5609 rendum.
2373 5558 2489 5622 Quo
2520 5569 2772 5627 peracto,
2816 5571 3033 5618 sanctus
3072 5564 3279 5619 Domini
3320 5566 3671 5639 archangelus

2097 5647 2403 5716 episcopum
2459 5665 2554 5719 per
2600 5652 2859 5709 visionem
2910 5655 3233 5726 alloquitur,
3279 5658 3463 5715 dicens
3500 5678 3513 5713 :
3547 5661 3667 5717 Jam

2097 5736 2235 5791 bene
2266 5737 2459 5805 fecisti,
2488 5742 2631 5811 quod
2658 5744 2903 5801 homines
2924 5746 3138 5811 latebat,
3167 5762 3197 5803 a
3221 5747 3333 5804 Deo
3376 5753 3669 5821 quaerendo

2096 5830 2409 5900 mysterium
2431 5874 2446 5899 ,
2491 5848 2705 5891 causam
2736 5837 2981 5895 videlicet
3010 5840 3239 5898 homin‘is
3262 5858 3359 5900 suo
3396 5844 3501 5900 telo
3538 5860 3667 5914 per-

2099 5920 2261 5977 cussi.
2290 5921 2478 5981 Sciatis
2504 5924 2605 5984 hoc
2649 5942 2768 5987 mea
2807 5941 3015 5994 gestum
3044 5934 3335 5993 voluntate.
3367 5936 3476 6005 Ego
3511 5936 3654 5993 enim
