4096 6346
440 401 571 455 ΙΞΞΞ
634 444 639 447 .

2032 318 2035 321 ν
2055 294 2064 327 ι

1279 398 1476 455 PAULI
1518 390 1783 450 DiACONl
1823 388 1972 444 ore.
2016 385 2191 444 rans
2226 388 2287 443 li.
2328 419 2398 430 —
2438 378 2791 445 asumma.

3534 383 3675 448 issi

432 535 546 573 sum
569 517 789 572 Michael
815 484 1176 587 archangelns
1196 560 1210 585 ,
1240 519 1326 588 qui
1377 520 1425 570 in
1465 523 1751 585 conspectu
1782 509 1995 566 Domini
2027 508 2081 569 Α
2104 508 2231 561 suis.
2258 508 2519 578 Taliaque
2539 509 2784 563 mandata
2825 506 3048 564 remittit
3075 527 3086 562 :
3110 508 3169 563 Si
3195 509 3429 565 hominis
3458 520 3567 577 est,
3597 513 3677 565 di-

432 625 642 678 semper
669 610 901 676 assisto,
944 610 1224 677 locumque
1256 611 1395 679 hunc
1440 610 1491 663 in
1540 607 1697 675 terris
1734 604 2001 668 incolere,

434 708 708 769 tutumqne
736 714 954 767 servare
984 701 1295 765 instituens,
1341 702 1440 753 hoc
1477 698 1619 753 volui
1657 698 1853 752 indicio
1882 710 1999 765 pro-

430 793 581 861 bare,
610 793 845 857 omnium
876 808 997 864 qua:
1024 794 1092 847 ibi
1129 776 1406 863 geruntur,
1438 794 1605 865 ipsius
1650 806 1860 861 quoque
1894 789 1995 843 loci

427 898 515 938 me
544 898 662 938 esse
689 884 1042 951 inspecturem
1087 894 1246 950 atque
1294 885 1592 937 custodem.
1642 881 1753 935 iiac
1802 880 2001 935 revela-

429 975 572 1029 tione
618 984 923 1047 comperta,
969 974 1406 1041 consuetudinem
1448 974 1685 1029 fecerunt
1727 971 1870 1027 cives
1920 969 2004 1025 hic

428 1062 712 1119 Dominum
750 1065 994 1132 precibus
1028 1080 1120 1135 per
1161 1076 1399 1119 sanctum
1447 1064 1734 1133 deposcere
1773 1061 2002 1115 Michae-

426 1155 553 1210 lem.
597 1155 734 1210 Duas
772 1159 966 1227 quippe
1004 1157 1191 1227 januas
1220 1159 1290 1212 ibi
1325 1166 1623 1221 cernentes,
1658 1170 1877 1225 quarum
1906 1170 1999 1206 au-

425 1248 627 1313 stralis,
657 1263 772 1315 qua:
796 1258 849 1302 et
878 1251 1048 1317 major
1072 1258 1203 1317 erat,
1238 1250 1437 1316 aliquot
1468 1248 1720 1321 gradibus
1756 1247 1807 1299 in
1839 1259 2000 1299 occa-

425 1356 545 1396 sum
570 1341 929 1410 vergentibus,
949 1342 1079 1396 adiri
1104 1351 1329 1413 poterat,
1348 1342 1439 1395 sed
1473 1355 1570 1394 nec
1599 1341 1732 1394 ultra
1757 1348 1995 1409 cryptam

426 1431 626 1486 intrare
651 1432 789 1496 ausi,
821 1447 928 1499 prae
964 1432 1163 1487 foribus
1191 1432 1429 1500 quotidie
1457 1431 1681 1484 orationi
1715 1430 1997 1483 vacabant.

424 1520 568 1589 Inter
599 1521 713 1575 haec
739 1521 1070 1591 Neapolitani
1096 1524 1312 1593 paganis
1337 1522 1509 1575 adhuc
1533 1521 1717 1575 ritibus
1741 1520 2000 1575 aberran-

426 1622 534 1680 tes,
565 1613 885 1691 Sepoulinos
913 1624 965 1668 et
995 1617 1397 1669 Beneventanus
1422 1657 1434 1679 ,
1466 1614 1554 1679 qui
1592 1622 1803 1667 centum
1846 1613 2002 1682 quin-

425 1706 675 1774 quaginta
704 1706 1021 1759 milliaribus
1060 1722 1088 1759 a
1123 1706 1363 1775 Seponto
1395 1706 1628 1770 distant,
1661 1706 1799 1759 bello
1832 1706 1999 1760 laces-

424 1811 543 1851 sere
572 1806 797 1851 tentant.
826 1800 924 1862 Qui
955 1798 1214 1852 antistitis
1243 1798 1323 1853 sui
1354 1799 1572 1852 monitis
1597 1797 1770 1851 edocti
1795 1840 1809 1863 ,
1838 1798 1997 1850 tridui

2109 601 2402 669 lectissimi,
2437 603 2582 656 illam
2612 603 2860 657 dedicare
2892 602 3187 667 basilicam,
3217 602 3317 656 hoc
3347 605 3575 658 maxime
3597 607 3680 659 die

2106 710 2211 764 quo
2239 696 2454 750 victoria
2485 696 2604 753 data
2634 706 2718 749 est
2751 696 2863 751 fieri
2910 704 3144 763 Oportet.
3188 696 3286 751 Sin
3333 704 3506 751 autem
3555 698 3687 751 alias

2108 796 2293 839 sancto
2326 787 2581 853 provisori
2618 788 2718 842 loci
2754 788 3049 856 placuerit,
3080 787 3269 841 eodem
3303 790 3567 858 praecipue
3598 789 3688 844 die

2107 876 2247 930 illius
2276 878 2325 931 in
2354 877 2452 931 hoc
2484 879 2728 933 voluntas
2756 887 2841 933 est
2876 879 3213 948 requirenda.
3252 878 3359 933 Hoc
3395 894 3525 949 ergo
3552 890 3690 935 tem-

2110 984 2236 1035 pore
2260 968 2591 1034 imminente,
2626 985 2845 1036 agamus
2874 970 3033 1023 ambo
3067 970 3369 1023 triduanum
3399 984 3522 1024 cum
3560 970 3692 1025 civi-

2108 1062 2205 1115 bus
2233 1064 2428 1117 nostris
2448 1062 2705 1131 jejunium
2729 1104 2743 1127 ,
2776 1071 3019 1116 sanctam
3059 1062 3369 1116 Trinitatem
3402 1073 3687 1133 rogantes,

2106 1162 2163 1208 ut
2194 1170 2409 1209 munera
2442 1169 2562 1224 quae
2608 1169 2817 1207 summo
2846 1168 2959 1209 sua:
2988 1155 3130 1208 sedis
3164 1155 3409 1209 ministro
3441 1157 3690 1212 conferre

2105 1246 2346 1315 dignatus
2368 1246 2549 1311 est,ad
2571 1255 2777 1301 certum
2803 1262 2966 1315 usque
2984 1247 3143 1305 finem
3163 1248 3440 1315 perducat.
3462 1247 3687 1305 Factum

2104 1347 2223 1401 est,
2258 1346 2315 1391 ut
2352 1350 2689 1406 suggesserat
2739 1336 2983 1392 antistes.
3034 1338 3200 1392 Nocte
3242 1354 3372 1392 vero
3413 1342 3687 1395 constituti

2098 1428 2288 1497 jejunii
2336 1441 2583 1496 suprema
2609 1471 2625 1497 ,
2657 1429 2878 1499 angelus
2916 1428 3134 1482 Domini
3166 1429 3392 1484 Michael
3431 1431 3683 1500 episcopo

2103 1521 2396 1588 Sepontino
2420 1536 2512 1589 per
2529 1522 2785 1576 visionem
2809 1532 3071 1591 apparens
3092 1539 3104 1574 :
3125 1522 3237 1577 Non
3259 1532 3361 1587 est,
3385 1524 3565 1593 inquit,
3589 1540 3677 1579 vo-

2104 1611 2184 1665 bis
2210 1627 2344 1680 opus
2364 1612 2499 1667 hanc
2513 1629 2669 1682 quam
2698 1614 3215 1670 aedificavidedicare
3235 1618 3544 1673 ecclesiam.
3563 1619 3682 1684 Ipse

2102 1706 2241 1758 enim
2264 1706 2352 1773 qui
2375 1706 2608 1771 condidi,
2633 1706 2792 1760 etiam
2811 1706 3078 1761 dedicavi.
3105 1708 3209 1763 Vos
3235 1717 3437 1762 tantum
3467 1712 3683 1776 intrate,

2104 1804 2158 1849 et
2180 1810 2264 1849 me
2287 1796 2569 1851 assistente
2591 1804 2837 1865 patrono,
2858 1798 3105 1867 precibus
3129 1798 3302 1854 locum
3328 1800 3685 1869 frequentate.

425 1897 609 1955 petunt
640 1859 913 1951 inducias,
966 1898 1023 1942 ut
1069 1888 1317 1941 triduano
1356 1888 1557 1956 jejunio
1608 1886 1794 1942 liceret
1847 1888 1995 1956 quasi
2036 1859 2079 1917 Β
2107 1886 2172 1939 Et
2202 1896 2252 1939 te
2282 1886 2497 1955 quidem
2548 1887 2619 1941 ibi
2662 1902 2781 1941 cras
2812 1889 3031 1943 missam
3075 1890 3381 1945 celebrante
3406 1932 3423 1956 ,
3455 1892 3688 1961 populus

423 1979 576 2035 ﬁdele
603 1982 961 2050 patrocinium
984 1982 1151 2045 sancti
1177 1983 1447 2037 Michaelis
1478 1984 1763 2051 implorare
1786 1994 1837 2038 et
1863 1998 1998 2053 pra:-

421 2073 636 2125 sidium.
671 2074 785 2140 Quo
819 2084 1076 2143 tempore,
1108 2074 1297 2145 pagani
1329 2075 1466 2131 ludis
1493 2076 1715 2131 scenicis
1743 2076 1995 2130 falsorum

423 2165 647 2227 invitant
672 2169 866 2235 auxilia
899 2169 1141 2221 deorum.
1176 2170 1311 2225 licce
1339 2180 1512 2223 autem
1548 2179 1702 2239 nocte
1738 2170 1847 2236 ipsa
1876 2186 1994 2239 qua;

424 2255 546 2309 belli
579 2260 927 2313 antecedebat
953 2260 1131 2325 diem,
1160 2262 1310 2315 adest
1334 2262 1385 2315 in
1419 2262 1620 2317 visione
1647 2273 1864 2315 sanctus
1895 2262 1994 2316 Mi-

421 2346 570 2399 chael
622 2349 876 2413 antistiti,
926 2364 1110 2415 preces
1163 2351 1297 2403 dixit
1341 2352 1655 2416 exauditus,
1713 2352 1992 2409 victoriam

422 2440 707 2507 spopondit
738 2441 1071 2507 adfuturam,
1097 2450 1153 2495 et
1178 2452 1365 2511 quarta
1394 2444 1494 2499 diei
1528 2444 1656 2499 liora
1691 2444 1832 2505 bello
1857 2460 1995 2514 praep

426 2541 604 2585 monet
636 2530 874 2587 hostibus
904 2534 1314 2591 occurrendum.
1346 2534 1478 2590 Laeti
1509 2550 1637 2604 ergo
1668 2536 1812 2601 facti,
1847 2548 1899 2591 et
1929 2537 1997 2597 de

422 2623 661 2690 angelica
688 2624 818 2681 certi
840 2624 1086 2689 victoria,
1120 2626 1330 2685 Domini
1363 2628 1535 2683 coacti
1560 2630 1748 2696 Spiritu
1778 2630 1997 2695 obviant

420 2715 709 2771 Christiani
758 2718 995 2787 paganis.
1047 2720 1219 2788 Atque
1252 2722 1304 2785 in
1342 2721 1515 2789 primo
1566 2723 1691 2781 belli
1742 2735 1995 2792 apparatu

422 2806 694 2875 Garganus
723 2810 984 2869 immenso
1015 2820 1245 2873 tremore
1276 2816 1601 2881 concutitur,
1636 2814 1839 2885 ltilgura
1878 2832 1994 2875 cre-

425 2897 516 2951 bra
548 2899 758 2963 volant,
788 2908 841 2959 et
870 2900 1040 2971 caligo
1085 2906 1365 2961 tenebrosa
1415 2913 1577 2959 totum
1612 2908 1809 2963 montis
1838 2923 1995 2969 cacu-

423 3002 543 3043 men
575 2989 824 3054 obduxit,
857 2990 1070 3058 impleta
1107 2995 1382 3059 prophetia
1411 3011 1529 3063 qua:
1561 2996 1841 3072 Domitium
1877 2999 1991 3055 lati.-

422 3077 551 3139 dans
581 3080 688 3134 ait:
722 3080 823 3146 Qui
854 3082 979 3151 facit
1003 3084 1211 3153 angelos
1236 3101 1354 3141 suos
1381 3088 1591 3154 spiritus
1610 3131 1623 3154 ,
1657 3098 1703 3141 et
1732 3091 1992 3151 ministros

420 3185 538 3229 suos
585 3174 846 3242 ﬂammam
890 3175 1022 3245 igni;
1078 3173 1247 3245 (Psal.
1299 3179 1438 3247 cui).
1489 3178 1718 3247 Fugiunt
1770 3184 1989 3249 pagani,

420 3264 608 3331 partim
641 3266 784 3329 ferro
814 3266 1064 3335 hostium,
1100 3270 1288 3337 partim
1318 3270 1557 3338 igniferis
1587 3273 1795 3341 impulsi
1828 3277 1961 3345 sagit

422 3353 511 3435 tis,
534 3355 600 3408 ad
626 3355 901 3425 Neapolim
934 3374 1102 3426 usque
1138 3363 1483 3429 sequentibus
1513 3404 1527 3429 ,
1555 3374 1713 3433 atque
1750 3377 1994 3427 extrema

422 3458 649 3515 quaeque
675 3446 1001 3511 exedentibus
1030 3448 1381 3519 adversariis,
1416 3454 1609 3509 mmnia
1642 3456 1852 3517 tandem
1886 3473 1994 3514 sua:

422 3536 571 3589 urbis
598 3537 899 3599 moribundi
925 3540 1246 3605 subintrqnt.
1269 3545 1366 3611 Qui
1399 3556 1575 3600 autem
1604 3562 1825 3605 evasere
1857 3551 1995 3618 peri-

420 3626 634 3692 culum,
677 3638 949 3699 comperto
989 3632 1129 3703 quod
1175 3634 1395 3703 angelus
1439 3636 1529 3693 Dei
1573 3639 1624 3692 in
1673 3639 1993 3708 adjutorium

422 3720 627 3783 venerit.
652 3718 990 3789 Christianis,
1018 3738 1137 3791 nam
1166 3734 1219 3787 et
1265 3736 1546 3793 sexcentos
1578 3727 1745 3791 ferme
1774 3745 1988 3791 suorum

422 3805 643 3875 fulmine
672 3810 922 3879 videbant
970 3813 1349 3884 interemptos,
1386 3816 1513 3886 Regi
1562 3832 1744 3888 regum
1778 3820 1988 3889 Christo

420 3900 672 3965 continuo
704 3903 834 3969 colla
866 3904 1240 3969 submittentes
1261 3946 1276 3971 ,
1314 3908 1478 3969 armis
1529 3908 1817 3967 induuntur
1843 3910 1988 3979 fidei.

420 3988 657 4060 Cumque
685 3993 900 4059 domum
931 3997 1134 4065 reversi
1165 3997 1424 4067 victores,
1454 4008 1573 4055 vota
1610 4000 1837 4057 Domino
1864 4017 1989 4071 gra-

420 4082 603 4149 tiarum
636 4083 699 4143 ad
733 4086 986 4152 templum
1017 4087 1279 4157 referrent
1317 4089 1639 4161 archangeli,
1668 4092 1850 4161 vident
1877 4109 1988 4148 ma-

417 4187 483 4239 με
523 4172 669 4251 juxta
717 4173 937 4244 januam
989 4180 1456 4255 septentrionalem
1514 4181 1705 4252 (quam
1767 4184 1988 4251 praedixi

416 4264 581 4333 instar
612 4272 892 4335 posterulaz
918 4272 1146 4345 pusillae)
1169 4274 1319 4342 quasi
1349 4274 1577 4330 hominis
1600 4277 1819 4347 vestigia
1848 4294 1985 4351 mar-

415 4355 547 4408 mori
578 4360 774 4415 arctius
806 4361 1401 4433 impressa,agnoscunt
1434 4367 1643 4435 beatum
1672 4368 1983 4425 Michaelem

414 4446 513 4501 hoc
543 4454 820 4517 presentias
858 4470 970 4508 sua:
1018 4458 1228 4524 signum
1273 4458 1506 4515 voluisse
1534 4470 1853 4516 monstrare.
1886 4462 1983 4535 Ubi

412 4550 592 4607 postea
622 4542 833 4596 culmen
862 4547 1156 4613 appositum
1194 4558 1247 4602 et
1289 4552 1453 4605 altare
1498 4552 1836 4620 impasitum,
1872 4555 1981 4620 ipsa
2006 4571 2062 4633 D

411 4632 633 4701 ecclesia
661 4632 729 4685 ob
757 4635 901 4702 signa
932 4638 1275 4706 vestigiorum
1304 4643 1613 4711 Appodunia
1641 4656 1721 4697 est
1776 4656 1979 4700 vocata.

412 4726 568 4779 Multa
602 4726 858 4779 dubitatio
896 4729 1033 4783 inter
1062 4729 1413 4800 Sepontinum
1460 4745 1513 4788 et
1553 4736 1979 4792 Beneventanum

410 4818 533 4887 quid
565 4818 631 4872 de
662 4818 779 4873 loco
808 4831 1060 4888 agerent,
1085 4833 1259 4877 utrum
1293 4827 1493 4881 intrare
1536 4836 1590 4880 et
1632 4828 1880 4882 dedicare
1911 4829 1979 4899 ibi

408 4908 634 4962 debeant
663 4910 961 4967 ecclesiam.
994 4912 1147 4979 Unde
1174 4916 1457 4970 collatione
1499 4917 1633 4971 facta
1656 4961 1669 4983 ,
1712 4919 1777 4971 ad
1825 4921 1984 4971 meri-

409 4996 546 5051 diem
576 4998 675 5065 loci
709 4999 845 5053 illius
876 5002 1013 5055 beati
1043 5003 1183 5075 i’etri
1212 5007 1575 5077 apostolorum
1602 5009 1856 5079 principis
1889 5025 1981 5063 no-

408 5091 550 5145 mine
575 5093 808 5147 condunt
836 5097 1117 5167 ecclesiam
1169 5106 1221 5153 et
1269 5099 1544 5165 dedicant.
1596 5100 1651 5171 ιιι
1694 5116 1791 5173 qua
1822 5101 1980 5155 etiam

409 5180 573 5233 beata:
621 5197 831 5251 semper
880 5186 1097 5255 virginis
1138 5188 1354 5257 Mariae,
1404 5190 1681 5259 sanctique
1732 5192 1982 5261 Baptista:

331 5278 341 5285 ‘
405 5271 626 5326 Joannis
673 5275 858 5330 altaria
902 5288 1158 5333 statuunt.
1214 5281 1447 5335 Tandem
1486 5284 1749 5339 antistites
1783 5287 1979 5341 salubri

407 5371 612 5429 reperto
655 5364 878 5417 consilio
918 5367 1216 5423 Romanum
1261 5374 1567 5441 episcopum
1620 5374 1746 5442 quid
1794 5374 1860 5428 de
1900 5376 1981 5430 his

410 5453 663 5519 agendum
694 5455 765 5508 sit
796 5470 889 5523 per
920 5462 1133 5513 nuntios
1161 5462 1521 5531 sciscitantur,
1564 5464 1653 5534 qui
1686 5475 1809 5518 tunc
1840 5467 1976 5520 forte

409 5542 455 5593 in
491 5555 665 5597 monte
693 5545 894 5601 Soracti
927 5550 1367 5619 quinquagesimo
1401 5555 1512 5608 fere
1546 5556 1795 5612 milliario
1823 5577 1847 5607 ει
1874 5558 1978 5611 Βο-

410 5646 557 5683 inana
585 5635 713 5689 urbe
739 5637 966 5694 distante
997 5641 1188 5708 fuerat,
1223 5659 1380 5709 quem
1417 5646 1605 5700 incolm
1648 5651 1814 5702 sancti
1860 5651 1978 5720 Syl-

412 5725 567 5775 vestri
598 5730 909 5793 cognomine
941 5742 1149 5798 vocant,
1185 5748 1249 5788 eo
1278 5736 1417 5803 quod
1444 5735 1559 5805 ipse
1598 5737 1666 5791 ibi
1712 5740 1973 5806 quondam

410 5820 552 5869 exsul
585 5834 741 5874 orans
785 5838 880 5890 pro
925 5825 1045 5881 fidei
1096 5830 1463 5884 persecutione
1516 5830 1804 5886 delituerat
1855 5848 1973 5887 cum

2097 1980 2246 2050 juxta
2275 1994 2476 2034 morem
2507 1980 2884 2036 communicet.
2928 1982 3103 2037 Meum
3143 1993 3320 2037 autem
3361 1985 3466 2039 erit
3506 1994 3689 2039 osten-

2101 2070 2227 2124 dere
2255 2071 2523 2140 quomodo
2552 2086 2643 2139 per
2675 2083 2871 2126 memet
2908 2074 3081 2129 locum
3134 2074 3458 2129 sacraverim
3489 2076 3684 2144 ipsum.

2104 2162 2179 2215 Illi
2212 2162 2501 2216 adveniunt
2531 2178 2685 2219 inane
2712 2180 2829 2218 cum
2860 2165 3218 2221 oblationibus
3244 2208 3260 2232 ,
3292 2175 3348 2221 et
3367 2182 3561 2237 magna
3593 2168 3687 2222 in-

2100 2257 2292 2310 stantia
2343 2271 2555 2325 precum
2607 2261 2801 2312 intrant
2852 2261 3052 2328 regiam
3101 2260 3421 2325 australem,
3463 2271 3517 2315 et
3553 2275 3684 2316 ecce

2100 2346 2253 2416 longa
2300 2348 2534 2415 porticus
2575 2350 2625 2403 in
2672 2350 2973 2418 aquilonem
3023 2361 3301 2420 porrecta,
3337 2362 3497 2422 atque
3530 2354 3677 2407 illam

2100 2438 2367 2505 attingens
2408 2440 2732 2506 posterulam
2774 2448 2929 2495 extra
2967 2456 3125 2511 quam
3158 2442 3380 2510 vestigia
3422 2444 3677 2499 marmori

2098 2528 2326 2581 diximus
2375 2529 2651 2597 impressa.
2704 2530 2808 2585 Sed
2849 2534 3150 2601 priusquam
3212 2533 3318 2588 huc
3367 2534 3677 2603 pervenias,

2098 2630 2317 2690 apparet
2364 2622 2431 2677 ad
2474 2625 2733 2678 orientem
2782 2626 2996 2679 basilica
3048 2627 3409 2697 praegrandis,
3441 2642 3543 2696 qua
3585 2642 3683 2696 per

2097 2713 2290 2782 gradus
2316 2713 2643 2768 ascenditur.
2678 2715 2811 2769 llaec
2845 2732 2965 2771 cum
3011 2718 3122 2787 ipsa
3157 2718 3361 2787 porticu
3400 2733 3495 2772 sua
3527 2718 3685 2787 quin-

2096 2812 2280 2870 gentos
2324 2802 2435 2858 fere
2480 2802 2719 2860 homines
2748 2821 2941 2876 capere
2970 2809 3275 2875 videbatur,
3308 2810 3478 2865 altare
3516 2824 3681 2865 vene-

2095 2895 2340 2961 randum,
2365 2896 2634 2965 rubquue
2652 2907 2957 2953 contectum
2979 2901 3215 2969 palliolo,
3250 2915 3415 2970 prope
3440 2903 3679 2959 medium

2097 2986 2311 3054 parietis
2340 2989 2614 3043 meridiem
2645 2990 2953 3047 oetendens.
2988 2993 3115 3045 Erat
3144 3002 3320 3048 autem
3346 2996 3461 3064 ipsa
3486 2997 3676 3049 domus

2094 3078 2387 3146 angulosa,
2434 3096 2538 3134 non
2586 3080 2640 3133 in
2689 3096 2837 3136 more
2893 3083 3073 3151 operis
3120 3084 3334 3138 humani
3388 3088 3678 3153 parietibus

2098 3171 2313 3233 erectis,
2337 3171 2429 3225 sed
2458 3173 2624 3225 instar
2644 3173 2912 3241 speluncae
2942 3177 3220 3241 praeruptis
3242 3184 3293 3231 et
3317 3177 3519 3245 saepius
3542 3178 3677 3233 emi-

2102 3262 2348 3316 nentibus
2376 3272 2620 3329 asperata
2650 3263 2903 3333 scopulis,
2936 3264 3168 3319 culmine
3193 3280 3407 3335 quoque
3447 3269 3678 3325 diversa

2097 3354 2421 3424 altitudinis,
2452 3356 2591 3424 quod
2626 3358 2710 3408 hic
2758 3358 2961 3410 vertice
3008 3358 3181 3426 tangi,
3232 3357 3356 3412 alibi
3401 3375 3560 3415 manu
3587 3362 3675 3415 vix

2098 3447 2265 3515 possit
2291 3446 2501 3514 attingi,
2524 3446 2685 3499 credo
2714 3445 2941 3501 docente
2969 3448 3291 3518 archangelo
3310 3489 3326 3515 ,
3360 3450 3526 3505 Deum
3565 3466 3671 3507 non

2094 3548 2341 3591 ornatum
2372 3538 2625 3605 lapidum,
2654 3537 2747 3593 sed
2772 3539 2950 3593 cordis
2979 3554 3221 3609 quaerere
3244 3549 3301 3594 et
3327 3542 3545 3611 diligere
3570 3558 3666 3611 pu-

2095 3630 2327 3683 ritatem.
2363 3629 2553 3684 Vertex
2585 3645 2716 3685 vero
2738 3632 2935 3684 montis
2965 3632 3301 3692 extrinsecus
3327 3636 3508 3701 partim
3535 3650 3668 3690 cor-

2094 3732 2191 3773 nea
2224 3719 2379 3788 sylva
2432 3720 2644 3788 tegitur,
2681 3721 2870 3787 partim
2901 3721 3089 3775 virenti
3128 3722 3355 3791 planitie
3398 3722 3667 3780 dilatatur.

2094 3807 2371 3861 Missarum
2400 3808 2577 3877 itaque
2599 3809 2955 3867 celebratione
2982 3812 3243 3880 completa
3263 3850 3279 3876 ,
3310 3827 3508 3884 magno
3532 3824 3671 3868 atto-

2094 3898 2187 3952 niti
2224 3899 2414 3967 gaudio
2444 3901 2635 3970 quique
2660 3902 2933 3957 redierunt
2954 3904 3006 3956 in
3029 3918 3143 3957 sua.
3173 3903 3469 3972 EpiscOpus
3493 3918 3673 3962 autem

2091 3991 2337 4061 delegato
2388 3995 2794 4062 ministrorum,
2844 4005 3160 4066 cantorum,
3224 4000 3675 4072 sacerdotumque

2090 4084 2287 4150 officio,
2321 4094 2373 4141 et
2401 4088 2681 4149 mansione
2704 4097 3031 4155 constructa,
3057 4105 3270 4146 omnem
3302 4092 3501 4147 ibidem
3526 4109 3669 4163 quo-

2092 4178 2221 4233 tidie
2250 4180 2600 4249 psalmorum,
2634 4182 2949 4251 hymnorum
2970 4224 2984 4248 ,
3017 4184 3411 4252 minarumque
3452 4199 3671 4239 cursum

2090 4285 2329 4339 congruo
2360 4273 2614 4342 przecepit
2634 4272 2820 4329 ordine
2844 4274 3126 4329 celebrari.
3154 4274 3342 4329 Nullus
3364 4285 3546 4330 autem
3567 4276 3674 4331 huc

2090 4372 2350 4419 noeturno
2396 4372 2479 4417 est
2527 4373 2766 4433 tempore
2822 4380 2982 4421 ausus
3030 4367 3275 4436 ingredi,
3328 4369 3424 4424 sed
3479 4384 3668 4423 aurora

2091 4462 2355 4508 transacta
2389 4454 2676 4513 matutinos
2704 4456 2776 4517 ibi
2819 4457 3128 4512 decantavit
3160 4457 3412 4528 hymnos.
3449 4458 3524 4513 Ex
3554 4459 3669 4525 ipso

2090 4555 2262 4602 autem
2300 4562 2430 4603 saxo
2460 4564 2565 4617 quo
2590 4564 2739 4607 sacra
2791 4552 2987 4621 tegitur
3028 4552 3203 4616 :edes,
3244 4554 3311 4606 ad
3359 4554 3671 4623 aquilonem

2093 4640 2294 4707 altaris,
2327 4640 2499 4694 dulcis
2528 4651 2581 4696 et
2622 4644 2843 4697 nimium
2881 4644 3050 4698 lucida
3092 4645 3334 4714 guttatim
3370 4661 3504 4715 aqua
3533 4647 3671 4700 dila‘

2094 4731 2250 4796 bitur,
2282 4747 2438 4801 quam
2471 4733 2657 4791 incola:
2679 4735 2873 4788 stillam
2906 4746 3114 4788 vocant.
3139 4736 3219 4789 0b
3242 4736 3343 4790 hoc
3361 4746 3416 4791 et
3440 4738 3673 4792 vitreum

2091 4838 2184 4883 vas
2210 4822 2447 4892 ejusdem
2490 4825 2730 4893 receptui
2769 4836 3124 4895 praeparatum
3173 4838 3423 4896 argentea
3478 4830 3673 4896 pendet

2092 4926 2277 4969 catena
2321 4930 2669 4982 suSpensum,
2698 4918 2968 4986 morisque
2997 4926 3082 4973 est
3125 4919 3318 4986 populo
3365 4922 3671 4975 communi-

2090 5020 2209 5067 cato
2254 5010 2492 5080 singulos
2534 5012 2598 5065 ad
2630 5013 2900 5067 vasculum
2950 5015 3242 5069 ascendere
3294 5028 3387 5081 per
3431 5015 3669 5081 gradus.

2088 5104 2392 5174 donumque
2418 5103 2650 5159 caelestis
2679 5105 2959 5173 degustare
2984 5105 3221 5174 liquoris.
3249 5105 3379 5159 Nam
3420 5116 3477 5160 et
3509 5117 3671 5175 gustu

2086 5199 2262 5252 suavis
2292 5206 2347 5251 et
2377 5207 2518 5251 tactu
2550 5196 2811 5261 Salubris;
2844 5197 3076 5266 denique
3102 5196 3339 5250 nonnulli
3366 5212 3461 5264 per
3481 5197 3673 5262 longas

2088 5290 2309 5344 febrium
2341 5291 2583 5344 ﬂammas
2613 5291 2710 5345 hac
2739 5290 2928 5344 hausta
2957 5291 3095 5345 stilla
3115 5332 3131 5354 ,
3174 5291 3337 5345 celeri
3379 5288 3669 5344 confestim

2086 5380 2359 5449 refrigerio
2387 5380 2659 5449 potiuntur
2680 5381 2885 5435 salutis.
2916 5382 3213 5449 innumeris
3235 5396 3446 5449 quoque
3468 5393 3522 5437 et
3547 5383 3669 5436 aliis

2087 5471 2255 5525 modis
2283 5471 2350 5523 ibi
2384 5472 2574 5525 crebro
2605 5479 2861 5527 sanantur
2886 5476 3069 5540 (egroti
3089 5511 3103 5533 ,
3137 5482 3191 5525 et
3230 5473 3393 5527 multa
3422 5487 3541 5541 quae
3571 5488 3671 5527 an-

2082 5562 2265 5629 gelicae
2291 5570 2491 5614 tantum
2514 5571 2813 5630 congruunt
2844 5563 3112 5629 potestati,
3140 5563 3250 5629 geri
3274 5562 3383 5617 illic
3408 5563 3670 5623 miracula

2082 5654 2523 5720 comprobantur,
2558 5655 2790 5708 maxime
2840 5662 3014 5708 tamen
3063 5655 3302 5721 ejusdem
3328 5655 3418 5719 die
3451 5656 3667 5719 natalia

2083 5756 2200 5795 cum
2230 5750 2283 5796 et
2310 5743 2375 5795 de
2405 5743 2694 5810 provinciis
2716 5745 3112 5811 circumpositis
3135 5746 3254 5821 plus
3273 5746 3434 5807 solito
3452 5744 3667 5811 conﬁge

2044 5886 2057 5893 _
2084 5827 2234 5887 turba
2260 5832 2520 5898 recurrit,
2554 5842 2608 5888 ct
2654 5835 2912 5905 angelicae
2941 5836 3156 5891 virtutis
3187 5836 3359 5904 major
3397 5838 3667 5903 quodam-
