2048 3173
199 188 268 219 i525
685 185 916 217 HOMILIABIUS.
935 204 970 210 —
990 190 1000 216 l

1049 190 1070 217 Ι.
1091 189 1135 218 DE
1154 188 1308 218 SANC‘I'IS.
1752 192 1821 221 “26

201 246 278 275 modo
291 245 410 274 creditur
424 245 519 274 adesse
531 244 690 281 frequentia,
705 249 735 272 ut
751 246 823 280 quod
834 245 983 280 splrituali-
995 249 1023 278 Δ
1035 248 1107 275 tione
1129 255 1225 275 censos
1252 248 1366 276 Domino
1384 226 1517 284 coaiquari
1528 271 1535 284 ,
1552 255 1739 285 computantes
1761 259 1822 279 eum

200 297 240 320 ter
254 292 324 319 dixit
339 291 494 325 Apostolus,
510 292 589 319 etiam
604 292 781 326 corporaliter
796 291 837 326 agi
850 292 985 320 videatur:

201 337 269 371 Quia
281 336 437 372 angelicam
458 336 671 364 odministratorii
693 337 798 371 spiritus
823 337 850 364 in
872 338 987 366 ministe-

201 383 266 409 rium
280 382 361 414 missi,
376 386 480 417 propter
492 390 535 408 eos
547 382 591 416 qui
604 381 776 410 Increditatem
789 383 894 417 capiunt
916 384 988 410 saltt-

201 427 241 460 tis,
255 428 282 454 in
297 427 397 454 Christo
406 426 469 454 Iesu
481 427 590 458 Domino
601 432 688 455 plostra
699 427 778 463 (Hsb.
791 428 821 463 ι).
836 428 875 456 Tu
887 433 987 462 autem,

201 473 325 500 Domine.

476 520 613 548 HOMILIA
634 520 714 548 LVII.

438 575 476 594 DE
504 575 610 594 3011111
638 574 745 595 νεετο

343 612 393 647 (Ex
409 612 477 647 Opp.
500 613 568 640 beati
585 614 691 641 Maximi
706 613 850 648 episcopi.)

237 659 270 686 In
284 659 330 686 illo
344 665 456 695 tempore
470 665 630 687 accesserunt
645 660 768 694 discipuli
782 660 815 686 ad
829 659 920 686 Iesum
929 681 937 693 ,
951 660 991 687 di-

201 710 282 733 centes
295 713 304 732 ξ
319 704 383 739 Quis
398 711 472 741 putas
487 708 573 742 major
593 712 629 734 est
651 708 678 734 in
698 715 776 742 regno
798 707 937 734 caelorum?
957 706 992 733 Et

201 752 326 779 aduocans
345 753 420 780 Iesus
433 754 566 788 paruulum
578 753 666 780 statuit
681 760 740 780 eum
754 753 782 779 in
798 753 881 780 medio
891 760 991 785 eorum,

202 802 255 824 etc.
272 797 380 831 (Matth.
396 798 485 832 svnt).

239 843 266 869 Si
281 842 434 877 diligenter,
447 843 553 878 fratres,
566 843 690 881 audistis,
706 843 888 878 evangelicum
900 843 994 870 lectio-

203 894 276 919 nem,
291 891 344 914 etc.
367 888 476 920 Reliqua
501 889 557 916 vide
579 890 644 916 inter
667 888 751 924 Opera
776 890 857 916 sancti
871 887 993 922 Maximi,

205 932 362 970 Potrologiat
374 939 441 961 tanta
455 935 548 967 LVII,
563 937 612 963 col.
626 935 680 963 445

476 994 617 1021 IIOMILIA
639 993 728 1021 LVIII.

336 1036 362 1055 IN
382 1036 469 1057 BODBII
488 1038 572 1057 FESTU
592 1038 688 1057 SANC'I'I
708 1035 858 1057 ιιιειίηιισ.

483 1074 536 1110 [Ex
554 1075 702 1110 llaymone.

241 1119 275 1148 In
294 1120 341 1147 illo
369 1125 480 1155 tempore
503 1126 663 1149 accesserunt
687 1121 808 1155 discipuli
834 1121 868 1147 ad
893 1120 993 1154 Jcsstnt,

206 1167 314 1193 dicentes
325 1175 334 1193 .'
347 1167 410 1199 Quis
423 1171 497 1201 putas
507 1168 591 1199 major
605 1171 642 1194 est
656 1167 682 1193 in
693 1174 772 1200 regno
786 1166 905 1193 caelorum
915 1187 923 1200 ,
940 1171 994 1195 etc.

208 1212 314 1247 (Matth.
328 1213 403 1247 nm)
412 1212 425 1238 1

244 1258 354 1292 Quoties
370 1258 481 1292 legimus
493 1258 638 1293 discipulos
650 1258 754 1286 Domini
770 1259 803 1286 de
817 1259 911 1286 ordine
925 1259 997 1293 prio-

212 1308 283 1330 ralus
305 1303 375 1330 inter
396 1311 426 1330 se
448 1304 616 1331 contendisse
630 1304 671 1331 vel
698 1304 885 1339 interrogasse,
901 1312 953 1332 non
967 1305 996 1331 li-

211 1349 266 1375 vori
281 1353 308 1375 et
320 1348 426 1377 invidiae
448 1349 576 1383 deputare
591 1349 730 1381 debemus,
745 1349 791 1376 sed
809 1349 929 1377 humana:
945 1350 997 1377 fra-

210 1394 304 1428 gilitati
330 1401 362 1421 ac
385 1395 660 1430 inllrmitati;quippe
686 1396 730 1430 qui
760 1395 839 1422 rudes
866 1400 941 1423 erant
967 1403 999 1423 ac

211 1439 324 1473 novelli,
342 1440 403 1474 quia
427 1440 568 1468 audierant
588 1448 649 1468 eum
674 1448 749 1467 suam
773 1441 998 1470 resurrectionem

211 1485 409 1519 praedicantem,
425 1490 451 1513 et
471 1486 588 1513 nondum
604 1486 721 1520 Spiritus
739 1487 824 1514 sancti
835 1488 921 1522 gratia
936 1488 999 1515 illu-

211 1530 313 1562 minati,
328 1531 436 1559 cmlcste
450 1539 559 1566 regnum
585 1531 703 1566 perfecte
728 1540 819 1560 amare
840 1533 1000 1567 didiceram,

210 1578 281 1611 quia,
297 1582 325 1604 ut
338 1576 374 1604 ait
386 1578 548 1613 evangelista
564 1578 698 1611 Joannes,
719 1580 834 1607 nandum
847 1584 901 1607 erat
916 1580 1000 1615 Spiri.

1038 294 1089 322 illis
1100 294 1228 336 omnibus
1240 301 1299 322 esse
1310 296 1462 338 praelatum,
1475 296 1502 323 in
1516 296 1559 324 illa
1574 297 1638 324 hora
1652 304 1822 326 accesserunt

1038 342 1071 369 ad
1093 340 1195 374 Iesum,
1210 342 1329 369 dicentes
1343 351 1349 369 :
1363 342 1425 375 Quis
1444 346 1519 376 putas
1541 344 1625 377 major
1644 348 1682 370 est
1700 343 1728 370 in
1746 352 1823 378 regno

1024 388 1177 415 ~caelorum?
1189 387 1241 416 Sed
1258 389 1385 423 magister
1399 389 1555 416 humilitatis
1566 411 1573 419 ,
1589 389 1634 424 qui
1648 390 1684 416 a‘it
1698 389 1724 417 in
1740 396 1824 417 evan-

1038 434 1108 468 gelio
1121 443 1127 460 :
1140 434 1235 461 Discite
1248 443 1265 461 a
1284 443 1333 466 me,
1348 435 1408 469 quia
1429 435 1495 462 milis
1510 443 1567 462 sum
1583 440 1606 462 et
1622 435 1726 463 humilis
1738 436 1825 470 corde,

1039 483 1062 508 et
1083 481 1214 508 invenietis
1228 478 1340 516 requiem
1360 481 1492 508 animabus
1506 482 1593 508 vestris
1608 481 1716 516 (Matth.
1729 482 1780 516 ιι),
1798 486 1826 509 ut

1039 528 1191 555 ostenderet
1213 537 1323 564 regnum
1349 529 1490 561 ctelorum,
1515 537 1567 555 non
1594 536 1641 563 per
1660 528 1842 564 superbiam,"

1040 573 1086 601 sed
1100 581 1147 607 per
1165 574 1340 601 humilitatem
1356 580 1415 601 esse
1426 574 1608 608 querendum,
1626 573 1759 607 illumque
1769 573 1826 600 fore

1040 618 1170 654 majorem
1187 620 1212 647 in
1227 627 1260 647 eo
1273 621 1315 654 qui
1331 625 1438 654 propter
1453 620 1535 647 Deum
1549 626 1578 646 se
1593 618 1727 645 humiliat.
1743 619 1826 645 Adeo-

1040 673 1100 692 cans
1114 665 1248 700 parvulum
1270 666 1356 692 statuit
1372 673 1429 691 eum
1442 665 1470 692 in
1488 665 1571 691 medio
1590 670 1687 697 eorum,
1699 669 1721 690 et
1741 664 1806 690 dixit
1818 671 1827 689 ς

1042 711 1121 737 Amen
1135 711 1192 737 dico
1205 711 1274 737 vobis
1287 718 1296 737 :
1310 710 1369 737 Nisi
1389 711 1501 736 conversi
1517 710 1628 744 fueritis,
1645 714 1668 735 et
1688 707 1829 743 cﬁiciamini

1042 756 1109 782 sicut
1121 755 1232 790 parvuli,
1243 764 1296 782 non
1307 755 1433 782 intrabitis
1447 756 1473 781 in
1488 762 1597 790 regnum
1610 754 1740 781 caelorum.
1753 753 1829 786 Quod

1043 801 1147 828 duobus
1163 801 1249 828 modis
1269 804 1357 835 potest
1377 799 1500 834 intelligi.
1527 800 1670 826 Possumus
1688 798 1762 825 enim
1785 798 1830 825 hic

1043 848 1179 882 parvulum
1203 848 1343 874 Dominum
1368 846 1458 874 .lesum
1481 845 1614 873 Christum
1637 845 1829 878 accipere,qui

1045 904 1104 924 cum
1120 897 1152 924 sit
1168 905 1275 932 magnus
1295 901 1319 922 et
1344 895 1480 922 laudabilis
1502 895 1590 927 nimis,
1605 898 1627 920 et
1647 892 1832 928 magnitudinis

1043 945 1097 978 ejus
1118 952 1168 970 non
1188 946 1223 970 est
1239 943 1298 977 ﬁnis
1316 943 1399 977 (Psal.
1417 942 1503 977 cxmv)
1517 962 1525 974 ,
1547 947 1575 968 ut
1590 947 1638 968 nos
1652 941 1772 968 excelsos
1788 941 1828 967 lia-

1043 993 1125 1022 cerct,
1138 990 1259 1022 parvulus
1273 994 1348 1015 natus
1361 993 1398 1014 est
1421 988 1501 1019 nobis,
1518 993 1541 1014 et
1557 988 1626 1021 [ilius
1641 987 1717 1013 datus
1731 991 1768 1013 est
1782 994 1829 1013 no-

1045 1036 1082 1062 bis
1101 1034 1167 1070 (lsa.
1181 1035 1229 1069 ts).
1253 1035 1286 1061 Et
1299 1040 1341 1062 est
1354 1042 1448 1062 sensus
1462 1042 1468 1060 :
1481 1034 1535 1061 Nisi
1558 1040 1618 1060 meo
1638 1032 1760 1067 exemplo
1784 1039 1833 1059 vos

1045 1080 1256 1112 humiliaveritis,
1269 1080 1311 1113 qui
1324 1087 1375 1106 non
1388 1080 1441 1106 veni
1452 1079 1604 1110 ministrari,
1617 1078 1661 1105 sed
1675 1077 1831 1109 ministrare,

1045 1131 1073 1154 et
1087 1126 1170 1153 lactus
1184 1133 1242 1152 sum
1258 1127 1284 1152 in
1301 1125 1389 1152 medio
1411 1129 1531 1151 vestrum
1546 1124 1615 1151 sicut
1629 1124 1672 1157 qui
1688 1123 1833 1154 ministrat,

1045 1172 1091 1199 sed
1109 1179 1160 1199 non
1175 1171 1218 1206 qtli
1233 1170 1274 1197 vel
1296 1170 1372 1205 quasi
1386 1170 1556 1202 recumbens,
1572 1176 1682 1203 regnum
1704 1169 1834 1196 calorum

1046 1217 1115 1252 quod
1128 1217 1272 1244 humilibus
1282 1220 1324 1242 est
1335 1220 1512 1250 praeparatum
1521 1234 1528 1247 ,
1540 1215 1639 1242 intrare
1649 1221 1701 1242 neu
1714 1214 1836 1248 potestis.

1046 1263 1075 1291 Si
1090 1267 1178 1290 autem
1202 1262 1358 1296 simpliciter
1382 1261 1528 1294 quemlibet
1550 1260 1688 1294 parvulum
1707 1259 1837 1294 intelligu-

1047 1316 1117 1341 mus,
1129 1308 1207 1335 facile
1223 1312 1303 1341 patet,
1320 1306 1381 1341 quin
1402 1306 1567 1336 non,solum
1591 1305 1624 1333 ad
1648 1305 1838 1337 humilitatem,

1047 1356 1102 1383 sed
1117 1355 1198 1382 etiam
1212 1354 1245 1381 ad
1259 1353 1457 1386 simplicitatem
1476 1351 1635 1380 servandam
1651 1351 1702 1378 hoc
1715 1349 1838 1383 exemplo

1048 1409 1097 1429 nos
1109 1401 1241 1428 hortatur.
1258 1400 1296 1426 Ae
1308 1400 1329 1426 si
1344 1399 1446 1425 diceret
1457 1406 1465 1425 :
1477 1398 1552 1424 Sicut
1562 1397 1687 1431 parvulus
1696 1395 1748 1425 iste
1762 1395 1840 1429 cuius

1049 1448 1124 1475 vobis
1135 1446 1284 1480 exemplum
1297 1446 1433 1479 proposui,
1443 1443 1536 1471 videns
1547 1443 1688 1472 mulierem
1699 1440 1839 1475 pulchram

1049 1502 1102 1522 non
1117 1492 1292 1526 concupiscit,
1309 1499 1361 1518 non
1386 1491 1487 1518 alienas
1507 1489 1612 1517 divitias
1634 1487 1746 1522 appetit,
1761 1487 1840 1515 laesus

1050 1548 1102 1568 non
1126 1539 1241 1571 reliedit,
1257 1545 1309 1565 non
1334 1537 1405 1564 aliud
1420 1535 1530 1571 cogitat,
1545 1539 1571 1562 et
1584 1534 1656 1565 aliud
1672 1533 1797 1568 loquitur,
1813 1536 1841 1563 et

1050 1586 1134 1614 iratus
1148 1592 1200 1612 non
1217 1588 1357 1618 perpetuas
1373 1587 1445 1609 tenet
1460 1581 1619 1612 discordias,
1633 1580 1670 1607 ita
1684 1583 1712 1607 et
1725 1586 1771 1612 vos
1787 1578 1838 1606 nisi

210 1622 274 1649 τίθη
299 1623 386 1657 dm“,
408 1605 470 1658 qui;
490 1623 566 1651 λείπω
593 1626 706 1652 nmmum
732 1626 816 1660 [κεναί
841 1605 1036 1661 ριονὶβεῖιιυιϐ
1151 1605 1298 1658 ltabu'erilis
1312 1628 1490 1656 innocentiam
1514 1627 1540 1654 in
1554 1630 1655 1659 mente,
1670 1625 1775 1661 qualem
1788 1625 1840 1655 iste

211 1667 301 1703 (Joan.
315 1670 373 1705 vn),
389 1671 518 1704 putabant
530 1672 600 1706 quod
619 1673 676 1707 ipse
690 1680 833 1707 resurgens
846 1680 861 1700 a
876 1673 998 1705 mortuis,

210 1715 385 1748 corporaliter
399 1723 508 1750 regnum
526 1722 637 1750 teneret,
651 1722 678 1745 et
690 1718 739 1752 ipsi
755 1718 903 1746 honoribus
916 1720 1002 1746 subli-

211 1765 357 1792 marentur.
375 1762 450 1790 Unde
469 1764 600 1797 passionis
625 1764 696 1792 illius
722 1769 841 1799 tempore
867 1764 936 1793 facta
960 1769 1001 1793 est

211 1808 348 1834 contentio
362 1808 430 1835 inter
446 1816 492 1835 eos
512 1810 571 1843 quis
582 1817 675 1837 eorum
692 1811 777 1845 tnajor
791 1811 902 1838 essetin
919 1819 1001 1845 regno

212 1852 352 1884 cmlorum.
369 1853 423 1880 Hac
436 1854 589 1888 suspicione
603 1855 711 1882 seducta
728 1856 811 1883 fuerat
827 1859 911 1883 mater
929 1856 1000 1882 ﬁlio-

213 1906 272 1926 rum
287 1898 407 1926 lebedaei
423 1899 530 1932 quando
545 1900 655 1927 accessit
671 1899 704 1927 ad
720 1900 872 1934 Dominum,
888 1901 980 1928 dicens
993 1909 999 1927 :

213 1945 330 1977 Domine,
343 1945 384 1972 dic
399 1949 425 1971 ut
440 1946 541 1972 sedeant
556 1946 582 1972 ιιι
595 1947 646 1973 dua
660 1946 708 1980 ﬁlii
719 1947 778 1979 mei,
788 1955 854 1974 unus
868 1947 902 1973 ad
912 1947 1003 1974 dexte-

213 1998 268 2018 ram
293 1995 373 2022 tuam,
390 1995 413 2017 et
435 1991 500 2017 alius
516 1991 550 2017 ad
563 1992 693 2018 sinistram
717 1996 786 2019 luant
807 1993 834 2019 in
858 2000 936 2027 regno
959 1997 1002 2019 tuo

215 2035 322 2070 (Matth.
343 2036 399 2070 xx).
418 2035 484 2063 lline
505 2036 637 2070 Cleoplias
651 2041 678 2064 et
691 2037 759 2064 alius
780 2038 927 2072 discipulus
941 2039 1001 2072 quia

214 2083 264 2110 bus
279 2090 339 2110 cum
362 2083 490 2110 Dominus
503 2087 563 2117 post
578 2085 800 2112 resurrectionem
815 2085 840 2112 in
855 2085 944 2118 specie
955 2093 1001 2120 pe-

215 2129 314 2163 regrini
327 2129 504 2163 apparuisset,
514 2129 657 2157 dicebant:
670 2130 724 2157 Nos
737 2135 822 2161 autem
835 2131 1004 2165 sperabamus

217 2176 284 2209 quod
308 2175 362 2210 ipse
383 2180 446 2202 esset
467 2176 646 2210 redempturus
672 2175 755 2204 Israel
769 2176 845 2212 (Luc.
862 2178 947 2212 sxw).
972 2177 1005 2206 Et

218 2220 324 2254 quidam
346 2220 536 2255 discipulorum
552 2222 746 2256 interrogantes
767 2229 841 2257 eum,
858 2223 981 2250 dicebant
996 2232 1003 2251 :

219 2266 337 2299 Domine,
352 2267 374 2293 si
401 2267 427 2293 in
447 2271 558 2301 tempore
578 2266 626 2294 hoc
653 2269 769 2295 restitues
790 2276 900 2303 regnum
924 2268 1005 2296 Israel

220 2312 288 2346 (Act.
305 2312 462 2348 I)!0ccusio
480 2318 569 2340 autem
584 2314 763 2348 interrogandi
779 2314 930 2348 Dominum,
945 2315 1005 2349 quis

219 2357 324 2386 illorum
333 2359 417 2393 major
429 2359 535 2386 essetin
548 2367 629 2394 regno
636 2359 777 2391 caelorum,
787 2359 906 2391 fortassis
918 2367 948 2391 ex
958 2367 1003 2389 su-

217 2405 367 2441 perioribus
376 2405 518 2433 acciderat.
532 2406 596 2433 Nam
608 2411 636 2433 ut
647 2413 724 2441 supra
734 2406 893 2440 evangelista
906 2407 1004 2440 retulit,

219 2454 390 2479 accesserunt
404 2450 435 2476 ad
451 2449 560 2477 Petrum
584 2451 630 2485 qui
651 2451 804 2486 didracinna
830 2451 1003 2486 accipiebant,

218 2500 245 2523 et
257 2496 379 2526 dixerunt
391 2496 415 2522 ei
428 2504 434 2522 :
448 2495 571 2531 Magister
582 2502 659 2524 vester
682 2505 733 2524 nou
751 2497 823 2524 solvit
836 2497 1005 2524 didracltmu?

219 2542 260 2569 Ait
271 2542 347 2568 etiam
365 2550 371 2567 :
390 2540 424 2567 Et
445 2549 503 2567 cum
526 2542 647 2569 intrasset
672 2542 790 2575 domum,
804 2543 925 2577 prwvenit
948 2550 1005 2573 eum

219 2586 303 2620 Jews,
317 2587 402 2613 dicens
414 2594 423 2613 :
436 2586 504 2619 Quid
526 2586 570 2613 tibi
583 2587 692 2621 videtur,
708 2588 821 2615 Simon?
838 2587 918 2622 Reges
932 2591 1006 2616 terra:

220 2641 235 2659 α
247 2633 335 2667 quibus
351 2634 492 2666 suscipiunt
508 2633 629 2660 tributum
646 2635 684 2660 vel
697 2635 822 2661 censum?
837 2642 853 2660 α
867 2634 928 2668 ﬁliis
943 2635 1004 2668 suis,

220 2686 253 2704 an
264 2678 294 2705 ab
309 2678 416 2705 alienis?
431 2677 463 2706 Et
478 2679 521 2705 ille
532 2678 596 2705 dixit
618 2687 629 2706 .'
647 2680 683 2706 Ab
699 2681 799 2707 alienis.
825 2679 897 2706 Dixit
911 2680 948 2706 illi
962 2679 1007 2706 Je-

220 2732 282 2753 stts.‘
297 2725 367 2761 Ergo
390 2725 462 2753 liberi
481 2731 539 2753 sunt
563 2727 623 2760 ﬁlii.
653 2726 694 2754 Ne
707 2732 792 2755 autem
808 2727 1009 2761 scandalizemus

220 2780 272 2805 eos,
283 2773 346 2800 vade
359 2774 393 2800 ad
411 2781 490 2806 mare,
504 2777 527 2800 ct
547 2774 617 2800 mitte
629 2773 742 2807 hamum,
756 2779 779 2801 et
792 2782 851 2801 eum
863 2774 956 2809 piscem
966 2774 1010 2808 qui

222 2821 318 2855 primus
330 2820 480 2852 ascenderit,
493 2820 561 2853 tolle,
571 2825 692 2856 etaperto
704 2823 764 2856 ejus
776 2829 819 2848 ore
829 2821 940 2847 invenies
955 2826 1008 2847 sta-

222 2875 309 2901 temn,
323 2867 396 2895 illum
407 2874 518 2898 sumens,
535 2866 568 2893 da
578 2866 614 2894 eis
627 2874 677 2900 pro
691 2874 731 2893 me
743 2871 767 2893 et
778 2871 802 2892 te
814 2865 920 2901 (Matth.
933 2869 1007 2904 χιιι),

222 2915 289 2947 Quia
310 2921 374 2948 ergo
389 2913 432 2941 alii
448 2912 571 2947 discipuli
591 2913 715 2946 viderant
739 2912 849 2941 Petrum
864 2912 892 2941 in
916 2912 1008 2941 reddi-

1052 1677 1130 1704 habet
1143 1677 1168 1703 in
1180 1682 1311 1710 corpore,
1328 1681 1439 1708 regnum
1450 1673 1580 1703 cmlorum
1602 1671 1674 1706 quod
1696 1670 1841 1702 humilibus

1050 1727 1077 1749 et
1098 1721 1263 1756 simplicibus
1288 1725 1329 1748 est
1351 1723 1538 1754 praeparatum,
1555 1718 1655 1749 intrare
1675 1724 1844 1756 nequaquam

1052 1766 1177 1803 potestis.
1202 1767 1286 1802 Cujus
1297 1766 1368 1794 viam
1383 1772 1462 1793 nemo
1478 1765 1607 1800 superbus
1621 1763 1750 1799 graditur,
1764 1770 1842 1796 nemo

1055 1814 1173 1841 tttmidus
1188 1813 1298 1845 incedit,
1315 1814 1374 1846 quia
1390 1812 1474 1838 ardua
1488 1811 1527 1840 via
1539 1816 1562 1837 et
1577 1815 1686 1844 angusta
1699 1817 1755 1843 qua:
1769 1809 1839 1841 ducit

1051 1860 1085 1886 ad
1095 1860 1182 1890 vitam,
1197 1863 1220 1884 et
1233 1857 1309 1892 pauci
1322 1857 1434 1890 suntqui
1450 1855 1579 1884 inveniunt
1593 1862 1648 1885 eam
1660 1853 1766 1888 (Matth.
1778 1852 1837 1888 vn).

1052 1904 1118 1931 Cum
1144 1910 1208 1937 ergo
1231 1901 1358 1935 nit:Nist
1382 1900 1496 1928 conversi
1520 1900 1636 1934 fueritis.
1651 1904 1673 1926 et
1697 1899 1839 1934 efﬁciamitti

1051 1950 1118 1977 sicut
1139 1949 1249 1984 parvuli,
1262 1957 1313 1975 non
1334 1948 1459 1974 latrabitis
1481 1947 1507 1972 in
1522 1954 1628 1983 regnum
1642 1946 1772 1978 calorum,
1787 1945 1839 1973 tale

1053 2001 1093 2025 est
1107 1996 1130 2023 si
1144 1995 1258 2023 dixisset
1272 2004 1277 2021 ι
1290 1995 1347 2022 lam
1363 1994 1384 2020 si
1409 2001 1455 2020 vos
1479 1992 1593 2019 delectat
1615 1991 1688 2019 locus
1707 1991 1838 2024 sublimis,

1055 2043 1127 2077 prius
1142 2047 1267 2069 exerceat
1284 2040 1432 2067 humiliatio
1457 2039 1516 2065 vita:
1533 2038 1692 2069 innocentis,
1706 2045 1757 2064 non
1771 2036 1841 2074 quod

1054 2087 1189 2123 apostolos
1202 2094 1315 2121 corpore
1339 2085 1417 2112 vellet
1438 2092 1498 2112 esse
1514 2084 1647 2119 parvulos,
1659 2083 1704 2115 sed
1720 2087 1748 2109 ut
1764 2083 1842 2113 inno-

1056 2134 1172 2162 centiam
1187 2133 1358 2167 parvulorum
1373 2132 1398 2158 iu
1418 2135 1506 2162 mente
1522 2129 1699 2165 possiderent.
1714 2128 1842 2162 Hnjusce-
1857 2133 1861 2137 '

1055 2180 1129 2209 modi
1143 2179 1267 2214 parvulos
1282 2178 1410 2210 Dominus
1425 2185 1487 2204 suos
1498 2177 1604 2203 volebat
1616 2183 1675 2202 esse
1685 2173 1842 2209 discipulos,

1055 2226 1152 2260 quibus
1165 2225 1269 2252 dicebat
1283 2233 1289 2250 :
1303 2224 1387 2251 Sinite
1402 2222 1523 2260 parvulos
1544 2221 1628 2247 venire
1641 2221 1673 2247 ad
1688 2228 1738 2252 me,
1755 2218 1843 2244 talium

1055 2277 1093 2300 cst
1114 2272 1182 2305 enim
1206 2278 1312 2305 regnum
1337 2270 1457 2296 ccelorum
1480 2267 1597 2303 (Matth.
1611 2274 1654 2294 ιιι
1664 2267 1684 2301 ).
1703 2266 1736 2294 Et
1748 2265 1844 2293 Paulus

1057 2318 1192 2353 apostolus
1208 2317 1298 2345 talium
1311 2316 1491 2343 innocentiam
1507 2313 1678 2348 parvulorum
1692 2321 1754 2340 suos
1771 2313 1845 2338 vole-

1057 2366 1103 2393 bat
1118 2365 1214 2391 hubere
1238 2362 1393 2395 discipulos,
1409 2363 1504 2396 quilms
1528 2368 1574 2396 per
1596 2360 1734 2395 epistolam
1750 2359 1845 2394 prisci-

1059 2410 1145 2445 piebat
1158 2419 1164 2437 :
1180 2409 1266 2437 Nolite
1278 2409 1349 2443 pueri
1360 2408 1422 2442 eﬁici
1437 2407 1562 2440 sensibus,
1577 2407 1621 2433 sed
1634 2406 1732 2432 malitia
1745 2405 1846 2440 parvuli

1057 2461 1145 2488 estote,
1160 2455 1275 2482 sensibus
1288 2459 1371 2481 autem
1399 2454 1502 2493 perfecti
1517 2453 1570 2479 sitis
1591 2451 1616 2487 (1
1632 2452 1690 2478 Cor.
1703 2454 1770 2485 xlv).
1790 2449 1843 2476 Ta-

1060 2502 1111 2530 lem
1118 2498 1152 2528 ‘se
1162 2505 1271 2528 noverat
1284 2508 1329 2527 rex
1342 2497 1574 2535 propheticus,qu
1587 2497 1612 2523 in
1624 2495 1703 2530 regali
1716 2495 1783 2522 solio
1798 2502 1843 2521 su-

1058 2549 1158 2582 blimis,
1171 2548 1217 2575 sed
1235 2552 1322 2574 mente
1346 2547 1462 2578 lnnnilis,
1481 2542 1586 2570 ἶὶὶιιρὺίιι
1600 2553 1604 2569 :
1618 2542 1766 2569 Custodiens
1781 2550 1844 2575 par—

1061 2595 1128 2620 vulos
1144 2594 1275 2622 Dominus,
1292 2592 1441 2618 humiliatus
1454 2599 1518 2622 sunt,
1535 2595 1556 2615 ct
1572 2588 1684 2614 liberauit
1701 2596 1739 2614 me
1757 2587 1843 2623 (Psal.

1059 2639 1143 2670 cxtv).
1166 2639 1199 2664 Et
1221 2638 1316 2663 ilcrtnu
1331 2644 1336 2661 2
1352 2636 1463 2666 Ludam,
1481 2640 1504 2661 et
1529 2634 1602 2660 vilior
1625 2634 1683 2667 [iam
1699 2634 1756 2667 plus
1770 2638 1844 2667 quant

1061 2684 1143 2717 {actus
1158 2690 1223 2713 sunt,
1240 2686 1262 2707 et
1274 2689 1317 2707 cro
1328 2680 1432 2706 humilis
1447 2680 1473 2706 in
1494 2679 1572 2705 orulis
1584 2679 1644 2704 meis
1659 2676 1703 2711 (II
1720 2678 1781 2711 Reg.
1798 2677 1844 2710 Vt).

1062 2728 1190 2756 Parvulos
1211 2726 1282 2753 enim
1298 2730 1339 2752 est
1354 2726 1396 2759 qui
1412 2724 1462 2751 sibi
1477 2724 1599 2757 displiret
1616 2728 1639 2749 ιιι
1657 2723 1710 2749 Deo
1734 2723 1845 2756 placeat,

1061 2779 1186 2808 tantoque
1212 2776 1274 2799 ante
1300 2772 1381 2798 licum
1407 2771 1457 2797 erit
1480 2769 1626 2806 pulchrior,
1653 2773 1753 2802 quanto
1776 2766 1845 2802 apud

1060 2819 1234 2854 semetipsum
1256 2817 1306 2845 erit
1332 2816 1466 2843 humilior.
1489 2815 1563 2842 Unde
1578 2818 1603 2841 et
1619 2813 1742 2840 subditur
1756 2822 1762 2839 :
1778 2811 1844 2845 Qui.

1061 2874 1158 2900 cunque
1183 2873 1242 2900 ergo
1263 2862 1432 2889 humiliaverit
1455 2869 1481 2888 se
1504 2861 1567 2887 sicut
1591 2860 1711 2894 parvulus
1734 2859 1791 2892 istc,
1808 2858 1849 2885 hic

1062 2913 1144 2942 maior
1160 2914 1195 2937 est
1207 2911 1232 2937 in
1247 2917 1324 2938 t'eano
1337 2909 1467 2934 cistarum.
1480 2906 1629 2933 Habeamus
1643 2912 1706 2939 ergo
1722 2905 1846 2932 virtutem
