4096 6346
459 332 598 393 1827

1314 331 1521 392 PAULI
1555 333 1832 394 DIACONI
1866 334 2021 394 OPP.
2062 335 2238 396 PARS
2277 338 2339 396 ll.
2379 369 2452 384 --
2486 340 2853 400 Αθοετιιιιι.

3586 355 3734 411 15Ξ8

457 451 794 515 humilitatis.
841 465 889 507 st
943 451 1190 508 volumus
1231 452 1430 509 habere
1479 455 1532 510 in
1580 468 1750 524 regno
1777 453 2040 512 calorum
2067 453 2121 516 Δ
2146 457 2267 511 talis
2296 471 2453 527 pinna
2496 460 2826 528 praedicitur,
2858 461 3120 531 quoniam
3148 463 3290 522 sicut
3314 465 3443 524 alibi
3470 468 3522 526 in
3552 471 3722 530 Evan~

459 546 638 601 locum
683 543 1046 612 celsitudinis,
1098 545 1372 615 quoniam,
1403 545 1544 602 sicut
1586 545 1831 603 Salvator
1866 548 1942 604 ait
1985 550 2040 607 in

461 635 787 706 Evangelio:
815 635 994 691 Omnis
1034 637 1125 708 qui
1164 653 1218 691 se
1244 637 1480 692 humiliat
1506 639 1835 705 exaltabitur,
1865 649 1912 694 et
1955 643 2042 709 qui

454 743 511 783 se
537 728 729 783 exultat
773 727 1123 783 humiliabitur
1145 729 1298 799 (Luc.
1334 730 1473 801 xlv).
1525 730 1677 787 Unde
1705 740 1760 788 et
1788 747 1886 788 nos
1911 733 2039 791 alibi

456 817 730 887 Scriptura
751 819 1034 884 admonet,
1058 819 1281 876 dicens:
1312 821 1515 889 Quanto
1566 839 1787 893 magnus
1823 841 1899 891 es,
1943 826 2041 879 hu-

454 911 596 965 milia
625 920 672 965 te
700 912 754 964 in
801 913 1054 977 omnibus,
1082 922 1130 966 et
1159 928 1334 966 coram
1389 911 1498 967 Deo
1548 915 1773 970 inuenies
1818 918 2038 989 gratiam

455 999 646 1074 (Eccli.
680 1003 783 1069 ιιι).
810 1003 878 1058 Et
907 1003 1096 1059 iterum
1115 1023 1127 1058 :
1146 1003 1513 1060 Humiliamini
1541 1007 1634 1061 sub
1663 1010 1856 1078 potenti
1880 1026 2038 1064 manu

450 1095 552 1151 Dei
578 1104 633 1150 ut
670 1112 754 1151 vos
782 1097 968 1151 exultet
1013 1099 1066 1151 in
1092 1106 1319 1169 tempore
1355 1099 1662 1155 uisitationis
1691 1100 1741 1171 (I
1770 1101 1916 1158 Petr.
1951 1102 2034 1171 v).

451 1188 616 1244 Et-ne
643 1197 859 1258 putares
881 1189 1025 1245 illum
1047 1205 1168 1246 esse
1195 1193 1674 1259 contemnendum,
1697 1195 1788 1263 qui
1820 1203 2039 1265 propter

448 1279 618 1337 Deum
643 1281 728 1336 hic
757 1297 816 1338 se
839 1283 1100 1352 humiliat,
1118 1300 1408 1357 congruam
1433 1287 2032 1360 sententiamadjunxit,

447 1372 767 1429 dicens:Et
815 1376 902 1443 qui
947 1379 1223 1447 susceperit
1266 1395 1424 1432 unum
1464 1380 1731 1448 parvulum
1785 1381 1938 1435 talem
1979 1381 2036 1435 in

445 1466 651 1522 nomine
697 1483 827 1535 meo,
862 1484 940 1522 me
983 1470 1218 1542 suscipit.
1272 1471 1383 1526 Hoc
1409 1480 1494 1526 est
1522 1471 1662 1541 quod
1694 1470 1952 1526 Dominus
1980 1472 2033 1528 in

445 1556 681 1615 futurum
728 1574 787 1616 se
830 1562 1073 1630 promisit
1103 1562 1366 1618 dicturum
1397 1584 1408 1616 :
1435 1563 1682 1628 Quandiu
1726 1563 2035 1634 fecistis'uni

441 1668 512 1708 ex
526 1653 750 1707 minimis
778 1654 1065 1722 meis,mihi
1085 1654 1280 1724 fecistis
1307 1653 1524 1724 (Matth.
1554 1656 1702 1726 xxv).
1731 1656 1793 1711 Et
1817 1656 2032 1726 signan-

2143 548 2282 618 gelio
2311 551 2422 603 ait:
2452 552 2551 618 Qui
2596 553 2784 608 dixerit
2827 558 2979 626 fratri
3025 574 3119 613 suo
3159 561 3319 630 fatue,
3348 579 3468 620 reus
3510 568 3600 621 erit
3631 587 3734 641 ge-

2145 638 2324 693 henna:
2362 642 2494 710 ignis
2527 642 2752 711 (Matth.
2792 646 2892 716 v).
2949 647 3104 716 Quod
3157 665 3217 706 se
3268 667 3460 711 cavere
3509 638 3732 715 omnino

2145 729 2432 798 Apostolus
2480 734 2733 802 ostendit,
2764 751 2887 792 cum
2936 738 3011 794 ait
3038 758 3049 793 :
3076 741 3263 798 Melius
3299 746 3436 800 enim
3482 749 3608 804 mihi
3655 763 3732 807 est

2143 838 2245 876 non
2285 825 2596 881 manducare
2646 845 2853 883 carnem
2879 870 2894 895 ,
2926 847 3086 901 neque
3135 833 3301 892 bibere
3344 839 3538 907 vinum,
3571 860 3732 911 neque

2142 915 2338 985 aliquid
2364 918 2418 970 in
2441 933 2538 986 quo
2562 919 2772 986 fratrem
2801 924 3148 978 scandalizent
3169 927 3353 996 (Rom.
3382 933 3517 1003 xlv).
3549 935 3592 988 A
3622 954 3729 1006 quo

2142 1018 2364 1078 peccato
2409 1012 2569 1066 etiam
2619 1015 2904 1084 discipulos
2955 1032 3081 1074 suos
3129 1027 3444 1092 compescit,
3496 1027 3723 1085 dicens:

2143 1102 2317 1166 Quare
2346 1113 2403 1159 tu
2435 1107 2756 1162 scandalizas
2788 1111 2998 1177 fratrem
3039 1121 3204 1180 tuum,
3232 1127 3321 1170 aut
3347 1135 3506 1186 quare
3529 1125 3729 1191 spernis

2139 1195 2324 1249 illum?
2354 1196 2539 1266 Igitur,
2581 1199 2632 1253 in
2668 1211 2922 1270 quantum
2961 1218 3266 1273 possumus,
3289 1207 3440 1277 juxta
3483 1212 3726 1281 Apostoli

2139 1287 2581 1358 admonitionem,
2608 1294 2922 1349 scandalum
2967 1296 3190 1353 fratrum
3235 1299 3405 1354 vitare
3446 1303 3723 1370 debemus,

2138 1380 2184 1434 si
2212 1389 2389 1435 autem
2419 1397 2516 1450 pro
2545 1384 2769 1439 veritate
2817 1386 3127 1442 scandalum
3161 1391 3387 1458 oriatur,
3416 1396 3584 1464 magis
3630 1412 3722 1452 ve-

2135 1471 2264 1526 ritas
2295 1472 2534 1543 eligenda
2565 1484 2680 1540 est',
2712 1491 2872 1547 quam
2918 1479 3226 1535 scandalum
3276 1483 3563 1541 vitandum.
3619 1487 3716 1544 Vel

2134 1572 2277 1617 certe
2308 1579 2400 1629 per
2428 1564 2619 1619 molam
2651 1566 2932 1623 asinariam
2971 1585 3090 1638 quae
3136 1571 3342 1640 pondus
3391 1575 3568 1640 habet,
3623 1579 3714 1633 sed

2134 1655 2336 1710 nullum
2368 1657 2467 1711 iter
2497 1657 2744 1728 explicat,
2779 1660 3028 1715 volubilis
3070 1677 3222 1717 amor
3244 1664 3428 1719 saeculi
3458 1667 3718 1734 exprimi-

391 1806 410 1818 ,
441 1757 524 1804 ter
550 1749 657 1804 ait:
686 1747 788 1815 Qui
823 1750 1101 1818 susceperit
1142 1764 1304 1802 unum
1345 1748 1618 1815 parvulum
1663 1749 1816 1802 talem
1847 1749 1899 1804 in
1931 1765 2026 1803 no-
2135 1757 2242 1806 tur.
2281 1750 2412 1806 Cum
2460 1767 2588 1824 ergo
2617 1755 2690 1808 ait
2716 1773 2728 1809 :
2755 1754 2975 1826 Expedit
3022 1759 3089 1825 ei,
3120 1770 3176 1812 ut
3205 1762 3551 1830 suspendatur
3581 1766 3723 1820 mola

395 1871 405 1914 ἶ
441 1841 575 1895 mine
600 1857 729 1907 meo,
760 1855 840 1894 me
863 1841 1098 1910 suscipit.
1133 1839 1391 1908 Quamvis
1420 1841 1566 1895 enim
1600 1855 1707 1896 non
1731 1841 1801 1896 sit
1828 1841 2029 1911 eligen-
2059 1841 2110 1903 B
2132 1841 2360 1895 asinaria
2403 1843 2458 1896 in
2508 1845 2641 1898 collo
2693 1849 2825 1916 ejus,
2856 1857 2902 1900 et
2933 1848 3259 1919 demergatur
3303 1853 3358 1906 in
3399 1857 3723 1924 profundum

437 1935 566 1990 dum
597 1934 680 1989 cui
719 1932 873 2004 juxta
918 1933 1210 2002 Scriptura:
1237 1947 1427 1989 vocem
1475 1933 1799 1990 benefacere
1843 1934 2037 1990 debea-
2137 1936 2312 2002 maris,
2343 1937 2586 1992 carnales
2634 1953 2870 2009 quosque
2901 1949 2954 1993 et
2999 1941 3184 1996 mundi
3232 1954 3498 2000 amatores
3529 1963 3560 2001 a
3587 1950 3720 2018 regi-

436 2041 580 2095 mus,
610 2026 718 2081 illis
749 2035 927 2081 tamen
957 2029 1050 2095 qui
1080 2035 1300 2097 propter
1322 2024 1493 2080 Deum
1526 2026 1676 2096 parvi
1710 2035 1764 2081 et
1802 2027 2033 2082 humiles
2135 2027 2280 2084 mine
2334 2029 2701 2087 ecclesiastico
2752 2033 3044 2102 prohibet,
3094 2037 3344 2106 quoniam
3392 2041 3590 2096 melius
3638 2052 3721 2100 est

436 2135 558 2176 esse
587 2119 808 2191 eligunt,
839 2120 891 2175 in
917 2119 1068 2189 cujus
1111 2120 1239 2176 vita:
1288 2120 1528 2176 moribus
1582 2119 1861 2176 Christum
1909 2135 2030 2176 esse

436 2217 849 2286 cognoscimus,
898 2217 1186 2287 specialem
1234 2217 1665 2274 benevolentiam
1713 2220 2028 2287 impendere

434 2308 712 2365 debemus.
745 2310 898 2366 Unde
919 2325 1039 2364 cum
1069 2311 1187 2378 pius
1212 2319 1364 2380 pater
1392 2309 1556 2364 lilium
1583 2311 1891 2376 instrueret,
1917 2310 1989 2364 ait
2002 2329 2022 2388 ε

435 2403 631 2458 Panem
676 2412 820 2457 tuum
847 2414 894 2458 et
933 2405 1104 2457 vinum
1152 2413 1296 2457 tuum
1340 2420 1492 2471 super
1539 2404 1852 2474 sepulturam
1903 2403 2028 2470 iusti

434 2497 681 2550 constitue
702 2540 716 2564 ,
743 2507 790 2550 et
819 2513 882 2550 ne
911 2496 1360 2550 communicaveris
1389 2512 1452 2549 ex
1481 2512 1542 2550 eo
1572 2511 1688 2549 cum
1738 2498 2024 2566 peccatori-

433 2591 524 2643 bus
548 2588 699 2658 (Tob.
733 2588 828 2658 Iv).
855 2588 919 2642 Et
940 2588 1129 2643 iterum
1152 2586 1409 2642 :Desudet
1437 2589 1758 2658 eleemosyna
1789 2591 1841 2643 in
1868 2608 2023 2646 manu

431 2691 541 2745 tua,
558 2682 717 2735 donec
737 2682 965 2736 invenias
979 2682 1182 2752 justum
1206 2681 1287 2734 cui
1309 2681 1484 2734 tradas
1500 2698 1612 2735 eam
1630 2680 1818 2752 (Eccli.
1839 2685 2019 2756 xxnx).

431 2773 567 2829 Hinc
595 2782 649 2829 et
679 2775 966 2843 Apostolus
997 2774 1073 2828 ait
1098 2793 1108 2828 :
1137 2773 1274 2828 Dum
1306 2782 1508 2844 tempus
1541 2777 1807 2847 habemus,
1836 2796 2018 2847 opere-

429 2885 544 2922 mur
586 2870 771 2922 bonum
815 2871 885 2922 ad
916 2885 1111 2936 omnes,
1141 2870 1362 2924 maxime
1392 2880 1562 2924 autem
1605 2873 1675 2924 ad
1721 2873 2021 2929 domesticos

430 2961 555 3030 ﬁdei
581 2960 740 3040 (βαι.
770 2977 821 3016 vr
843 2960 886 3032 ).
937 2960 1035 3028 Qui
1069 2961 1210 3016 enim
1255 2961 1394 3016 bona
1443 2963 1754 3032 temporalia
1785 2964 1889 3018 illis
1920 2964 2018 3018 im-

427 3054 633 3124 pendit,
665 3055 718 3109 in
749 3070 976 3125 quorum
1025 3055 1130 3109 vita
1169 3063 1225 3109 et
1270 3055 1509 3109 moribus
1545 3054 1819 3111 Christum
1868 3056 2017 3111 habi-

425 3157 544 3204 tare
576 3149 871 3217 cognoscit,
905 3148 1145 3218 profecto
1172 3148 1251 3202 illi
1296 3147 1480 3204 tribuit
1523 3163 1620 3218 pro
1651 3149 1803 3218 cujus
1833 3164 2012 3205 amore

2131 2121 2271 2192 quod
2303 2123 2482 2177 mundi
2538 2132 2742 2179 amator
2769 2123 2820 2179 in
2868 2127 3066 2181 saeculo
3106 2128 3290 2184 vivens
3321 2134 3632 2203 carnaliter,
3661 2151 3719 2192 se

2130 2213 2302 2268 solum
2334 2214 2542 2282 perdat,
2576 2230 2731 2285 quam
2765 2219 2817 2270 in
2865 2217 3124 2288 regimine
3169 2220 3538 2278 ecclesiastico
3582 2241 3713 2280 con-

2129 2306 2368 2373 stitutus,
2401 2321 2458 2361 se
2488 2317 2542 2362 et
2585 2309 2719 2363 alios
2767 2324 3018 2373 perverse
3064 2311 3294 2368 vivendo
3321 2315 3388 2369 ad
3437 2317 3713 2374 interitum

2130 2398 2335 2463 trahat;
2367 2399 2490 2467 quia
2515 2397 2667 2468 cujus
2688 2400 2802 2454 vita
2825 2400 3136 2471 despicitur,
3161 2413 3328 2460 restat
3352 2414 3404 2460 ut
3428 2406 3541 2476 ejus
3574 2425 3714 2476 prm-

2127 2489 2320 2545 dicatio
2345 2500 2748 2560 contemnatur,
2778 2495 3030 2561 quoniam
3064 2495 3192 2550 dum
3238 2497 3429 2553 inﬁrmi
3454 2501 3708 2568 discipuli

2127 2586 2338 2653 patroni
2368 2595 2664 2655 sequuntur
2683 2588 3012 2657 exemplum,
3042 2599 3098 2644 et
3123 2590 3223 2658 ipsi
3247 2602 3491 2660 pereunt,
3516 2603 3572 2648 et
3588 2595 3710 2649 illo-

2126 2695 2244 2734 rum
2277 2679 2502 2748 perditio
2531 2679 2583 2735 in
2610 2681 2727 2749 ejus
2752 2690 2912 2750 caput
2955 2682 3256 2750 redundat,
3291 2686 3381 2755 qui
3412 2697 3604 2742 auctor
3634 2697 3714 2744 est

2125 2770 2383 2825 criminis.
2430 2771 2553 2827 Sive
2599 2782 2745 2828 certe
2776 2789 2869 2842 per
2897 2773 3095 2828 molam
3144 2775 3430 2830 asinariam
3463 2776 3713 2834 doctores

2124 2862 2511 2931 intelliguntur,
2543 2863 2668 2933 quia
2713 2863 2852 2918 sicut
2901 2865 3039 2919 mola
3064 2880 3286 2935 granum
3313 2866 3474 2921 tritici
3507 2868 3707 2938 frangi-

2125 2966 2229 3023 tur,
2261 2966 2318 3010 ut
2346 2956 2573 3011 medulla
2600 2956 2715 3026 ejus
2738 2959 2805 3012 ad
2834 2959 3273 3015 sustentationem
3306 2963 3390 3015 vel
3444 2963 3699 3018 refectio-

2121 3068 2243 3108 nem
2283 3053 2527 3108 humana:
2559 3061 2763 3107 natura:
2805 3055 3136 3120 ostendatur,
3171 3055 3240 3110 ita
3272 3071 3485 3126 quoque
3529 3067 3580 3111 et
3611 3056 3708 3110 do-

2123 3154 2301 3202 ctores
2349 3143 2590 3200 occultas
2617 3146 2913 3201 sententias
2944 3146 3234 3217 Scriptura:
3260 3162 3429 3202 sacrae
3457 3152 3711 3218 aperien-

425 3208 705 3310 impendit.
740 3208 920 3296 Unde.
941 3241 1077 3295 bene
1112 3240 1330 3307 dicitur,
1362 3242 1416 3294 in
1462 3242 1665 3296 nomine
1690 3257 1821 3296 meo.
1866 3241 2016 3298 Multi
2046 3208 2093 3274 θ
2123 3249 2224 3304 tes,
2252 3239 2556 3295 interiorem
2613 3252 2828 3294 sensum
2878 3253 3062 3294 earum
3111 3239 3474 3305 manifestam,
3512 3242 3599 3296 vel
3631 3242 3710 3296 vi-

427 3335 569 3388 enim
603 3334 741 3387 bona
772 3332 1080 3399 temporalia
1106 3347 1212 3387 non
1243 3333 1295 3386 in
1329 3333 1558 3392 nomine.
1577 3331 1799 3397 Christi,
1833 3335 1925 3388 sed
1960 3343 2016 3388 ut

420 3428 636 3482 laudem
688 3427 964 3481 hominum
996 3435 1213 3494 captare
1239 3428 1468 3496 possint,
1502 3426 1761 3481 tribuunt.
1792 3425 1867 3482 De
1896 3426 2014 3497 qui-

425 3519 528 3575 bus
554 3521 811 3590 scriptum
841 3532 958 3578 est:
987 3523 1311 3588 Quwsierunt
1341 3522 1559 3594 gloriam
1583 3522 1868 3588 hominum,
1903 3539 2013 3575 ma-

420 3613 500 3682 gis
538 3630 690 3686 quant
734 3614 832 3670 Dei
880 3615 1059 3685 (Joan.
1094 3616 1214 3685 xn).
1256 3612 1319 3668 Et
1348 3614 1604 3669 Dominus
1629 3614 1754 3669 alibi
1781 3633 1795 3670 :
1822 3615 2010 3669 Omnia

421 3705 558 3758 enim
603 3721 758 3774 opera
803 3722 896 3760 sua
939 3707 1136 3776 faciunt
1181 3716 1234 3760 ut
1289 3705 1561 3761 videantur
1610 3705 1671 3759 ab
1724 3707 2010 3762 hominibus

425 3797 647 3866 (Matth.
670 3798 851 3869 xxut).
875 3800 938 3855 Et
957 3801 1147 3855 iterum
1171 3818 1182 3854 :
1209 3801 1370 3854 Amen
1386 3801 1499 3854 dico
1522 3801 1685 3870 vobis,
1709 3813 2010 3874 receperunt

420 3890 706 3945 mercedem
749 3907 893 3946 suam
935 3891 1146 3961 (Matth.
1181 3894 1280 3964 vr).
1341 3893 1408 3947 Et
1453 3908 1521 3947 ne
1547 3893 1613 3948 ad
1643 3895 2011 3964 suscipiendos

421 3980 662 4051 hospites
684 3983 766 4038 vel
798 3985 1108 4054 peregrinos
1137 3986 1270 4055 pigri
1312 3999 1737 4055 remaneremus,
1771 3988 2008 4056 seipsum

417 4073 475 4128 in
526 4075 608 4130 his
655 4076 878 4145 suscipi,
922 4077 1210 4146 promisit,
1258 4090 1379 4132 cum
1430 4078 1550 4132 ait:
1583 4077 1684 4142 Qui
1733 4080 2009 4149 susceperit

418 4183 582 4220 unum
613 4168 883 4236 paruulum
935 4168 1087 4223 talem
1125 4169 1181 4222 in
1229 4169 1434 4223 nomine
1475 4184 1611 4235 meo,
1652 4185 1730 4223 me
1774 4171 2002 4241 suscipit.

423 4259 572 4316 Unde
603 4269 655 4315 et
692 4259 809 4330 ipse
850 4261 974 4315 alibi
1017 4260 1145 4316 dicit
1172 4277 1186 4315 :
1213 4261 1313 4327 Qui
1353 4264 1566 4334 suscipit
1607 4262 1905 4334 prophetam
1951 4266 2004 4319 in

416 4357 619 4410 nomine
650 4357 927 4428 prapheta’,
963 4358 1243 4412 mercedem
1273 4358 1532 4428 prophetia
1565 4360 1812 4429 accipiet;
1841 4370 1888 4414 et
1912 4361 2003 4431 qui

415 4450 621 4521 suscipit
661 4452 860 4518 justum
890 4453 943 4504 in
988 4453 1190 4505 nomine
1207 4453 1338 4523 justi
1360 4489 1376 4516 ,
1403 4454 1686 4508 mercedem
1707 4455 1839 4525 justi
1867 4454 2002 4508 acci-

413 4551 521 4622 piet
551 4543 766 4619 (Matth.
807 4543 884 4615 x).
921 4544 987 4598 Et
1014 4555 1203 4600 iterum
1229 4564 1245 4602 :
1271 4547 1372 4612 Qui
1400 4564 1487 4601 vos
1529 4550 1732 4618 recipit,
1761 4566 1839 4604 me
1862 4551 1996 4604 reci-
2025 4576 2080 4637 D

413 4642 521 4712 pit;
551 4650 600 4693 et
622 4640 708 4710 qui
736 4654 822 4693 vos
851 4636 1064 4710 spernit,
1089 4653 1167 4692 me
1192 4639 1384 4708 spernit
1409 4637 1620 4710 (Ibid)
1644 4640 1793 4696 Sicut
1819 4650 1996 4698 autem

413 4731 830 4801 suscipientibus
883 4745 1090 4787 merces
1123 4729 1481 4799 promittitur,
1508 4731 1578 4784 ita
1607 4731 1754 4786 duris
1780 4742 1834 4786 et
1861 4746 1997 4786 ava-

413 4822 489 4878 ris
541 4836 697 4892 pmna
757 4821 1047 4888 indicitur,
1093 4836 1214 4878 cum
1267 4821 1636 4877 subinl‘ertur:
1669 4822 1770 4888 Qui
1825 4832 1996 4876 autem

411 4913 834 4968 scandalizaverit
874 4928 1036 4966 unum
1066 4912 1128 4966 de
1158 4913 1359 4982 pusillis
1389 4912 1497 4964 istis
1537 4912 1625 4981 qui
1666 4918 1719 4965 in
1759 4928 1839 4965 me
1881 4927 1994 4965 cre-

413 5010 562 5072 dunt,
587 5007 786 5077 expedit
815 5006 862 5060 ei
888 5012 942 5057 ut
973 5005 1318 5073 suspendatur
1351 5005 1488 5058 mola
1516 5005 1742 5057 asinaria
1782 5003 1833 5056 in
1862 5005 1995 5060 collo

413 5104 545 5173 ejus,
588 5109 634 5154 et
675 5101 996 5170 demergatur
1031 5098 1087 5150 in
1127 5098 1443 5167 profundum
1474 5097 1652 5151 maris.
1687 5097 1787 5153 Ubi
1818 5103 1994 5156 consi-

414 5192 712 5249 derandum
741 5199 825 5246 est
852 5204 1008 5259 quam
1039 5203 1197 5259 grave
1225 5196 1502 5257 peccatum
1530 5187 1598 5242 sit
1625 5191 1990 5250 scandalizare

409 5288 658 5354 fratrem,
683 5284 894 5356 quando
916 5283 1074 5338 etiam
1097 5282 1579 5338 scandalizantibus
1602 5282 1723 5338 talis
1757 5285 1987 5340 vindicta

410 5380 790 5434 comminatur.
820 5374 974 5442 Quod
1013 5383 1190 5430 autem
1223 5375 1334 5430 ait:
1361 5375 1581 5443 Expedit
1621 5377 1668 5430 ei
1699 5385 1751 5430 ut
1775 5394 1988 5446 suspen-

409 5473 562 5526 datur
615 5472 754 5524 mola
806 5469 1030 5522 asinaria
1058 5468 1113 5521 in
1141 5467 1276 5521 collo
1323 5469 1434 5537 ejus
1453 5510 1468 5534 ,
1497 5478 1544 5523 et
1572 5470 1624 5522 in
1671 5472 1986 5541 profundum

407 5567 564 5618 maris
621 5565 966 5630 demergatur,
998 5563 1149 5630 juxta
1179 5576 1384 5616 morem
1416 5562 1703 5632 provinciae
1730 5563 1983 5633 loquitur,

410 5655 496 5709 ubi
535 5654 671 5719 apud
700 5663 906 5709 veteres
931 5652 1146 5707 Judaeos
1187 5653 1436 5723 capitalia
1479 5654 1698 5709 crimina
1729 5654 1828 5710 hoc
1859 5671 1984 5726 sup-

408 5745 567 5818 plicio
595 5746 970 5814 puniebantur.
995 5745 1162 5800 Nemo
1191 5759 1322 5814 ergo
1349 5746 1773 5802 arbitreturleve
1794 5762 1984 5817 pecca-

409 5849 522 5897 tum
572 5852 692 5894 esse
743 5838 1047 5895 scandalum
1100 5837 1302 5908 fratris,
1328 5852 1448 5895 cum
1496 5838 1980 5898 scandalizantibus

2123 3340 2230 3386 tam
2281 3330 2396 3386 sive
2462 3329 2806 3386 refectionem
2868 3331 3166 3386 animarum
3225 3340 3555 3389 sanctarum.
3617 3331 3708 3388 Va:

2119 3425 2314 3478 mundo
2342 3422 2405 3477 ab
2434 3422 2716 3478 scandatis.
2749 3422 2974 3480 Mundus
3003 3424 3087 3479 cui
3115 3438 3195 3478 va:
3224 3423 3441 3492 dicitur,
3472 3441 3581 3482 non
3613 3427 3700 3480 ille

2118 3527 2202 3574 est
2231 3533 2387 3588 quem
2433 3517 2578 3573 venit
2606 3516 2778 3572 Filius
2823 3517 3052 3573 hominis
3100 3532 3345 3588 quaerere
3375 3529 3432 3574 et
3469 3521 3691 3590 salvare,

2118 3610 2209 3665 sed
2259 3610 2349 3666 ille
2397 3609 2487 3680 qui
2534 3611 2588 3664 in
2635 3609 2868 3678 maligno
2915 3609 3116 3678 positus
3164 3621 3271 3678 est,
3303 3611 3356 3666 id
3387 3620 3466 3667 est
3510 3612 3690 3667 mundi

2115 3714 2403 3771 amatores,
2429 3704 2497 3759 de
2546 3719 2653 3775 quo
2705 3704 2961 3758 Dominus
3005 3704 3130 3759 alibi
3181 3704 3293 3759 ait:
3322 3704 3480 3760 Pater
3513 3708 3693 3775 juste,

2114 3799 2334 3852 mundus
2363 3807 2408 3851 te
2435 3813 2537 3851 non
2568 3798 2797 3867 cognovit
2822 3794 3002 3864 (Joan.
3033 3796 3194 3863 xvn).
3225 3797 3327 3863 Qui
3349 3796 3494 3852 enim
3519 3807 3698 3853 mente

2113 3899 2166 3944 et
2196 3887 2461 3944 desiderio
2486 3889 2739 3943 saeculum
2788 3887 3048 3952 incolunt,
3079 3895 3225 3943 recte
3255 3889 3485 3944 mundus
3515 3890 3697 3959 appel-

2112 3981 2310 4044 lantur,
2346 3981 2414 4034 de
2443 3980 2637 4050 quibus
2678 3980 2912 4036 Joannes
2941 3979 3058 4035 ait:
3087 3978 3313 4033 Mundus
3361 3982 3618 4046 transibit,
3651 3993 3697 4037 et

2110 4071 2516 4142 concupiscentia
2541 4074 2653 4142 ejus
2682 4069 2734 4140 (ι
2751 4069 2905 4125 Joan.
2941 4070 3025 4139 ιι).
3057 4071 3234 4125 Mundi
3259 4073 3398 4126 enim
3427 4082 3697 4129 amatores

2109 4165 2234 4218 dum
2285 4173 2502 4232 propter
2545 4162 2863 4231 cupiditates
2907 4163 3093 4218 saeculi
3124 4162 3256 4216 alios
3295 4178 3404 4218 non
3450 4173 3696 4220 metuunt

2107 4257 2491 4323 scandalizare,
2541 4266 2719 4310 tamen
2772 4256 2870 4326 ipsi
2920 4256 3228 4311 scandalum
3280 4259 3570 4324 sustinent,
3595 4260 3694 4314 ali-

2106 4351 2317 4422 quando
2368 4350 2581 4420 quidem
2613 4363 2866 4417 corpore,
2901 4363 3114 4418 semper
3165 4357 3340 4404 autem
3386 4360 3590 4406 mente.
3625 4351 3691 4405 Et

2103 4444 2226 4499 ideo
2251 4458 2329 4498 va:
2359 4442 2483 4507 illis,
2508 4442 2628 4512 quia
2676 4441 2875 4496 ducunt
2923 4441 2977 4496 in
3015 4441 3166 4496 bonis
3219 4442 3333 4496 dies
3370 4457 3521 4508 suos,
3554 4453 3605 4498 et
3633 4449 3685 4497 in

2105 4547 2300 4608 puncto
2331 4537 2396 4590 ad
2427 4537 2628 4590 inferna
2657 4535 3010 4589 descendunt.
3065 4535 3269 4601 Quibus
3299 4551 3394 4605 per
3425 4536 3685 4591 Jacobum

2104 4632 2331 4688 dicitur:
2363 4629 2463 4696 Qui
2493 4629 2704 4682 uoluerit
2733 4628 2928 4681 amicus
2953 4644 3062 4682 esse
3091 4627 3244 4696 hujus
3289 4629 3486 4692 surculi,
3521 4630 3688 4682 inimi-

2101 4741 2189 4781 cus
2213 4723 2310 4778 Dei
2332 4721 2656 4776 constituitur
2679 4719 2882 4792 (Jacob.
2911 4719 3002 4788 tv).
3031 4718 3108 4773 Ad
3135 4734 3268 4788 quos
3293 4721 3522 4788 pertinet
3542 4721 3686 4789 quod

2101 4816 2276 4871 adhuc
2303 4814 2640 4883 subjungitur
2668 4832 2677 4864 :
2709 4811 2927 4865 Necesse
2957 4820 3029 4864 est
3061 4811 3193 4863 enim
3223 4819 3276 4863 ut
3302 4811 3506 4864 veniant
3536 4829 3689 4865 scan-

2103 4913 2253 4978 dala,
2289 4919 2631 4965 verumtamen
2659 4923 2730 4960 rw
2757 4907 2948 4958 homini
2978 4922 3065 4975 per
3095 4922 3238 4975 quem
3265 4906 3569 4959 scandalum
3597 4923 3684 4962 tue-

2101 5008 2196 5059 nit.
2238 5003 2388 5070 Quod
2419 5011 2592 5056 autem
2633 5000 2726 5065 ait,
2775 5014 2973 5050 necesse
3001 5006 3102 5059 est,
3139 4998 3243 5051 tale
3271 5006 3354 5050 est
3379 5012 3442 5051 ac
3468 4998 3512 5051 si
3542 4999 3687 5057 dice.

2102 5110 2182 5154 ret
2209 5116 2221 5152 :
2249 5097 2362 5152 Non
2395 5104 2566 5166 potest
2589 5106 2706 5148 esse
2733 5100 2788 5144 ut
2816 5091 3062 5144 scandala
3097 5105 3200 5144 non
3233 5091 3468 5145 veniant.
3515 5094 3674 5165 Opor-

2100 5201 2166 5246 tet
2199 5191 2329 5245 enim
2356 5198 2401 5244 et
2431 5189 2642 5241 hmreses
2671 5201 2794 5250 esse,
2815 5185 2949 5238 sicut
2979 5184 3051 5237 ait
3080 5185 3371 5252 apostolus,
3391 5196 3445 5238 ut
3474 5191 3684 5257 probati

2097 5284 2356 5352 manifesti
2404 5282 2528 5346 ﬁant
2557 5276 2609 5345 (Ι
2640 5277 2756 5329 Cor.
2805 5274 2901 5344 x1).
2954 5275 3016 5328 Et
3046 5275 3149 5328 alia
3195 5278 3499 5344 scriptura:
3540 5281 3682 5336 Vasa

2095 5374 2242 5445 figuli
2287 5371 2466 5442 probat
2496 5370 2712 5439 fornax,
2738 5380 2783 5420 et
2813 5367 3040 5419 homines
3061 5368 3229 5436 justas
3273 5374 3486 5424 teniatio
3512 5373 3681 5424 tribu-

2094 5467 2299 5522 lationis
2330 5463 2517 5532 (Eccli.
2549 5460 2742 5528 xxvii).
2779 5459 2930 5513 Pacis
2959 5467 3136 5512 autem
3188 5469 3433 5530 tempore
3461 5479 3567 5518 non
3597 5465 3679 5518 fa-

2091 5558 2193 5614 cile
2249 5554 2463 5610 decerni
2511 5560 2685 5623 potest
2740 5551 2861 5620 quis
2913 5550 3083 5604 bonus
3127 5551 3369 5609 malasve
3420 5557 3507 5610 sit.
3564 5557 3674 5612 Sed

2087 5670 2208 5709 cum
2253 5650 2728 5707 scandalizatorum
2761 5645 2967 5699 flaverit
3015 5653 3228 5711 ventus,
3273 5644 3463 5702 faciles
3491 5659 3547 5702 ct
3593 5658 3673 5703 te-

2088 5759 2220 5802 nues
2252 5744 2494 5813 projiciet
2521 5743 2669 5811 quasi
2703 5739 2882 5809 paleas
2929 5745 3054 5794 ante
3087 5737 3272 5796 faciem
3303 5742 3469 5804 venti,
3499 5757 3670 5810 grana

2085 5852 2212 5896 vero
2241 5835 2585 5907 congregabit
2611 5835 2663 5889 in
2690 5832 2882 5890 horrea
2908 5832 3128 5891 Christi.
3185 5833 3272 5889 Var
3302 5848 3432 5901 ergo
3460 5833 3665 5889 homini
