  <div class='ocr_page' id='page_1' title='image "/cluster/home/n/w/nwhite01/storage/ocr_20150623/95/hvd.32044010719722/794.png"; bbox 0 0 4096 6346; ppageno 0'>
   <div class='ocr_carea' id='block_1_1' title="bbox 381 401 520 458">
    <p class='ocr_par' dir='ltr' id='par_1_1' title="bbox 381 401 520 458">
     <span class='ocr_line' id='line_1_1' title="bbox 381 401 520 458; baseline -0.022 0"><span class='ocrx_word' id='word_1_1' title='bbox 381 401 520 458; x_wconf 72' lang='grc' dir='ltr'><strong>15ὶ9</strong></span> 
     </span>
    </p>
   </div>
   <div class='ocr_carea' id='block_1_2' title="bbox 1391 388 2638 454">
    <p class='ocr_par' dir='ltr' id='par_1_2' title="bbox 1391 388 2638 454">
     <span class='ocr_line' id='line_1_2' title="bbox 1391 388 2638 454; baseline -0.006 0"><span class='ocrx_word' id='word_1_2' title='bbox 1391 393 1861 454; x_wconf 78' lang='lat' dir='ltr'><strong>HOMILIARIUS.</strong></span> <span class='ocrx_word' id='word_1_3' title='bbox 1899 422 1968 434; x_wconf 91' lang='lat'><strong>-—</strong></span> <span class='ocrx_word' id='word_1_4' title='bbox 2015 391 2174 448; x_wconf 77' lang='lat' dir='ltr'><strong>&quot;OM.</strong></span> <span class='ocrx_word' id='word_1_5' title='bbox 2218 389 2308 446; x_wconf 86' lang='lat' dir='ltr'><strong>DE</strong></span> <span class='ocrx_word' id='word_1_6' title='bbox 2343 388 2638 447; x_wconf 76' lang='lat' dir='ltr'><strong>SANCTIS.</strong></span> 
     </span>
    </p>
   </div>
   <div class='ocr_carea' id='block_1_3' title="bbox 3484 381 3618 455">
    <p class='ocr_par' dir='ltr' id='par_1_3' title="bbox 3484 381 3618 455">
     <span class='ocr_line' id='line_1_3' title="bbox 3484 381 3618 455; baseline 0.037 -5"><span class='ocrx_word' id='word_1_7' title='bbox 3484 381 3618 455; x_wconf 74' lang='lat' dir='ltr'><strong>issu</strong></span> 
     </span>
    </p>
   </div>
   <div class='ocr_carea' id='block_1_4' title="bbox 377 499 3619 584">
    <p class='ocr_par' dir='ltr' id='par_1_4' title="bbox 377 499 3619 584">
     <span class='ocr_line' id='line_1_4' title="bbox 377 499 3619 584; baseline -0.003 -14"><span class='ocrx_word' id='word_1_8' title='bbox 377 514 453 572; x_wconf 92' lang='lat' dir='ltr'><strong>illi</strong></span> <span class='ocrx_word' id='word_1_9' title='bbox 482 513 571 584; x_wconf 87' lang='lat' dir='ltr'><strong>qui</strong></span> <span class='ocrx_word' id='word_1_10' title='bbox 600 511 759 568; x_wconf 84' lang='lat' dir='ltr'><strong>talem</strong></span> <span class='ocrx_word' id='word_1_11' title='bbox 790 526 849 569; x_wconf 91' lang='lat' dir='ltr'><strong>se</strong></span> <span class='ocrx_word' id='word_1_12' title='bbox 882 512 1140 580; x_wconf 80' lang='lat' dir='ltr'><strong>exhibet,</strong></span> <span class='ocrx_word' id='word_1_13' title='bbox 1169 519 1229 569; x_wconf 89' lang='lat' dir='ltr'><strong>ut</strong></span> <span class='ocrx_word' id='word_1_14' title='bbox 1267 512 1462 568; x_wconf 90' lang='lat' dir='ltr'><strong>malum</strong></span> <span class='ocrx_word' id='word_1_15' title='bbox 1492 511 1635 581; x_wconf 90' lang='lat' dir='ltr'><strong>quod</strong></span> <span class='ocrx_word' id='word_1_16' title='bbox 1667 519 1949 564; x_wconf 89' lang='lat' dir='ltr'><strong>venturum</strong></span> <span class='ocrx_word' id='word_1_17' title='bbox 1974 507 2026 568; x_wconf 76' lang='grc' dir='ltr'><strong>Α</strong></span> <span class='ocrx_word' id='word_1_18' title='bbox 2051 520 2261 574; x_wconf 85' lang='lat' dir='ltr'><strong><em>regnum</em></strong></span> <span class='ocrx_word' id='word_1_19' title='bbox 2306 501 2456 575; x_wconf 78' lang='lat' dir='ltr'><strong>(Luc.</strong></span> <span class='ocrx_word' id='word_1_20' title='bbox 2490 503 2614 573; x_wconf 81' lang='grc' dir='ltr'><strong>ιιι).</strong></span> <span class='ocrx_word' id='word_1_21' title='bbox 2661 499 2914 572; x_wconf 84' lang='lat' dir='ltr'><strong>Quisquis</strong></span> <span class='ocrx_word' id='word_1_22' title='bbox 2953 515 3080 574; x_wconf 80' lang='lat' dir='ltr'><strong>ergo</strong></span> <span class='ocrx_word' id='word_1_23' title='bbox 3105 503 3236 560; x_wconf 88' lang='lat' dir='ltr'><strong>tales</strong></span> <span class='ocrx_word' id='word_1_24' title='bbox 3261 505 3619 566; x_wconf 78' lang='lat' dir='ltr'><strong>scandalizare</strong></span> 
     </span>
    </p>
   </div>
   <div class='ocr_carea' id='block_1_5' title="bbox 377 599 1947 673">
    <p class='ocr_par' dir='ltr' id='par_1_5' title="bbox 377 599 1947 673">
     <span class='ocr_line' id='line_1_5' title="bbox 377 599 1947 673; baseline -0.004 -13"><span class='ocrx_word' id='word_1_25' title='bbox 377 612 462 660; x_wconf 91' lang='lat' dir='ltr'><strong>est</strong></span> <span class='ocrx_word' id='word_1_26' title='bbox 499 618 592 673; x_wconf 86' lang='lat' dir='ltr'><strong>per</strong></span> <span class='ocrx_word' id='word_1_27' title='bbox 636 603 752 672; x_wconf 91' lang='lat' dir='ltr'><strong>ejus</strong></span> <span class='ocrx_word' id='word_1_28' title='bbox 781 604 1136 658; x_wconf 75' lang='lat' dir='ltr'><strong>ministerium</strong></span> <span class='ocrx_word' id='word_1_29' title='bbox 1184 604 1501 670; x_wconf 83' lang='lat' dir='ltr'><strong>impleatur,</strong></span> <span class='ocrx_word' id='word_1_30' title='bbox 1528 602 1595 656; x_wconf 89' lang='lat' dir='ltr'><strong>de</strong></span> <span class='ocrx_word' id='word_1_31' title='bbox 1624 599 1814 670; x_wconf 89' lang='lat' dir='ltr'><strong>quibus</strong></span> <span class='ocrx_word' id='word_1_32' title='bbox 1845 600 1947 653; x_wconf 92' lang='lat' dir='ltr'><strong>Do-</strong></span> 
     </span>
    </p>
   </div>
   <div class='ocr_carea' id='block_1_6' title="bbox 377 690 1947 757">
    <p class='ocr_par' dir='ltr' id='par_1_6' title="bbox 377 690 1947 757">
     <span class='ocr_line' id='line_1_6' title="bbox 377 690 1947 757; baseline -0.006 -9"><span class='ocrx_word' id='word_1_33' title='bbox 377 693 553 748; x_wconf 87' lang='lat' dir='ltr'><strong>minus</strong></span> <span class='ocrx_word' id='word_1_34' title='bbox 599 692 900 748; x_wconf 80' lang='lat' dir='ltr'><strong>ait:Mittet</strong></span> <span class='ocrx_word' id='word_1_35' title='bbox 956 692 1122 746; x_wconf 84' lang='lat' dir='ltr'><strong>Filius</strong></span> <span class='ocrx_word' id='word_1_36' title='bbox 1180 694 1395 746; x_wconf 75' lang='lat' dir='ltr'><strong>hominis</strong></span> <span class='ocrx_word' id='word_1_37' title='bbox 1439 690 1649 757; x_wconf 78' lang='lat' dir='ltr'><strong>angelos</strong></span> <span class='ocrx_word' id='word_1_38' title='bbox 1709 705 1848 754; x_wconf 87' lang='lat' dir='ltr'><strong>suos,</strong></span> <span class='ocrx_word' id='word_1_39' title='bbox 1897 693 1947 740; x_wconf 84' lang='lat' dir='ltr'><strong>et</strong></span> 
     </span>
    </p>
   </div>
   <div class='ocr_carea' id='block_1_7' title="bbox 377 781 1946 856">
    <p class='ocr_par' dir='ltr' id='par_1_7' title="bbox 377 781 1946 856">
     <span class='ocr_line' id='line_1_7' title="bbox 377 781 1946 856; baseline -0.003 -20"><span class='ocrx_word' id='word_1_40' title='bbox 377 783 612 852; x_wconf 89' lang='lat' dir='ltr'><strong>colligent</strong></span> <span class='ocrx_word' id='word_1_41' title='bbox 639 785 700 838; x_wconf 90' lang='lat' dir='ltr'><strong>de</strong></span> <span class='ocrx_word' id='word_1_42' title='bbox 718 800 872 854; x_wconf 84' lang='lat' dir='ltr'><strong>regno</strong></span> <span class='ocrx_word' id='word_1_43' title='bbox 894 787 1004 856; x_wconf 83' lang='lat' dir='ltr'><strong>ejus</strong></span> <span class='ocrx_word' id='word_1_44' title='bbox 1033 785 1204 838; x_wconf 81' lang='lat' dir='ltr'><strong>omnia</strong></span> <span class='ocrx_word' id='word_1_45' title='bbox 1231 782 1494 847; x_wconf 89' lang='lat' dir='ltr'><strong>scandala,</strong></span> <span class='ocrx_word' id='word_1_46' title='bbox 1514 793 1562 836; x_wconf 91' lang='lat' dir='ltr'><strong>et</strong></span> <span class='ocrx_word' id='word_1_47' title='bbox 1587 781 1790 834; x_wconf 79' lang='lat' dir='ltr'><strong>tradent</strong></span> <span class='ocrx_word' id='word_1_48' title='bbox 1811 796 1869 833; x_wconf 88' lang='lat' dir='ltr'><strong>ea</strong></span> <span class='ocrx_word' id='word_1_49' title='bbox 1893 781 1946 832; x_wconf 91' lang='lat' dir='ltr'><strong>in</strong></span> 
     </span>
    </p>
   </div>
   <div class='ocr_carea' id='block_1_8' title="bbox 377 874 1945 949">
    <p class='ocr_par' dir='ltr' id='par_1_8' title="bbox 377 874 1945 949">
     <span class='ocr_line' id='line_1_8' title="bbox 377 874 1945 949; baseline 0 -19"><span class='ocrx_word' id='word_1_50' title='bbox 377 878 628 930; x_wconf 80' lang='lat' dir='ltr'><strong>caminum</strong></span> <span class='ocrx_word' id='word_1_51' title='bbox 658 879 790 948; x_wconf 87' lang='lat' dir='ltr'><strong>ignis</strong></span> <span class='ocrx_word' id='word_1_52' title='bbox 835 879 1061 933; x_wconf 83' lang='lat' dir='ltr'><strong>ardentis</strong></span> <span class='ocrx_word' id='word_1_53' title='bbox 1109 878 1320 949; x_wconf 79' lang='lat' dir='ltr'><strong>(Matth.</strong></span> <span class='ocrx_word' id='word_1_54' title='bbox 1355 877 1504 946; x_wconf 81' lang='lat' dir='ltr'><strong>xm).</strong></span> <span class='ocrx_word' id='word_1_55' title='bbox 1556 877 1704 942; x_wconf 87' lang='lat' dir='ltr'><strong>Quod</strong></span> <span class='ocrx_word' id='word_1_56' title='bbox 1738 874 1945 930; x_wconf 80' lang='lat' dir='ltr'><strong>facilius</strong></span> 
     </span>
    </p>
   </div>
   <div class='ocr_carea' id='block_1_9' title="bbox 376 966 1944 1038">
    <p class='ocr_par' dir='ltr' id='par_1_9' title="bbox 376 966 1944 1038">
     <span class='ocr_line' id='line_1_9' title="bbox 376 966 1944 1038; baseline 0 -16"><span class='ocrx_word' id='word_1_57' title='bbox 376 969 716 1038; x_wconf 82' lang='lat' dir='ltr'><strong>intelligimus</strong></span> <span class='ocrx_word' id='word_1_58' title='bbox 740 1011 755 1035; x_wconf 94' lang='lat'><strong>,</strong></span> <span class='ocrx_word' id='word_1_59' title='bbox 787 970 831 1024; x_wconf 84' lang='lat' dir='ltr'><strong>si</strong></span> <span class='ocrx_word' id='word_1_60' title='bbox 866 985 1028 1024; x_wconf 90' lang='lat' dir='ltr'><strong>unum</strong></span> <span class='ocrx_word' id='word_1_61' title='bbox 1077 970 1142 1024; x_wconf 88' lang='lat' dir='ltr'><strong>ad</strong></span> <span class='ocrx_word' id='word_1_62' title='bbox 1190 970 1420 1024; x_wconf 91' lang='lat' dir='ltr'><strong>medium</strong></span> <span class='ocrx_word' id='word_1_63' title='bbox 1468 970 1820 1034; x_wconf 87' lang='lat' dir='ltr'><strong>deducamus,</strong></span> <span class='ocrx_word' id='word_1_64' title='bbox 1853 966 1944 1022; x_wconf 82' lang='lat' dir='ltr'><strong>Ju-</strong></span> 
     </span>
    </p>
   </div>
   <div class='ocr_carea' id='block_1_10' title="bbox 375 1059 1945 1130">
    <p class='ocr_par' dir='ltr' id='par_1_10' title="bbox 375 1059 1945 1130">
     <span class='ocr_line' id='line_1_10' title="bbox 375 1059 1945 1130; baseline 0.001 -19"><span class='ocrx_word' id='word_1_65' title='bbox 375 1059 495 1113; x_wconf 88' lang='lat' dir='ltr'><strong>dam</strong></span> <span class='ocrx_word' id='word_1_66' title='bbox 544 1059 747 1114; x_wconf 86' lang='lat' dir='ltr'><strong>scilicet</strong></span> <span class='ocrx_word' id='word_1_67' title='bbox 794 1060 1004 1115; x_wconf 84' lang='lat' dir='ltr'><strong>Domini</strong></span> <span class='ocrx_word' id='word_1_68' title='bbox 1053 1061 1399 1130; x_wconf 86' lang='lat' dir='ltr'><strong>proditorem,</strong></span> <span class='ocrx_word' id='word_1_69' title='bbox 1427 1060 1494 1114; x_wconf 92' lang='lat' dir='ltr'><strong>de</strong></span> <span class='ocrx_word' id='word_1_70' title='bbox 1522 1075 1626 1129; x_wconf 92' lang='lat' dir='ltr'><strong>quo</strong></span> <span class='ocrx_word' id='word_1_71' title='bbox 1669 1061 1781 1127; x_wconf 88' lang='lat' dir='ltr'><strong>ipse</strong></span> <span class='ocrx_word' id='word_1_72' title='bbox 1811 1069 1945 1112; x_wconf 88' lang='lat' dir='ltr'><strong>tem-</strong></span> 
     </span>
    </p>
   </div>
   <div class='ocr_carea' id='block_1_11' title="bbox 374 1151 1945 1223">
    <p class='ocr_par' dir='ltr' id='par_1_11' title="bbox 374 1151 1945 1223">
     <span class='ocr_line' id='line_1_11' title="bbox 374 1151 1945 1223; baseline 0.001 -20"><span class='ocrx_word' id='word_1_73' title='bbox 374 1164 504 1220; x_wconf 87' lang='lat' dir='ltr'><strong>pore</strong></span> <span class='ocrx_word' id='word_1_74' title='bbox 552 1152 811 1223; x_wconf 81' lang='lat' dir='ltr'><strong>passionis</strong></span> <span class='ocrx_word' id='word_1_75' title='bbox 857 1167 968 1206; x_wconf 67' lang='lat' dir='ltr'><strong>suae</strong></span> <span class='ocrx_word' id='word_1_76' title='bbox 1017 1151 1321 1206; x_wconf 79' lang='lat' dir='ltr'><strong>aitzFilius</strong></span> <span class='ocrx_word' id='word_1_77' title='bbox 1367 1153 1582 1205; x_wconf 84' lang='lat' dir='ltr'><strong>hominis</strong></span> <span class='ocrx_word' id='word_1_78' title='bbox 1628 1153 1784 1217; x_wconf 83' lang='lat' dir='ltr'><strong>vadit,</strong></span> <span class='ocrx_word' id='word_1_79' title='bbox 1815 1152 1945 1204; x_wconf 83' lang='lat' dir='ltr'><strong>sicut</strong></span> 
     </span>
    </p>
   </div>
   <div class='ocr_carea' id='block_1_12' title="bbox 374 1242 1946 1314">
    <p class='ocr_par' dir='ltr' id='par_1_12' title="bbox 374 1242 1946 1314">
     <span class='ocr_line' id='line_1_12' title="bbox 374 1242 1946 1314; baseline 0 -18"><span class='ocrx_word' id='word_1_80' title='bbox 374 1242 618 1311; x_wconf 84' lang='lat' dir='ltr'><strong>scripturn</strong></span> <span class='ocrx_word' id='word_1_81' title='bbox 640 1251 713 1296; x_wconf 84' lang='lat' dir='ltr'><strong>est</strong></span> <span class='ocrx_word' id='word_1_82' title='bbox 735 1244 796 1296; x_wconf 87' lang='lat' dir='ltr'><strong>de</strong></span> <span class='ocrx_word' id='word_1_83' title='bbox 821 1242 933 1307; x_wconf 89' lang='lat' dir='ltr'><strong>illo,</strong></span> <span class='ocrx_word' id='word_1_84' title='bbox 956 1259 1030 1297; x_wconf 73' lang='lat' dir='ltr'><strong>me</strong></span> <span class='ocrx_word' id='word_1_85' title='bbox 1049 1251 1215 1297; x_wconf 86' lang='lat' dir='ltr'><strong>autem</strong></span> <span class='ocrx_word' id='word_1_86' title='bbox 1236 1243 1428 1297; x_wconf 84' lang='lat' dir='ltr'><strong>homini</strong></span> <span class='ocrx_word' id='word_1_87' title='bbox 1448 1243 1525 1296; x_wconf 86' lang='lat' dir='ltr'><strong>illi</strong></span> <span class='ocrx_word' id='word_1_88' title='bbox 1549 1259 1637 1314; x_wconf 82' lang='lat' dir='ltr'><strong>per</strong></span> <span class='ocrx_word' id='word_1_89' title='bbox 1667 1259 1812 1311; x_wconf 84' lang='lat' dir='ltr'><strong>quem</strong></span> <span class='ocrx_word' id='word_1_90' title='bbox 1839 1255 1946 1296; x_wconf 89' lang='lat' dir='ltr'><strong>tra-</strong></span> 
     </span>
    </p>
   </div>
   <div class='ocr_carea' id='block_1_13' title="bbox 375 1334 1944 1406">
    <p class='ocr_par' dir='ltr' id='par_1_13' title="bbox 375 1334 1944 1406">
     <span class='ocr_line' id='line_1_13' title="bbox 375 1334 1944 1406; baseline 0.003 -20"><span class='ocrx_word' id='word_1_91' title='bbox 375 1335 520 1387; x_wconf 85' lang='lat' dir='ltr'><strong>detur</strong></span> <span class='ocrx_word' id='word_1_92' title='bbox 550 1334 762 1404; x_wconf 78' lang='lat' dir='ltr'><strong>(Matth.</strong></span> <span class='ocrx_word' id='word_1_93' title='bbox 797 1337 964 1406; x_wconf 75' lang='lat' dir='ltr'><strong>xxvr).</strong></span> <span class='ocrx_word' id='word_1_94' title='bbox 998 1337 1228 1392; x_wconf 82' lang='lat' dir='ltr'><strong>Necesse</strong></span> <span class='ocrx_word' id='word_1_95' title='bbox 1253 1339 1392 1392; x_wconf 90' lang='lat' dir='ltr'><strong>enim</strong></span> <span class='ocrx_word' id='word_1_96' title='bbox 1421 1346 1537 1392; x_wconf 88' lang='lat' dir='ltr'><strong>erat</strong></span> <span class='ocrx_word' id='word_1_97' title='bbox 1562 1346 1619 1390; x_wconf 92' lang='lat' dir='ltr'><strong>ut</strong></span> <span class='ocrx_word' id='word_1_98' title='bbox 1647 1337 1812 1390; x_wconf 87' lang='lat' dir='ltr'><strong>Filius</strong></span> <span class='ocrx_word' id='word_1_99' title='bbox 1850 1336 1944 1390; x_wconf 90' lang='lat' dir='ltr'><strong>Dei</strong></span> 
     </span>
    </p>
   </div>
   <div class='ocr_carea' id='block_1_14' title="bbox 375 1427 1943 1497">
    <p class='ocr_par' dir='ltr' id='par_1_14' title="bbox 375 1427 1943 1497">
     <span class='ocr_line' id='line_1_14' title="bbox 375 1427 1943 1497; baseline 0.001 -17"><span class='ocrx_word' id='word_1_100' title='bbox 375 1442 470 1494; x_wconf 91' lang='lat' dir='ltr'><strong>pro</strong></span> <span class='ocrx_word' id='word_1_101' title='bbox 512 1427 666 1482; x_wconf 92' lang='lat' dir='ltr'><strong>nobis</strong></span> <span class='ocrx_word' id='word_1_102' title='bbox 709 1429 1007 1496; x_wconf 85' lang='lat' dir='ltr'><strong>passionem</strong></span> <span class='ocrx_word' id='word_1_103' title='bbox 1061 1430 1375 1493; x_wconf 87' lang='lat' dir='ltr'><strong>sustineret,</strong></span> <span class='ocrx_word' id='word_1_104' title='bbox 1404 1430 1495 1483; x_wconf 91' lang='lat' dir='ltr'><strong>sed</strong></span> <span class='ocrx_word' id='word_1_105' title='bbox 1535 1444 1617 1482; x_wconf 75' lang='lat' dir='ltr'><strong>va:</strong></span> <span class='ocrx_word' id='word_1_106' title='bbox 1659 1427 1810 1482; x_wconf 72' lang='lat' dir='ltr'><strong>Judze</strong></span> <span class='ocrx_word' id='word_1_107' title='bbox 1855 1428 1943 1497; x_wconf 88' lang='lat' dir='ltr'><strong>qui</strong></span> 
     </span>
    </p>
   </div>
   <div class='ocr_carea' id='block_1_15' title="bbox 374 1520 1945 1588">
    <p class='ocr_par' dir='ltr' id='par_1_15' title="bbox 374 1520 1945 1588">
     <span class='ocr_line' id='line_1_15' title="bbox 374 1520 1945 1588; baseline 0.002 -16"><span class='ocrx_word' id='word_1_108' title='bbox 374 1529 611 1574; x_wconf 88' lang='lat' dir='ltr'><strong>nostrum</strong></span> <span class='ocrx_word' id='word_1_109' title='bbox 642 1521 839 1575; x_wconf 88' lang='lat' dir='ltr'><strong>bonum</strong></span> <span class='ocrx_word' id='word_1_110' title='bbox 867 1536 1022 1576; x_wconf 93' lang='lat' dir='ltr'><strong>suum</strong></span> <span class='ocrx_word' id='word_1_111' title='bbox 1046 1521 1170 1576; x_wconf 81' lang='lat' dir='ltr'><strong>fecit</strong></span> <span class='ocrx_word' id='word_1_112' title='bbox 1199 1522 1416 1575; x_wconf 91' lang='lat' dir='ltr'><strong>malum.</strong></span> <span class='ocrx_word' id='word_1_113' title='bbox 1450 1523 1601 1575; x_wconf 90' lang='lat' dir='ltr'><strong>Etne</strong></span> <span class='ocrx_word' id='word_1_114' title='bbox 1621 1521 1812 1588; x_wconf 83' lang='lat' dir='ltr'><strong>aliquis</strong></span> <span class='ocrx_word' id='word_1_115' title='bbox 1843 1520 1945 1575; x_wconf 86' lang='lat' dir='ltr'><strong>sub</strong></span> 
     </span>
    </p>
   </div>
   <div class='ocr_carea' id='block_1_16' title="bbox 373 1611 1943 1680">
    <p class='ocr_par' dir='ltr' id='par_1_16' title="bbox 373 1611 1943 1680">
     <span class='ocr_line' id='line_1_16' title="bbox 373 1611 1943 1680; baseline 0.001 -15"><span class='ocrx_word' id='word_1_116' title='bbox 373 1613 651 1666; x_wconf 89' lang='lat' dir='ltr'><strong>occasione</strong></span> <span class='ocrx_word' id='word_1_117' title='bbox 681 1612 1043 1680; x_wconf 78' lang='lat' dir='ltr'><strong>proximorum</strong></span> <span class='ocrx_word' id='word_1_118' title='bbox 1091 1613 1174 1668; x_wconf 86' lang='lat' dir='ltr'><strong>vel</strong></span> <span class='ocrx_word' id='word_1_119' title='bbox 1204 1613 1494 1667; x_wconf 88' lang='lat' dir='ltr'><strong>amicorum</strong></span> <span class='ocrx_word' id='word_1_120' title='bbox 1537 1631 1564 1666; x_wconf 90' lang='lat' dir='ltr'><strong>a</strong></span> <span class='ocrx_word' id='word_1_121' title='bbox 1596 1613 1678 1667; x_wconf 86' lang='lat' dir='ltr'><strong>via</strong></span> <span class='ocrx_word' id='word_1_122' title='bbox 1712 1612 1808 1667; x_wconf 91' lang='lat' dir='ltr'><strong>Dei</strong></span> <span class='ocrx_word' id='word_1_123' title='bbox 1841 1611 1943 1667; x_wconf 90' lang='lat' dir='ltr'><strong>sibi</strong></span> 
     </span>
    </p>
   </div>
   <div class='ocr_carea' id='block_1_17' title="bbox 372 1703 1943 1773">
    <p class='ocr_par' dir='ltr' id='par_1_17' title="bbox 372 1703 1943 1773">
     <span class='ocr_line' id='line_1_17' title="bbox 372 1703 1943 1773; baseline -0.001 -15"><span class='ocrx_word' id='word_1_124' title='bbox 372 1704 726 1758; x_wconf 86' lang='lat' dir='ltr'><strong>recedendum</strong></span> <span class='ocrx_word' id='word_1_125' title='bbox 777 1713 1005 1773; x_wconf 87' lang='lat' dir='ltr'><strong>putaret,</strong></span> <span class='ocrx_word' id='word_1_126' title='bbox 1040 1719 1253 1759; x_wconf 91' lang='lat' dir='ltr'><strong>omnem</strong></span> <span class='ocrx_word' id='word_1_127' title='bbox 1298 1703 1546 1773; x_wconf 80' lang='lat' dir='ltr'><strong>Magister</strong></span> <span class='ocrx_word' id='word_1_128' title='bbox 1585 1703 1824 1758; x_wconf 84' lang='lat' dir='ltr'><strong>veritatis</strong></span> <span class='ocrx_word' id='word_1_129' title='bbox 1853 1719 1943 1759; x_wconf 82' lang='lat' dir='ltr'><strong>er-</strong></span> 
     </span>
    </p>
   </div>
   <div class='ocr_carea' id='block_1_18' title="bbox 372 1796 1945 1866">
    <p class='ocr_par' dir='ltr' id='par_1_18' title="bbox 372 1796 1945 1866">
     <span class='ocr_line' id='line_1_18' title="bbox 372 1796 1945 1866; baseline 0.002 -18"><span class='ocrx_word' id='word_1_130' title='bbox 372 1810 546 1849; x_wconf 88' lang='lat' dir='ltr'><strong>rorem</strong></span> <span class='ocrx_word' id='word_1_131' title='bbox 579 1796 731 1860; x_wconf 90' lang='lat' dir='ltr'><strong>tollit,</strong></span> <span class='ocrx_word' id='word_1_132' title='bbox 761 1810 881 1850; x_wconf 93' lang='lat' dir='ltr'><strong>cum</strong></span> <span class='ocrx_word' id='word_1_133' title='bbox 922 1796 1228 1866; x_wconf 87' lang='lat' dir='ltr'><strong>subjungit:</strong></span> <span class='ocrx_word' id='word_1_134' title='bbox 1257 1796 1316 1851; x_wconf 89' lang='lat' dir='ltr'><strong>Si</strong></span> <span class='ocrx_word' id='word_1_135' title='bbox 1344 1807 1510 1850; x_wconf 90' lang='lat' dir='ltr'><strong>autem</strong></span> <span class='ocrx_word' id='word_1_136' title='bbox 1540 1813 1718 1850; x_wconf 86' lang='lat' dir='ltr'><strong>manus</strong></span> <span class='ocrx_word' id='word_1_137' title='bbox 1751 1806 1838 1849; x_wconf 89' lang='lat' dir='ltr'><strong>tua</strong></span> <span class='ocrx_word' id='word_1_138' title='bbox 1868 1797 1945 1851; x_wconf 86' lang='lat' dir='ltr'><strong>vel</strong></span> 
     </span>
    </p>
   </div>
   <div class='ocr_carea' id='block_1_19' title="bbox 2051 590 3619 663">
    <p class='ocr_par' dir='ltr' id='par_1_19' title="bbox 2051 590 3619 663">
     <span class='ocr_line' id='line_1_19' title="bbox 2051 590 3619 663; baseline 0.003 -11"><span class='ocrx_word' id='word_1_139' title='bbox 2051 611 2156 652; x_wconf 92' lang='lat' dir='ltr'><strong>non</strong></span> <span class='ocrx_word' id='word_1_140' title='bbox 2185 595 2390 662; x_wconf 89' lang='lat' dir='ltr'><strong>metuit,</strong></span> <span class='ocrx_word' id='word_1_141' title='bbox 2430 592 2651 648; x_wconf 82' lang='lat' dir='ltr'><strong>offendit</strong></span> <span class='ocrx_word' id='word_1_142' title='bbox 2699 594 2863 649; x_wconf 91' lang='lat' dir='ltr'><strong>Deum</strong></span> <span class='ocrx_word' id='word_1_143' title='bbox 2892 595 2984 663; x_wconf 86' lang='lat' dir='ltr'><strong>qui</strong></span> <span class='ocrx_word' id='word_1_144' title='bbox 3013 590 3216 651; x_wconf 84' lang='lat' dir='ltr'><strong>habitat</strong></span> <span class='ocrx_word' id='word_1_145' title='bbox 3242 596 3295 652; x_wconf 92' lang='lat' dir='ltr'><strong>in</strong></span> <span class='ocrx_word' id='word_1_146' title='bbox 3326 597 3451 663; x_wconf 88' lang='lat' dir='ltr'><strong>illis,</strong></span> <span class='ocrx_word' id='word_1_147' title='bbox 3481 601 3619 657; x_wconf 90' lang='lat' dir='ltr'><strong>sicut</strong></span> 
     </span>
    </p>
   </div>
   <div class='ocr_carea' id='block_1_20' title="bbox 2048 685 3619 763">
    <p class='ocr_par' dir='ltr' id='par_1_20' title="bbox 2048 685 3619 763">
     <span class='ocr_line' id='line_1_20' title="bbox 2048 685 3619 763; baseline 0.002 -19"><span class='ocrx_word' id='word_1_148' title='bbox 2048 690 2164 757; x_wconf 88' lang='lat' dir='ltr'><strong>ipse</strong></span> <span class='ocrx_word' id='word_1_149' title='bbox 2213 701 2308 757; x_wconf 89' lang='lat' dir='ltr'><strong>per</strong></span> <span class='ocrx_word' id='word_1_150' title='bbox 2337 686 2646 755; x_wconf 87' lang='lat' dir='ltr'><strong>prophetam</strong></span> <span class='ocrx_word' id='word_1_151' title='bbox 2692 685 2856 741; x_wconf 86' lang='lat' dir='ltr'><strong>dicit:</strong></span> <span class='ocrx_word' id='word_1_152' title='bbox 2889 687 2988 753; x_wconf 84' lang='lat' dir='ltr'><strong>Qui</strong></span> <span class='ocrx_word' id='word_1_153' title='bbox 3017 689 3182 758; x_wconf 82' lang='lat' dir='ltr'><strong>tangit</strong></span> <span class='ocrx_word' id='word_1_154' title='bbox 3225 703 3330 754; x_wconf 87' lang='lat' dir='ltr'><strong>vos,</strong></span> <span class='ocrx_word' id='word_1_155' title='bbox 3359 693 3504 762; x_wconf 88' lang='lat' dir='ltr'><strong>quasi</strong></span> <span class='ocrx_word' id='word_1_156' title='bbox 3530 696 3619 763; x_wconf 87' lang='lat' dir='ltr'><strong>qui</strong></span> 
     </span>
    </p>
   </div>
   <div class='ocr_carea' id='block_1_21' title="bbox 2049 778 3623 854">
    <p class='ocr_par' dir='ltr' id='par_1_21' title="bbox 2049 778 3623 854">
     <span class='ocr_line' id='line_1_21' title="bbox 2049 778 3623 854; baseline 0.005 -22"><span class='ocrx_word' id='word_1_157' title='bbox 2049 782 2208 849; x_wconf 87' lang='lat' dir='ltr'><strong>tangit</strong></span> <span class='ocrx_word' id='word_1_158' title='bbox 2238 778 2486 850; x_wconf 87' lang='lat' dir='ltr'><strong>pupillam</strong></span> <span class='ocrx_word' id='word_1_159' title='bbox 2517 778 2653 832; x_wconf 81' lang='lat' dir='ltr'><strong>oculs</strong></span> <span class='ocrx_word' id='word_1_160' title='bbox 2678 779 2800 832; x_wconf 88' lang='lat' dir='ltr'><strong>mei.</strong></span> <span class='ocrx_word' id='word_1_161' title='bbox 2846 779 2910 833; x_wconf 87' lang='lat' dir='ltr'><strong>Et</strong></span> <span class='ocrx_word' id='word_1_162' title='bbox 2939 778 3126 834; x_wconf 87' lang='lat' dir='ltr'><strong>iterum</strong></span> <span class='ocrx_word' id='word_1_163' title='bbox 3152 796 3167 834; x_wconf 88' lang='lat'><strong>:</strong></span> <span class='ocrx_word' id='word_1_164' title='bbox 3193 779 3373 836; x_wconf 73' lang='lat' dir='ltr'><strong>Nolite</strong></span> <span class='ocrx_word' id='word_1_165' title='bbox 3401 792 3623 854; x_wconf 74' lang='lat' dir='ltr'><strong>tangere,</strong></span> 
     </span>
    </p>
   </div>
   <div class='ocr_carea' id='block_1_22' title="bbox 2049 859 3620 947">
    <p class='ocr_par' dir='ltr' id='par_1_22' title="bbox 2049 859 3620 947">
     <span class='ocr_line' id='line_1_22' title="bbox 2049 859 3620 947; baseline 0.003 -20"><span class='ocrx_word' id='word_1_166' title='bbox 2049 872 2260 927; x_wconf 85' lang='lat' dir='ltr'><strong>christos</strong></span> <span class='ocrx_word' id='word_1_167' title='bbox 2304 887 2461 936; x_wconf 89' lang='lat' dir='ltr'><strong>meos,</strong></span> <span class='ocrx_word' id='word_1_168' title='bbox 2492 879 2538 924; x_wconf 90' lang='lat' dir='ltr'><strong>et</strong></span> <span class='ocrx_word' id='word_1_169' title='bbox 2585 870 2639 923; x_wconf 92' lang='lat' dir='ltr'><strong>in</strong></span> <span class='ocrx_word' id='word_1_170' title='bbox 2691 869 2944 939; x_wconf 77' lang='lat' dir='ltr'><strong>oraphetis</strong></span> <span class='ocrx_word' id='word_1_171' title='bbox 2992 874 3114 927; x_wconf 90' lang='lat' dir='ltr'><strong>meis</strong></span> <span class='ocrx_word' id='word_1_172' title='bbox 3151 859 3620 947; x_wconf 11' lang='lat' dir='ltr'><strong>nolitelmalignari</strong></span> 
     </span>
    </p>
   </div>
   <div class='ocr_carea' id='block_1_23' title="bbox 2047 962 3614 1036">
    <p class='ocr_par' dir='ltr' id='par_1_23' title="bbox 2047 962 3614 1036">
     <span class='ocr_line' id='line_1_23' title="bbox 2047 962 3614 1036; baseline 0.006 -20"><span class='ocrx_word' id='word_1_173' title='bbox 2047 964 2229 1036; x_wconf 89' lang='lat' dir='ltr'><strong>(Zach.</strong></span> <span class='ocrx_word' id='word_1_174' title='bbox 2274 963 2356 1034; x_wconf 85' lang='grc' dir='ltr'><strong>ιι).</strong></span> <span class='ocrx_word' id='word_1_175' title='bbox 2401 964 2475 1018; x_wconf 88' lang='lat' dir='ltr'><strong>De</strong></span> <span class='ocrx_word' id='word_1_176' title='bbox 2525 962 2717 1033; x_wconf 90' lang='lat' dir='ltr'><strong>quibus</strong></span> <span class='ocrx_word' id='word_1_177' title='bbox 2764 963 2918 1019; x_wconf 85' lang='lat' dir='ltr'><strong>valde</strong></span> <span class='ocrx_word' id='word_1_178' title='bbox 2965 965 3116 1021; x_wconf 89' lang='lat' dir='ltr'><strong>dulce</strong></span> <span class='ocrx_word' id='word_1_179' title='bbox 3162 975 3244 1022; x_wconf 87' lang='lat' dir='ltr'><strong>est</strong></span> <span class='ocrx_word' id='word_1_180' title='bbox 3274 969 3412 1036; x_wconf 90' lang='lat' dir='ltr'><strong>quod</strong></span> <span class='ocrx_word' id='word_1_181' title='bbox 3440 970 3614 1027; x_wconf 88' lang='lat' dir='ltr'><strong>adhuc</strong></span> 
     </span>
    </p>
   </div>
   <div class='ocr_carea' id='block_1_24' title="bbox 2047 1054 3613 1124">
    <p class='ocr_par' dir='ltr' id='par_1_24' title="bbox 2047 1054 3613 1124">
     <span class='ocr_line' id='line_1_24' title="bbox 2047 1054 3613 1124; baseline 0.005 -16"><span class='ocrx_word' id='word_1_182' title='bbox 2047 1054 2393 1119; x_wconf 88' lang='lat' dir='ltr'><strong>subinfertur,</strong></span> <span class='ocrx_word' id='word_1_183' title='bbox 2425 1069 2587 1124; x_wconf 89' lang='lat' dir='ltr'><strong>quare</strong></span> <span class='ocrx_word' id='word_1_184' title='bbox 2614 1070 2718 1108; x_wconf 92' lang='lat' dir='ltr'><strong>non</strong></span> <span class='ocrx_word' id='word_1_185' title='bbox 2749 1054 2854 1110; x_wconf 90' lang='lat' dir='ltr'><strong>sint</strong></span> <span class='ocrx_word' id='word_1_186' title='bbox 2880 1059 3276 1113; x_wconf 89' lang='lat' dir='ltr'><strong>contemnendi.</strong></span> <span class='ocrx_word' id='word_1_187' title='bbox 3312 1059 3437 1114; x_wconf 83' lang='lat' dir='ltr'><strong>Dico</strong></span> <span class='ocrx_word' id='word_1_188' title='bbox 3476 1063 3613 1116; x_wconf 89' lang='lat' dir='ltr'><strong>enim</strong></span> 
     </span>
    </p>
   </div>
   <div class='ocr_carea' id='block_1_25' title="bbox 2047 1145 3619 1222">
    <p class='ocr_par' dir='ltr' id='par_1_25' title="bbox 2047 1145 3619 1222">
     <span class='ocr_line' id='line_1_25' title="bbox 2047 1145 3619 1222; baseline 0.008 -24"><span class='ocrx_word' id='word_1_189' title='bbox 2047 1145 2202 1211; x_wconf 76' lang='lat' dir='ltr'><strong>vobis,</strong></span> <span class='ocrx_word' id='word_1_190' title='bbox 2225 1147 2346 1216; x_wconf 84' lang='lat' dir='ltr'><strong>quia</strong></span> <span class='ocrx_word' id='word_1_191' title='bbox 2377 1148 2546 1217; x_wconf 84' lang='lat' dir='ltr'><strong>angeli</strong></span> <span class='ocrx_word' id='word_1_192' title='bbox 2573 1163 2748 1200; x_wconf 81' lang='lat' dir='ltr'><strong>eorum</strong></span> <span class='ocrx_word' id='word_1_193' title='bbox 2778 1148 2831 1201; x_wconf 92' lang='lat' dir='ltr'><strong>in</strong></span> <span class='ocrx_word' id='word_1_194' title='bbox 2859 1149 2997 1203; x_wconf 76' lang='lat' dir='ltr'><strong>caelis</strong></span> <span class='ocrx_word' id='word_1_195' title='bbox 3023 1165 3218 1220; x_wconf 84' lang='lat' dir='ltr'><strong>semper</strong></span> <span class='ocrx_word' id='word_1_196' title='bbox 3239 1152 3406 1206; x_wconf 83' lang='lat' dir='ltr'><strong>uident</strong></span> <span class='ocrx_word' id='word_1_197' title='bbox 3434 1154 3619 1222; x_wconf 80' lang='lat' dir='ltr'><strong>faciem</strong></span> 
     </span>
    </p>
   </div>
   <div class='ocr_carea' id='block_1_26' title="bbox 2048 1237 3620 1311">
    <p class='ocr_par' dir='ltr' id='par_1_26' title="bbox 2048 1237 3620 1311">
     <span class='ocr_line' id='line_1_26' title="bbox 2048 1237 3620 1311; baseline 0.008 -22"><span class='ocrx_word' id='word_1_198' title='bbox 2048 1237 2218 1291; x_wconf 86' lang='lat' dir='ltr'><strong>Patris</strong></span> <span class='ocrx_word' id='word_1_199' title='bbox 2243 1238 2340 1291; x_wconf 91' lang='lat' dir='ltr'><strong>mei</strong></span> <span class='ocrx_word' id='word_1_200' title='bbox 2375 1239 2460 1305; x_wconf 85' lang='lat' dir='ltr'><strong>qui</strong></span> <span class='ocrx_word' id='word_1_201' title='bbox 2489 1241 2541 1292; x_wconf 88' lang='lat' dir='ltr'><strong>in</strong></span> <span class='ocrx_word' id='word_1_202' title='bbox 2570 1239 2706 1292; x_wconf 70' lang='lat' dir='ltr'><strong>cretis</strong></span> <span class='ocrx_word' id='word_1_203' title='bbox 2729 1249 2799 1294; x_wconf 87' lang='lat' dir='ltr'><strong>est</strong></span> <span class='ocrx_word' id='word_1_204' title='bbox 2828 1239 3040 1310; x_wconf 74' lang='lat' dir='ltr'><strong>(Hattlt.</strong></span> <span class='ocrx_word' id='word_1_205' title='bbox 3076 1240 3255 1311; x_wconf 83' lang='lat' dir='ltr'><strong>xvut).</strong></span> <span class='ocrx_word' id='word_1_206' title='bbox 3285 1242 3342 1297; x_wconf 88' lang='lat' dir='ltr'><strong>In</strong></span> <span class='ocrx_word' id='word_1_207' title='bbox 3371 1244 3469 1297; x_wconf 89' lang='lat' dir='ltr'><strong>hoc</strong></span> <span class='ocrx_word' id='word_1_208' title='bbox 3502 1245 3620 1300; x_wconf 90' lang='lat' dir='ltr'><strong>loco</strong></span> 
     </span>
    </p>
   </div>
   <div class='ocr_carea' id='block_1_27' title="bbox 2048 1330 3617 1403">
    <p class='ocr_par' dir='ltr' id='par_1_27' title="bbox 2048 1330 3617 1403">
     <span class='ocr_line' id='line_1_27' title="bbox 2048 1330 3617 1403; baseline 0.005 -20"><span class='ocrx_word' id='word_1_209' title='bbox 2048 1330 2328 1396; x_wconf 87' lang='lat' dir='ltr'><strong>discimus,</strong></span> <span class='ocrx_word' id='word_1_210' title='bbox 2379 1332 2500 1400; x_wconf 89' lang='lat' dir='ltr'><strong>quia</strong></span> <span class='ocrx_word' id='word_1_211' title='bbox 2554 1333 2916 1400; x_wconf 86' lang='lat' dir='ltr'><strong>unusquisque</strong></span> <span class='ocrx_word' id='word_1_212' title='bbox 2966 1331 3225 1402; x_wconf 85' lang='lat' dir='ltr'><strong>ﬁdelium,</strong></span> <span class='ocrx_word' id='word_1_213' title='bbox 3257 1336 3498 1403; x_wconf 82' lang='lat' dir='ltr'><strong>angelum</strong></span> <span class='ocrx_word' id='word_1_214' title='bbox 3547 1337 3617 1391; x_wconf 92' lang='lat' dir='ltr'><strong>ob</strong></span> 
     </span>
    </p>
   </div>
   <div class='ocr_carea' id='block_1_28' title="bbox 2049 1421 3617 1490">
    <p class='ocr_par' dir='ltr' id='par_1_28' title="bbox 2049 1421 3617 1490">
     <span class='ocr_line' id='line_1_28' title="bbox 2049 1421 3617 1490; baseline 0.004 -17"><span class='ocrx_word' id='word_1_215' title='bbox 2049 1422 2129 1474; x_wconf 89' lang='lat' dir='ltr'><strong>sui</strong></span> <span class='ocrx_word' id='word_1_216' title='bbox 2160 1421 2455 1475; x_wconf 88' lang='lat' dir='ltr'><strong>custodiam</strong></span> <span class='ocrx_word' id='word_1_217' title='bbox 2485 1421 2795 1489; x_wconf 91' lang='lat' dir='ltr'><strong>deputatum</strong></span> <span class='ocrx_word' id='word_1_218' title='bbox 2827 1421 3004 1485; x_wconf 87' lang='lat' dir='ltr'><strong>habet,</strong></span> <span class='ocrx_word' id='word_1_219' title='bbox 3033 1422 3118 1490; x_wconf 88' lang='lat' dir='ltr'><strong>qui</strong></span> <span class='ocrx_word' id='word_1_220' title='bbox 3147 1432 3200 1477; x_wconf 90' lang='lat' dir='ltr'><strong>et</strong></span> <span class='ocrx_word' id='word_1_221' title='bbox 3226 1436 3347 1476; x_wconf 89' lang='lat' dir='ltr'><strong>eum</strong></span> <span class='ocrx_word' id='word_1_222' title='bbox 3390 1438 3419 1476; x_wconf 90' lang='lat' dir='ltr'><strong>a</strong></span> <span class='ocrx_word' id='word_1_223' title='bbox 3452 1433 3617 1479; x_wconf 88' lang='lat' dir='ltr'><strong>tenta-</strong></span> 
     </span>
    </p>
   </div>
   <div class='ocr_carea' id='block_1_29' title="bbox 2049 1515 3615 1588">
    <p class='ocr_par' dir='ltr' id='par_1_29' title="bbox 2049 1515 3615 1588">
     <span class='ocr_line' id='line_1_29' title="bbox 2049 1515 3615 1588; baseline 0.003 -20"><span class='ocrx_word' id='word_1_224' title='bbox 2049 1515 2277 1569; x_wconf 91' lang='lat' dir='ltr'><strong>tiouibus</strong></span> <span class='ocrx_word' id='word_1_225' title='bbox 2319 1515 2584 1581; x_wconf 83' lang='lat' dir='ltr'><strong>defendit,</strong></span> <span class='ocrx_word' id='word_1_226' title='bbox 2619 1526 2672 1571; x_wconf 87' lang='lat' dir='ltr'><strong>et</strong></span> <span class='ocrx_word' id='word_1_227' title='bbox 2718 1516 2769 1570; x_wconf 88' lang='lat' dir='ltr'><strong>iu</strong></span> <span class='ocrx_word' id='word_1_228' title='bbox 2801 1515 3079 1571; x_wconf 83' lang='lat' dir='ltr'><strong>virtutibus</strong></span> <span class='ocrx_word' id='word_1_229' title='bbox 3116 1517 3286 1585; x_wconf 89' lang='lat' dir='ltr'><strong>juvat,</strong></span> <span class='ocrx_word' id='word_1_230' title='bbox 3317 1517 3454 1572; x_wconf 90' lang='lat' dir='ltr'><strong>sicut</strong></span> <span class='ocrx_word' id='word_1_231' title='bbox 3493 1534 3615 1588; x_wconf 82' lang='lat' dir='ltr'><strong>apu-</strong></span> 
     </span>
    </p>
   </div>
   <div class='ocr_carea' id='block_1_30' title="bbox 2046 1608 3612 1680">
    <p class='ocr_par' dir='ltr' id='par_1_30' title="bbox 2046 1608 3612 1680">
     <span class='ocr_line' id='line_1_30' title="bbox 2046 1608 3612 1680; baseline 0.003 -18"><span class='ocrx_word' id='word_1_232' title='bbox 2046 1608 2212 1662; x_wconf 89' lang='lat' dir='ltr'><strong>stolus</strong></span> <span class='ocrx_word' id='word_1_233' title='bbox 2243 1608 2295 1661; x_wconf 92' lang='lat' dir='ltr'><strong>in</strong></span> <span class='ocrx_word' id='word_1_234' title='bbox 2319 1609 2541 1673; x_wconf 85' lang='lat' dir='ltr'><strong>epistola</strong></span> <span class='ocrx_word' id='word_1_235' title='bbox 2571 1611 2634 1662; x_wconf 91' lang='lat' dir='ltr'><strong>ad</strong></span> <span class='ocrx_word' id='word_1_236' title='bbox 2668 1609 2920 1664; x_wconf 67' lang='lat' dir='ltr'><strong>Hebraeos</strong></span> <span class='ocrx_word' id='word_1_237' title='bbox 2957 1610 3030 1663; x_wconf 89' lang='lat' dir='ltr'><strong>ait</strong></span> <span class='ocrx_word' id='word_1_238' title='bbox 3053 1627 3065 1662; x_wconf 90' lang='lat'><strong>:</strong></span> <span class='ocrx_word' id='word_1_239' title='bbox 3086 1611 3265 1680; x_wconf 78' lang='lat' dir='ltr'><strong>Angeli</strong></span> <span class='ocrx_word' id='word_1_240' title='bbox 3294 1622 3410 1664; x_wconf 87' lang='lat' dir='ltr'><strong>sunt</strong></span> <span class='ocrx_word' id='word_1_241' title='bbox 3446 1613 3612 1666; x_wconf 78' lang='lat' dir='ltr'><strong>admi-</strong></span> 
     </span>
    </p>
   </div>
   <div class='ocr_carea' id='block_1_31' title="bbox 2047 1701 3621 1772">
    <p class='ocr_par' dir='ltr' id='par_1_31' title="bbox 2047 1701 3621 1772">
     <span class='ocr_line' id='line_1_31' title="bbox 2047 1701 3621 1772; baseline 0.004 -20"><span class='ocrx_word' id='word_1_242' title='bbox 2047 1701 2322 1753; x_wconf 83' lang='lat' dir='ltr'><strong>nistratarii</strong></span> <span class='ocrx_word' id='word_1_243' title='bbox 2359 1701 2586 1769; x_wconf 86' lang='lat' dir='ltr'><strong>spiritus,</strong></span> <span class='ocrx_word' id='word_1_244' title='bbox 2620 1702 2673 1754; x_wconf 90' lang='lat' dir='ltr'><strong>in</strong></span> <span class='ocrx_word' id='word_1_245' title='bbox 2718 1702 3052 1755; x_wconf 86' lang='lat' dir='ltr'><strong>ministerium</strong></span> <span class='ocrx_word' id='word_1_246' title='bbox 3094 1703 3231 1756; x_wconf 81' lang='lat' dir='ltr'><strong>missi</strong></span> <span class='ocrx_word' id='word_1_247' title='bbox 3282 1714 3489 1772; x_wconf 86' lang='lat' dir='ltr'><strong>prepter</strong></span> <span class='ocrx_word' id='word_1_248' title='bbox 3531 1721 3621 1758; x_wconf 90' lang='lat' dir='ltr'><strong>eos</strong></span> 
     </span>
    </p>
   </div>
   <div class='ocr_carea' id='block_1_32' title="bbox 2047 1790 3618 1864">
    <p class='ocr_par' dir='ltr' id='par_1_32' title="bbox 2047 1790 3618 1864">
     <span class='ocr_line' id='line_1_32' title="bbox 2047 1790 3618 1864; baseline 0.005 -22"><span class='ocrx_word' id='word_1_249' title='bbox 2047 1791 2134 1857; x_wconf 86' lang='lat' dir='ltr'><strong>qui</strong></span> <span class='ocrx_word' id='word_1_250' title='bbox 2156 1790 2496 1844; x_wconf 76' lang='lat' dir='ltr'><strong>hwreditatem</strong></span> <span class='ocrx_word' id='word_1_251' title='bbox 2519 1793 2724 1859; x_wconf 86' lang='lat' dir='ltr'><strong>capiunt</strong></span> <span class='ocrx_word' id='word_1_252' title='bbox 2751 1793 2933 1845; x_wconf 86' lang='lat' dir='ltr'><strong>salutis</strong></span> <span class='ocrx_word' id='word_1_253' title='bbox 2952 1793 3136 1862; x_wconf 83' lang='lat' dir='ltr'><strong>(Hebr.</strong></span> <span class='ocrx_word' id='word_1_254' title='bbox 3167 1793 3228 1862; x_wconf 90' lang='grc' dir='ltr'><strong>ι).</strong></span> <span class='ocrx_word' id='word_1_255' title='bbox 3259 1794 3324 1848; x_wconf 83' lang='lat' dir='ltr'><strong>Et</strong></span> <span class='ocrx_word' id='word_1_256' title='bbox 3348 1795 3618 1864; x_wconf 85' lang='lat' dir='ltr'><strong>psalmista</strong></span> 
     </span>
    </p>
   </div>
   <div class='ocr_carea' id='block_1_33' title="bbox 372 1882 3620 1958">
    <p class='ocr_par' dir='ltr' id='par_1_33' title="bbox 372 1882 3620 1958">
     <span class='ocr_line' id='line_1_33' title="bbox 372 1882 3620 1958; baseline 0.002 -19"><span class='ocrx_word' id='word_1_257' title='bbox 372 1903 456 1954; x_wconf 82' lang='lat' dir='ltr'><strong>pes</strong></span> <span class='ocrx_word' id='word_1_258' title='bbox 487 1897 601 1941; x_wconf 87' lang='lat' dir='ltr'><strong>tuus</strong></span> <span class='ocrx_word' id='word_1_259' title='bbox 644 1889 953 1941; x_wconf 81' lang='lat' dir='ltr'><strong>scandalizet</strong></span> <span class='ocrx_word' id='word_1_260' title='bbox 992 1898 1059 1953; x_wconf 91' lang='lat' dir='ltr'><strong>te,</strong></span> <span class='ocrx_word' id='word_1_261' title='bbox 1087 1887 1326 1942; x_wconf 83' lang='lat' dir='ltr'><strong>abscinde</strong></span> <span class='ocrx_word' id='word_1_262' title='bbox 1369 1906 1507 1955; x_wconf 90' lang='lat' dir='ltr'><strong>eum,</strong></span> <span class='ocrx_word' id='word_1_263' title='bbox 1538 1901 1588 1942; x_wconf 88' lang='lat' dir='ltr'><strong>et</strong></span> <span class='ocrx_word' id='word_1_264' title='bbox 1637 1889 1830 1958; x_wconf 85' lang='lat' dir='ltr'><strong>projice</strong></span> <span class='ocrx_word' id='word_1_265' title='bbox 1860 1890 1948 1944; x_wconf 82' lang='lat' dir='ltr'><strong>abs</strong></span> <span class='ocrx_word' id='word_1_266' title='bbox 1979 1890 2024 1950; x_wconf 90' lang='lat' dir='ltr'><strong>B</strong></span> <span class='ocrx_word' id='word_1_267' title='bbox 2051 1883 2117 1935; x_wconf 76' lang='lat' dir='ltr'><strong>de</strong></span> <span class='ocrx_word' id='word_1_268' title='bbox 2159 1883 2303 1950; x_wconf 69' lang='grc' dir='ltr'><strong>Ιυεῑο</strong></span> <span class='ocrx_word' id='word_1_269' title='bbox 2350 1882 2583 1948; x_wconf 76' lang='lat' dir='ltr'><strong>quolibet</strong></span> <span class='ocrx_word' id='word_1_270' title='bbox 2609 1901 2620 1934; x_wconf 75' lang='grc' dir='ltr'>ε</span> <span class='ocrx_word' id='word_1_271' title='bbox 2651 1884 2857 1954; x_wconf 67' lang='lat' dir='ltr'><strong>Angelis</strong></span> <span class='ocrx_word' id='word_1_272' title='bbox 2905 1884 3011 1936; x_wconf 64' lang='lat' dir='ltr'><strong>suis</strong></span> <span class='ocrx_word' id='word_1_273' title='bbox 3055 1885 3316 1938; x_wconf 71' lang='lat' dir='ltr'><strong>mandavit</strong></span> <span class='ocrx_word' id='word_1_274' title='bbox 3363 1887 3425 1938; x_wconf 83' lang='lat' dir='ltr'><strong>de</strong></span> <span class='ocrx_word' id='word_1_275' title='bbox 3463 1895 3531 1951; x_wconf 76' lang='lat' dir='ltr'><strong>te,</strong></span> <span class='ocrx_word' id='word_1_276' title='bbox 3565 1895 3620 1940; x_wconf 78' lang='grc' dir='ltr'><strong>ιιι</strong></span> 
     </span>
    </p>
   </div>
   <div class='ocr_carea' id='block_1_34' title="bbox 369 1978 1944 2051">
    <p class='ocr_par' dir='ltr' id='par_1_34' title="bbox 369 1978 1944 2051">
     <span class='ocr_line' id='line_1_34' title="bbox 369 1978 1944 2051; baseline 0.002 -20"><span class='ocrx_word' id='word_1_277' title='bbox 369 1989 432 2033; x_wconf 89' lang='lat' dir='ltr'><strong>te.</strong></span> <span class='ocrx_word' id='word_1_278' title='bbox 479 1978 682 2032; x_wconf 88' lang='lat' dir='ltr'><strong>Bonum</strong></span> <span class='ocrx_word' id='word_1_279' title='bbox 713 1990 783 2034; x_wconf 89' lang='lat' dir='ltr'><strong>est</strong></span> <span class='ocrx_word' id='word_1_280' title='bbox 812 1981 902 2034; x_wconf 86' lang='lat' dir='ltr'><strong>tibi</strong></span> <span class='ocrx_word' id='word_1_281' title='bbox 931 1980 997 2033; x_wconf 91' lang='lat' dir='ltr'><strong>ad</strong></span> <span class='ocrx_word' id='word_1_282' title='bbox 1025 1981 1179 2034; x_wconf 80' lang='lat' dir='ltr'><strong>vitam</strong></span> <span class='ocrx_word' id='word_1_283' title='bbox 1215 1981 1413 2051; x_wconf 87' lang='lat' dir='ltr'><strong>ingredi</strong></span> <span class='ocrx_word' id='word_1_284' title='bbox 1458 1982 1670 2036; x_wconf 84' lang='lat' dir='ltr'><strong>debilem</strong></span> <span class='ocrx_word' id='word_1_285' title='bbox 1699 1982 1774 2034; x_wconf 87' lang='lat' dir='ltr'><strong>vel</strong></span> <span class='ocrx_word' id='word_1_286' title='bbox 1803 1983 1944 2034; x_wconf 84' lang='lat' dir='ltr'><strong>cluu-</strong></span> 
     </span>
    </p>
   </div>
   <div class='ocr_carea' id='block_1_35' title="bbox 369 2071 1944 2143">
    <p class='ocr_par' dir='ltr' id='par_1_35' title="bbox 369 2071 1944 2143">
     <span class='ocr_line' id='line_1_35' title="bbox 369 2071 1944 2143; baseline 0.004 -20"><span class='ocrx_word' id='word_1_287' title='bbox 369 2071 511 2138; x_wconf 90' lang='lat' dir='ltr'><strong>dum,</strong></span> <span class='ocrx_word' id='word_1_288' title='bbox 536 2087 686 2140; x_wconf 87' lang='lat' dir='ltr'><strong>quam</strong></span> <span class='ocrx_word' id='word_1_289' title='bbox 716 2073 847 2127; x_wconf 88' lang='lat' dir='ltr'><strong>duas</strong></span> <span class='ocrx_word' id='word_1_290' title='bbox 870 2091 1048 2128; x_wconf 86' lang='lat' dir='ltr'><strong>manus</strong></span> <span class='ocrx_word' id='word_1_291' title='bbox 1073 2075 1150 2128; x_wconf 78' lang='lat' dir='ltr'><strong>vel</strong></span> <span class='ocrx_word' id='word_1_292' title='bbox 1182 2075 1310 2128; x_wconf 89' lang='lat' dir='ltr'><strong>duos</strong></span> <span class='ocrx_word' id='word_1_293' title='bbox 1334 2077 1483 2143; x_wconf 85' lang='lat' dir='ltr'><strong>pedes</strong></span> <span class='ocrx_word' id='word_1_294' title='bbox 1512 2076 1791 2139; x_wconf 86' lang='lat' dir='ltr'><strong>habentem,</strong></span> <span class='ocrx_word' id='word_1_295' title='bbox 1815 2076 1944 2130; x_wconf 88' lang='lat' dir='ltr'><strong>mitti</strong></span> 
     </span>
    </p>
   </div>
   <div class='ocr_carea' id='block_1_36' title="bbox 368 2164 1943 2233">
    <p class='ocr_par' dir='ltr' id='par_1_36' title="bbox 368 2164 1943 2233">
     <span class='ocr_line' id='line_1_36' title="bbox 368 2164 1943 2233; baseline 0.002 -17"><span class='ocrx_word' id='word_1_296' title='bbox 368 2164 422 2216; x_wconf 90' lang='lat' dir='ltr'><strong>in</strong></span> <span class='ocrx_word' id='word_1_297' title='bbox 465 2164 744 2233; x_wconf 88' lang='lat' dir='ltr'><strong>gehennam</strong></span> <span class='ocrx_word' id='word_1_298' title='bbox 772 2164 926 2232; x_wconf 85' lang='lat' dir='ltr'><strong>ignis.</strong></span> <span class='ocrx_word' id='word_1_299' title='bbox 965 2165 1029 2218; x_wconf 88' lang='lat' dir='ltr'><strong>Et</strong></span> <span class='ocrx_word' id='word_1_300' title='bbox 1057 2166 1103 2218; x_wconf 89' lang='lat' dir='ltr'><strong>si</strong></span> <span class='ocrx_word' id='word_1_301' title='bbox 1131 2181 1307 2218; x_wconf 78' lang='lat' dir='ltr'><strong>oculus</strong></span> <span class='ocrx_word' id='word_1_302' title='bbox 1354 2175 1473 2218; x_wconf 86' lang='lat' dir='ltr'><strong>tuus</strong></span> <span class='ocrx_word' id='word_1_303' title='bbox 1517 2166 1828 2218; x_wconf 74' lang='lat' dir='ltr'><strong>scandalizet</strong></span> <span class='ocrx_word' id='word_1_304' title='bbox 1874 2176 1943 2231; x_wconf 88' lang='lat' dir='ltr'><strong>te,</strong></span> 
     </span>
    </p>
   </div>
   <div class='ocr_carea' id='block_1_37' title="bbox 369 2253 1945 2325">
    <p class='ocr_par' dir='ltr' id='par_1_37' title="bbox 369 2253 1945 2325">
     <span class='ocr_line' id='line_1_37' title="bbox 369 2253 1945 2325; baseline 0.002 -20"><span class='ocrx_word' id='word_1_305' title='bbox 369 2269 486 2306; x_wconf 83' lang='lat' dir='ltr'><strong>erue</strong></span> <span class='ocrx_word' id='word_1_306' title='bbox 511 2253 679 2319; x_wconf 85' lang='lat' dir='ltr'><strong>illum,</strong></span> <span class='ocrx_word' id='word_1_307' title='bbox 711 2263 754 2307; x_wconf 90' lang='lat' dir='ltr'><strong>et</strong></span> <span class='ocrx_word' id='word_1_308' title='bbox 795 2255 989 2325; x_wconf 82' lang='lat' dir='ltr'><strong>projice</strong></span> <span class='ocrx_word' id='word_1_309' title='bbox 1013 2255 1102 2308; x_wconf 90' lang='lat' dir='ltr'><strong>abs</strong></span> <span class='ocrx_word' id='word_1_310' title='bbox 1130 2263 1196 2308; x_wconf 89' lang='lat' dir='ltr'><strong>te.</strong></span> <span class='ocrx_word' id='word_1_311' title='bbox 1254 2254 1453 2307; x_wconf 85' lang='lat' dir='ltr'><strong>Bonum</strong></span> <span class='ocrx_word' id='word_1_312' title='bbox 1481 2266 1551 2308; x_wconf 85' lang='lat' dir='ltr'><strong>est</strong></span> <span class='ocrx_word' id='word_1_313' title='bbox 1581 2256 1669 2309; x_wconf 89' lang='lat' dir='ltr'><strong>tibi</strong></span> <span class='ocrx_word' id='word_1_314' title='bbox 1699 2272 1813 2307; x_wconf 88' lang='lat' dir='ltr'><strong>cum</strong></span> <span class='ocrx_word' id='word_1_315' title='bbox 1843 2270 1945 2308; x_wconf 89' lang='lat' dir='ltr'><strong>uno</strong></span> 
     </span>
    </p>
   </div>
   <div class='ocr_carea' id='block_1_38' title="bbox 369 2346 1942 2413">
    <p class='ocr_par' dir='ltr' id='par_1_38' title="bbox 369 2346 1942 2413">
     <span class='ocr_line' id='line_1_38' title="bbox 369 2346 1942 2413; baseline -0.002 -13"><span class='ocrx_word' id='word_1_316' title='bbox 369 2348 515 2400; x_wconf 89' lang='lat' dir='ltr'><strong>oculo</strong></span> <span class='ocrx_word' id='word_1_317' title='bbox 561 2348 750 2399; x_wconf 88' lang='lat' dir='ltr'><strong>intrare</strong></span> <span class='ocrx_word' id='word_1_318' title='bbox 786 2347 852 2398; x_wconf 91' lang='lat' dir='ltr'><strong>ad</strong></span> <span class='ocrx_word' id='word_1_319' title='bbox 881 2348 1057 2409; x_wconf 84' lang='lat' dir='ltr'><strong>vitam,</strong></span> <span class='ocrx_word' id='word_1_320' title='bbox 1084 2363 1237 2413; x_wconf 81' lang='lat' dir='ltr'><strong>quant</strong></span> <span class='ocrx_word' id='word_1_321' title='bbox 1284 2348 1411 2399; x_wconf 82' lang='lat' dir='ltr'><strong>duos</strong></span> <span class='ocrx_word' id='word_1_322' title='bbox 1453 2348 1624 2399; x_wconf 85' lang='lat' dir='ltr'><strong>oculos</strong></span> <span class='ocrx_word' id='word_1_323' title='bbox 1653 2346 1942 2412; x_wconf 78' lang='lat' dir='ltr'><strong>habentem,</strong></span> 
     </span>
    </p>
   </div>
   <div class='ocr_carea' id='block_1_39' title="bbox 308 2437 1946 2508">
    <p class='ocr_par' dir='ltr' id='par_1_39' title="bbox 308 2437 1946 2508">
     <span class='ocr_line' id='line_1_39' title="bbox 308 2437 1946 2508; baseline 0 -18"><span class='ocrx_word' id='word_1_324' title='bbox 308 2465 312 2468; x_wconf 90' lang='lat'><strong><em>-</em></strong></span> <span class='ocrx_word' id='word_1_325' title='bbox 369 2437 496 2490; x_wconf 88' lang='lat' dir='ltr'><strong>mitti</strong></span> <span class='ocrx_word' id='word_1_326' title='bbox 525 2439 576 2490; x_wconf 88' lang='lat' dir='ltr'><strong>in</strong></span> <span class='ocrx_word' id='word_1_327' title='bbox 609 2437 886 2508; x_wconf 85' lang='lat' dir='ltr'><strong>gehennam</strong></span> <span class='ocrx_word' id='word_1_328' title='bbox 914 2437 1069 2508; x_wconf 86' lang='lat' dir='ltr'><strong>ignis.</strong></span> <span class='ocrx_word' id='word_1_329' title='bbox 1120 2438 1275 2492; x_wconf 77' lang='lat' dir='ltr'><strong>Juxta</strong></span> <span class='ocrx_word' id='word_1_330' title='bbox 1310 2438 1539 2492; x_wconf 89' lang='lat' dir='ltr'><strong>litteram</strong></span> <span class='ocrx_word' id='word_1_331' title='bbox 1571 2447 1823 2507; x_wconf 89' lang='lat' dir='ltr'><strong>quantum</strong></span> <span class='ocrx_word' id='word_1_332' title='bbox 1851 2437 1946 2490; x_wconf 88' lang='lat' dir='ltr'><strong>ab-</strong></span> 
     </span>
    </p>
   </div>
   <div class='ocr_carea' id='block_1_40' title="bbox 369 2529 1946 2597">
    <p class='ocr_par' dir='ltr' id='par_1_40' title="bbox 369 2529 1946 2597">
     <span class='ocr_line' id='line_1_40' title="bbox 369 2529 1946 2597; baseline -0.001 -13"><span class='ocrx_word' id='word_1_333' title='bbox 369 2531 584 2584; x_wconf 89' lang='lat' dir='ltr'><strong>horreat</strong></span> <span class='ocrx_word' id='word_1_334' title='bbox 629 2531 748 2596; x_wconf 86' lang='lat' dir='ltr'><strong>hoc,</strong></span> <span class='ocrx_word' id='word_1_335' title='bbox 782 2531 933 2584; x_wconf 81' lang='lat' dir='ltr'><strong>facile</strong></span> <span class='ocrx_word' id='word_1_336' title='bbox 965 2539 1126 2597; x_wconf 90' lang='lat' dir='ltr'><strong>patet.</strong></span> <span class='ocrx_word' id='word_1_337' title='bbox 1156 2530 1261 2586; x_wconf 85' lang='lat' dir='ltr'><strong>Sed</strong></span> <span class='ocrx_word' id='word_1_338' title='bbox 1289 2545 1409 2584; x_wconf 89' lang='lat' dir='ltr'><strong>cum</strong></span> <span class='ocrx_word' id='word_1_339' title='bbox 1441 2545 1469 2583; x_wconf 89' lang='lat' dir='ltr'><strong>a</strong></span> <span class='ocrx_word' id='word_1_340' title='bbox 1503 2531 1677 2584; x_wconf 89' lang='lat' dir='ltr'><strong>littera</strong></span> <span class='ocrx_word' id='word_1_341' title='bbox 1704 2529 1946 2585; x_wconf 80' lang='lat' dir='ltr'><strong>excludi-</strong></span> 
     </span>
    </p>
   </div>
   <div class='ocr_carea' id='block_1_41' title="bbox 370 2621 1946 2689">
    <p class='ocr_par' dir='ltr' id='par_1_41' title="bbox 370 2621 1946 2689">
     <span class='ocr_line' id='line_1_41' title="bbox 370 2621 1946 2689; baseline -0.001 -15"><span class='ocrx_word' id='word_1_342' title='bbox 370 2637 529 2685; x_wconf 87' lang='lat' dir='ltr'><strong>mur,</strong></span> <span class='ocrx_word' id='word_1_343' title='bbox 576 2621 864 2688; x_wconf 86' lang='lat' dir='ltr'><strong>spiritualis</strong></span> <span class='ocrx_word' id='word_1_344' title='bbox 911 2635 1100 2675; x_wconf 90' lang='lat' dir='ltr'><strong>sensus</strong></span> <span class='ocrx_word' id='word_1_345' title='bbox 1149 2629 1231 2675; x_wconf 89' lang='lat' dir='ltr'><strong>est</strong></span> <span class='ocrx_word' id='word_1_346' title='bbox 1276 2621 1647 2689; x_wconf 84' lang='lat' dir='ltr'><strong>requirendus.</strong></span> <span class='ocrx_word' id='word_1_347' title='bbox 1696 2621 1796 2674; x_wconf 87' lang='lat' dir='ltr'><strong>Per</strong></span> <span class='ocrx_word' id='word_1_348' title='bbox 1845 2622 1946 2674; x_wconf 89' lang='lat' dir='ltr'><strong>hoc</strong></span> 
     </span>
    </p>
   </div>
   <div class='ocr_carea' id='block_1_42' title="bbox 370 2712 1947 2781">
    <p class='ocr_par' dir='ltr' id='par_1_42' title="bbox 370 2712 1947 2781">
     <span class='ocr_line' id='line_1_42' title="bbox 370 2712 1947 2781; baseline 0.001 -17"><span class='ocrx_word' id='word_1_349' title='bbox 370 2712 510 2781; x_wconf 91' lang='lat' dir='ltr'><strong>quod</strong></span> <span class='ocrx_word' id='word_1_350' title='bbox 553 2726 760 2777; x_wconf 88' lang='lat' dir='ltr'><strong>manus,</strong></span> <span class='ocrx_word' id='word_1_351' title='bbox 795 2725 907 2780; x_wconf 89' lang='lat' dir='ltr'><strong>pes,</strong></span> <span class='ocrx_word' id='word_1_352' title='bbox 934 2712 1140 2777; x_wconf 86' lang='lat' dir='ltr'><strong>oculus,</strong></span> <span class='ocrx_word' id='word_1_353' title='bbox 1172 2712 1372 2766; x_wconf 84' lang='lat' dir='ltr'><strong>nostris</strong></span> <span class='ocrx_word' id='word_1_354' title='bbox 1404 2712 1808 2768; x_wconf 87' lang='lat' dir='ltr'><strong>necessitatibus</strong></span> <span class='ocrx_word' id='word_1_355' title='bbox 1852 2725 1947 2766; x_wconf 88' lang='lat' dir='ltr'><strong>ne-</strong></span> 
     </span>
    </p>
   </div>
   <div class='ocr_carea' id='block_1_43' title="bbox 372 2803 1942 2873">
    <p class='ocr_par' dir='ltr' id='par_1_43' title="bbox 372 2803 1942 2873">
     <span class='ocr_line' id='line_1_43' title="bbox 372 2803 1942 2873; baseline 0.001 -15"><span class='ocrx_word' id='word_1_356' title='bbox 372 2803 668 2858; x_wconf 89' lang='lat' dir='ltr'><strong>cessariora</strong></span> <span class='ocrx_word' id='word_1_357' title='bbox 714 2812 879 2870; x_wconf 91' lang='lat' dir='ltr'><strong>sunt,</strong></span> <span class='ocrx_word' id='word_1_358' title='bbox 935 2805 1349 2873; x_wconf 88' lang='lat' dir='ltr'><strong>propinquorum</strong></span> <span class='ocrx_word' id='word_1_359' title='bbox 1406 2815 1458 2860; x_wconf 92' lang='lat' dir='ltr'><strong>et</strong></span> <span class='ocrx_word' id='word_1_360' title='bbox 1504 2805 1942 2860; x_wconf 87' lang='lat' dir='ltr'><strong>charissimorum</strong></span> 
     </span>
    </p>
   </div>
   <div class='ocr_carea' id='block_1_44' title="bbox 375 2896 1946 2966">
    <p class='ocr_par' dir='ltr' id='par_1_44' title="bbox 375 2896 1946 2966">
     <span class='ocr_line' id='line_1_44' title="bbox 375 2896 1946 2966; baseline 0.001 -16"><span class='ocrx_word' id='word_1_361' title='bbox 375 2897 593 2951; x_wconf 76' lang='lat' dir='ltr'><strong>allectus</strong></span> <span class='ocrx_word' id='word_1_362' title='bbox 623 2897 674 2951; x_wconf 92' lang='lat' dir='ltr'><strong>in</strong></span> <span class='ocrx_word' id='word_1_363' title='bbox 705 2896 804 2952; x_wconf 92' lang='lat' dir='ltr'><strong>hoc</strong></span> <span class='ocrx_word' id='word_1_364' title='bbox 841 2896 956 2951; x_wconf 91' lang='lat' dir='ltr'><strong>loco</strong></span> <span class='ocrx_word' id='word_1_365' title='bbox 985 2897 1320 2966; x_wconf 84' lang='lat' dir='ltr'><strong>designatur,</strong></span> <span class='ocrx_word' id='word_1_366' title='bbox 1354 2913 1416 2953; x_wconf 90' lang='lat' dir='ltr'><strong>ac</strong></span> <span class='ocrx_word' id='word_1_367' title='bbox 1445 2899 1489 2953; x_wconf 91' lang='lat' dir='ltr'><strong>si</strong></span> <span class='ocrx_word' id='word_1_368' title='bbox 1535 2900 1738 2954; x_wconf 90' lang='lat' dir='ltr'><strong>diceret</strong></span> <span class='ocrx_word' id='word_1_369' title='bbox 1767 2898 1946 2953; x_wconf 83' lang='lat' dir='ltr'><strong>Domi-</strong></span> 
     </span>
    </p>
   </div>
   <div class='ocr_carea' id='block_1_45' title="bbox 374 2988 1939 3059">
    <p class='ocr_par' dir='ltr' id='par_1_45' title="bbox 374 2988 1939 3059">
     <span class='ocr_line' id='line_1_45' title="bbox 374 2988 1939 3059; baseline 0.002 -18"><span class='ocrx_word' id='word_1_370' title='bbox 374 3003 473 3042; x_wconf 91' lang='lat' dir='ltr'><strong>uus</strong></span> <span class='ocrx_word' id='word_1_371' title='bbox 497 3005 512 3041; x_wconf 89' lang='lat'><strong>:</strong></span> <span class='ocrx_word' id='word_1_372' title='bbox 535 2988 589 3042; x_wconf 92' lang='lat' dir='ltr'><strong>Si</strong></span> <span class='ocrx_word' id='word_1_373' title='bbox 621 2989 739 3057; x_wconf 88' lang='lat' dir='ltr'><strong>quis</strong></span> <span class='ocrx_word' id='word_1_374' title='bbox 766 2989 858 3042; x_wconf 91' lang='lat' dir='ltr'><strong>tibi</strong></span> <span class='ocrx_word' id='word_1_375' title='bbox 904 2988 1060 3044; x_wconf 84' lang='lat' dir='ltr'><strong>fuerit</strong></span> <span class='ocrx_word' id='word_1_376' title='bbox 1101 2991 1364 3058; x_wconf 90' lang='lat' dir='ltr'><strong>pretiosus</strong></span> <span class='ocrx_word' id='word_1_377' title='bbox 1396 2999 1456 3044; x_wconf 91' lang='lat' dir='ltr'><strong>ut</strong></span> <span class='ocrx_word' id='word_1_378' title='bbox 1492 2991 1696 3054; x_wconf 91' lang='lat' dir='ltr'><strong>oculus,</strong></span> <span class='ocrx_word' id='word_1_379' title='bbox 1728 2991 1939 3059; x_wconf 83' lang='lat' dir='ltr'><strong>propiu-</strong></span> 
     </span>
    </p>
   </div>
   <div class='ocr_carea' id='block_1_46' title="bbox 370 3081 1948 3150">
    <p class='ocr_par' dir='ltr' id='par_1_46' title="bbox 370 3081 1948 3150">
     <span class='ocr_line' id='line_1_46' title="bbox 370 3081 1948 3150; baseline 0.006 -19"><span class='ocrx_word' id='word_1_380' title='bbox 370 3093 506 3150; x_wconf 91' lang='lat' dir='ltr'><strong>quus</strong></span> <span class='ocrx_word' id='word_1_381' title='bbox 551 3087 607 3134; x_wconf 89' lang='lat' dir='ltr'><strong>ut</strong></span> <span class='ocrx_word' id='word_1_382' title='bbox 656 3095 768 3150; x_wconf 87' lang='lat' dir='ltr'><strong>pes,</strong></span> <span class='ocrx_word' id='word_1_383' title='bbox 810 3081 1142 3136; x_wconf 89' lang='lat' dir='ltr'><strong>necessarius</strong></span> <span class='ocrx_word' id='word_1_384' title='bbox 1175 3090 1232 3135; x_wconf 91' lang='lat' dir='ltr'><strong>ut</strong></span> <span class='ocrx_word' id='word_1_385' title='bbox 1261 3097 1476 3149; x_wconf 88' lang='lat' dir='ltr'><strong>manus,</strong></span> <span class='ocrx_word' id='word_1_386' title='bbox 1521 3093 1576 3138; x_wconf 92' lang='lat' dir='ltr'><strong>et</strong></span> <span class='ocrx_word' id='word_1_387' title='bbox 1601 3099 1628 3137; x_wconf 90' lang='lat' dir='ltr'><strong>a</strong></span> <span class='ocrx_word' id='word_1_388' title='bbox 1660 3084 1740 3138; x_wconf 90' lang='lat' dir='ltr'><strong>via</strong></span> <span class='ocrx_word' id='word_1_389' title='bbox 1773 3082 1863 3140; x_wconf 91' lang='lat' dir='ltr'><strong>Dei</strong></span> <span class='ocrx_word' id='word_1_390' title='bbox 1895 3095 1948 3140; x_wconf 88' lang='lat' dir='ltr'><strong>te</strong></span> 
     </span>
    </p>
   </div>
   <div class='ocr_carea' id='block_1_47' title="bbox 371 3171 1945 3243">
    <p class='ocr_par' dir='ltr' id='par_1_47' title="bbox 371 3171 1945 3243">
     <span class='ocr_line' id='line_1_47' title="bbox 371 3171 1945 3243; baseline 0.006 -19"><span class='ocrx_word' id='word_1_391' title='bbox 371 3172 619 3225; x_wconf 86' lang='lat' dir='ltr'><strong>recedere</strong></span> <span class='ocrx_word' id='word_1_392' title='bbox 648 3171 987 3240; x_wconf 87' lang='lat' dir='ltr'><strong>persuaserit,</strong></span> <span class='ocrx_word' id='word_1_393' title='bbox 1023 3173 1178 3243; x_wconf 88' lang='lat' dir='ltr'><strong>hujus</strong></span> <span class='ocrx_word' id='word_1_394' title='bbox 1208 3189 1442 3229; x_wconf 91' lang='lat' dir='ltr'><strong>amorem</strong></span> <span class='ocrx_word' id='word_1_395' title='bbox 1474 3175 1747 3241; x_wconf 88' lang='lat' dir='ltr'><strong>abscinde,</strong></span> <span class='ocrx_word' id='word_1_396' title='bbox 1775 3186 1830 3232; x_wconf 90' lang='lat' dir='ltr'><strong>et</strong></span> <span class='ocrx_word' id='word_1_397' title='bbox 1851 3180 1945 3234; x_wconf 88' lang='lat' dir='ltr'><strong>abs</strong></span> 
     </span>
    </p>
   </div>
   <div class='ocr_carea' id='block_1_48' title="bbox 2046 1975 3619 2042">
    <p class='ocr_par' dir='ltr' id='par_1_48' title="bbox 2046 1975 3619 2042">
     <span class='ocr_line' id='line_1_48' title="bbox 2046 1975 3619 2042; baseline 0.003 -16"><span class='ocrx_word' id='word_1_398' title='bbox 2046 1975 2338 2027; x_wconf 85' lang='lat' dir='ltr'><strong>custodiant</strong></span> <span class='ocrx_word' id='word_1_399' title='bbox 2367 1984 2415 2028; x_wconf 89' lang='lat' dir='ltr'><strong>te</strong></span> <span class='ocrx_word' id='word_1_400' title='bbox 2441 1975 2492 2027; x_wconf 87' lang='lat' dir='ltr'><strong>in</strong></span> <span class='ocrx_word' id='word_1_401' title='bbox 2525 1975 2752 2028; x_wconf 87' lang='lat' dir='ltr'><strong>omnibus</strong></span> <span class='ocrx_word' id='word_1_402' title='bbox 2779 1978 2870 2028; x_wconf 87' lang='lat' dir='ltr'><strong>viis</strong></span> <span class='ocrx_word' id='word_1_403' title='bbox 2894 1977 3013 2042; x_wconf 87' lang='lat' dir='ltr'><strong>tuis,</strong></span> <span class='ocrx_word' id='word_1_404' title='bbox 3037 1983 3080 2030; x_wconf 91' lang='lat' dir='ltr'><strong>et</strong></span> <span class='ocrx_word' id='word_1_405' title='bbox 3107 1977 3159 2031; x_wconf 90' lang='lat' dir='ltr'><strong>in</strong></span> <span class='ocrx_word' id='word_1_406' title='bbox 3189 1977 3418 2031; x_wconf 84' lang='lat' dir='ltr'><strong>manibus</strong></span> <span class='ocrx_word' id='word_1_407' title='bbox 3444 1979 3619 2032; x_wconf 86' lang='lat' dir='ltr'><strong>tollent</strong></span> 
     </span>
    </p>
   </div>
   <div class='ocr_carea' id='block_1_49' title="bbox 2045 2068 3612 2141">
    <p class='ocr_par' dir='ltr' id='par_1_49' title="bbox 2045 2068 3612 2141">
     <span class='ocr_line' id='line_1_49' title="bbox 2045 2068 3612 2141; baseline 0.003 -20"><span class='ocrx_word' id='word_1_408' title='bbox 2045 2078 2110 2131; x_wconf 91' lang='lat' dir='ltr'><strong>te,</strong></span> <span class='ocrx_word' id='word_1_409' title='bbox 2144 2084 2205 2122; x_wconf 88' lang='lat' dir='ltr'><strong>ne</strong></span> <span class='ocrx_word' id='word_1_410' title='bbox 2231 2069 2358 2136; x_wconf 77' lang='lat' dir='ltr'><strong>forte</strong></span> <span class='ocrx_word' id='word_1_411' title='bbox 2374 2068 2601 2134; x_wconf 69' lang='lat' dir='ltr'><strong>oﬁ&#39;endas</strong></span> <span class='ocrx_word' id='word_1_412' title='bbox 2620 2070 2686 2122; x_wconf 91' lang='lat' dir='ltr'><strong>ad</strong></span> <span class='ocrx_word' id='word_1_413' title='bbox 2705 2070 2927 2137; x_wconf 85' lang='lat' dir='ltr'><strong>lapidem</strong></span> <span class='ocrx_word' id='word_1_414' title='bbox 2947 2069 3120 2137; x_wconf 88' lang='lat' dir='ltr'><strong>pedem</strong></span> <span class='ocrx_word' id='word_1_415' title='bbox 3138 2079 3280 2124; x_wconf 89' lang='lat' dir='ltr'><strong>tuum</strong></span> <span class='ocrx_word' id='word_1_416' title='bbox 3300 2069 3474 2141; x_wconf 87' lang='lat' dir='ltr'><strong>(Psal.</strong></span> <span class='ocrx_word' id='word_1_417' title='bbox 3501 2073 3612 2139; x_wconf 80' lang='lat' dir='ltr'><strong>xc).</strong></span> 
     </span>
    </p>
   </div>
   <div class='ocr_carea' id='block_1_50' title="bbox 2047 2160 3611 2232">
    <p class='ocr_par' dir='ltr' id='par_1_50' title="bbox 2047 2160 3611 2232">
     <span class='ocr_line' id='line_1_50' title="bbox 2047 2160 3611 2232; baseline 0.003 -17"><span class='ocrx_word' id='word_1_418' title='bbox 2047 2160 2180 2215; x_wconf 90' lang='lat' dir='ltr'><strong>llinc</strong></span> <span class='ocrx_word' id='word_1_419' title='bbox 2205 2171 2256 2214; x_wconf 91' lang='lat' dir='ltr'><strong>et</strong></span> <span class='ocrx_word' id='word_1_420' title='bbox 2283 2160 2350 2215; x_wconf 92' lang='lat' dir='ltr'><strong>de</strong></span> <span class='ocrx_word' id='word_1_421' title='bbox 2399 2161 2554 2214; x_wconf 85' lang='lat' dir='ltr'><strong>Petro</strong></span> <span class='ocrx_word' id='word_1_422' title='bbox 2603 2161 2654 2214; x_wconf 93' lang='lat' dir='ltr'><strong>in</strong></span> <span class='ocrx_word' id='word_1_423' title='bbox 2697 2162 2916 2216; x_wconf 81' lang='lat' dir='ltr'><strong>Actibus</strong></span> <span class='ocrx_word' id='word_1_424' title='bbox 2961 2164 3320 2230; x_wconf 87' lang='lat' dir='ltr'><strong>apostolorum</strong></span> <span class='ocrx_word' id='word_1_425' title='bbox 3364 2163 3611 2232; x_wconf 80' lang='lat' dir='ltr'><strong>legimus,</strong></span> 
     </span>
    </p>
   </div>
   <div class='ocr_carea' id='block_1_51' title="bbox 2045 2251 3617 2322">
    <p class='ocr_par' dir='ltr' id='par_1_51' title="bbox 2045 2251 3617 2322">
     <span class='ocr_line' id='line_1_51' title="bbox 2045 2251 3617 2322; baseline 0.003 -18"><span class='ocrx_word' id='word_1_426' title='bbox 2045 2251 2167 2319; x_wconf 90' lang='lat' dir='ltr'><strong>quia</strong></span> <span class='ocrx_word' id='word_1_427' title='bbox 2189 2266 2307 2304; x_wconf 89' lang='lat' dir='ltr'><strong>cum</strong></span> <span class='ocrx_word' id='word_1_428' title='bbox 2337 2252 2402 2305; x_wconf 89' lang='lat' dir='ltr'><strong>ab</strong></span> <span class='ocrx_word' id='word_1_429' title='bbox 2431 2251 2617 2320; x_wconf 89' lang='lat' dir='ltr'><strong>angelo</strong></span> <span class='ocrx_word' id='word_1_430' title='bbox 2648 2251 2715 2305; x_wconf 90' lang='lat' dir='ltr'><strong>de</strong></span> <span class='ocrx_word' id='word_1_431' title='bbox 2743 2266 2959 2306; x_wconf 90' lang='lat' dir='ltr'><strong>carcere</strong></span> <span class='ocrx_word' id='word_1_432' title='bbox 2990 2253 3231 2318; x_wconf 82' lang='lat' dir='ltr'><strong>eductus,</strong></span> <span class='ocrx_word' id='word_1_433' title='bbox 3259 2255 3474 2320; x_wconf 89' lang='lat' dir='ltr'><strong>jauuam</strong></span> <span class='ocrx_word' id='word_1_434' title='bbox 3509 2255 3617 2322; x_wconf 85' lang='lat' dir='ltr'><strong>pul-</strong></span> 
     </span>
    </p>
   </div>
   <div class='ocr_carea' id='block_1_52' title="bbox 2045 2341 3614 2412">
    <p class='ocr_par' dir='ltr' id='par_1_52' title="bbox 2045 2341 3614 2412">
     <span class='ocr_line' id='line_1_52' title="bbox 2045 2341 3614 2412; baseline 0.004 -18"><span class='ocrx_word' id='word_1_435' title='bbox 2045 2355 2165 2395; x_wconf 90' lang='lat' dir='ltr'><strong>sare</strong></span> <span class='ocrx_word' id='word_1_436' title='bbox 2205 2343 2477 2410; x_wconf 72' lang='lat' dir='ltr'><strong>cmpisset,</strong></span> <span class='ocrx_word' id='word_1_437' title='bbox 2529 2341 2710 2396; x_wconf 87' lang='lat' dir='ltr'><strong>fideles</strong></span> <span class='ocrx_word' id='word_1_438' title='bbox 2760 2343 2849 2410; x_wconf 90' lang='lat' dir='ltr'><strong>qui</strong></span> <span class='ocrx_word' id='word_1_439' title='bbox 2894 2353 3284 2412; x_wconf 88' lang='lat' dir='ltr'><strong>convenerant,</strong></span> <span class='ocrx_word' id='word_1_440' title='bbox 3331 2345 3614 2400; x_wconf 88' lang='lat' dir='ltr'><strong>dicebant:</strong></span> 
     </span>
    </p>
   </div>
   <div class='ocr_carea' id='block_1_53' title="bbox 2047 2433 3613 2509">
    <p class='ocr_par' dir='ltr' id='par_1_53' title="bbox 2047 2433 3613 2509">
     <span class='ocr_line' id='line_1_53' title="bbox 2047 2433 3613 2509; baseline 0.003 -21"><span class='ocrx_word' id='word_1_441' title='bbox 2047 2433 2168 2488; x_wconf 89' lang='lat' dir='ltr'><strong>Non</strong></span> <span class='ocrx_word' id='word_1_442' title='bbox 2197 2444 2270 2488; x_wconf 83' lang='lat' dir='ltr'><strong>est</strong></span> <span class='ocrx_word' id='word_1_443' title='bbox 2301 2434 2501 2500; x_wconf 87' lang='lat' dir='ltr'><strong>Petrus,</strong></span> <span class='ocrx_word' id='word_1_444' title='bbox 2541 2435 2629 2487; x_wconf 86' lang='lat' dir='ltr'><strong>sed</strong></span> <span class='ocrx_word' id='word_1_445' title='bbox 2675 2437 2885 2505; x_wconf 86' lang='lat' dir='ltr'><strong>angelus</strong></span> <span class='ocrx_word' id='word_1_446' title='bbox 2925 2437 3036 2504; x_wconf 85' lang='lat' dir='ltr'><strong>ejus</strong></span> <span class='ocrx_word' id='word_1_447' title='bbox 3064 2436 3212 2506; x_wconf 85' lang='lat' dir='ltr'><strong>(Act.</strong></span> <span class='ocrx_word' id='word_1_448' title='bbox 3242 2437 3369 2508; x_wconf 81' lang='lat' dir='ltr'><strong>xu).</strong></span> <span class='ocrx_word' id='word_1_449' title='bbox 3427 2439 3613 2509; x_wconf 78' lang='lat' dir='ltr'><strong>Angeli</strong></span> 
     </span>
    </p>
   </div>
   <div class='ocr_carea' id='block_1_54' title="bbox 2047 2528 3614 2601">
    <p class='ocr_par' dir='ltr' id='par_1_54' title="bbox 2047 2528 3614 2601">
     <span class='ocr_line' id='line_1_54' title="bbox 2047 2528 3614 2601; baseline 0.001 -18"><span class='ocrx_word' id='word_1_450' title='bbox 2047 2542 2175 2597; x_wconf 86' lang='lat' dir='ltr'><strong>ergo</strong></span> <span class='ocrx_word' id='word_1_451' title='bbox 2209 2528 2548 2595; x_wconf 88' lang='lat' dir='ltr'><strong>parvulorum</strong></span> <span class='ocrx_word' id='word_1_452' title='bbox 2593 2541 2805 2596; x_wconf 90' lang='lat' dir='ltr'><strong>semper</strong></span> <span class='ocrx_word' id='word_1_453' title='bbox 2833 2528 3014 2582; x_wconf 90' lang='lat' dir='ltr'><strong>vident</strong></span> <span class='ocrx_word' id='word_1_454' title='bbox 3056 2530 3241 2584; x_wconf 91' lang='lat' dir='ltr'><strong>faciem</strong></span> <span class='ocrx_word' id='word_1_455' title='bbox 3275 2530 3467 2595; x_wconf 87' lang='lat' dir='ltr'><strong>Patris,</strong></span> <span class='ocrx_word' id='word_1_456' title='bbox 3490 2530 3614 2601; x_wconf 87' lang='lat' dir='ltr'><strong>quia</strong></span> 
     </span>
    </p>
   </div>
   <div class='ocr_carea' id='block_1_55' title="bbox 2047 2621 3619 2691">
    <p class='ocr_par' dir='ltr' id='par_1_55' title="bbox 2047 2621 3619 2691">
     <span class='ocr_line' id='line_1_55' title="bbox 2047 2621 3619 2691; baseline 0.002 -16"><span class='ocrx_word' id='word_1_457' title='bbox 2047 2621 2126 2675; x_wconf 90' lang='lat' dir='ltr'><strong>sic</strong></span> <span class='ocrx_word' id='word_1_458' title='bbox 2155 2630 2374 2689; x_wconf 89' lang='lat' dir='ltr'><strong>propter</strong></span> <span class='ocrx_word' id='word_1_459' title='bbox 2397 2635 2493 2674; x_wconf 93' lang='lat' dir='ltr'><strong>nos</strong></span> <span class='ocrx_word' id='word_1_460' title='bbox 2520 2621 2662 2674; x_wconf 90' lang='lat' dir='ltr'><strong>foras</strong></span> <span class='ocrx_word' id='word_1_461' title='bbox 2685 2629 2903 2686; x_wconf 81' lang='lat' dir='ltr'><strong>exeunt,</strong></span> <span class='ocrx_word' id='word_1_462' title='bbox 2929 2631 2986 2676; x_wconf 92' lang='lat' dir='ltr'><strong>ut</strong></span> <span class='ocrx_word' id='word_1_463' title='bbox 3012 2621 3080 2675; x_wconf 93' lang='lat' dir='ltr'><strong>ab</strong></span> <span class='ocrx_word' id='word_1_464' title='bbox 3102 2621 3220 2691; x_wconf 88' lang='lat' dir='ltr'><strong>ejus</strong></span> <span class='ocrx_word' id='word_1_465' title='bbox 3248 2621 3456 2678; x_wconf 85' lang='lat' dir='ltr'><strong>visione</strong></span> <span class='ocrx_word' id='word_1_466' title='bbox 3483 2637 3619 2678; x_wconf 89' lang='lat' dir='ltr'><strong>nun-</strong></span> 
     </span>
    </p>
   </div>
   <div class='ocr_carea' id='block_1_56' title="bbox 2046 2709 3620 2781">
    <p class='ocr_par' dir='ltr' id='par_1_56' title="bbox 2046 2709 3620 2781">
     <span class='ocr_line' id='line_1_56' title="bbox 2046 2709 3620 2781; baseline 0.003 -17"><span class='ocrx_word' id='word_1_467' title='bbox 2046 2727 2202 2780; x_wconf 89' lang='lat' dir='ltr'><strong>quam</strong></span> <span class='ocrx_word' id='word_1_468' title='bbox 2249 2711 2531 2776; x_wconf 88' lang='lat' dir='ltr'><strong>recedant,</strong></span> <span class='ocrx_word' id='word_1_469' title='bbox 2562 2709 2698 2764; x_wconf 88' lang='lat' dir='ltr'><strong>sicut</strong></span> <span class='ocrx_word' id='word_1_470' title='bbox 2742 2710 2854 2779; x_wconf 90' lang='lat' dir='ltr'><strong>ipse</strong></span> <span class='ocrx_word' id='word_1_471' title='bbox 2893 2713 3110 2780; x_wconf 78' lang='lat' dir='ltr'><strong>angelus</strong></span> <span class='ocrx_word' id='word_1_472' title='bbox 3157 2713 3396 2781; x_wconf 82' lang='lat' dir='ltr'><strong>Raphael</strong></span> <span class='ocrx_word' id='word_1_473' title='bbox 3425 2713 3490 2768; x_wconf 89' lang='lat' dir='ltr'><strong>ad</strong></span> <span class='ocrx_word' id='word_1_474' title='bbox 3518 2713 3620 2769; x_wconf 82' lang='lat' dir='ltr'><strong>To-</strong></span> 
     </span>
    </p>
   </div>
   <div class='ocr_carea' id='block_1_57' title="bbox 2045 2803 3618 2875">
    <p class='ocr_par' dir='ltr' id='par_1_57' title="bbox 2045 2803 3618 2875">
     <span class='ocr_line' id='line_1_57' title="bbox 2045 2803 3618 2875; baseline 0 -14"><span class='ocrx_word' id='word_1_475' title='bbox 2045 2803 2183 2862; x_wconf 87' lang='lat' dir='ltr'><strong>biam</strong></span> <span class='ocrx_word' id='word_1_476' title='bbox 2213 2803 2286 2858; x_wconf 86' lang='lat' dir='ltr'><strong>ait</strong></span> <span class='ocrx_word' id='word_1_477' title='bbox 2317 2803 2465 2874; x_wconf 86' lang='lat' dir='ltr'><strong>:Ego</strong></span> <span class='ocrx_word' id='word_1_478' title='bbox 2496 2819 2609 2856; x_wconf 88' lang='lat' dir='ltr'><strong>sum</strong></span> <span class='ocrx_word' id='word_1_479' title='bbox 2646 2819 2777 2857; x_wconf 87' lang='lat' dir='ltr'><strong>unus</strong></span> <span class='ocrx_word' id='word_1_480' title='bbox 2817 2803 2882 2858; x_wconf 86' lang='lat' dir='ltr'><strong>de</strong></span> <span class='ocrx_word' id='word_1_481' title='bbox 2901 2813 3092 2872; x_wconf 84' lang='lat' dir='ltr'><strong>septem</strong></span> <span class='ocrx_word' id='word_1_482' title='bbox 3131 2805 3390 2875; x_wconf 83' lang='lat' dir='ltr'><strong>spiritibus</strong></span> <span class='ocrx_word' id='word_1_483' title='bbox 3417 2807 3504 2874; x_wconf 89' lang='lat' dir='ltr'><strong>qui</strong></span> <span class='ocrx_word' id='word_1_484' title='bbox 3533 2821 3618 2861; x_wconf 88' lang='lat' dir='ltr'><strong>as-</strong></span> 
     </span>
    </p>
   </div>
   <div class='ocr_carea' id='block_1_58' title="bbox 2047 2893 3608 2965">
    <p class='ocr_par' dir='ltr' id='par_1_58' title="bbox 2047 2893 3608 2965">
     <span class='ocr_line' id='line_1_58' title="bbox 2047 2893 3608 2965; baseline 0.001 -16"><span class='ocrx_word' id='word_1_485' title='bbox 2047 2896 2272 2950; x_wconf 80' lang='lat' dir='ltr'><strong>sistimsts</strong></span> <span class='ocrx_word' id='word_1_486' title='bbox 2294 2903 2408 2948; x_wconf 87' lang='lat' dir='ltr'><strong>ante</strong></span> <span class='ocrx_word' id='word_1_487' title='bbox 2441 2894 2604 2948; x_wconf 88' lang='lat' dir='ltr'><strong>Deum</strong></span> <span class='ocrx_word' id='word_1_488' title='bbox 2636 2893 2786 2965; x_wconf 86' lang='lat' dir='ltr'><strong>(Tob.</strong></span> <span class='ocrx_word' id='word_1_489' title='bbox 2811 2894 2930 2965; x_wconf 77' lang='lat' dir='ltr'><strong>XII).</strong></span> <span class='ocrx_word' id='word_1_490' title='bbox 2961 2896 3022 2950; x_wconf 90' lang='lat' dir='ltr'><strong>Et</strong></span> <span class='ocrx_word' id='word_1_491' title='bbox 3050 2896 3231 2952; x_wconf 87' lang='lat' dir='ltr'><strong>Daniel</strong></span> <span class='ocrx_word' id='word_1_492' title='bbox 3259 2915 3270 2950; x_wconf 88' lang='lat'><strong>:</strong></span> <span class='ocrx_word' id='word_1_493' title='bbox 3296 2896 3465 2952; x_wconf 75' lang='lat' dir='ltr'><strong>Millia</strong></span> <span class='ocrx_word' id='word_1_494' title='bbox 3485 2897 3608 2952; x_wconf 86' lang='lat' dir='ltr'><strong>mil-</strong></span> 
     </span>
    </p>
   </div>
   <div class='ocr_carea' id='block_1_59' title="bbox 2049 2987 3616 3053">
    <p class='ocr_par' dir='ltr' id='par_1_59' title="bbox 2049 2987 3616 3053">
     <span class='ocr_line' id='line_1_59' title="bbox 2049 2987 3616 3053; baseline 0.002 -11"><span class='ocrx_word' id='word_1_495' title='bbox 2049 2989 2173 3042; x_wconf 89' lang='lat' dir='ltr'><strong>lium</strong></span> <span class='ocrx_word' id='word_1_496' title='bbox 2217 2988 2566 3042; x_wconf 83' lang='lat' dir='ltr'><strong>ministrabant</strong></span> <span class='ocrx_word' id='word_1_497' title='bbox 2594 2987 2663 3053; x_wconf 91' lang='lat' dir='ltr'><strong>ei,</strong></span> <span class='ocrx_word' id='word_1_498' title='bbox 2689 2994 2737 3040; x_wconf 91' lang='lat' dir='ltr'><strong>et</strong></span> <span class='ocrx_word' id='word_1_499' title='bbox 2764 2987 2929 3042; x_wconf 83' lang='lat' dir='ltr'><strong>decies</strong></span> <span class='ocrx_word' id='word_1_500' title='bbox 2971 2998 3178 3042; x_wconf 87' lang='lat' dir='ltr'><strong>centena</strong></span> <span class='ocrx_word' id='word_1_501' title='bbox 3215 2988 3380 3043; x_wconf 89' lang='lat' dir='ltr'><strong>millia</strong></span> <span class='ocrx_word' id='word_1_502' title='bbox 3409 2990 3616 3045; x_wconf 82' lang='lat' dir='ltr'><strong>assiste-</strong></span> 
     </span>
    </p>
   </div>
   <div class='ocr_carea' id='block_1_60' title="bbox 2049 3078 3622 3151">
    <p class='ocr_par' dir='ltr' id='par_1_60' title="bbox 2049 3078 3622 3151">
     <span class='ocr_line' id='line_1_60' title="bbox 2049 3078 3622 3151; baseline 0.003 -18"><span class='ocrx_word' id='word_1_503' title='bbox 2049 3081 2164 3134; x_wconf 88' lang='lat' dir='ltr'><strong>bant</strong></span> <span class='ocrx_word' id='word_1_504' title='bbox 2194 3081 2240 3134; x_wconf 88' lang='lat' dir='ltr'><strong>ei</strong></span> <span class='ocrx_word' id='word_1_505' title='bbox 2281 3079 2442 3150; x_wconf 87' lang='lat' dir='ltr'><strong>(Dan.</strong></span> <span class='ocrx_word' id='word_1_506' title='bbox 2469 3078 2590 3148; x_wconf 86' lang='lat' dir='ltr'><strong>vn).</strong></span> <span class='ocrx_word' id='word_1_507' title='bbox 2644 3078 2832 3151; x_wconf 85' lang='lat' dir='ltr'><strong>Angeli</strong></span> <span class='ocrx_word' id='word_1_508' title='bbox 2882 3081 3024 3136; x_wconf 92' lang='lat' dir='ltr'><strong>enim</strong></span> <span class='ocrx_word' id='word_1_509' title='bbox 3077 3081 3166 3151; x_wconf 90' lang='lat' dir='ltr'><strong>qui</strong></span> <span class='ocrx_word' id='word_1_510' title='bbox 3207 3082 3456 3137; x_wconf 88' lang='lat' dir='ltr'><strong>custodes</strong></span> <span class='ocrx_word' id='word_1_511' title='bbox 3496 3091 3622 3138; x_wconf 88' lang='lat' dir='ltr'><strong>sunt</strong></span> 
     </span>
    </p>
   </div>
   <div class='ocr_carea' id='block_1_61' title="bbox 2050 3172 3618 3242">
    <p class='ocr_par' dir='ltr' id='par_1_61' title="bbox 2050 3172 3618 3242">
     <span class='ocr_line' id='line_1_61' title="bbox 2050 3172 3618 3242; baseline 0.004 -17"><span class='ocrx_word' id='word_1_512' title='bbox 2050 3172 2172 3226; x_wconf 80' lang='lat' dir='ltr'><strong>vitae</strong></span> <span class='ocrx_word' id='word_1_513' title='bbox 2201 3182 2428 3237; x_wconf 86' lang='lat' dir='ltr'><strong>nostrae,</strong></span> <span class='ocrx_word' id='word_1_514' title='bbox 2458 3173 2723 3228; x_wconf 89' lang='lat' dir='ltr'><strong>orationes</strong></span> <span class='ocrx_word' id='word_1_515' title='bbox 2751 3179 2808 3229; x_wconf 84' lang='lat' dir='ltr'><strong>et</strong></span> <span class='ocrx_word' id='word_1_516' title='bbox 2833 3188 2994 3242; x_wconf 89' lang='lat' dir='ltr'><strong>opera</strong></span> <span class='ocrx_word' id='word_1_517' title='bbox 3024 3185 3203 3230; x_wconf 89' lang='lat' dir='ltr'><strong>nostra</strong></span> <span class='ocrx_word' id='word_1_518' title='bbox 3232 3174 3342 3229; x_wconf 92' lang='lat' dir='ltr'><strong>Deo</strong></span> <span class='ocrx_word' id='word_1_519' title='bbox 3373 3177 3618 3231; x_wconf 90' lang='lat' dir='ltr'><strong>nuntiare</strong></span> 
     </span>
    </p>
   </div>
   <div class='ocr_carea' id='block_1_62' title="bbox 375 3243 3615 3339">
    <p class='ocr_par' dir='ltr' id='par_1_62' title="bbox 375 3243 3615 3339">
     <span class='ocr_line' id='line_1_62' title="bbox 375 3243 3615 3339; baseline 0.002 -24"><span class='ocrx_word' id='word_1_520' title='bbox 375 3271 423 3318; x_wconf 90' lang='lat' dir='ltr'><strong>te</strong></span> <span class='ocrx_word' id='word_1_521' title='bbox 447 3263 668 3333; x_wconf 89' lang='lat' dir='ltr'><strong>projice.</strong></span> <span class='ocrx_word' id='word_1_522' title='bbox 701 3263 887 3319; x_wconf 84' lang='lat' dir='ltr'><strong>Melius</strong></span> <span class='ocrx_word' id='word_1_523' title='bbox 936 3274 1017 3319; x_wconf 93' lang='lat' dir='ltr'><strong>est</strong></span> <span class='ocrx_word' id='word_1_524' title='bbox 1064 3274 1112 3320; x_wconf 89' lang='lat' dir='ltr'><strong>te</strong></span> <span class='ocrx_word' id='word_1_525' title='bbox 1159 3271 1330 3321; x_wconf 91' lang='lat' dir='ltr'><strong>solum</strong></span> <span class='ocrx_word' id='word_1_526' title='bbox 1383 3267 1584 3324; x_wconf 89' lang='lat' dir='ltr'><strong>intrare</strong></span> <span class='ocrx_word' id='word_1_527' title='bbox 1636 3270 1702 3324; x_wconf 90' lang='lat' dir='ltr'><strong>ad</strong></span> <span class='ocrx_word' id='word_1_528' title='bbox 1749 3271 1944 3339; x_wconf 90' lang='lat' dir='ltr'><strong>vitam,</strong></span> <span class='ocrx_word' id='word_1_529' title='bbox 1975 3243 2022 3308; x_wconf 64' lang='grc' dir='ltr'><strong>(ἶ</strong></span> <span class='ocrx_word' id='word_1_530' title='bbox 2053 3266 2366 3333; x_wconf 88' lang='lat' dir='ltr'><strong>creduntur,</strong></span> <span class='ocrx_word' id='word_1_531' title='bbox 2414 3267 2552 3321; x_wconf 85' lang='lat' dir='ltr'><strong>sicut</strong></span> <span class='ocrx_word' id='word_1_532' title='bbox 2599 3265 2821 3336; x_wconf 89' lang='lat' dir='ltr'><strong>angelus</strong></span> <span class='ocrx_word' id='word_1_533' title='bbox 2872 3267 2944 3321; x_wconf 89' lang='lat' dir='ltr'><strong>ait</strong></span> <span class='ocrx_word' id='word_1_534' title='bbox 2993 3267 3367 3322; x_wconf 66' lang='lat' dir='ltr'><strong>Tobiaazchtm</strong></span> <span class='ocrx_word' id='word_1_535' title='bbox 3419 3283 3615 3332; x_wconf 88' lang='lat' dir='ltr'><strong>orares,</strong></span> 
     </span>
    </p>
   </div>
   <div class='ocr_carea' id='block_1_63' title="bbox 369 3357 1945 3433">
    <p class='ocr_par' dir='ltr' id='par_1_63' title="bbox 369 3357 1945 3433">
     <span class='ocr_line' id='line_1_63' title="bbox 369 3357 1945 3433; baseline 0.007 -25"><span class='ocrx_word' id='word_1_536' title='bbox 369 3370 526 3425; x_wconf 90' lang='lat' dir='ltr'><strong>quam</strong></span> <span class='ocrx_word' id='word_1_537' title='bbox 555 3371 677 3412; x_wconf 87' lang='lat' dir='ltr'><strong>cum</strong></span> <span class='ocrx_word' id='word_1_538' title='bbox 706 3357 873 3411; x_wconf 89' lang='lat' dir='ltr'><strong>multa</strong></span> <span class='ocrx_word' id='word_1_539' title='bbox 902 3359 1053 3413; x_wconf 88' lang='lat' dir='ltr'><strong>turba</strong></span> <span class='ocrx_word' id='word_1_540' title='bbox 1079 3360 1500 3430; x_wconf 89' lang='lat' dir='ltr'><strong>propinquorum</strong></span> <span class='ocrx_word' id='word_1_541' title='bbox 1523 3362 1660 3418; x_wconf 91' lang='lat' dir='ltr'><strong>mitti</strong></span> <span class='ocrx_word' id='word_1_542' title='bbox 1693 3364 1744 3418; x_wconf 92' lang='lat' dir='ltr'><strong>in</strong></span> <span class='ocrx_word' id='word_1_543' title='bbox 1769 3365 1945 3433; x_wconf 83' lang='lat' dir='ltr'><strong>ignem</strong></span> 
     </span>
    </p>
   </div>
   <div class='ocr_carea' id='block_1_64' title="bbox 370 3451 1949 3524">
    <p class='ocr_par' dir='ltr' id='par_1_64' title="bbox 370 3451 1949 3524">
     <span class='ocr_line' id='line_1_64' title="bbox 370 3451 1949 3524; baseline 0.006 -21"><span class='ocrx_word' id='word_1_544' title='bbox 370 3458 650 3506; x_wconf 71' lang='lat' dir='ltr'><strong>mternum.</strong></span> <span class='ocrx_word' id='word_1_545' title='bbox 713 3451 850 3518; x_wconf 86' lang='lat' dir='ltr'><strong>Quid</strong></span> <span class='ocrx_word' id='word_1_546' title='bbox 901 3454 1103 3524; x_wconf 88' lang='lat' dir='ltr'><strong>pro/icit</strong></span> <span class='ocrx_word' id='word_1_547' title='bbox 1152 3454 1381 3520; x_wconf 87' lang='lat' dir='ltr'><strong>homini,</strong></span> <span class='ocrx_word' id='word_1_548' title='bbox 1425 3457 1469 3510; x_wconf 89' lang='lat' dir='ltr'><strong>si</strong></span> <span class='ocrx_word' id='word_1_549' title='bbox 1518 3465 1672 3511; x_wconf 88' lang='lat' dir='ltr'><strong>totum</strong></span> <span class='ocrx_word' id='word_1_550' title='bbox 1723 3459 1949 3512; x_wconf 89' lang='lat' dir='ltr'><strong>lucretur</strong></span> 
     </span>
    </p>
   </div>
   <div class='ocr_carea' id='block_1_65' title="bbox 371 3543 1948 3620">
    <p class='ocr_par' dir='ltr' id='par_1_65' title="bbox 371 3543 1948 3620">
     <span class='ocr_line' id='line_1_65' title="bbox 371 3543 1948 3620; baseline 0.007 -26"><span class='ocrx_word' id='word_1_551' title='bbox 371 3543 655 3609; x_wconf 87' lang='lat' dir='ltr'><strong>mundum,</strong></span> <span class='ocrx_word' id='word_1_552' title='bbox 699 3544 883 3597; x_wconf 72' lang='lat' dir='ltr'><strong>animle</strong></span> <span class='ocrx_word' id='word_1_553' title='bbox 930 3553 1098 3598; x_wconf 83' lang='lat' dir='ltr'><strong>autent</strong></span> <span class='ocrx_word' id='word_1_554' title='bbox 1154 3561 1259 3600; x_wconf 77' lang='lat' dir='ltr'><strong>suae</strong></span> <span class='ocrx_word' id='word_1_555' title='bbox 1317 3547 1671 3602; x_wconf 88' lang='lat' dir='ltr'><strong>detrimentum</strong></span> <span class='ocrx_word' id='word_1_556' title='bbox 1721 3550 1948 3620; x_wconf 88' lang='lat' dir='ltr'><strong>patiatur</strong></span> 
     </span>
    </p>
   </div>
   <div class='ocr_carea' id='block_1_66' title="bbox 372 3633 1948 3705">
    <p class='ocr_par' dir='ltr' id='par_1_66' title="bbox 372 3633 1948 3705">
     <span class='ocr_line' id='line_1_66' title="bbox 372 3633 1948 3705; baseline 0.006 -19"><span class='ocrx_word' id='word_1_557' title='bbox 372 3633 562 3704; x_wconf 78' lang='lat' dir='ltr'><strong>(Marc.</strong></span> <span class='ocrx_word' id='word_1_558' title='bbox 597 3636 752 3704; x_wconf 85' lang='lat' dir='ltr'><strong>vm)?</strong></span> <span class='ocrx_word' id='word_1_559' title='bbox 801 3635 958 3690; x_wconf 87' lang='lat' dir='ltr'><strong>Verbi</strong></span> <span class='ocrx_word' id='word_1_560' title='bbox 988 3638 1157 3705; x_wconf 88' lang='lat' dir='ltr'><strong>gratia</strong></span> <span class='ocrx_word' id='word_1_561' title='bbox 1184 3656 1196 3692; x_wconf 91' lang='lat'><strong>:</strong></span> <span class='ocrx_word' id='word_1_562' title='bbox 1226 3637 1498 3693; x_wconf 88' lang='lat' dir='ltr'><strong>Blauditur</strong></span> <span class='ocrx_word' id='word_1_563' title='bbox 1525 3656 1682 3704; x_wconf 75' lang='lat' dir='ltr'><strong>uxor,</strong></span> <span class='ocrx_word' id='word_1_564' title='bbox 1713 3642 1948 3696; x_wconf 89' lang='lat' dir='ltr'><strong>minatur</strong></span> 
     </span>
    </p>
   </div>
   <div class='ocr_carea' id='block_1_67' title="bbox 373 3725 1946 3798">
    <p class='ocr_par' dir='ltr' id='par_1_67' title="bbox 373 3725 1946 3798">
     <span class='ocr_line' id='line_1_67' title="bbox 373 3725 1946 3798; baseline 0.004 -20"><span class='ocrx_word' id='word_1_565' title='bbox 373 3735 542 3795; x_wconf 89' lang='lat' dir='ltr'><strong>pater,</strong></span> <span class='ocrx_word' id='word_1_566' title='bbox 576 3725 862 3794; x_wconf 90' lang='lat' dir='ltr'><strong>persuadet</strong></span> <span class='ocrx_word' id='word_1_567' title='bbox 885 3735 1085 3794; x_wconf 89' lang='lat' dir='ltr'><strong>mater,</strong></span> <span class='ocrx_word' id='word_1_568' title='bbox 1113 3727 1473 3797; x_wconf 87' lang='lat' dir='ltr'><strong>lacrymantur</strong></span> <span class='ocrx_word' id='word_1_569' title='bbox 1502 3730 1665 3784; x_wconf 79' lang='lat' dir='ltr'><strong>frater</strong></span> <span class='ocrx_word' id='word_1_570' title='bbox 1687 3739 1742 3785; x_wconf 92' lang='lat' dir='ltr'><strong>et</strong></span> <span class='ocrx_word' id='word_1_571' title='bbox 1767 3746 1946 3798; x_wconf 88' lang='lat' dir='ltr'><strong>soror,</strong></span> 
     </span>
    </p>
   </div>
   <div class='ocr_carea' id='block_1_68' title="bbox 373 3817 1951 3884">
    <p class='ocr_par' dir='ltr' id='par_1_68' title="bbox 373 3817 1951 3884">
     <span class='ocr_line' id='line_1_68' title="bbox 373 3817 1951 3884; baseline 0.004 -12"><span class='ocrx_word' id='word_1_572' title='bbox 373 3828 427 3873; x_wconf 90' lang='lat' dir='ltr'><strong>tu</strong></span> <span class='ocrx_word' id='word_1_573' title='bbox 469 3827 646 3872; x_wconf 88' lang='lat' dir='ltr'><strong>autem</strong></span> <span class='ocrx_word' id='word_1_574' title='bbox 673 3817 727 3872; x_wconf 91' lang='lat' dir='ltr'><strong>in</strong></span> <span class='ocrx_word' id='word_1_575' title='bbox 757 3817 842 3872; x_wconf 86' lang='lat' dir='ltr'><strong>via</strong></span> <span class='ocrx_word' id='word_1_576' title='bbox 874 3819 1081 3873; x_wconf 90' lang='lat' dir='ltr'><strong>Domini</strong></span> <span class='ocrx_word' id='word_1_577' title='bbox 1104 3827 1183 3874; x_wconf 90' lang='lat' dir='ltr'><strong>sta</strong></span> <span class='ocrx_word' id='word_1_578' title='bbox 1214 3820 1420 3884; x_wconf 87' lang='lat' dir='ltr'><strong>firmus,</strong></span> <span class='ocrx_word' id='word_1_579' title='bbox 1449 3836 1515 3874; x_wconf 92' lang='lat' dir='ltr'><strong>ne</strong></span> <span class='ocrx_word' id='word_1_580' title='bbox 1542 3823 1660 3876; x_wconf 89' lang='lat' dir='ltr'><strong>illos</strong></span> <span class='ocrx_word' id='word_1_581' title='bbox 1695 3823 1951 3879; x_wconf 86' lang='lat' dir='ltr'><strong>inutiliter</strong></span> 
     </span>
    </p>
   </div>
   <div class='ocr_carea' id='block_1_69' title="bbox 373 3909 1949 3988">
    <p class='ocr_par' dir='ltr' id='par_1_69' title="bbox 373 3909 1949 3988">
     <span class='ocr_line' id='line_1_69' title="bbox 373 3909 1949 3988; baseline 0.004 -24"><span class='ocrx_word' id='word_1_582' title='bbox 373 3910 621 3974; x_wconf 90' lang='lat' dir='ltr'><strong>amando,</strong></span> <span class='ocrx_word' id='word_1_583' title='bbox 653 3923 683 3963; x_wconf 90' lang='lat' dir='ltr'><strong>a</strong></span> <span class='ocrx_word' id='word_1_584' title='bbox 714 3909 808 3964; x_wconf 92' lang='lat' dir='ltr'><strong>Dei</strong></span> <span class='ocrx_word' id='word_1_585' title='bbox 849 3924 1033 3966; x_wconf 89' lang='lat' dir='ltr'><strong>amore</strong></span> <span class='ocrx_word' id='word_1_586' title='bbox 1078 3912 1317 3977; x_wconf 88' lang='lat' dir='ltr'><strong>recedas,</strong></span> <span class='ocrx_word' id='word_1_587' title='bbox 1342 3913 1437 3968; x_wconf 91' lang='lat' dir='ltr'><strong>sed</strong></span> <span class='ocrx_word' id='word_1_588' title='bbox 1463 3913 1613 3988; x_wconf 79' lang='lat' dir='ltr'><strong>juxta</strong></span> <span class='ocrx_word' id='word_1_589' title='bbox 1645 3913 1772 3968; x_wconf 91' lang='lat' dir='ltr'><strong>illud</strong></span> <span class='ocrx_word' id='word_1_590' title='bbox 1807 3914 1949 3984; x_wconf 89' lang='lat' dir='ltr'><strong>quod</strong></span> 
     </span>
    </p>
   </div>
   <div class='ocr_carea' id='block_1_70' title="bbox 375 3999 1952 4076">
    <p class='ocr_par' dir='ltr' id='par_1_70' title="bbox 375 3999 1952 4076">
     <span class='ocr_line' id='line_1_70' title="bbox 375 3999 1952 4076; baseline 0.004 -22"><span class='ocrx_word' id='word_1_591' title='bbox 375 4000 500 4055; x_wconf 90' lang='lat' dir='ltr'><strong>alibi</strong></span> <span class='ocrx_word' id='word_1_592' title='bbox 529 3999 636 4054; x_wconf 87' lang='lat' dir='ltr'><strong>ait:</strong></span> <span class='ocrx_word' id='word_1_593' title='bbox 663 3999 792 4056; x_wconf 86' lang='lat' dir='ltr'><strong>Sine</strong></span> <span class='ocrx_word' id='word_1_594' title='bbox 837 4013 1066 4056; x_wconf 88' lang='lat' dir='ltr'><strong>mortuos</strong></span> <span class='ocrx_word' id='word_1_595' title='bbox 1096 4012 1324 4058; x_wconf 88' lang='lat' dir='ltr'><strong>mortuos</strong></span> <span class='ocrx_word' id='word_1_596' title='bbox 1357 4020 1475 4058; x_wconf 89' lang='lat' dir='ltr'><strong>suos</strong></span> <span class='ocrx_word' id='word_1_597' title='bbox 1507 4004 1744 4076; x_wconf 80' lang='lat' dir='ltr'><strong>sepelire,</strong></span> <span class='ocrx_word' id='word_1_598' title='bbox 1774 4015 1825 4058; x_wconf 89' lang='lat' dir='ltr'><strong>tu</strong></span> <span class='ocrx_word' id='word_1_599' title='bbox 1856 4024 1952 4061; x_wconf 79' lang='lat' dir='ltr'><strong>au-</strong></span> 
     </span>
    </p>
   </div>
   <div class='ocr_carea' id='block_1_71' title="bbox 377 4093 1944 4168">
    <p class='ocr_par' dir='ltr' id='par_1_71' title="bbox 377 4093 1944 4168">
     <span class='ocr_line' id='line_1_71' title="bbox 377 4093 1944 4168; baseline 0.003 -20"><span class='ocrx_word' id='word_1_600' title='bbox 377 4105 473 4149; x_wconf 88' lang='lat' dir='ltr'><strong>tem</strong></span> <span class='ocrx_word' id='word_1_601' title='bbox 521 4111 725 4165; x_wconf 87' lang='lat' dir='ltr'><strong>sequere</strong></span> <span class='ocrx_word' id='word_1_602' title='bbox 771 4112 849 4150; x_wconf 88' lang='lat' dir='ltr'><strong>me</strong></span> <span class='ocrx_word' id='word_1_603' title='bbox 876 4093 1095 4166; x_wconf 73' lang='lat' dir='ltr'><strong>(Matth.</strong></span> <span class='ocrx_word' id='word_1_604' title='bbox 1129 4098 1270 4165; x_wconf 83' lang='lat' dir='ltr'><strong>vm).</strong></span> <span class='ocrx_word' id='word_1_605' title='bbox 1323 4097 1504 4167; x_wconf 89' lang='lat' dir='ltr'><strong>Neque</strong></span> <span class='ocrx_word' id='word_1_606' title='bbox 1549 4097 1650 4152; x_wconf 91' lang='lat' dir='ltr'><strong>hoc</strong></span> <span class='ocrx_word' id='word_1_607' title='bbox 1701 4098 1944 4168; x_wconf 90' lang='lat' dir='ltr'><strong>dicimus,</strong></span> 
     </span>
    </p>
   </div>
   <div class='ocr_carea' id='block_1_72' title="bbox 378 4186 1949 4257">
    <p class='ocr_par' dir='ltr' id='par_1_72' title="bbox 378 4186 1949 4257">
     <span class='ocr_line' id='line_1_72' title="bbox 378 4186 1949 4257; baseline 0.004 -18"><span class='ocrx_word' id='word_1_608' title='bbox 378 4187 518 4256; x_wconf 89' lang='lat' dir='ltr'><strong>quod</strong></span> <span class='ocrx_word' id='word_1_609' title='bbox 569 4187 873 4255; x_wconf 88' lang='lat' dir='ltr'><strong>parentibus</strong></span> <span class='ocrx_word' id='word_1_610' title='bbox 921 4195 975 4241; x_wconf 88' lang='lat' dir='ltr'><strong>et</strong></span> <span class='ocrx_word' id='word_1_611' title='bbox 1021 4186 1208 4242; x_wconf 87' lang='lat' dir='ltr'><strong>amicis</strong></span> <span class='ocrx_word' id='word_1_612' title='bbox 1239 4189 1427 4257; x_wconf 81' lang='lat' dir='ltr'><strong>ingrati</strong></span> <span class='ocrx_word' id='word_1_613' title='bbox 1475 4198 1528 4242; x_wconf 90' lang='lat' dir='ltr'><strong>et</strong></span> <span class='ocrx_word' id='word_1_614' title='bbox 1581 4188 1949 4246; x_wconf 88' lang='lat' dir='ltr'><strong>inobedientes</strong></span> 
     </span>
    </p>
   </div>
   <div class='ocr_carea' id='block_1_73' title="bbox 377 4278 1948 4348">
    <p class='ocr_par' dir='ltr' id='par_1_73' title="bbox 377 4278 1948 4348">
     <span class='ocr_line' id='line_1_73' title="bbox 377 4278 1948 4348; baseline 0.001 -15"><span class='ocrx_word' id='word_1_615' title='bbox 377 4293 499 4334; x_wconf 90' lang='lat' dir='ltr'><strong>esse</strong></span> <span class='ocrx_word' id='word_1_616' title='bbox 534 4279 843 4344; x_wconf 90' lang='lat' dir='ltr'><strong>debeamus,</strong></span> <span class='ocrx_word' id='word_1_617' title='bbox 869 4278 964 4333; x_wconf 90' lang='lat' dir='ltr'><strong>sed</strong></span> <span class='ocrx_word' id='word_1_618' title='bbox 1007 4278 1220 4348; x_wconf 88' lang='lat' dir='ltr'><strong>quando</strong></span> <span class='ocrx_word' id='word_1_619' title='bbox 1245 4294 1273 4332; x_wconf 84' lang='lat' dir='ltr'><strong>a</strong></span> <span class='ocrx_word' id='word_1_620' title='bbox 1306 4278 1386 4333; x_wconf 88' lang='lat' dir='ltr'><strong>via</strong></span> <span class='ocrx_word' id='word_1_621' title='bbox 1422 4279 1513 4333; x_wconf 90' lang='lat' dir='ltr'><strong>Dei</strong></span> <span class='ocrx_word' id='word_1_622' title='bbox 1542 4293 1828 4334; x_wconf 89' lang='lat' dir='ltr'><strong>removere</strong></span> <span class='ocrx_word' id='word_1_623' title='bbox 1852 4295 1948 4335; x_wconf 86' lang='lat' dir='ltr'><strong>vo-</strong></span> 
     </span>
    </p>
   </div>
   <div class='ocr_carea' id='block_1_74' title="bbox 376 4370 1946 4436">
    <p class='ocr_par' dir='ltr' id='par_1_74' title="bbox 376 4370 1946 4436">
     <span class='ocr_line' id='line_1_74' title="bbox 376 4370 1946 4436; baseline 0 -10"><span class='ocrx_word' id='word_1_624' title='bbox 376 4371 588 4436; x_wconf 89' lang='lat' dir='ltr'><strong>luerint,</strong></span> <span class='ocrx_word' id='word_1_625' title='bbox 623 4379 746 4425; x_wconf 89' lang='lat' dir='ltr'><strong>tunc</strong></span> <span class='ocrx_word' id='word_1_626' title='bbox 791 4385 975 4426; x_wconf 90' lang='lat' dir='ltr'><strong>eorum</strong></span> <span class='ocrx_word' id='word_1_627' title='bbox 1029 4386 1267 4425; x_wconf 73' lang='lat' dir='ltr'><strong>altiorem</strong></span> <span class='ocrx_word' id='word_1_628' title='bbox 1312 4370 1685 4426; x_wconf 88' lang='lat' dir='ltr'><strong>abscindamus</strong></span> <span class='ocrx_word' id='word_1_629' title='bbox 1711 4386 1741 4425; x_wconf 92' lang='lat' dir='ltr'><strong>a</strong></span> <span class='ocrx_word' id='word_1_630' title='bbox 1772 4371 1946 4426; x_wconf 91' lang='lat' dir='ltr'><strong>nobis.</strong></span> 
     </span>
    </p>
   </div>
   <div class='ocr_carea' id='block_1_75' title="bbox 373 4464 1948 4533">
    <p class='ocr_par' dir='ltr' id='par_1_75' title="bbox 373 4464 1948 4533">
     <span class='ocr_line' id='line_1_75' title="bbox 373 4464 1948 4533; baseline -0.001 -13"><span class='ocrx_word' id='word_1_631' title='bbox 373 4467 636 4521; x_wconf 64' lang='lat' dir='ltr'><strong>Caeterum</strong></span> <span class='ocrx_word' id='word_1_632' title='bbox 667 4479 790 4519; x_wconf 92' lang='lat' dir='ltr'><strong>cum</strong></span> <span class='ocrx_word' id='word_1_633' title='bbox 821 4477 913 4520; x_wconf 90' lang='lat' dir='ltr'><strong>eos</strong></span> <span class='ocrx_word' id='word_1_634' title='bbox 964 4464 1130 4518; x_wconf 91' lang='lat' dir='ltr'><strong>Deum</strong></span> <span class='ocrx_word' id='word_1_635' title='bbox 1173 4477 1355 4518; x_wconf 88' lang='lat' dir='ltr'><strong>amare</strong></span> <span class='ocrx_word' id='word_1_636' title='bbox 1396 4465 1820 4533; x_wconf 77' lang='lat' dir='ltr'><strong>cognoverimus,</strong></span> <span class='ocrx_word' id='word_1_637' title='bbox 1849 4465 1948 4519; x_wconf 82' lang='lat' dir='ltr'><strong>du-</strong></span> 
     </span>
    </p>
   </div>
   <div class='ocr_carea' id='block_1_76' title="bbox 376 4554 1945 4627">
    <p class='ocr_par' dir='ltr' id='par_1_76' title="bbox 376 4554 1945 4627">
     <span class='ocr_line' id='line_1_76' title="bbox 376 4554 1945 4627; baseline 0.003 -20"><span class='ocrx_word' id='word_1_638' title='bbox 376 4559 586 4627; x_wconf 80' lang='lat' dir='ltr'><strong>pliciter</strong></span> <span class='ocrx_word' id='word_1_639' title='bbox 612 4556 764 4611; x_wconf 90' lang='lat' dir='ltr'><strong>nobis</strong></span> <span class='ocrx_word' id='word_1_640' title='bbox 793 4556 1004 4610; x_wconf 89' lang='lat' dir='ltr'><strong>amandi</strong></span> <span class='ocrx_word' id='word_1_641' title='bbox 1053 4565 1108 4610; x_wconf 89' lang='lat' dir='ltr'><strong>et</strong></span> <span class='ocrx_word' id='word_1_642' title='bbox 1156 4554 1452 4610; x_wconf 89' lang='lat' dir='ltr'><strong>honorandi</strong></span> <span class='ocrx_word' id='word_1_643' title='bbox 1499 4556 1945 4621; x_wconf 79' lang='lat' dir='ltr'><strong>suutzPrimum,</strong></span> 
     </span>
    </p>
   </div>
   <div class='ocr_carea' id='block_1_77' title="bbox 377 4649 1947 4718">
    <p class='ocr_par' dir='ltr' id='par_1_77' title="bbox 377 4649 1947 4718">
     <span class='ocr_line' id='line_1_77' title="bbox 377 4649 1947 4718; baseline 0.003 -18"><span class='ocrx_word' id='word_1_644' title='bbox 377 4649 497 4717; x_wconf 84' lang='lat' dir='ltr'><strong>quia</strong></span> <span class='ocrx_word' id='word_1_645' title='bbox 519 4649 644 4718; x_wconf 90' lang='lat' dir='ltr'><strong>justi</strong></span> <span class='ocrx_word' id='word_1_646' title='bbox 673 4658 816 4716; x_wconf 88' lang='lat' dir='ltr'><strong>sunt,</strong></span> <span class='ocrx_word' id='word_1_647' title='bbox 847 4649 1063 4715; x_wconf 89' lang='lat' dir='ltr'><strong>deinde,</strong></span> <span class='ocrx_word' id='word_1_648' title='bbox 1094 4649 1215 4718; x_wconf 85' lang='lat' dir='ltr'><strong>quia</strong></span> <span class='ocrx_word' id='word_1_649' title='bbox 1267 4649 1573 4718; x_wconf 90' lang='lat' dir='ltr'><strong>propinqui,</strong></span> <span class='ocrx_word' id='word_1_650' title='bbox 1605 4650 1830 4705; x_wconf 89' lang='lat' dir='ltr'><strong>Domino</strong></span> <span class='ocrx_word' id='word_1_651' title='bbox 1862 4649 1947 4705; x_wconf 85' lang='lat' dir='ltr'><strong>di-</strong></span> 
     </span>
    </p>
   </div>
   <div class='ocr_carea' id='block_1_78' title="bbox 377 4738 1951 4808">
    <p class='ocr_par' dir='ltr' id='par_1_78' title="bbox 377 4738 1951 4808">
     <span class='ocr_line' id='line_1_78' title="bbox 377 4738 1951 4808; baseline 0.002 -15"><span class='ocrx_word' id='word_1_652' title='bbox 377 4748 530 4793; x_wconf 83' lang='lat' dir='ltr'><strong>cente</strong></span> <span class='ocrx_word' id='word_1_653' title='bbox 574 4739 626 4792; x_wconf 92' lang='lat' dir='ltr'><strong>in</strong></span> <span class='ocrx_word' id='word_1_654' title='bbox 669 4738 783 4807; x_wconf 78' lang='lat' dir='ltr'><strong>lege</strong></span> <span class='ocrx_word' id='word_1_655' title='bbox 825 4755 838 4791; x_wconf 92' lang='lat'><strong>:</strong></span> <span class='ocrx_word' id='word_1_656' title='bbox 877 4739 1094 4793; x_wconf 85' lang='lat' dir='ltr'><strong>Honora</strong></span> <span class='ocrx_word' id='word_1_657' title='bbox 1141 4748 1336 4808; x_wconf 89' lang='lat' dir='ltr'><strong>patrem</strong></span> <span class='ocrx_word' id='word_1_658' title='bbox 1381 4750 1522 4792; x_wconf 87' lang='lat' dir='ltr'><strong>tuum</strong></span> <span class='ocrx_word' id='word_1_659' title='bbox 1552 4750 1597 4794; x_wconf 90' lang='lat' dir='ltr'><strong>et</strong></span> <span class='ocrx_word' id='word_1_660' title='bbox 1630 4750 1864 4807; x_wconf 85' lang='lat' dir='ltr'><strong>matrem,</strong></span> <span class='ocrx_word' id='word_1_661' title='bbox 1896 4750 1951 4796; x_wconf 90' lang='lat' dir='ltr'><strong>ut</strong></span> 
     </span>
    </p>
   </div>
   <div class='ocr_carea' id='block_1_79' title="bbox 379 4831 1952 4903">
    <p class='ocr_par' dir='ltr' id='par_1_79' title="bbox 379 4831 1952 4903">
     <span class='ocr_line' id='line_1_79' title="bbox 379 4831 1952 4903; baseline 0.004 -19"><span class='ocrx_word' id='word_1_662' title='bbox 379 4832 502 4886; x_wconf 89' lang='lat' dir='ltr'><strong>bene</strong></span> <span class='ocrx_word' id='word_1_663' title='bbox 548 4831 613 4885; x_wconf 87' lang='lat' dir='ltr'><strong>sit</strong></span> <span class='ocrx_word' id='word_1_664' title='bbox 653 4831 774 4896; x_wconf 88' lang='lat' dir='ltr'><strong>tibi,</strong></span> <span class='ocrx_word' id='word_1_665' title='bbox 799 4839 846 4884; x_wconf 91' lang='lat' dir='ltr'><strong>et</strong></span> <span class='ocrx_word' id='word_1_666' title='bbox 875 4832 1026 4899; x_wconf 86' lang='lat' dir='ltr'><strong>longo</strong></span> <span class='ocrx_word' id='word_1_667' title='bbox 1052 4833 1187 4886; x_wconf 84' lang='lat' dir='ltr'><strong>vivas</strong></span> <span class='ocrx_word' id='word_1_668' title='bbox 1215 4842 1438 4903; x_wconf 88' lang='lat' dir='ltr'><strong>tempore</strong></span> <span class='ocrx_word' id='word_1_669' title='bbox 1468 4832 1661 4902; x_wconf 87' lang='lat' dir='ltr'><strong>(Deut.</strong></span> <span class='ocrx_word' id='word_1_670' title='bbox 1692 4849 1721 4888; x_wconf 92' lang='lat' dir='ltr'><strong>v</strong></span> <span class='ocrx_word' id='word_1_671' title='bbox 1747 4834 1785 4903; x_wconf 89' lang='lat'><strong>).</strong></span> <span class='ocrx_word' id='word_1_672' title='bbox 1819 4835 1952 4891; x_wconf 88' lang='lat' dir='ltr'><strong>Hinc</strong></span> 
     </span>
    </p>
   </div>
   <div class='ocr_carea' id='block_1_80' title="bbox 378 4921 1948 4993">
    <p class='ocr_par' dir='ltr' id='par_1_80' title="bbox 378 4921 1948 4993">
     <span class='ocr_line' id='line_1_80' title="bbox 378 4921 1948 4993; baseline 0.004 -17"><span class='ocrx_word' id='word_1_673' title='bbox 378 4931 431 4977; x_wconf 87' lang='lat' dir='ltr'><strong>et</strong></span> <span class='ocrx_word' id='word_1_674' title='bbox 459 4922 750 4990; x_wconf 86' lang='lat' dir='ltr'><strong>Apostolus</strong></span> <span class='ocrx_word' id='word_1_675' title='bbox 774 4921 848 4974; x_wconf 89' lang='lat' dir='ltr'><strong>ait</strong></span> <span class='ocrx_word' id='word_1_676' title='bbox 873 4940 884 4974; x_wconf 94' lang='lat'><strong>:</strong></span> <span class='ocrx_word' id='word_1_677' title='bbox 913 4921 972 4976; x_wconf 92' lang='lat' dir='ltr'><strong>Si</strong></span> <span class='ocrx_word' id='word_1_678' title='bbox 999 4925 1108 4991; x_wconf 88' lang='lat' dir='ltr'><strong>quis</strong></span> <span class='ocrx_word' id='word_1_679' title='bbox 1136 4940 1341 4978; x_wconf 87' lang='lat' dir='ltr'><strong>suorum</strong></span> <span class='ocrx_word' id='word_1_680' title='bbox 1370 4940 1544 4979; x_wconf 87' lang='lat' dir='ltr'><strong>curam</strong></span> <span class='ocrx_word' id='word_1_681' title='bbox 1573 4941 1674 4979; x_wconf 91' lang='lat' dir='ltr'><strong>non</strong></span> <span class='ocrx_word' id='word_1_682' title='bbox 1702 4925 1868 4993; x_wconf 88' lang='lat' dir='ltr'><strong>habet,</strong></span> <span class='ocrx_word' id='word_1_683' title='bbox 1902 4938 1948 4982; x_wconf 89' lang='lat' dir='ltr'><strong>et</strong></span> 
     </span>
    </p>
   </div>
   <div class='ocr_carea' id='block_1_81' title="bbox 383 5014 1949 5085">
    <p class='ocr_par' dir='ltr' id='par_1_81' title="bbox 383 5014 1949 5085">
     <span class='ocr_line' id='line_1_81' title="bbox 383 5014 1949 5085; baseline 0.006 -21"><span class='ocrx_word' id='word_1_684' title='bbox 383 5016 600 5068; x_wconf 73' lang='lat' dir='ltr'><strong>maxime</strong></span> <span class='ocrx_word' id='word_1_685' title='bbox 628 5015 872 5082; x_wconf 79' lang='lat' dir='ltr'><strong>ﬁdelium,</strong></span> <span class='ocrx_word' id='word_1_686' title='bbox 898 5014 1047 5082; x_wconf 80' lang='lat' dir='ltr'><strong>ﬁdem</strong></span> <span class='ocrx_word' id='word_1_687' title='bbox 1092 5018 1307 5085; x_wconf 86' lang='lat' dir='ltr'><strong>negavit,</strong></span> <span class='ocrx_word' id='word_1_688' title='bbox 1333 5027 1380 5071; x_wconf 90' lang='lat' dir='ltr'><strong>et</strong></span> <span class='ocrx_word' id='word_1_689' title='bbox 1404 5025 1480 5072; x_wconf 86' lang='lat' dir='ltr'><strong>est</strong></span> <span class='ocrx_word' id='word_1_690' title='bbox 1508 5019 1706 5085; x_wconf 82' lang='lat' dir='ltr'><strong>inﬁdeli</strong></span> <span class='ocrx_word' id='word_1_691' title='bbox 1732 5021 1949 5074; x_wconf 87' lang='lat' dir='ltr'><strong>deterior</strong></span> 
     </span>
    </p>
   </div>
   <div class='ocr_carea' id='block_1_82' title="bbox 380 5105 1948 5178">
    <p class='ocr_par' dir='ltr' id='par_1_82' title="bbox 380 5105 1948 5178">
     <span class='ocr_line' id='line_1_82' title="bbox 380 5105 1948 5178; baseline 0.005 -19"><span class='ocrx_word' id='word_1_692' title='bbox 380 5105 436 5178; x_wconf 90' lang='grc' dir='ltr'><strong>(Ι</strong></span> <span class='ocrx_word' id='word_1_693' title='bbox 459 5105 592 5160; x_wconf 82' lang='lat' dir='ltr'><strong>Tim.</strong></span> <span class='ocrx_word' id='word_1_694' title='bbox 627 5109 704 5175; x_wconf 89' lang='lat' dir='ltr'><strong>v).</strong></span> <span class='ocrx_word' id='word_1_695' title='bbox 746 5106 1005 5172; x_wconf 85' lang='lat' dir='ltr'><strong>Quantam</strong></span> <span class='ocrx_word' id='word_1_696' title='bbox 1037 5117 1208 5162; x_wconf 89' lang='lat' dir='ltr'><strong>autem</strong></span> <span class='ocrx_word' id='word_1_697' title='bbox 1253 5111 1664 5166; x_wconf 90' lang='lat' dir='ltr'><strong>sollicitudinem</strong></span> <span class='ocrx_word' id='word_1_698' title='bbox 1688 5121 1742 5166; x_wconf 91' lang='lat' dir='ltr'><strong>et</strong></span> <span class='ocrx_word' id='word_1_699' title='bbox 1766 5127 1948 5167; x_wconf 90' lang='lat' dir='ltr'><strong>curam</strong></span> 
     </span>
    </p>
   </div>
   <div class='ocr_carea' id='block_1_83' title="bbox 385 5197 1949 5272">
    <p class='ocr_par' dir='ltr' id='par_1_83' title="bbox 385 5197 1949 5272">
     <span class='ocr_line' id='line_1_83' title="bbox 385 5197 1949 5272; baseline 0.004 -20"><span class='ocrx_word' id='word_1_700' title='bbox 385 5199 638 5252; x_wconf 91' lang='lat' dir='ltr'><strong>Dominus</strong></span> <span class='ocrx_word' id='word_1_701' title='bbox 682 5199 751 5253; x_wconf 93' lang='lat' dir='ltr'><strong>de</strong></span> <span class='ocrx_word' id='word_1_702' title='bbox 802 5197 884 5252; x_wconf 91' lang='lat' dir='ltr'><strong>his</strong></span> <span class='ocrx_word' id='word_1_703' title='bbox 935 5198 1146 5265; x_wconf 87' lang='lat' dir='ltr'><strong>habeat,</strong></span> <span class='ocrx_word' id='word_1_704' title='bbox 1177 5202 1264 5270; x_wconf 89' lang='lat' dir='ltr'><strong>qui</strong></span> <span class='ocrx_word' id='word_1_705' title='bbox 1313 5210 1475 5257; x_wconf 90' lang='lat' dir='ltr'><strong>totam</strong></span> <span class='ocrx_word' id='word_1_706' title='bbox 1506 5218 1654 5272; x_wconf 88' lang='lat' dir='ltr'><strong>spem</strong></span> <span class='ocrx_word' id='word_1_707' title='bbox 1680 5202 1730 5256; x_wconf 91' lang='lat' dir='ltr'><strong>in</strong></span> <span class='ocrx_word' id='word_1_708' title='bbox 1763 5217 1827 5257; x_wconf 92' lang='lat' dir='ltr'><strong>eo</strong></span> <span class='ocrx_word' id='word_1_709' title='bbox 1857 5219 1949 5272; x_wconf 89' lang='lat' dir='ltr'><strong>po-</strong></span> 
     </span>
    </p>
   </div>
   <div class='ocr_carea' id='block_1_84' title="bbox 382 5289 1951 5359">
    <p class='ocr_par' dir='ltr' id='par_1_84' title="bbox 382 5289 1951 5359">
     <span class='ocr_line' id='line_1_84' title="bbox 382 5289 1951 5359; baseline 0.004 -17"><span class='ocrx_word' id='word_1_710' title='bbox 382 5297 531 5351; x_wconf 91' lang='lat' dir='ltr'><strong>nunt,</strong></span> <span class='ocrx_word' id='word_1_711' title='bbox 557 5289 858 5343; x_wconf 89' lang='lat' dir='ltr'><strong>manifestat</strong></span> <span class='ocrx_word' id='word_1_712' title='bbox 883 5302 1002 5343; x_wconf 91' lang='lat' dir='ltr'><strong>cum</strong></span> <span class='ocrx_word' id='word_1_713' title='bbox 1026 5289 1296 5359; x_wconf 80' lang='lat' dir='ltr'><strong>subjungit</strong></span> <span class='ocrx_word' id='word_1_714' title='bbox 1321 5310 1332 5344; x_wconf 92' lang='lat'><strong>:</strong></span> <span class='ocrx_word' id='word_1_715' title='bbox 1366 5293 1545 5348; x_wconf 83' lang='lat' dir='ltr'><strong>Videte</strong></span> <span class='ocrx_word' id='word_1_716' title='bbox 1571 5311 1633 5348; x_wconf 85' lang='lat' dir='ltr'><strong>ne</strong></span> <span class='ocrx_word' id='word_1_717' title='bbox 1656 5303 1951 5349; x_wconf 86' lang='lat' dir='ltr'><strong>contemna-</strong></span> 
     </span>
    </p>
   </div>
   <div class='ocr_carea' id='block_1_85' title="bbox 383 5379 1950 5454">
    <p class='ocr_par' dir='ltr' id='par_1_85' title="bbox 383 5379 1950 5454">
     <span class='ocr_line' id='line_1_85' title="bbox 383 5379 1950 5454; baseline 0.004 -19"><span class='ocrx_word' id='word_1_718' title='bbox 383 5383 445 5436; x_wconf 86' lang='lat' dir='ltr'><strong>tis</strong></span> <span class='ocrx_word' id='word_1_719' title='bbox 473 5395 630 5434; x_wconf 86' lang='lat' dir='ltr'><strong>unum</strong></span> <span class='ocrx_word' id='word_1_720' title='bbox 668 5397 732 5434; x_wconf 76' lang='lat' dir='ltr'><strong>ex</strong></span> <span class='ocrx_word' id='word_1_721' title='bbox 760 5380 838 5433; x_wconf 89' lang='lat' dir='ltr'><strong>his</strong></span> <span class='ocrx_word' id='word_1_722' title='bbox 877 5379 1098 5451; x_wconf 83' lang='lat' dir='ltr'><strong>pusillis.</strong></span> <span class='ocrx_word' id='word_1_723' title='bbox 1135 5382 1403 5449; x_wconf 88' lang='lat' dir='ltr'><strong>Qui&#39;enim</strong></span> <span class='ocrx_word' id='word_1_724' title='bbox 1436 5386 1609 5454; x_wconf 90' lang='lat' dir='ltr'><strong>pusilli</strong></span> <span class='ocrx_word' id='word_1_725' title='bbox 1638 5395 1693 5441; x_wconf 90' lang='lat' dir='ltr'><strong>et</strong></span> <span class='ocrx_word' id='word_1_726' title='bbox 1722 5386 1950 5444; x_wconf 87' lang='lat' dir='ltr'><strong>humiles</strong></span> 
     </span>
    </p>
   </div>
   <div class='ocr_carea' id='block_1_86' title="bbox 383 5475 1947 5551">
    <p class='ocr_par' dir='ltr' id='par_1_86' title="bbox 383 5475 1947 5551">
     <span class='ocr_line' id='line_1_86' title="bbox 383 5475 1947 5551; baseline 0.004 -21"><span class='ocrx_word' id='word_1_727' title='bbox 383 5477 435 5530; x_wconf 90' lang='lat' dir='ltr'><strong>in</strong></span> <span class='ocrx_word' id='word_1_728' title='bbox 488 5476 733 5544; x_wconf 76' lang='lat' dir='ltr'><strong>praesenti</strong></span> <span class='ocrx_word' id='word_1_729' title='bbox 780 5475 883 5530; x_wconf 80' lang='lat' dir='ltr'><strong>vita</strong></span> <span class='ocrx_word' id='word_1_730' title='bbox 935 5485 1150 5545; x_wconf 87' lang='lat' dir='ltr'><strong>prepter</strong></span> <span class='ocrx_word' id='word_1_731' title='bbox 1201 5476 1366 5531; x_wconf 87' lang='lat' dir='ltr'><strong>Deum</strong></span> <span class='ocrx_word' id='word_1_732' title='bbox 1415 5487 1558 5548; x_wconf 89' lang='lat' dir='ltr'><strong>sunt,</strong></span> <span class='ocrx_word' id='word_1_733' title='bbox 1614 5495 1947 5551; x_wconf 89' lang='lat' dir='ltr'><strong>nequaquam</strong></span> 
     </span>
    </p>
   </div>
   <div class='ocr_carea' id='block_1_87' title="bbox 383 5566 1947 5638">
    <p class='ocr_par' dir='ltr' id='par_1_87' title="bbox 383 5566 1947 5638">
     <span class='ocr_line' id='line_1_87' title="bbox 383 5566 1947 5638; baseline 0.003 -17"><span class='ocrx_word' id='word_1_734' title='bbox 383 5566 758 5622; x_wconf 87' lang='lat' dir='ltr'><strong>contemnendi</strong></span> <span class='ocrx_word' id='word_1_735' title='bbox 786 5576 933 5621; x_wconf 88' lang='lat' dir='ltr'><strong>sunt.</strong></span> <span class='ocrx_word' id='word_1_736' title='bbox 960 5567 1142 5622; x_wconf 90' lang='lat' dir='ltr'><strong>Pusilli</strong></span> <span class='ocrx_word' id='word_1_737' title='bbox 1173 5583 1399 5638; x_wconf 87' lang='lat' dir='ltr'><strong>namque</strong></span> <span class='ocrx_word' id='word_1_738' title='bbox 1428 5579 1573 5636; x_wconf 89' lang='lat' dir='ltr'><strong>sunt,</strong></span> <span class='ocrx_word' id='word_1_739' title='bbox 1608 5580 1665 5625; x_wconf 91' lang='lat' dir='ltr'><strong>ut</strong></span> <span class='ocrx_word' id='word_1_740' title='bbox 1691 5570 1947 5635; x_wconf 84' lang='lat' dir='ltr'><strong>diximus,</strong></span> 
     </span>
    </p>
   </div>
   <div class='ocr_carea' id='block_1_88' title="bbox 385 5659 1951 5733">
    <p class='ocr_par' dir='ltr' id='par_1_88' title="bbox 385 5659 1951 5733">
     <span class='ocr_line' id='line_1_88' title="bbox 385 5659 1951 5733; baseline 0.004 -22"><span class='ocrx_word' id='word_1_741' title='bbox 385 5659 477 5730; x_wconf 89' lang='lat' dir='ltr'><strong>qui</strong></span> <span class='ocrx_word' id='word_1_742' title='bbox 527 5673 704 5713; x_wconf 88' lang='lat' dir='ltr'><strong>coram</strong></span> <span class='ocrx_word' id='word_1_743' title='bbox 761 5659 930 5715; x_wconf 90' lang='lat' dir='ltr'><strong>oculis</strong></span> <span class='ocrx_word' id='word_1_744' title='bbox 985 5661 1094 5716; x_wconf 91' lang='lat' dir='ltr'><strong>suis</strong></span> <span class='ocrx_word' id='word_1_745' title='bbox 1145 5660 1372 5715; x_wconf 88' lang='lat' dir='ltr'><strong>humiles</strong></span> <span class='ocrx_word' id='word_1_746' title='bbox 1419 5671 1540 5717; x_wconf 90' lang='lat' dir='ltr'><strong>sunt</strong></span> <span class='ocrx_word' id='word_1_747' title='bbox 1591 5671 1642 5717; x_wconf 92' lang='lat' dir='ltr'><strong>et</strong></span> <span class='ocrx_word' id='word_1_748' title='bbox 1687 5662 1951 5733; x_wconf 90' lang='lat' dir='ltr'><strong>despecti,</strong></span> 
     </span>
    </p>
   </div>
   <div class='ocr_carea' id='block_1_89' title="bbox 382 5749 1954 5821">
    <p class='ocr_par' dir='ltr' id='par_1_89' title="bbox 382 5749 1954 5821">
     <span class='ocr_line' id='line_1_89' title="bbox 382 5749 1954 5821; baseline 0.001 -15"><span class='ocrx_word' id='word_1_749' title='bbox 382 5749 454 5806; x_wconf 87' lang='lat' dir='ltr'><strong>de</strong></span> <span class='ocrx_word' id='word_1_750' title='bbox 483 5751 673 5820; x_wconf 91' lang='lat' dir='ltr'><strong>quibus</strong></span> <span class='ocrx_word' id='word_1_751' title='bbox 700 5750 940 5806; x_wconf 86' lang='lat' dir='ltr'><strong>Salvator</strong></span> <span class='ocrx_word' id='word_1_752' title='bbox 981 5752 1057 5805; x_wconf 89' lang='lat' dir='ltr'><strong>ait</strong></span> <span class='ocrx_word' id='word_1_753' title='bbox 1100 5751 1153 5806; x_wconf 90' lang='lat' dir='ltr'><strong>in</strong></span> <span class='ocrx_word' id='word_1_754' title='bbox 1185 5753 1512 5821; x_wconf 81' lang='lat' dir='ltr'><strong>Evangelia:</strong></span> <span class='ocrx_word' id='word_1_755' title='bbox 1547 5752 1720 5807; x_wconf 85' lang='lat' dir='ltr'><strong>Nolite</strong></span> <span class='ocrx_word' id='word_1_756' title='bbox 1759 5753 1954 5821; x_wconf 89' lang='lat' dir='ltr'><strong>timere,</strong></span> 
     </span>
    </p>
   </div>
   <div class='ocr_carea' id='block_1_90' title="bbox 383 5843 1955 5917">
    <p class='ocr_par' dir='ltr' id='par_1_90' title="bbox 383 5843 1955 5917">
     <span class='ocr_line' id='line_1_90' title="bbox 383 5843 1955 5917; baseline 0.003 -19"><span class='ocrx_word' id='word_1_757' title='bbox 383 5843 599 5911; x_wconf 78' lang='lat' dir='ltr'><strong>pusillus</strong></span> <span class='ocrx_word' id='word_1_758' title='bbox 626 5859 768 5914; x_wconf 69' lang='lat' dir='ltr'><strong>grex,</strong></span> <span class='ocrx_word' id='word_1_759' title='bbox 797 5844 920 5917; x_wconf 89' lang='lat' dir='ltr'><strong>quia</strong></span> <span class='ocrx_word' id='word_1_760' title='bbox 960 5847 1268 5917; x_wconf 85' lang='lat' dir='ltr'><strong>complacuit</strong></span> <span class='ocrx_word' id='word_1_761' title='bbox 1305 5843 1453 5901; x_wconf 87' lang='lat' dir='ltr'><strong>Patri</strong></span> <span class='ocrx_word' id='word_1_762' title='bbox 1481 5855 1641 5904; x_wconf 84' lang='lat' dir='ltr'><strong>vestro</strong></span> <span class='ocrx_word' id='word_1_763' title='bbox 1669 5846 1794 5903; x_wconf 87' lang='lat' dir='ltr'><strong>dare</strong></span> <span class='ocrx_word' id='word_1_764' title='bbox 1817 5847 1955 5904; x_wconf 78' lang='lat' dir='ltr'><strong>vobis</strong></span> 
     </span>
    </p>
   </div>
   <div class='ocr_carea' id='block_1_91' title="bbox 2051 3357 3624 3429">
    <p class='ocr_par' dir='ltr' id='par_1_91' title="bbox 2051 3357 3624 3429">
     <span class='ocr_line' id='line_1_91' title="bbox 2051 3357 3624 3429; baseline 0.003 -18"><span class='ocrx_word' id='word_1_765' title='bbox 2051 3373 2143 3426; x_wconf 88' lang='lat' dir='ltr'><strong>ego</strong></span> <span class='ocrx_word' id='word_1_766' title='bbox 2190 3357 2350 3411; x_wconf 83' lang='lat' dir='ltr'><strong>obtuli</strong></span> <span class='ocrx_word' id='word_1_767' title='bbox 2406 3358 2655 3412; x_wconf 88' lang='lat' dir='ltr'><strong>orationes</strong></span> <span class='ocrx_word' id='word_1_768' title='bbox 2711 3367 2824 3412; x_wconf 87' lang='lat' dir='ltr'><strong>tuas</strong></span> <span class='ocrx_word' id='word_1_769' title='bbox 2867 3367 2984 3412; x_wconf 88' lang='lat' dir='ltr'><strong>ante</strong></span> <span class='ocrx_word' id='word_1_770' title='bbox 3039 3357 3202 3412; x_wconf 87' lang='lat' dir='ltr'><strong>Deum</strong></span> <span class='ocrx_word' id='word_1_771' title='bbox 3229 3358 3525 3429; x_wconf 81' lang='lat' dir='ltr'><strong>(Tob.xu).</strong></span> <span class='ocrx_word' id='word_1_772' title='bbox 3559 3361 3624 3415; x_wconf 82' lang='lat' dir='ltr'><strong>Et</strong></span> 
     </span>
    </p>
   </div>
   <div class='ocr_carea' id='block_1_92' title="bbox 2050 3451 3622 3526">
    <p class='ocr_par' dir='ltr' id='par_1_92' title="bbox 2050 3451 3622 3526">
     <span class='ocr_line' id='line_1_92' title="bbox 2050 3451 3622 3526; baseline 0.001 -19"><span class='ocrx_word' id='word_1_773' title='bbox 2050 3451 2234 3508; x_wconf 86' lang='lat' dir='ltr'><strong>Daniel</strong></span> <span class='ocrx_word' id='word_1_774' title='bbox 2255 3468 2271 3507; x_wconf 92' lang='lat'><strong>:</strong></span> <span class='ocrx_word' id='word_1_775' title='bbox 2296 3451 2384 3506; x_wconf 78' lang='lat' dir='ltr'><strong>Ea:</strong></span> <span class='ocrx_word' id='word_1_776' title='bbox 2407 3453 2487 3506; x_wconf 89' lang='lat' dir='ltr'><strong>die</strong></span> <span class='ocrx_word' id='word_1_777' title='bbox 2507 3469 2607 3521; x_wconf 87' lang='lat' dir='ltr'><strong>qua</strong></span> <span class='ocrx_word' id='word_1_778' title='bbox 2626 3451 2839 3523; x_wconf 87' lang='lat' dir='ltr'><strong>posuisti</strong></span> <span class='ocrx_word' id='word_1_779' title='bbox 2864 3469 2950 3506; x_wconf 92' lang='lat' dir='ltr'><strong>cor</strong></span> <span class='ocrx_word' id='word_1_780' title='bbox 2971 3461 3110 3507; x_wconf 90' lang='lat' dir='ltr'><strong>tuum</strong></span> <span class='ocrx_word' id='word_1_781' title='bbox 3129 3453 3197 3507; x_wconf 90' lang='lat' dir='ltr'><strong>ad</strong></span> <span class='ocrx_word' id='word_1_782' title='bbox 3215 3452 3622 3526; x_wconf 86' lang='lat' dir='ltr'><strong>intelligendum,</strong></span> 
     </span>
    </p>
   </div>
   <div class='ocr_carea' id='block_1_93' title="bbox 2049 3547 3627 3618">
    <p class='ocr_par' dir='ltr' id='par_1_93' title="bbox 2049 3547 3627 3618">
     <span class='ocr_line' id='line_1_93' title="bbox 2049 3547 3627 3618; baseline 0.001 -16"><span class='ocrx_word' id='word_1_783' title='bbox 2049 3555 2107 3602; x_wconf 89' lang='lat' dir='ltr'><strong>ut</strong></span> <span class='ocrx_word' id='word_1_784' title='bbox 2142 3555 2189 3601; x_wconf 92' lang='lat' dir='ltr'><strong>te</strong></span> <span class='ocrx_word' id='word_1_785' title='bbox 2216 3547 2457 3617; x_wconf 75' lang='lat' dir='ltr'><strong>aﬂligeres</strong></span> <span class='ocrx_word' id='word_1_786' title='bbox 2485 3548 2537 3601; x_wconf 90' lang='lat' dir='ltr'><strong>in</strong></span> <span class='ocrx_word' id='word_1_787' title='bbox 2574 3557 2845 3618; x_wconf 87' lang='lat' dir='ltr'><strong>conspectu</strong></span> <span class='ocrx_word' id='word_1_788' title='bbox 2890 3547 3006 3615; x_wconf 88' lang='lat' dir='ltr'><strong>Dei,</strong></span> <span class='ocrx_word' id='word_1_789' title='bbox 3035 3550 3280 3604; x_wconf 77' lang='lat' dir='ltr'><strong>exaudita</strong></span> <span class='ocrx_word' id='word_1_790' title='bbox 3321 3557 3439 3604; x_wconf 86' lang='lat' dir='ltr'><strong>sunt</strong></span> <span class='ocrx_word' id='word_1_791' title='bbox 3478 3550 3627 3604; x_wconf 75' lang='lat' dir='ltr'><strong>verba</strong></span> 
     </span>
    </p>
   </div>
   <div class='ocr_carea' id='block_1_94' title="bbox 2050 3639 3625 3712">
    <p class='ocr_par' dir='ltr' id='par_1_94' title="bbox 2050 3639 3625 3712">
     <span class='ocr_line' id='line_1_94' title="bbox 2050 3639 3625 3712; baseline 0 -17"><span class='ocrx_word' id='word_1_792' title='bbox 2050 3649 2157 3706; x_wconf 74' lang='lat' dir='ltr'><strong>tua,</strong></span> <span class='ocrx_word' id='word_1_793' title='bbox 2185 3650 2231 3694; x_wconf 93' lang='lat' dir='ltr'><strong>et</strong></span> <span class='ocrx_word' id='word_1_794' title='bbox 2278 3656 2369 3711; x_wconf 90' lang='lat' dir='ltr'><strong>ego</strong></span> <span class='ocrx_word' id='word_1_795' title='bbox 2413 3642 2524 3694; x_wconf 83' lang='lat' dir='ltr'><strong>ueni</strong></span> <span class='ocrx_word' id='word_1_796' title='bbox 2563 3650 2767 3711; x_wconf 85' lang='lat' dir='ltr'><strong>propter</strong></span> <span class='ocrx_word' id='word_1_797' title='bbox 2796 3657 3048 3696; x_wconf 87' lang='lat' dir='ltr'><strong>sermones</strong></span> <span class='ocrx_word' id='word_1_798' title='bbox 3083 3651 3196 3697; x_wconf 90' lang='lat' dir='ltr'><strong>tuos</strong></span> <span class='ocrx_word' id='word_1_799' title='bbox 3225 3642 3390 3711; x_wconf 87' lang='lat' dir='ltr'><strong>(Dan.</strong></span> <span class='ocrx_word' id='word_1_800' title='bbox 3420 3641 3500 3712; x_wconf 71' lang='grc' dir='ltr'><strong>ι).</strong></span> <span class='ocrx_word' id='word_1_801' title='bbox 3544 3639 3625 3695; x_wconf 85' lang='grc' dir='ltr'><strong>Τιι</strong></span> 
     </span>
    </p>
   </div>
   <div class='ocr_carea' id='block_1_95' title="bbox 2051 3731 2502 3798">
    <p class='ocr_par' dir='ltr' id='par_1_95' title="bbox 2051 3731 2502 3798">
     <span class='ocr_line' id='line_1_95' title="bbox 2051 3731 2502 3798; baseline -0.002 -12"><span class='ocrx_word' id='word_1_802' title='bbox 2051 3740 2252 3798; x_wconf 89' lang='lat' dir='ltr'><strong>autem,</strong></span> <span class='ocrx_word' id='word_1_803' title='bbox 2281 3731 2502 3785; x_wconf 89' lang='lat' dir='ltr'><strong>Domine</strong></span> 
     </span>
    </p>
   </div>
   <div class='ocr_carea' id='block_1_96' title="bbox 2608 3820 3057 3877">
    <p class='ocr_par' dir='ltr' id='par_1_96' title="bbox 2608 3820 3057 3877">
     <span class='ocr_line' id='line_1_96' title="bbox 2608 3820 3057 3877; baseline 0.004 -2"><span class='ocrx_word' id='word_1_804' title='bbox 2608 3820 2888 3876; x_wconf 81' lang='lat' dir='ltr'><strong>HOMILIA</strong></span> <span class='ocrx_word' id='word_1_805' title='bbox 2924 3821 3057 3877; x_wconf 86' lang='lat' dir='ltr'><strong>LIX.</strong></span> 
     </span>
    </p>
   </div>
   <div class='ocr_carea' id='block_1_97' title="bbox 2272 3925 3402 3969">
    <p class='ocr_par' dir='ltr' id='par_1_97' title="bbox 2272 3925 3402 3969">
     <span class='ocr_line' id='line_1_97' title="bbox 2272 3925 3402 3969; baseline 0.004 -4"><span class='ocrx_word' id='word_1_806' title='bbox 2272 3925 2326 3965; x_wconf 78' lang='lat' dir='ltr'><strong>IN</strong></span> <span class='ocrx_word' id='word_1_807' title='bbox 2363 3926 2555 3967; x_wconf 76' lang='grc' dir='ltr'><strong>ΝΑτΔιΙ</strong></span> <span class='ocrx_word' id='word_1_808' title='bbox 2596 3927 2778 3967; x_wconf 76' lang='lat' dir='ltr'><strong>SANC&#39;I&#39;I</strong></span> <span class='ocrx_word' id='word_1_809' title='bbox 2819 3928 2970 3969; x_wconf 71' lang='lat' dir='ltr'><strong>LUC£</strong></span> <span class='ocrx_word' id='word_1_810' title='bbox 3008 3927 3402 3969; x_wconf 68' lang='grc' dir='ltr'><strong>ΕνΑΝςιιιιετιε.</strong></span> 
     </span>
    </p>
   </div>
   <div class='ocr_carea' id='block_1_98' title="bbox 2123 3999 3626 4072">
    <p class='ocr_par' dir='ltr' id='par_1_98' title="bbox 2123 3999 3626 4072">
     <span class='ocr_line' id='line_1_98' title="bbox 2123 3999 3626 4072; baseline 0.005 -16"><span class='ocrx_word' id='word_1_811' title='bbox 2123 3999 2253 4056; x_wconf 92' lang='lat' dir='ltr'><strong>Cum</strong></span> <span class='ocrx_word' id='word_1_812' title='bbox 2283 4002 2335 4056; x_wconf 90' lang='lat' dir='ltr'><strong>in</strong></span> <span class='ocrx_word' id='word_1_813' title='bbox 2364 4001 2555 4058; x_wconf 88' lang='lat' dir='ltr'><strong>divinis</strong></span> <span class='ocrx_word' id='word_1_814' title='bbox 2583 4010 2743 4072; x_wconf 90' lang='lat' dir='ltr'><strong>atque</strong></span> <span class='ocrx_word' id='word_1_815' title='bbox 2789 4005 2956 4060; x_wconf 90' lang='lat' dir='ltr'><strong>sacris</strong></span> <span class='ocrx_word' id='word_1_816' title='bbox 3002 4004 3362 4060; x_wconf 88' lang='lat' dir='ltr'><strong>voluminibus</strong></span> <span class='ocrx_word' id='word_1_817' title='bbox 3388 4005 3626 4064; x_wconf 88' lang='lat' dir='ltr'><strong>studiose</strong></span> 
     </span>
    </p>
   </div>
   <div class='ocr_carea' id='block_1_99' title="bbox 2051 4092 3626 4166">
    <p class='ocr_par' dir='ltr' id='par_1_99' title="bbox 2051 4092 3626 4166">
     <span class='ocr_line' id='line_1_99' title="bbox 2051 4092 3626 4166; baseline 0.004 -20"><span class='ocrx_word' id='word_1_818' title='bbox 2051 4092 2341 4147; x_wconf 90' lang='lat' dir='ltr'><strong>lectitando</strong></span> <span class='ocrx_word' id='word_1_819' title='bbox 2383 4095 2744 4163; x_wconf 89' lang='lat' dir='ltr'><strong>perquirerem</strong></span> <span class='ocrx_word' id='word_1_820' title='bbox 2772 4140 2786 4165; x_wconf 92' lang='lat'><strong>,</strong></span> <span class='ocrx_word' id='word_1_821' title='bbox 2818 4111 2884 4151; x_wconf 77' lang='lat' dir='ltr'><strong>ex</strong></span> <span class='ocrx_word' id='word_1_822' title='bbox 2930 4111 3032 4166; x_wconf 91' lang='lat' dir='ltr'><strong>qua</strong></span> <span class='ocrx_word' id='word_1_823' title='bbox 3080 4104 3232 4152; x_wconf 90' lang='lat' dir='ltr'><strong>ortus</strong></span> <span class='ocrx_word' id='word_1_824' title='bbox 3281 4097 3556 4166; x_wconf 89' lang='lat' dir='ltr'><strong>prosapia,</strong></span> <span class='ocrx_word' id='word_1_825' title='bbox 3595 4113 3626 4153; x_wconf 87' lang='lat' dir='ltr'><strong>a</strong></span> 
     </span>
    </p>
   </div>
   <div class='ocr_carea' id='block_1_100' title="bbox 2053 4187 3625 4260">
    <p class='ocr_par' dir='ltr' id='par_1_100' title="bbox 2053 4187 3625 4260">
     <span class='ocr_line' id='line_1_100' title="bbox 2053 4187 3625 4260; baseline 0.003 -20"><span class='ocrx_word' id='word_1_826' title='bbox 2053 4187 2242 4255; x_wconf 88' lang='lat' dir='ltr'><strong>quibus</strong></span> <span class='ocrx_word' id='word_1_827' title='bbox 2286 4187 2614 4256; x_wconf 89' lang='lat' dir='ltr'><strong>instructus,</strong></span> <span class='ocrx_word' id='word_1_828' title='bbox 2645 4203 2883 4259; x_wconf 88' lang='lat' dir='ltr'><strong>quosque</strong></span> <span class='ocrx_word' id='word_1_829' title='bbox 2929 4189 3165 4244; x_wconf 89' lang='lat' dir='ltr'><strong>imitatus</strong></span> <span class='ocrx_word' id='word_1_830' title='bbox 3203 4190 3272 4244; x_wconf 90' lang='lat' dir='ltr'><strong>sit</strong></span> <span class='ocrx_word' id='word_1_831' title='bbox 3312 4190 3479 4256; x_wconf 91' lang='lat' dir='ltr'><strong>viros,</strong></span> <span class='ocrx_word' id='word_1_832' title='bbox 3509 4190 3625 4260; x_wconf 74' lang='lat' dir='ltr'><strong>qui—</strong></span> 
     </span>
    </p>
   </div>
   <div class='ocr_carea' id='block_1_101' title="bbox 2050 4277 3617 4349">
    <p class='ocr_par' dir='ltr' id='par_1_101' title="bbox 2050 4277 3617 4349">
     <span class='ocr_line' id='line_1_101' title="bbox 2050 4277 3617 4349; baseline 0.002 -17"><span class='ocrx_word' id='word_1_833' title='bbox 2050 4278 2219 4332; x_wconf 90' lang='lat' dir='ltr'><strong>busve</strong></span> <span class='ocrx_word' id='word_1_834' title='bbox 2273 4277 2328 4332; x_wconf 93' lang='lat' dir='ltr'><strong>in</strong></span> <span class='ocrx_word' id='word_1_835' title='bbox 2380 4279 2620 4346; x_wconf 87' lang='lat' dir='ltr'><strong>partibus</strong></span> <span class='ocrx_word' id='word_1_836' title='bbox 2676 4278 3014 4334; x_wconf 88' lang='lat' dir='ltr'><strong>beatissimus</strong></span> <span class='ocrx_word' id='word_1_837' title='bbox 3074 4280 3244 4334; x_wconf 88' lang='lat' dir='ltr'><strong>Lucas</strong></span> <span class='ocrx_word' id='word_1_838' title='bbox 3295 4280 3617 4349; x_wconf 86' lang='lat' dir='ltr'><strong>evangelista</strong></span> 
     </span>
    </p>
   </div>
   <div class='ocr_carea' id='block_1_102' title="bbox 2051 4369 3624 4440">
    <p class='ocr_par' dir='ltr' id='par_1_102' title="bbox 2051 4369 3624 4440">
     <span class='ocr_line' id='line_1_102' title="bbox 2051 4369 3624 4440; baseline 0.003 -16"><span class='ocrx_word' id='word_1_839' title='bbox 2051 4369 2322 4440; x_wconf 89' lang='lat' dir='ltr'><strong>scripserit</strong></span> <span class='ocrx_word' id='word_1_840' title='bbox 2353 4378 2512 4439; x_wconf 88' lang='lat' dir='ltr'><strong>atque</strong></span> <span class='ocrx_word' id='word_1_841' title='bbox 2546 4370 2804 4436; x_wconf 85' lang='lat' dir='ltr'><strong>docuerit,</strong></span> <span class='ocrx_word' id='word_1_842' title='bbox 2837 4386 3012 4439; x_wconf 89' lang='lat' dir='ltr'><strong>quove</strong></span> <span class='ocrx_word' id='word_1_843' title='bbox 3055 4372 3378 4440; x_wconf 89' lang='lat' dir='ltr'><strong>pausaverit,</strong></span> <span class='ocrx_word' id='word_1_844' title='bbox 3402 4371 3624 4440; x_wconf 85' lang='lat' dir='ltr'><strong>ejusque</strong></span> 
     </span>
    </p>
   </div>
   <div class='ocr_carea' id='block_1_103' title="bbox 2051 4463 3622 4534">
    <p class='ocr_par' dir='ltr' id='par_1_103' title="bbox 2051 4463 3622 4534">
     <span class='ocr_line' id='line_1_103' title="bbox 2051 4463 3622 4534; baseline -0.001 -16"><span class='ocrx_word' id='word_1_845' title='bbox 2051 4478 2260 4519; x_wconf 87' lang='lat' dir='ltr'><strong>sacrum</strong></span> <span class='ocrx_word' id='word_1_846' title='bbox 2291 4465 2622 4534; x_wconf 90' lang='lat' dir='ltr'><strong>deportatum</strong></span> <span class='ocrx_word' id='word_1_847' title='bbox 2670 4463 2831 4519; x_wconf 89' lang='lat' dir='ltr'><strong>fuerit</strong></span> <span class='ocrx_word' id='word_1_848' title='bbox 2870 4464 3101 4519; x_wconf 90' lang='lat' dir='ltr'><strong>cadaver</strong></span> <span class='ocrx_word' id='word_1_849' title='bbox 3129 4463 3266 4530; x_wconf 90' lang='lat' dir='ltr'><strong>loco,</strong></span> <span class='ocrx_word' id='word_1_850' title='bbox 3299 4464 3354 4520; x_wconf 92' lang='lat' dir='ltr'><strong>in</strong></span> <span class='ocrx_word' id='word_1_851' title='bbox 3397 4463 3622 4532; x_wconf 85' lang='lat' dir='ltr'><strong>singulis</strong></span> 
     </span>
    </p>
   </div>
   <div class='ocr_carea' id='block_1_104' title="bbox 2053 4557 3625 4630">
    <p class='ocr_par' dir='ltr' id='par_1_104' title="bbox 2053 4557 3625 4630">
     <span class='ocr_line' id='line_1_104' title="bbox 2053 4557 3625 4630; baseline -0.003 -14"><span class='ocrx_word' id='word_1_852' title='bbox 2053 4561 2260 4629; x_wconf 84' lang='lat' dir='ltr'><strong>singula</strong></span> <span class='ocrx_word' id='word_1_853' title='bbox 2288 4560 2499 4630; x_wconf 89' lang='lat' dir='ltr'><strong>reperi;</strong></span> <span class='ocrx_word' id='word_1_854' title='bbox 2529 4566 2583 4614; x_wconf 91' lang='lat' dir='ltr'><strong>et</strong></span> <span class='ocrx_word' id='word_1_855' title='bbox 2626 4567 2747 4626; x_wconf 88' lang='lat' dir='ltr'><strong>post</strong></span> <span class='ocrx_word' id='word_1_856' title='bbox 2779 4573 2943 4627; x_wconf 89' lang='lat' dir='ltr'><strong>pauca</strong></span> <span class='ocrx_word' id='word_1_857' title='bbox 2985 4557 3054 4612; x_wconf 87' lang='lat' dir='ltr'><strong>de</strong></span> <span class='ocrx_word' id='word_1_858' title='bbox 3085 4557 3324 4627; x_wconf 89' lang='lat' dir='ltr'><strong>pluribus</strong></span> <span class='ocrx_word' id='word_1_859' title='bbox 3375 4570 3625 4626; x_wconf 88' lang='lat' dir='ltr'><strong>carpens,</strong></span> 
     </span>
    </p>
   </div>
   <div class='ocr_carea' id='block_1_105' title="bbox 2057 4652 3623 4726">
    <p class='ocr_par' dir='ltr' id='par_1_105' title="bbox 2057 4652 3623 4726">
     <span class='ocr_line' id='line_1_105' title="bbox 2057 4652 3623 4726; baseline -0.001 -16"><span class='ocrx_word' id='word_1_860' title='bbox 2057 4664 2212 4726; x_wconf 91' lang='lat' dir='ltr'><strong>prout</strong></span> <span class='ocrx_word' id='word_1_861' title='bbox 2241 4671 2400 4711; x_wconf 91' lang='lat' dir='ltr'><strong>sensu</strong></span> <span class='ocrx_word' id='word_1_862' title='bbox 2442 4669 2633 4723; x_wconf 88' lang='lat' dir='ltr'><strong>capere</strong></span> <span class='ocrx_word' id='word_1_863' title='bbox 2660 4654 2804 4724; x_wconf 91' lang='lat' dir='ltr'><strong>potui</strong></span> <span class='ocrx_word' id='word_1_864' title='bbox 2836 4652 3085 4724; x_wconf 87' lang='lat' dir='ltr'><strong>ingenioli</strong></span> <span class='ocrx_word' id='word_1_865' title='bbox 3117 4654 3244 4721; x_wconf 89' lang='lat' dir='ltr'><strong>mei,</strong></span> <span class='ocrx_word' id='word_1_866' title='bbox 3267 4654 3456 4724; x_wconf 89' lang='lat' dir='ltr'><strong>partim</strong></span> <span class='ocrx_word' id='word_1_867' title='bbox 3482 4655 3623 4725; x_wconf 89' lang='lat' dir='ltr'><strong>stylo</strong></span> 
     </span>
    </p>
   </div>
   <div class='ocr_carea' id='block_1_106' title="bbox 1995 4746 3626 4825">
    <p class='ocr_par' dir='ltr' id='par_1_106' title="bbox 1995 4746 3626 4825">
     <span class='ocr_line' id='line_1_106' title="bbox 1995 4746 3626 4825; baseline -0.002 -22"><span class='ocrx_word' id='word_1_868' title='bbox 1995 4820 2000 4825; x_wconf 86' lang='lat'><strong>_</strong></span> <span class='ocrx_word' id='word_1_869' title='bbox 2053 4750 2268 4818; x_wconf 89' lang='lat' dir='ltr'><strong>preprio</strong></span> <span class='ocrx_word' id='word_1_870' title='bbox 2299 4747 2568 4817; x_wconf 84' lang='lat' dir='ltr'><strong>explicare</strong></span> <span class='ocrx_word' id='word_1_871' title='bbox 2608 4755 2831 4803; x_wconf 89' lang='lat' dir='ltr'><strong>conatus</strong></span> <span class='ocrx_word' id='word_1_872' title='bbox 2876 4762 3014 4814; x_wconf 92' lang='lat' dir='ltr'><strong>sum,</strong></span> <span class='ocrx_word' id='word_1_873' title='bbox 3046 4747 3237 4817; x_wconf 90' lang='lat' dir='ltr'><strong>partim</strong></span> <span class='ocrx_word' id='word_1_874' title='bbox 3283 4755 3459 4801; x_wconf 89' lang='lat' dir='ltr'><strong>autem</strong></span> <span class='ocrx_word' id='word_1_875' title='bbox 3488 4746 3626 4800; x_wconf 88' lang='lat' dir='ltr'><strong>sicut</strong></span> 
     </span>
    </p>
   </div>
   <div class='ocr_carea' id='block_1_107' title="bbox 2055 4841 3620 4916">
    <p class='ocr_par' dir='ltr' id='par_1_107' title="bbox 2055 4841 3620 4916">
     <span class='ocr_line' id='line_1_107' title="bbox 2055 4841 3620 4916; baseline -0.003 -20"><span class='ocrx_word' id='word_1_876' title='bbox 2055 4858 2083 4896; x_wconf 91' lang='lat' dir='ltr'><strong>a</strong></span> <span class='ocrx_word' id='word_1_877' title='bbox 2111 4841 2427 4912; x_wconf 91' lang='lat' dir='ltr'><strong>quibusdam</strong></span> <span class='ocrx_word' id='word_1_878' title='bbox 2455 4842 2629 4911; x_wconf 90' lang='lat' dir='ltr'><strong>reperi</strong></span> <span class='ocrx_word' id='word_1_879' title='bbox 2674 4841 2869 4910; x_wconf 87' lang='lat' dir='ltr'><strong>scripta</strong></span> <span class='ocrx_word' id='word_1_880' title='bbox 2909 4841 3218 4916; x_wconf 78' lang='lat' dir='ltr'><strong>doctoribus</strong></span> <span class='ocrx_word' id='word_1_881' title='bbox 3246 4853 3493 4902; x_wconf 80' lang='lat' dir='ltr'><strong>exarans,</strong></span> <span class='ocrx_word' id='word_1_882' title='bbox 3524 4853 3620 4892; x_wconf 88' lang='lat' dir='ltr'><strong>ve-</strong></span> 
     </span>
    </p>
   </div>
   <div class='ocr_carea' id='block_1_108' title="bbox 2055 4931 3626 5001">
    <p class='ocr_par' dir='ltr' id='par_1_108' title="bbox 2055 4931 3626 5001">
     <span class='ocr_line' id='line_1_108' title="bbox 2055 4931 3626 5001; baseline -0.001 -12"><span class='ocrx_word' id='word_1_883' title='bbox 2055 4943 2180 4990; x_wconf 69' lang='lat' dir='ltr'><strong>strae</strong></span> <span class='ocrx_word' id='word_1_884' title='bbox 2211 4934 2427 4989; x_wconf 87' lang='lat' dir='ltr'><strong>intentis</strong></span> <span class='ocrx_word' id='word_1_885' title='bbox 2477 4934 2751 4990; x_wconf 87' lang='lat' dir='ltr'><strong>charitatis</strong></span> <span class='ocrx_word' id='word_1_886' title='bbox 2800 4935 3019 4989; x_wconf 88' lang='lat' dir='ltr'><strong>auribus</strong></span> <span class='ocrx_word' id='word_1_887' title='bbox 3065 4941 3247 4989; x_wconf 90' lang='lat' dir='ltr'><strong>noster</strong></span> <span class='ocrx_word' id='word_1_888' title='bbox 3293 4931 3626 5001; x_wconf 84' lang='lat' dir='ltr'><strong>subsequens</strong></span> 
     </span>
    </p>
   </div>
   <div class='ocr_carea' id='block_1_109' title="bbox 2055 5023 3624 5097">
    <p class='ocr_par' dir='ltr' id='par_1_109' title="bbox 2055 5023 3624 5097">
     <span class='ocr_line' id='line_1_109' title="bbox 2055 5023 3624 5097; baseline -0.003 -15"><span class='ocrx_word' id='word_1_889' title='bbox 2055 5040 2232 5082; x_wconf 84' lang='lat' dir='ltr'><strong>sermo</strong></span> <span class='ocrx_word' id='word_1_890' title='bbox 2260 5027 2574 5083; x_wconf 89' lang='lat' dir='ltr'><strong>declarabit.</strong></span> <span class='ocrx_word' id='word_1_891' title='bbox 2624 5027 2786 5097; x_wconf 86' lang='lat' dir='ltr'><strong>Igitur</strong></span> <span class='ocrx_word' id='word_1_892' title='bbox 2830 5026 3242 5097; x_wconf 83' lang='lat' dir='ltr'><strong>gloriosissimus</strong></span> <span class='ocrx_word' id='word_1_893' title='bbox 3271 5023 3545 5094; x_wconf 91' lang='lat' dir='ltr'><strong>apostolus</strong></span> <span class='ocrx_word' id='word_1_894' title='bbox 3566 5031 3624 5079; x_wconf 86' lang='lat' dir='ltr'><strong>et</strong></span> 
     </span>
    </p>
   </div>
   <div class='ocr_carea' id='block_1_110' title="bbox 2055 5116 3619 5190">
    <p class='ocr_par' dir='ltr' id='par_1_110' title="bbox 2055 5116 3619 5190">
     <span class='ocr_line' id='line_1_110' title="bbox 2055 5116 3619 5190; baseline -0.003 -15"><span class='ocrx_word' id='word_1_895' title='bbox 2055 5121 2374 5190; x_wconf 81' lang='lat' dir='ltr'><strong>evangelista</strong></span> <span class='ocrx_word' id='word_1_896' title='bbox 2424 5118 2548 5175; x_wconf 83' lang='lat' dir='ltr'><strong>Jesu</strong></span> <span class='ocrx_word' id='word_1_897' title='bbox 2594 5117 2789 5173; x_wconf 89' lang='lat' dir='ltr'><strong>Christi</strong></span> <span class='ocrx_word' id='word_1_898' title='bbox 2832 5119 3020 5184; x_wconf 88' lang='lat' dir='ltr'><strong>Lucas,</strong></span> <span class='ocrx_word' id='word_1_899' title='bbox 3051 5117 3266 5172; x_wconf 89' lang='lat' dir='ltr'><strong>natione</strong></span> <span class='ocrx_word' id='word_1_900' title='bbox 3314 5117 3482 5187; x_wconf 83' lang='lat' dir='ltr'><strong>Syrus</strong></span> <span class='ocrx_word' id='word_1_901' title='bbox 3511 5116 3619 5171; x_wconf 84' lang='lat' dir='ltr'><strong>An-</strong></span> 
     </span>
    </p>
   </div>
   <div class='ocr_carea' id='block_1_111' title="bbox 2056 5205 3622 5279">
    <p class='ocr_par' dir='ltr' id='par_1_111' title="bbox 2056 5205 3622 5279">
     <span class='ocr_line' id='line_1_111' title="bbox 2056 5205 3622 5279; baseline -0.004 -13"><span class='ocrx_word' id='word_1_902' title='bbox 2056 5211 2370 5275; x_wconf 87' lang='lat' dir='ltr'><strong>tiochensis,</strong></span> <span class='ocrx_word' id='word_1_903' title='bbox 2419 5219 2532 5264; x_wconf 89' lang='lat' dir='ltr'><strong>arte</strong></span> <span class='ocrx_word' id='word_1_904' title='bbox 2588 5209 2846 5275; x_wconf 90' lang='lat' dir='ltr'><strong>medicus,</strong></span> <span class='ocrx_word' id='word_1_905' title='bbox 2889 5209 3251 5279; x_wconf 90' lang='lat' dir='ltr'><strong>apostolorum</strong></span> <span class='ocrx_word' id='word_1_906' title='bbox 3301 5205 3622 5276; x_wconf 89' lang='lat' dir='ltr'><strong>discipulus,</strong></span> 
     </span>
    </p>
   </div>
   <div class='ocr_carea' id='block_1_112' title="bbox 2055 5297 3624 5377">
    <p class='ocr_par' dir='ltr' id='par_1_112' title="bbox 2055 5297 3624 5377">
     <span class='ocr_line' id='line_1_112' title="bbox 2055 5297 3624 5377; baseline -0.002 -20"><span class='ocrx_word' id='word_1_907' title='bbox 2055 5303 2317 5357; x_wconf 87' lang='lat' dir='ltr'><strong>almificos</strong></span> <span class='ocrx_word' id='word_1_908' title='bbox 2349 5314 2535 5354; x_wconf 89' lang='lat' dir='ltr'><strong>eorum</strong></span> <span class='ocrx_word' id='word_1_909' title='bbox 2557 5308 2706 5354; x_wconf 90' lang='lat' dir='ltr'><strong>actus</strong></span> <span class='ocrx_word' id='word_1_910' title='bbox 2735 5309 2893 5377; x_wconf 70' lang='lat' dir='ltr'><strong>prout</strong></span> <span class='ocrx_word' id='word_1_911' title='bbox 2920 5301 3074 5367; x_wconf 87' lang='lat' dir='ltr'><strong>vidit,</strong></span> <span class='ocrx_word' id='word_1_912' title='bbox 3107 5299 3283 5354; x_wconf 90' lang='lat' dir='ltr'><strong>lucido</strong></span> <span class='ocrx_word' id='word_1_913' title='bbox 3311 5297 3624 5366; x_wconf 83' lang='lat' dir='ltr'><strong>disertoque</strong></span> 
     </span>
    </p>
   </div>
   <div class='ocr_carea' id='block_1_113' title="bbox 2055 5389 3622 5460">
    <p class='ocr_par' dir='ltr' id='par_1_113' title="bbox 2055 5389 3622 5460">
     <span class='ocr_line' id='line_1_113' title="bbox 2055 5389 3622 5460; baseline -0.001 -13"><span class='ocrx_word' id='word_1_914' title='bbox 2055 5406 2301 5447; x_wconf 89' lang='lat' dir='ltr'><strong>sermone</strong></span> <span class='ocrx_word' id='word_1_915' title='bbox 2332 5398 2666 5460; x_wconf 90' lang='lat' dir='ltr'><strong>prosecutus,</strong></span> <span class='ocrx_word' id='word_1_916' title='bbox 2689 5391 2743 5445; x_wconf 92' lang='lat' dir='ltr'><strong>in</strong></span> <span class='ocrx_word' id='word_1_917' title='bbox 2771 5391 2917 5446; x_wconf 91' lang='lat' dir='ltr'><strong>brevi</strong></span> <span class='ocrx_word' id='word_1_918' title='bbox 2946 5392 3125 5447; x_wconf 90' lang='lat' dir='ltr'><strong>libello</strong></span> <span class='ocrx_word' id='word_1_919' title='bbox 3150 5391 3214 5445; x_wconf 90' lang='lat' dir='ltr'><strong>ad</strong></span> <span class='ocrx_word' id='word_1_920' title='bbox 3243 5389 3622 5446; x_wconf 88' lang='lat' dir='ltr'><strong>eharissimum</strong></span> 
     </span>
    </p>
   </div>
   <div class='ocr_carea' id='block_1_114' title="bbox 2056 5480 3621 5552">
    <p class='ocr_par' dir='ltr' id='par_1_114' title="bbox 2056 5480 3621 5552">
     <span class='ocr_line' id='line_1_114' title="bbox 2056 5480 3621 5552; baseline -0.002 -13"><span class='ocrx_word' id='word_1_921' title='bbox 2056 5481 2269 5552; x_wconf 90' lang='lat' dir='ltr'><strong>scripsit</strong></span> <span class='ocrx_word' id='word_1_922' title='bbox 2316 5480 2692 5550; x_wconf 89' lang='lat' dir='ltr'><strong>Theophilum.</strong></span> <span class='ocrx_word' id='word_1_923' title='bbox 2733 5483 2935 5538; x_wconf 87' lang='lat' dir='ltr'><strong>Deinde</strong></span> <span class='ocrx_word' id='word_1_924' title='bbox 2975 5484 3192 5538; x_wconf 85' lang='lat' dir='ltr'><strong>Paulum</strong></span> <span class='ocrx_word' id='word_1_925' title='bbox 3222 5489 3438 5538; x_wconf 89' lang='lat' dir='ltr'><strong>secutus</strong></span> <span class='ocrx_word' id='word_1_926' title='bbox 3461 5497 3621 5552; x_wconf 87' lang='lat' dir='ltr'><strong>egre-</strong></span> 
     </span>
    </p>
   </div>
   <div class='ocr_carea' id='block_1_115' title="bbox 2060 5573 3625 5647">
    <p class='ocr_par' dir='ltr' id='par_1_115' title="bbox 2060 5573 3625 5647">
     <span class='ocr_line' id='line_1_115' title="bbox 2060 5573 3625 5647; baseline -0.001 -18"><span class='ocrx_word' id='word_1_927' title='bbox 2060 5576 2201 5647; x_wconf 86' lang='lat' dir='ltr'><strong>gium</strong></span> <span class='ocrx_word' id='word_1_928' title='bbox 2214 5573 2484 5628; x_wconf 90' lang='lat' dir='ltr'><strong>doctorem</strong></span> <span class='ocrx_word' id='word_1_929' title='bbox 2500 5573 2732 5643; x_wconf 88' lang='lat' dir='ltr'><strong>gentium</strong></span> <span class='ocrx_word' id='word_1_930' title='bbox 2754 5589 2923 5643; x_wconf 90' lang='lat' dir='ltr'><strong>usque</strong></span> <span class='ocrx_word' id='word_1_931' title='bbox 2934 5575 2997 5629; x_wconf 87' lang='lat' dir='ltr'><strong>ad</strong></span> <span class='ocrx_word' id='word_1_932' title='bbox 3014 5575 3335 5644; x_wconf 89' lang='lat' dir='ltr'><strong>triumphum</strong></span> <span class='ocrx_word' id='word_1_933' title='bbox 3357 5573 3625 5644; x_wconf 87' lang='lat' dir='ltr'><strong>passionis</strong></span> 
     </span>
    </p>
   </div>
   <div class='ocr_carea' id='block_1_116' title="bbox 2061 5664 3624 5736">
    <p class='ocr_par' dir='ltr' id='par_1_116' title="bbox 2061 5664 3624 5736">
     <span class='ocr_line' id='line_1_116' title="bbox 2061 5664 3624 5736; baseline 0 -16"><span class='ocrx_word' id='word_1_934' title='bbox 2061 5665 2195 5734; x_wconf 90' lang='lat' dir='ltr'><strong>ejus,</strong></span> <span class='ocrx_word' id='word_1_935' title='bbox 2225 5679 2381 5736; x_wconf 91' lang='lat' dir='ltr'><strong>quem</strong></span> <span class='ocrx_word' id='word_1_936' title='bbox 2405 5679 2527 5719; x_wconf 91' lang='lat' dir='ltr'><strong>cum</strong></span> <span class='ocrx_word' id='word_1_937' title='bbox 2554 5666 2795 5735; x_wconf 91' lang='lat' dir='ltr'><strong>apostolo</strong></span> <span class='ocrx_word' id='word_1_938' title='bbox 2825 5664 2984 5722; x_wconf 89' lang='lat' dir='ltr'><strong>Petro</strong></span> <span class='ocrx_word' id='word_1_939' title='bbox 3014 5665 3195 5722; x_wconf 75' lang='lat' dir='ltr'><strong>Roma:</strong></span> <span class='ocrx_word' id='word_1_940' title='bbox 3223 5665 3450 5734; x_wconf 80' lang='lat' dir='ltr'><strong>excepit,</strong></span> <span class='ocrx_word' id='word_1_941' title='bbox 3480 5665 3624 5720; x_wconf 85' lang='lat' dir='ltr'><strong>indi-</strong></span> 
     </span>
    </p>
   </div>
   <div class='ocr_carea' id='block_1_117' title="bbox 2060 5755 3626 5827">
    <p class='ocr_par' dir='ltr' id='par_1_117' title="bbox 2060 5755 3626 5827">
     <span class='ocr_line' id='line_1_117' title="bbox 2060 5755 3626 5827; baseline 0 -15"><span class='ocrx_word' id='word_1_942' title='bbox 2060 5756 2250 5812; x_wconf 88' lang='lat' dir='ltr'><strong>viduus</strong></span> <span class='ocrx_word' id='word_1_943' title='bbox 2283 5769 2466 5810; x_wconf 88' lang='lat' dir='ltr'><strong>comes</strong></span> <span class='ocrx_word' id='word_1_944' title='bbox 2516 5755 2954 5827; x_wconf 82' lang='lat' dir='ltr'><strong>peregrinationis</strong></span> <span class='ocrx_word' id='word_1_945' title='bbox 2980 5757 3094 5825; x_wconf 89' lang='lat' dir='ltr'><strong>ejus</strong></span> <span class='ocrx_word' id='word_1_946' title='bbox 3137 5756 3396 5822; x_wconf 79' lang='lat' dir='ltr'><strong>existens,</strong></span> <span class='ocrx_word' id='word_1_947' title='bbox 3426 5755 3626 5826; x_wconf 87' lang='lat' dir='ltr'><strong>ubique</strong></span> 
     </span>
    </p>
   </div>
   <div class='ocr_carea' id='block_1_118' title="bbox 2059 5847 3626 5920">
    <p class='ocr_par' dir='ltr' id='par_1_118' title="bbox 2059 5847 3626 5920">
     <span class='ocr_line' id='line_1_118' title="bbox 2059 5847 3626 5920; baseline -0.001 -16"><span class='ocrx_word' id='word_1_948' title='bbox 2059 5862 2180 5905; x_wconf 89' lang='lat' dir='ltr'><strong>eum</strong></span> <span class='ocrx_word' id='word_1_949' title='bbox 2207 5861 2273 5906; x_wconf 88' lang='lat' dir='ltr'><strong>eo</strong></span> <span class='ocrx_word' id='word_1_950' title='bbox 2314 5847 2627 5919; x_wconf 87' lang='lat' dir='ltr'><strong>permansit.</strong></span> <span class='ocrx_word' id='word_1_951' title='bbox 2665 5847 2830 5920; x_wconf 84' lang='lat' dir='ltr'><strong>Cujus</strong></span> <span class='ocrx_word' id='word_1_952' title='bbox 2874 5849 3140 5920; x_wconf 84' lang='lat' dir='ltr'><strong>praecipue</strong></span> <span class='ocrx_word' id='word_1_953' title='bbox 3182 5847 3626 5919; x_wconf 82' lang='lat' dir='ltr'><strong>peregrinationis</strong></span> 
     </span>
    </p>
   </div>
  </div>
