4096 6346
512 361 645 420 1531

1316 355 1519 415 PAULl
1559 350 1829 413 DlACONl
1866 351 2020 406 OPP.
2059 350 2233 410 PARS
2273 352 2336 411 ll.
2358 375 2435 397 -ι-
2468 349 2819 415 ΑΒΕΕἸῚϐΔ.

3617 359 3759 418 I533

510 490 563 535 ει
589 489 754 531 sacrae
777 474 1031 529 doctrinm
1076 484 1247 541 gesta,
1276 471 1584 529 eorumdem
1631 477 1921 526 annectens
1945 481 2077 539 δρο-
2109 470 2163 531 Α
2184 470 2334 541 gistri
2362 470 2568 542 fuerunt
2611 469 2858 525 sermonis
2888 466 3005 524 Dei.
3049 468 3427 542 lncipiensque
3452 486 3483 528 a
3505 477 3760 532 sacerdo-

513 568 769 624 stolorum
822 566 1023 631 libello,
1052 565 1117 618 ad
1150 565 1356 619 laudem
1402 564 1631 619 nominis
1671 570 1727 617 et
1766 562 2083 618 memoriam

515 661 776 728 ipsorum,
789 669 840 711 et
860 655 1175 723 universalis
1191 656 1444 710 Ecclesiae
1459 654 1872 710 stabilimentum
1889 653 2081 708 texuit.

516 749 754 817 Dumque
796 746 1043 802 eumdem
1090 746 1532 815 gloriosissimum
1578 744 1797 799 Paulum
1830 745 1969 799 idem
1997 758 2088 800 ve-

519 841 775 897 nerabilis
801 838 977 895 Lucas
1008 846 1323 906 sequeretur
1353 837 1405 890 in
1441 837 1681 905 plurimis
1712 848 1869 892 terra:
1899 837 2087 891 maris~

516 946 621 1001 que
650 929 1099 993 tribulationibus,
1120 929 1277 997 digne
1304 929 1370 983 ab
1401 927 1492 983 ille
1514 926 1821 998 hujnsntodi
1850 928 2089 983 testimo-

518 1023 591 1078 nii
615 1021 876 1091 elegantia
906 1022 1098 1077 meruit
1132 1020 1352 1075 laudari.
1388 1020 1478 1075 Sic
1508 1021 1650 1075 enim
1682 1021 2090 1076 Colossensibns

517 1116 756 1173 scribens
784 1116 857 1171 ait
882 1114 947 1171 de
976 1114 1312 1168 eo:Saltttat
1357 1129 1442 1167 vos
1491 1113 1655 1167 Lucas
1697 1112 1922 1167 medicus
1965 1115 2089 1168 cha-

515 1210 747 1263 rissimus
774 1223 910 1263 rusus
937 1208 991 1263 in
1016 1206 1234 1261 Domino
1263 1205 1403 1273 (Col.
1434 1204 1527 1276 tv).
1561 1207 1625 1260 Et
1645 1204 1927 1261 Timotheo
1967 1205 2090 1258 illu-

518 1302 613 1355 stri
640 1300 755 1355 viro
779 1300 1021 1355 scribens
1041 1298 1115 1351 ait
1141 1314 1155 1351 :
1185 1297 1348 1351 Lucas
1369 1299 1509 1351 solus
1532 1312 1727 1351 mecum
1750 1307 1820 1351 est
1845 1296 1926 1367 (ΙΙ
1958 1296 2091 1353 Tim.

521 1394 618 1454 tv).
655 1392 721 1444 Et
747 1393 797 1444 in
829 1389 935 1444 alio
965 1389 1083 1444 loco
1113 1389 1354 1457 epistolae
1378 1402 1488 1442 sum
1519 1389 1592 1442 ait
1619 1388 1685 1442 de
1715 1389 1804 1443 illo
1834 1388 1973 1443 inter
2006 1402 2092 1443 re-

522 1483 661 1551 liqua
690 1481 1043 1549 salutationis,
1078 1481 1328 1537 Ecclesiae
1386 1480 1476 1535 Dei
1528 1495 1647 1549 quas
1696 1489 1777 1534 est
1828 1480 2092 1545 Corinthi,

514 1572 741 1627 misimus
760 1572 907 1627 etiam
932 1572 1142 1640 fratrem
1163 1579 1415 1634 nostrum,
1439 1571 1587 1639 cujus
1607 1570 1725 1624 laus
1755 1579 1827 1623 est
1850 1570 1903 1623 in
1933 1585 2093 1624 evan.

514 1667 642 1738 gelt'o
688 1682 777 1733 per
820 1681 993 1723 omnes
1041 1664 1300 1721 ecclesias.
1345 1661 1470 1717 Non
1513 1663 1679 1717 solum
1705 1672 1897 1726 autem,
1931 1662 2020 1717 sed
2048 1670 2096 1715 et

514 1760 776 1814 ordinatus
804 1766 875 1815 est
904 1760 968 1812 ab
997 1759 1244 1821 ecclesiis,
1267 1772 1433 1811 centes
1459 1756 1882 1825 peregrinationis
1912 1766 2101 1809 nostra

514 1851 603 1920 (Il
632 1852 753 1905 Cor.
783 1852 923 1919 vui).
973 1851 1065 1905 Vir
1102 1851 1244 1904 enim
1292 1854 1375 1918 (ut
1404 1849 1475 1903 ita
1507 1848 1705 1915 dicam)
1735 1848 1971 1901 omnium
2002 1863 2094 1903 ore
2125 1841 2173 1902 Β

516 1942 796 1998 laudabilis
837 1951 920 1996 est
967 1941 1053 1995 hic
1104 1940 1310 1994 Domini
1342 1940 1699 2007 evangelista,
1724 1938 1815 2005 qui
1848 1938 2041 1991 meruit
2068 1954 2095 1993 a

516 2041 663 2091 tanto
688 2033 935 2102 apostolo
962 2043 1016 2087 et
1043 2032 1267 2087 doctore
1291 2031 1523 2099 gentium
1551 2028 1851 2095 praedicari.
1886 2029 2098 2083 Laude-

518 2143 635 2181 mus
662 2141 794 2196 ergo
819 2141 940 2183 eum
960 2141 1078 2180 cum
1114 2125 1230 2193 ipso
1252 2134 1304 2179 et
1330 2138 1429 2177 nos
1455 2124 1672 2190 pariter,
1691 2120 2018 2187 charissimi,
2044 2129 2100 2175 et

460 2226 463 2229 '
517 2234 747 2274 consona
774 2232 926 2283 voce,
958 2217 1121 2272 corde
1163 2227 1217 2270 et
1248 2231 1343 2269 ore
1385 2215 1729 2275 extollamus,
1758 2222 1811 2266 et
1858 2228 2038 2267 verum
2069 2228 2098 2267 a

518 2307 627 2363 Deo
654 2287 875 2362 missurn
915 2306 1185 2361 medicum
1233 2305 1532 2359 animarum
1580 2303 1925 2370 prmtlicemtis
1955 2318 2096 2355 eum.

517 2398 679 2467 Cujus
719 2398 895 2455 omnia
947 2397 1207 2451 doetrinm
1254 2394 1417 2449 verba
1474 2393 1601 2447 nihil
1653 2394 1793 2447 aliud
1850 2406 2101 2446 resonare

518 2491 783 2552 videntur,
808 2490 906 2545 nisi
927 2490 1119 2543 animae
1146 2490 1442 2555 languentis
1471 2485 1816 2541 medicinam.
1843 2485 2097 2551 Propter-

519 2593 581 2639 ea
615 2594 717 2635 non
750 2578 1018 2639 immerito
1046 2580 1144 2633 istc
1177 2581 1285 2635 tale
1319 2580 1539 2631 sortitus
1572 2588 1651 2632 est
1683 2593 1895 2633 nomen.
1930 2578 2101 2632 Lucas

517 2674 732 2741 quidem
758 2672 986 2737 Aiolice,
1014 2672 1066 2726 in
1094 2682 1273 2726 nostra
1302 2682 1480 2729 autem
1512 2672 1686 2741 lingua
1719 2674 2102 2739 interpretatur

524 2780 853 2833 consurgens
896 2766 1011 2821 sive
1057 2767 1294 2821 elevans.
1344 2764 1512 2821 Recte
1557 2766 1733 2835 itaque
1777 2781 2102 2835 consurgens

526 2858 641 2913 sive
679 2862 897 2915 elevans
927 2858 1145 2923 dicitur,
1178 2861 1265 2928 qui
1317 2859 1540 2917 terrenis
1571 2859 1857 2926 despectis,
1884 2875 2004 2914 sese
2034 2859 2101 2914 ad

520 2950 757 3007 coalestia
803 2952 1176 3019 consurgeudo
1219 2952 1470 3017 elevavit,
1491 2962 1544 3007 et
1575 2962 1687 3005 toto
1718 2953 1910 3007 mentis
1937 2967 2099 3006 cona-

523 3042 664 3097 mine
688 3041 825 3097 liber
852 3042 1236 3110 expeditusque
1257 3050 1341 3097 est
1360 3042 1645 3097 Dominum
1678 3052 1912 3097 secutus.
1950 3042 2102 3097 Unde

522 3142 578 3187 et
624 3134 742 3201 ejus
794 3134 1086 3202 praedicante
1122 3135 1466 3202 Evangelinm
1517 3135 1691 3189 adhuc
1738 3134 1789 3188 in
1831 3133 2101 3202 ergastulo

522 3228 764 3295 corporis
811 3237 1065 3290 retentus,
1100 3237 1154 3282 et
1207 3229 1319 3282 suis
1369 3229 1687 3297 sequacibus
1735 3229 1970 3287 scribere
2018 3238 2101 3281 est

523 3322 718 3391 dignus
766 3323 995 3385 habitus,
1030 3324 1333 3393 multosque
1360 3325 1519 3379 etiam
1550 3326 1715 3379 verbo
1755 3340 1864 3379 suae
1914 3325 2102 3389 praedi-

524 3414 748 3473 cationis
783 3415 846 3467 ad
891 3414 1017 3471 lesu
1065 3415 1259 3471 Christi
1303 3416 1512 3471 Domini
1558 3416 1806 3483 perduxit
1853 3417 2029 3470 fidem.
2059 3418 2102 3471 Ο

531 3503 668 3561 Luca
714 3504 1047 3567 sanctissime
1084 3505 1432 3574 evangelista,
1467 3506 1739 3561 Dominica
1770 3517 1927 3575 atque
1960 3508 2101 3567 veri-

528 3596 646 3657 dica
699 3613 987 3665 personatus
1037 3599 1190 3667 longe
1241 3598 1453 3667 lateque
1500 3599 1698 3664 verba,
1727 3599 1880 3669 cujus
1926 3601 2101 3668 fragor

532 3688 753 3744 Eolicis
808 3690 1016 3757 quidem
1077 3691 1301 3757 primum
1358 3691 1609 3744 intonans
1665 3691 1913 3757 auribus,
1948 3702 2101 3762 gyrat

530 3779 820 3848 penetralia
855 3780 1111 3843 cmlorum
1155 3782 1219 3832 ad
1253 3783 1419 3835 instar
1451 3780 1691 3847 tonitrui,
1723 3791 1777 3835 at
1799 3781 2012 3835 demum
2048 3792 2103 3833 ut

530 3869 967 3938 psalmographus
1010 3871 1084 3927 ait
1122 3881 1291 3938 vates,
1323 3886 1427 3924 non
1453 3871 1625 3929 solum
1658 3871 1906 3925 occiduas
1938 3886 2103 3939 usque

528 3962 859 4030 protenditur
891 3970 1208 4029 partes,vox
1236 3962 1381 4017 enini
1413 3964 1681 4019 suavitate
1710 3963 1981 4025 mcllillua,
2008 3962 2100 4015 sed

527 4051 664 4103 etin
705 4051 954 4111 omnibus
1002 4059 1155 4103 terra:
1209 4052 1398 4105 finibus
1446 4056 1738 4121 personuit.
1794 4053 1836 4104 υ
1883 4052 2103 4123 insignis

529 4141 778 4213 praeconii
807 4151 857 4193 et
891 4142 1143 4205 almitatis
1174 4143 1502 4217 evangelica:
1532 4143 1743 4207 lucifer,
1774 4144 1841 4197 ab
1870 4148 2101 4203 orienta-

528 4231 663 4284 libus
694 4231 931 4299 partibus
955 4232 1204 4297 emittcns
1232 4234 1382 4287 nobis
1408 4234 1581 4289 lumen
1617 4235 1756 4297 lidei,
1789 4244 1837 4288 et
1865 4237 2101 4290 caelestis

525 4320 730 4377 itineris
763 4329 1003 4387 patenter
1028 4322 1287 4381 scandere
1324 4322 1624 4377 volentibus
1653 4323 1844 4377 callem
1876 4322 2100 4378 demon-

527 4419 725 4475 strans.
760 4412 802 4464 0
837 4414 1025 4473 animm
1056 4412 1270 4475 salubre
1296 4414 1764 4483 medicamentum,
1798 4414 2102 4479 beatissime

527 4501 688 4564 Luca,
722 4502 809 4569 qui
845 4502 985 4565 velut
1016 4504 1161 4557 nardi
1198 4502 1397 4575 pisticte
1427 4506 1717 4573 pretiosum
1773 4514 2097 4574 unguentum

2189 571 2297 617 tum
2346 576 2633 630 regumque
2684 561 3031 630 temporibus,
3059 562 3111 617 in
3162 563 3304 619 hunc
3351 565 3602 621 videlicet
3648 584 3764 624 mo-

2189 652 2498 710 duszuit
2526 658 2573 706 iu
2604 654 2781 707 diebus
2833 654 3057 711 Herodis
3104 659 3241 725 regis
3283 656 3485 714 Iudaeis
3530 662 3763 718 sacerdos

2191 751 2399 816 quidam
2444 750 2647 803 nomine
2692 746 2975 802 Zacharias
3003 748 3156 819 (Luc.
3200 749 3278 820 I),
3319 766 3438 811 eam
3484 752 3765 811 historiam

2190 842 2345 910 plena
2366 841 2662 909 digestione
2683 841 3045 909 prosequitur.
3074 840 3243 910 Hujus
3261 858 3473 913 quoque
3498 849 3767 903 strenuis-

2192 930 2309 984 simi
2348 930 2687 995 evangelistae
2731 928 2888 984 Lucae
2919 930 3136 998 librum,
3165 946 3285 987 cum
3333 943 3562 1003 quatuor
3592 937 3769 993 Evan-

2193 1020 2448 1089 geliorum
2480 1020 2629 1074 libris
2660 1019 3087 1089 intelligendum,
3115 1023 3352 1079 arbitrati
3405 1034 3533 1079 sunt
3576 1026 3772 1082 docto-

2193 1124 2279 1167 res
2336 1124 2427 1178 per
2474 1110 2622 1165 vituli
2676 1110 2912 1178 speciem
2968 1111 3208 1181 ﬁgurari.
3276 1112 3488 1170 Vitulus
3538 1114 3774 1185 denique

2193 1201 2545 1257 sacerdotalis
2578 1210 2661 1257 est
2702 1202 2938 1271 victima,
2969 1218 3088 1271 quas
3117 1204 3170 1258 in
3199 1204 3572 1274 Redemptoris
3601 1208 3775 1266 nostri

2195 1292 2563 1348 immolatione
2612 1292 2872 1361 completa
2916 1302 3039 1361 est,
3081 1295 3173 1363 qui
3224 1310 3321 1364 pro
3379 1297 3555 1359 salute
3606 1301 3776 1354 totius

2197 1382 2380 1437 mundi
2432 1382 2483 1437 in
2538 1384 2774 1453 patibulo
2827 1382 3002 1439 crucis
3044 1397 3374 1455 suspensus,
3424 1389 3777 1457 semetipsum

2198 1474 2341 1531 Patri
2390 1476 2613 1531 hostiam
2650 1475 2820 1529 vivam
2865 1477 3116 1531 exhibuit.
3174 1479 3245 1531 De
3290 1494 3397 1549 quo
3443 1482 3775 1549 evangelista

2201 1569 2419 1638 pulchre
2444 1568 2696 1623 Sedulius
2724 1568 3003 1639 presbyter
3032 1569 3084 1623 in
3115 1570 3380 1638 paschalis
3409 1571 3775 1644 descriptione

2198 1661 2472 1724 carminis,
2504 1659 2720 1715 heroico
2750 1674 3066 1728 percurrens
3095 1664 3331 1717 carmine
3360 1663 3433 1717 ait
3458 1682 3472 1717 :

2449 1778 2564 1827 Iura
2591 1777 2861 1827 sacerdotis
2883 1776 3037 1827 Lucas
3059 1782 3201 1827 tenet
3223 1790 3311 1828 ore
3333 1780 3535 1829 virenti.

2203 1885 2269 1939 Et
2299 1883 2551 1938 Paulinus
2580 1883 2799 1937 Nolana!
2826 1884 2968 1939 sedis
3003 1885 3193 1951 prresul
3221 1885 3289 1939 de
3318 1885 3419 1939 isto
3440 1886 3657 1942 Domini
3686 1900 3785 1942 ve-

2201 1979 2421 2035 nerabili
2453 1979 2585 2047 viro,
2616 1980 2753 2032 bene
2784 1978 2973 2033 ludens
3007 1978 3251 2033 versibus
3278 1980 3425 2033 canit
3457 1995 3472 2032 :

2354 2094 2437 2143 Bis
2459 2094 2673 2143 medicus
2698 2093 2871 2150 Lucas,
2897 2095 3025 2155 prius
3050 2101 3176 2152 arte,
3199 2094 3382 2142 deinde
3406 2091 3624 2153 loquela,

2353 2157 2440 2206 Bis
2463 2158 2676 2203 medicus
2703 2156 2878 2211 Lucas,
2906 2163 2958 2203 ut
2982 2155 3220 2209 quondam
3255 2156 3473 2213 corporis
3496 2167 3657 2216 egros

2356 2220 2504 2268 Artus
2527 2218 2807 2279 consolidat,
2835 2225 2884 2266 et
2910 2229 3035 2264 nunc
3058 2219 3103 2264 in
3128 2217 3374 2266 mentibus
3398 2218 3565 2276 aegris,

2357 2281 2631 2341 Composuit
2656 2281 2878 2342 geminos
2904 2279 3008 2327 vita:
3032 2278 3352 2326 medicamina
3379 2279 3545 2327 libros.

2202 2385 2333 2439 Nam
2380 2385 2505 2454 quid
2537 2386 2683 2451 plura
2714 2382 2945 2438 referam
2977 2382 3043 2436 de
3076 2393 3179 2435 tam
3214 2383 3447 2438 veridico
3474 2383 3786 2453 eximioque

2204 2475 2564 2540 evangelista,
2594 2474 2682 2543 qui
2734 2476 2929 2529 meruit
2959 2489 2986 2528 a
3022 2474 3181 2529 tantis
3221 2488 3285 2528 ac
3335 2474 3521 2526 talibus
3571 2473 3787 2527 laudari

2205 2567 2530 2632 doctoribus,
2573 2568 2673 2623 hoc
2703 2576 2804 2633 est,
2840 2566 3187 2638 llieronymo,
3220 2566 3527 2630 Ambrosio,
3557 2565 3789 2635 aliisque

2205 2659 2446 2728 plurimis
2496 2660 2585 2730 qui
2638 2660 2771 2713 muri
2828 2669 2952 2713 sunt
3001 2658 3351 2712 ecclesiarum
3380 2668 3432 2711 et
3464 2658 3787 2729 eloquentia:

2204 2752 2408 2807 fontes?
2439 2752 2641 2820 Quidve
2689 2751 2844 2821 digne
2897 2764 3141 2804 resonem
3192 2751 3398 2816 ignoro,
3429 2764 3551 2803 cum
3584 2750 3715 2804 mihi
3742 2752 3787 2803 si

2206 2845 2373 2899 ferrea
2418 2852 2557 2897 esset
2602 2858 2725 2907 vox,
2755 2837 2809 2897 et
2848 2842 3083 2895 omnium
3130 2841 3491 2899 membrorum
3542 2856 3788 2895 meorum

2205 2948 2354 2991 artus
2395 2946 2731 2991 verterentur
2777 2937 2827 2989 in
2875 2936 3101 3005 linguas,
3136 2935 3365 3003 pleniter
3396 2935 3448 2988 in
3481 2934 3599 3003 ejus
3630 2935 3785 2989 laude

2206 3031 2424 3085 minime
2447 3030 2660 3099 explere
2703 3031 2936 3082 valerem
2969 3041 3087 3096 quae
3135 3036 3390 3081 meretur.
3446 3026 3552 3081 Sed
3603 3041 3788 3081 amore

2205 3125 2333 3178 tanti
2366 3124 2462 3177 viri
2492 3123 2696 3184 ductus,
2733 3132 2789 3176 et
2820 3137 2925 3175 non
2969 3120 3398 3190 prresumptionis
3424 3122 3783 3181 temeritatem

2205 3230 2399 3285 gerens
2454 3215 2613 3268 homo
2666 3215 2965 3282 imperitus,
3012 3215 3105 3268 sed
3160 3213 3510 3282 quorumdam
3564 3213 3783 3267 fratrum

2206 3307 2376 3361 victus
2430 3307 2675 3375 precibus
2732 3306 3037 3369 cliaritatis,
3094 3305 3210 3360 haec
3265 3315 3459 3361 vestrae
3511 3304 3781 3369 dilectioni

2205 3400 2511 3466 compulsus
2542 3414 2657 3451 sum
2686 3411 2929 3461 exarare.
2973 3398 3123 3452 Nunc
3147 3407 3323 3461 autem
3359 3412 3481 3473 qua:
3509 3395 3784 3457 omisimus

2208 3502 2613 3556 prosequamur.
2663 3486 2800 3542 Ecce
2830 3487 2973 3540 enim
3022 3495 3080 3540 ut
3126 3487 3292 3541 nostri
3324 3485 3433 3539 oris
3461 3487 3592 3539 ratio
3618 3485 3779 3539 robo-

2208 3587 2375 3639 retur,
2402 3578 2636 3644 ejusdem
2670 3577 2925 3633 luculenti
2975 3578 3209 3631 doctoris
3242 3578 3505 3639 Ambrosii
3532 3578 3780 3649 exempla

2207 3680 2389 3723 nostro
2435 3670 2554 3721 huic
2589 3671 2966 3739 compendiose
2996 3673 3255 3738 cpusculo
3288 3670 3644 3726 adnectcmus.
3694 3672 3784 3726 Sic

2207 3760 2347 3813 enim
2398 3760 2560 3813 dicit:
2588 3762 2965 3816 Sanctissimus
2997 3764 3077 3814 vir
3106 3763 3276 3817 Lucas
3320 3765 3462 3819 velut
3505 3765 3785 3834 quemdam

2210 3852 2520 3906 historicum
2566 3862 2750 3906 tenens
2780 3855 3047 3929 ordinem,
3076 3856 3224 3922 plura
3259 3855 3413 3917 nobis
3448 3855 3659 3909 Domini
3692 3857 3789 3908 itii-

2208 3944 2387 3996 racula
2440 3945 2717 4010 revelavit,
2743 3945 2813 3998 ita
2858 3956 3057 4013 tamen,
3090 3958 3143 4000 ut
3185 3949 3360 4002 omnis
3386 3948 3672 4016 sapientiae
3694 3950 3791 4003 vir-

2211 4042 2348 4087 tutes
2380 4036 2781 4105 evangeliorum
2814 4052 3030 4091 suorum
3058 4040 3504 4108 complecteretur
3545 4041 3790 4093 historia.

2207 4127 2345 4193 Quid
2390 4128 2530 4181 enim
2566 4131 2953 4197 praecellentius
3004 4131 3068 4184 ad
3115 4133 3430 4202 sapientiam
3466 4138 3790 4201 naturalem,

2208 4236 2365 4289 quam
2410 4220 2548 4289 quod
2590 4237 2652 4274 ex
2684 4223 2880 4290 Spiritu
2912 4233 3099 4277 sancto
3127 4236 3286 4279 etiam
3341 4226 3675 4279 Dominicam
3716 4227 3791 4279 in-

2208 4316 2571 4368 carnationem
2605 4317 2871 4369 exstitisse
2902 4315 3200 4370 reseravit?
3248 4315 3399 4370 Unde
3423 4327 3479 4370 et
3510 4316 3678 4371 David
3710 4334 3790 4371 na-

2213 4408 2433 4460 turalent
2492 4406 2687 4461 deet-ns
2739 4408 3086 4475 sapientiam,
3140 4408 3217 4461 ait
3262 4425 3275 4459 :
3318 4404 3513 4461 Emitte
3557 4411 3792 4479 spiritum

2209 4506 2372 4559 tuum,
2407 4506 2451 4550 et
2499 4497 2803 4549 creabantur
2848 4497 3021 4567 (I’sal.
3056 4498 3192 4566 cm).
3247 4498 3410 4553 Docet
3462 4501 3685 4553 moralia
3743 4504 3791 4553 in

528 4591 798 4654 rcdolcns,
828 4600 878 4642 et
910 4592 1157 4653 interiora
1190 4600 1422 4662 pectoris
1451 4593 1614 4649 nostri
1642 4609 1835 4648 arcana
1868 4595 2101 4663 permul-
2129 4563 2183 4624 Β
2212 4589 2402 4642 eodem
2434 4590 2700 4658 Evangelii
2734 4590 2813 4642 Sui
2844 4589 2999 4653 Ιίιινοι
3036 4591 3086 4643 in
3117 4592 3219 4649 illis
3247 4590 3668 4645 beatitudinibus
3695 4592 3791 4645 d0-

527 4695 675 4745 t-ctts,
702 4680 767 4732 ad
790 4693 1000 4753 semper
1031 4696 1275 4734 nntiisura
1300 4683 1511 4757 gaudia,
1538 4683 1623 4737 ubi
1656 4685 1829 4738 nullus
1855 4685 2093 4756 languor,

530 4776 704 4841 nullus
750 4775 925 4839 dolor,
954 4778 1235 4845 nullusque
1279 4780 1506 4847 gemitus
1546 4779 1837 4846 invenitur,
1868 4796 1995 4836 voce
2024 4783 2103 4834 iti-

528 4868 769 4923 CCSsalJlll
802 4884 897 4924 nos
925 4870 1149 4925 invitare
1190 4872 1497 4924 omnimodo
1530 4887 1634 4924 non
1663 4870 1896 4925 desistis.
1938 4871 2103 4927 Recte

528 4962 666 5027 enim
716 4962 799 5014 hic
842 4961 1134 5025 versiculus
1178 4970 1347 5030 poeta:
1396 4963 1673 5032 cujusdam
1706 4965 2105 5033 epigrammatis

532 5062 704 5124 potest
732 5054 899 5123 aptari
924 5072 935 5106 :

685 5166 866 5219 Vivere
892 5172 998 5219 post
1021 5167 1203 5214 obitum
1226 5172 1389 5216 vatem
1412 5167 1487 5214 vis
1514 5177 1658 5213 nOSse
1684 5166 1869 5217 viator?

744 5228 879 5286 Quod
902 5228 1045 5287 legis,
1063 5241 1177 5275 ecce
1200 5228 1387 5287 loquor,
1404 5240 1493 5274 vox
1517 5233 1598 5274 tua
1618 5240 1794 5288 nempe
1816 5241 1921 5274 mea
1946 5235 2041 5276 est.

532 5338 626 5401 llic
667 5350 883 5405 prorsus
924 5350 1045 5397 cum
1093 5334 1353 5400 descripta
1412 5344 1592 5389 essent
1640 5336 1953 5407 evangelia,
2011 5348 2103 5404 per

536 5429 836 5495 Mattlireutn
889 5428 1098 5495 quidem
1150 5426 1201 5491 iq
1248 5426 1452 5494 .ludaea,
1487 5441 1581 5497 per
1621 5426 1851 5479 Marcum
1898 5442 2021 5479 vero
2052 5426 2103 5478 in

532 5521 695 5581 Icilia,
729 5521 1011 5588 instigante
1042 5515 1239 5584 Spiritu
1290 5528 1497 5581 sancto,
1526 5519 1691 5587 magis
1732 5517 1912 5569 auditu
1947 5530 2102 5584 quam

533 5612 712 5679 iussu,
765 5614 814 5671 in
871 5612 1082 5666 Achaia:
1150 5610 1511 5679 llitltyuimqne
1569 5612 1804 5675 partibus
1856 5607 2108 5660 historite

532 5715 684 5757 suum
714 5702 1007 5768 composuit
1040 5701 1381 5775 Evangeltum
1411 5700 1584 5765 Attico
1608 5700 2018 5761 sermone,sicut
2046 5697 2108 5763 ab

531 5790 615 5861 itis
659 5793 895 5861 traditum
921 5793 1115 5867 (tabuit,
1150 5792 1237 5859 qui
1264 5792 1327 5857 alt
1358 5792 1502 5845 initio
1532 5791 1784 5871 viderunt,
1819 5790 1960 5857 cique
1998 5803 2109 5838 tua-

2212 4698 2338 4735 cens
2383 4698 2577 4747 mores,
2609 4682 3053 4751 quemadmodum
3088 4699 3189 4737 non
3222 4684 3379 4739 ferire
3401 4724 3416 4751 ,
3451 4701 3557 4739 non
3608 4700 3793 4755 reper-

2212 4783 2394 4826 cutere
2455 4776 2859 4838 verberantetn,
2920 4775 3367 4843 quemadmodum
3426 4776 3787 4840 benefacere,

2216 4875 2451 4918 mutuum
2499 4866 2626 4917 dare
2679 4882 2796 4917 cum
2847 4867 3219 4936 desperatione
3270 4868 3549 4932 mercedis,
3586 4884 3793 4924 merces

2218 4957 2354 5009 enim
2406 4955 2607 5010 facilius
2670 4960 2908 5026 sequitur
2958 4975 3059 5011 non
3116 4971 3531 5027 exspectantem.
3604 4960 3793 5013 Docuit

2222 5045 2375 5098 etiam
2408 5056 2459 5097 et
2489 5049 2817 5101 rationabilia
2850 5064 2969 5099 cum
3011 5049 3126 5116 lego
3154 5068 3164 5099 :
3196 5048 3293 5111 Qui
3326 5050 3491 5116 ﬁdelis
3518 5061 3590 5102 est
3614 5051 3666 5103 in
3688 5052 3787 5103 mi-

2214 5140 2351 5189 nimo
2378 5178 2391 5199 ,
2414 5148 2460 5190 et
2490 5140 2537 5190 in
2573 5140 2756 5209 majori
2785 5140 2951 5207 ﬁdelis
2988 5151 3057 5191 est
3090 5139 3238 5207 (Luc.
3269 5144 3400 5209 XVI).
3450 5140 3588 5206 Quid
3616 5143 3793 5196 adhuc

2212 5232 2278 5284 de
2310 5232 2643 5285 naturalibus
2675 5234 2869 5297 dicam,
2899 5234 3038 5302 quod
3066 5235 3245 5286 docuit
3275 5238 3497 5288 virtutes
3527 5237 3792 5291 caelorum

2213 5324 2442 5386 moveri,
2477 5325 2755 5377 Dominum
2807 5325 2973 5378 solum
3032 5340 3148 5379 csse
3206 5327 3535 5394 unigenitum
3598 5325 3791 5379 Filium

2214 5415 2327 5477 Dei,
2362 5415 2412 5469 in
2446 5414 2595 5485 cujus
2623 5418 2868 5485 passione
2902 5418 3133 5471 tenebrae
3161 5434 3255 5487 per
3280 5420 3420 5473 diem
3456 5419 3612 5474 facta:
3641 5432 3794 5484 sunt,

2212 5516 2347 5560 terra
2400 5509 2637 5572 tronmit,
2686 5509 2765 5561 sol
2825 5509 3089 5574 refugiens
3138 5511 3315 5565 radios
3368 5528 3479 5565 sua:
3530 5512 3796 5564 claritatis

2211 5600 2506 5653 abstraxit?
2550 5600 2688 5669 Ergo
2722 5616 2930 5655 omnem
2966 5603 3289 5656 mundanam
3322 5603 3420 5655 sibi
3456 5603 3793 5671 prudentiam

2219 5693 2477 5755 vindicat,
2521 5700 2575 5746 et
2631 5693 2976 5761 principatum
3029 5694 3301 5761 sapienti-1:
3360 5708 3497 5746 verae
3553 5693 3789 5760 possidet

2214 5786 2540 5853 Spiritualis,
2581 5788 2879 5851 praesertim
2923 5800 3041 5838 cmn
3088 5786 3342 5839 audacius
3388 5784 3586 5842 aliuuid
3632 5797 3793 5837 usur-
