4096 6346
336 413 469 471 1535

1345 412 1796 472 HOMILIARIUS.
1838 443 1907 454 —
1944 412 2102 469 HOM.
2152 416 2236 470 DE
2271 412 2572 475 SANCTIS.

3441 426 3576 484 1⁸551

329 541 458 594 pans
501 526 611 593 ipsa
654 524 757 579 fide
796 534 993 586 nostra,
1031 523 1201 592 ipsum
1252 526 1563 591 mysterium
1615 523 1894 579 Trinitatis
1920 524 2083 586 Διοι-
2110 525 2251 592 libri,
2283 541 2378 581 cor
2409 537 2647 583 nostrum
2680 530 2874 599 saepius
2919 532 3095 601 rigare
3140 542 3193 599 et
3234 534 3575 597 madefacere

326 617 378 671 in
410 618 508 670 hac
532 616 721 684 triplici
753 616 1011 683 sapientia
1039 630 1159 669 esse
1180 616 1377 687 posuit,
1409 617 1509 671 hoc
1536 624 1619 670 est
1644 616 1898 683 naturali,

327 711 537 773 morali,
564 710 830 763 rationali.
884 709 941 763 Si
967 709 1251 763 credamus
1282 709 1439 777 illum
1460 710 1773 763 naturaliter
1803 709 1902 765 Pa-

252 855 275 865 κ
329 814 460 858 trem
491 803 577 872 qui
615 802 770 856 nobis
799 805 981 870 genuit
1020 801 1433 870 redemptorem,
1466 812 1519 856 et
1550 802 1697 855 illum
1725 817 1903 856 mora-

327 897 429 950 lem
460 897 546 963 qui
574 895 713 948 Patri
746 907 911 959 usque
940 893 1005 948 ad
1040 903 1265 948 mortem
1300 895 1593 948 secundum
1625 894 1896 949 hominem

330 987 583 1043 obediens
631 1000 726 1039 nos
773 985 1017 1049 redemit,
1052 994 1105 1039 et
1150 985 1300 1038 illum
1343 985 1653 1038 rationalem
1700 987 1785 1053 qui
1818 1001 1902 1038 ra.-

335 1082 531 1137 tionem
583 1081 823 1136 colendte
876 1080 1167 1135 divinitatis
1219 1093 1271 1135 et
1323 1083 1443 1133 vitae
1497 1081 1747 1147 regenda:
1800 1078 1900 1131 bu-

333 1174 505 1229 manis
562 1172 860 1240 pectoribus
913 1170 1124 1237 infudit,
1157 1172 1297 1225 nulla
1355 1185 1485 1239 ergo
1531 1169 1899 1239 operationum

325 1264 595 1329 distantia,
630 1265 768 1317 nulla
820 1263 1072 1318 discretio
1118 1272 1220 1327 est,
1251 1262 1337 1315 ubi
1373 1262 1455 1314 vel
1508 1261 1559 1315 in
1610 1258 1791 1325 Patre,
1818 1260 1900 1315 vel

326 1356 380 1411 in
413 1356 567 1418 Filio,
599 1356 680 1409 vel
735 1356 786 1408 in
834 1354 1035 1420 Spiritu
1075 1364 1281 1417 sancto,
1312 1352 1452 1406 nulla
1502 1352 1733 1407 secunda
1788 1352 1901 1421 ple-

324 1446 503 1501 nitudo
534 1447 742 1500 virtutis
770 1455 870 1499 est.
904 1445 1056 1500 Nunc
1096 1446 1159 1499 ad
1188 1443 1505 1499 narrationis
1533 1445 1773 1497 ordinem
1811 1457 1903 1498 re-

320 1537 556 1591 deamus.
586 1537 787 1600 Omnis,
816 1538 891 1589 ait
920 1537 1197 1601 Dominus,
1219 1537 1307 1605 qui
1330 1537 1468 1605 petit,
1502 1536 1709 1603 accipit,
1732 1544 1775 1588 et
1799 1535 1899 1604 qui

316 1628 496 1696 quaerit
518 1627 725 1691 invenit,
753 1635 799 1679 et
827 1627 1051 1696 pulsanti
1075 1626 1328 1694 aperietur
1348 1624 1563 1692 (Matth.
1592 1625 1899 1694 vlt.)Aperi

316 1732 444 1786 ergo
491 1718 642 1772 nobis
692 1718 1059 1786 pulsantibus,
1107 1718 1361 1783 Domine,
1389 1717 1478 1786 qui
1512 1727 1661 1773 tenes
1687 1717 1892 1773 clavem

316 1810 584 1875 scientize,
617 1818 678 1864 ut
708 1808 909 1878 aliquid
959 1809 1134 1869 adhuc
1178 1824 1411 1879 congrue
1439 1810 1491 1862 in
1517 1809 1733 1862 laudem
1766 1807 1900 1863 tanti

2004 633 2107 671 non
2141 608 2335 674 cessat.
2365 619 2427 673 Et
2460 629 2516 674 ut
2547 620 2845 690 Euphrates
2876 624 3067 680 fertilis
3097 641 3187 682 seu
3214 630 3485 699 frugalitas
3515 640 3573 687 et

2004 712 2217 765 ubertas
2262 723 2619 782 nuncupatur,
2670 714 2740 768 ita
2784 726 2839 769 et
2884 715 2983 771 iste
3035 732 3239 787 magna:
3289 720 3579 779 fertilitatis

2001 812 2161 873 atque
2210 804 2497 871 ubertatis,
2528 822 2621 860 seu
2651 810 2911 877 evangelii
2954 810 3201 881 dogmate
3250 823 3446 869 sancta.
3476 815 3582 870 Ec-

2001 897 2175 951 clesire
2204 906 2316 953 toto
2345 908 2603 955 terrarum
2636 902 2768 956 orbe
2796 902 3001 957 diffusae
3020 945 3034 971 ,
3069 919 3268 974 augens
3294 905 3455 960 verbo
3484 886 3605 961 do-V

2000 988 2187 1042 ctrinze
2217 1005 2348 1052 suae,
2381 990 2500 1044 lidei
2536 991 2955 1058 ineremeutum,
2984 996 3132 1057 radio
3174 1010 3283 1049 sute
3320 996 3581 1067 claritatis

2002 1078 2145 1145 velut
2173 1080 2327 1146 jubar
2373 1082 2439 1134 ah
2484 1082 2682 1136 aethere
2712 1083 2933 1137 veniens
2955 1126 2969 1149 ,
3007 1098 3068 1137 ac
3096 1086 3383 1139 multorum
3414 1086 3584 1141 homi—

2002 1184 2127 1221 num
2163 1179 2372 1237 pectora
2425 1171 2734 1237 illustrans,
2764 1173 2999 1239 quotidie
3027 1173 3326 1229 illuminare
3356 1192 3459 1229 non
3492 1178 3584 1232 de-

2001 1259 2163 1341 sinit,
2206 1274 2323 1312 cum
2355 1261 2470 1327 ejus
2500 1262 2659 1315 verba
2687 1263 2851 1316 veluti
2887 1263 3082 1316 bonum
3119 1266 3358 1320 nuntium
3401 1268 3452 1320 in
3485 1268 3584 1323 Ec-

2002 1348 2161 1403 clesia
2194 1349 2459 1416 leguntur.
2496 1351 2847 1422 Evangelium
2877 1354 3073 1423 quippe
3099 1355 3303 1421 Attice,
3342 1356 3579 1414 Romane

2004 1432 2198 1497 bonum
2246 1447 2490 1498 nuntium
2523 1446 2737 1515 dicitur,
2772 1462 2863 1501 seu
2889 1464 3020 1501 nova
3053 1451 3402 1503 annuntiatio.
3437 1451 3583 1506 Nun-

2003 1535 2097 1589 tiat
2158 1535 2299 1589 enim
2367 1538 2785 1593 incarnationem
2853 1547 3195 1608 sanctamque
3256 1541 3583 1595 nativitatem

2003 1624 2237 1691 Christi,
2291 1628 2594 1694 passionem
2627 1643 2836 1698 quoque
2887 1644 2946 1684 ac
2990 1629 3457 1695 resurrectionem,
3488 1646 3585 1686 nec

2005 1732 2107 1771 non
2131 1726 2182 1772 et
2205 1717 2255 1771 in
2288 1720 2455 1772 cielos
2481 1719 2873 1788 ascensionem,
2904 1729 3293 1791 venturumque
3316 1738 3434 1777 eum
3461 1737 3583 1777 esse

2004 1808 2068 1861 ad
2094 1808 2342 1875 iudicium
2390 1823 2508 1863 cum
2537 1810 2703 1879 gloria
2754 1820 2809 1865 et
2854 1826 3035 1880 regno.
3070 1812 3194 1866 llzcc
3233 1821 3357 1866 sunt
3386 1813 3584 1881 quippe

314 1900 650 1967 evangelista!
676 1900 749 1954 tui
780 1900 916 1953 beati
949 1898 1209 1963 Lucm,ad
1240 1899 1642 1953 aediﬁcationem
1674 1900 1893 1954 audien-
1927 1890 1974 1949 Β
2000 1913 2203 1970 septem
2233 1902 2425 1971 sigilla,
2458 1902 2646 1971 quibus
2675 1902 2910 1957 Joannes
2956 1904 3084 1957 dicit
3132 1902 3325 1958 librum
3359 1916 3477 1958 esse
3502 1905 3581 1959 si-

314 1993 442 2046 tium
471 1993 648 2049 dicere
679 1992 970 2048 valeamus.
1005 1991 1168 2060 Igitur
1193 2002 1248 2045 ut
1278 1992 1416 2046 idem
1460 1992 1717 2045 Dominus
1757 2005 1890 2061 apo-

311 2083 481 2138 stolus
511 2083 562 2137 in
594 2084 854 2151 prommio
874 2082 1145 2150 Evangelii
1176 2084 1255 2139 sui
1292 2091 1533 2145 testatur,
1571 2084 1740 2149 plum
1782 2083 1894 2152 fue-

310 2185 431 2230 runt
450 2176 537 2246 qui
558 2176 895 2247 evangelicum
921 2176 1091 2231 conati
1111 2185 1231 2233 sunt
1260 2176 1500 2237 ordinare
1525 2175 1887 2238 narrationem,

310 2288 476 2324 rerum
504 2286 619 2341 qua:
648 2271 699 2323 in
731 2270 871 2323 nobis
912 2268 1179 2337 completur
1219 2278 1368 2331 sunt,
1408 2268 1537 2320 sicut
1575 2267 1893 2319 tradiderunt

310 2362 473 2427 nobis,
507 2374 559 2413 ut
585 2360 829 2426 superius
857 2357 1115 2419 diximus,
1140 2358 1229 2426 qui
1259 2356 1322 2409 ab
1355 2356 1499 2411 initio
1532 2356 1764 2409 viderunt
1787 2372 1894 2409 ser-

310 2468 503 2513 monem
524 2448 647 2504 Filii
674 2448 793 2513 Dei,
823 2458 869 2503 ct
901 2449 1311 2501 ministraverunt
1334 2447 1399 2509 ei,
1419 2454 1474 2501 et
1499 2445 1891 2515 perseverantia

312 2557 478 2611 usque
505 2542 567 2595 ad
595 2556 828 2611 prmsens
852 2551 1058 2608 tempus
1081 2546 1426 2592 monumenta
1454 2536 1748 2601 declarant,
1774 2551 1891 2605 quae

310 2637 536 2691 diversis
563 2638 870 2690 auctoribus
911 2634 1050 2688 edita
1070 2674 1086 2699 ,
1115 2632 1451 2688 diversarum
1484 2632 1750 2684 haeresum
1780 2630 1891 2684 fue-

314 2739 434 2793 runt
465 2727 716 2796 principia
741 2769 756 2794 ,
792 2733 849 2779 ut
876 2733 958 2779 est
988 2724 1116 2779 illud
1148 2724 1289 2793 quod
1320 2722 1618 2791 appellatur
1648 2721 1894 2790 Evange-

312 2819 438 2873 lium
468 2820 614 2886 juxta
644 2815 955 2885 Egyptios,
1000 2815 1292 2869 secundum
1338 2813 1598 2866 Thomam
1649 2819 1704 2865 et
1754 2810 1889 2863 Mat-

312 2909 497 2972 thiam,
531 2917 585 2963 et
612 2907 1057 2961 Bartholomzeum
1080 2947 1094 2971 ,
1125 2904 1406 2959 duodecim
1438 2917 1650 2971 quoque
1673 2910 1890 2968 aposto-

311 3001 412 3065 los,
444 3016 506 3056 ac
535 2998 821 3054 Basilidem
861 3007 1022 3068 atque
1065 2998 1307 3068 Apellem
1332 3038 1348 3061 ,
1394 3004 1447 3050 et
1489 3006 1711 3051 caeteros
1757 3008 1893 3063 quos

312 3107 628 3149 enumerare
654 3093 866 3161 longum
894 3102 1012 3157 est,
1044 3093 1170 3146 dum
1202 3093 1303 3145 hoc
1332 3099 1535 3145 tantum
1566 3091 1617 3143 in
1648 3103 1891 3158 praesen-

312 3188 382 3243 tia
413 3201 631 3243 necesse
658 3195 741 3240 est
788 3185 999 3250 dicere,
1053 3185 1320 3240 exstitisse
1351 3184 1613 3253 quosdam
1657 3184 1745 3252 qui
1773 3183 1889 3236 sine

1995 2003 2211 2063 gnatum
2239 2035 2253 2060 ,
2287 2008 2443 2063 quem
2472 1993 2647 2046 nullus
2691 2003 2853 2064 potest
2893 1994 3131 2062 aperire,
3162 2010 3322 2063 neque
3346 1994 3399 2046 in
3431 1993 3582 2060 caelo,

1994 2101 2153 2154 neque
2202 2100 2356 2154 super
2401 2092 2621 2151 terram,
2666 2100 2825 2154 neque
2852 2084 2943 2136 sub
2971 2092 3193 2146 terram,
3227 2094 3272 2136 et
3296 2083 3582 2154 {signacula

1993 2170 2105 2247 ejus
2122 2179 2334 2244 solvere,
2355 2177 2453 2230 nisi
2471 2176 2789 2230 solummodo
2808 2176 2886 2229 leo
2910 2177 2971 2229 de
2995 2176 3128 2229 tribu
3150 2177 3289 2228 Juda
3307 2177 3487 2246 (Apoc.
3503 2178 3582 2246 v),

1997 2270 2047 2324 id
2074 2280 2177 2335 est,
2205 2270 2471 2325 Christus.
2504 2267 2598 2322 Vel
2643 2268 2763 2322 ideo
2793 2268 3129 2332 evangelium
3165 2267 3359 2320 bonum
3393 2267 3585 2321 dicitur

1995 2362 2258 2423 nuntium,
2292 2362 2414 2430 quia
2442 2363 2724 2414 annuntiat
2746 2376 2968 2431 regnum
2997 2371 3113 2431 post
3143 2360 3398 2428 laborem,
3422 2364 3580 2415 vitam

1996 2460 2114 2521 post
2145 2462 2393 2507 mortem.
2428 2451 2596 2507 Recte
2625 2467 2752 2521 ergo
2781 2451 2882 2505 hoc
2914 2453 3084 2520 ipsum
3124 2453 3453 2520 evangelium
3484 2454 3585 2507 iste

1994 2543 2322 2613 evangelista
2366 2543 2537 2598 Lucas
2582 2541 2650 2596 ad
2693 2542 2977 2605 eumdem,
3028 2550 3087 2595 ut
3127 2543 3329 2610 prtefati
3375 2557 3581 2610 sumus,

1994 2638 2207 2704 scripsit
2236 2634 2615 2705 Theophilum,
2642 2635 2707 2688 ad
2736 2650 2893 2705 quem
2919 2647 2973 2688 et
2993 2633 3189 2691 librum
3206 2636 3429 2688 Actuum
3458 2650 3585 2702 apo.

1993 2729 2286 2790 stolarum,
2319 2725 2371 2779 id
2402 2735 2479 2779 est
2514 2726 2578 2778 ad
2611 2726 2704 2779 Dei
2739 2726 3014 2779 dilectum.
3047 2726 3187 2793 Ergo
3234 2735 3286 2778 et
3328 2725 3422 2777 tibi
3455 2740 3584 2779 con-

1997 2819 2138 2873 venit
2166 2831 2378 2884 semper
2403 2816 2643 2884 quisquis
2674 2830 2753 2877 es,
2777 2831 2809 2867 ο
2839 2817 3019 2880 homo,
3041 2817 3163 2883 quia
3196 2816 3240 2868 si
3274 2816 3439 2869 Deum
3460 2815 3583 2869 dili-

1993 2912 2095 2982 gis,
2128 2910 2195 2964 ad
2228 2920 2278 2964 te
2308 2908 2564 2977 scriptum
2593 2917 2676 2963 est
2703 2906 3077 2977 Evangelium.
3106 2908 3167 2961 Et
3193 2908 3235 2961 si
3260 2906 3323 2960 ad
3366 2917 3417 2961 te
3455 2907 3585 2960 scri-

1997 3013 2146 3071 ptum
2202 3010 2320 3063 est,
2387 2998 2599 3067 suscipe
2670 2998 3121 3068 pretiosissimum
3178 2997 3583 3065 margaritarum

1997 3108 2189 3148 munus
2237 3091 2620 3161 evangelista,
2680 3091 2871 3160 pignus
2919 3090 3077 3144 amici
3123 3089 3175 3144 in
3224 3086 3585 3156 penetralibus

1997 3184 2158 3238 animi
2207 3184 2493 3252 diligenter
2523 3183 2769 3238 observa.
2797 3184 2841 3237 0
2877 3182 3036 3252 quale
3084 3194 3279 3235 munus
3306 3180 3389 3234 vel
3421 3176 3579 3246 quale

314 3280 515 3349 Spiritu
539 3290 592 3334 et
627 3280 796 3349 gratia
830 3278 918 3332 Dei
942 3247 1114 3332 conati
1145 3284 1271 3331 sunt
1296 3247 1549 3332 ordinare
1580 3247 1745 3344 magis
1770 3290 1892 3329 nar-
1922 3247 1967 3310 ο
2005 3277 2212 3347 pignus,
2240 3277 2284 3329 si
2307 3247 2627 3332 consideres
2647 3315 2662 3340 ,
2695 3275 2743 3333 si
2773 3247 3041 3340 attendas,
3074 3274 3117 3327 si
3158 3280 3339 3327 mente
3380 3280 3585 3339 pertra-

312 3369 606 3433 rationem,
645 3382 801 3435 quam
845 3365 1079 3421 historiae
1129 3375 1311 3421 texere
1351 3367 1655 3420 veritatem.
1690 3365 1897 3430 Quibus

226 3454 233 3461 ’
313 3461 425 3531 iure
458 3461 584 3516 illud
617 3461 982 3530 propheticum
1033 3459 1317 3528 congruit:
1354 3457 1445 3513 Va:
1470 3458 1561 3527 qui
1596 3458 1898 3529 praphetant

316 3554 367 3607 in
396 3553 548 3605 corde
573 3568 686 3616 suo,
712 3553 798 3619 qui
824 3551 1084 3604 ambulant
1108 3558 1222 3619 post
1245 3550 1483 3618 spiritum
1512 3563 1682 3613 suum,
1708 3550 1793 3617 qui
1820 3547 1898 3600 di-

313 3655 471 3700 cunt:
503 3645 629 3698 ch
655 3646 779 3697 dicit
821 3643 1091 3708 Dominus,
1135 3654 1179 3695 ct
1220 3642 1470 3695 Dominus
1500 3660 1599 3695 non
1636 3644 1771 3695 misit
1814 3658 1898 3695 eos

316 3737 530 3809 (Bacch.
567 3738 704 3804 xm).
732 3737 806 3789 De
847 3735 1039 3803 quibus
1064 3742 1116 3788 et
1139 3735 1381 3787 Salvator
1415 3734 1467 3785 in
1497 3734 1786 3801 Evangelia
1819 3735 1898 3786 di-

318 3833 419 3886 cit:
458 3829 643 3883 Omnes
674 3828 762 3896 qui
810 3836 927 3879 ante
968 3841 1047 3879 me
1086 3833 1357 3889 venerunt,
1399 3826 1537 3893 fures
1586 3833 1631 3876 et
1679 3826 1899 3877 latrones

316 3929 522 3997 fuerunt
555 3922 731 3995 (Joan.
763 3922 843 3989 ι).
875 3922 973 3989 Qui
998 3929 1291 3986 venerunt,
1324 3918 1457 3973 dicit
1489 3919 1765 3986 Dominus,
1788 3935 1896 3975 non

315 4021 400 4088 qui
434 4008 580 4073 missi
613 4025 757 4069 sunt.
792 4014 848 4069 ln
881 4013 1219 4067 venientibus
1251 4009 1597 4081 praesumptio
1631 4010 1898 4066 temerita-

317 4115 405 4176 tis,
429 4111 478 4165 iu
501 4109 680 4163 missis
698 4106 1015 4175 obsequium
1034 4105 1307 4158 servitutis
1328 4112 1430 4157 est.
1461 4101 1695 4157 Ecclesia
1720 4114 1895 4161 autem

316 4220 429 4274 quac
461 4216 620 4269 supra
656 4210 859 4269 petram
905 4196 1114 4263 Domini
1159 4209 1240 4255 εει
1276 4209 1408 4249 voce
1455 4194 1707 4267 fundata,
1737 4209 1898 4265 quam

315 4295 530 4349 adduxit
560 4309 649 4347 rex
684 4292 735 4344 in
765 4289 1067 4357 accubitum
1086 4296 1332 4354 suum,et
1360 4286 1421 4338 ad
1453 4301 1610 4354 quam
1642 4300 1733 4353 per
1750 4285 1896 4339 fora-

316 4405 437 4443 men
466 4385 827 4442 descensionis
855 4385 1060 4437 occulte
1084 4395 1295 4435 manum
1321 4395 1468 4433 suam
1497 4382 1639 4432 misit
1658 4420 1673 4446 ,
1698 4376 1888 4432 similis

317 4480 538 4535 hinnulo
569 4491 870 4541 cervorum,
893 4483 1120 4543 quatuor
1152 4471 1425 4525 tluminum
1454 4470 1681 4537 paradisi
1707 4471 1894 4535 instar,

318 4582 569 4628 eructans
585 4571 651 4625 de
668 4585 773 4624 uno
787 4569 1168 4635 fontequatuor
1180 4562 1723 4632 Evangelia,quatuor
1739 4568 1895 4612 ctan-

319 4668 472 4719 nulos
487 4664 772 4733 etangulos
787 4663 965 4723 habet,
986 4674 1081 4729 per
1102 4673 1236 4728 quos
1263 4657 1413 4727 quasi
1436 4670 1559 4709 arca
1584 4655 1892 4710 testamenti

321 4757 529 4812 Domini
546 4752 1129 4825 lignisimputribitibus
1142 4749 1373 4804 vehitur.
1394 4748 1517 4802 Haec
1538 4754 1623 4802 est
1642 4754 1696 4801 et
1726 4747 1813 4802 illa
1847 4747 1899 4799 in

321 4848 579 4902 Zacharia
607 4842 861 4912 quadriga
895 4858 1014 4911 quae
1039 4857 1133 4911 per
1158 4842 1346 4895 orbem
1369 4849 1552 4894 evecta
1572 4879 1587 4904 ,
1614 4838 1742 4908 jugo
1774 4838 1898 4893 ﬁdei

323 4942 452 4994 colla
481 4946 792 4991 cunctarum
823 4934 1064 5001 gentium
1089 4934 1323 5003 subjicit.
1356 4933 1598 4999 Quatuor
1639 4938 1898 5002 praeterea

324 5033 535 5088 [lumina
571 5030 788 5100 pulchre
818 5029 1066 5081 dicuntur
1094 5028 1162 5081 de
1204 5043 1310 5081 uno
1345 5026 1576 5095 paradisi
1610 5026 1900 5095 procedere

326 5124 491 5188 fonte,
522 5137 613 5189 per
634 5135 751 5190 qua:
780 5128 1010 5188 quatuor
1035 5119 1489 5186 evangelistarum
1534 5132 1789 5172 numerus
1810 5119 1902 5171 de-

327 5224 680 5280 monstratur,
712 5222 765 5268 et
794 5224 1018 5282 quatuor
1047 5212 1293 5280 perfecta
1321 5214 1566 5279 virtutes,
1593 5214 1640 5265 id
1667 5221 1748 5267 est
1779 5228 1902 5280 pru-

326 5309 526 5371 dentia,
556 5304 934 5374 temperantia,
968 5304 1254 5367 fortitudo,
1304 5314 1465 5372 atque
1510 5303 1715 5373 justitia
1759 5303 1901 5357 desi-

326 5408 578 5467 gnantur.
612 5398 742 5451 Nam
773 5398 912 5451 sicut
942 5412 968 5448 a
1002 5403 1228 5464 quatuor
1256 5394 1624 5449 saluberrimis
1664 5395 1895 5448 luculen-

336 5494 505 5559 tisque
553 5489 859 5543 fluminibus
914 5487 1121 5541 Domini
1172 5487 1421 5556 irrigatur
1479 5487 1785 5555 paradisus,
1834 5487 1902 5539 ita

328 5591 382 5639 et
409 5600 502 5637 eor
529 5590 767 5636 nostrum
814 5581 1064 5649 irrigatur
1110 5592 1137 5633 a
1188 5589 1416 5649 quatuor
1458 5578 1901 5648 evangelistarum

335 5677 718 5730 insnrumeutis.
764 5675 838 5727 Ex
879 5688 982 5743 quo
1017 5673 1288 5741 perlucido
1322 5671 1445 5725 Jesu
1477 5671 1668 5724 Christi
1697 5669 1908 5724 Domini

336 5769 478 5822 fonte
508 5774 720 5819 sanctus
751 5764 852 5819 iste
878 5756 1027 5817 velut
1049 5765 1344 5831 Euphrates
1375 5761 1691 5830 procedens,
1713 5760 1781 5815 de
1805 5775 1911 5831 quo

342 5862 495 5917 nobis
521 5873 699 5915 sermo
719 5867 821 5926 est,
855 5859 1129 5928 apostolus
1153 5855 1324 5912 Lucas
1349 5852 1645 5923 evangelici
1676 5852 1914 5923 disputa-

2001 3376 2138 3423 ctes.
2162 3368 2291 3434 Qua:
2314 3367 2359 3419 si
2384 3367 2521 3421 bene
2546 3378 2600 3421 et
2629 3366 2847 3436 pervigil
2867 3364 3261 3427 observaveris,
3287 3363 3353 3417 ad
3375 3374 3586 3427 semper

2004 3476 2250 3517 inausura
2280 3461 2466 3531 gaudia
2496 3470 2549 3517 te
2580 3462 2785 3519 felicem
2838 3460 3168 3529 perducent,
3220 3459 3308 3514 ubi
3353 3458 3587 3512 sociatus

2002 3552 2307 3621 angelorum
2332 3552 2535 3618 choris,
2556 3552 2947 3613 incessabiliter
2967 3551 3279 3606 exsultabis.
3307 3549 3403 3604 Hic
3423 3548 3582 3604 etiam

2001 3644 2185 3699 beatus
2219 3644 2388 3698 Lucas
2417 3644 2742 3699 examussim
2772 3644 2967 3697 dicitur
2989 3642 3179 3696 Graaco
3214 3639 3426 3707 eloquio
3453 3652 3588 3693 eru-

2000 3734 2264 3795 ditus,cui
2295 3743 2447 3788 extra
2479 3749 2540 3788 ea
2560 3750 2678 3803 qme
2695 3734 3015 3803 evangelicae
3038 3732 3414 3803 disputationis
3455 3728 3588 3784 ordo

2000 3826 2264 3893 deposcit,
2293 3826 2541 3878 maxima:
2570 3826 2907 3879 necessitatis
2948 3825 3099 3879 labor
3147 3827 3191 3879 is
3234 3824 3365 3890 fuit,
3398 3833 3454 3880 ut
3482 3824 3586 3895 pri-

2000 3932 2144 3971 mum
2174 3916 2378 3973 Grmcis
2408 3917 2653 3975 ﬁdelibus
2694 3919 3114 3972 incarnationem
3165 3916 3370 3977 Domini
3418 3918 3588 3972 nostri

1998 4007 2122 4062 Jesu
2154 4006 2350 4065 Christi
2385 4008 2525 4063 lideli
2558 4010 2861 4065 narratione
2888 4010 3230 4073 ostenderet,
3280 4023 3348 4064 ne
3383 4010 3465 4065 vel
3491 4008 3586 4064 Ju-

2000 4100 2165 4153 daicis
2193 4099 2522 4168 genealogiis
2555 4101 2763 4165 intenti,
2797 4101 2912 4154 solo
2945 4101 3078 4171 legis
3121 4100 3392 4157 desiderio
3434 4111 3585 4158 tene-

2001 4204 2205 4256 rentur,
2232 4192 2315 4246 vel
2340 4192 2604 4246 ltmreticis
2634 4193 2825 4247 fabulis
2846 4201 2898 4247 et
2918 4193 3097 4247 stultis
3125 4193 3587 4250 sollicitationibus
3652 4228 3667 4237 -

2001 4286 2226 4354 seducti,
2254 4285 2565 4340 excedendo
2592 4285 2921 4340 laberentur.
2953 4284 3154 4339 Deinde
3184 4285 3327 4339 velut
3352 4287 3588 4341 caelestis

1999 4379 2229 4449 agricola
2261 4393 2447 4433 semen
2479 4379 2739 4435 doctrinm
2768 4392 2880 4435 suae
2924 4379 3393 4435 innumerabilium
3440 4394 3589 4435 men-

2000 4473 2140 4543 tibus
2163 4472 2435 4541 hominum
2458 4485 2663 4535 serens,
2691 4486 2752 4525 ac
2775 4487 2991 4533 vomere
3023 4485 3133 4531 suae
3150 4470 3373 4542 insignis
3394 4471 3591 4543 linguas

2002 4563 2297 4619 nuntiando
2321 4564 2631 4631 exsulcans,
2662 4563 2726 4617 ad
2758 4564 3015 4618 creatoris
3041 4563 3318 4627 sui,lidem
3361 4578 3588 4620 conver-

2005 4666 2157 4711 teret.
2195 4653 2485 4726 Duplicatis
2511 4656 2706 4710 etenim
2739 4655 2949 4709 talentis
2981 4654 3188 4710 Domini
3219 4656 3323 4721 sui,
3370 4663 3425 4711 et
3462 4669 3592 4711 cen-

2004 4749 2250 4802 tesimum
2299 4760 2481 4801 secum
2535 4746 2770 4801 alierens
2812 4747 3043 4801 fructum
3085 4748 3152 4802 ad
3192 4762 3435 4821 gemmea
3468 4749 3588 4803 coeli

1999 4840 2190 4911 palatia
2226 4837 2529 4909 perenniter
2560 4852 2899 4908 regnaturus,
2925 4839 3163 4892 ardentis
3190 4838 3350 4892 animi
3376 4838 3578 4893 deside-

2001 4932 2081 4987 rio
2112 4942 2359 5000 satagens
2385 4932 2711 5001 properavit.
2743 4931 2871 4985 Nam
2898 4932 3213 5003 martyrium
3252 4945 3350 4986 suo
3377 4945 3587 5001 corpori

2006 5026 2234 5079 assiduis
2264 5012 2752 5091 lamentationibus,
2787 5024 3100 5096 crebrisque
3130 5025 3326 5097 vigiliis
3352 5027 3588 5079 membra

2008 5130 2102 5170 sua
2149 5132 2429 5171 macerans
2460 5118 2674 5172 indixit.
2704 5118 2798 5171 Hic
2834 5119 3032 5172 etenim
3076 5118 3144 5172 ab
3188 5119 3303 5189 ipso
3348 5120 3588 5189 pueritiae

2012 5222 2121 5261 suae
2155 5217 2392 5275 tempore
2432 5218 2611 5262 castus
2643 5207 2953 5263 omnimodo
2981 5222 3366 5277 perseverans,
3416 5225 3588 5278 neque

2010 5312 2263 5361 uxorem,
2298 5314 2469 5366 neque
2508 5299 2642 5355 filios
2692 5299 3004 5367 perhibetur
3054 5299 3325 5356 habuisse.
3358 5301 3588 5372 Ideoque

2011 5404 2113 5442 non
2145 5390 2408 5442 immerito
2439 5389 2578 5443 inter
2605 5390 2913 5460 angelorum
2939 5391 3151 5460 agmina
3172 5431 3189 5459 ,
3219 5401 3272 5452 et
3291 5392 3584 5461 gloriosum

2008 5485 2369 5555 apostolorum
2400 5486 2654 5553 chorum,
2691 5487 2827 5541 inter
2853 5486 3171 5542 laudabilem
3205 5490 3582 5559 prophetarum

2011 5591 2313 5641 numerum,
2343 5584 2502 5645 atque
2530 5576 2811 5631 candentia
2845 5577 2954 5633 lilia
2976 5577 3343 5648 virginumLet
3369 5583 3585 5636 immar-

2011 5668 2288 5722 cescibiles
2306 5681 2455 5722 rosas
2477 5677 2768 5736 martyrum
2787 5678 2842 5723 et
2856 5668 3018 5725 ﬂores
3038 5681 3302 5738 coruscat,
3321 5676 3587 5728 omnium-

2013 5775 2117 5831 que
2144 5760 2421 5814 beatorum
2457 5759 2747 5827 perfruitur
2783 5761 3074 5817 consortiis
3103 5774 3431 5819 sanctornm.
3456 5766 3587 5819 Tra-

2017 5851 2148 5907 dunt
2177 5851 2337 5907 etiam
2368 5850 2628 5920 nonnulli,
2659 5852 2802 5909 hunc
2845 5853 3232 5925 evangelistam
3276 5874 3433 5913 unum
3466 5874 3585 5915 esse
