4096 6346
511 366 650 426 1535

509 497 580 538 ex
619 479 723 536 illis
749 477 957 534 duoous
983 473 1285 546 discipulis,
1330 474 1519 544 quibus
1565 474 1618 530 in
1650 473 1929 529 castellum
1958 472 2088 528 Em-
2117 475 2170 535 Α

512 588 663 632 maus
683 571 927 627 euntibus
940 569 1198 626 Dominus
1220 584 1279 624 se
1299 569 1545 637 sociavit,
1561 577 1721 640 atque
1743 570 1795 625 in
1812 568 2090 640 peregrino

517 664 697 721 habitu
723 678 781 719 se
809 663 1098 718 ostendens
1117 702 1133 727 ,
1156 661 1261 717 illis
1287 675 1500 717 sensum
1530 664 1777 731 aperuit,
1819 672 1872 718 et
1905 662 1958 717 in
1986 662 2091 716 l'ra-

513 757 686 812 ctione
716 754 868 824 panis
898 763 956 808 ut
981 768 1103 809 eum
1132 760 1537 821 cognoscerent,
1571 752 1888 808 mirabiliter
1916 758 2094 821 patra-

513 849 608 903 vit.
657 846 753 901 llic
802 845 928 899 dum
976 845 1422 914 septuagesimum
1479 845 1652 899 aetatis
1707 859 1818 899 suae
1874 843 2097 901 haberet

515 953 750 1001 annum,
799 937 932 991 obiit
978 937 1029 990 in
1062 936 1323 1006 Bithynia:
1382 937 1623 1001 partibus
1672 937 1855 1006 quinto
1886 935 2098 991 decimo

514 1031 777 1087 Kalendas
808 1029 1148 1093 Novembris,
1174 1038 1229 1083 et
1255 1043 1284 1082 a
1308 1029 1435 1083 viris
1461 1029 1739 1084 catholicis
1767 1043 1961 1098 corpus
1981 1029 2094 1098 ejus

515 1125 790 1178 humatum
821 1130 923 1176 est.
953 1121 1116 1189 Cujus
1159 1131 1400 1175 sanctum
1441 1121 1668 1174 cadaver
1712 1120 1947 1190 pluribus
1984 1120 2096 1190 jam

515 1216 740 1274 evolutis
769 1229 1027 1269 annorum
1059 1213 1306 1280 circulis,
1346 1212 1697 1267 Constantino
1729 1217 1970 1283 Augusto
2011 1227 2097 1269 re-

514 1319 732 1379 gnante,
763 1307 828 1360 ad
860 1303 1505 1373 Constantinopolitanam
1549 1303 1734 1358 urbem
1765 1318 1884 1357 cum
1931 1303 2099 1372 gloria

515 1411 594 1454 est
624 1398 958 1462 translatum,
989 1405 1042 1450 et
1067 1396 1321 1450 decenter
1352 1395 1605 1449 locatum.
1638 1394 1736 1449 Ubi
1787 1403 1988 1463 quanta
2038 1402 2102 1450 et

515 1492 686 1562 qualia
718 1489 1081 1557 prodigiorum
1114 1487 1372 1541 miracula
1403 1486 1468 1540 ad
1499 1486 1729 1540 nominis
1756 1486 1835 1540 sui
1861 1486 2097 1553 laudem,

516 1600 610 1652 per
653 1582 840 1636 merita
891 1581 1050 1648 hujus
1091 1580 1458 1648 gloriosissimi
1512 1578 1854 1648 evangelista}
1912 1579 2098 1649 Luce,

519 1674 771 1727 Dominus
798 1671 953 1727 Iesus
975 1671 1220 1724 Christus
1267 1671 1572 1738 frequenter
1613 1670 1838 1734 efﬁciat,
1880 1671 2004 1740 quia
2034 1671 2100 1724 ad

516 1765 756 1818 notitiam
806 1771 1044 1816 nostram
1095 1761 1311 1814 minime
1354 1769 1734 1829 pervenerunt,
1781 1759 1973 1814 omitto
2011 1773 2098 1814 re-

1360 343 1562 416 mu‘u
1600 357 1871 416 DlACONl
1907 354 2274 414 bsecrans
2314 354 2378 415 Il.
2401 339 2490 399 ’Ξ
2522 310 2894 415 ascensa.

2732 471 3010 529 llOMILIA
3047 472 3233 532 LXIII.

2718 583 2769 636 tu
2808 581 2984 624 non“
3030 583 3220 626 rss'ro.

2792 659 2892 731 (Ex
2932 661 3176 732 eodem.)

2265 749 2478 822 Legitur
2500 751 2555 808 In
2583 751 2964 808 ecclesiasticis
2989 751 3253 822 historiis,
3283 764 3392 813 etc.
3424 757 3646 831 Reliqua
3667 756 3783 821 inde

2198 853 2330 901 tomo
2357 855 2414 900 ut
2445 862 2622 916 supra,
2651 849 2751 904 col.
2785 845 2912 901 452.

2725 959 3008 1018 IIOMILIA
3047 962 3230 1019 LXIV.

2717 1066 2766 1105 IN
2817 1067 2993 1108 εουειί
3046 1068 3235 1110 πεετο.

2450 1142 2550 1210 (Es
2579 1141 2714 1211 Opp.
2744 1143 2882 1197 beati
2915 1144 3108 1199 Leonis
3138 1145 3310 1217 Magni
3331 1159 3526 1218 papa.)

2271 1231 2336 1286 In
2375 1233 2467 1288 illo
2513 1244 2734 1306 tempore
2783 1238 2954 1291 videns
3009 1237 3160 1294 Iesus
3211 1242 3404 1307 turbas,
3457 1245 3685 1299 ascendit
3731 1248 3785 1301 in

2200 1334 2439 1379 montem.
2461 1325 2528 1380 Et
2555 1343 2669 1380 cum
2691 1328 2923 1395 sedisset,
2956 1341 3278 1386 accesserunt
3303 1334 3370 1386 ad
3397 1351 3509 1388 eum
3539 1338 3789 1408 discipuli

2201 1419 2330 1487 ejus.
2365 1416 2433 1471 Et
2460 1420 2692 1488 aperiens
2722 1436 2778 1474 os
2804 1439 2974 1490 suum,
3009 1425 3217 1478 docebat
3245 1441 3330 1478 eos
3349 1465 3366 1491 ,
3395 1427 3563 1482 dicens
3585 1444 3605 1481 :
3628 1429 3790 1484 Beati

2202 1525 2450 1579 pauperes
2477 1512 2687 1582 spiritu,
2722 1514 2963 1581 quoniam
3009 1516 3236 1585 ipsorum
3276 1527 3348 1571 est
3390 1535 3595 1588 regnum
3627 1525 3789 1577 caelo-

2201 1617 2334 1666 rum,
2366 1611 2469 1657 etc.
2501 1602 2712 1672 (Matth.
2741 1606 2819 1673 v).

2273 1695 2458 1761 Qualis
2480 1697 2622 1750 enim
2651 1697 2890 1753 doctrina
2917 1702 2987 1755 sit
3017 1699 3252 1770 Christi,
3277 1712 3382 1759 etc.
3415 1705 3631 1773 Reliqua
3678 1709 3795 1763 ride

2211 1785 2433 1855 Operuut
2462 1788 2623 1841 sancti
2668 1789 2855 1845 Leonis
2902 1799 3039 1846 tomo
3069 1791 3124 1861 Ι,
3152 1791 3471 1867 Patrologiae
3502 1795 3659 1862 LIV,
3692 1800 3791 1855 col.

519 1863 720 1910 texere.
753 1855 866 1908 lloc
896 1862 1072 1908 autem
1107 1852 1284 1905 divina
1313 1852 1646 1920 providentia
1672 1860 1879 1906 constat
1900 1860 2100 1920 actum,
2130 1855 2180 1916 Β
2209 1852 2334 1941 46,,
2368 1877 2461 1930 ιίη.
2492 1878 2560 1931 57

519 1959 574 2001 ut
621 1948 820 2002 scilicet
873 1962 968 2016 per
1022 1947 1169 2014 plura
1222 1947 1516 2015 deportatis
1565 1946 1681 2000 loca
1729 1945 1885 2014 hujus
1942 1946 2100 2001 Luca

518 2037 856 2107 evangelista
888 2037 1291 2092 venerabilibus
1339 2037 1610 2106 reliquiis,
1649 2038 1794 2105 plura
1844 2037 2097 2092 virtutum

521 2133 672 2199 signa
713 2129 923 2193 tierent,
957 2128 1244 2198 pluresque
1275 2143 1368 2197 per
1401 2128 1716 2182 memoriam
1761 2125 2021 2181 doctrinae
2049 2135 2104 2182 et

519 2221 727 2274 virtutis
755 2220 870 2288 ejus
900 2220 963 2272 ad
997 2220 1153 2273 ﬁdem
1183 2234 1245 2273 ac
1283 2219 1626 2274 dilectionem
1676 2218 1884 2272 Domini
1932 2217 2103 2272 nostri

520 2311 647 2367 Iesu
675 2311 894 2375 Christi,
924 2326 1082 2380 quem
1111 2309 1441 2379 praedicavit,
1476 2309 1831 2364 conﬂuerent.
1857 2308 1954 2374 Qui
1981 2321 2104 2362 cum

521 2403 633 2458 Deo
655 2405 811 2458 Patre
838 2413 1130 2472 sanctoque
1153 2403 1355 2476 Spiritu
1390 2405 1577 2457 vivens
1602 2442 1618 2468 ,
1653 2409 1836 2472 regnat
1875 2415 1970 2473 per
2002 2400 2104 2456 im-

521 2510 710 2551 mensa
741 2496 935 2550 saecula
964 2496 1308 2552 saeculorum.
1343 2493 1540 2549 Amen.

1094 2646 1377 2704 IIOMILIA
1418 2645 1532 2700 LX.

1057 2777 1108 2816 IN
1162 2775 1336 2815 εουειι
1390 2774 1574 2814 πετο.

841 2874 944 2947 (Ex
975 2873 1113 2945 Opp.
1143 2874 1284 2929 beati
1309 2872 1556 2944 Gregorii
1599 2871 1800 2942 papa.)

595 2987 665 3043 In
688 2988 779 3044 illo
809 2997 1032 3059 tempore
1052 2987 1331 3057 designavit
1361 2984 1514 3040 Jesus
1539 2994 1586 3040 et
1614 2986 1746 3040 alios
1785 2985 2114 3056 septuaginta

527 3085 679 3150 duos,
711 3091 758 3136 et
788 3083 924 3136 misit
953 3083 1068 3136 illos
1109 3081 1250 3134 binos
1289 3088 1406 3133 ante
1430 3078 1618 3148 faciem
1643 3093 1810 3143 suam,
1831 3077 1885 3130 in
1917 3092 2114 3131 omnent

526 3177 775 3230 civitatem
812 3183 858 3229 et
886 3175 1052 3229 locum
1082 3189 1178 3242 quo
1216 3180 1322 3227 erat
1364 3173 1471 3241 ipse
1517 3180 1777 3224 venturus.
1811 3167 1876 3221 Et
1911 3168 2112 3222 dicebat

527 3267 630 3320 illis
655 3280 674 3318 :
702 3264 884 3318 Mossis
922 3263 1123 3333 quidem
1165 3260 1346 3325 multa,
1386 3259 1609 3328 operarii
1648 3274 1762 3312 vero
1799 3257 1972 3327 pauci,
1997 3264 2101 3312 etc.

538 3355 688 3425 (Luc.
723 3354 802 3424 ι).

605 3470 856 3524 Dominus
887 3476 941 3522 et
988 3467 1221 3521 salvator
1267 3474 1470 3529 noster,
1522 3464 1716 3519 fratres
1764 3461 2108 3528 charissimi,

530 3569 635 3614 etc.
667 3557 883 3627 Reliqua
921 3557 1036 3609 vide
1075 3556 1214 3624 apud
1244 3564 1472 3608 sanctum
1503 3554 1802 3624 Gregorium
1837 3551 2106 3624 Magnum,

534 3653 754 3720 Operam
783 3653 892 3723 ejus
920 3660 1053 3704 tomo
1086 3646 1172 3714 Il,
1203 3647 1519 3718 Patrologia.’
1542 3644 1797 3711 LXXVI,
1829 3647 1927 3700 col.
1949 3642 2104 3698 1158.

603 3744 657 3796 In
689 3744 822 3796 festo
846 3739 1089 3796 undecim
1120 3739 1346 3795 millium
1371 3741 1666 3811 virginum,
1698 3753 1879 3809 quaere
1902 3737 1970 3793 de
1999 3737 2108 3792 vir-

532 3835 762 3904 ginilius.

603 3929 675 3983 De
703 3935 886 3983 sancto
919 3927 1198 3993 Severino,
1223 3941 1401 3996 quzere
1430 3925 1485 3980 in
1517 3925 1812 3980 communi.

604 4020 676 4073 De
707 4022 839 4074 testo
867 4027 1175 4074 sanctorum
1220 4017 1454 4072 Simonis
1504 4026 1557 4071 et
1598 4015 1780 4084 Iudae,
1824 4029 2003 4085 quaere
2042 4013 2110 4070 de

532 4108 809 4177 apostolis.

1086 4257 1363 4315 HOMILIA
1403 4259 1538 4315 LXI.

872 4389 924 4430 IN
962 4388 1157 4430 VIGILIA
1195 4388 1401 4427 OINIUM
1441 4387 1782 4428 SANCTOBUI.

535 4492 633 4562 (Ex
685 4505 806 4546 ven.
859 4490 1014 4545 Beda:
1067 4490 1118 4544 in
1170 4491 1512 4560 Evangelium
1569 4490 1863 4546 secundum
1908 4489 2105 4546 Lucam

1029 4563 1383 4629 expositione,
1412 4561 1500 4615 lib.
1532 4562 1610 4616 tt.“

605 4692 668 4748 In
718 4696 807 4748 illo
852 4703 1074 4763 tempore
1115 4694 1317 4747 elevatis
1363 4693 1514 4749 Jesus
1559 4696 1720 4749 oculis
1749 4696 1798 4748 in
1829 4696 2109 4767 discipulos

536 4801 672 4849 suos,
699 4785 896 4838 dicebat
921 4799 938 4838 :
964 4782 1108 4838 Beati
1131 4799 1392 4854 pauperes,
1419 4787 1537 4854 quia
1566 4795 1780 4839 vestrum
1806 4797 1876 4839 est
1899 4803 2109 4856 regnum

537 4876 652 4940 Dei,
675 4885 780 4928 etc.
815 4875 964 4945 (Luc.
993 4875 1087 4944 vn).

605 4968 856 5035 Quamvis
888 4969 1210 5039 generaliter
1237 4970 1482 5024 omnibus
1521 4969 1782 5038 loquitur,
1823 4977 1928 5025 etc.
1963 4971 2109 5026 Reli-

536 5074 632 5127 qua
653 5059 762 5113 uide
791 5059 1012 5129 Operum
1061 5076 1173 5113 ven.
1208 5061 1392 5129 Bedtc,
1435 5070 1569 5113 tomo
1612 5058 1732 5126 III,
1787 5060 2112 5134 Patrologiw

537 5153 717 5224 XCII,
745 5157 842 5210 col.
877 5156 1002 5223 401,
1037 5155 1132 5210 lin.
1161 5155 1250 5208 M.

1088 5311 1368 5367 HOMILIA
1407 5309 1567 5367 LXII.

888 5444 941 5484 IN
978 5442 1142 5484 ηςτο
1177 5443 1379 5484 OMNIUM
1417 5443 1750 5486 SANCTORUM.

832 5540 931 5616 (Ex
960 5541 1096 5613 Opp.
1126 5558 1248 5599 ven.
1283 5541 1438 5597 Beda:
1469 5541 1816 5614 presbyteri.)

611 5649 1168 5720 Hodie,dileclissimi,
1190 5655 1427 5709 omnium
1452 5663 1753 5710 sanctorum
1768 5655 1867 5710 sub
1888 5669 1992 5710 una
2021 5670 2098 5711 so

547 5747 830 5812 .emnitate,
862 5757 964 5801 etc.
999 5746 1216 5816 Reliqua
1244 5748 1352 5801 vide
1385 5748 1608 5818 Operum
1645 5763 1756 5804 ven.
1787 5746 1940 5804 Beda:
1970 5758 2110 5804 tomo

553 5831 621 5901 V,
649 5833 953 5908 Patroloqia:
979 5837 1178 5904 XCIV,
1212 5841 1308 5894 col.
1344 5837 1470 5894 450.

2132 4584 2186 4646 Ι)

2273 1973 2328 2027 In
2357 1972 2496 2028 festo
2519 1975 2686 2031 sancti
2712 1975 2950 2045 Martini,
2976 1995 3158 2050 qurere
3180 1981 3244 2036 de
3271 1983 3701 2040 conlessoribus.

2275 2065 2350 2122 De
2378 2074 2560 2122 sancta
2589 2067 2893 2136 Catharina,
2925 2086 3104 2140 quaere
3129 2072 3198 2128 de
3227 2074 3548 2143 virginibus.

2762 2181 3044 2236 HOMILIA
3083 2183 3240 2239 LXV.

2723 2285 2775 2325 IN
2832 2288 2917 2325 DIE.
2974 2290 3272 2331 ANIIABUH.

2279 2360 2380 2429 (Ex
2402 2361 2536 2430 Opp.
2565 2361 2702 2416 beati
2736 2364 3047 2434 Augustini,
3077 2383 3239 2421 serm.
3277 2367 3345 2423 de
3371 2368 3715 2442 Scriptus-is.)

2207 2452 2284 2508 De
2320 2453 2494 2508 verbis
2523 2455 2781 2524 Apostoli,
2807 2468 2860 2508 ut
2886 2459 2947 2509 de
2975 2458 3341 2514 dormientibus
3387 2477 3483 2514 non
3519 2465 3801 2520 contriste-

2719 2542 2833 2578 mur
2858 2526 2908 2597 (Ι
2945 2528 3119 2582 Thess.
3154 2533 3249 2599 tv).
3305 2563 3312 2568 ι

2280 2612 2544 2669 Admonet
2587 2630 2684 2670 nos
2715 2617 2900 2671 beatus
2931 2620 3240 2686 Apostolus,
3268 2630 3372 2676 etc.
3411 2622 3630 2690 Reliqua
3679 2627 3796 2679 ride

2211 2706 2434 2773 Operam
2447 2709 2604 2762 sancti
2614 2710 2887 2781 Augustini
2900 2722 3032 2766 tomo
3055 2712 3614 2788 V,PatrologiarX.I'X
3629 2719 3795 2789 VIII,

2209 2797 2312 2851 col.
2345 2797 2470 2853 955.

2753 2890 3030 2947 IIOMILIA
3062 2893 3244 2949 LXVI.

2742 2994 2792 3034 IN
2841 2998 3016 3038 EODEI
3065 3000 3247 3040 FESTO.

2377 3067 2479 3137 (Ex
2499 3068 2709 3136 eodem,
2740 3072 2875 3127 inter
2904 3088 3178 3131 sermones
3207 3078 3626 3149 supposititios.)

2213 3157 2289 3216 De
2341 3159 2519 3217 verbis
2555 3162 2795 3233 Apostoli
2817 3205 2830 3227 ,
2863 3164 3072 3242 0_mnes_
3107 3185 3197 3242 nos
3247 3173 3571 3242 manifestari
3601 3184 3798 3242 oportet

2708 3243 2824 3288 ante
2848 3237 3072 3292 tribunal
3096 3238 3303 3297 Christi.

2279 3321 2525 3376 Omnium
2569 3322 2991 3380 Christianorum
3041 3342 3197 3396 spes,
3233 3331 3426 3386 fratres
3458 3331 3791 3399 charissimi,

2210 3421 2313 3468 etc.
2341 3413 2558 3483 Reliqua
2585 3415 2698 3469 vide
2723 3423 2856 3470 tomo
2883 3426 2938 3471 ut
2964 3434 3143 3490 supra,
3177 3419 3494 3495 Patroloyiar
3525 3423 3790 3492 XXXIX,

2211 3504 2312 3561 col.
2345 3504 2503 3561 1961.

2740 3602 3018 3658 HOMILIA
3059 3604 3268 3662 LXVII.

2629 3707 2682 3748 IN
2719 3709 2809 3748 DIE
2847 3709 3048 3750 OMNIUM
3087 3713 3389 3753 ANIIARUI.

2209 3784 2316 3840 Ἐκ
2351 3784 2517 3840 sancti
2539 3782 2816 3855 Augustini
2835 3786 2886 3910 iln
2910 3787 3127 3914 Ioangigs
3150 3789 3496 3928 {Evangelium
3515 3791 3778 3847 Tractatu

2872 3868 3002 3912 ract.
3125 3903 3136 3913 .

2872 3868 3002 3912 ract.
3046 3868 3136 3913 4U.

2212 3954 2286 4010 De
2309 3968 2373 4009 eo
2395 3953 2535 4024 quod
2571 3954 2824 4020 scriptum
2851 3962 2932 4006 est
2965 3955 3015 4007 in
3051 3954 3334 4021 Evangelio
3372 3954 3798 4020 sanetiJnannis,

2316 4041 2434 4094 cap.
2463 4041 2517 4078 x1
2545 4041 2559 4079 :
2593 4025 2718 4076 Erat
2741 4034 2902 4078 autem
2930 4026 3135 4092 quidam
3164 4028 3409 4095 languens
3437 4025 3691 4078 Lazarus.

2281 4116 2423 4170 Inter
2473 4115 2650 4170 omnia
2685 4114 2939 4169 miracula
2981 4129 3098 4173 qua:
3149 4115 3272 4169 fecit
3299 4114 3561 4168 Dominus
3594 4122 3798 4178 noster,

2210 4219 2313 4264 etc.
2349 4208 2567 4278 Reliqua
2591 4208 2700 4261 vide
2736 4208 2961 4275 Operam
2991 4215 3156 4262 sancti
3184 4209 3460 4278 Augustini
3502 4218 3643 4262 tonio
3679 4204 3800 4273 III,

2212 4299 2526 4369 Patrologiae
2548 4298 2704 4352 XXX
2721 4298 2786 4365 I’,
2819 4300 2921 4354 col.
2955 4298 3113 4354 1746.

2356 4434 2655 4497 INCIPIT
2701 4433 3095 4494 COMMUNE
3142 4431 3646 4493 SANCTORUM.

2739 4553 3017 4610 HOMILIA
3049 4553 3276 4608 LXVIII.

2806 4664 2872 4702 DE
2903 4660 3203 4701 APOS'I'OLIS.

2391 4742 2493 4810 (Ex
2519 4741 2655 4810 Opp.
2683 4742 2851 4794 sancti
2889 4740 3174 4809 Fulgentii,
3209 4739 3351 4794 inter
3383 4738 3619 4809 spuria.)

2285 4833 2516 4889 Delectat
2547 4841 2812 4886 tantorum
2848 4838 3074 4886 tractare
3100 4831 3415 4899 margaritas
3455 4838 3794 4892 sanctorum,

2211 4933 2313 4979 etc.
2350 4923 2566 4994 Reliqua
2591 4924 2701 4977 vide
2726 4924 2858 4976 inter
2888 4923 3057 4993 Opera
3083 4925 3247 4977 sancti
3287 4920 3575 4992 Fulgentii,
3606 4918 3802 4974 Patro-

2213 5014 2362 5086 logite
2390 5023 2524 5070 tanto
2552 5013 2727 5081 LXV,
2760 5014 2858 5067 col.
2892 5012 3017 5068 959.

2752 5125 3030 5181 HOMILIA
3069 5124 3252 5180 LXIX.

2634 5230 2686 5268 IN
2727 5231 2923 5271 VICILIA
2963 5229 3358 5270 APOSTOLOBUI.

2215 5305 2315 5379 {Ex
2345 5305 2484 5361 beati
2517 5305 2815 5430 Augustinil
2841 5305 3159 5431 intJoatnnsig
3189 5305 3537 5446 flvangelium
3569 5304 3809 5361 Tracta-

2820 5393 2874 5444 u,
2927 5392 3011 5430 rae
3043 5419 3056 5432 .
3167 5419 3177 5430 .

2820 5393 2874 5444 u,
2900 5392 3056 5432 tract.
3091 5392 3177 5430 δυ.

2282 5468 2350 5522 1η
2372 5467 2465 5522 illo
2489 5475 2711 5536 tempore
2740 5469 2869 5522 dixit
2897 5466 3047 5522 Jesus
3074 5469 3339 5536 discipulis
3367 5469 3474 5522 suis
3493 5484 3513 5523 :
3537 5465 3648 5539 Ego
3683 5483 3813 5522 sum

2212 5559 2326 5613 vitis
2356 5575 2490 5623 vera,
2523 5567 2567 5611 et
2592 5558 2750 5612 Pater
2777 5576 2922 5614 meus
2948 5559 3175 5632 agricola
3203 5571 3296 5626 est,
3328 5569 3435 5614 etc.
3471 5558 3653 5630 (Joan.
3681 5558 3810 5629 xv).

2285 5653 2386 5706 Iste
2419 5652 2566 5707 locus
2596 5654 2950 5723 evangelicus,
2984 5653 3175 5708 fratres
3197 5696 3212 5720 ,
3267 5661 3372 5708 etc.
3422 5651 3642 5720 Reliqua
3686 5651 3812 5706 ride

2218 5747 2443 5815 Operam
2469 5749 2630 5804 sancti
2645 5747 2916 5818 Augustini
2930 5755 3067 5804 tento
3081 5745 3174 5802 IIl
3185 5791 3200 5817 ,
3221 5746 3541 5818 Patrologiar
3555 5741 3718 5800 XXX
3730 5743 3808 5812 γ,

2211 5839 2313 5894 col.
2347 5837 2505 5896 1859.
