4096 6346
370 379 508 440 1587

910 489 1190 547 HOMILIA
1227 490 1390 548 LXX.

857 600 984 640 ιτεκ
1023 601 1089 640 DE
1128 601 1427 643 APOSTOLIS.

586 735 590 738 .
690 678 789 749 (Ex
814 677 951 748 Opp.
981 678 1121 734 beati
1146 678 1383 749 Gregorii
1416 689 1606 750 papaz.)

435 770 502 825 In
524 771 613 824 illo
630 779 852 840 tempore
875 771 1008 823 misit
1028 768 1179 826 Iesus
1200 771 1465 826 duodecim
1493 770 1770 841 discipulos
1790 787 1932 840 suos,

365 865 662 936 pracipiens
689 865 762 918 eis
790 873 838 918 et
860 863 1030 918 dicens
1051 878 1070 917 :
1099 862 1166 918 In
1189 865 1318 918 viam
1343 864 1568 936 gentium
1598 880 1660 918 ne
1688 865 1933 930 abieritis,

364 967 412 1012 et
459 959 515 1011 in
569 957 794 1011 ciuitates
843 956 1289 1011 Samaritanorum
1341 972 1404 1012 ne
1455 956 1759 1010 intraveritis
1783 999 1799 1026 ,
1848 956 1937 1010 sed

365 1049 532 1120 potius
585 1050 650 1102 ite
676 1048 744 1102 ad
785 1063 899 1102 oves
945 1063 1060 1116 quae
1097 1051 1356 1113 perierunt
1400 1049 1578 1103 domus
1609 1045 1802 1113 Israel,
1830 1057 1934 1104 etc.

365 1139 578 1211 (Matth.
606 1140 684 1210 χ).

433 1235 563 1289 Cum
595 1241 802 1288 constet
842 1232 966 1304 quia
995 1233 1324 1304 Redemptor
1371 1243 1556 1290 noster
1594 1234 1648 1290 in
1679 1233 1934 1290 mundum

365 1340 460 1394 pro
510 1325 878 1394 redemptione
925 1326 1162 1396 gentium
1211 1325 1394 1391 venit,
1425 1334 1528 1381 etc.
1580 1324 1797 1396 Reliqua
1826 1328 1938 1381 vide

365 1417 588 1485 Operam
613 1418 776 1473 sancti
798 1415 1032 1488 Gregorii
1057 1427 1194 1472 tomo
1213 1414 1300 1484 ΙΙ,
1333 1414 1643 1485 Patrologite
1669 1415 1816 1472 LXX
1831 1416 1932 1487 γι,

360 1509 455 1563 τοι.
490 1509 650 1566 1089.

902 1603 1182 1660 HOMILIA
1211 1602 1397 1660 LXXI.

861 1713 987 1754 ΙΤΕΙΙ
1027 1715 1094 1754 DE
1130 1713 1412 1755 APOSTOLIS
1422 1736 1436 1752 .

363 1789 464 1858 (Ex
487 1787 656 1846 sancti
680 1788 955 1863 Augustini
975 1791 1030 1846 in
1050 1791 1267 1847 Joannis
1291 1789 1634 1863 Evangelium
1653 1789 1920 1847 Tractatu.

971 1871 1127 1919 tract.
1154 1863 1338 1918 87-88.

433 1978 497 2032 In
533 1979 624 2034 illo
661 1987 882 2051 tempore
923 1982 1052 2037 dixit
1097 1981 1249 2040 Jesus
1298 1983 1561 2053 discipulis
1613 1984 1720 2038 suis
1745 1998 1765 2038 :
1806 1983 1933 2038 Herc

362 2072 550 2126 mando
595 2075 768 2140 vobis,
819 2084 875 2128 ut
924 2075 1147 2145 diligatis
1193 2075 1423 2132 invicem.
1478 2076 1538 2132 Si
1587 2077 1804 2131 mundus
1845 2092 1931 2130 vos

360 2164 464 2216 odit
489 2207 503 2231 ,
545 2167 721 2222 scitote
753 2167 872 2237 quia
909 2183 987 2223 me
1017 2169 1240 2239 priorem
1265 2171 1403 2225 vobis
1434 2170 1552 2224 odio
1587 2169 1794 2237 habuit,
1824 2178 1929 2225 etc.

359 2253 535 2323 (Joan.
566 2260 676 2331 xv).

429 2349 483 2402 In
516 2350 748 2407 lectione
793 2354 1094 2424 evangelica
1135 2369 1256 2425 qua:
1291 2355 1426 2410 hanc
1477 2355 1765 2422 antecedit,
1822 2364 1926 2410 etc.

355 2438 573 2508 Reliqua
597 2443 707 2496 vide
733 2443 955 2513 Operam
974 2445 1137 2501 sancti
1159 2447 1432 2518 Augustini
1457 2456 1591 2502 tonio
1604 2445 1724 2514 III,
1740 2445 1930 2504 Patro-

356 2533 505 2604 logia:
524 2533 679 2589 XXX
696 2533 760 2606 V,
787 2537 886 2591 col.
919 2535 1075 2593 I852.

886 2631 1164 2689 HOMILIA
1185 2631 1372 2688 LXXII

848 2742 974 2782 ITEII
1014 2744 1078 2782 DE
1119 2742 1426 2783 APOSTOLIS.

674 2819 776 2889 (Ex
802 2819 939 2890 Opp.
968 2820 1106 2875 beati
1137 2819 1379 2890 Gregorii
1408 2821 1601 2891 papae.)

424 2913 491 2969 In
512 2915 604 2969 illo
635 2925 857 2982 tempore
886 2913 1020 2967 dixit
1058 2912 1207 2966 Jesus
1237 2913 1502 2982 discipulis
1540 2913 1646 2968 suis
1667 2928 1686 2967 :
1716 2911 1830 2968 Hoc
1857 2924 1928 2969 est

353 3018 662 3078 praceptum
705 3021 900 3071 meum,
941 3014 997 3059 ut
1026 3005 1252 3071 diligatis
1294 3005 1546 3071 invicem,
1596 3005 1726 3059 sicut
1770 3003 1930 3060 dilexi

350 3114 458 3168 nos,
483 3109 586 3156 etc.
611 3098 787 3170 (Joan.
814 3097 928 3168 xv).

1361 379 1816 441 HOMILIARIUS.
1857 409 1925 426 -—-
1962 380 2127 439 110M.
2169 381 2258 437 DE
2295 380 2594 438 SANCTIS.

1973 497 2028 560 Α
2050 507 2146 564 pro
2170 492 2339 561 patria
2362 494 2673 564 sanguinem
2694 491 3027 550 fundendum
3051 507 3173 552 esse
3200 495 3496 564 duxerunt,
3515 511 3616 554 nec

3476 383 3618 442 1558

2043 583 2266 641 fundere
2316 585 2728 653 dubitaverunt,
2780 601 2884 656 quo
2927 587 3150 657 gloriam
3203 596 3325 658 post
3372 597 3607 646 mortem

2043 676 2206 732 etiam
2232 676 2367 746 apud
2401 685 2647 746 posteros
2676 675 2954 747 haberent,
2983 677 3080 735 sed
3106 694 3226 750 qua:
3253 680 3469 736 illorum
3499 680 3615 750 glo-

2039 768 2119 822 ria
2169 768 2493 840 martyribus
2547 774 2918 841 comparatur?
2963 771 3098 840 Quid
3153 773 3326 843 potuit
3376 775 3616 831 invenire

2039 859 2350 930 imperator,
2382 865 2525 932 quod
2555 865 2724 933 potuit
2755 865 2997 921 invenire
3030 867 3300 935 piscator?
3322 868 3618 940 Imperato-

2039 972 2182 1023 rum,
2204 957 2485 1013 consulum
2515 967 2570 1014 et
2596 958 2832 1013 virorum
2861 959 3098 1026 fortium,
3127 959 3218 1030 qui
3241 960 3427 1016 orbem
3450 962 3615 1017 armis

2040 1046 2365 1103 domuerunt
2390 1057 2444 1104 et
2468 1049 2916 1119 subjugaverunt,
2949 1051 3192 1120 sepulcra
3240 1062 3366 1108 sunt
3407 1052 3612 1109 Romae.

1983 1200 1996 1216 ο
2037 1137 2119 1193 Ad
2143 1139 2295 1209 cujus
2322 1143 2623 1210 sepulcrum
2655 1143 2855 1200 intrare
2885 1145 3136 1213 dignatus
3164 1154 3248 1200 est
3287 1147 3614 1215 imperator?

2039 1227 2108 1285 Et
2137 1238 2314 1286 tamen
2365 1232 2667 1289 diademate
2699 1235 2980 1304 deposito,
3026 1237 3091 1292 ad
3130 1236 3427 1307 sepulcrum
3458 1254 3614 1295 suum

2038 1329 2282 1376 orantem
2308 1325 2546 1392 suscepit
2573 1339 2694 1380 eum
2724 1326 2973 1395 piscator.
3005 1327 3145 1384 Ecce
3172 1329 3219 1383 si
3247 1337 3458 1384 terrena
3498 1331 3614 1400 glo-

2040 1411 2119 1466 ria
2150 1413 2321 1468 fuerat
2349 1415 2776 1484 concupiscenda
2824 1419 3178 1488 martyribus,
3217 1433 3315 1474 nec
3346 1421 3444 1488 ipsi
3472 1421 3614 1476 frau-

2038 1501 2148 1559 dati
2174 1514 2323 1574 sunt,
2349 1508 2440 1576 qui
2469 1508 2728 1564 honorem
2759 1519 2960 1565 tantum
2984 1510 3123 1568 inter
3148 1513 3366 1582 angelos
3389 1515 3614 1583 quaesie-

2041 1605 2184 1651 runt.
2221 1596 2474 1653 Videmus
2503 1616 2689 1657 eorum
2720 1603 2918 1672 glorias
2947 1604 3000 1660 in
3032 1605 3208 1670 terris,
3240 1614 3293 1660 et
3313 1615 3612 1675 stupemus.

2040 1688 2177 1754 Quid
2210 1700 2512 1760 pateremur
2537 1696 2582 1749 si
2619 1696 2674 1751 in
2705 1698 2856 1753 caelis
2888 1698 3226 1755 videremus?
3249 1700 3489 1767 Quantus
3515 1715 3616 1758 nos

2044 1788 2230 1850 stupor
2281 1783 2646 1842 admirationis
2705 1789 3171 1859 apprehenderet,
3221 1793 3266 1846 si
3313 1791 3616 1847 videremus

1956 1886 2008 1950 ῃ
2040 1883 2304 1946 martyres
2331 1875 2470 1932 inter
2496 1880 2717 1948 angelos
2755 1881 3048 1951 gloriantes
3070 1923 3086 1950 ,
3117 1897 3345 1952 quorum
3377 1884 3613 1938 natalitia

2036 1965 2276 2021 videmus
2310 1969 2534 2038 populos
2563 1971 2929 2028 celebrantes?
2952 1973 3056 2029 Sed
3086 1989 3186 2029 nos
3209 1974 3450 2029 volumus
3477 1989 3613 2044 gau-

2033 2057 2161 2115 dere
2186 2076 2306 2116 cum
2334 2065 2560 2129 sanctis,
2601 2073 2656 2120 et
2699 2065 3097 2124 tribulationem
3136 2068 3320 2124 mundi
3358 2069 3608 2124 nolumus

2033 2153 2302 2211 sustinere
2326 2169 2447 2212 cum
2477 2157 2603 2213 illis.
2632 2159 2736 2225 Qui
2766 2161 2910 2215 enim
2953 2172 3168 2219 sanctos
3207 2173 3477 2232 martyres
3523 2163 3609 2220 vel

2032 2243 2086 2299 in
2114 2256 2370 2316 quantum
2398 2253 2653 2320 potuerit,
2679 2254 2909 2311 noluerit
2937 2256 3153 2323 imitari,
3181 2257 3249 2312 ad
3277 2272 3462 2314 eorum
3485 2259 3608 2315 bea-

2033 2338 2313 2397 titudinem
2358 2357 2464 2398 non
2513 2344 2706 2414 poterit
2750 2349 3048 2416 pervenire.
3095 2349 3186 2407 Sic
3225 2360 3280 2406 et
3321 2351 3608 2423 Apostolus

2030 2431 2305 2502 praedicat,
2337 2433 2561 2492 dicens:
2591 2437 2932 2507 Si'fuerimus
2979 2441 3104 2496 socii
3153 2443 3466 2511 passionum,
3510 2444 3610 2498 eri-

2030 2542 2141 2580 mus
2188 2537 2236 2582 et
2283 2529 2688 2586 consolationum
2735 2531 2820 2600 (ll
2869 2532 2988 2588 Cor.
3030 2531 3094 2603 ι).
3145 2532 3214 2588 Et
3260 2533 3511 2590 Dominus
3555 2535 3612 2592 in

2031 2619 2320 2692 Evangelio
2346 2641 2358 2676 :
2389 2625 2450 2679 Si
2480 2626 2723 2694 mundus,
2756 2625 2956 2695 inquit,
2999 2641 3083 2680 vos
3109 2628 3236 2694 odit,
3284 2627 3461 2682 scitote
3487 2627 3610 2698 quia

2028 2728 2108 2766 me
2134 2714 2356 2783 priorem
2398 2715 2515 2770 odio
2550 2716 2726 2770 habuit
2757 2710 2939 2786 ('Joan.
2979 2721 3096 2786 xv).
3118 2717 3350 2774 Recusat
3394 2732 3516 2774 esse
3553 2714 3610 2775 in

2026 2816 2287 2874 corpore,
2325 2805 2414 2876 qui
2444 2806 2622 2862 odium
2663 2808 2846 2862 mundi
2877 2823 2983 2863 non
3022 2809 3137 2863 vult
3164 2810 3432 2866 sustinere
3480 2824 3603 2866 cum

2029 2898 2221 2968 capite.
2245 2899 2350 2954 Sed
2381 2898 2511 2955 dicit
2537 2899 2729 2970 aliquis
2761 2916 2773 2954 :
2807 2901 2873 2956 Et
2901 2902 3019 2972 quis
3041 2909 3147 2969 est,
3170 2901 3262 2972 qui
3287 2902 3454 2972 possit
3478 2901 3603 2958 bea-

2029 2997 2202 3044 torum
2231 2999 2530 3061 martyrum
2560 2991 2786 3061 vestigia
2834 2993 3026 3064 sequi?
3054 2994 3189 3050 Huic
3218 3008 3346 3065 ergo
3386 3009 3608 3064 respon-

2027 3082 2148 3152 deo,
2179 3085 2304 3154 quia
2326 3099 2432 3140 non
2463 3088 2637 3140 solum
2664 3094 2953 3156 martyres,
2984 3086 3080 3142 sed
3111 3088 3271 3142 etiam
3301 3087 3475 3157 ipsum
3503 3086 3606 3142 Do-

419 3192 550 3248 Cum
600 3199 788 3247 ευηοιδ
842 3204 994 3245 sacra
1037 3191 1246 3260 eloquia
1296 3190 1576 3246 dominicis
1620 3191 1775 3262 plena
1819 3189 1925 3246 είηι
1954 3250 1999 3262 _
2029 3175 2230 3230 minum
2259 3191 2381 3231 cum
2411 3177 2576 3246 ipsius
2602 3175 2872 3246 adiutorio
2895 3215 2911 3244 ,
2942 3177 2987 3230 si
3019 3176 3293 3244 volumus,
3327 3192 3605 3246 possumus
3685 3226 3690 3230 .

353 3283 654 3352 prteceptis,
685 3290 790 3338 etc.
823 3280 1042 3352 Reliqua
1077 3250 1193 3336 vide
1236 3282 1459 3352 Operum
1489 3250 1650 3348 sancti
1690 3282 1916 3355 Gregorii

2026 3266 2242 3324 imitari.
2279 3269 2416 3324 Audi
2445 3284 2552 3325 non
2586 3285 2704 3336 me,
2753 3269 2847 3325 sed
2887 3270 3060 3338 ipsum
3102 3269 3383 3325 Dominum
3422 3271 3606 3340 generi

349 3385 481 3433 torno
512 3374 599 3446 II,
632 3375 946 3447 Patrologia:
966 3372 1226 3441 LXXVI,
1254 3375 1355 3429 col.
1387 3372 1542 3454 i205.

867 3487 1141 3547 IIOMILIA
1170 3489 1398 3545 LXXIII.

733 3581 784 3620 ΙΝ
822 3579 1016 3620 NA'I'ALI
1057 3578 1212 3618 UNIUS
1253 3576 1528 3617 MARTYRIS.

413 3657 548 3725 Quia
571 3655 709 3711 beati
733 3655 981 3724 martyris
1004 3655 1193 3709 natalis
1216 3653 1375 3709 hodie
1398 3653 1572 3708 illuxit
1599 3652 1733 3720 dies,
1758 3667 1918 3722 quem

343 3749 656 3816 vobiscum,
701 3749 895 3802 fratres
934 3748 1233 3801 cliarissimi
1261 3790 1274 3813 ,
1319 3762 1414 3801 nos
1454 3747 1624 3801 voluit
1664 3746 1918 3802 Dominus

344 3845 655 3910 celebrare,
705 3842 904 3912 aliquid
950 3842 1178 3896 donante
1212 3840 1305 3896 illo
1334 3840 1402 3896 de
1429 3850 1718 3912 martyrum
1748 3839 1918 3906 gloria

341 3949 396 3998 et
426 3940 679 4010 patientia
710 3939 1061 4014 disseramus.
1092 3935 1272 3990 Gloria
1299 3935 1511 4004 quidem
1546 3932 1815 3987 mundana
1849 3931 1918 3986 ab

339 4032 424 4089 bis
450 4041 756 4100 contempta
778 4040 879 4095 est,
905 4040 957 4084 et
980 4030 1098 4084 ideo
1130 4029 1377 4096 patientia
1407 4027 1629 4096 probata
1658 4033 1759 4081 est.
1783 4024 1914 4078 Nam

341 4128 510 4200 gloria
536 4141 719 4181 eorum
753 4123 1064 4180 abscondita
1115 4123 1315 4177 latebat
1362 4121 1415 4176 in
1457 4121 1638 4188 caelis,
1673 4120 1794 4190 quia
1826 4133 1917 4188 pa-

340 4218 526 4274 tientia
553 4232 739 4272 eorum
770 4215 1122 4270 exercebatur
1154 4214 1206 4268 in
1236 4213 1414 4269 terris.
1450 4212 1548 4278 Qui
1582 4225 1688 4265 non
1717 4211 1916 4264 exhor-

336 4321 422 4368 ret
453 4326 636 4367 eorum
672 4310 1016 4379 patientiam,
1054 4305 1296 4378 pervenit
1322 4305 1386 4359 ad
1427 4305 1668 4373 gloriam.
1703 4303 1914 4360 Miseria

335 4413 554 4478 putatur
599 4405 705 4475 pati
753 4405 882 4459 dura
926 4412 980 4456 et
1009 4415 1198 4471 aspera
1231 4400 1281 4455 in
1327 4413 1518 4464 carne,
1561 4397 1682 4468 quia
1727 4412 1913 4453 revera

336 4499 622 4555 molestum
673 4506 774 4552 est.
805 4495 915 4549 Nisi
963 4501 1106 4549 esset
1149 4491 1398 4547 omnibus
1445 4490 1758 4555 molestum,
1805 4504 1909 4544 non

338 4598 484 4646 esset
531 4587 858 4659 martyribus
902 4584 1215 4654 gloriosum.
1247 4581 1423 4635 Multis
1464 4595 1590 4650 ergo
1622 4579 1830 4634 lascivis
1858 4586 1912 4634 et

335 4683 510 4738 avaris
561 4689 823 4750 martyres
871 4676 1042 4732 sancti
1094 4675 1327 4730 insanire
1365 4673 1467 4728 visi
1509 4681 1670 4736 sunt,
1702 4671 1910 4740 quando

335 4789 431 4846 pro
474 4772 674 4828 Christi
728 4770 944 4824 nomine
991 4777 1136 4822 tanta
1193 4764 1548 4835 patiebantur.
1599 4761 1806 4818 Etenim
1852 4770 1910 4817 ut

335 4882 455 4922 eum
488 4872 765 4934 negarent,
801 4859 1149 4929 urgebantur.
1178 4860 1281 4914 Alii
1307 4873 1432 4926 ergo
1456 4856 1618 4928 virgis
1642 4863 1697 4912 et
1728 4854 1909 4926 ﬂagel-

334 4963 400 5018 lis
428 4961 726 5016 diutissime
749 4967 872 5012 sunt
899 4954 1184 5020 verberati,
1215 4954 1304 5008 alii
1329 4951 1560 5007 fustibus
1584 4958 1638 5006 et
1667 4949 1907 5019 plumba-

337 5053 406 5110 tis
434 5054 580 5118 caesi,
612 5050 703 5105 alii
743 5047 1078 5104 membratim
1110 5045 1326 5110 laniati,
1359 5044 1449 5098 alii
1486 5041 1664 5112 gladio
1710 5040 1906 5106 occisi,

336 5144 428 5199 alii
454 5120 746 5207 excori'ati,
798 5139 917 5208 pice
964 5135 1286 5206 plumboque
1326 5135 1527 5203 liquato
1557 5131 1786 5202 perfusi,
1821 5129 1909 5186 alii

338 5233 532 5290 ardore
564 5244 854 5301 prunarum
884 5227 1206 5296 excruciati,
1232 5236 1286 5282 et
1313 5225 1404 5280 alii
1433 5224 1662 5279 ﬂammis
1693 5223 1906 5289 exusti,

336 5327 426 5382 alii
454 5324 666 5395 quidem
691 5323 746 5379 in
775 5336 924 5378 mare
951 5319 1150 5386 mersi,
1177 5319 1270 5374 alii
1295 5318 1480 5374 bestiis
1519 5314 1789 5386 deputati,
1817 5314 1906 5368 alii

335 5433 610 5476 carcerum
654 5425 778 5472 sunt
824 5416 1048 5472 horrore
1095 5423 1150 5469 et
1185 5412 1322 5467 fame
1352 5411 1547 5467 necati.
1581 5410 1721 5476 Quot
1763 5405 1907 5462 enim

336 5527 535 5583 genera
584 5524 857 5582 pinnarum
888 5515 944 5564 et
974 5509 1224 5562 mortium
1257 5503 1428 5558 hostis
1474 5501 1778 5571 excogitare
1808 5511 1906 5568 po-

337 5615 495 5673 terat,
529 5613 608 5660 tot
631 5602 953 5674 martyribus
997 5600 1114 5656 sine
1151 5599 1257 5655 ulla
1305 5596 1647 5654 miseratione
1693 5590 1903 5660 inﬂige-

335 5698 444 5754 bat.
467 5697 571 5754 Sed
603 5696 704 5766 ipsi
735 5696 857 5751 licet
885 5695 937 5750 in
985 5701 1172 5763 aperto
1223 5689 1439 5746 horrida
1493 5694 1820 5758 paterentur,
1850 5681 1903 5736 in

332 5791 540 5848 occulto
570 5800 745 5846 tamen
775 5787 1113 5846 ineliabiliter
1157 5782 1575 5841 coronabantur.
1607 5779 1756 5835 Multi
1787 5774 1904 5846 qui-

329 5885 450 5942 dem
472 5884 697 5955 gloriam
719 5892 984 5942 terrenam
1025 5880 1392 5953 quaesierunt,
1425 5874 1574 5934 multi
1604 5872 1704 5932 viri
1734 5870 1904 5930 fortes

2025 3361 2260 3418 humano
2286 3362 2627 3433 clamantem,
2660 3372 2715 3420 et
2743 3365 3011 3422 dicentem
3039 3381 3050 3417 :
3079 3364 3268 3419 Discite
3295 3381 3326 3418 a
3346 3379 3457 3431 me,
3483 3364 3605 3434 quia

2024 3453 2161 3507 mitis
2188 3470 2302 3507 sum
2321 3463 2366 3508 et
2395 3455 2603 3510 humilis
2632 3459 2787 3512 corde
2824 3455 3041 3528 (Matth.
3063 3464 3166 3525 ιι).
3194 3457 3330 3510 Audi
3379 3465 3435 3510 et
3480 3457 3606 3512 bea-

2023 3554 2134 3602 tum
2172 3547 2386 3604 Petrum
2435 3550 2736 3618 apostolum
2780 3549 3194 3606 admonentem:
3221 3548 3480 3615 Christus,
3517 3548 3602 3603 in-

2023 3640 2155 3708 quit,
2186 3657 2280 3709 pro
2311 3641 2450 3694 nobis
2477 3657 2656 3710 passus
2683 3651 2778 3710 est,
2808 3644 3099 3712 relinquens
3130 3643 3268 3696 vobis
3291 3641 3602 3711 exemplum,

2024 3741 2076 3784 ut
2099 3734 2380 3800 sequamini
2407 3734 2615 3802 vestigia
2637 3736 2747 3803 ejus
2768 3732 2820 3804 (Ι
2852 3733 2995 3787 Ρειν.
3019 3736 3105 3803 it).
3134 3733 3392 3790 Similiter
3406 3733 3602 3788 Paulus

2021 3823 2292 3889 apostolus
2333 3822 2572 3877 clamat:
2616 3822 2908 3877 lmitalores
2958 3823 3056 3877 Dei
3095 3833 3282 3891 estote,
3327 3825 3460 3878 sicut
3501 3824 3601 3892 ﬁlii

2022 3916 2308 3969 charissimi
2357 3916 2519 3987 (Eph.
2563 3917 2639 3985 v).
2692 3918 2827 3984 Quid
2880 3916 2944 3971 ad
2994 3916 3107 3972 haec
3153 3917 3599 3986 respondebimus

2019 4007 2232 4076 fratres,
2263 4007 2349 4063 vel
2382 4023 2541 4078 quam
2571 4009 2965 4064 excusationem
3013 4007 3210 4063 habere
3253 4008 3591 4076 poterimus?

2018 4099 2076 4156 Si
2109 4099 2204 4154 tibi
2231 4100 2422 4168 aliquis
2449 4100 2610 4166 dicat,
2641 4102 2865 4156 virtutes
2891 4114 3021 4168 quas
3050 4102 3171 4156 fecit
3205 4100 3476 4166 Dominus,
3504 4099 3599 4156 de-

2017 4192 2146 4246 beas
2191 4191 2417 4257 imitari,
2450 4191 2593 4261 justa
2624 4200 2800 4261 potest
2839 4205 2958 4247 esse
2996 4193 3272 4246 excusatio
3305 4202 3427 4259 tua,
3475 4192 3597 4262 quia

2017 4284 2237 4339 virtutes
2265 4293 2317 4338 et
2349 4284 2605 4338 mirabilia
2638 4284 2834 4352 facere,
2871 4298 2975 4338 non
3005 4285 3250 4338 omnibus
3279 4282 3461 4337 datum
3484 4292 3590 4351 est,

2017 4380 2110 4435 sed
2139 4378 2408 4434 custodire
2426 4379 2671 4434 mandata
2702 4377 3078 4445 Dei,omnibus
3096 4381 3248 4433 nobis
3271 4388 3594 4448 praeceptum

2015 4480 2119 4526 est.
2147 4470 2279 4525 Nam
2308 4480 2361 4525 et
2390 4471 2505 4542 ipse
2534 4471 2789 4525 Dominus
2821 4481 3005 4526 noster
3029 4469 3184 4526 Jesus
3215 4471 3464 4526 Christus
3488 4487 3594 4526 non

2015 4562 2186 4618 dixit:
2219 4563 2416 4618 Discite
2443 4578 2470 4616 a
2501 4578 2586 4618 me
2624 4573 2863 4618 mortuos
2903 4563 3194 4628 suscitare,
3230 4580 3391 4633 super
3429 4579 3594 4633 aquas

2014 4654 2172 4710 siccis
2204 4654 2425 4724 pedibus
2464 4656 2762 4710 ambulare.
2803 4653 2908 4711 Sed
2951 4654 3076 4724 quid
3121 4655 3231 4709 ait?
3281 4656 3414 4723 Quia
3458 4657 3593 4710 mitis

2013 4765 2125 4804 sum
2165 4757 2213 4801 et
2255 4749 2462 4803 humilis
2506 4749 2677 4803 corde.
2728 4750 2794 4803 Et
2841 4748 3033 4803 iterum
3068 4765 3082 4800 :
3113 4749 3324 4818 Dillgite
3362 4751 3594 4804 inimicos
3635 4731 3640 4740 ’

2013 4850 2222 4906 vestros,
2254 4842 2531 4912 benefacite
2559 4843 2637 4896 his
2665 4843 2751 4914 qui
2777 4842 2996 4896 oderunt
3027 4856 3134 4908 vos,
3153 4850 3208 4893 ut
3233 4841 3341 4894 sitis
3371 4841 3469 4909 ﬁlii
3493 4840 3592 4894 Pa-
3630 4900 3641 4910 ⁸

2015 4936 2108 4990 tris
2138 4937 2288 4990 vestri
2314 4938 2401 5006 qui
2429 4939 2482 4991 in
2511 4938 2646 4991 caelis
2673 4946 2769 5002 est,
2800 4937 2886 5006 qui
2913 4936 3072 4990 solem
3114 4950 3264 4988 suum
3304 4935 3426 4987 oriri
3465 4935 3591 5004 facit
3621 4944 3623 4948 '

2015 5044 2167 5100 super
2210 5030 2364 5084 bonos
2408 5041 2452 5084 et
2496 5033 2655 5085 malos
2694 5029 2909 5100 (Matth.
2953 5031 3026 5097 v).
3068 5027 3135 5082 Et
3175 5026 3299 5081 licet
3337 5026 3444 5082 sint
3487 5027 3590 5084 alia

2015 5121 2181 5175 multa
2211 5121 2346 5177 bona
2375 5123 2612 5178 remedia
2644 5121 2837 5189 quibus
2868 5119 3034 5173 Deum
3065 5117 3359 5173 debeamus
3379 5127 3432 5172 et
3457 5119 3588 5174 bea-

2016 5223 2098 5269 tos
2128 5225 2390 5284 martyres
2413 5215 2629 5276 imitari,
2657 5212 2757 5268 ista
2787 5221 2964 5268 tamen
2995 5212 3100 5267 duo
3125 5214 3395 5283 praecipua
3430 5223 3584 5283 sunt,

2012 5303 2065 5358 id
2096 5315 2197 5371 est,
2228 5315 2286 5360 ut
2310 5306 2466 5360 mites
2493 5307 2662 5360 simus
2689 5314 2743 5359 et
2770 5304 3001 5360 humiles
3032 5306 3194 5360 corde
3214 5345 3229 5372 ,
3255 5314 3311 5360 et
3341 5305 3586 5361 inimicos

2009 5405 2222 5453 nostros
2254 5404 2364 5450 toto
2386 5395 2546 5451 corde
2574 5404 2628 5450 et
2656 5397 2778 5451 totis
2809 5397 3007 5452 viribus
3034 5399 3334 5466 diligamus.
3362 5396 3436 5452 De
3456 5396 3581 5452 dili-

2010 5489 2197 5560 gendis
2227 5489 2477 5557 inimicis,
2507 5489 2703 5545 fratres
2722 5489 3046 5559 cltarissimi,
3065 5491 3241 5546 nullus
3270 5505 3498 5560 unquam
3531 5492 3582 5547 in

2014 5583 2244 5638 veritate
2267 5597 2326 5638 se
2355 5582 2550 5651 poterit
2581 5599 2858 5641 excusare.
2893 5583 3074 5641 Potest
3113 5585 3246 5638 mihi
3272 5583 3466 5653 aliquis
3495 5583 3579 5638 di-

2007 5689 2154 5741 cere,
2187 5689 2291 5729 non
2324 5689 2540 5743 possum
2577 5673 2854 5745 jejunare,
2896 5692 3001 5732 non
3047 5692 3259 5746 possum
3302 5690 3388 5733 res
3436 5689 3581 5730 meas

2007 5783 2196 5825 omnes
2223 5765 2546 5838 pauperibus
2574 5766 2707 5824 dare
2735 5776 2788 5825 et
2813 5769 3075 5824 ecclesiis.
3115 5766 3363 5839 Nunquid
3408 5774 3584 5838 potest

2007 5862 2210 5931 dicere,
2233 5877 2338 5922 non
2363 5875 2580 5930 possum
2607 5860 2862 5932 diligere?
2886 5861 2990 5920 Sed
3014 5861 3141 5920 dicit
3157 5861 3346 5934 aliquis
3371 5875 3385 5916 :
3409 5859 3579 5917 Tanta
