4096 6346
524 346 668 406 1559

1374 346 1578 405 PAULI
1614 344 1889 405 DIACONI
1926 344 2093 402 OPP.
2135 342 2311 404 PARS
2348 349 2415 406 ll.
2455 378 2523 393 -
2559 350 2913 410 ABOETICA.

3648 350 3784 423 isto

522 467 662 522 mala
687 465 937 521 inimicus
963 477 1115 521 meus
1142 465 1272 521 mihi
1304 465 1447 533 fecit,
1476 477 1535 522 ut
1557 481 1681 523 eum
1711 466 1854 521 nulla
1883 465 2092 521 ratione
2117 464 2173 523 Α
2196 478 2379 521 murus
2425 470 2639 537 quidam
2689 470 2874 525 bestite
2921 468 3113 525 ﬁebam
3161 474 3377 539 ovibus,
3425 484 3481 527 ut
3531 491 3629 530 nec
3668 479 3786 550 iuga

524 557 724 629 possim
752 557 993 627 diligere.
1026 558 1269 612 Attendis
1297 558 1424 627 quid
1468 558 1660 614 iecerit
1690 558 1787 612 tibi
1819 557 1981 612 homo
2002 595 2020 625 ,
2048 564 2104 613 et

525 668 633 709 non
662 651 892 706 attendls
923 651 1048 721 quid
1078 661 1133 705 ta
1178 651 1367 706 ieceris
1410 651 1558 706 Deo?
1605 652 1664 707 Si
1708 651 2102 708 conscientiam

526 754 670 800 tuam
692 745 979 814 diligenter
1006 743 1229 798 discutis
1273 754 1328 800 et
1372 745 1598 814 inquiris
1620 785 1634 807 ,
1664 747 1785 800 sine
1812 746 1918 800 ulla
1957 758 2107 800 com-

527 836 841 904 pensatione
869 834 1069 903 majora
1102 846 1315 903 peccata
1344 837 1637 892 committis
1659 838 1710 891 in
1731 837 1921 901 Deum,
1945 850 2105 906 quam

527 928 583 982 in
609 938 661 982 te
685 927 1017 981 commiserit
1043 928 1223 981 homo.
1250 927 1314 982 Et
1346 928 1470 997 quia
1492 927 1627 983 forte
1654 929 1733 983 vis
1755 938 1809 983 ut
1835 929 1932 983 tibi
1963 929 2109 983 Deus

527 1019 775 1087 dignetur
798 1019 1066 1073 dimittere
1095 1020 1341 1084 multum,
1365 1034 1460 1074 cur
1483 1030 1535 1074 tu
1566 1035 1671 1075 non
1700 1020 2003 1089 acquiescis
2023 1017 2112 1072 di-

529 1113 741 1166 mittere
770 1112 994 1181 parum?
1028 1112 1133 1167 Vos
1163 1121 1341 1168 autem
1367 1114 1558 1169 fratres
1592 1113 1714 1183 quia
1748 1113 1988 1182 quotidie
2028 1112 2112 1166 di-

528 1202 647 1257 citis
677 1201 785 1257 Deo
815 1203 869 1256 in
901 1205 1159 1267 oratione,
1185 1204 1380 1260 dimitte
1399 1206 1539 1259 nobis
1558 1205 1724 1258 debita
1746 1215 1953 1270 nostra,
1976 1208 2115 1259 sicut

526 1302 574 1348 et
604 1309 696 1347 nos
720 1294 1019 1349 dimittimus
1056 1296 1361 1350 debitoribus
1396 1298 1611 1359 nostris,
1636 1298 1903 1363 dimittite,
1936 1306 1991 1351 et
2024 1298 2113 1351 di-

527 1384 748 1437 mittetur
773 1385 911 1441 vobis
940 1386 1090 1455 (Luc.
1119 1387 1216 1457 vt).
1249 1388 1363 1456 Ipsa
1393 1388 1533 1443 enim
1561 1388 1754 1444 veritas
1778 1381 1973 1443 clamat
1996 1398 2115 1443 ter-

528 1476 751 1532 ribiliter
794 1486 850 1532 et
890 1478 1055 1533 dicit:
1097 1478 1158 1533 Si
1193 1495 1280 1534 vos
1323 1495 1425 1533 non
1474 1480 1764 1533 dimiseritis
1814 1479 2118 1533 hominibus

529 1580 731 1638 peccata
755 1587 960 1637 eorum,
990 1588 1079 1626 nec
1102 1572 1255 1627 Pater
1281 1582 1440 1628 vester
1467 1574 1677 1629 calcatis
1706 1576 1927 1628 dimittet
1958 1574 2110 1629 vobis

530 1674 735 1730 peccata
774 1673 935 1717 vestra
982 1664 1196 1733 (Matth.
1245 1671 1339 1734 vr).
1387 1667 1660 1721 Imitemur
1704 1682 1835 1735 ergo
1883 1676 2117 1721 sanctos

529 1766 793 1825 martyres
826 1757 878 1811 in
910 1758 1035 1823 ﬁde,
1064 1759 1115 1812 in
1145 1759 1472 1823 humilitate,
1501 1760 1551 1813 in
1584 1759 1988 1814 mansuetudine
2008 1797 2025 1823 ,
2057 1760 2108 1812 in

2206 567 2586 612 conservarent
2626 560 2854 614 salutem
2894 562 3279 617 circumvallati
3309 564 3564 635 undique.
3609 570 3653 622 Ο
3680 570 3790 625 vir-

2209 651 2291 699 tus
2319 648 2574 703 mittentis
2605 650 2654 704 in
2686 651 2863 705 medio
2888 652 3134 722 luporum
3156 669 3304 710 oves.
3337 656 3391 710 In
3418 657 3641 713 eircuitu
3662 659 3788 731 lupi,

2207 748 2262 792 et
2290 742 2473 794 mutati
2499 749 2626 796 sunt
2667 741 2797 812 lupi,
2826 754 2881 798 et
2910 744 3034 799 laeti
3060 756 3180 800 sunt
3208 760 3356 803 oves.
3391 749 3501 803 Nec
3526 752 3671 806 enim
3698 768 3788 809 na-

2212 833 2470 897 tura,sed
2503 834 2783 889 voluntate
2828 835 2937 903 lupi
2975 846 3149 892 erant.
3201 838 3333 893 Ecce
3379 829 3474 911 ego
3510 844 3660 897 mitto
3688 861 3788 899 ros.

2218 923 2357 990 Quid
2408 940 2535 993 ergo
2586 928 2740 982 nobis
2789 930 3085 998 principis?
3126 930 3303 987 Estote
3346 936 3623 1004 prudentes
3671 941 3793 993 sicut

2211 1026 2486 1083 serpentes,
2516 1028 2565 1070 et
2607 1018 2869 1087 simplices
2896 1027 2955 1074 ιιι
2999 1022 3264 1077 columba.
3305 1025 3487 1080 Cavete
3537 1037 3706 1081 autem
3733 1031 3792 1083 ab

2216 1106 2525 1174 hominibus,
2558 1110 2755 1163 tradent
2782 1113 2916 1165 enim
2945 1128 3031 1166 vos
3056 1113 3109 1166 in
3137 1116 3385 1179 conciliis,
3426 1127 3533 1173 etc.
3566 1120 3794 1189 Serpens

2215 1198 2317 1252 etsi
2357 1200 2550 1255 millies
2603 1202 2935 1270 vulneretur,
2983 1206 3146 1275 caput
3185 1216 3364 1261 autem
3397 1221 3554 1263 suum
3605 1212 3792 1276 salvet,

2218 1297 2360 1344 totus
2386 1299 2471 1345 est
2508 1304 2692 1347 sanus.
2738 1290 2829 1348 Sic
2858 1304 2914 1349 et
2961 1306 3015 1350 tu
3043 1296 3409 1366 silpecuniam
3454 1300 3796 1357 adversarius

2220 1384 2409 1439 tollere
2437 1386 2569 1449 vult,
2603 1386 2776 1441 libens
2804 1388 2957 1443 cede.
2991 1389 3057 1443 Et
3084 1392 3127 1445 sl
3161 1400 3351 1445 omnes
3394 1391 3675 1450 facultates
3701 1411 3797 1450 au-

2223 1474 2361 1529 ferre
2415 1486 2665 1544 conatur,
2723 1478 2952 1534 dimitte.
3019 1480 3087 1534 Et
3137 1482 3183 1536 si
3238 1486 3405 1552 ipsam
3452 1486 3799 1554 temporalem

2222 1568 2382 1621 vitam
2412 1578 2552 1622 tuam
2583 1578 2904 1637 extorquere
2951 1571 3119 1639 cupit,
3166 1588 3237 1629 ne
3263 1576 3507 1645 resistas.
3545 1577 3803 1633 Tantum-

2222 1661 2379 1714 modo
2429 1662 2549 1716 lidei
2604 1671 2711 1717 tute
2764 1663 3165 1733 simplicitatem
3217 1654 3445 1737 custodi,
3504 1672 3595 1726 illa
3644 1674 3803 1729 illaesa

2224 1765 2492 1820 manente,
2525 1756 2765 1810 universa
2817 1759 3116 1827 ingruentia
3159 1762 3299 1817 mala
3344 1764 3596 1819 facillima
3628 1775 3802 1822 erunt.

531 1849 801 1915 patientia,
834 1849 885 1903 iu
914 1850 1319 1918 longanimitate
1340 1894 1354 1918 ,
1388 1855 1439 1907 in
1470 1853 1794 1917 dilectione,
1827 1864 1880 1909 et
1910 1854 1989 1909 sic
2023 1870 2116 1922 po-
2148 1834 2198 1894 Β
2223 1847 2403 1901 Νυάυδ
2433 1849 2586 1902 exis“
2619 1850 2686 1903 de
2723 1860 2909 1905 ventre
2954 1853 3141 1907 matris
3191 1863 3318 1919 tute,
3360 1856 3537 1911 nudus
3582 1867 3642 1911 et
3687 1858 3800 1912 ibis.

532 1941 751 1994 terimus
794 1941 939 2010 ipsos
981 1954 1241 2015 martyres
1285 1946 1422 2014 apud
1471 1944 1759 2000 Dominum
1813 1946 2009 2000 habere
2041 1947 2120 2000 in-

531 2040 891 2096 tercessores,
952 2034 1021 2088 ita
1075 2044 1133 2088 ut
1190 2046 1404 2104 peccata
1461 2049 1642 2092 nostra
1697 2037 2018 2103 deleantur,
2067 2048 2122 2093 et

531 2124 748 2192 praemia
802 2126 955 2179 nobis
1001 2135 1200 2181 aeterna
1255 2128 1625 2195 conferantur,
1677 2138 1968 2198 praestante
2017 2131 2122 2185 Do-

531 2214 675 2268 mino
705 2227 923 2283 nostro,
952 2219 1040 2287 qui
1076 2220 1206 2274 vivit
1235 2231 1288 2276 et
1318 2230 1505 2290 regnat
1550 2222 1605 2275 in
1641 2223 1840 2277 sacula
1890 2224 2121 2278 saculo-

532 2321 671 2363 tum.
702 2318 895 2363 Amen.

1050 2402 1334 2458 HOMILIA
1370 2403 1603 2459 LXXIV.

1078 2511 1144 2548 DE
1172 2510 1275 2550 UNO
1297 2513 1565 2551 ΜΛΒἸὝΙΕ.

890 2588 989 2658 (Es
1019 2589 1153 2658 Opp.
1179 2590 1319 2645 beati
1349 2590 1766 2663 Chrysostomi.)

605 2677 674 2732 In
702 2678 793 2733 illo
815 2686 1041 2747 tempore
1069 2681 1199 2735 dixit
1218 2680 1369 2736 Iesus
1399 2683 1666 2755 discipulis
1694 2686 1804 2739 suis
1825 2699 1846 2739 :
1871 2684 2007 2739 Ecce
2030 2700 2120 2755 ego

532 2772 678 2827 mitto
701 2788 787 2827 vos
813 2774 941 2827 sicut
961 2789 1076 2828 aues
1097 2775 1152 2827 in
1180 2775 1347 2828 medio
1377 2776 1635 2843 luporum,
1662 2784 1768 2832 etc.
1798 2775 2020 2845 (Matth.
2038 2773 2114 2845 ιι).

605 2865 959 2934 Peragrarunt
990 2882 1017 2919 a
1050 2865 1281 2922 Domino
1324 2866 1476 2921 missi
1524 2867 1753 2935 apostoli
1796 2868 1978 2923 orbem
2009 2878 2119 2921 ter-

535 2973 736 3019 rarum,
764 2969 821 3012 et
850 2958 1116 3012 inﬁrmum
1156 2974 1277 3014 eum
1308 2960 1680 3025 invenientes,
1722 2961 1787 3013 ad
1835 2960 2118 3015 sanitatem

535 3053 881 3119 reduxerunt,
907 3062 962 3105 et
986 3053 1040 3107 in
1070 3053 1409 3108 tribulatione
1430 3064 1484 3108 et
1513 3055 1563 3108 in
1594 3056 1746 3107 ruina
1778 3054 2031 3121 positum,
2054 3052 2118 3105 ad

534 3147 873 3202 stabilitatem
903 3157 1315 3203 revocaverunt.
1340 3148 1454 3203 Non
1478 3157 1627 3204 scuta
1671 3158 1947 3202 moventes
1968 3182 1983 3213 ,
2014 3162 2117 3202 non
2148 3186 2195 3250 ς

536 3253 689 3292 arcus
723 3240 1039 3307 tendentes,
1083 3257 1187 3295 non
1217 3244 1439 3311 sagittas
1480 3243 1753 3297 mittentes
1775 3280 1790 3305 ,
1817 3256 1921 3295 non
1952 3256 2117 3310 pecu-

538 3333 678 3387 niam
712 3334 1034 3404 largientes,
1085 3350 1190 3388 non
1223 3334 1583 3405 eloquentiam
1629 3333 1991 3398 conﬁdentes,
2025 3332 2119 3388 sed

537 3435 689 3480 erant
717 3426 844 3479 nudi
875 3426 1089 3496 quidem
1122 3428 1352 3496 saeculo,
1385 3429 1476 3482 sed
1510 3428 1679 3482 induti
1708 3426 1962 3491 Christo;
1995 3442 2123 3496 pau-

544 3532 726 3586 peres,
754 3518 848 3573 sed
874 3517 1101 3585 divites;
1134 3521 1359 3590 pecunia
1400 3520 1731 3591 indigentes,
1776 3521 1869 3575 sed
1900 3534 2119 3588 regnum

540 3612 800 3666 caelorum
852 3612 1220 3679 possidentes;
1251 3628 1354 3666 non
1402 3612 1632 3668 humana
1681 3611 1871 3667 solatia
1923 3613 2124 3667 haben-

541 3713 657 3772 tes,
690 3704 949 3761 habentes
972 3716 1149 3761 autem
1182 3705 1464 3762 Dominum
1513 3721 1692 3763 suum.
1723 3705 1871 3778 Ego,
1919 3706 2120 3774 inquit,

539 3798 797 3849 vobiscum
836 3815 948 3851 sum
987 3800 1218 3853 omnibus
1266 3800 1443 3854 diebus
1490 3812 1650 3867 usque
1690 3801 1759 3853 ad
1804 3814 2125 3853 consumma-

542 3893 729 3941 tionem
779 3891 954 3944 swculi
1003 3891 1216 3958 (Matth.
1245 3892 1455 3960 xxvtu).
1508 3893 1864 3962 Peragrarunt
1912 3893 2125 3945 univer-

542 3990 658 4037 sttm
690 3986 873 4038 urbem
928 3994 1224 4049 terrarum,
1277 3999 1405 4038 oves
1445 3986 1601 4038 simul
1642 4001 1761 4039 cum
1809 3986 1962 4051 lupis.
1995 3984 2125 4050 Quis

544 4077 711 4129 vidit?
737 4077 866 4141 Quis
886 4076 1123 4129 audivit?
1149 4076 1305 4139 Dicit,
1341 4075 1547 4129 Mittam
1588 4090 1678 4129 vos
1714 4087 1769 4128 ut
1797 4091 1911 4129 oves
1942 4077 1994 4129 in
2024 4093 2124 4129 me-

543 4169 628 4222 dio
658 4172 915 4237 luporum.
940 4172 1071 4238 Quis
1101 4186 1332 4239 unquam
1366 4180 1548 4239 pastor
1581 4186 1709 4226 oves
1744 4173 1907 4225 mittit
1933 4172 1986 4225 in
2017 4187 2125 4227 me-

547 4261 634 4315 dio
663 4263 905 4330 luporum
930 4305 943 4328 ,
976 4264 1069 4317 sed
1103 4264 1270 4332 magis
1315 4264 1360 4319 si
1388 4263 1587 4319 viderit
1635 4265 1809 4333 lupos,
1841 4273 2129 4335 congregat

545 4354 715 4407 oves?
761 4356 829 4407 At
880 4369 1007 4408 vero
1058 4354 1303 4410 Christus
1349 4355 1618 4411 contraria
1676 4355 1822 4410 fecit.
1873 4357 2009 4409 Oves
2060 4357 2127 4409 ad

546 4442 698 4510 lupos
726 4444 949 4511 diresit,
981 4456 1034 4501 et
1062 4446 1351 4502 vulneratae
1379 4462 1408 4500 ιι
1438 4447 1624 4502 bestiis
1672 4463 1779 4501 non
1829 4457 1951 4500 sunt
1975 4486 1990 4512 ,
2032 4446 2127 4500 sed

2225 1940 2329 1995 Sed
2360 1939 2580 1995 forsitan
2607 1943 2663 1997 in
2703 1943 2952 1998 exsilium
2981 1941 3215 2004 mitteris
3282 1957 3336 2002 tu
3371 1947 3575 2004 dicito:
3628 1949 3804 2004 Domi-

2223 2035 2279 2089 ni
2304 2045 2377 2088 est
2402 2044 2557 2102 terra,
2588 2045 2637 2090 et
2681 2037 2946 2106 plenitudo
2992 2042 3102 2107 eius
3148 2038 3321 2104 (Paul.
3356 2042 3536 2112 XXIII);
3566 2042 3677 2098 Sed
3705 2042 3804 2098 lor-

2222 2132 2361 2186 sitan
2401 2147 2545 2185 mors
2571 2132 2893 2199 occupabit:
2946 2147 3049 2186 non
3083 2141 3165 2187 est
3194 2134 3448 2199 timenda,
3488 2136 3613 2206 quia
3643 2145 3805 2193 trans-

2224 2227 2327 2280 itus
2376 2233 2479 2279 est.
2522 2224 2914 2280 Tantummodo
2962 2226 3118 2281 ﬁdem
3166 2243 3343 2294 serva,
3386 2228 3704 2285 thesaurum
3733 2231 3806 2285 in-

2223 2318 2579 2383 deﬁcientem,
2612 2319 2827 2374 divitias
2851 2320 3230 2390 sempiternas.
3281 2322 3479 2377 llorum
3508 2337 3630 2393 quae
3660 2323 3803 2395 dico,

2222 2413 2363 2469 beati
2388 2424 2654 2487 martyres
2685 2423 2847 2469 testes
2873 2427 2997 2470 sunt
3039 2417 3135 2482 tui,
3165 2418 3256 2487 qui
3288 2418 3441 2474 [idem
3471 2432 3575 2474 non
3618 2420 3805 2490 perdi-

2221 2505 2432 2573 derunt,
2465 2516 2519 2562 et
2563 2518 2679 2576 post
2708 2521 2984 2562 excessum
3015 2507 3082 2563 de
3128 2516 3358 2578 carpare
3400 2506 3655 2565 fortiores
3685 2522 3807 2567 sunt

2224 2601 2388 2656 vivis.
2456 2601 2769 2669 Propterea,
2822 2600 3014 2668 inquit,
3070 2601 3231 2655 homo
3284 2600 3473 2668 factus,
3532 2612 3807 2673 propterea

2222 2708 2442 2749 carnem
2472 2695 2641 2759 indui,
2680 2702 2737 2749 ut
2766 2694 2950 2749 orbem
3000 2693 3308 2750 universum
3357 2698 3647 2753 salvarem.
3677 2699 3807 2753 Mul-

2223 2794 2335 2840 tum
2379 2787 2522 2841 enim
2556 2786 2665 2841 Deo
2695 2785 2856 2840 chara
2894 2794 2977 2841 est
3024 2786 3289 2854 Ecclesia,
3337 2803 3444 2842 non
3496 2790 3669 2844 muris
3709 2790 3803 2845 cir-

2221 2880 2488 2945 cumdata,
2521 2880 2617 2935 sed
2667 2878 2774 2936 ﬁde
2824 2880 3201 2950 circumsepta.
3252 2882 3478 2951 Propter
3516 2881 3803 2937 Ecclesiam

2220 2986 2451 3041 namque
2482 2982 2765 3026 extensum
2813 2980 2898 3027 est
2937 2975 3157 3036 emtum,
3204 2973 3459 3028 diffusum
3511 2986 3595 3030 est
3636 2991 3797 3042 mare,

2222 3066 2488 3121 distentus
2520 3074 2604 3120 est
2631 3080 2745 3131 aer,
2781 3074 2922 3119 terra
2957 3065 3172 3120 fundata
3218 3077 3323 3131 est,
3352 3067 3636 3136 paradisus
3659 3068 3803 3137 plan-

2226 3166 2389 3223 tatus,
2420 3166 2476 3213 et
2504 3157 2768 3213 mirabilia
2815 3158 2980 3211 multa
3031 3158 3169 3212 facta
3212 3168 3379 3213 sunt:
3427 3158 3647 3230 pelagus
3675 3158 3803 3213 scin-

2223 3250 2471 3314 debatur,
2497 3260 2553 3307 et
2596 3252 2789 3304 iterum
2813 3252 3174 3305 consuebatur
3198 3270 3212 3317 ;
3242 3260 3388 3321 petra
3416 3252 3728 3319 ﬁndebatur,
3752 3260 3801 3307 et

2223 3339 2415 3395 iterum
2439 3340 2758 3410 jungehatur
2784 3357 2799 3405 ;
2840 3354 3032 3393 manna
3066 3341 3278 3408 pluebat
3308 3340 3376 3395 de
3403 3343 3563 3405 coelo,
3593 3352 3644 3395 et
3687 3351 3797 3395 tan-

2223 3447 2381 3502 quam
2415 3433 2662 3502 pruinosa
2711 3431 3079 3501 apponebatur
3107 3447 3311 3487 mensa.
3353 3432 3580 3499 Propter
3620 3432 3797 3485 Eccle-

2225 3528 2357 3579 siam
2386 3527 2685 3595 prophetae,
2714 3537 2933 3595 pr0pter
2962 3527 3261 3582 Ecclesiam
3291 3527 3532 3594 apostoli.
3576 3527 3635 3579 Et
3667 3525 3793 3593 quid

2227 3618 2380 3684 plura
2410 3618 2628 3671 dicam?
2682 3619 2907 3687 Propter
2951 3619 3246 3674 Ecclesiam
3298 3616 3593 3687 unigenitus
3639 3615 3800 3671 Filius

2225 3704 2342 3772 Dei,
2375 3706 2537 3760 homo
2568 3706 2738 3762 lactus
2780 3718 2885 3777 est,
2928 3708 3066 3763 sicut
3092 3708 3222 3762 dicit
3262 3692 3497 3762 Paulus;
3551 3707 3648 3774 Qui
3683 3722 3801 3776 pro-

2225 3798 2337 3869 prio
2368 3793 2507 3851 Filio
2537 3814 2630 3852 suo
2680 3815 2780 3853 non
2809 3800 3029 3870 pepercit
3063 3799 3241 3869 (Rom.
3274 3797 3419 3868 vui),
3460 3807 3518 3851 ut
3564 3799 3806 3853 Ecclesia:

2230 3892 2571 3960 mederetur,
2606 3895 2916 3958 sanguinem
2949 3894 3063 3949 Filii
3093 3894 3232 3949 ludit
3257 3902 3471 3962 propter
3494 3891 3805 3947 Ecclesiam.

2227 3984 2324 4041 Hic
2379 3987 2591 4053 sanguis
2641 3985 2823 4054 irrigat
2876 3985 3194 4041 Ecclesium.
3266 3984 3333 4039 Et
3382 3984 3643 4054 plantaria
3696 3983 3807 4051 ejus

2229 4093 2559 4133 marcescere
2588 4094 2693 4132 non
2724 4088 2969 4148 possunt,
3002 4094 3102 4134 nec
3139 4080 3391 4133 amittunt
3419 4077 3549 4133 iulia
3591 4079 3799 4133 arbusta

2230 4168 2373 4239 ejus.
2406 4168 2519 4223 Non
2544 4168 2788 4239 subjacet
2817 4168 3121 4224 necessitati
3154 4169 3432 4237 temporis,
3459 4182 3559 4221 nec
3580 4179 3665 4221 est
3690 4182 3807 4221 con-

2231 4263 2421 4316 ditioni
2452 4262 2704 4325 obnoxia,
2736 4271 2793 4315 ut
2839 4277 2930 4330 per
2976 4270 3215 4315 aestatem
3264 4276 3417 4315 coma
3458 4259 3707 4313 foliorum
3736 4267 3811 4312 te-

2230 4360 2343 4419 gat,
2379 4354 2551 4405 ltietne
2591 4358 2768 4404 autem
2815 4351 3046 4406 amittat.
3098 4350 3212 4404 Non
3263 4360 3472 4404 tenetur
3519 4360 3811 4417 temporum

2232 4441 2507 4507 qualitate,
2542 4440 2638 4496 scd
2682 4443 2851 4496 sancti
2898 4442 3124 4511 Spiritus
3166 4457 3282 4495 eam
3331 4442 3587 4509 gubernat
3614 4441 3810 4510 gratia.

551 4535 718 4604 magis
749 4537 853 4604 lupi
882 4538 947 4590 ad
978 4544 1159 4593 ovium
1200 4542 1660 4594 mansuetudinem
1706 4547 1831 4593 sunt
1859 4537 2126 4593 conversi.
2154 4547 2211 4610 Ι)
2238 4533 2303 4586 Et
2331 4533 2453 4587 ideo
2479 4548 2585 4587 non
2612 4535 2865 4599 senescit,
2890 4550 2989 4587 nec
3010 4533 3367 4599 contrahitur,
3398 4544 3455 4587 ct
3500 4533 3681 4587 multis
3711 4532 3813 4586 im~

553 4625 621 4677 Et
650 4636 707 4677 ut
737 4640 804 4679 ne
831 4626 1071 4682 dicerent
1117 4629 1219 4696 illi,
1251 4644 1376 4685 oves
1423 4645 1628 4694 sumus,
1654 4640 1707 4685 et
1751 4630 1918 4685 mittis
1948 4644 2046 4684 nos
2075 4631 2128 4684 in

547 4730 726 4771 escam
753 4718 1016 4785 luporum,
1042 4720 1281 4774 timorem
1304 4721 1516 4776 illorum
1546 4737 1651 4776 uno
1678 4735 1924 4775 sermone
1950 4721 2132 4774 abstu-

554 4810 633 4864 lit.
664 4810 776 4863 Non
808 4810 967 4876 dixit,
998 4811 1106 4867 ite:
1135 4827 1234 4867 nec
1276 4814 1416 4868 enim
1445 4829 1631 4869 eorum
1660 4813 1854 4867 virtute
1892 4812 2133 4866 mittebat

552 4916 679 4963 eos;
714 4905 806 4956 sed
837 4919 948 4956 ecce
976 4920 1068 4976 ego
1095 4906 1235 4958 mitto
1263 4922 1371 4961 vos.
1420 4907 1616 4960 Inﬁrmi
1644 4906 1860 4975 quidem
1890 4920 2005 4970 vos,
2037 4905 2131 4958 sed

554 4991 643 5061 qui
669 4994 822 5047 mittit
872 5005 1056 5060 potens
1077 5004 1177 5051 est.
1200 4998 1327 5063 Quis
1347 5010 1405 5050 es
1427 4997 1522 5051 tu?
1555 4996 1667 5065 Ego
1688 5011 1804 5050 sum
1827 4995 1914 5063 qui
1936 4996 2130 5049 caelum

552 5085 789 5151 extendi,
817 5086 909 5155 qui
943 5096 1137 5141 terram
1166 5088 1402 5153 fundavi,
1432 5091 1519 5157 qui
1551 5103 1699 5142 mare
1735 5086 2018 5153 inlrenavi,
2046 5088 2136 5156 qui

555 5186 780 5231 mortem
812 5177 1052 5242 dissolvi,
1078 5180 1167 5248 qui
1197 5179 1607 5248 chirographum
1656 5178 1797 5248 quod
1828 5188 2012 5234 contra
2043 5195 2135 5234 vos

556 5279 689 5335 erat,
720 5274 863 5325 cruci
892 5272 1172 5343 alﬁsi,qni
1215 5286 1448 5329 veterem
1498 5276 1665 5346 legem
1712 5277 2003 5341 immutavi,
2049 5276 2137 5346 qui

557 5378 654 5419 vos
679 5364 744 5418 ad
796 5365 1068 5432 pristinam
1114 5368 1335 5434 patriam
1389 5370 1651 5434 revocavi,
1700 5370 1787 5438 qui
1835 5368 1987 5423 fortia
2027 5370 2138 5423 dis-

554 5454 725 5519 solvo,
754 5463 808 5509 et
843 5455 1098 5509 dissoluta
1125 5454 1383 5511 contorto.
1417 5459 1549 5524 Quid
1594 5460 1723 5514 mari
1766 5459 1993 5513 fortius?
2025 5461 2130 5516 Sed

556 5560 717 5615 parva
744 5562 905 5602 arena
945 5547 1328 5604 intolerabilem
1360 5551 1501 5606 illius
1530 5552 1780 5617 impetum
1812 5552 2047 5607 retundit
2076 5563 2128 5607 et

556 5625 808 5692 continet.
859 5636 1011 5701 Ecce,
1062 5638 1251 5708 inquit,
1297 5656 1390 5709 ego
1438 5642 1581 5695 mitto
1609 5658 1716 5706 vos,
1745 5643 1836 5710 qui
1868 5643 2053 5698 mortis
2079 5651 2135 5695 et

558 5725 679 5779 vitae
710 5727 877 5784 habeo
926 5738 1258 5798 potestatem,
1303 5731 1392 5799 qui
1420 5731 1487 5786 de
1511 5733 1650 5788 cmlo
1674 5732 1948 5789 descendi.
2000 5731 2133 5787 Ecce

556 5832 649 5887 ego
678 5817 819 5874 mitto
848 5837 930 5877 vos
953 5823 1101 5891 quasi
1129 5836 1242 5877 om
1284 5824 1338 5877 in
1364 5824 1531 5880 medio
1555 5822 1814 5894 luporum.
1861 5825 2134 5895 Tanquam

2238 4624 2651 4694 pugnatiouibus
2696 4641 2800 4680 non
2835 4626 3173 4695 opprimitur.
3224 4624 3421 4693 Quanti
3451 4625 3593 4679 enim
3623 4624 3692 4678 ab
3722 4623 3814 4677 ini-

2237 4715 2312 4769 tio
2346 4714 2792 4783 impugnaverunt
2830 4715 3147 4784 Ecclesiam,
3194 4730 3315 4770 cum
3346 4713 3471 4768 ﬁdei
3513 4714 3719 4769 semina
3744 4713 3818 4781 ja-

2235 4818 2507 4875 cerentur,
2538 4816 2594 4863 et
2620 4822 2770 4862 arma
2817 4815 3003 4863 contra
3033 4823 3152 4863 eam
3195 4816 3461 4862 commota
3505 4806 3672 4860 sunt?
3718 4803 3815 4859 Sed

2236 4908 2436 4969 quanto
2464 4900 2889 4969 impugnahatur,
2922 4907 3070 4955 tanto
3095 4899 3289 4955 clarior
3332 4899 3682 4954 reddebatur.
3713 4894 3817 4951 Sed

2240 5007 2380 5046 nunc
2406 4992 2615 5060 quidem
2646 5001 2860 5061 pr0pter
2907 4992 3001 5047 Dei
3051 4993 3272 5061 gratiam
3299 5000 3352 5045 et
3393 5005 3546 5060 reges
3572 5000 3626 5042 et
3655 4990 3819 5041 duces

2235 5091 2290 5138 et
2319 5085 2535 5147 milites,
2568 5098 2629 5137 ac
2661 5083 2939 5138 universus
2966 5084 3111 5137 orbis
3143 5083 3244 5137 ﬁde
3274 5082 3510 5150 repletus
3537 5088 3639 5134 est.
3684 5077 3819 5131 Nam

2238 5176 2288 5229 in
2319 5176 2599 5246 principio,
2634 5186 2708 5241 ct,
2742 5185 2799 5231 ut
2830 5178 2903 5231 ita
2929 5177 3123 5240 dicam,
3160 5174 3493 5229 incunabulis
3535 5171 3819 5235 Ecclesiae,

2236 5284 2388 5338 reges
2417 5268 2562 5324 fuere
2594 5268 2784 5347 impii,
2832 5271 2994 5325 duces
3038 5269 3234 5334 insani,
3288 5268 3513 5336 populus
3562 5260 3823 5320 seditioni

2236 5362 2468 5416 deditus.
2520 5361 2703 5415 Edicta
2739 5361 2977 5430 judicum
3023 5361 3254 5430 undique
3284 5359 3570 5427 dabantur,
3597 5371 3710 5411 ante
3743 5356 3823 5410 inv

2237 5453 2602 5509 cendebzmtur
2647 5453 3002 5520 daemonibus,
3049 5454 3222 5511 fumus
3270 5465 3323 5508 et
3371 5452 3506 5507 odor
3554 5450 3825 5520 pessimus

2236 5543 2406 5612 ipsum
2437 5543 2735 5597 maculabat
2783 5559 2983 5598 aerem.
3028 5543 3192 5599 Terra
3228 5542 3673 5615 coinquinabatur
3696 5556 3820 5595 san-

2238 5639 2417 5707 guine,
2450 5637 2724 5693 daemones
2764 5636 3250 5706 debaccltabantur,
3292 5637 3536 5693 diabolus
3564 5634 3819 5691 ἀοιιιίιιςιο

2240 5730 2415 5785 batur.
2472 5731 2628 5785 Pater
2676 5732 2957 5787 abdicabat
3016 5732 3207 5798 ﬁlium,
3269 5732 3409 5787 ﬁlius
3463 5730 3805 5785 inltonoraba

2240 5832 2468 5894 patrem.
2506 5822 2703 5881 Natura
2730 5824 2945 5893 quidem
2976 5824 3333 5890 scindebatur,
3381 5821 3476 5881 sed
3507 5823 3674 5890 pietas
3718 5834 3817 5876 not
