4096 6346
374 390 509 448 1541

1349 362 1811 450 acuminatas.
1853 418 1923 432 -
1959 384 2123 445 non.
2167 384 2255 448 DE
2292 384 2600 455 Baliaris.

3482 386 3619 448 i549.

371 500 719 559 dividebatur.
770 499 873 558 Ubi
907 502 1033 558 sunt
1071 515 1211 557 nunc
1251 504 1339 571 qu'i
1369 503 1637 560 audebant
1684 503 1942 559 Ecclesia:
1972 498 2235 564 APortas
2262 504 2432 570 inferi,
2480 504 2708 574 pericula
2757 504 2911 559 volitat
2955 502 3075 572 quas
3115 502 3339 558 muttiant
3374 501 3612 571 pariunt.

368 594 682 651 contraire!
735 594 962 663 Quando
1014 594 1227 650 novella
1279 605 1413 660 erat,
1471 598 1523 651 in
1581 596 1728 652 nullo
1781 597 1949 665 potuit

370 686 529 742 laadi:
570 699 624 742 et
671 703 812 742 nunc
856 684 1070 755 quando
1116 704 1283 757 usque
1331 688 1397 744 ad
1440 690 1631 746 cwlum
1684 690 1946 760 pervenit,

367 779 600 835 aestimas
624 795 743 835 eam
792 794 948 849 posse
995 780 1229 849 superari
1260 781 1282 835 ?
1310 780 1376 836 Et
1407 793 1530 839 tunc
1571 783 1786 853 quidem
1821 798 1944 839 cum

368 870 613 926 undecim
643 880 823 927 essent
848 872 1095 939 apostoli,
1128 866 1301 929 nullus
1336 891 1428 929 eos
1456 891 1711 946 superare
1751 880 1942 947 potuit,

365 958 462 1015 sed
513 960 666 1032 pauci
715 950 962 1017 homines
1010 970 1175 1017 totum
1228 974 1483 1033 ceperunt
1533 968 1835 1022 mundum:
1890 958 1947 1023 et

366 1069 507 1107 nunc
536 1053 753 1123 quando
805 1063 940 1107 terra
990 1054 1045 1109 et
1089 1070 1238 1111 mare
1285 1064 1341 1111 et
1391 1056 1538 1112 orbis
1584 1066 1863 1125 terrarum,
1893 1068 1947 1114 et

366 1134 737 1199 inhabitabiles
786 1143 1059 1215 regiones,
1110 1157 1162 1201 et
1208 1148 1453 1203 civitates
1502 1159 1553 1204 et
1591 1165 1779 1205 omnes
1809 1151 1945 1207 lines

367 1246 518 1289 terra“:
542 1236 737 1304 pietate
758 1235 944 1304 repleti
968 1245 1113 1303 sunt,
1148 1246 1303 1307 putas
1328 1252 1443 1294 eain
1473 1248 1524 1295 te
1548 1257 1699 1309 posse
1728 1244 1946 1298 tenere?

363 1324 467 1380 Sed
491 1340 595 1378 non
630 1324 849 1394 poteris.
900 1324 1145 1381 Christus
1188 1329 1330 1383 enim
1366 1338 1583 1397 propter
1608 1347 1724 1385 eam
1757 1347 1944 1401 passus

364 1422 463 1475 est,
512 1418 677 1483 portae
730 1414 886 1469 inferi
938 1430 1041 1469 non
1091 1417 1462 1485 praevalebunt
1504 1419 1758 1474 adversus
1801 1436 1941 1477 eam.

365 1504 597 1562 Facilius
626 1510 825 1564 C(el'uni
857 1511 1203 1565 exterminari
1235 1521 1429 1582 potest,
1474 1524 1528 1567 et
1575 1523 1713 1568 terra
1747 1518 1942 1583 perire,

362 1613 521 1666 quam
554 1601 753 1669 aliquid
787 1602 908 1654 inali
960 1601 1065 1670 pati
1118 1600 1376 1658 Ecclesia.
1423 1604 1549 1669 Quis
1596 1612 1676 1659 est
1712 1606 1796 1674 qui
1830 1605 1944 1660 lucc

357 1690 525 1745 dicit?
553 1693 668 1760 Ipse
689 1688 934 1746 Christus
978 1692 1246 1762 l0quitur:
1298 1694 1488 1749 Caelum
1526 1706 1571 1749 et
1611 1707 1744 1749 terra
1774 1708 1944 1750 trans-

355 1779 519 1847 ibunt,
540 1782 688 1833 verba
728 1790 896 1835 autem
928 1800 1039 1837 mea
1064 1800 1164 1837 non
1188 1785 1514 1855 prwteribunt
1538 1784 1749 1855 (Matth.
1771 1795 1938 1856 xxxv).

2049 597 2187 663 Quid
2218 610 2342 666 ergo
2362 600 2387 651 't
2416 599 2468 652 in
2498 598 2707 652 inferno
2734 594 2945 652 intravit
2977 597 3198 665 quisque
3229 598 3443 666 qdatido
3473 596 3618 666 peri-

2048 688 2300 745 clitatur?
2356 691 2548 745 Etiam.
2606 690 2750 745 Sicut
2800 689 2939 746 enim
2990 694 3152 760 poi-tat
3190 691 3438 745 ititt'oittis
3481 692 3619 746 civi-

2048 789 2212 835 tutum
2255 792 2395 846 sunt,
2444 783 2520 836 sic
2568 780 2797 850 pericula
2844 781 3092 837 introitus
3137 782 3325 838 mortis
3369 792 3517 838 sunt.
3553 783 3621 838 Et

2046 888 2161 941 cur,
2194 874 2382 945 inquit,
2415 889 2517 928 non
2561 873 2802 942 prohibet
2850 866 3212 929 tentationes?
3260 868 3328 929 Ut
3374 877 3621 930 ostendat

2046 966 2292 1020 virtutem
2324 965 2460 1037 ejus.
2511 965 2566 1022 Si
2600 980 2755 1020 nemo
2785 980 2899 1021 eam
2941 969 3253 1035 impugnare
3299 968 3498 1034 posset,
3539 965 3619 1019 di-

2046 1068 2168 1111 cere
2211 1064 2492 1125 poterant:
2543 1056 2805 1122 Quoniam
2854 1057 2896 1111 si
2944 1054 3387 1125 impugnaretur,
3439 1056 3623 1125 utique

2045 1148 2374 1212 vinceretur,
2408 1158 2691 1218 pr0pterea
2722 1147 2969 1216 permitto
3015 1154 3130 1203 eam
3166 1148 3479 1217 impugnari,
3514 1154 3621 1202 non

2045 1250 2104 1294 ut
2131 1242 2469 1311 imbecillitas
2498 1241 2925 1309 repugnantium,
2959 1240 3051 1295 Sed
3082 1241 3213 1293 ﬁdes
3244 1241 3476 1294 victoria:
3524 1241 3623 1294 im-

2046 1343 2275 1403 putetur.
2312 1335 2374 1386 Et
2414 1344 2577 1401 porta:
2607 1333 2783 1398 inferi,
2835 1342 2939 1387 non
2990 1330 3121 1386 dixit
3198 1346 3301 1385 non
3336 1334 3623 1402 appropin-

2046 1427 2271 1489 buntei,
2303 1426 2396 1481 sed
2444 1441 2548 1481 non
2596 1426 2962 1495 praevalebunt
2996 1426 3255 1479 aditersus
3298 1439 3437 1479 eam.
3487 1426 3625 1493 Quid

2044 1518 2217 1586 ergo?
2246 1518 2644 1587 lmpugnabitur
2682 1520 2917 1589 quidem,
2967 1530 3071 1571 non
3102 1526 3278 1571 tamen
3306 1517 3445 1572 vinci
3469 1526 3622 1586 pote-

2044 1607 2135 1672 rit,
2170 1620 2511 1678 tempestates
2557 1610 2779 1678 suscipit
2826 1610 3080 1676 Ecclesia,
3135 1610 3229 1664 sed
3261 1612 3365 1662 noli
3411 1607 3626 1663 demer-

2042 1702 2184 1770 gitur
2213 1701 2419 1771 ;jacula
2456 1705 2507 1757 in
2541 1719 2655 1757 eam
2687 1706 2994 1770 mittuntur,
3024 1704 3118 1757 sed
3148 1716 3254 1757 non
3284 1702 3623 1769 perforatur;

2044 1797 2470 1850 machinamenta
2503 1805 2892 1866 praeparantur,
2924 1790 3015 1851 sed
3048 1795 3215 1850 turbis
3260 1810 3362 1849 non
3388 1792 3621 1850 eliditur.

355 1869 520 1926 Bene.
577 1871 803 1928 Verbum
851 1876 991 1927 enim
1043 1874 1138 1930 Dei
1199 1874 1313 1944 ipso
1362 1876 1499 1931 cmlo
1549 1878 1777 1933 validius
1831 1889 1932 1945 est,
1968 1861 2014 1920 Β
2046 1886 2110 1938 Ει
2139 1887 2263 1955 quid
2311 1889 2430 1942 dico
2459 1861 2800 1941 Ecclesium?
2850 1887 3020 1942 Unum
3069 1892 3373 1940 sermonem
3415 1885 3624 1940 locutus

356 1962 475 2032 quia
509 1964 704 2020 omium
735 1972 869 2034 Opus
900 1958 1047 2021 verbi
1077 1972 1177 2022 est.
1223 1968 1369 2022 Dixit
1396 1969 1592 2038 quippe
1622 1969 1781 2036 Deus,
1814 1969 1938 2026 Fiat

356 2054 561 2122 ctutum,
594 2060 649 2109 et
685 2057 905 2110 verbum
953 2059 1005 2111 in
1052 2072 1187 2127 opus
1229 2061 1492 2130 apparuit.
1543 2056 1803 2116 Currchat
1847 2078 1938 2116 na-

356 2151 514 2199 tura:
549 2152 708 2201 nemo
748 2146 1094 2218 impediebat,
1128 2150 1250 2219 quia
1302 2161 1505 2206 natura:
1556 2152 1812 2207 Dominus
1840 2154 1938 2207 im-

356 2237 599 2304 perabat,
643 2237 733 2307 qui
781 2238 953 2293 fadere
996 2240 1051 2294 et
1098 2241 1382 2295 immutare
1430 2246 1621 2310 potest.
1677 2242 1785 2313 Ego
1817 2259 1936 2300 eam

353 2325 632 2387 aediﬁcavi,
664 2328 754 2397 qui
779 2329 977 2382 ctelum
1010 2332 1194 2386 statui.
1229 2331 1336 2386 Sed
1366 2343 1582 2401 propter
1607 2336 1800 2389 coelum
1831 2351 1936 2391 non

354 2416 463 2471 fudi
495 2418 828 2487 sanguinem,
858 2428 1077 2490 propter
1105 2423 1299 2477 coelum
1341 2425 1625 2479 crucifixus
1653 2442 1757 2479 non
1792 2442 1930 2491 sum,

355 2522 453 2562 nec
482 2518 701 2578 pr0pter
728 2515 923 2565 coelum
956 2513 1179 2569 caeleste
1228 2529 1422 2583 corpus
1460 2519 1662 2584 accepi.
1718 2516 1784 2571 Et
1812 2519 1935 2588 quid

361 2601 533 2655 dicam
566 2602 743 2658 caeli?
782 2602 1109 2673 Angelorutn
1156 2620 1350 2676 corpus
1395 2623 1499 2660 non
1548 2611 1832 2677 assumpsi,
1881 2619 1939 2665 ut

359 2691 531 2746 discas
559 2694 811 2761 quopiam
851 2696 988 2749 cosio
1037 2702 1091 2750 et
1146 2697 1347 2766 angelis
1396 2708 1447 2752 et
1500 2701 1643 2753 omni
1693 2712 1934 2755 creatura

355 2784 719 2839 honorabilior
750 2787 988 2841 Ecclesia
1016 2800 1117 2843 est.
1152 2788 1277 2842 Meo
1299 2794 1478 2843 caelum
1508 2802 1556 2843 et
1599 2804 1735 2845 terra
1764 2804 1937 2848 transa

353 2874 518 2944 ibunt,
553 2877 702 2929 verba
741 2888 909 2930 autem
939 2894 1052 2932 mea
1095 2896 1195 2932 non
1239 2882 1582 2949 prwtertbunt.
1622 2885 1773 2939 Adsit
1803 2902 1934 2956 geu-

357 2965 486 3033 tiiis,
509 2966 650 3020 adsit
684 2965 934 3023 Iudaeus:
966 2970 1009 3023 si
1042 2971 1153 3025 htec
1181 2975 1355 3026 inania
1382 2982 1508 3027 sunt
1534 2975 1719 3038 verba,
1753 2958 1936 3031 redar-

356 3074 537 3132 gttaut.
568 3065 625 3122 Si
652 3074 833 3121 autem
865 3070 1061 3124 veritas
1091 3080 1173 3126 est
1203 3080 1321 3140 qua!
1351 3072 1489 3127 dicta
1535 3084 1678 3142 sunt,
1712 3075 1937 3131 adorent

353 3157 597 3213 virtutem
628 3158 740 3212 Dei.
786 3159 922 3215 Dicit
949 3162 1230 3217 Christus:
1278 3164 1469 3218 Caelum
1514 3178 1560 3220 et
1603 3176 1737 3220 terra
1760 3178 1931 3221 trans-

352 3248 513 3314 ibunt,
544 3250 694 3303 verba
723 3258 891 3304 autem
921 3269 1031 3306 mea
1056 3269 1157 3307 non
1189 3259 1534 3324 prteteribunt.
1582 3258 1808 3314 Facilius
1851 3269 1930 3315 est

352 3343 546 3395 emtum
583 3344 878 3411 praeterire,
931 3354 983 3399 et
1033 3354 1229 3399 terram
1260 3346 1532 3413 devorari,
1574 3366 1730 3418 quam
1771 3353 1930 3406 verba

352 3446 473 3486 mea
499 3434 767 3490 excidere.
803 3436 933 3503 Quae
962 3448 1137 3492 autem
1169 3440 1275 3492 sint
1309 3442 1490 3506 verba,
1524 3441 1847 3496 adducamus
1878 3443 1928 3496 in

353 3528 613 3594 medium,
644 3530 921 3585 videamus
950 3546 1018 3585 ne
1046 3531 1182 3587 forte
1212 3532 1610 3601 interceperint.
1640 3533 1755 3587 Non
1777 3534 1930 3588 dubi-

358 3622 641 3685 tahundos,
674 3623 768 3677 sed
818 3624 1100 3678 luereticos
1148 3623 1395 3678 obcludo.
1456 3626 1585 3689 Quae
1629 3641 1759 3696 ergo
1810 3635 1931 3681 sunt

355 3717 562 3771 verba?
592 3717 797 3769 Caelum
822 3726 876 3769 et
906 3725 1043 3770 terra
1076 3718 1394 3779 transibunt,
1426 3719 1585 3771 verba
1610 3726 1783 3770 autem
1814 3734 1926 3771 mea

357 3822 462 3860 non
493 3805 861 3873 praeteribunt.
894 3806 994 3871 Qui
1024 3806 1345 3860 sermones?
1372 3807 1502 3870 Quae
1540 3808 1738 3861 verba?
1777 3808 1852 3860 Tu
1879 3823 1931 3860 es

355 3896 564 3963 Petrus,
611 3906 657 3950 et
706 3913 852 3966 super
900 3896 1034 3948 hanc
1084 3908 1279 3965 petram
1330 3897 1592 3963 wdiﬁcabo
1647 3894 1929 3951 Ecclesium

355 4005 535 4053 meam,
566 3997 614 4042 et
654 3997 815 4058 parun
854 3988 1005 4056 inferi
1035 4004 1134 4041 non
1163 3989 1505 4057 pra'valebunt
1537 3990 1776 4041 adversus
1818 4005 1930 4041 eam

356 4080 567 4150 (Matth.
598 4081 733 4147 xvi).
783 4081 955 4148 Super
998 4079 1134 4134 hanc
1179 4089 1405 4150 petram,
1452 4095 1555 4133 non
1606 4080 1737 4133 dixit
1766 4095 1932 4147 super

356 4174 597 4230 Petrum.
628 4174 746 4226 Non
775 4172 917 4226 enim
949 4187 1109 4240 super
1135 4173 1427 4238 hominem,
1459 4172 1554 4237 sed
1584 4186 1745 4240 super
1774 4171 1929 4225 fidem

358 4264 640 4319 aediﬁcavit
686 4262 981 4316 Ecclesium
1015 4276 1184 4315 suam.
1238 4264 1373 4329 Quid
1401 4276 1575 4315 autem
1616 4272 1728 4315 erat
1759 4261 1932 4315 ﬁdes?

353 4353 433 4407 Tu
457 4370 508 4407 es
550 4353 779 4407 Christus
827 4350 999 4405 Filius
1048 4352 1142 4405 Dei
1188 4353 1305 4405 vivi.
1352 4351 1562 4407 Petram
1593 4352 1798 4405 vocavit
1828 4352 1929 4405 Ec-

355 4445 574 4499 clesiam
601 4444 981 4511 suscipientem
1012 4443 1224 4508 ﬁuctus,
1255 4452 1308 4496 et
1338 4458 1444 4495 non
1475 4442 1810 4495 titubantem.
1844 4442 1933 4495 Et-

1962 3214 2010 3278 C

2041 1986 2122 2030 est
2145 1979 2401 2045 piscator,
2451 1986 2504 2031 et
2552 1979 2691 2033 sicut
2741 1979 2904 2032 ttirris
2960 1977 3247 2033 immobilis
3294 1984 3620 2046 perseverat.

2043 2069 2117 2122 Tu
2145 2086 2218 2135 es,
2260 2071 2449 2139 inquit,
2501 2070 2734 2126 Christus
2780 2070 2951 2125 Filius
2997 2072 3093 2126 ι)ρί
3138 2072 3256 2128 rivi.
3295 2072 3488 2139 Quanti
3537 2081 3624 2144 ty-

2040 2162 2195 2214 ranni
2224 2164 2445 2216 verbum
2479 2163 2579 2218 hoc
2600 2165 2779 2218 delere
2803 2162 2976 2218 conati
3003 2172 3145 2229 sunt,
3179 2164 3273 2218 sed
3304 2176 3408 2219 non
3436 2173 3623 2232 potued

2042 2266 2166 2308 runt
2188 2256 2213 2308 ἲ
2260 2272 2418 2324 supra
2451 2266 2651 2324 petram
2679 2258 2819 2311 enim
2850 2256 3123 2310 fundatum
3166 2265 3299 2311 erat.
3331 2256 3622 2311 Considera

2041 2353 2314 2415 tyrannos,
2359 2362 2532 2416 reges,
2578 2344 2901 2410 diademata,
2932 2346 3137 2416 gladios
3183 2357 3385 2410 acutos,
3423 2346 3621 2400 bestia-

2039 2448 2154 2489 rum
2187 2436 2375 2490 dentes
2407 2446 2631 2491 mortem
2666 2427 2953 2501 minantes,
2997 2436 3255 2499 caminos,
3302 2435 3619 2504 sartagines,

2040 2526 2243 2583 ferreas
2295 2544 2483 2583 manus
2530 2537 2582 2583 et
2625 2543 2811 2594 uncos,
2861 2538 2911 2581 et
2962 2530 3141 2581 omnia
3193 2527 3623 2581 machinamenta

2040 2630 2243 2687 parata.
2278 2620 2342 2674 Et
2372 2620 2678 2689 pharetram
2710 2619 2925 2687 quidem
2955 2633 3104 2672 suam
3143 2617 3418 2672 evacuavit
3440 2616 3624 2671 diabo~

2041 2711 2145 2773 lus,
2167 2712 2258 2765 sed
2292 2711 2420 2765 nihil
2447 2711 2577 2764 laesit
2611 2711 2904 2765 Ecclesiatn
2931 2725 2945 2763 :
2974 2718 3136 2777 porta:
3159 2710 3293 2762 enim
3320 2708 3479 2767 inferi
3519 2716 3622 2761 non

2040 2803 2384 2871 praevalebunt
2406 2803 2649 2855 adversus
2676 2818 2808 2855 eum.
2841 2801 3092 2855 Testatur
3117 2813 3202 2854 res
3232 2801 3365 2865 ipsa,
3398 2800 3624 2853 testatur

2038 2906 2226 2947 eorum
2256 2907 2376 2961 quae
2424 2891 2555 2944 ﬁunt
2606 2890 2935 2959 astipulatio,
2986 2890 3169 2957 quanti
3218 2890 3619 2959 impugnarunt,-

2037 2991 2091 3037 et
2120 2998 2276 3036 nemo
2316 2981 2613 3050 praevaluit.
2663 2982 2727 3034 Et
2774 2980 3173 3050 impugnatores
3217 2979 3428 3049 quidem
3484 2979 3616 3034 taci-

2040 3075 2276 3128 turnitati
2310 3082 2362 3126 et
2392 3073 2647 3127 oblivioni
2682 3083 2801 3125 sunt
2830 3073 2960 3138 dati,
2992 3069 3226 3126 Ecclesia
3260 3078 3433 3124 autem
3478 3086 3616 3140 quu-

2047 3162 2174 3215 tidie
2214 3162 2497 3216 virtutibus
2547 3169 2937 3231 augmentatur.
2990 3160 3089 3215 Ubi
3139 3175 3282 3215 nunc
3326 3161 3620 3216 Claudius?

2042 3253 2128 3306 ubi
2163 3254 2349 3307 Nero?
2377 3253 2463 3308 ubi
2497 3252 2787 3307 Tiberius?
2814 3250 3037 3305 Nomina
3069 3259 3195 3305 sunt
3222 3251 3383 3317 nuda,-
3434 3260 3617 3306 eorum

2036 3353 2213 3397 autem
2242 3359 2421 3410 nemo,
2457 3359 2555 3398 nec
2606 3344 2712 3397 ulla
2764 3358 2951 3398 eorum
3001 3345 3221 3397 mentio.
3274 3344 3339 3397 Et
3365 3344 3489 3411 Quia
3518 3343 3620 3398 Ec-

2034 3434 2249 3488 clesiam
2277 3436 2672 3505 impugnarunt,
2693 3434 2811 3488 ideo
2833 3445 2885 3489 et
2910 3436 3223 3488 memoriam
3250 3432 3614 3501 perdiderunt.

2035 3522 2272 3577 Ecclesia
2306 3535 2482 3578 autem
2510 3525 2703 3578 clarior
2733 3523 3059 3593 resplendet.
3116 3521 3426 3590 Ubicunque
3457 3522 3605 3588 ieris,

2032 3614 2097 3669 ad
2134 3615 2310 3679 Indos,
2342 3616 2405 3667 ad
2463 3615 2687 3679 Mauros,
2744 3614 2809 3668 ad
2859 3615 3164 3679 Britannos,
3214 3613 3279 3668 ad
3326 3612 3614 3681 Hispanos,

2034 3720 2203 3773 usque
2250 3704 2313 3756 ad
2348 3704 2559 3756 ultimos
2612 3714 2872 3756 terrarum
2907 3704 3056 3771 lines,
3086 3704 3348 3771 invenies,
3378 3702 3447 3757 In
3477 3704 3619 3772 prino

2031 3794 2163 3864 cipio
2203 3804 2310 3845 erat
2372 3792 2615 3861 Verbum,
2659 3802 2708 3847 et
2764 3792 2990 3848 Verbum
3020 3804 3127 3849 erat
3170 3796 3310 3862 apud
3354 3795 3541 3861 Deum,
3569 3805 3618 3851 et

2033 3885 2178 3939 Deus
2205 3897 2312 3939 erat
2369 3885 2591 3938 Verbum
2641 3882 2826 3952 (Joan.
2861 3885 2923 3954 ι).
2975 3895 3030 3938 et
3076 3885 3318 3940 universa
3359 3886 3617 3956 religione

2034 3977 2205 4045 plena.
2256 3980 2389 4031 Ante
2438 3976 2537 4030 huc
2588 3978 2729 4031 enim
2765 3977 3010 4032 universa
3042 3987 3196 4032 erant
3225 3978 3496 4047 impietate
3523 3994 3611 4035 re-

2032 4073 2192 4141 pleta.
2244 4073 2393 4127 Nunc
2445 4083 2622 4127 autem
2672 4090 2777 4128 non
2825 4073 2998 4128 solum
3054 4073 3295 4128 civitates
3346 4075 3602 4143 religione

2032 4168 2222 4221 ﬂorent
2249 4178 2299 4220 et
2335 4167 2436 4219 ﬁde
2484 4167 2703 4231 Christi,
2733 4167 2824 4221 scd
2852 4168 3010 4221 etiam
3059 4182 3272 4220 eremus
3311 4168 3362 4220 in
3395 4168 3611 4224 nomine

2030 4258 2240 4313 Domitii
2271 4258 2549 4327 gloriatur.
2608 4260 2777 4312 Antea
2819 4273 3048 4326 namque
3078 4267 3130 4311 et
3168 4258 3365 4325 reginas
3406 4259 3456 4311 in
3486 4274 3613 4314 con-

2033 4352 2187 4407 viviis
2240 4353 2477 4404 virorum
2554 4348 2836 4416 saltabant,
2887 4351 3025 4403 sicut
3078 4349 3237 4403 ﬁliam
3297 4349 3611 4405 iierodiadis

2033 4450 2223 4504 fecisse
2272 4448 2500 4516 legimus
2547 4444 2741 4515 (Marc.
2771 4446 2872 4510 vr):
2920 4459 3059 4497 nunc
3106 4459 3231 4499 vero
3277 4445 3366 4499 vix
3416 4445 3612 4501 famula

322 4537 494 4601 ,enim
554 4536 792 4589 Ecclesia
850 4536 1075 4602 suscipit
1135 4534 1529 4604 quodammodo
1584 4534 1926 4597 tentationes,

2038 4540 2283 4608 dignatur
2308 4540 2410 4592 hoc
2438 4538 2637 4591 facere.
2666 4535 2974 4605 Antiquitus
2998 4537 3171 4604 gentis
3202 4538 3482 4592 Persarum
3514 4540 3607 4594 ﬁlii

356 4639 665 4683 nontamen
712 4629 962 4683 vincitur.
1013 4628 1149 4693 Quid
1197 4638 1278 4683 est
1323 4646 1485 4696 super
1524 4630 1770 4697 petram?
1820 4630 1930 4683 lloc

355 4730 459 4781 est,
491 4734 650 4787 super
679 4718 1069 4773 confessionem
1115 4718 1279 4784 Petri,
1311 4733 1470 4787 super
1516 4735 1793 4775 sermones
1820 4722 1931 4787 pie-

356 4811 500 4864 tatis.
543 4810 646 4864 Sed
695 4809 917 4863 forsitan
963 4811 1335 4881 interrogabis,
1380 4823 1553 4865 utrum
1602 4812 1714 4864 hac
1759 4812 1930 4865 mdili-

355 4900 497 4955 catio
522 4899 777 4966 suscipiat
817 4899 1020 4967 lapides
1047 4911 1138 4955 aut
1166 4901 1329 4970 ligna,
1370 4912 1460 4956 aut
1503 4901 1751 4956 ferrum?
1791 4901 1931 4967 Non,

356 4993 563 5062 inquit:
612 4992 720 5047 Nec
749 4991 894 5046 enim
925 5002 1008 5046 est
1054 4995 1319 5048 sensibilis
1361 4995 1661 5049 aediﬁcatio.
1710 4994 1862 5062 Quod
1885 4997 1931 5050 si

358 5085 478 5137 talis
536 5093 698 5147 esset,
756 5082 1137 5137 dissolveretur
1195 5093 1451 5153 tempore.
1520 5085 1926 5139 Conlessionem

356 5184 536 5228 autem
566 5175 798 5242 pietatis,
832 5188 1006 5241 neque
1035 5173 1325 5241 daemones,
1356 5191 1526 5244 neque
1555 5177 1659 5229 ulla
1682 5183 1929 5230 creatura

359 5268 574 5323 vincere
625 5274 819 5333 potest.
870 5264 1156 5319 Testautur
1197 5278 1455 5337 martyres
1493 5281 1717 5336 quorum
1764 5268 1926 5321 latera

357 5359 700 5425 radebantur,
723 5358 816 5411 sed
848 5358 977 5412 ﬁdes
1004 5373 1107 5411 non
1132 5356 1486 5426 frangebatur.
1520 5362 1564 5414 0
1591 5364 1726 5412 nova
1751 5372 1925 5411 rerum

356 5448 606 5504 materies
627 5451 640 5502 l
665 5449 843 5503 Partes
864 5448 1129 5514 cﬁ‘oditur,
1159 5459 1214 5503 et
1242 5451 1520 5504 thesaurus
1544 5468 1645 5505 non
1674 5451 1922 5504 aufertur.

355 5544 491 5595 Caro
515 5540 789 5604 scinditur,
821 5553 873 5594 et
905 5540 1037 5595 fides
1076 5556 1181 5595 non
1228 5543 1509 5609 rumpitur.
1560 5543 1704 5597 Talis
1728 5542 1926 5610 quippe
1958 5613 1966 5620 ι

355 5643 438 5689 est
465 5643 754 5703 martyrum
784 5634 969 5687 virtus.
1006 5633 1206 5687 Etenim
1236 5652 1385 5702 super
1418 5636 1547 5689 hanc
1580 5647 1771 5704 petram
1795 5635 1924 5689 tedi-

355 5728 513 5796 ﬁcubo
555 5726 835 5779 Ecclesium
873 5743 1054 5792 meam,
1090 5739 1135 5783 et
1179 5737 1338 5798 porta:
1378 5730 1528 5798 inferi
1551 5746 1652 5783 non
1682 5731 1925 5799 prazvale-

355 5827 471 5883 baut
526 5826 762 5881 adversus
822 5840 954 5880 eam.
1016 5826 1288 5883 Attendite
1341 5826 1648 5890 diligentius
1704 5826 1923 5885 verbo:

2039 4636 2345 4707 parentibus
2398 4634 2740 4689 sociabantur
2792 4634 3079 4697 connubio,
3138 4643 3191 4689 et
3257 4649 3410 4690 soror
3465 4636 3609 4691 fratri

2030 4730 2350 4801 jungehatur
2374 4729 2618 4795 impune:
2648 4742 2785 4780 nunc
2809 4741 2935 4780 vero
2958 4724 3311 4789 virginitatem
3334 4736 3610 4796 appetunt.

2037 4825 2174 4876 Ante
2204 4821 2304 4874 hoc
2331 4827 2507 4873 autem
2558 4824 2676 4873 erat
2723 4816 2967 4886 quaedam
3011 4832 3162 4885 gens,
3213 4831 3334 4884 quze
3365 4818 3607 4871 humanis

2036 4913 2351 4968 vescebatur
2397 4910 2691 4965 carnibus:
2748 4924 2887 4962 nunc
2934 4906 3150 4977 jejuniis
3205 4906 3447 4961 reﬁciunt
3498 4906 3609 4960 ani-

2037 5019 2177 5059 mam
2206 5018 2380 5058 suam.
2434 5002 2746 5068 Massagetae
2775 5008 2829 5053 et
2859 4998 3106 5052 Derbices
3137 4997 3361 5049 miseros
3402 5004 3607 5063 putant,

2034 5097 2124 5166 qui
2149 5096 2495 5166 atgrotatione
2540 5092 2851 5146 moriantur.
2902 5090 2965 5141 Et
3017 5098 3283 5155 parentes,
3325 5097 3604 5155 cognatos,

2036 5186 2380 5257 propinquos,
2411 5199 2534 5238 cum
2580 5182 2643 5235 ad
2675 5187 3005 5233 senectutem
3031 5177 3293 5241 venerint,
3342 5177 3607 5246 jugulatos

2036 5277 2319 5337 devorant,
2354 5272 2553 5327 rectius
2582 5284 2702 5324 esse
2732 5269 2991 5328 dicentes.
3026 5276 3081 5320 ut
3111 5283 3136 5317 ιι
3166 5282 3224 5320 se
3252 5267 3422 5332 potius
3450 5283 3605 5336 quam

2036 5385 2066 5422 a
2094 5367 2362 5420 vermibus
2392 5369 2795 5417 consumantur.
2829 5359 2980 5415 Nunc
3010 5374 3137 5413 vero
3162 5369 3276 5427 post
3309 5358 3603 5425 passionem

2034 5458 2230 5512 Christi
2261 5465 2313 5509 et
2342 5454 2792 5509 resurrectionem
2821 5451 2958 5522 ejus,
2990 5452 3329 5508 abstinentia
3366 5459 3419 5506 et
3450 5452 3605 5505 casti-

2035 5553 2123 5607 tati
2152 5550 2339 5604 devote
2367 5548 2594 5601 inilitant
2622 5546 2851 5610 Christo,
2898 5554 2952 5601 et
2992 5559 3156 5616 pr0pe
3201 5558 3390 5601 omnes
3418 5554 3603 5612 gente;

2034 5648 2232 5710 paratae
2265 5646 2389 5693 sunt
2420 5652 2515 5707 pro
2544 5637 2755 5691 nomine
2789 5636 2996 5689 Domini
3044 5633 3264 5688 fundere
3289 5632 3602 5703 sanguinem

2035 5749 2209 5791 suum.
2245 5730 2511 5786 Antehac
2558 5728 2705 5795 impii
2732 5736 2787 5782 et
2830 5735 3198 5794 persecutores
3236 5733 3387 5780 erant
3430 5739 3601 5793 reges,

2034 5841 2177 5882 nunc
2217 5838 2344 5880 vero
2384 5821 2451 5877 ad
2480 5820 2677 5881 castum
2713 5816 2994 5888 proferunt
3033 5818 3305 5887 pietatem,
3349 5825 3405 5873 et
3428 5815 3596 5886 ingre-
