4096 6346
512 371 649 432 1543

1337 367 1539 426 PAULI
1576 361 1848 424 DIACONI
1880 360 2033 419 OPP.
2075 358 2251 416 PARS
2282 357 2348 414 II.
2383 388 2454 402 —
2487 353 2837 415 ASCETICA.

3611 349 3758 405 15M

508 462 715 518 dientes
742 459 922 518 limina
951 458 1223 527 Ecclesiae,
1250 458 1518 530 deponunt
1558 472 1830 524 coronam,
1863 467 1918 511 et
1943 470 2065 512 cru-
2089 455 2147 512 Α
2178 451 2371 522 sequi?
2414 451 2545 505 Huic
2591 465 2692 519 ego
2737 443 3057 515 respondeo,
3105 455 3230 512 quia
3274 455 3378 496 non
3410 440 3582 496 solum
3617 457 3764 496 mar-

508 571 626 612 cem
651 554 847 611 Christi
874 556 928 611 in
955 555 1068 611 suis
1093 553 1384 626 depingunt
1412 553 1690 608 frontibus.
1721 550 1875 606 Foris
1903 565 2074 619 arma,

509 648 596 702 ltic
619 647 909 717 mysteria;
940 647 1068 704 foris
1109 656 1282 707 scuta,
1328 645 1413 700 hic
1451 654 1902 700 sacramentorum
1933 642 2079 696 cele-

508 738 698 794 bratio.
727 738 1010 796 Theodosii
1041 738 1203 807 filius,
1228 747 1282 794 et
1309 747 1459 808 pater
1482 734 1786 802 Theodosii,
1822 733 2079 803 religione

508 844 570 885 ac
593 832 787 900 pietate
814 830 1064 901 insignes.
1106 831 1332 901 Ideoque
1363 844 1458 899 pro
1484 828 1565 883 his
1611 827 1855 880 omnibus
1882 824 2080 894 gratias

508 936 726 991 agamus
756 922 1002 990 Domino,
1034 937 1128 993 per
1154 921 1424 977 Christum
1452 918 1633 974 Jesum
1663 916 1947 971 Dominum
1985 928 2080 968 uo-

509 1023 704 1081 strum,
734 1017 817 1072 cui
843 1027 924 1072 est
949 1017 1134 1087 gloria,
1162 1026 1217 1072 et
1259 1024 1515 1084 potestas,
1539 1023 1594 1068 et
1619 1011 1838 1083 Spiritui
1877 1022 2081 1078 sancto,

510 1120 605 1166 Der
627 1108 945 1165 immortalia
979 1109 1171 1165 secula
1197 1107 1538 1174 szeculorum,
1570 1107 1762 1162 Amen.

1038 1201 1310 1257 HOMILIA
1340 1199 1552 1257 LXXV.

966 1295 1097 1350 init
1127 1309 1192 1348 nr.
1220 1308 1320 1348 orto
1342 1307 1593 1346 narrar.

813 1384 916 1457 (Ex
947 1386 1085 1457 Opp.
1140 1386 1280 1441 beati
1308 1385 1547 1454 Gregorii
1581 1383 1775 1454 papai.)

579 1478 643 1534 In
676 1479 768 1534 illo
795 1488 1023 1548 tempore
1056 1479 1184 1533 dixit
1211 1478 1361 1533 .Iesus
1403 1476 1666 1547 discipulis
1692 1475 1838 1530 suis:
1881 1475 1941 1528 Si
1971 1473 2084 1545 quis

508 1573 637 1627 venit
661 1573 728 1627 ad
754 1589 855 1640 me,
901 1582 947 1626 et
990 1588 1090 1627 non
1119 1572 1225 1625 odit
1277 1579 1472 1641 patrem
1516 1585 1664 1624 suum
1703 1578 1748 1622 et
1777 1576 2006 1634 matrem,
2039 1576 2088 1621 et

508 1679 714 1718 uxorem
745 1674 792 1718 et
820 1664 979 1733 ﬁlios,
1023 1673 1072 1718 et
1103 1666 1286 1736 fratres
1315 1671 1360 1718 et
1389 1679 1606 1730 sorores,
1646 1662 1814 1715 adhuc
1848 1670 2014 1715 autent
2039 1668 2088 1714 et

507 1756 728 1811 animam
754 1772 920 1825 suam,
963 1772 1066 1812 non
1094 1763 1263 1826 potest
1304 1770 1442 1810 meus
1484 1770 1591 1810 esse
1635 1752 1938 1823 discipulus,
1979 1761 2082 1807 etc.

481 1873 484 1876 -
509 1845 661 1917 (Luc.
687 1847 817 1915 xtv).

582 1939 638 1996 Si
663 1940 1089 2012 consideremus,
1137 1942 1329 1999 fratres
1356 1943 1681 2010 charissimi,
1713 1950 1817 1998 etc.
1869 1940 2088 2010 Reliqua

508 2033 619 2088 uide
643 2035 864 2106 Uperum
884 2037 1050 2093 sancti
1073 2036 1303 2110 Gregorii
1321 2047 1453 2093 tomo
1471 2036 1556 2106 II,
1578 2035 1895 2107 Palroloyiw
1912 2034 2004 2089 LX
2012 2035 2084 2102 Χ,

505 2128 605 2199 col.
640 2127 777 2186 l275

1006 2221 1286 2278 HOMILIA
1322 2220 1552 2276 LXXVI.

963 2329 1089 2370 ΙΤΕΙΙ
1118 2332 1182 2370 οε
1222 2329 1324 2370 UNO
1361 2329 1628 2368 MARTYRE.

510 2401 614 2478 (Ex
657 2404 799 2460 beati
841 2404 1029 2459 Hilarii
1069 2406 1121 2460 in
1153 2405 1459 2460 Mattbaeum
1488 2403 1840 2474 expositione,
1866 2417 1985 2473 cap.
2010 2403 2088 2474 x.)

585 2496 765 2549 Initio
808 2505 1030 2564 tempore
1070 2495 1196 2548 dixit
1243 2494 1395 2549 Jesus
1437 2495 1697 2564 discipulis
1721 2495 1867 2548 suis:
1912 2491 2090 2548 Nolite

510 2585 756 2639 arbitrari
781 2586 906 2656 quia
929 2587 1151 2642 uenerim
1179 2603 1353 2657 pacem
1390 2588 1588 2642 mittere
1616 2592 1669 2640 in
1693 2598 1879 2641 terram
1900 2603 1919 2641 :
1966 2585 2090 2640 Non

512 2677 621 2732 veni
649 2695 824 2747 pacem
851 2679 1064 2744 mittere,
1089 2679 1176 2734 sed
1198 2681 1457 2750 gladium,
1498 2688 1600 2736 etc.
1631 2680 1841 2750 (Matth.
1875 2679 1952 2750 x).

581 2771 709 2836 Quae
754 2771 854 2826 ista
902 2772 1091 2828 divisio
1135 2774 1260 2828 est?
1309 2783 1412 2828 etc.
1457 2772 1674 2842 Reliqua
1712 2774 1824 2827 vide
1869 2773 2089 2845 Operum

510 2864 670 2920 sancti
695 2862 885 2919 Hilarii
911 2874 1044 2920 tomo
1072 2864 1124 2932 Ι,
1156 2864 1466 2938 Patrologia:
1493 2865 1574 2919 IX
1581 2904 1598 2932 ,
1624 2865 1722 2921 col.
1745 2864 1871 2920 975.

1011 2957 1292 3014 iIOMILIA
1332 2957 1589 3012 LXXVII.

950 3063 1074 3104 I'I'EI
1115 3065 1181 3104 DE
1220 3064 1321 3105 UNO
1370 3065 1641 3105 IARTVRE.

826 3139 927 3210 (Ex
955 3141 1091 3210 Opp.
1122 3143 1289 3196 sancti
1321 3139 1563 3213 Gregorii
1593 3153 1792 3211 papae.)

2180 552 2344 614 tyres,
2378 541 2471 596 sed
2501 542 2673 609 ipsum
2717 537 3000 592 Dominum
3031 550 3154 590 cum
3182 533 3349 603 ipsius
3392 533 3674 604 adiutorio,
3715 531 3763 585 si

2181 631 2441 693 volumus,
2474 642 2753 699 possumus
2779 629 2995 682 imitari.
3029 626 3164 680 Audi
3197 640 3302 680 non
3328 639 3435 687 me,
3460 624 3554 678 sed
3587 625 3756 694 ipsum

2182 721 2460 778 Dominum
2483 723 2666 792 generi
2697 722 2933 776 humano
2963 719 3280 774 clamantem
3307 735 3322 772 :
3368 717 3561 771 Discite
3589 733 3621 769 a
3660 733 3760 781 me,

2181 815 2302 883 quia
2330 814 2462 867 mitis
2492 830 2602 867 sum
2640 820 2687 868 et
2712 812 2922 866 humilis
2969 812 3120 865 corde
3159 809 3376 880 (Matth.
3413 809 3512 877 xx).
3543 806 3682 862 Audi
3713 816 3768 863 et

2184 906 2396 961 beatum
2449 904 2662 959 Petrum
2712 903 3013 973 apostolum
3062 901 3478 956 admonentem:
3530 900 3767 954 Christus

2184 1016 2276 1071 pro
2307 1000 2451 1053 nobis
2500 1015 2680 1069 passus
2724 1007 2819 1064 est,
2850 999 3136 1066 relinquens
3189 996 3325 1050 vobis
3373 995 3680 1063 exemplum,
3713 1001 3772 1046 ut

2183 1093 2463 1162 sequamini
2508 1093 2712 1162 vestigia
2747 1097 2858 1162 ejus
2909 1089 2960 1161 (I
3008 1089 3154 1143 Petr.
3190 1089 3270 1158 It).
3331 1087 3468 1143 Ecce
3520 1086 3769 1141 Christus

2185 1185 2332 1252 dicit,
2364 1186 2540 1239 discite
2562 1202 2596 1238 a
2623 1201 2741 1249 me;
2773 1183 2956 1239 beatus
2998 1183 3184 1238 Petrus
3219 1182 3367 1248 dicit,
3398 1191 3450 1235 ut
3479 1183 3768 1250 sequamini

2184 1277 2391 1346 vestigia
2441 1275 2570 1345 ejus.
2627 1275 2884 1331 Similiter
2946 1276 3142 1330 Paulus
3195 1276 3468 1343 apostolus
3520 1278 3769 1331 clamat:

2186 1364 2476 1421 Imitatores
2524 1365 2619 1420 Dei
2665 1375 2840 1432 estote,
2881 1367 3009 1420 sicut
3039 1365 3136 1433 filii
3177 1364 3466 1419 charissimi
3491 1365 3652 1435 (Eph.
3688 1366 3767 1437 v).

2187 1457 2323 1524 Quid
2356 1458 2421 1512 ad
2455 1461 2567 1512 haec
2599 1457 3040 1525 respondebimus
3088 1455 3330 1510 fratres?
3374 1455 3451 1510 vel
3479 1472 3635 1524 quam
3665 1471 3769 1509 ex-

2189 1552 2516 1608 cusationem
2549 1551 2752 1605 habere
2791 1549 3127 1618 poterimus?
3171 1549 3227 1605 Si
3260 1548 3352 1603 tibi
3384 1549 3564 1618 aliquis
3593 1548 3764 1613 dicat,

2191 1654 2246 1699 ut
2274 1644 2498 1698 virtutes
2527 1655 2658 1711 quas
2687 1640 2816 1696 fecit
2844 1639 3121 1706 Dominus,
3151 1638 3346 1694 debeas
3369 1639 3583 1704 imitari,
3620 1640 3771 1709 justa

2195 1743 2370 1804 potest
2409 1748 2528 1790 esse
2556 1732 2831 1788 excusatio
2857 1739 2969 1798 tua,
2993 1731 3115 1800 quia
3156 1731 3378 1785 virtutes
3416 1740 3470 1785 et
3511 1730 3772 1784 miracula

2115 1819 2164 1881 Β
2190 1827 2364 1883 facere
2392 1841 2498 1880 non
2525 1825 2772 1880 omnibus
2815 1824 2997 1878 datum
3023 1831 3126 1877 est.
3175 1821 3329 1878 Juste
3355 1832 3409 1876 et
3439 1834 3585 1876 caste
3617 1821 3771 1875 vive-

2190 1939 2270 1988 re,
2316 1931 2371 1977 et
2417 1921 2733 1977 charitatem
2765 1934 2886 1974 cum
2925 1917 3170 1973 omnibus
3196 1917 3485 1980 custodire,
3517 1933 3584 1971 ex
3612 1917 3776 1985 adju-

2189 2015 2325 2069 torio
2353 2013 2558 2068 cunctis
2605 2023 2927 2082 praeceptum
2972 2021 3074 2066 est.
3120 2008 3251 2064 Nam
3281 2018 3337 2064 et
3371 2009 3486 2077 ipse
3513 2007 3775 2063 Dominus

2189 2123 2296 2164 non
2345 2107 2503 2175 dixit,
2553 2107 2740 2162 discite
2785 2121 2817 2162 a
2865 2120 2952 2161 me
2999 2113 3237 2158 mortuos
3283 2104 3562 2172 suscitare,
3611 2119 3777 2172 supra

2190 2217 2354 2272 aquas
2378 2201 2535 2256 siccis
2583 2200 2805 2270 pedibus
2849 2199 3143 2254 ambulare.
3173 2197 3289 2252 Non
3320 2199 3421 2252 hoc
3461 2196 3610 2252 dicit.
3662 2196 3775 2250 Sed

2188 2295 2313 2364 quid
2342 2294 2417 2348 ait
2440 2295 2462 2347 ’ἰ
2487 2293 2620 2358 Quia
2646 2294 2781 2348 mitis
2807 2310 2917 2346 sum
2942 2303 2987 2346 et
3017 2292 3223 2344 humilis
3242 2292 3413 2344 corde.
3446 2289 3510 2344 Et
3530 2290 3728 2344 iterum
3760 2306 3775 2346 ι

2191 2386 2405 2455 Diligite
2443 2386 2674 2440 inimicos
2720 2395 2932 2454 vestros,
2986 2384 3258 2453 benefacite
3303 2383 3379 2435 his
3423 2382 3508 2448 qui
3549 2381 3777 2434 oderunt

2189 2497 2298 2551 vos,
2329 2489 2482 2550 atque
2513 2491 2654 2535 orate
2683 2496 2778 2550 pro
2809 2478 3220 2548 persequentibus
3257 2486 3306 2530 et
3341 2475 3776 2529 calumniantibus

2189 2593 2295 2639 vos,
2321 2585 2375 2628 ut
2405 2576 2513 2630 sitis
2541 2575 2636 2642 ﬁlii
2685 2574 2861 2628 Patris
2889 2574 3040 2626 vestri
3064 2571 3150 2640 qui
3174 2588 3228 2625 tn
3266 2569 3406 2624 cretis
3445 2577 3538 2633 est,
3563 2569 3652 2636 qui
3682 2585 3774 2621 so—

2193 2643 2464 2724 lemosuum
2485 2667 2609 2721 oriri
2640 2667 2758 2736 facit
2789 2681 2938 2733 super
2981 2665 3134 2717 bonos
3163 2672 3210 2719 et
3238 2665 3398 2718 malos
3444 2663 3659 2734 (Matth.
3687 2665 3772 2732 v).

2190 2761 2258 2816 Et
2286 2761 2475 2815 iterum
2502 2775 2516 2811 :
2549 2757 2725 2812 Eslote
2763 2767 2807 2811 et
2829 2773 2914 2811 eos
2939 2756 3171 2826 perfecti,
3203 2757 3331 2810 sicut
3358 2765 3405 2810 et
3432 2755 3590 2810 Pater
3613 2767 3776 2810 vester

2190 2850 2404 2906 caelestis
2443 2852 2692 2919 perfectus
2724 2857 2795 2901 est
2843 2844 3056 2917 (Ibid.).
3085 2845 3148 2900 Et
3176 2847 3299 2902 licet
3338 2846 3445 2901 sint
3475 2846 3578 2901 alia
3607 2847 3774 2901 multa

2189 2944 2244 3000 in
2276 2943 2467 3014 quibus
2519 2943 2810 2998 debeamus
2851 2940 3132 2996 Dominum
3170 2952 3224 2996 et
3268 2940 3454 2996 beatos
3504 2951 3769 3010 martyres

2189 3037 2407 3102 imitari,
2441 3035 2541 3090 ista
2594 3047 2770 3090 tamen
2807 3021 2922 3090 duo
2981 3035 3243 3104 praecipua
3292 3044 3435 3100 sunt,
3488 3035 3539 3089 id
3587 3043 3687 3099 est,
3717 3046 3774 3090 ut

2197 3131 2354 3184 mites
2385 3132 2550 3182 simus
2579 3138 2632 3183 et
2678 3128 2903 3183 humiles
2951 3129 3132 3194 corde,
3185 3135 3237 3182 et
3285 3127 3530 3182 inimicos
3560 3140 3775 3183 nostros

583 3229 651 3284 In
673 3230 766 3285 illo
793 3189 1028 3301 iiii—oi;
1804 3247 1825 3288 ,-
1870 3231 1932 3288 Si
1974 3249 2089 3302 quis
2118 3189 2163 3252 C
2198 3232 2310 3278 toto
2338 3222 2531 3276 affectu
2555 3220 2856 3290 diligamus.
2890 3219 2964 3274 De
2994 3189 3273 3288 diligendis
3303 3219 3554 3282 inimicis,
3584 3221 3774 3275 fratres

514 3326 755 3397 vultpost
776 3340 854 3379 me
882 3327 1072 3393 uenire,
1107 3326 1316 3398 abneget
1340 3326 1680 3397 semetipsum,
1707 3335 1756 3380 et
1783 3323 1929 3380 tollat
1971 3340 2092 3378 cru-

515 3435 622 3475 cem
647 3436 814 3486 suam,
839 3431 883 3474 et
906 3430 1148 3490 sequatur
1171 3437 1268 3487 me,
1313 3429 1415 3475 etc.
1449 3419 1602 3491 (Luc.
1632 3421 1735 3493 ιι).

587 3511 717 3579 Quia
749 3512 1001 3567 Dominus
1025 3528 1086 3567 ac
1112 3512 1434 3583 Redemptor
1477 3523 1680 3580 noster,
1729 3523 1834 3569 etc.
1877 3513 2093 3582 Reliqua

517 3603 632 3656 vide
683 3602 908 3669 Operam
963 3606 1129 3658 sancti
1174 3603 1409 3674 Gregorii
1453 3614 1588 3660 tumo
1639 3602 1727 3672 Il,
1779 3603 2093 3673 Palrologia:

517 3695 663 3752 LXX
679 3695 778 3767 γι,
798 3700 897 3754 col.
926 3697 1087 3754 isse.

1009 3789 1284 3844 IIOMILIA
1308 3787 1586 3846 LXXVIII.

979 3896 1104 3937 ITBI
1163 3898 1234 3936 DE
1285 3898 1627 3938 IAR'I'YRIBUS.

1003 3973 1107 4046 (Ex
1137 3973 1314 4027 Leone
1344 3989 1473 4042 papa
1493 3973 1606 4045 [7].)

589 4064 1042 4134 Quotiescunque,
1061 4064 1253 4119 fratres
1271 4065 1594 4132 charissimi,
1619 4072 1925 4120 sanctorum
1952 4080 2093 4120 mar-

523 4165 695 4226 tyrum
727 4157 983 4212 solemnia
1011 4157 1366 4224 celebramus,
1391 4157 1460 4211 ita
1483 4157 1612 4225 ipsis
1641 4159 2093 4213 intercedentibus

521 4261 887 4320 exspectemus
920 4267 949 4304 a
1004 4249 1228 4305 Domino
1275 4251 1527 4320 consequi
1577 4253 1885 4320 temporalia
1934 4252 2094 4307 bene-

522 4342 662 4406 licia,
695 4353 750 4397 ut
795 4344 939 4412 ipsos
988 4355 1247 4412 martyres
1298 4343 1575 4407 imitando,
1611 4345 1850 4413 accipere
1881 4360 2094 4400 merea-

522 4449 636 4488 mur
669 4445 890 4494 attenta.
926 4435 1006 4490 Ah
1038 4434 1118 4490 eis
1161 4435 1299 4489 enim
1345 4448 1648 4490 sanctorum
1702 4446 1994 4506 martyrum
2040 4439 2092 4492 in

522 4533 744 4586 Yﬂilate
778 4532 1121 4586 festivitatum
1165 4527 1354 4601 gaudia
1403 4527 1754 4594 celebrantur,
1806 4532 1894 4598 qui
1940 4529 2088 4598 ipso-
2120 4551 2170 4613 υ

527 4637 646 4676 rum
704 4632 998 4691 martyrum
1052 4624 1302 4691 exempla
1358 4632 1668 4693 sequuntur.
1724 4622 2094 4678 Solemnitates

524 4711 665 4766 enim
698 4720 1018 4782 martyrum,
1076 4712 1474 4769 exhortationes
1523 4724 1644 4768 sunt
1695 4716 2092 4785 martyriorum,

525 4811 582 4857 ut
621 4802 816 4857 imitari
844 4818 948 4858 non
981 4802 1177 4874 pigeat,
1216 4806 1354 4876 quod
1400 4806 1671 4862 celebrare
1695 4809 1942 4862 delectat.
1989 4808 2094 4862 Sed

525 4910 624 4951 nos
651 4896 892 4953 volumus
922 4901 1155 4969 gaudere
1199 4915 1322 4955 cum
1364 4902 1581 4966 sanctis,
1617 4910 1671 4956 et
1702 4901 2094 4955 tribulationem

526 4990 705 5045 mundi
732 4991 976 5049 nolumus
1015 4998 1280 5049 sustinere
1323 5009 1442 5048 cum
1475 4995 1600 5048 illis.
1651 4995 1746 5060 Qui
1794 4997 1934 5047 enim
1967 5009 2093 5049 san-

528 5089 642 5136 ctos
667 5090 953 5154 martyres,
996 5085 1079 5139 vel
1109 5085 1160 5138 in
1192 5094 1441 5154 quantum
1471 5083 1719 5151 potuerit,
1764 5084 1954 5137 imitari
2001 5099 2096 5139 no-

527 5171 784 5241 Iuerit,ad
811 5190 993 5231 eorum
1021 5175 1401 5230 beatitudinem
1431 5187 1534 5227 non
1560 5171 1750 5241 poterit
1785 5175 2087 5242 pervenire.

525 5268 614 5326 Sic
666 5269 807 5324 enim
863 5268 1133 5337 apostolus
1181 5264 1374 5320 Paulus
1437 5262 1722 5332 praedicat,
1778 5263 2000 5320 dicens:
2035 5265 2096 5320 Si

530 5363 777 5433 fuerimus
817 5359 940 5413 socii
991 5359 1306 5430 passionum,
1356 5357 1541 5411 erimus
1585 5367 1629 5410 et
1680 5359 2089 5415 consolationum

533 5451 620 5524 (II
651 5452 768 5506 Cor.
797 5449 858 5521 ι).
902 5449 968 5504 Ει
1005 5450 1260 5504 Dominus
1301 5449 1356 5504 in
1388 5449 1713 5520 Evangelia:
1769 5451 1831 5506 Si
1870 5454 2090 5509 mundus

530 5557 616 5596 vos
636 5543 765 5611 odit,
809 5540 986 5594 scitote
1018 5541 1136 5610 quia
1188 5555 1267 5594 me
1318 5538 1538 5610 priorem
1585 5541 1720 5595 vobis
1774 5543 1889 5598 odio
1919 5545 2095 5599 habuit

533 5633 709 5705 (Ιοαη.
735 5635 847 5706 xv).
876 5634 1106 5691 Recusat
1127 5649 1248 5691 esse
1272 5633 1327 5690 in
1348 5649 1592 5706 corpore,
1618 5637 1708 5706 qui
1735 5638 1914 5694 odium
1937 5656 2093 5696 mun-

534 5728 588 5780 di
615 5742 718 5783 non
745 5727 857 5783 vult
893 5729 1156 5784 sustinere
1180 5742 1303 5783 cum
1327 5729 1519 5799 capite.
1572 5727 1678 5786 Sed
1703 5729 1831 5786 dicit
1857 5732 2049 5803 aliquis
2077 5747 2091 5788 :

538 5816 601 5874 Et
625 5817 743 5889 quis
770 5828 852 5878 est
894 5821 985 5891 qui
1015 5819 1178 5891 possit
1220 5818 1499 5884 beatorum
1540 5834 1836 5895 martyrum
1873 5827 2098 5897 vestigia

2194 3316 2516 3382 charissimi,
2547 3316 2724 3369 nullus
2756 3330 2985 3383 unquam
3014 3316 3063 3368 in
3095 3315 3318 3368 veritate
3355 3330 3414 3368 se
3451 3315 3652 3383 poterit
3676 3329 3768 3368 ex-

2194 3425 2397 3466 cusare.
2432 3409 2636 3464 Poterit
2658 3408 2785 3463 mihi
2807 3409 2996 3477 aliquis
3025 3407 3227 3473 dicere,
3250 3424 3354 3462 non
3386 3422 3601 3478 possum
3627 3407 3770 3477 jeju-

2195 3521 2348 3571 nare,
2394 3519 2498 3558 non
2533 3518 2747 3573 possum
2795 3504 3032 3572 vigilare,
3077 3502 3314 3572 nunquid
3365 3502 3762 3571 p0testdicere,

2197 3616 2300 3655 non
2351 3614 2564 3669 possum
2611 3597 2874 3668 diligere?
2922 3597 3101 3650 Potest
3146 3595 3347 3662 dicere,
3397 3609 3493 3649 non
3539 3608 3763 3662 possum

2199 3707 2286 3746 res
2309 3706 2456 3745 meas
2488 3699 2625 3745 totas
2667 3689 2988 3759 pauperibus
3017 3703 3260 3757 erogare,
3291 3697 3344 3742 et
3367 3689 3418 3742 in
3447 3689 3771 3743 monasterio

2147 3837 2152 3842 _
2199 3782 2308 3835 Deo
2331 3783 2566 3848 servire;
2592 3781 2826 3850 nunquid
2851 3790 3024 3851 potest
3051 3780 3250 3845 dicere,
3277 3797 3380 3835 non
3410 3796 3625 3850 possum
3655 3780 3777 3835 dili-

2195 3876 2364 3944 gere?
2399 3877 2454 3930 Si
2485 3877 2707 3942 dixeris,
2736 3876 2855 3944 quia
2887 3891 2991 3929 non
3014 3891 3229 3945 possum
3252 3892 3281 3929 a
3304 3876 3425 3930 vino
3452 3888 3506 3931 et
3526 3877 3776 3932 earnibus

2196 3970 2482 4034 abstinere,
2516 3968 2782 4022 credimus
2808 3968 2922 4022 tibi.
2961 3967 3020 4023 Si
3049 3978 3226 4022 autem
3253 3968 3471 4034 dixeris,
3503 3968 3644 4039 quod
3668 3983 3775 4024 non

2199 4060 2372 4128 possis
2397 4060 2448 4112 in
2482 4068 2532 4111 te
2562 4059 2902 4126 peccantibus
2934 4059 3231 4129 indulgere,
3263 4062 3482 4115 omnino
3512 4076 3618 4115 non
3659 4076 3780 4118 crc-

2197 4151 2392 4218 dimus,
2424 4151 2547 4220 quia
2579 4152 2721 4204 nulla
2748 4151 2900 4205 nobis
2923 4161 3162 4206 remanet
3188 4153 3483 4220 excusatio,
3517 4154 3644 4208 dum
3668 4169 3777 4210 non

2197 4244 2264 4300 de
2292 4244 2533 4311 cellario,
2577 4246 2671 4299 sed
2719 4245 2786 4300 de
2823 4246 2985 4300 corde
3034 4246 3193 4300 istam
3239 4245 3636 4317 eleemosynam
3679 4252 3777 4316 ju-

2199 4340 2387 4394 bemur
2419 4340 2657 4409 implere,
2682 4349 2737 4393 ut
2768 4353 2862 4409 per
2879 4339 3015 4395 viam
3039 4341 3156 4394 vitae
3184 4340 3250 4394 ad
3271 4350 3526 4394 aeternam
3548 4342 3778 4409 patriam

2198 4448 2499 4488 mereamur
2526 4435 2826 4502 pervenire.
2856 4433 3068 4490 Duobus
3089 4433 3231 4488 enim
3255 4435 3552 4504 praeceptis,
3575 4434 3629 4486 id
3660 4442 3774 4502 est,

2197 4529 2380 4598 diliges
2429 4527 2703 4581 Dominum
2747 4527 2911 4582 Deum
2940 4538 3103 4595 tuum,
3156 4537 3210 4582 et
3234 4527 3416 4598 diliges
3456 4528 3776 4596 proximum,

2198 4621 2348 4691 quasi
2377 4619 2584 4675 duobus
2611 4619 2977 4690 spiritualibus
3007 4619 3251 4690 pedibus,
3281 4621 3328 4674 si
3344 4633 3446 4687 per
3469 4620 3606 4674 viam
3633 4633 3778 4673 vera:

2198 4713 2476 4769 cbaritatis
2506 4714 2750 4768 volumus
2794 4727 3031 4779 currere,
3073 4713 3140 4767 ad
3171 4711 3445 4768 caelestem
3492 4726 3780 4782 possumus

2198 4807 2425 4875 patriam
2462 4804 2688 4861 feliciter
2736 4807 3057 4875 pertingere.
3099 4805 3217 4860 Istis
3263 4804 3486 4875 pedibus
3527 4805 3782 4860 currebat

2200 4898 2394 4953 Paulus
2441 4898 2733 4966 apostolus,
2785 4899 2995 4968 quando
3040 4898 3292 4954 dicebat:
3341 4897 3456 4970 Ego
3503 4899 3662 4968 igitur
3703 4900 3780 4952 sic

2200 5007 2371 5057 curro,
2420 5008 2519 5044 non
2567 4993 2711 5060 quasi
2738 4992 2790 5045 in
2835 4992 3079 5045 incertum
3120 4990 3171 5063 (Ι
3199 4991 3318 5046 Cor.
3351 4991 3454 5059 ix).
3502 4992 3601 5057 Qui
3648 5007 3782 5062 ergo

2198 5083 2444 5139 dilexerit
2478 5085 2721 5140 inimicos
2768 5099 2914 5151 suos,
2965 5084 3092 5140 illud
3142 5087 3196 5142 in
3239 5101 3304 5141 eo
3341 5085 3593 5155 impletur
3631 5087 3778 5154 quod

2197 5176 2328 5230 dixit
2356 5177 2628 5241 Dominus,
2661 5178 2907 5234 videlicet
2933 5196 2945 5230 :
3001 5177 3068 5232 Ut
3111 5178 3221 5233 sitis
3249 5178 3348 5246 lilii
3397 5177 3570 5232 Patris
3599 5180 3776 5242 vestri,

2196 5268 2362 5338 quiin
2389 5269 2525 5322 caelis
2571 5277 2642 5323 est
2693 5269 2906 5340 (Matth.
2947 5270 3025 5338 v).
3079 5270 3225 5340 Elige
3273 5269 3435 5325 modo
3484 5269 3629 5340 quod
3677 5270 3782 5324 tibi

2197 5367 2483 5435 placuerit.
2525 5367 2579 5422 Si
2609 5365 2852 5421 inimicos
2881 5366 3154 5433 dilexeris,
3203 5383 3310 5421 non
3344 5368 3516 5421 solum
3547 5365 3781 5431 amicus,

2197 5458 2293 5514 sed
2321 5460 2478 5514 etiam
2512 5459 2652 5514 ﬁlius
2692 5459 2783 5513 Dei
2807 5474 2927 5514 esse
2955 5460 3264 5514 mereberis.
3293 5459 3349 5515 Si
3375 5473 3503 5514 vero
3531 5459 3780 5514 inimicos

2198 5563 2379 5607 amare
2399 5551 2660 5618 nolueris,
2686 5552 2970 5621 propitium
2995 5551 3161 5607 Deum
3192 5552 3390 5608 habere
3412 5566 3518 5607 non
3548 5552 3774 5620 poteris,

2199 5644 2318 5712 quia
2349 5644 2604 5713 scriptum
2635 5652 2753 5700 est:
2795 5645 2896 5710 Qui
2935 5645 3040 5698 odit
3075 5645 3287 5714 fratrem
3313 5659 3484 5711 suum,
3516 5645 3778 5699 homicida

2199 5744 2272 5788 est
2295 5733 2346 5806 (Ι
2371 5733 2528 5790 Joan.
2553 5737 2656 5806 ill).
2683 5736 2749 5792 Et
2771 5735 2962 5792 iterum
2993 5755 3003 5790 :
3035 5736 3137 5803 Qui
3165 5737 3270 5791 odit
3292 5742 3508 5808 fratrem
3527 5753 3698 5802 suum,
3725 5739 3779 5791 in

2201 5826 2418 5884 tenebris
2455 5836 2628 5906 est,.et
2670 5829 2724 5888 in
2763 5828 2975 5886 tenebris
3002 5828 3248 5899 ambulat,
3278 5839 3325 5886 et
3352 5829 3510 5886 nescit
3533 5843 3633 5899 quo
3666 5837 3776 5898 eat,
