4096 6346
1413 413 1877 485 HOMILIARIUS.
1917 455 1988 472 -—
2024 431 2188 490 HOM.
2231 435 2319 493 DE
2355 437 2659 501 SANCTIS.

2587 609 2602 611 “
2637 609 2688 612 "'
2718 609 3054 618 ""'"—"""'
3083 609 3150 624 *³⁸³
3180 609 3469 632 numquam
3498 609 3650 648 1⁸1]υο

405 609 471 663 Et
496 610 687 666 iterum
718 613 819 669 alia
865 616 1122 686 scriptura
1151 630 1273 677 est:
1319 621 1731 683 Itineraeorum
1777 633 1865 702 qui
1893 633 1980 688 in-
2081 639 2306 697 rantiam
2354 643 2737 717 instruendam,
2789 653 2860 708 ita
2914 657 3208 718 doctrinam
3256 681 3406 723 suam
3439 679 3653 744 tempe-

408 704 591 744 iurinm
621 707 841 744 νοιὸιιοηι
917 709 1160 744 haud“...
1192 714 1426 744 l-t...r..-:.
1471 719 1523 744 :..
1553 731 1763 744 ..η-.--η
1838 723 1946 744 ιν---
2079 741 2146 744 μγ
2175 727 2208 744 ..
2304 739 2316 744 _
2562 737 2574 744 .
2811 742 2821 744 _

401 704 593 771 iuriam
621 707 862 774 retinent,
910 709 1160 769 Dominus
1188 714 1426 787 Iabefacit
1471 719 1525 773 in
1552 731 1784 777 mortem.
1837 723 1980 780 Nun-
2078 727 2231 795 ravit,
2265 739 2321 786 ut
2361 749 2467 789 non
2495 737 2666 794 solum
2705 742 2945 813 perfecti,

2990 751 3083 806 sed
3131 755 3289 812 etiam
3325 762 3500 818 minus
3532 779 3653 834 per-

2706 795 2722 810 I
2751 795 2945 813 ""“W
2990 795 3083 806 ’ν’-
3131 795 3289 812 vuqu
3325 795 3500 818 ursruua
3532 795 3649 834 γει·-

401 795 524 862 quid
569 795 684 853 lucc
710 800 868 856 verba
923 819 1043 860 mea
1087 817 1231 875 sunt,
1263 808 1454 866 fratres
1505 813 1804 872 charissimi
1830 817 1853 870 ?
1902 819 1980 876 De
2077 814 2200 872 lecti
2229 819 2405 877 cibum
2433 823 2558 881 vita:
2589 829 2830 888 invenire
2858 849 3094 904 possent.
3137 843 3376 918 Denique
3403 862 3457 908 ut
3487 869 3649 924 supra

401 888 670 924 nnilinlinia
725 891 871 924 "huic
923 903 975 924 ΑΙ
1032 901 1229 924 ρΑ-ιιιιξιι
1287 900 1434 924 I!L_2-
1494 905 1669 924 __-l'___
1693 915 1763 924 κη.
1906 910 1969 924 εει-
2083 918 2232 924 -..-μμ
2261 909 2315 924 ,I-
2353 918 2364 924 -
2522 923 2526 924 ,
2579 916 2610 924 ..

396 888 672 945 catholicis
723 891 873 948 libris
923 903 977 951 et
1030 901 1230 956 sanctis
1285 900 1436 957 libris
1494 905 1852 974 proferuntur.
1894 910 1976 968 'Ut

395 993 525 1050 ergo
549 997 615 1038 ne
636 983 918 1042 homicida:
939 989 1129 1062 simus,
1153 1008 1220 1050 ne
1243 994 1297 1050 in
1321 997 1551 1054 tenebris
1581 1014 1971 1073 remaneamus,

393 1072 705 1131 studeamus
754 1092 861 1133 non
915 1081 1086 1136 solum
1120 1084 1340 1152 amicos,
1389 1089 1482 1143 sed
1529 1091 1688 1146 etiam
1731 1092 1973 1153 inimicos

393 1162 632 1234 diligere,
684 1176 745 1222 ut
791 1169 936 1238 pium
979 1184 1034 1228 et
1080 1174 1485 1234 misericordem
1526 1181 1803 1239 Dominum
1849 1201 1972 1256 pos-

393 1254 561 1310 simus
591 1260 884 1316 secundum
914 1266 1178 1324 cantionis
1207 1282 1320 1326 sua:
1346 1272 1616 1330 vinculum
1647 1277 1812 1334 libera
1841 1296 1971 1338 con-

389 1343 607 1401 scientia
634 1353 944 1408 convenire.
992 1355 1110 1424 Ipse
1147 1361 1290 1416 enim
1335 1362 1504 1418 dixit:
1554 1366 1617 1422 Si
1661 1370 1964 1429 dimiseritis

388 1435 673 1496 hominibus
703 1451 906 1509 peccata
933 1463 1130 1515 eorum,
1161 1451 1382 1509 dimittet
1411 1466 1461 1510 et
1503 1461 1640 1514 nobis
1687 1461 1848 1518 Pater
1877 1482 1964 1523 ve-

384 1534 485 1580 ster
506 1529 716 1586 ctelestis
745 1544 954 1604 peccata
982 1546 1165 1594 vestra.
1209 1541 1273 1597 Si
1300 1553 1470 1599 autem
1500 1564 1601 1603 non
1642 1551 1960 1624 dimiseritis,

382 1633 474 1672 nec
494 1618 650 1675 Pater
667 1619 1059 1684 nester'dimittet
1080 1633 1214 1688 vobis
1233 1648 1438 1706 peccata
1455 1649 1619 1698 vestra
1635 1644 1847 1716 (Matth.
1862 1651 1958 1720 γι).

381 1705 678 1779 Diligenter
706 1718 964 1776 attendite
1007 1705 1242 1791 fratres,
1271 1737 1326 1783 et
1364 1731 1558 1789 scitote
1587 1705 1729 1792 aliud
1759 1753 1878 1797 esse
1906 1743 1961 1798 in

378 1797 543 1855 Deum
575 1818 819 1876 peccare,
853 1810 991 1868 aliud
1037 1815 1090 1869 in
1130 1816 1424 1877 hominem.
1475 1824 1699 1892 Quando
1730 1831 1871 1887 enim
1902 1834 1956 1890 in

377 1907 475 1948 ηοε
518 1907 740 1963 Peccant
788 1901 1050 1974 homines,
1083 1909 1130 1964 si
1176 1915 1552 1978 paenitentibus
1601 1921 1812 1980 veniam
1845 1941 1935 1982 nor

377 1980 712 2008 ξηιι..1..-...---
793 2007 814 2008 η
962 2006 969 2008 Α
1113 1999 1128 2008 ι
1298 2005 1309 2008 -

2023 1915 2031 1967 l
2056 1923 2130 1969 est
2153 1933 2301 1975 nosse
2321 1901 2614 1993 mysterium
2641 1932 2784 2001 regni
2813 1930 2911 1986 Dei
2940 1901 3154 2008 (diatth.

377 1980 735 2058 indulgemus,
792 2006 1066 2062 peccatum
1111 1999 1452 2062 incurrimus.
1502 2010 1726 2077 Quando
1765 2015 1955 2087 aliquis

372 2073 425 2128 in
457 2075 623 2133 Deum
669 2088 993 2154 peccaverit,
1024 2090 1071 2144 si
1117 2092 1236 2150 sine
1267 2098 1454 2166 grandi
1494 2100 1829 2163 districtione
1874 2109 1955 2165 in-

374 2163 593 2235 dulgere
622 2172 970 2243 voluerimus,
1003 2184 1290 2254 participes
1337 2204 1434 2245 nos
1481 2197 1715 2262 peccatis
1764 2214 1950 2259 eorum

368 2258 645 2318 efﬁcimur.
675 2265 813 2322 Dicit
852 2285 980 2340 ergo
1021 2274 1311 2335 Dominus:
1365 2282 1427 2337 Si
1455 2258 1748 2344 dimiseritis
1779 2292 1949 2348 homi-

367 2350 513 2406 nibus
548 2368 753 2423 peccata
799 2378 996 2435 eorum,
1044 2369 1264 2427 dimittet
1312 2383 1361 2430 et
1401 2379 1538 2433 vobis
1589 2380 1747 2439 Pater
1787 2398 1948 2445 uester

363 2443 579 2499 caelestis
621 2462 826 2518 peccata
873 2469 1055 2515 vestra.
1104 2460 1275 2534 Rogo,
1309 2467 1518 2537 fratres,
1573 2476 1700 2542 quid
1730 2478 1944 2538 dulcius

369 2531 474 2586 dici
501 2541 712 2603 potest?
756 2541 809 2597 ln
859 2556 1121 2613 potestate
1167 2531 1347 2613 nostra
1394 2531 1603 2631 posuit;
1637 2569 1864 2638 qualiter
1888 2574 1942 2630 in

367 2623 454 2680 die
480 2627 665 2694 iudicii
693 2633 1014 2702 judicemur.
1063 2645 1178 2701 Non
1222 2623 1634 2718 dixit,-vadein
1653 2623 1940 2734 brientem,

362 2729 541 2783 quaere
583 2720 886 2796 justitiam;
936 2734 1122 2806 naviga
1175 2753 1343 2810 usque
1376 2743 1430 2799 in
1472 2748 1830 2825 occidentem,
1879 2767 1940 2813 ut

359 2807 587 2876 accipias
634 2813 1040 2887 indulgentiam.
1081 2807 1301 2885 Dimitte
1350 2833 1567 2893 inimico
1616 2848 1730 2909 tuo,
1778 2807 1937 2903 eidi-

356 2900 593 2960 mittetur
623 2906 716 2964 tibi
752 2926 768 2976 ;
808 2913 1043 2987 indulge,
1075 2929 1130 2976 et
1177 2922 1534 2996 indulgebitnr
1563 2933 1657 2988 tibi
1690 2953 1704 3000 ;
1753 2937 1841 3007 da,
1881 2948 1937 2999 et

353 2989 564 3050 dabitur
597 2997 708 3053 tibi.
742 3000 884 3059 Nihil
905 3021 934 3060 a
961 3015 1012 3064 te
1039 3020 1188 3068 extra
1214 3021 1267 3071 te
1290 2989 1562 3086 quaeritur.
1591 3025 1671 3081 Ad
1691 2989 1936 3100 ἰεἶιᾷξυῖιξ
1959 3081 1969 3094 .

359 3090 412 3138 ct
441 3087 504 3139 ad
535 3094 914 3152 conscientiam
944 3108 1086 3158 tuam
1120 3114 1172 3162 te
1211 3109 1352 3167 Deus
1380 3112 1580 3185 dirigit.
1626 3119 1682 3176 in
1711 3129 1760 3178 te
1781 3087 1930 3183 enim

351 3181 530 3247 posuit
558 3188 700 3254 quod
733 3195 977 3262 requirit.
1027 3199 1144 3257 Non
1175 3205 1353 3275 itaque
1392 3181 1780 3277 medicamenta
1809 3226 1926 3282 vul-

351 3273 567 3331 neribus
591 3279 695 3335 tuis
721 3282 877 3355 longe
908 3287 1070 3347 habes
1092 3273 1380 3366 inquirere.
1421 3303 1771 3370 Peccatorum
1807 3325 1925 3374 tuo-

348 3375 466 3417 rum
513 3365 896 3442 indulgentiam
939 3381 985 3436 si
1013 3384 1114 3454 vis,
1145 3365 1290 3446 intus
1317 3394 1371 3447 in
1399 3396 1614 3455 cellario
1645 3406 1821 3463 cordis
1849 3410 1925 3466 tui

347 3456 542 3520 poteris
571 3459 829 3523 invenire.
873 3469 977 3527 Sed
1009 3472 1139 3531 dicit
1179 3479 1408 3553 aliquis:
1463 3485 1631 3547 Tanta
1658 3495 1796 3550 mala
1837 3513 1925 3556 me

349 3540 596 3605 inimicus
625 3567 775 3611 meus
805 3563 1060 3631 compulit
1087 3573 1374 3642 sustinere,
1415 3585 1474 3633 ut
1499 3593 1621 3636 eum
1654 3585 1798 3640 nulla
1837 3602 1922 3644 ra-

347 3635 494 3691 tione
518 3643 715 3708 possim
743 3645 987 3717 diligere.
1013 3655 1258 3716 Attendis
1273 3635 1399 3730 quid
1417 3667 1510 3722 tibi
1535 3635 1916 3746 saeuitia;

346 3733 526 3783 etnon
565 3735 798 3791 attendis
827 3741 952 3808 quid
984 3748 1039 3796 tu
1080 3745 1270 3805 feceris
1294 3751 1424 3808 Deo.
1455 3757 1509 3811 Si
1539 3733 1917 3824 conscientiam

347 3828 491 3874 tuam
525 3822 812 3894 diligenter
847 3832 1070 3891 discutis
1097 3846 1151 3893 et
1188 3841 1431 3912 inquiris,
1473 3848 1589 3906 sine
1632 3853 1736 3909 ulla
1766 3871 1916 3915 com-

339 3912 650 3976 pensatione
676 3917 878 3988 majora
909 3931 962 3978 tu
1008 3929 1321 3989 commisisti
1369 3938 1422 3992 in
1461 3938 1628 3998 Deum
1675 3958 1911 4016 peccata,

338 4013 496 4067 quam
525 4001 578 4056 in
612 4011 664 4060 te
692 4010 1022 4069 commiserit
1048 4016 1227 4075 homo.
1274 4021 1337 4078 Et
1376 4039 1477 4096 qua
1524 4001 1698 4090 fronte
1727 4037 1808 4094 vis
1856 4001 1912 4096 ul

336 4088 432 4142 tibi
464 4089 602 4146 Deus
631 4094 878 4165 dignetur
921 4103 1194 4165 dimittere
1247 4088 1492 4188 multum,
1543 4135 1663 4179 cum
1717 4135 1772 4182 tu
1803 4145 1909 4187 non

332 4182 624 4249 acquiescis
651 4187 922 4248 dimittere
947 4210 1133 4264 parum
1160 4201 1184 4255 ‘i
1230 4203 1334 4260 Sed
1363 4208 1408 4263 si
1448 4182 1562 4268 haec
1599 4230 1715 4286 qua:
1748 4182 1907 4292 supra

331 4269 560 4331 diximus
586 4280 876 4347 spiritualia
925 4289 1335 4365 medicamenta,
1379 4302 1517 4359 sicut
1563 4269 1676 4365 Deo
1723 4269 1932 4383 propi-.

331 4362 498 4421 tiante
529 4372 900 4442 consuevistis,

327 4465 524 4512 sancta:
553 4462 892 4522 conscientiae
918 4481 1110 4527 vestrae
1137 4479 1468 4538 reconditum
1497 4485 1903 4558 diligentissime

324 4547 631 4616 custoditis,
673 4555 970 4615 auxiliante
1017 4560 1242 4621 Domino
1291 4583 1492 4630 venena
1538 4576 1738 4637 diaboli
1789 4599 1897 4642 non

326 4635 601 4708 tin'tebitis,
635 4652 689 4698 et
711 4661 804 4714 per
831 4649 1014 4706 odium
1045 4657 1128 4710 vel
1157 4655 1486 4722 iracundiam
1514 4679 1606 4724 aut
1628 4687 1895 4746 nunquam
1922 4629 1978 4694 Β

1649 4725 1895 4746 κρητ,-κ.

321 4725 470 4784 vobis
499 4745 676 4787 amara
723 4738 946 4796 vulnera
1000 4743 1334 4821 ingeruntur,
1367 4765 1458 4812 aut
1503 4759 1550 4816 si
1595 4763 1728 4821 forte
1771 4769 1897 4825 sub-

320 4822 606 4891 repserint,
638 4825 745 4881 cito
769 4843 864 4898 per
889 4833 1202 4896 charitatem
1249 4845 1524 4913 priSIinam
1553 4867 1892 4932 revocantur,

317 4924 604 4980 praestante
629 4918 856 4978 Domino
882 4936 1069 4986 nostro
1092 4931 1224 4991 Jesu
1248 4938 1482 5014 Christo,
1507 4948 1592 5005 cui
1612 4959 1698 5007 est
1722 4918 1893 5015 honor

316 5012 370 5058 et
395 5006 563 5074 gloria
591 5010 643 5067 in
668 5014 861 5072 saecula
903 5023 1241 5084 smeulornm.
1271 5028 1462 5092 Amen.

810 5109 1111 5179 meum
1142 5118 1378 5182 nxxrx.

803 5215 930 5260 ITEII
959 5223 1024 5262 DE
1066 5225 1421 5277 NARTYRIBUS.

875 5297 978 5370 (Ex
1003 5300 1328 5382 Haymone.)

384 5373 452 5430 In
479 5375 573 5432 illo
602 5389 824 5456 tempore
849 5373 1158 5452 descendens
1176 5373 1328 5457 Jesub
1368 5405 1432 5460 de
1455 5416 1645 5479 monte,
1673 5415 1809 5470 stetit
1829 5416 1883 5472 in

309 5461 422 5520 loco
444 5475 730 5543 campestri,
758 5486 805 5532 et
847 5482 995 5537 turba
1032 5461 1574 5573 discipulorumcjus,
1622 5461 1672 5560 et
1710 5509 1883 5564 multi-

307 5561 432 5614 tudo
457 5567 657 5634 copiosa
680 5569 858 5640 plebis,
889 5583 995 5632 etc.
1037 5580 1192 5650 (Luc.
1223 5588 1317 5657 vr).

373 5651 488 5707 Non
512 5657 680 5714 solum
733 5675 829 5732 per
857 5671 1167 5738 mysterium
1211 5651 1592 5744 incarnationis
1623 5689 1692 5747 de
1737 5693 1878 5751 coelo

301 5740 354 5800 in
383 5751 579 5802 terram
600 5748 933 5815 descendens
964 5761 1222 5825 Dominus
1266 5769 1423 5832 Jesus
1463 5740 1876 5854 ειιὲιεῖιῖεξὶἷιίῖ

1897 5925 1941 5945 ,ον

303 5849 476 5895 mante
525 5839 814 5904 infirmitati
859 5853 1292 5923 condescendere
1337 5865 1585 5940 dignatus
1629 5839 1733 5948 est;
1780 5875 1944 5952 sed;

574 5939 847 6007 Panos.
900 5948 1089 6015 XCV.

932 4377 1161 4438 libenter
1187 4388 1447 4461 accipitis,
1482 4403 1537 4450 et
1574 4397 1628 4454 in
1671 4404 1904 4461 armario
1949 4467 1970 4476 ,α

2076 909 2400 976 evangelista
2455 916 2660 984 retulit,
2716 933 2836 977 cum
2892 929 3220 989 ascendisset
3279 937 3334 992 in
3393 954 3650 1013 montem,

2073 999 2241 1054 secuti
2269 1009 2536 1060 suntcum
2566 1007 2681 1076 ejus
2711 1011 2993 1084 discipuli;
3046 1021 3132 1078 ubi
3170 1039 3289 1082 cum
3336 1033 3652 1100 perfectiora

2072 1091 2318 1148 mandata
2372 1099 2525 1166 quasi
2573 1114 2767 1172 capere
2815 1108 3110 1169 valentibus
3159 1118 3413 1191 dedisset,
3458 1130 3649 1185 nolens-

2072 1191 2290 1250 propter
2309 1199 2400 1241 eos
2414 1188 2767 1258 simpliciores
2787 1198 2966 1256 turbas
2994 1203 3309 1276 relinquere,
3338 1215 3528 1271 iterum
3557 1221 3646 1274 de-

2068 1274 2312 1328 scendens
2339 1277 2402 1331 de
2449 1291 2635 1352 monte,
2677 1288 2812 1341 stetit
2854 1289 2908 1342 in
2959 1291 3070 1347 loco
3117 1274 3402 1369 campestri.
3455 1307 3510 1362 in
3539 1326 3646 1378 quo

2068 1376 2168 1418 suo
2209 1364 2354 1424 facto
2384 1372 2643 1442 ostendit,
2692 1378 2744 1431 in
2779 1382 3155 1447 praedicatione
3193 1364 3340 1461 juxta
3377 1364 3644 1469 capacita-

2067 1462 2172 1510 tem
2214 1459 2514 1518 auditorum
2563 1473 2966 1539 temperandum
3010 1491 3132 1535 esse
3182 1497 3482 1549 sermonem
3541 1500 3642 1555 do-

2065 1554 2291 1603 ctorum.
2341 1551 2490 1609 Mons
2520 1557 2665 1613 enim
2694 1560 2748 1615 in
2781 1561 2882 1651 hoc
2928 1565 3049 1624 loco
3077 1573 3448 1638 perfectiorem
3475 1584 3642 1656 signi-

2064 1635 2188 1694 ficat
2231 1642 2526 1702 doctrinam
2570 1650 2688 1706 loca
2747 1641 2876 1712 vero
2920 1635 3260 1734 campestria,
3305 1635 3642 1744 humilioi'em

2063 1733 2497 1799 praedicationem
2527 1749 2687 1812 atque
2717 1752 3156 1811 communiorem.
3206 1758 3302 1827 Qui
3333 1765 3475 1820 enim
3508 1772 3640 1828 tales

2059 1831 2203 1893 sunt,
2235 1834 2293 1882 ut
2320 1842 2441 1885 cum
2479 1837 2734 1903 apostolis
2762 1840 2947 1898 audire
2992 1848 3232 1914 possint:
3284 1852 3434 1911 Vobis
3465 1861 3639 1919 datum

3186 1943 3325 2016 xm),
3360 1950 3636 2009 sublimius

2055 2005 2358 2068 instruendi
2387 2024 2534 2072 sunt.
2582 2017 2682 2085 Qui
2714 2036 2840 2078 vero
2869 2005 3086 2098 propter
3115 2005 3308 2090 mentis
3357 2038 3638 2098 inﬁrmita-

2056 2106 2184 2171 tem,
2213 2103 2280 2158 ad
2309 2106 2556 2163 altiorem
2587 2126 2692 2168 non
2733 2128 2954 2184 possunt
2997 2126 3287 2184 ascendere
3313 2130 3634 2207 doctrinam,

2050 2191 2286 2247 minimis
2314 2200 2592 2268 praeceptis
2624 2214 2749 2259 sunt
2777 2210 3076 2280 erudiendi,
3106 2225 3163 2272 ut
3205 2220 3294 2290 qui
3335 2220 3510 2279 idonei
3539 2243 3634 2284 ne-

2052 2293 2315 2351 quaquam
2346 2291 2582 2348 existunt
2611 2295 2678 2350 ad
2707 2298 2950 2358 iacienda
2979 2305 3138 2374 bona,
3167 2312 3355 2368 saltem
3387 2331 3492 2371 non
3522 2321 3632 2378 sint

2049 2371 2316 2437 proclives
2350 2379 2416 2433 ad
2445 2388 2798 2452 perpetranda
2831 2393 2989 2449 mala.
3032 2371 3183 2463 Quod
3213 2403 3337 2459 alibi
3371 2371 3628 2467 Dominus

2045 2473 2144 2516 suo
2171 2466 2417 2536 exemplo
2445 2475 2702 2541 ostendit,
2735 2493 2856 2534 cum
2888 2486 3097 2543 cuidam
3127 2499 3407 2562 quaerenti,
3455 2499 3628 2572 Magi-

2044 2562 2162 2637 ster,
2194 2557 2318 2625 quid
2365 2561 2604 2629 faciendo
2634 2571 2787 2624 vitam
2833 2583 3073 2632 aeternam
3116 2557 3430 2651 possidebo?
3473 2557 3628 2662 quasi

2365 2625 2373 2629 ‘
2836 2625 2937 2629 7---~
2956 2625 3073 2632 -v"'-'
3116 2625 3383 2651 rvvv'WVVV
3405 2625 3417 2644 ὁ
3473 2625 3628 2662 ιίιιαδι

2044 2625 2101 2698 in
2133 2647 2473 2706 convallibus
2522 2661 2751 2713 moranti
2800 2669 3110 2734 respondit:
3163 2671 3416 2732 Mandata
3444 2685 3578 2736 nosti
3601 2684 3628 2739 Ρ

2042 2733 2166 2789 Non
2191 2739 2406 2807 occides,
2431 2757 2532 2798 non
2560 2749 2908 2820 nttechaberis,
2940 2772 3042 2811 non
3067 2762 3252 2829 falsum
3281 2769 3622 2829 testimonium

2038 2827 2196 2897 dices,
2226 2846 2331 2886 non
2360 2837 2686 2905 concupisces
2710 2857 2816 2896 rem
2833 2849 3053 2914 proximi
3078 2853 3174 2920 tui,
3199 2854 3392 2912 honora
3423 2873 3619 2928 patrem

2526 2901 2534 2905 _
2833 2901 2844 2914 ,
3041 2901 3045 2902 ν
3199 2901 3392 2912 ---..-.,.
3423 2901 3615 2928 μην...

2037 2927 2084 2972 et
2109 2901 2339 2978 matrem.
2387 2925 2491 2982 Sed
2521 2928 2612 2984 illo
2654 2937 3030 3008 respondente,
3058 2941 3190 2999 ch
3232 2953 3402 3006 omnia
3441 2968 3615 3012 custo-

2035 3009 2140 3064 divi
2160 3027 2192 3065 a
2209 3015 2480 3084 juventute
2509 3034 2643 3091 mea,
2672 3027 2909 3084 ostendit
2933 3031 2983 3086 ei
3011 3043 3250 3094 montem
3275 3044 3615 3109 perfectioris

2032 3103 2312 3176 doctrinae,
2358 3111 2580 3172 dicens:
2632 3119 2814 3175 Adhuc
2868 3139 3026 3182 unum
3075 3131 3165 3186 tibi
3213 3103 3392 3192 deest:
3439 3141 3614 3200 Sinis

2031 3198 2286 3267 perfectus
2326 3218 2451 3274 esse,
2483 3206 2612 3262 uade
2637 3218 2686 3263 et
2723 3214 2880 3268 vende
2917 3219 3088 3274 omnia
3127 3238 3240 3290 quae
3269 3227 3439 3299 habes,
3465 3242 3513 3286 et
3542 3235 3612 3289 da

1951 3279 2000 3346 C
2029 3292 2356 3361 pauperibus,
2387 3305 2432 3349 et
2454 3296 2660 3354 habebis
2691 3301 2980 3362 thesaurum
3007 3311 3062 3366 in
3093 3279 3236 3382 cdelo,
3263 3279 3330 3372 et“
3350 3279 3483 3390 aerii,
3526 3342 3610 3380 se~

2027 3396 2181 3450 quere
2205 3400 2306 3440 me.
2340 3387 2449 3443 Sed
2477 3392 2601 3460 quia
2633 3392 2774 3452 hunc
2801 3410 3038 3458 montem
3068 3405 3283 3466 difficile
3310 3413 3398 3482 qui
3423 3387 3607 3476 saeculi

2025 3473 2223 3534 divitiis
2251 3483 2458 3538 onerati
2488 3494 2630 3554 sunt,
2659 3493 2953 3552 ascendere
2992 3512 3234 3570 possunt,
3264 3508 3602 3578 subiunctum

2023 3574 2106 3621 est
2134 3567 2315 3626 illico:
2362 3571 2466 3629 Ille
2494 3586 2663 3634 autent
2701 3583 2823 3637 abiit
2861 3567 3037 3657 tristis,
3068 3594 3188 3662 quia
3217 3567 3404 3655 ntultds

2022 3653 2106 3710 bat
2134 3664 2478 3727 possessiones
2506 3667 2720 3737 (Matth.
2749 3689 2865 3740 χιιι,
2892 3653 3031 3735 Luc.
3056 3653 3227 3757 xvm).
3276 3653 3598 3766 Hujus—quo.

2021 3759 2124 3815 que
2152 3752 2458 3821 exemplum
2506 3756 2703 3815 Paulus
2746 3769 3020 3833 apostolus
3057 3752 3274 3836 secutus
3300 3752 3402 3852 est,
3431 3752 3600 3856 qdans

2019 3837 2090 3892 do
2117 3852 2237 3896 cum
2268 3843 2544 3915 discipulis
2571 3862 2807 3910 montem
2854 3863 3186 3934 ascenderat,
3218 3837 3408 3941 quibus
3434 3837 3596 3938 ilice-

2018 3929 2143 3986 bat:
2175 3934 2498 4006 Sapientiam
2526 3941 2782 4014 loquimur
2811 3951 2942 4008 inter
2978 3929 3312 4035 perfectos}!
3345 3929 3590 4043 (lor:

2015 4021 2175 4090 Quasi
2214 4040 2333 4084 cum
2358 4031 2674 4100 quibusdam
2707 4021 3400 4114 intequalibus'morabatur
3424 4021 3590 4130 quan;

2012 4114 2083 4171 do
2108 4117 2357 4178 dicebat:
2398 4121 2534 4195 Ego,
2557 4129 2760 4199 fratres,
2783 4149 2886 4190 non
2911 4142 3056 4206 potui
3092 4143 3230 4198 nobis
3276 4114 3586 4224 loqui

2010 4208 2383 4281 spiritualibus,
2411 4217 2501 4270 sed
2525 4221 2672 4288 quasi
2699 4227 3038 4296 carnalibus;
3081 4241 3317 4304 tanquam
3337 4208 3584 4312 'par'nulis-

2007 4297 2062 4353 in
2091 4300 2292 4358 Christo
2319 4306 2398 4361 lac
2418 4309 2557 4365 nobis
2577 4322 2748 4381 potum
2770 4318 2909 4386 dedi,
2930 4337 3030 4376 non
3051 4297 3214 4382 escam
3241 4329 3298 4401 (Ι
3325 4297 3444 4389 dor.

2005 4391 2124 4450 Non
2150 4397 2292 4453 enim
2325 4415 2514 4459 omnes
2539 4408 2716 4463 omnia
2741 4412 2977 4483 capiunt,
3023 4432 3194 4488 neque
3220 4424 3360 4480 enim
3393 4443 3579 4489 omnes

2005 4489 2286 4557 aequaliter
2316 4493 2672 4554 instruuntur.
2703 4500 2872 4560 Aliter
2893 4508 3088 4580 quippe
3110 4514 3429 4576 admonendi
3454 4535 3578 4586 sunt

2003 4580 2239 4647 superbi,
2271 4581 2426 4640 aliter
2463 4586 2726 4658 humiles;
2756 4594 2912 4651 aliter
2940 4602 3090 4670 casti,
3124 4604 3278 4663 aliter
3304 4611 3531 4670 adulteri
3557 4634 3574 4684 ;

2001 4667 2155 4726 aliter
2173 4673 2394 4743 ebriosi,
2416 4677 2572 4735 aliter
2591 4681 2754 4738 sobrii
2783 4701 2798 4752 ;
2828 4686 2984 4745 aliter
3003 4692 3121 4764 viri,
3147 4696 3302 4754 aliter
3323 4702 3568 4773 feminae;

1998 4761 2156 4820 aliter
2198 4768 2491 4839 coniugati,
2544 4773 2700 4831 aliter
2748 4778 3022 4852 virgines;
3072 4787 3227 4846 aliter
3272 4794 3365 4862 pii,
3417 4799 3569 4856 aliter

1998 4853 2150 4925 impii
2185 4872 2202 4924 ;
2235 4858 2394 4916 aliter
2419 4870 2812 4936 contemptores
2842 4875 3048 4943 mundi,
3073 4878 3229 4937 aliter
3256 4853 3521 4947 amatores
3550 4910 3565 4960 ;

1994 4947 2151 5005 aliter
2197 4951 2427 5023 paciﬁci,
2473 4957 2627 5015 aliter
2662 4960 2974 5034 discordes;
3025 4968 3181 5028 aliter
3221 4989 3316 5032 sua
3357 4947 3568 5054 dantes,

1991 5039 2148 5099 aliter
2173 5043 2348 5101 aliena
2377 5046 2645 5117 rapientes
2671 5070 2687 5119 ;
2728 5062 2862 5110 utet
2892 5055 2978 5112 isti
3003 5060 3219 5118 audiant
3245 5066 3312 5122 de
3339 5039 3562 5138 promis:

1993 5131 2145 5192 sione
2174 5147 2384 5196 mtemae
2413 5143 2536 5199 vita:
2565 5145 2706 5214 quod
2749 5160 2949 5216 ament,
2979 5159 3035 5208 et
3080 5154 3158 5210 illi
3184 5157 3252 5214 de
3299 5131 3561 5234 supplicio

1989 5234 2192 5284 aeterno
2215 5231 2357 5300 quod
2385 5233 2624 5290 timeant.
2675 5236 2828 5308 Saepe
2855 5240 3050 5298 etenim
3077 5247 3219 5315 quod
3249 5253 3339 5307 uni
3366 5231 3558 5314 inorbo

1986 5319 2224 5388 prodest,
2255 5323 2411 5380 alteri
2439 5335 2617 5382 nocet.
2658 5327 2726 5382 Et
2750 5345 3011 5390 venenum
3037 5350 3157 5393 cum
3184 5341 3254 5397 sit
3281 5357 3427 5401 mors
3454 5347 3554 5405 ho-

1984 5409 2165 5476 minis,
2215 5412 2320 5466 vita
2370 5422 2454 5470 est
2506 5418 2810 5487 serpentis;
2866 5431 2920 5478 et
2971 5426 3103 5485 levis
3151 5431 3339 5488 sibilus
3387 5449 3554 5507 equos

1986 5498 2205 5569 mitigat,
2237 5503 2442 5559 catulos
2484 5504 2718 5578 instigat.
2764 5509 2920 5568 Juxta
2965 5513 3069 5574 hoc
3095 5533 3222 5592 ergo
3249 5498 3554 5598 exemplum

1935 5616 1946 5626 -
1985 5590 2238 5649 doctores
2265 5608 2416 5651 suam
2443 5599 2874 5667 praedicationem
2903 5606 3102 5668 debent
3142 5590 3554 5690 temperarefut
3607 5648 3613 5656 -

1981 5693 2038 5738 et
2062 5684 2284 5752 perfecti
2315 5686 2586 5746 inveniant
2606 5692 2746 5761 quod
2772 5708 2985 5768 semper
3009 5701 3234 5772 discant,
3253 5684 3316 5765 “et
3345 5684 3550 5772 infirmi

1982 5778 2106 5836 talia
2156 5781 2392 5850 audiant,
2435 5783 2490 5840 in
2533 5786 2727 5873 quibus
2776 5806 2882 5850 non
2923 5796 3204 5869 refugiant.
3258 5804 3409 5873 Quod
3446 5824 3546 5865 suo

1954 5873 2135 5946 "nobis
2161 5875 2408 5947 exemplo
2433 5868 2627 5936 beatus
2648 5883 2950 5951 patriarcha
2982 5868 3142 5948 Jaeob
3170 5868 3416 5967 ostendit,
3447 5898 3540 5972 qui

2910 5979 2989 6049 b9
