  <div class='ocr_page' id='page_1' title='image "/cluster/home/n/w/nwhite01/storage/ocr_20150623/95/hvd.32044010719722/803.png"; bbox 0 0 4096 6346; ppageno 0'>
   <div class='ocr_carea' id='block_1_1' title="bbox 546 355 678 413">
    <p class='ocr_par' dir='ltr' id='par_1_1' title="bbox 546 355 678 413">
     <span class='ocr_line' id='line_1_1' title="bbox 546 355 678 413; baseline -0.015 0"><span class='ocrx_word' id='word_1_1' title='bbox 546 355 678 413; x_wconf 65' lang='grc' dir='ltr'><strong>ἒὸἕιῚ</strong></span> 
     </span>
    </p>
   </div>
   <div class='ocr_carea' id='block_1_2' title="bbox 1408 332 2926 402">
    <p class='ocr_par' dir='ltr' id='par_1_2' title="bbox 1408 332 2926 402">
     <span class='ocr_line' id='line_1_2' title="bbox 1408 332 2926 402; baseline -0.009 0"><span class='ocrx_word' id='word_1_2' title='bbox 1408 339 1609 402; x_wconf 82' lang='lat' dir='ltr'><strong>PAULI</strong></span> <span class='ocrx_word' id='word_1_3' title='bbox 1650 340 1920 398; x_wconf 83' lang='lat' dir='ltr'><strong>DlACONl</strong></span> <span class='ocrx_word' id='word_1_4' title='bbox 1958 336 2110 395; x_wconf 86' lang='lat' dir='ltr'><strong>OPP.</strong></span> <span class='ocrx_word' id='word_1_5' title='bbox 2149 332 2328 395; x_wconf 81' lang='lat' dir='ltr'><strong>PARS</strong></span> <span class='ocrx_word' id='word_1_6' title='bbox 2368 336 2430 393; x_wconf 92' lang='grc'><strong>11.</strong></span> <span class='ocrx_word' id='word_1_7' title='bbox 2467 365 2536 378; x_wconf 89' lang='grc'><strong>-</strong></span> <span class='ocrx_word' id='word_1_8' title='bbox 2574 332 2926 393; x_wconf 77' lang='lat' dir='ltr'><strong>ASCETICA.</strong></span> 
     </span>
    </p>
   </div>
   <div class='ocr_carea' id='block_1_3' title="bbox 3552 334 3798 391">
    <p class='ocr_par' dir='ltr' id='par_1_3' title="bbox 3552 334 3798 391">
     <span class='ocr_line' id='line_1_3' title="bbox 3552 334 3798 391; baseline 0.028 -8"><span class='ocrx_word' id='word_1_9' title='bbox 3552 334 3563 343; x_wconf 88' lang='grc'><strong>’</strong></span> <span class='ocrx_word' id='word_1_10' title='bbox 3665 334 3798 391; x_wconf 56' lang='grc'><strong>1348</strong></span> 
     </span>
    </p>
   </div>
   <div class='ocr_carea' id='block_1_4' title="bbox 545 435 2138 522">
    <p class='ocr_par' dir='ltr' id='par_1_4' title="bbox 545 441 2114 510">
     <span class='ocr_line' id='line_1_4' title="bbox 545 441 2114 510; baseline -0.015 -2"><span class='ocrx_word' id='word_1_11' title='bbox 545 469 663 508; x_wconf 89' lang='lat' dir='ltr'><strong>cum</strong></span> <span class='ocrx_word' id='word_1_12' title='bbox 693 462 824 506; x_wconf 88' lang='lat' dir='ltr'><strong>oves</strong></span> <span class='ocrx_word' id='word_1_13' title='bbox 850 441 1096 503; x_wconf 74' lang='lat' dir='ltr'><strong>avunculi</strong></span> <span class='ocrx_word' id='word_1_14' title='bbox 1125 442 1204 498; x_wconf 90' lang='lat' dir='ltr'><strong>sui</strong></span> <span class='ocrx_word' id='word_1_15' title='bbox 1236 441 1415 497; x_wconf 90' lang='lat' dir='ltr'><strong>Laban</strong></span> <span class='ocrx_word' id='word_1_16' title='bbox 1445 447 1708 510; x_wconf 85' lang='lat' dir='ltr'><strong>pasceret,</strong></span> <span class='ocrx_word' id='word_1_17' title='bbox 1730 446 1782 491; x_wconf 91' lang='lat' dir='ltr'><strong>et</strong></span> <span class='ocrx_word' id='word_1_18' title='bbox 1806 449 1947 489; x_wconf 78' lang='lat' dir='ltr'><strong>varia</strong></span> <span class='ocrx_word' id='word_1_19' title='bbox 1970 447 2114 502; x_wconf 71' lang='grc' dir='ltr'><strong>αιιω-</strong></span> 
     </span>
    </p>
   </div>
   <div class='ocr_carea' id='block_1_5' title="bbox 2241 435 3802 522">
    <p class='ocr_par' dir='ltr' id='par_1_5' title="bbox 2241 435 3802 522">
     <span class='ocr_line' id='line_1_5' title="bbox 2241 435 3802 522; baseline -0.001 -19"><span class='ocrx_word' id='word_1_20' title='bbox 2241 467 2335 522; x_wconf 69' lang='lat' dir='ltr'><strong>luaa</strong></span> <span class='ocrx_word' id='word_1_21' title='bbox 2367 451 2646 506; x_wconf 91' lang='lat' dir='ltr'><strong>Dominum</strong></span> <span class='ocrx_word' id='word_1_22' title='bbox 2679 447 3036 504; x_wconf 85' lang='lat' dir='ltr'><strong>resurrexisse</strong></span> <span class='ocrx_word' id='word_1_23' title='bbox 3079 453 3183 499; x_wconf 91' lang='lat' dir='ltr'><strong>non</strong></span> <span class='ocrx_word' id='word_1_24' title='bbox 3231 435 3504 509; x_wconf 84' lang='lat' dir='ltr'><strong>credebat,</strong></span> <span class='ocrx_word' id='word_1_25' title='bbox 3542 443 3635 499; x_wconf 91' lang='lat' dir='ltr'><strong>sed</strong></span> <span class='ocrx_word' id='word_1_26' title='bbox 3680 460 3802 501; x_wconf 88' lang='lat' dir='ltr'><strong>eum</strong></span> 
     </span>
    </p>
   </div>
   <div class='ocr_carea' id='block_1_6' title="bbox 548 526 2114 615">
    <p class='ocr_par' dir='ltr' id='par_1_6' title="bbox 548 526 2114 615">
     <span class='ocr_line' id='line_1_6' title="bbox 548 526 2114 615; baseline -0.017 -12"><span class='ocrx_word' id='word_1_27' title='bbox 548 560 651 615; x_wconf 91' lang='lat' dir='ltr'><strong>que</strong></span> <span class='ocrx_word' id='word_1_28' title='bbox 680 557 777 614; x_wconf 91' lang='lat' dir='ltr'><strong>pro</strong></span> <span class='ocrx_word' id='word_1_29' title='bbox 802 536 1052 598; x_wconf 80' lang='lat' dir='ltr'><strong>mercede</strong></span> <span class='ocrx_word' id='word_1_30' title='bbox 1092 542 1402 603; x_wconf 85' lang='lat' dir='ltr'><strong>recepturus</strong></span> <span class='ocrx_word' id='word_1_31' title='bbox 1447 540 1613 596; x_wconf 84' lang='lat' dir='ltr'><strong>esset,</strong></span> <span class='ocrx_word' id='word_1_32' title='bbox 1651 528 1773 583; x_wconf 88' lang='lat' dir='ltr'><strong>tulit</strong></span> <span class='ocrx_word' id='word_1_33' title='bbox 1798 526 1974 595; x_wconf 98' lang='lat' dir='ltr'><strong>virgas</strong></span> <span class='ocrx_word' id='word_1_34' title='bbox 2020 538 2114 593; x_wconf 89' lang='lat' dir='ltr'><strong>po-</strong></span> 
     </span>
    </p>
   </div>
   <div class='ocr_carea' id='block_1_7' title="bbox 548 616 2113 707">
    <p class='ocr_par' dir='ltr' id='par_1_7' title="bbox 548 616 2113 707">
     <span class='ocr_line' id='line_1_7' title="bbox 548 616 2113 707; baseline -0.016 -13"><span class='ocrx_word' id='word_1_35' title='bbox 548 636 731 707; x_wconf 81' lang='lat' dir='ltr'><strong>puleas</strong></span> <span class='ocrx_word' id='word_1_36' title='bbox 769 641 827 691; x_wconf 88' lang='lat' dir='ltr'><strong>et</strong></span> <span class='ocrx_word' id='word_1_37' title='bbox 854 629 1235 703; x_wconf 79' lang='lat' dir='ltr'><strong>amygdalinas,</strong></span> <span class='ocrx_word' id='word_1_38' title='bbox 1288 640 1418 693; x_wconf 89' lang='lat' dir='ltr'><strong>quas</strong></span> <span class='ocrx_word' id='word_1_39' title='bbox 1449 638 1516 679; x_wconf 89' lang='lat' dir='ltr'><strong>ex</strong></span> <span class='ocrx_word' id='word_1_40' title='bbox 1556 631 1705 692; x_wconf 85' lang='lat' dir='ltr'><strong>parte</strong></span> <span class='ocrx_word' id='word_1_41' title='bbox 1744 616 2113 682; x_wconf 87' lang='lat' dir='ltr'><strong>decorticavit,</strong></span> 
     </span>
    </p>
   </div>
   <div class='ocr_carea' id='block_1_8' title="bbox 440 707 2114 795">
    <p class='ocr_par' dir='ltr' id='par_1_8' title="bbox 440 707 2114 795">
     <span class='ocr_line' id='line_1_8' title="bbox 440 707 2114 795; baseline -0.015 -9"><span class='ocrx_word' id='word_1_42' title='bbox 440 726 471 767; x_wconf 57' lang='lat'><strong>5’</strong></span> <span class='ocrx_word' id='word_1_43' title='bbox 551 736 606 783; x_wconf 89' lang='lat' dir='ltr'><strong>et</strong></span> <span class='ocrx_word' id='word_1_44' title='bbox 631 741 698 783; x_wconf 91' lang='lat' dir='ltr'><strong>ex</strong></span> <span class='ocrx_word' id='word_1_45' title='bbox 724 732 875 795; x_wconf 86' lang='lat' dir='ltr'><strong>parte</strong></span> <span class='ocrx_word' id='word_1_46' title='bbox 899 735 1020 778; x_wconf 73' lang='lat' dir='ltr'><strong>cum</strong></span> <span class='ocrx_word' id='word_1_47' title='bbox 1042 716 1336 775; x_wconf 75' lang='lat' dir='ltr'><strong>corticibus</strong></span> <span class='ocrx_word' id='word_1_48' title='bbox 1364 712 1600 783; x_wconf 84' lang='lat' dir='ltr'><strong>reliquit,</strong></span> <span class='ocrx_word' id='word_1_49' title='bbox 1629 711 1913 782; x_wconf 75' lang='lat' dir='ltr'><strong>posuitque</strong></span> <span class='ocrx_word' id='word_1_50' title='bbox 1930 710 2033 764; x_wconf 68' lang='lat' dir='ltr'><strong>&quot;cas</strong></span> <span class='ocrx_word' id='word_1_51' title='bbox 2060 707 2114 761; x_wconf 90' lang='lat' dir='ltr'><strong>in</strong></span> 
     </span>
    </p>
   </div>
   <div class='ocr_carea' id='block_1_9' title="bbox 450 800 2115 880">
    <p class='ocr_par' dir='ltr' id='par_1_9' title="bbox 450 800 2115 880">
     <span class='ocr_line' id='line_1_9' title="bbox 450 800 2115 880; baseline -0.014 -5"><span class='ocrx_word' id='word_1_52' title='bbox 450 836 461 865; x_wconf 62' lang='grc' dir='ltr'><em>ῖ</em></span> <span class='ocrx_word' id='word_1_53' title='bbox 546 816 822 876; x_wconf 76' lang='lat' dir='ltr'><strong>canalibus</strong></span> <span class='ocrx_word' id='word_1_54' title='bbox 870 822 1109 880; x_wconf 85' lang='lat' dir='ltr'><strong>tempore</strong></span> <span class='ocrx_word' id='word_1_55' title='bbox 1154 822 1261 879; x_wconf 89' lang='lat' dir='ltr'><strong>quo</strong></span> <span class='ocrx_word' id='word_1_56' title='bbox 1307 806 1641 862; x_wconf 75' lang='lat' dir='ltr'><strong>ducebantur</strong></span> <span class='ocrx_word' id='word_1_57' title='bbox 1690 803 1757 857; x_wconf 91' lang='lat' dir='ltr'><strong>ad</strong></span> <span class='ocrx_word' id='word_1_58' title='bbox 1810 800 2115 871; x_wconf 87' lang='lat' dir='ltr'><strong>aquandum</strong></span> 
     </span>
    </p>
   </div>
   <div class='ocr_carea' id='block_1_10' title="bbox 446 892 2119 975">
    <p class='ocr_par' dir='ltr' id='par_1_10' title="bbox 446 892 2119 975">
     <span class='ocr_line' id='line_1_10' title="bbox 446 892 2119 975; baseline -0.015 -5"><span class='ocrx_word' id='word_1_59' title='bbox 446 918 447 923; x_wconf 73' lang='lat'>‘</span> <span class='ocrx_word' id='word_1_60' title='bbox 496 962 504 969; x_wconf 92' lang='lat'><strong>.</strong></span> <span class='ocrx_word' id='word_1_61' title='bbox 549 927 703 975; x_wconf 81' lang='lat' dir='ltr'><strong>oves,</strong></span> <span class='ocrx_word' id='word_1_62' title='bbox 734 908 874 965; x_wconf 91' lang='lat' dir='ltr'><strong>utin</strong></span> <span class='ocrx_word' id='word_1_63' title='bbox 902 919 1087 962; x_wconf 91' lang='lat' dir='ltr'><strong>earum</strong></span> <span class='ocrx_word' id='word_1_64' title='bbox 1131 908 1350 971; x_wconf 87' lang='lat' dir='ltr'><strong>aspectu</strong></span> <span class='ocrx_word' id='word_1_65' title='bbox 1398 898 1739 968; x_wconf 87' lang='lat' dir='ltr'><strong>conciperent</strong></span> <span class='ocrx_word' id='word_1_66' title='bbox 1762 893 1941 951; x_wconf 88' lang='lat' dir='ltr'><strong>varios</strong></span> <span class='ocrx_word' id='word_1_67' title='bbox 1980 892 2119 947; x_wconf 85' lang='lat' dir='ltr'><strong>fetus</strong></span> 
     </span>
    </p>
   </div>
   <div class='ocr_carea' id='block_1_11' title="bbox 555 983 2175 1075">
    <p class='ocr_par' dir='ltr' id='par_1_11' title="bbox 555 983 2175 1075">
     <span class='ocr_line' id='line_1_11' title="bbox 555 983 2175 1075; baseline -0.015 -17"><span class='ocrx_word' id='word_1_68' title='bbox 555 1003 710 1075; x_wconf 79' lang='lat' dir='ltr'><strong>(Gen.</strong></span> <span class='ocrx_word' id='word_1_69' title='bbox 740 1000 889 1067; x_wconf 82' lang='lat' dir='ltr'><strong>xxx).</strong></span> <span class='ocrx_word' id='word_1_70' title='bbox 938 994 1102 1053; x_wconf 82' lang='lat' dir='ltr'><strong>Jaeob</strong></span> <span class='ocrx_word' id='word_1_71' title='bbox 1143 994 1286 1050; x_wconf 89' lang='lat' dir='ltr'><strong>enim</strong></span> <span class='ocrx_word' id='word_1_72' title='bbox 1333 999 1512 1061; x_wconf 87' lang='lat' dir='ltr'><strong>pastor</strong></span> <span class='ocrx_word' id='word_1_73' title='bbox 1540 988 1742 1055; x_wconf 91' lang='lat' dir='ltr'><strong>ovium,</strong></span> <span class='ocrx_word' id='word_1_74' title='bbox 1773 993 2017 1056; x_wconf 78' lang='lat' dir='ltr'><strong>pastores</strong></span> <span class='ocrx_word' id='word_1_75' title='bbox 2042 983 2119 1075; x_wconf 41' lang='lat' dir='ltr'><strong>si:</strong></span> <span class='ocrx_word' id='word_1_76' title='bbox 2168 1013 2175 1017; x_wconf 91' lang='lat'><strong>-</strong></span> 
     </span>
    </p>
   </div>
   <div class='ocr_carea' id='block_1_12' title="bbox 510 1073 2120 1167">
    <p class='ocr_par' dir='ltr' id='par_1_12' title="bbox 510 1073 2120 1167">
     <span class='ocr_line' id='line_1_12' title="bbox 510 1073 2120 1167; baseline -0.016 -15"><span class='ocrx_word' id='word_1_77' title='bbox 510 1073 770 1167; x_wconf 84' lang='lat' dir='ltr'><strong>-guilicat</strong></span> <span class='ocrx_word' id='word_1_78' title='bbox 796 1092 1115 1152; x_wconf 87' lang='lat' dir='ltr'><strong>animarum,</strong></span> <span class='ocrx_word' id='word_1_79' title='bbox 1165 1098 1390 1155; x_wconf 85' lang='lat' dir='ltr'><strong>quorum</strong></span> <span class='ocrx_word' id='word_1_80' title='bbox 1437 1082 1610 1151; x_wconf 84' lang='lat' dir='ltr'><strong>primo</strong></span> <span class='ocrx_word' id='word_1_81' title='bbox 1657 1080 1857 1134; x_wconf 90' lang='lat' dir='ltr'><strong>dictum</strong></span> <span class='ocrx_word' id='word_1_82' title='bbox 1888 1083 2009 1132; x_wconf 87' lang='lat' dir='ltr'><strong>est.</strong></span> <span class='ocrx_word' id='word_1_83' title='bbox 2059 1073 2120 1129; x_wconf 85' lang='lat' dir='ltr'><strong>Si</strong></span> 
     </span>
    </p>
   </div>
   <div class='ocr_carea' id='block_1_13' title="bbox 553 1168 2121 1257">
    <p class='ocr_par' dir='ltr' id='par_1_13' title="bbox 553 1168 2121 1257">
     <span class='ocr_line' id='line_1_13' title="bbox 553 1168 2121 1257; baseline -0.015 -15"><span class='ocrx_word' id='word_1_84' title='bbox 553 1186 726 1257; x_wconf 87' lang='lat' dir='ltr'><strong>diligis</strong></span> <span class='ocrx_word' id='word_1_85' title='bbox 754 1199 854 1249; x_wconf 80' lang='lat' dir='ltr'><strong>me,</strong></span> <span class='ocrx_word' id='word_1_86' title='bbox 883 1194 1033 1252; x_wconf 79' lang='lat' dir='ltr'><strong>pasce</strong></span> <span class='ocrx_word' id='word_1_87' title='bbox 1059 1193 1173 1233; x_wconf 79' lang='lat' dir='ltr'><strong>oves</strong></span> <span class='ocrx_word' id='word_1_88' title='bbox 1206 1191 1345 1230; x_wconf 86' lang='lat' dir='ltr'><strong>meas</strong></span> <span class='ocrx_word' id='word_1_89' title='bbox 1372 1173 1547 1245; x_wconf 79' lang='lat' dir='ltr'><strong>(Joan.</strong></span> <span class='ocrx_word' id='word_1_90' title='bbox 1582 1173 1722 1240; x_wconf 80' lang='lat' dir='ltr'><strong>xxi).</strong></span> <span class='ocrx_word' id='word_1_91' title='bbox 1768 1168 1915 1239; x_wconf 90' lang='lat' dir='ltr'><strong>Aqua</strong></span> <span class='ocrx_word' id='word_1_92' title='bbox 1945 1175 2121 1220; x_wconf 89' lang='lat' dir='ltr'><strong>autem</strong></span> 
     </span>
    </p>
   </div>
   <div class='ocr_carea' id='block_1_14' title="bbox 555 1260 2123 1346">
    <p class='ocr_par' dir='ltr' id='par_1_14' title="bbox 555 1260 2123 1346">
     <span class='ocr_line' id='line_1_14' title="bbox 555 1260 2123 1346; baseline -0.015 -9"><span class='ocrx_word' id='word_1_93' title='bbox 555 1278 883 1346; x_wconf 84' lang='lat' dir='ltr'><strong>Scripturam</strong></span> <span class='ocrx_word' id='word_1_94' title='bbox 909 1280 1145 1328; x_wconf 79' lang='lat' dir='ltr'><strong>sanctam</strong></span> <span class='ocrx_word' id='word_1_95' title='bbox 1172 1267 1457 1337; x_wconf 86' lang='lat' dir='ltr'><strong>signiﬁcat,</strong></span> <span class='ocrx_word' id='word_1_96' title='bbox 1506 1266 1655 1333; x_wconf 81' lang='lat' dir='ltr'><strong>juxta</strong></span> <span class='ocrx_word' id='word_1_97' title='bbox 1704 1260 1833 1316; x_wconf 91' lang='lat' dir='ltr'><strong>illud</strong></span> <span class='ocrx_word' id='word_1_98' title='bbox 1883 1260 2123 1314; x_wconf 86' lang='lat' dir='ltr'><strong>Salomo-</strong></span> 
     </span>
    </p>
   </div>
   <div class='ocr_carea' id='block_1_15' title="bbox 551 1356 2124 1438">
    <p class='ocr_par' dir='ltr' id='par_1_15' title="bbox 551 1356 2124 1438">
     <span class='ocr_line' id='line_1_15' title="bbox 551 1356 2124 1438; baseline -0.016 -11"><span class='ocrx_word' id='word_1_99' title='bbox 551 1373 674 1427; x_wconf 88' lang='lat' dir='ltr'><strong>nis:</strong></span> <span class='ocrx_word' id='word_1_100' title='bbox 719 1368 865 1438; x_wconf 76' lang='lat' dir='ltr'><strong>Aqua</strong></span> <span class='ocrx_word' id='word_1_101' title='bbox 892 1362 1151 1435; x_wconf 77' lang='lat' dir='ltr'><strong>profunda</strong></span> <span class='ocrx_word' id='word_1_102' title='bbox 1182 1361 1334 1416; x_wconf 81' lang='lat' dir='ltr'><strong>uerba</strong></span> <span class='ocrx_word' id='word_1_103' title='bbox 1360 1374 1426 1414; x_wconf 79' lang='lat' dir='ltr'><strong>ea:</strong></span> <span class='ocrx_word' id='word_1_104' title='bbox 1469 1372 1557 1411; x_wconf 87' lang='lat' dir='ltr'><strong>ore</strong></span> <span class='ocrx_word' id='word_1_105' title='bbox 1599 1356 1714 1420; x_wconf 75' lang='lat' dir='ltr'><strong>viri,</strong></span> <span class='ocrx_word' id='word_1_106' title='bbox 1747 1362 1794 1407; x_wconf 87' lang='lat' dir='ltr'><strong>et</strong></span> <span class='ocrx_word' id='word_1_107' title='bbox 1822 1360 2018 1405; x_wconf 86' lang='lat' dir='ltr'><strong>torrens</strong></span> <span class='ocrx_word' id='word_1_108' title='bbox 2042 1365 2124 1404; x_wconf 85' lang='lat' dir='ltr'><strong>re-</strong></span> 
     </span>
    </p>
   </div>
   <div class='ocr_carea' id='block_1_16' title="bbox 554 1444 2124 1529">
    <p class='ocr_par' dir='ltr' id='par_1_16' title="bbox 554 1444 2124 1529">
     <span class='ocr_line' id='line_1_16' title="bbox 554 1444 2124 1529; baseline -0.013 -13"><span class='ocrx_word' id='word_1_109' title='bbox 554 1460 794 1516; x_wconf 86' lang='lat' dir='ltr'><strong>dundans</strong></span> <span class='ocrx_word' id='word_1_110' title='bbox 842 1461 960 1529; x_wconf 78' lang='lat' dir='ltr'><strong>fons</strong></span> <span class='ocrx_word' id='word_1_111' title='bbox 1004 1453 1267 1525; x_wconf 70' lang='lat' dir='ltr'><strong>sapientia</strong></span> <span class='ocrx_word' id='word_1_112' title='bbox 1315 1448 1496 1521; x_wconf 77' lang='lat' dir='ltr'><strong>(Prov.</strong></span> <span class='ocrx_word' id='word_1_113' title='bbox 1529 1447 1700 1515; x_wconf 87' lang='lat' dir='ltr'><strong>xvtu).</strong></span> <span class='ocrx_word' id='word_1_114' title='bbox 1748 1444 1919 1513; x_wconf 68' lang='lat' dir='ltr'><strong>Virgae</strong></span> <span class='ocrx_word' id='word_1_115' title='bbox 1945 1450 2124 1496; x_wconf 88' lang='lat' dir='ltr'><strong>autem</strong></span> 
     </span>
    </p>
   </div>
   <div class='ocr_carea' id='block_1_17' title="bbox 553 1535 2127 1621">
    <p class='ocr_par' dir='ltr' id='par_1_17' title="bbox 553 1535 2127 1621">
     <span class='ocr_line' id='line_1_17' title="bbox 553 1535 2127 1621; baseline -0.015 -8"><span class='ocrx_word' id='word_1_116' title='bbox 553 1542 736 1621; x_wconf 60' lang='lat' dir='ltr'><strong>varia,</strong></span> <span class='ocrx_word' id='word_1_117' title='bbox 783 1553 1062 1611; x_wconf 72' lang='lat' dir='ltr'><strong>sententiae</strong></span> <span class='ocrx_word' id='word_1_118' title='bbox 1105 1557 1232 1606; x_wconf 82' lang='lat' dir='ltr'><strong>sunt</strong></span> <span class='ocrx_word' id='word_1_119' title='bbox 1274 1546 1693 1613; x_wconf 84' lang='lat' dir='ltr'><strong>Scripturarum.</strong></span> <span class='ocrx_word' id='word_1_120' title='bbox 1740 1541 2014 1595; x_wconf 82' lang='lat' dir='ltr'><strong>Ducuntur</strong></span> <span class='ocrx_word' id='word_1_121' title='bbox 2060 1535 2127 1591; x_wconf 87' lang='lat' dir='ltr'><strong>ad</strong></span> 
     </span>
    </p>
   </div>
   <div class='ocr_carea' id='block_1_18' title="bbox 555 1627 2127 1720">
    <p class='ocr_par' dir='ltr' id='par_1_18' title="bbox 555 1627 2127 1720">
     <span class='ocr_line' id='line_1_18' title="bbox 555 1627 2127 1720; baseline -0.015 -13"><span class='ocrx_word' id='word_1_122' title='bbox 555 1648 860 1720; x_wconf 85' lang='lat' dir='ltr'><strong>aquaudum</strong></span> <span class='ocrx_word' id='word_1_123' title='bbox 907 1658 1057 1708; x_wconf 86' lang='lat' dir='ltr'><strong>oves,</strong></span> <span class='ocrx_word' id='word_1_124' title='bbox 1108 1656 1231 1698; x_wconf 85' lang='lat' dir='ltr'><strong>cum</strong></span> <span class='ocrx_word' id='word_1_125' title='bbox 1278 1640 1344 1696; x_wconf 92' lang='lat' dir='ltr'><strong>ad</strong></span> <span class='ocrx_word' id='word_1_126' title='bbox 1394 1637 1715 1694; x_wconf 88' lang='lat' dir='ltr'><strong>audiendum</strong></span> <span class='ocrx_word' id='word_1_127' title='bbox 1766 1634 1985 1689; x_wconf 78' lang='lat' dir='ltr'><strong>verbum</strong></span> <span class='ocrx_word' id='word_1_128' title='bbox 2034 1627 2127 1685; x_wconf 87' lang='lat' dir='ltr'><strong>Dei</strong></span> 
     </span>
    </p>
   </div>
   <div class='ocr_carea' id='block_1_19' title="bbox 551 1725 2129 1802">
    <p class='ocr_par' dir='ltr' id='par_1_19' title="bbox 551 1725 2129 1802">
     <span class='ocr_line' id='line_1_19' title="bbox 551 1725 2129 1802; baseline -0.013 -4"><span class='ocrx_word' id='word_1_129' title='bbox 551 1740 877 1799; x_wconf 81' lang='lat' dir='ltr'><strong>conveniunt</strong></span> <span class='ocrx_word' id='word_1_130' title='bbox 921 1735 1128 1791; x_wconf 85' lang='lat' dir='ltr'><strong>ﬁdeles.</strong></span> <span class='ocrx_word' id='word_1_131' title='bbox 1172 1734 1411 1802; x_wconf 86' lang='lat' dir='ltr'><strong>Cumque</strong></span> <span class='ocrx_word' id='word_1_132' title='bbox 1438 1745 1507 1786; x_wconf 88' lang='lat' dir='ltr'><strong>ex</strong></span> <span class='ocrx_word' id='word_1_133' title='bbox 1543 1727 1770 1797; x_wconf 79' lang='lat' dir='ltr'><strong>eloquiis</strong></span> <span class='ocrx_word' id='word_1_134' title='bbox 1806 1725 2006 1781; x_wconf 83' lang='lat' dir='ltr'><strong>divinis</strong></span> <span class='ocrx_word' id='word_1_135' title='bbox 2048 1725 2129 1778; x_wconf 91' lang='lat' dir='ltr'><strong>di-</strong></span> 
     </span>
    </p>
   </div>
   <div class='ocr_carea' id='block_1_20' title="bbox 554 1816 2131 1894">
    <p class='ocr_par' dir='ltr' id='par_1_20' title="bbox 554 1816 2131 1894">
     <span class='ocr_line' id='line_1_20' title="bbox 554 1816 2131 1894; baseline -0.012 -6"><span class='ocrx_word' id='word_1_136' title='bbox 554 1846 723 1888; x_wconf 72' lang='lat' dir='ltr'><strong>versae</strong></span> <span class='ocrx_word' id='word_1_137' title='bbox 751 1828 1032 1885; x_wconf 71' lang='lat' dir='ltr'><strong>sententiae</strong></span> <span class='ocrx_word' id='word_1_138' title='bbox 1060 1826 1127 1880; x_wconf 88' lang='lat' dir='ltr'><strong>ad</strong></span> <span class='ocrx_word' id='word_1_139' title='bbox 1150 1824 1381 1880; x_wconf 87' lang='lat' dir='ltr'><strong>medium</strong></span> <span class='ocrx_word' id='word_1_140' title='bbox 1408 1821 1773 1894; x_wconf 80' lang='lat' dir='ltr'><strong>proferuntur,</strong></span> <span class='ocrx_word' id='word_1_141' title='bbox 1797 1818 1948 1887; x_wconf 88' lang='lat' dir='ltr'><strong>quasi</strong></span> <span class='ocrx_word' id='word_1_142' title='bbox 1970 1816 2131 1884; x_wconf 68' lang='lat' dir='ltr'><strong>virgae</strong></span> 
     </span>
    </p>
   </div>
   <div class='ocr_carea' id='block_1_21' title="bbox 563 1906 2135 1990">
    <p class='ocr_par' dir='ltr' id='par_1_21' title="bbox 563 1906 2135 1990">
     <span class='ocr_line' id='line_1_21' title="bbox 563 1906 2135 1990; baseline -0.013 -9"><span class='ocrx_word' id='word_1_143' title='bbox 563 1925 618 1981; x_wconf 90' lang='lat' dir='ltr'><strong>in</strong></span> <span class='ocrx_word' id='word_1_144' title='bbox 649 1922 926 1979; x_wconf 81' lang='lat' dir='ltr'><strong>canalibus</strong></span> <span class='ocrx_word' id='word_1_145' title='bbox 955 1927 1245 1990; x_wconf 90' lang='lat' dir='ltr'><strong>ponuntur.</strong></span> <span class='ocrx_word' id='word_1_146' title='bbox 1292 1914 1423 1982; x_wconf 72' lang='lat' dir='ltr'><strong>Quas</strong></span> <span class='ocrx_word' id='word_1_147' title='bbox 1452 1929 1518 1969; x_wconf 84' lang='lat' dir='ltr'><strong>ex</strong></span> <span class='ocrx_word' id='word_1_148' title='bbox 1547 1922 1701 1983; x_wconf 89' lang='lat' dir='ltr'><strong>parte</strong></span> <span class='ocrx_word' id='word_1_149' title='bbox 1744 1906 2135 1966; x_wconf 72' lang='lat' dir='ltr'><strong>decorticandze</strong></span> 
     </span>
    </p>
   </div>
   <div class='ocr_carea' id='block_1_22' title="bbox 558 1996 2135 2081">
    <p class='ocr_par' dir='ltr' id='par_1_22' title="bbox 558 1996 2135 2081">
     <span class='ocr_line' id='line_1_22' title="bbox 558 1996 2135 2081; baseline -0.014 -10"><span class='ocrx_word' id='word_1_150' title='bbox 558 2024 704 2081; x_wconf 87' lang='lat' dir='ltr'><strong>sunt,</strong></span> <span class='ocrx_word' id='word_1_151' title='bbox 735 2020 792 2068; x_wconf 89' lang='lat' dir='ltr'><strong>et</strong></span> <span class='ocrx_word' id='word_1_152' title='bbox 817 2026 883 2068; x_wconf 86' lang='lat' dir='ltr'><strong>ex</strong></span> <span class='ocrx_word' id='word_1_153' title='bbox 912 2016 1063 2079; x_wconf 91' lang='lat' dir='ltr'><strong>parte</strong></span> <span class='ocrx_word' id='word_1_154' title='bbox 1085 2022 1205 2063; x_wconf 91' lang='lat' dir='ltr'><strong>cum</strong></span> <span class='ocrx_word' id='word_1_155' title='bbox 1236 2005 1526 2061; x_wconf 84' lang='lat' dir='ltr'><strong>corticibus</strong></span> <span class='ocrx_word' id='word_1_156' title='bbox 1574 1999 1959 2072; x_wconf 65' lang='lat' dir='ltr'><strong>relinquendae,</strong></span> <span class='ocrx_word' id='word_1_157' title='bbox 1992 1996 2135 2067; x_wconf 85' lang='lat' dir='ltr'><strong>quia,</strong></span> 
     </span>
    </p>
   </div>
   <div class='ocr_carea' id='block_1_23' title="bbox 572 2087 2136 2173">
    <p class='ocr_par' dir='ltr' id='par_1_23' title="bbox 572 2087 2136 2173">
     <span class='ocr_line' id='line_1_23' title="bbox 572 2087 2136 2173; baseline -0.013 -10"><span class='ocrx_word' id='word_1_158' title='bbox 572 2117 631 2163; x_wconf 91' lang='lat' dir='ltr'><strong>ut</strong></span> <span class='ocrx_word' id='word_1_159' title='bbox 661 2106 914 2170; x_wconf 80' lang='lat' dir='ltr'><strong>diximus,</strong></span> <span class='ocrx_word' id='word_1_160' title='bbox 943 2100 1292 2173; x_wconf 76' lang='lat' dir='ltr'><strong>perfectiores</strong></span> <span class='ocrx_word' id='word_1_161' title='bbox 1318 2095 1606 2166; x_wconf 83' lang='lat' dir='ltr'><strong>allegorice</strong></span> <span class='ocrx_word' id='word_1_162' title='bbox 1632 2108 1791 2149; x_wconf 88' lang='lat' dir='ltr'><strong>sensu</strong></span> <span class='ocrx_word' id='word_1_163' title='bbox 1820 2087 2136 2151; x_wconf 88' lang='lat' dir='ltr'><strong>instruendi,</strong></span> 
     </span>
    </p>
   </div>
   <div class='ocr_carea' id='block_1_24' title="bbox 559 2179 2138 2267">
    <p class='ocr_par' dir='ltr' id='par_1_24' title="bbox 559 2179 2138 2267">
     <span class='ocr_line' id='line_1_24' title="bbox 559 2179 2138 2267; baseline -0.013 -13"><span class='ocrx_word' id='word_1_164' title='bbox 559 2197 835 2267; x_wconf 83' lang='lat' dir='ltr'><strong>simplices</strong></span> <span class='ocrx_word' id='word_1_165' title='bbox 884 2208 1013 2250; x_wconf 88' lang='lat' dir='ltr'><strong>vero</strong></span> <span class='ocrx_word' id='word_1_166' title='bbox 1058 2199 1114 2248; x_wconf 89' lang='lat' dir='ltr'><strong>et</strong></span> <span class='ocrx_word' id='word_1_167' title='bbox 1154 2190 1331 2246; x_wconf 88' lang='lat' dir='ltr'><strong>minus</strong></span> <span class='ocrx_word' id='word_1_168' title='bbox 1380 2186 1757 2257; x_wconf 88' lang='lat' dir='ltr'><strong>intelligentes,</strong></span> <span class='ocrx_word' id='word_1_169' title='bbox 1804 2181 1958 2253; x_wconf 91' lang='lat' dir='ltr'><strong>juxta</strong></span> <span class='ocrx_word' id='word_1_170' title='bbox 1985 2179 2138 2235; x_wconf 88' lang='lat' dir='ltr'><strong>veri-</strong></span> 
     </span>
    </p>
   </div>
   <div class='ocr_carea' id='block_1_25' title="bbox 556 2274 2136 2352">
    <p class='ocr_par' dir='ltr' id='par_1_25' title="bbox 556 2274 2136 2352">
     <span class='ocr_line' id='line_1_25' title="bbox 556 2274 2136 2352; baseline -0.013 -7"><span class='ocrx_word' id='word_1_171' title='bbox 556 2297 724 2345; x_wconf 82' lang='lat' dir='ltr'><strong>tatem</strong></span> <span class='ocrx_word' id='word_1_172' title='bbox 746 2283 981 2342; x_wconf 69' lang='lat' dir='ltr'><strong>historite</strong></span> <span class='ocrx_word' id='word_1_173' title='bbox 1008 2290 1132 2338; x_wconf 84' lang='lat' dir='ltr'><strong>sunt</strong></span> <span class='ocrx_word' id='word_1_174' title='bbox 1158 2277 1431 2352; x_wconf 88' lang='lat' dir='ltr'><strong>pascendi.</strong></span> <span class='ocrx_word' id='word_1_175' title='bbox 1474 2277 1628 2333; x_wconf 86' lang='lat' dir='ltr'><strong>Unde</strong></span> <span class='ocrx_word' id='word_1_176' title='bbox 1652 2285 1708 2331; x_wconf 92' lang='lat' dir='ltr'><strong>et</strong></span> <span class='ocrx_word' id='word_1_177' title='bbox 1733 2274 1986 2329; x_wconf 88' lang='lat' dir='ltr'><strong>Dominus</strong></span> <span class='ocrx_word' id='word_1_178' title='bbox 2014 2285 2136 2326; x_wconf 88' lang='lat' dir='ltr'><strong>cum</strong></span> 
     </span>
    </p>
   </div>
   <div class='ocr_carea' id='block_1_26' title="bbox 559 2363 2138 2448">
    <p class='ocr_par' dir='ltr' id='par_1_26' title="bbox 559 2363 2138 2448">
     <span class='ocr_line' id='line_1_26' title="bbox 559 2363 2138 2448; baseline -0.009 -12"><span class='ocrx_word' id='word_1_179' title='bbox 559 2378 853 2448; x_wconf 81' lang='lat' dir='ltr'><strong>discipulos</strong></span> <span class='ocrx_word' id='word_1_180' title='bbox 882 2376 938 2431; x_wconf 86' lang='lat' dir='ltr'><strong>in</strong></span> <span class='ocrx_word' id='word_1_181' title='bbox 966 2382 1150 2431; x_wconf 89' lang='lat' dir='ltr'><strong>monte</strong></span> <span class='ocrx_word' id='word_1_182' title='bbox 1176 2372 1379 2439; x_wconf 87' lang='lat' dir='ltr'><strong>docuit,</strong></span> <span class='ocrx_word' id='word_1_183' title='bbox 1408 2379 1462 2427; x_wconf 90' lang='lat' dir='ltr'><strong>et</strong></span> <span class='ocrx_word' id='word_1_184' title='bbox 1498 2368 1682 2425; x_wconf 85' lang='lat' dir='ltr'><strong>turbas</strong></span> <span class='ocrx_word' id='word_1_185' title='bbox 1708 2367 1761 2423; x_wconf 90' lang='lat' dir='ltr'><strong>in</strong></span> <span class='ocrx_word' id='word_1_186' title='bbox 1806 2363 2138 2421; x_wconf 82' lang='lat' dir='ltr'><strong>convallibus</strong></span> 
     </span>
    </p>
   </div>
   <div class='ocr_carea' id='block_1_27' title="bbox 557 2457 2138 2542">
    <p class='ocr_par' dir='ltr' id='par_1_27' title="bbox 557 2457 2138 2542">
     <span class='ocr_line' id='line_1_27' title="bbox 557 2457 2138 2542; baseline -0.01 -13"><span class='ocrx_word' id='word_1_187' title='bbox 557 2485 748 2529; x_wconf 87' lang='lat' dir='ltr'><strong>curare</strong></span> <span class='ocrx_word' id='word_1_188' title='bbox 776 2467 968 2532; x_wconf 89' lang='lat' dir='ltr'><strong>voluit,</strong></span> <span class='ocrx_word' id='word_1_189' title='bbox 996 2464 1316 2522; x_wconf 53' lang='lat' dir='ltr'><strong>ostendittut</strong></span> <span class='ocrx_word' id='word_1_190' title='bbox 1354 2463 1433 2520; x_wconf 91' lang='lat' dir='ltr'><strong>illi</strong></span> <span class='ocrx_word' id='word_1_191' title='bbox 1470 2461 1562 2533; x_wconf 91' lang='lat' dir='ltr'><strong>qui</strong></span> <span class='ocrx_word' id='word_1_192' title='bbox 1590 2475 1657 2516; x_wconf 91' lang='lat' dir='ltr'><strong>ex</strong></span> <span class='ocrx_word' id='word_1_193' title='bbox 1681 2457 2138 2542; x_wconf 36' lang='lat' dir='ltr'><strong>doctrina-verbo-</strong></span> 
     </span>
    </p>
   </div>
   <div class='ocr_carea' id='block_1_28' title="bbox 558 2549 2136 2626">
    <p class='ocr_par' dir='ltr' id='par_1_28' title="bbox 558 2549 2136 2626">
     <span class='ocr_line' id='line_1_28' title="bbox 558 2549 2136 2626; baseline -0.011 -6"><span class='ocrx_word' id='word_1_194' title='bbox 558 2577 681 2621; x_wconf 90' lang='lat' dir='ltr'><strong>rum</strong></span> <span class='ocrx_word' id='word_1_195' title='bbox 726 2560 950 2617; x_wconf 85' lang='lat' dir='ltr'><strong>credere</strong></span> <span class='ocrx_word' id='word_1_196' title='bbox 992 2573 1100 2619; x_wconf 79' lang='lat' dir='ltr'><strong>non</strong></span> <span class='ocrx_word' id='word_1_197' title='bbox 1148 2564 1433 2626; x_wconf 82' lang='lat' dir='ltr'><strong>poterant,</strong></span> <span class='ocrx_word' id='word_1_198' title='bbox 1490 2552 1683 2609; x_wconf 88' lang='lat' dir='ltr'><strong>saltem</strong></span> <span class='ocrx_word' id='word_1_199' title='bbox 1736 2566 1801 2607; x_wconf 89' lang='lat' dir='ltr'><strong>ex</strong></span> <span class='ocrx_word' id='word_1_200' title='bbox 1850 2549 2136 2606; x_wconf 82' lang='lat' dir='ltr'><strong>virtutibus</strong></span> 
     </span>
    </p>
   </div>
   <div class='ocr_carea' id='block_1_29' title="bbox 558 2643 2135 2717">
    <p class='ocr_par' dir='ltr' id='par_1_29' title="bbox 558 2643 2135 2717">
     <span class='ocr_line' id='line_1_29' title="bbox 558 2643 2135 2717; baseline -0.011 -1"><span class='ocrx_word' id='word_1_201' title='bbox 558 2656 936 2716; x_wconf 81' lang='lat' dir='ltr'><strong>miraculorum</strong></span> <span class='ocrx_word' id='word_1_202' title='bbox 961 2650 1266 2708; x_wconf 85' lang='lat' dir='ltr'><strong>crederent.</strong></span> <span class='ocrx_word' id='word_1_203' title='bbox 1314 2647 1490 2717; x_wconf 82' lang='lat' dir='ltr'><strong>Quod,</strong></span> <span class='ocrx_word' id='word_1_204' title='bbox 1520 2654 1578 2700; x_wconf 90' lang='lat' dir='ltr'><strong>ut</strong></span> <span class='ocrx_word' id='word_1_205' title='bbox 1604 2645 1858 2711; x_wconf 78' lang='lat' dir='ltr'><strong>diximus,</strong></span> <span class='ocrx_word' id='word_1_206' title='bbox 1897 2657 1994 2699; x_wconf 91' lang='lat' dir='ltr'><strong>suo</strong></span> <span class='ocrx_word' id='word_1_207' title='bbox 2027 2643 2135 2698; x_wconf 54' lang='lat' dir='ltr'><strong>Do-‘</strong></span> 
     </span>
    </p>
   </div>
   <div class='ocr_carea' id='block_1_30' title="bbox 556 2735 2138 2816">
    <p class='ocr_par' dir='ltr' id='par_1_30' title="bbox 556 2735 2138 2816">
     <span class='ocr_line' id='line_1_30' title="bbox 556 2735 2138 2816; baseline -0.012 -9"><span class='ocrx_word' id='word_1_208' title='bbox 556 2751 737 2807; x_wconf 84' lang='lat' dir='ltr'><strong>minus</strong></span> <span class='ocrx_word' id='word_1_209' title='bbox 784 2745 1029 2816; x_wconf 87' lang='lat' dir='ltr'><strong>exemplo</strong></span> <span class='ocrx_word' id='word_1_210' title='bbox 1083 2741 1393 2807; x_wconf 77' lang='lat' dir='ltr'><strong>declaravit,</strong></span> <span class='ocrx_word' id='word_1_211' title='bbox 1447 2739 1659 2811; x_wconf 88' lang='lat' dir='ltr'><strong>quando</strong></span> <span class='ocrx_word' id='word_1_212' title='bbox 1714 2738 2018 2792; x_wconf 78' lang='lat' dir='ltr'><strong>descendens</strong></span> <span class='ocrx_word' id='word_1_213' title='bbox 2074 2735 2138 2789; x_wconf 88' lang='lat' dir='ltr'><strong>de</strong></span> 
     </span>
    </p>
   </div>
   <div class='ocr_carea' id='block_1_31' title="bbox 557 2828 2135 2910">
    <p class='ocr_par' dir='ltr' id='par_1_31' title="bbox 557 2828 2135 2910">
     <span class='ocr_line' id='line_1_31' title="bbox 557 2828 2135 2910; baseline -0.012 -11"><span class='ocrx_word' id='word_1_214' title='bbox 557 2850 748 2910; x_wconf 84' lang='lat' dir='ltr'><strong>monte,</strong></span> <span class='ocrx_word' id='word_1_215' title='bbox 776 2840 913 2895; x_wconf 88' lang='lat' dir='ltr'><strong>stetit</strong></span> <span class='ocrx_word' id='word_1_216' title='bbox 936 2839 990 2893; x_wconf 79' lang='lat' dir='ltr'><strong>in</strong></span> <span class='ocrx_word' id='word_1_217' title='bbox 1016 2837 1130 2891; x_wconf 82' lang='lat' dir='ltr'><strong>loco</strong></span> <span class='ocrx_word' id='word_1_218' title='bbox 1154 2834 1445 2904; x_wconf 78' lang='lat' dir='ltr'><strong>campestri,</strong></span> <span class='ocrx_word' id='word_1_219' title='bbox 1483 2840 1530 2887; x_wconf 94' lang='lat' dir='ltr'><strong>et</strong></span> <span class='ocrx_word' id='word_1_220' title='bbox 1573 2830 1722 2885; x_wconf 87' lang='lat' dir='ltr'><strong>turba</strong></span> <span class='ocrx_word' id='word_1_221' title='bbox 1768 2828 2135 2898; x_wconf 84' lang='lat' dir='ltr'><strong>discipulorum</strong></span> 
     </span>
    </p>
   </div>
   <div class='ocr_carea' id='block_1_32' title="bbox 558 2919 2136 3008">
    <p class='ocr_par' dir='ltr' id='par_1_32' title="bbox 558 2919 2136 3008">
     <span class='ocr_line' id='line_1_32' title="bbox 558 2919 2136 3008; baseline -0.011 -18"><span class='ocrx_word' id='word_1_222' title='bbox 558 2937 695 3008; x_wconf 86' lang='lat' dir='ltr'><strong>ejus,</strong></span> <span class='ocrx_word' id='word_1_223' title='bbox 743 2941 792 2986; x_wconf 83' lang='lat' dir='ltr'><strong>et</strong></span> <span class='ocrx_word' id='word_1_224' title='bbox 838 2929 1112 2985; x_wconf 72' lang='lat' dir='ltr'><strong>multitudo</strong></span> <span class='ocrx_word' id='word_1_225' title='bbox 1154 2926 1359 2996; x_wconf 83' lang='lat' dir='ltr'><strong>copiosa</strong></span> <span class='ocrx_word' id='word_1_226' title='bbox 1403 2924 1560 2994; x_wconf 88' lang='lat' dir='ltr'><strong>plebis</strong></span> <span class='ocrx_word' id='word_1_227' title='bbox 1608 2922 1672 2976; x_wconf 90' lang='lat' dir='ltr'><strong>ab</strong></span> <span class='ocrx_word' id='word_1_228' title='bbox 1721 2922 1856 2975; x_wconf 86' lang='lat' dir='ltr'><strong>omni</strong></span> <span class='ocrx_word' id='word_1_229' title='bbox 1879 2919 2064 2974; x_wconf 80' lang='lat' dir='ltr'><strong>ludtea</strong></span> <span class='ocrx_word' id='word_1_230' title='bbox 2089 2928 2136 2973; x_wconf 88' lang='lat' dir='ltr'><strong>et</strong></span> 
     </span>
    </p>
   </div>
   <div class='ocr_carea' id='block_1_33' title="bbox 559 3012 2136 3091">
    <p class='ocr_par' dir='ltr' id='par_1_33' title="bbox 559 3012 2136 3091">
     <span class='ocr_line' id='line_1_33' title="bbox 559 3012 2136 3091; baseline -0.011 -11"><span class='ocrx_word' id='word_1_231' title='bbox 559 3021 868 3091; x_wconf 76' lang='lat' dir='ltr'><strong>Jerusalem,</strong></span> <span class='ocrx_word' id='word_1_232' title='bbox 898 3029 947 3076; x_wconf 87' lang='lat' dir='ltr'><strong>et</strong></span> <span class='ocrx_word' id='word_1_233' title='bbox 972 3020 1228 3074; x_wconf 76' lang='lat' dir='ltr'><strong>maritima</strong></span> <span class='ocrx_word' id='word_1_234' title='bbox 1267 3015 1391 3087; x_wconf 81' lang='lat' dir='ltr'><strong>Tyri</strong></span> <span class='ocrx_word' id='word_1_235' title='bbox 1414 3024 1463 3070; x_wconf 86' lang='lat' dir='ltr'><strong>et</strong></span> <span class='ocrx_word' id='word_1_236' title='bbox 1507 3012 1738 3081; x_wconf 84' lang='lat' dir='ltr'><strong>Sidonis,</strong></span> <span class='ocrx_word' id='word_1_237' title='bbox 1767 3012 1853 3081; x_wconf 83' lang='lat' dir='ltr'><strong>qui</strong></span> <span class='ocrx_word' id='word_1_238' title='bbox 1897 3017 2136 3064; x_wconf 74' lang='lat' dir='ltr'><strong>uenerant</strong></span> 
     </span>
    </p>
   </div>
   <div class='ocr_carea' id='block_1_34' title="bbox 2221 534 3804 607">
    <p class='ocr_par' dir='ltr' id='par_1_34' title="bbox 2221 534 3804 607">
     <span class='ocr_line' id='line_1_34' title="bbox 2221 534 3804 607; baseline -0.007 -7"><span class='ocrx_word' id='word_1_239' title='bbox 2221 553 2487 600; x_wconf 88' lang='lat' dir='ltr'><strong>mortuum</strong></span> <span class='ocrx_word' id='word_1_240' title='bbox 2546 544 2685 596; x_wconf 90' lang='lat' dir='ltr'><strong>inter</strong></span> <span class='ocrx_word' id='word_1_241' title='bbox 2738 549 2974 593; x_wconf 89' lang='lat' dir='ltr'><strong>mortuos</strong></span> <span class='ocrx_word' id='word_1_242' title='bbox 3026 536 3347 607; x_wconf 67' lang='lat' dir='ltr'><strong>quaerebat,</strong></span> <span class='ocrx_word' id='word_1_243' title='bbox 3404 535 3599 589; x_wconf 87' lang='lat' dir='ltr'><strong>volenti</strong></span> <span class='ocrx_word' id='word_1_244' title='bbox 3657 534 3804 589; x_wconf 87' lang='lat' dir='ltr'><strong>illum</strong></span> 
     </span>
    </p>
   </div>
   <div class='ocr_carea' id='block_1_35' title="bbox 2224 626 3806 705">
    <p class='ocr_par' dir='ltr' id='par_1_35' title="bbox 2224 626 3806 705">
     <span class='ocr_line' id='line_1_35' title="bbox 2224 626 3806 705; baseline -0.006 -15"><span class='ocrx_word' id='word_1_245' title='bbox 2224 642 2460 705; x_wconf 83' lang='lat' dir='ltr'><strong>tangere,</strong></span> <span class='ocrx_word' id='word_1_246' title='bbox 2495 632 2691 688; x_wconf 47' lang='lat' dir='ltr'><strong>dictum</strong></span> <span class='ocrx_word' id='word_1_247' title='bbox 2721 640 2839 686; x_wconf 86' lang='lat' dir='ltr'><strong>est:</strong></span> <span class='ocrx_word' id='word_1_248' title='bbox 2888 629 3014 683; x_wconf 83' lang='lat' dir='ltr'><strong>Noli</strong></span> <span class='ocrx_word' id='word_1_249' title='bbox 3050 644 3130 683; x_wconf 90' lang='lat' dir='ltr'><strong>me</strong></span> <span class='ocrx_word' id='word_1_250' title='bbox 3161 637 3385 696; x_wconf 82' lang='lat' dir='ltr'><strong>tangere,</strong></span> <span class='ocrx_word' id='word_1_251' title='bbox 3417 626 3646 681; x_wconf 84' lang='lat' dir='ltr'><strong>nondum</strong></span> <span class='ocrx_word' id='word_1_252' title='bbox 3674 628 3806 681; x_wconf 84' lang='lat' dir='ltr'><strong>enim</strong></span> 
     </span>
    </p>
   </div>
   <div class='ocr_carea' id='block_1_36' title="bbox 2225 717 3803 791">
    <p class='ocr_par' dir='ltr' id='par_1_36' title="bbox 2225 717 3803 791">
     <span class='ocr_line' id='line_1_36' title="bbox 2225 717 3803 791; baseline -0.004 -12"><span class='ocrx_word' id='word_1_253' title='bbox 2225 725 2428 779; x_wconf 70' lang='lat' dir='ltr'><strong>ostendi</strong></span> <span class='ocrx_word' id='word_1_254' title='bbox 2458 726 2525 778; x_wconf 87' lang='lat' dir='ltr'><strong>ad</strong></span> <span class='ocrx_word' id='word_1_255' title='bbox 2569 723 2771 777; x_wconf 86' lang='lat' dir='ltr'><strong>Patrem</strong></span> <span class='ocrx_word' id='word_1_256' title='bbox 2803 736 2971 777; x_wconf 87' lang='lat' dir='ltr'><strong>meum</strong></span> <span class='ocrx_word' id='word_1_257' title='bbox 3005 717 3189 791; x_wconf 81' lang='lat' dir='ltr'><strong>(Joan.</strong></span> <span class='ocrx_word' id='word_1_258' title='bbox 3220 718 3335 789; x_wconf 88' lang='lat' dir='ltr'><strong>xx).</strong></span> <span class='ocrx_word' id='word_1_259' title='bbox 3388 720 3464 773; x_wconf 83' lang='lat' dir='ltr'><strong>Ac</strong></span> <span class='ocrx_word' id='word_1_260' title='bbox 3490 718 3536 772; x_wconf 90' lang='lat' dir='ltr'><strong>si</strong></span> <span class='ocrx_word' id='word_1_261' title='bbox 3566 718 3803 774; x_wconf 79' lang='lat' dir='ltr'><strong>diceret:</strong></span> 
     </span>
    </p>
   </div>
   <div class='ocr_carea' id='block_1_37' title="bbox 2228 809 3809 883">
    <p class='ocr_par' dir='ltr' id='par_1_37' title="bbox 2228 809 3809 883">
     <span class='ocr_line' id='line_1_37' title="bbox 2228 809 3809 883; baseline -0.003 -14"><span class='ocrx_word' id='word_1_262' title='bbox 2228 817 2365 883; x_wconf 86' lang='lat' dir='ltr'><strong>Quia</strong></span> <span class='ocrx_word' id='word_1_263' title='bbox 2397 830 2555 870; x_wconf 91' lang='lat' dir='ltr'><strong>manu</strong></span> <span class='ocrx_word' id='word_1_264' title='bbox 2586 814 2706 870; x_wconf 90' lang='lat' dir='ltr'><strong>ﬁdei</strong></span> <span class='ocrx_word' id='word_1_265' title='bbox 2756 826 2842 868; x_wconf 87' lang='lat' dir='ltr'><strong>me</strong></span> <span class='ocrx_word' id='word_1_266' title='bbox 2870 821 3087 883; x_wconf 79' lang='lat' dir='ltr'><strong>tangere</strong></span> <span class='ocrx_word' id='word_1_267' title='bbox 3112 809 3348 872; x_wconf 88' lang='lat' dir='ltr'><strong>noluisti,</strong></span> <span class='ocrx_word' id='word_1_268' title='bbox 3382 823 3543 862; x_wconf 88' lang='lat' dir='ltr'><strong>manu</strong></span> <span class='ocrx_word' id='word_1_269' title='bbox 3572 810 3809 877; x_wconf 81' lang='lat' dir='ltr'><strong>corporis</strong></span> 
     </span>
    </p>
   </div>
   <div class='ocr_carea' id='block_1_38' title="bbox 2224 899 3808 975">
    <p class='ocr_par' dir='ltr' id='par_1_38' title="bbox 2224 899 3808 975">
     <span class='ocr_line' id='line_1_38' title="bbox 2224 899 3808 975; baseline -0.005 -14"><span class='ocrx_word' id='word_1_270' title='bbox 2224 920 2312 961; x_wconf 90' lang='lat' dir='ltr'><strong>me</strong></span> <span class='ocrx_word' id='word_1_271' title='bbox 2336 912 2554 975; x_wconf 89' lang='lat' dir='ltr'><strong>tangere</strong></span> <span class='ocrx_word' id='word_1_272' title='bbox 2582 903 2711 960; x_wconf 91' lang='lat' dir='ltr'><strong>noli.</strong></span> <span class='ocrx_word' id='word_1_273' title='bbox 2742 902 2960 959; x_wconf 89' lang='lat' dir='ltr'><strong>Curatio</strong></span> <span class='ocrx_word' id='word_1_274' title='bbox 2987 914 3117 957; x_wconf 90' lang='lat' dir='ltr'><strong>vero</strong></span> <span class='ocrx_word' id='word_1_275' title='bbox 3146 900 3469 965; x_wconf 69' lang='lat' dir='ltr'><strong>daemonum,</strong></span> <span class='ocrx_word' id='word_1_276' title='bbox 3501 914 3607 955; x_wconf 90' lang='lat' dir='ltr'><strong>non</strong></span> <span class='ocrx_word' id='word_1_277' title='bbox 3637 899 3808 954; x_wconf 87' lang='lat' dir='ltr'><strong>solum</strong></span> 
     </span>
    </p>
   </div>
   <div class='ocr_carea' id='block_1_39' title="bbox 2228 992 3809 1067">
    <p class='ocr_par' dir='ltr' id='par_1_39' title="bbox 2228 992 3809 1067">
     <span class='ocr_line' id='line_1_39' title="bbox 2228 992 3809 1067; baseline -0.004 -15"><span class='ocrx_word' id='word_1_278' title='bbox 2228 1012 2324 1067; x_wconf 86' lang='lat' dir='ltr'><strong>per</strong></span> <span class='ocrx_word' id='word_1_279' title='bbox 2352 996 2468 1067; x_wconf 84' lang='lat' dir='ltr'><strong>ejus</strong></span> <span class='ocrx_word' id='word_1_280' title='bbox 2498 998 2831 1066; x_wconf 83' lang='lat' dir='ltr'><strong>praesentiam</strong></span> <span class='ocrx_word' id='word_1_281' title='bbox 2865 996 3046 1061; x_wconf 90' lang='lat' dir='ltr'><strong>ﬁebat,</strong></span> <span class='ocrx_word' id='word_1_282' title='bbox 3097 994 3190 1049; x_wconf 89' lang='lat' dir='ltr'><strong>sed</strong></span> <span class='ocrx_word' id='word_1_283' title='bbox 3236 992 3396 1048; x_wconf 86' lang='lat' dir='ltr'><strong>etiam</strong></span> <span class='ocrx_word' id='word_1_284' title='bbox 3448 1006 3546 1062; x_wconf 89' lang='lat' dir='ltr'><strong>per</strong></span> <span class='ocrx_word' id='word_1_285' title='bbox 3593 993 3809 1048; x_wconf 87' lang='lat' dir='ltr'><strong>invoca-</strong></span> 
     </span>
    </p>
   </div>
   <div class='ocr_carea' id='block_1_40' title="bbox 2225 1085 3812 1161">
    <p class='ocr_par' dir='ltr' id='par_1_40' title="bbox 2225 1085 3812 1161">
     <span class='ocr_line' id='line_1_40' title="bbox 2225 1085 3812 1161; baseline -0.004 -14"><span class='ocrx_word' id='word_1_286' title='bbox 2225 1092 2433 1147; x_wconf 88' lang='lat' dir='ltr'><strong>tionem</strong></span> <span class='ocrx_word' id='word_1_287' title='bbox 2466 1090 2635 1161; x_wconf 87' lang='lat' dir='ltr'><strong>ipsius</strong></span> <span class='ocrx_word' id='word_1_288' title='bbox 2666 1088 2895 1146; x_wconf 90' lang='lat' dir='ltr'><strong>nominis</strong></span> <span class='ocrx_word' id='word_1_289' title='bbox 2926 1088 2978 1142; x_wconf 90' lang='lat' dir='ltr'><strong>in</strong></span> <span class='ocrx_word' id='word_1_290' title='bbox 3008 1087 3086 1142; x_wconf 91' lang='lat' dir='ltr'><strong>sui</strong></span> <span class='ocrx_word' id='word_1_291' title='bbox 3116 1086 3373 1149; x_wconf 88' lang='lat' dir='ltr'><strong>absentia,</strong></span> <span class='ocrx_word' id='word_1_292' title='bbox 3406 1085 3544 1140; x_wconf 86' lang='lat' dir='ltr'><strong>sicut</strong></span> <span class='ocrx_word' id='word_1_293' title='bbox 3570 1085 3812 1155; x_wconf 90' lang='lat' dir='ltr'><strong>discipuli</strong></span> 
     </span>
    </p>
   </div>
   <div class='ocr_carea' id='block_1_41' title="bbox 2228 1179 3814 1253">
    <p class='ocr_par' dir='ltr' id='par_1_41' title="bbox 2228 1179 3814 1253">
     <span class='ocr_line' id='line_1_41' title="bbox 2228 1179 3814 1253; baseline -0.004 -15"><span class='ocrx_word' id='word_1_294' title='bbox 2228 1197 2438 1253; x_wconf 88' lang='lat' dir='ltr'><strong>quoque</strong></span> <span class='ocrx_word' id='word_1_295' title='bbox 2473 1182 2697 1237; x_wconf 88' lang='lat' dir='ltr'><strong>Domino</strong></span> <span class='ocrx_word' id='word_1_296' title='bbox 2752 1181 3044 1252; x_wconf 88' lang='lat' dir='ltr'><strong>gaudentes</strong></span> <span class='ocrx_word' id='word_1_297' title='bbox 3089 1179 3313 1235; x_wconf 86' lang='lat' dir='ltr'><strong>dicunt:</strong></span> <span class='ocrx_word' id='word_1_298' title='bbox 3363 1179 3600 1244; x_wconf 86' lang='lat' dir='ltr'><strong>Domine,</strong></span> <span class='ocrx_word' id='word_1_299' title='bbox 3633 1196 3686 1231; x_wconf 80' lang='grc' dir='ltr'><strong>ιη</strong></span> <span class='ocrx_word' id='word_1_300' title='bbox 3730 1187 3814 1231; x_wconf 85' lang='lat' dir='ltr'><strong>tuo</strong></span> 
     </span>
    </p>
   </div>
   <div class='ocr_carea' id='block_1_42' title="bbox 2228 1273 3813 1345">
    <p class='ocr_par' dir='ltr' id='par_1_42' title="bbox 2228 1273 3813 1345">
     <span class='ocr_line' id='line_1_42' title="bbox 2228 1273 3813 1345; baseline -0.003 -14"><span class='ocrx_word' id='word_1_301' title='bbox 2228 1277 2431 1332; x_wconf 84' lang='lat' dir='ltr'><strong>nomine</strong></span> <span class='ocrx_word' id='word_1_302' title='bbox 2456 1279 2608 1330; x_wconf 87' lang='lat' dir='ltr'><strong>etiam</strong></span> <span class='ocrx_word' id='word_1_303' title='bbox 2654 1276 2906 1330; x_wconf 79' lang='lat' dir='ltr'><strong>dtemonia</strong></span> <span class='ocrx_word' id='word_1_304' title='bbox 2954 1273 3096 1328; x_wconf 88' lang='lat' dir='ltr'><strong>nobis</strong></span> <span class='ocrx_word' id='word_1_305' title='bbox 3147 1273 3490 1345; x_wconf 85' lang='lat' dir='ltr'><strong>subjiciuntur</strong></span> <span class='ocrx_word' id='word_1_306' title='bbox 3542 1273 3694 1345; x_wconf 87' lang='lat' dir='ltr'><strong>(Luc.</strong></span> <span class='ocrx_word' id='word_1_307' title='bbox 3733 1274 3813 1342; x_wconf 90' lang='lat' dir='ltr'><strong>x).</strong></span> 
     </span>
    </p>
   </div>
   <div class='ocr_carea' id='block_1_43' title="bbox 2231 1348 3815 1437">
    <p class='ocr_par' dir='ltr' id='par_1_43' title="bbox 2231 1348 3815 1437">
     <span class='ocr_line' id='line_1_43' title="bbox 2231 1348 3815 1437; baseline -0.002 -15"><span class='ocrx_word' id='word_1_308' title='bbox 2231 1348 2507 1435; x_wconf 67' lang='lat' dir='ltr'><strong>Sequitur,</strong></span> <span class='ocrx_word' id='word_1_309' title='bbox 2543 1365 2611 1420; x_wconf 84' lang='lat' dir='ltr'><strong>Et</strong></span> <span class='ocrx_word' id='word_1_310' title='bbox 2633 1368 2742 1437; x_wconf 87' lang='lat' dir='ltr'><strong>ipse</strong></span> <span class='ocrx_word' id='word_1_311' title='bbox 2762 1368 2969 1421; x_wconf 85' lang='lat' dir='ltr'><strong>elevatis</strong></span> <span class='ocrx_word' id='word_1_312' title='bbox 2992 1365 3153 1420; x_wconf 84' lang='lat' dir='ltr'><strong>oculis</strong></span> <span class='ocrx_word' id='word_1_313' title='bbox 3178 1365 3231 1419; x_wconf 88' lang='lat' dir='ltr'><strong>in</strong></span> <span class='ocrx_word' id='word_1_314' title='bbox 3259 1366 3559 1434; x_wconf 85' lang='lat' dir='ltr'><strong>discipulos,</strong></span> <span class='ocrx_word' id='word_1_315' title='bbox 3570 1351 3815 1419; x_wconf 67' lang='lat' dir='ltr'><strong>dicebat:</strong></span> 
     </span>
    </p>
   </div>
   <div class='ocr_carea' id='block_1_44' title="bbox 2231 1456 3897 1531">
    <p class='ocr_par' dir='ltr' id='par_1_44' title="bbox 2231 1456 3897 1531">
     <span class='ocr_line' id='line_1_44' title="bbox 2231 1456 3897 1531; baseline -0.001 -15"><span class='ocrx_word' id='word_1_316' title='bbox 2231 1460 2383 1516; x_wconf 86' lang='lat' dir='ltr'><strong>Beati</strong></span> <span class='ocrx_word' id='word_1_317' title='bbox 2414 1475 2681 1531; x_wconf 82' lang='lat' dir='ltr'><strong>pauperes,</strong></span> <span class='ocrx_word' id='word_1_318' title='bbox 2738 1460 2858 1529; x_wconf 87' lang='lat' dir='ltr'><strong>quia</strong></span> <span class='ocrx_word' id='word_1_319' title='bbox 2907 1468 3123 1514; x_wconf 75' lang='lat' dir='ltr'><strong>vestrum</strong></span> <span class='ocrx_word' id='word_1_320' title='bbox 3162 1466 3237 1513; x_wconf 87' lang='lat' dir='ltr'><strong>est</strong></span> <span class='ocrx_word' id='word_1_321' title='bbox 3277 1473 3487 1525; x_wconf 79' lang='lat' dir='ltr'><strong>regnum</strong></span> <span class='ocrx_word' id='word_1_322' title='bbox 3533 1456 3649 1519; x_wconf 84' lang='lat' dir='ltr'><strong>Dei.</strong></span> <span class='ocrx_word' id='word_1_323' title='bbox 3699 1457 3816 1515; x_wconf 86' lang='lat' dir='ltr'><strong>Etsi</strong></span> <span class='ocrx_word' id='word_1_324' title='bbox 3892 1478 3897 1485; x_wconf 83' lang='lat'><strong><em>&#39;</em></strong></span> 
     </span>
    </p>
   </div>
   <div class='ocr_carea' id='block_1_45' title="bbox 2236 1548 3817 1623">
    <p class='ocr_par' dir='ltr' id='par_1_45' title="bbox 2236 1548 3817 1623">
     <span class='ocr_line' id='line_1_45' title="bbox 2236 1548 3817 1623; baseline -0.004 -15"><span class='ocrx_word' id='word_1_325' title='bbox 2236 1553 2563 1623; x_wconf 86' lang='lat' dir='ltr'><strong>generaliter</strong></span> <span class='ocrx_word' id='word_1_326' title='bbox 2614 1550 2872 1606; x_wconf 88' lang='lat' dir='ltr'><strong>Dominus</strong></span> <span class='ocrx_word' id='word_1_327' title='bbox 2923 1550 3171 1606; x_wconf 91' lang='lat' dir='ltr'><strong>omnibus</strong></span> <span class='ocrx_word' id='word_1_328' title='bbox 3221 1550 3555 1619; x_wconf 89' lang='lat' dir='ltr'><strong>loquebatur,</strong></span> <span class='ocrx_word' id='word_1_329' title='bbox 3606 1548 3817 1617; x_wconf 82' lang='lat' dir='ltr'><strong>specia-</strong></span> 
     </span>
    </p>
   </div>
   <div class='ocr_carea' id='block_1_46' title="bbox 2236 1638 3818 1711">
    <p class='ocr_par' dir='ltr' id='par_1_46' title="bbox 2236 1638 3818 1711">
     <span class='ocr_line' id='line_1_46' title="bbox 2236 1638 3818 1711; baseline -0.003 -13"><span class='ocrx_word' id='word_1_330' title='bbox 2236 1644 2358 1699; x_wconf 90' lang='lat' dir='ltr'><strong>liter</strong></span> <span class='ocrx_word' id='word_1_331' title='bbox 2382 1643 2436 1697; x_wconf 93' lang='lat' dir='ltr'><strong>in</strong></span> <span class='ocrx_word' id='word_1_332' title='bbox 2466 1641 2757 1711; x_wconf 90' lang='lat' dir='ltr'><strong>discipulos</strong></span> <span class='ocrx_word' id='word_1_333' title='bbox 2800 1640 2987 1695; x_wconf 90' lang='lat' dir='ltr'><strong>oculos</strong></span> <span class='ocrx_word' id='word_1_334' title='bbox 3014 1640 3231 1707; x_wconf 88' lang='lat' dir='ltr'><strong>levavit,</strong></span> <span class='ocrx_word' id='word_1_335' title='bbox 3260 1653 3395 1710; x_wconf 93' lang='lat' dir='ltr'><strong>quos</strong></span> <span class='ocrx_word' id='word_1_336' title='bbox 3434 1638 3623 1708; x_wconf 85' lang='lat' dir='ltr'><strong>majori</strong></span> <span class='ocrx_word' id='word_1_337' title='bbox 3648 1639 3818 1708; x_wconf 87' lang='lat' dir='ltr'><strong>gratia</strong></span> 
     </span>
    </p>
   </div>
   <div class='ocr_carea' id='block_1_47' title="bbox 2236 1731 3819 1805">
    <p class='ocr_par' dir='ltr' id='par_1_47' title="bbox 2236 1731 3819 1805">
     <span class='ocr_line' id='line_1_47' title="bbox 2236 1731 3819 1805; baseline -0.001 -16"><span class='ocrx_word' id='word_1_338' title='bbox 2236 1735 2509 1805; x_wconf 89' lang='lat' dir='ltr'><strong>digniores</strong></span> <span class='ocrx_word' id='word_1_339' title='bbox 2541 1732 2689 1789; x_wconf 81' lang='lat' dir='ltr'><strong>fecit.</strong></span> <span class='ocrx_word' id='word_1_340' title='bbox 2746 1732 2989 1788; x_wconf 86' lang='lat' dir='ltr'><strong>Elevatio</strong></span> <span class='ocrx_word' id='word_1_341' title='bbox 3035 1734 3233 1803; x_wconf 90' lang='lat' dir='ltr'><strong>quippe</strong></span> <span class='ocrx_word' id='word_1_342' title='bbox 3269 1733 3551 1788; x_wconf 89' lang='lat' dir='ltr'><strong>oculorum</strong></span> <span class='ocrx_word' id='word_1_343' title='bbox 3598 1731 3819 1798; x_wconf 85' lang='lat' dir='ltr'><strong>Christi,</strong></span> 
     </span>
    </p>
   </div>
   <div class='ocr_carea' id='block_1_48' title="bbox 2244 1822 3821 1894">
    <p class='ocr_par' dir='ltr' id='par_1_48' title="bbox 2244 1822 3821 1894">
     <span class='ocr_line' id='line_1_48' title="bbox 2244 1822 3821 1894; baseline -0.003 -13"><span class='ocrx_word' id='word_1_344' title='bbox 2244 1825 2519 1894; x_wconf 87' lang='lat' dir='ltr'><strong>amplioris</strong></span> <span class='ocrx_word' id='word_1_345' title='bbox 2544 1823 2927 1880; x_wconf 66' lang='lat' dir='ltr'><strong>misericordiae</strong></span> <span class='ocrx_word' id='word_1_346' title='bbox 2955 1839 3176 1880; x_wconf 88' lang='lat' dir='ltr'><strong>munera</strong></span> <span class='ocrx_word' id='word_1_347' title='bbox 3216 1824 3503 1892; x_wconf 88' lang='lat' dir='ltr'><strong>signillcat.</strong></span> <span class='ocrx_word' id='word_1_348' title='bbox 3554 1823 3622 1877; x_wconf 84' lang='lat' dir='ltr'><strong>Et</strong></span> <span class='ocrx_word' id='word_1_349' title='bbox 3650 1823 3703 1877; x_wconf 90' lang='lat' dir='ltr'><strong>in</strong></span> <span class='ocrx_word' id='word_1_350' title='bbox 3741 1822 3821 1877; x_wconf 76' lang='lat' dir='ltr'><strong>di-</strong></span> 
     </span>
    </p>
   </div>
   <div class='ocr_carea' id='block_1_49' title="bbox 2243 1914 3821 1987">
    <p class='ocr_par' dir='ltr' id='par_1_49' title="bbox 2243 1914 3821 1987">
     <span class='ocr_line' id='line_1_49' title="bbox 2243 1914 3821 1987; baseline -0.003 -13"><span class='ocrx_word' id='word_1_351' title='bbox 2243 1918 2485 1987; x_wconf 83' lang='lat' dir='ltr'><strong>scipulos</strong></span> <span class='ocrx_word' id='word_1_352' title='bbox 2538 1917 2723 1973; x_wconf 90' lang='lat' dir='ltr'><strong>oculos</strong></span> <span class='ocrx_word' id='word_1_353' title='bbox 2770 1916 2985 1983; x_wconf 87' lang='lat' dir='ltr'><strong>levavit,</strong></span> <span class='ocrx_word' id='word_1_354' title='bbox 3037 1929 3171 1985; x_wconf 90' lang='lat' dir='ltr'><strong>quos</strong></span> <span class='ocrx_word' id='word_1_355' title='bbox 3218 1916 3504 1985; x_wconf 87' lang='lat' dir='ltr'><strong>specialius</strong></span> <span class='ocrx_word' id='word_1_356' title='bbox 3536 1914 3821 1969; x_wconf 84' lang='lat' dir='ltr'><strong>virtutibus</strong></span> 
     </span>
    </p>
   </div>
   <div class='ocr_carea' id='block_1_50' title="bbox 2242 2004 3822 2078">
    <p class='ocr_par' dir='ltr' id='par_1_50' title="bbox 2242 2004 3822 2078">
     <span class='ocr_line' id='line_1_50' title="bbox 2242 2004 3822 2078; baseline -0.004 -13"><span class='ocrx_word' id='word_1_357' title='bbox 2242 2009 2456 2074; x_wconf 83' lang='lat' dir='ltr'><strong>ditavit,</strong></span> <span class='ocrx_word' id='word_1_358' title='bbox 2492 2008 2643 2078; x_wconf 87' lang='lat' dir='ltr'><strong>juxta</strong></span> <span class='ocrx_word' id='word_1_359' title='bbox 2669 2007 2809 2077; x_wconf 91' lang='lat' dir='ltr'><strong>quod</strong></span> <span class='ocrx_word' id='word_1_360' title='bbox 2841 2006 2967 2061; x_wconf 87' lang='lat' dir='ltr'><strong>alibi</strong></span> <span class='ocrx_word' id='word_1_361' title='bbox 3000 2005 3263 2078; x_wconf 88' lang='lat' dir='ltr'><strong>legimus:</strong></span> <span class='ocrx_word' id='word_1_362' title='bbox 3298 2004 3435 2073; x_wconf 83' lang='lat' dir='ltr'><strong>Quia</strong></span> <span class='ocrx_word' id='word_1_363' title='bbox 3468 2020 3587 2059; x_wconf 89' lang='lat' dir='ltr'><strong>cum</strong></span> <span class='ocrx_word' id='word_1_364' title='bbox 3616 2006 3822 2059; x_wconf 72' lang='lat' dir='ltr'><strong>dixisset</strong></span> 
     </span>
    </p>
   </div>
   <div class='ocr_carea' id='block_1_51' title="bbox 2240 2099 3821 2173">
    <p class='ocr_par' dir='ltr' id='par_1_51' title="bbox 2240 2099 3821 2173">
     <span class='ocr_line' id='line_1_51' title="bbox 2240 2099 3821 2173; baseline -0.004 -15"><span class='ocrx_word' id='word_1_365' title='bbox 2240 2106 2289 2158; x_wconf 89' lang='lat' dir='ltr'><strong>ei</strong></span> <span class='ocrx_word' id='word_1_366' title='bbox 2317 2104 2546 2173; x_wconf 82' lang='lat' dir='ltr'><strong>quidam,</strong></span> <span class='ocrx_word' id='word_1_367' title='bbox 2587 2116 2699 2157; x_wconf 89' lang='lat' dir='ltr'><strong>ecce</strong></span> <span class='ocrx_word' id='word_1_368' title='bbox 2740 2110 2899 2155; x_wconf 72' lang='lat' dir='ltr'><strong>mater</strong></span> <span class='ocrx_word' id='word_1_369' title='bbox 2948 2109 3035 2154; x_wconf 90' lang='lat' dir='ltr'><strong>tua</strong></span> <span class='ocrx_word' id='word_1_370' title='bbox 3081 2107 3129 2153; x_wconf 86' lang='lat' dir='ltr'><strong>et</strong></span> <span class='ocrx_word' id='word_1_371' title='bbox 3170 2104 3353 2170; x_wconf 77' lang='lat' dir='ltr'><strong>fratres</strong></span> <span class='ocrx_word' id='word_1_372' title='bbox 3394 2099 3469 2153; x_wconf 83' lang='lat' dir='ltr'><strong>tui</strong></span> <span class='ocrx_word' id='word_1_373' title='bbox 3514 2099 3641 2168; x_wconf 78' lang='lat' dir='ltr'><strong>foris</strong></span> <span class='ocrx_word' id='word_1_374' title='bbox 3670 2108 3821 2161; x_wconf 83' lang='lat' dir='ltr'><strong>stant,</strong></span> 
     </span>
    </p>
   </div>
   <div class='ocr_carea' id='block_1_52' title="bbox 2241 2191 3823 2266">
    <p class='ocr_par' dir='ltr' id='par_1_52' title="bbox 2241 2191 3823 2266">
     <span class='ocr_line' id='line_1_52' title="bbox 2241 2191 3823 2266; baseline -0.004 -17"><span class='ocrx_word' id='word_1_375' title='bbox 2241 2204 2532 2266; x_wconf 60' lang='lat' dir='ltr'><strong>quaerentes</strong></span> <span class='ocrx_word' id='word_1_376' title='bbox 2554 2195 2695 2265; x_wconf 86' lang='lat' dir='ltr'><strong>loqui</strong></span> <span class='ocrx_word' id='word_1_377' title='bbox 2726 2201 2913 2261; x_wconf 86' lang='lat' dir='ltr'><strong>tecum,</strong></span> <span class='ocrx_word' id='word_1_378' title='bbox 2939 2193 3047 2262; x_wconf 88' lang='lat' dir='ltr'><strong>ipse</strong></span> <span class='ocrx_word' id='word_1_379' title='bbox 3068 2192 3267 2247; x_wconf 85' lang='lat' dir='ltr'><strong>elevatis</strong></span> <span class='ocrx_word' id='word_1_380' title='bbox 3289 2191 3451 2245; x_wconf 80' lang='lat' dir='ltr'><strong>oculis</strong></span> <span class='ocrx_word' id='word_1_381' title='bbox 3470 2191 3526 2245; x_wconf 87' lang='lat' dir='ltr'><strong>in</strong></span> <span class='ocrx_word' id='word_1_382' title='bbox 3551 2191 3823 2259; x_wconf 80' lang='lat' dir='ltr'><strong>discipulos</strong></span> 
     </span>
    </p>
   </div>
   <div class='ocr_carea' id='block_1_53' title="bbox 2238 2281 3821 2354">
    <p class='ocr_par' dir='ltr' id='par_1_53' title="bbox 2238 2281 3821 2354">
     <span class='ocr_line' id='line_1_53' title="bbox 2238 2281 3821 2354; baseline -0.004 -11"><span class='ocrx_word' id='word_1_383' title='bbox 2238 2304 2380 2353; x_wconf 89' lang='lat' dir='ltr'><strong>suos,</strong></span> <span class='ocrx_word' id='word_1_384' title='bbox 2397 2288 2627 2343; x_wconf 79' lang='lat' dir='ltr'><strong>dicebat:</strong></span> <span class='ocrx_word' id='word_1_385' title='bbox 2653 2284 2783 2341; x_wconf 84' lang='lat' dir='ltr'><strong>Ecce</strong></span> <span class='ocrx_word' id='word_1_386' title='bbox 2801 2295 2964 2340; x_wconf 84' lang='lat' dir='ltr'><strong>mater</strong></span> <span class='ocrx_word' id='word_1_387' title='bbox 2980 2301 3105 2350; x_wconf 90' lang='lat' dir='ltr'><strong>mea,</strong></span> <span class='ocrx_word' id='word_1_388' title='bbox 3124 2293 3171 2339; x_wconf 87' lang='lat' dir='ltr'><strong>et</strong></span> <span class='ocrx_word' id='word_1_389' title='bbox 3191 2288 3372 2354; x_wconf 81' lang='lat' dir='ltr'><strong>fratres</strong></span> <span class='ocrx_word' id='word_1_390' title='bbox 3392 2285 3488 2338; x_wconf 86' lang='lat' dir='ltr'><strong>mei</strong></span> <span class='ocrx_word' id='word_1_391' title='bbox 3510 2281 3701 2354; x_wconf 73' lang='lat' dir='ltr'><strong>(Marc.</strong></span> <span class='ocrx_word' id='word_1_392' title='bbox 3719 2283 3821 2350; x_wconf 87' lang='grc' dir='ltr'><strong>ιιι).</strong></span> 
     </span>
    </p>
   </div>
   <div class='ocr_carea' id='block_1_54' title="bbox 2238 2373 3825 2447">
    <p class='ocr_par' dir='ltr' id='par_1_54' title="bbox 2238 2373 3825 2447">
     <span class='ocr_line' id='line_1_54' title="bbox 2238 2373 3825 2447; baseline -0.003 -14"><span class='ocrx_word' id='word_1_393' title='bbox 2238 2381 2376 2447; x_wconf 83' lang='lat' dir='ltr'><strong>Quid</strong></span> <span class='ocrx_word' id='word_1_394' title='bbox 2402 2387 2581 2434; x_wconf 87' lang='lat' dir='ltr'><strong>autem</strong></span> <span class='ocrx_word' id='word_1_395' title='bbox 2628 2378 2850 2434; x_wconf 85' lang='lat' dir='ltr'><strong>elevatis</strong></span> <span class='ocrx_word' id='word_1_396' title='bbox 2880 2376 3053 2432; x_wconf 92' lang='lat' dir='ltr'><strong>oculis</strong></span> <span class='ocrx_word' id='word_1_397' title='bbox 3084 2377 3251 2444; x_wconf 86' lang='lat' dir='ltr'><strong>dicat,</strong></span> <span class='ocrx_word' id='word_1_398' title='bbox 3304 2376 3619 2431; x_wconf 81' lang='lat' dir='ltr'><strong>audiamus:</strong></span> <span class='ocrx_word' id='word_1_399' title='bbox 3672 2373 3825 2429; x_wconf 88' lang='lat' dir='ltr'><strong>Beati</strong></span> 
     </span>
    </p>
   </div>
   <div class='ocr_carea' id='block_1_55' title="bbox 2235 2458 3825 2543">
    <p class='ocr_par' dir='ltr' id='par_1_55' title="bbox 2235 2458 3825 2543">
     <span class='ocr_line' id='line_1_55' title="bbox 2235 2458 3825 2543; baseline -0.002 -17"><span class='ocrx_word' id='word_1_400' title='bbox 2235 2487 2506 2543; x_wconf 87' lang='lat' dir='ltr'><strong>pauperes,</strong></span> <span class='ocrx_word' id='word_1_401' title='bbox 2537 2471 2657 2542; x_wconf 89' lang='lat' dir='ltr'><strong>quia</strong></span> <span class='ocrx_word' id='word_1_402' title='bbox 2685 2476 2906 2525; x_wconf 85' lang='lat' dir='ltr'><strong>vestrum</strong></span> <span class='ocrx_word' id='word_1_403' title='bbox 2927 2477 3001 2524; x_wconf 88' lang='lat' dir='ltr'><strong>est</strong></span> <span class='ocrx_word' id='word_1_404' title='bbox 3025 2484 3244 2542; x_wconf 84' lang='lat' dir='ltr'><strong>regnum</strong></span> <span class='ocrx_word' id='word_1_405' title='bbox 3274 2466 3392 2523; x_wconf 86' lang='lat' dir='ltr'><strong>Dei.</strong></span> <span class='ocrx_word' id='word_1_406' title='bbox 3418 2466 3482 2524; x_wconf 83' lang='lat' dir='ltr'><strong>Et</strong></span> <span class='ocrx_word' id='word_1_407' title='bbox 3505 2483 3625 2537; x_wconf 68' lang='lat' dir='ltr'><strong>quae</strong></span> <span class='ocrx_word' id='word_1_408' title='bbox 3645 2458 3825 2523; x_wconf 84' lang='lat' dir='ltr'><strong>virtus</strong></span> 
     </span>
    </p>
   </div>
   <div class='ocr_carea' id='block_1_56' title="bbox 2239 2558 3825 2632">
    <p class='ocr_par' dir='ltr' id='par_1_56' title="bbox 2239 2558 3825 2632">
     <span class='ocr_line' id='line_1_56' title="bbox 2239 2558 3825 2632; baseline -0.002 -15"><span class='ocrx_word' id='word_1_409' title='bbox 2239 2562 2405 2618; x_wconf 90' lang='lat' dir='ltr'><strong>talem</strong></span> <span class='ocrx_word' id='word_1_410' title='bbox 2436 2570 2580 2618; x_wconf 80' lang='lat' dir='ltr'><strong>inter</strong></span> <span class='ocrx_word' id='word_1_411' title='bbox 2606 2561 2838 2632; x_wconf 89' lang='lat' dir='ltr'><strong>reliquas</strong></span> <span class='ocrx_word' id='word_1_412' title='bbox 2885 2560 3243 2616; x_wconf 88' lang='lat' dir='ltr'><strong>beatitudines</strong></span> <span class='ocrx_word' id='word_1_413' title='bbox 3282 2568 3465 2616; x_wconf 89' lang='lat' dir='ltr'><strong>tenere</strong></span> <span class='ocrx_word' id='word_1_414' title='bbox 3485 2559 3645 2615; x_wconf 88' lang='lat' dir='ltr'><strong>debet</strong></span> <span class='ocrx_word' id='word_1_415' title='bbox 3676 2558 3825 2629; x_wconf 80' lang='lat' dir='ltr'><strong>prin-</strong></span> 
     </span>
    </p>
   </div>
   <div class='ocr_carea' id='block_1_57' title="bbox 2236 2652 3822 2725">
    <p class='ocr_par' dir='ltr' id='par_1_57' title="bbox 2236 2652 3822 2725">
     <span class='ocr_line' id='line_1_57' title="bbox 2236 2652 3822 2725; baseline -0.003 -14"><span class='ocrx_word' id='word_1_416' title='bbox 2236 2656 2491 2725; x_wconf 88' lang='lat' dir='ltr'><strong>cipatum,</strong></span> <span class='ocrx_word' id='word_1_417' title='bbox 2523 2654 2621 2709; x_wconf 92' lang='lat' dir='ltr'><strong>nisi</strong></span> <span class='ocrx_word' id='word_1_418' title='bbox 2674 2661 2963 2723; x_wconf 78' lang='lat' dir='ltr'><strong>spontanee</strong></span> <span class='ocrx_word' id='word_1_419' title='bbox 3010 2652 3339 2722; x_wconf 76' lang='lat' dir='ltr'><strong>paupertas?</strong></span> <span class='ocrx_word' id='word_1_420' title='bbox 3390 2653 3471 2707; x_wconf 83' lang='lat' dir='ltr'><strong>Ex</strong></span> <span class='ocrx_word' id='word_1_421' title='bbox 3523 2653 3637 2722; x_wconf 89' lang='lat' dir='ltr'><strong>ipsa</strong></span> <span class='ocrx_word' id='word_1_422' title='bbox 3676 2652 3822 2707; x_wconf 87' lang='lat' dir='ltr'><strong>enim</strong></span> 
     </span>
    </p>
   </div>
   <div class='ocr_carea' id='block_1_58' title="bbox 2238 2745 3821 2817">
    <p class='ocr_par' dir='ltr' id='par_1_58' title="bbox 2238 2745 3821 2817">
     <span class='ocr_line' id='line_1_58' title="bbox 2238 2745 3821 2817; baseline -0.001 -15"><span class='ocrx_word' id='word_1_423' title='bbox 2238 2756 2459 2803; x_wconf 61' lang='lat' dir='ltr'><strong>caetera:</strong></span> <span class='ocrx_word' id='word_1_424' title='bbox 2516 2747 2743 2803; x_wconf 85' lang='lat' dir='ltr'><strong>virtutes</strong></span> <span class='ocrx_word' id='word_1_425' title='bbox 2798 2745 3077 2802; x_wconf 78' lang='lat' dir='ltr'><strong>exordium</strong></span> <span class='ocrx_word' id='word_1_426' title='bbox 3134 2745 3400 2816; x_wconf 86' lang='lat' dir='ltr'><strong>quoddam</strong></span> <span class='ocrx_word' id='word_1_427' title='bbox 3455 2754 3513 2803; x_wconf 92' lang='lat' dir='ltr'><strong>et</strong></span> <span class='ocrx_word' id='word_1_428' title='bbox 3561 2746 3821 2817; x_wconf 89' lang='lat' dir='ltr'><strong>originem</strong></span> 
     </span>
    </p>
   </div>
   <div class='ocr_carea' id='block_1_59' title="bbox 2239 2840 3819 2911">
    <p class='ocr_par' dir='ltr' id='par_1_59' title="bbox 2239 2840 3819 2911">
     <span class='ocr_line' id='line_1_59' title="bbox 2239 2840 3819 2911; baseline -0.001 -14"><span class='ocrx_word' id='word_1_429' title='bbox 2239 2850 2481 2897; x_wconf 88' lang='lat' dir='ltr'><strong>sumunt.</strong></span> <span class='ocrx_word' id='word_1_430' title='bbox 2529 2841 2679 2896; x_wconf 89' lang='lat' dir='ltr'><strong>Sicut</strong></span> <span class='ocrx_word' id='word_1_431' title='bbox 2721 2840 2950 2911; x_wconf 89' lang='lat' dir='ltr'><strong>denique</strong></span> <span class='ocrx_word' id='word_1_432' title='bbox 2992 2856 3059 2898; x_wconf 87' lang='lat' dir='ltr'><strong>ex</strong></span> <span class='ocrx_word' id='word_1_433' title='bbox 3087 2856 3193 2897; x_wconf 91' lang='lat' dir='ltr'><strong>una</strong></span> <span class='ocrx_word' id='word_1_434' title='bbox 3224 2841 3403 2897; x_wconf 90' lang='lat' dir='ltr'><strong>radice</strong></span> <span class='ocrx_word' id='word_1_435' title='bbox 3431 2841 3638 2898; x_wconf 88' lang='lat' dir='ltr'><strong>arboris</strong></span> <span class='ocrx_word' id='word_1_436' title='bbox 3668 2840 3819 2897; x_wconf 92' lang='lat' dir='ltr'><strong>multi</strong></span> 
     </span>
    </p>
   </div>
   <div class='ocr_carea' id='block_1_60' title="bbox 2239 2932 3820 3005">
    <p class='ocr_par' dir='ltr' id='par_1_60' title="bbox 2239 2932 3820 3005">
     <span class='ocr_line' id='line_1_60' title="bbox 2239 2932 3820 3005; baseline 0.001 -17"><span class='ocrx_word' id='word_1_437' title='bbox 2239 2935 2377 2989; x_wconf 90' lang='lat' dir='ltr'><strong>rami</strong></span> <span class='ocrx_word' id='word_1_438' title='bbox 2404 2940 2460 2988; x_wconf 89' lang='lat' dir='ltr'><strong>et</strong></span> <span class='ocrx_word' id='word_1_439' title='bbox 2487 2932 2614 2987; x_wconf 75' lang='lat' dir='ltr'><strong>folia</strong></span> <span class='ocrx_word' id='word_1_440' title='bbox 2641 2933 2928 3003; x_wconf 88' lang='lat' dir='ltr'><strong>prodeunt,</strong></span> <span class='ocrx_word' id='word_1_441' title='bbox 2956 2934 3033 2988; x_wconf 90' lang='lat' dir='ltr'><strong>sic</strong></span> <span class='ocrx_word' id='word_1_442' title='bbox 3063 2946 3134 2989; x_wconf 89' lang='lat' dir='ltr'><strong>ex</strong></span> <span class='ocrx_word' id='word_1_443' title='bbox 3164 2942 3460 3004; x_wconf 88' lang='lat' dir='ltr'><strong>spontanea</strong></span> <span class='ocrx_word' id='word_1_444' title='bbox 3508 2942 3820 3005; x_wconf 89' lang='lat' dir='ltr'><strong>paupertate</strong></span> 
     </span>
    </p>
   </div>
   <div class='ocr_carea' id='block_1_61' title="bbox 2236 3025 3815 3097">
    <p class='ocr_par' dir='ltr' id='par_1_61' title="bbox 2236 3025 3815 3097">
     <span class='ocr_line' id='line_1_61' title="bbox 2236 3025 3815 3097; baseline 0.001 -15"><span class='ocrx_word' id='word_1_445' title='bbox 2236 3027 2420 3083; x_wconf 74' lang='lat' dir='ltr'><strong>multa:</strong></span> <span class='ocrx_word' id='word_1_446' title='bbox 2450 3026 2674 3081; x_wconf 87' lang='lat' dir='ltr'><strong>virtutes</strong></span> <span class='ocrx_word' id='word_1_447' title='bbox 2726 3034 3069 3097; x_wconf 84' lang='lat' dir='ltr'><strong>generantur.</strong></span> <span class='ocrx_word' id='word_1_448' title='bbox 3119 3025 3220 3094; x_wconf 90' lang='lat' dir='ltr'><strong>Qui</strong></span> <span class='ocrx_word' id='word_1_449' title='bbox 3268 3026 3412 3083; x_wconf 90' lang='lat' dir='ltr'><strong>enim</strong></span> <span class='ocrx_word' id='word_1_450' title='bbox 3462 3036 3815 3097; x_wconf 87' lang='lat' dir='ltr'><strong>spontaneam</strong></span> 
     </span>
    </p>
   </div>
   <div class='ocr_carea' id='block_1_62' title="bbox 561 3101 3819 3215">
    <p class='ocr_par' dir='ltr' id='par_1_62' title="bbox 561 3101 3819 3215">
     <span class='ocr_line' id='line_1_62' title="bbox 561 3101 3819 3215; baseline -0.003 -45"><span class='ocrx_word' id='word_1_451' title='bbox 561 3126 619 3171; x_wconf 79' lang='lat' dir='ltr'><strong>at</strong></span> <span class='ocrx_word' id='word_1_452' title='bbox 644 3114 880 3169; x_wconf 85' lang='lat' dir='ltr'><strong>audirent</strong></span> <span class='ocrx_word' id='word_1_453' title='bbox 908 3127 1043 3166; x_wconf 88' lang='lat' dir='ltr'><strong>eum.</strong></span> <span class='ocrx_word' id='word_1_454' title='bbox 1070 3109 1332 3165; x_wconf 75' lang='lat' dir='ltr'><strong>Maritima</strong></span> <span class='ocrx_word' id='word_1_455' title='bbox 1359 3106 1504 3163; x_wconf 83' lang='lat' dir='ltr'><strong>enim</strong></span> <span class='ocrx_word' id='word_1_456' title='bbox 1531 3105 1617 3159; x_wconf 88' lang='lat' dir='ltr'><strong>hic</strong></span> <span class='ocrx_word' id='word_1_457' title='bbox 1638 3101 2134 3215; x_wconf 42' lang='lat' dir='ltr'><strong>Eagnimar‘i‘sloca</strong></span> <span class='ocrx_word' id='word_1_458' title='bbox 2166 3152 2213 3215; x_wconf 78' lang='lat' dir='ltr'>C</span> <span class='ocrx_word' id='word_1_459' title='bbox 2240 3126 2386 3173; x_wconf 60' lang='lat' dir='ltr'><strong>am”</strong></span> <span class='ocrx_word' id='word_1_460' title='bbox 2430 3126 2820 3187; x_wconf 48' lang='lat' dir='ltr'><strong>paupertatem,</strong></span> <span class='ocrx_word' id='word_1_461' title='bbox 2867 3119 2970 3175; x_wconf 68' lang='lat' dir='ltr'><strong>em</strong></span> <span class='ocrx_word' id='word_1_462' title='bbox 3016 3119 3323 3204; x_wconf 46' lang='lat' dir='ltr'><strong>mis-etim“</strong></span> <span class='ocrx_word' id='word_1_463' title='bbox 3362 3134 3460 3188; x_wconf 66' lang='lat' dir='ltr'><strong>per</strong></span> <span class='ocrx_word' id='word_1_464' title='bbox 3500 3120 3819 3190; x_wconf 48' lang='lat' dir='ltr'><strong>largitatem,</strong></span> 
     </span>
    </p>
   </div>
   <div class='ocr_carea' id='block_1_63' title="bbox 562 3194 2134 3273">
    <p class='ocr_par' dir='ltr' id='par_1_63' title="bbox 562 3194 2134 3273">
     <span class='ocr_line' id='line_1_63' title="bbox 562 3194 2134 3273; baseline -0.01 -8"><span class='ocrx_word' id='word_1_465' title='bbox 562 3207 861 3273; x_wconf 84' lang='lat' dir='ltr'><strong>intelligere</strong></span> <span class='ocrx_word' id='word_1_466' title='bbox 889 3202 1165 3268; x_wconf 85' lang='lat' dir='ltr'><strong>debemus,</strong></span> <span class='ocrx_word' id='word_1_467' title='bbox 1214 3200 1445 3256; x_wconf 85' lang='lat' dir='ltr'><strong>maxime</strong></span> <span class='ocrx_word' id='word_1_468' title='bbox 1487 3213 1609 3255; x_wconf 90' lang='lat' dir='ltr'><strong>cum</strong></span> <span class='ocrx_word' id='word_1_469' title='bbox 1648 3197 1821 3268; x_wconf 83' lang='lat' dir='ltr'><strong>Tyrus</strong></span> <span class='ocrx_word' id='word_1_470' title='bbox 1859 3202 1915 3251; x_wconf 90' lang='lat' dir='ltr'><strong>et</strong></span> <span class='ocrx_word' id='word_1_471' title='bbox 1944 3194 2134 3264; x_wconf 79' lang='lat' dir='ltr'><strong>Sidon,</strong></span> 
     </span>
    </p>
   </div>
   <div class='ocr_carea' id='block_1_64' title="bbox 565 3289 2141 3371">
    <p class='ocr_par' dir='ltr' id='par_1_64' title="bbox 565 3289 2141 3371">
     <span class='ocr_line' id='line_1_64' title="bbox 565 3289 2141 3371; baseline -0.006 -18"><span class='ocrx_word' id='word_1_472' title='bbox 565 3316 685 3371; x_wconf 65' lang='lat' dir='ltr'><strong>qua!</strong></span> <span class='ocrx_word' id='word_1_473' title='bbox 714 3299 771 3355; x_wconf 91' lang='lat' dir='ltr'><strong>in</strong></span> <span class='ocrx_word' id='word_1_474' title='bbox 798 3298 963 3354; x_wconf 92' lang='lat' dir='ltr'><strong>corde</strong></span> <span class='ocrx_word' id='word_1_475' title='bbox 990 3295 1154 3353; x_wconf 90' lang='lat' dir='ltr'><strong>maris</strong></span> <span class='ocrx_word' id='word_1_476' title='bbox 1182 3295 1298 3350; x_wconf 67' lang='lat' dir='ltr'><strong>sitae</strong></span> <span class='ocrx_word' id='word_1_477' title='bbox 1335 3304 1481 3359; x_wconf 89' lang='lat' dir='ltr'><strong>sunt,</strong></span> <span class='ocrx_word' id='word_1_478' title='bbox 1511 3296 1895 3348; x_wconf 87' lang='lat' dir='ltr'><strong>memorantur.</strong></span> <span class='ocrx_word' id='word_1_479' title='bbox 1946 3289 2005 3344; x_wconf 88' lang='lat' dir='ltr'><strong>In</strong></span> <span class='ocrx_word' id='word_1_480' title='bbox 2033 3303 2141 3359; x_wconf 90' lang='lat' dir='ltr'><strong>quo</strong></span> 
     </span>
    </p>
   </div>
   <div class='ocr_carea' id='block_1_65' title="bbox 570 3381 2141 3459">
    <p class='ocr_par' dir='ltr' id='par_1_65' title="bbox 570 3381 2141 3459">
     <span class='ocr_line' id='line_1_65' title="bbox 570 3381 2141 3459; baseline -0.006 -13"><span class='ocrx_word' id='word_1_481' title='bbox 570 3392 694 3446; x_wconf 84' lang='lat' dir='ltr'><strong>loco</strong></span> <span class='ocrx_word' id='word_1_482' title='bbox 728 3388 1123 3459; x_wconf 89' lang='lat' dir='ltr'><strong>cognoscimus,</strong></span> <span class='ocrx_word' id='word_1_483' title='bbox 1151 3388 1271 3456; x_wconf 85' lang='lat' dir='ltr'><strong>quia</strong></span> <span class='ocrx_word' id='word_1_484' title='bbox 1314 3386 1538 3440; x_wconf 87' lang='lat' dir='ltr'><strong>virtutes</strong></span> <span class='ocrx_word' id='word_1_485' title='bbox 1580 3383 1697 3453; x_wconf 86' lang='lat' dir='ltr'><strong>ejus</strong></span> <span class='ocrx_word' id='word_1_486' title='bbox 1726 3396 1831 3438; x_wconf 91' lang='lat' dir='ltr'><strong>non</strong></span> <span class='ocrx_word' id='word_1_487' title='bbox 1862 3382 2036 3437; x_wconf 92' lang='lat' dir='ltr'><strong>solum</strong></span> <span class='ocrx_word' id='word_1_488' title='bbox 2073 3381 2141 3436; x_wconf 90' lang='lat' dir='ltr'><strong>ad</strong></span> 
     </span>
    </p>
   </div>
   <div class='ocr_carea' id='block_1_66' title="bbox 566 3478 2141 3552">
    <p class='ocr_par' dir='ltr' id='par_1_66' title="bbox 566 3478 2141 3552">
     <span class='ocr_line' id='line_1_66' title="bbox 566 3478 2141 3552; baseline -0.006 -11"><span class='ocrx_word' id='word_1_489' title='bbox 566 3484 876 3542; x_wconf 67' lang='lat' dir='ltr'><strong>Iudaeorum</strong></span> <span class='ocrx_word' id='word_1_490' title='bbox 902 3496 1156 3552; x_wconf 83' lang='lat' dir='ltr'><strong>regnum,</strong></span> <span class='ocrx_word' id='word_1_491' title='bbox 1178 3481 1271 3536; x_wconf 87' lang='lat' dir='ltr'><strong>sed</strong></span> <span class='ocrx_word' id='word_1_492' title='bbox 1301 3480 1460 3535; x_wconf 89' lang='lat' dir='ltr'><strong>etiam</strong></span> <span class='ocrx_word' id='word_1_493' title='bbox 1489 3479 1555 3534; x_wconf 87' lang='lat' dir='ltr'><strong>ad</strong></span> <span class='ocrx_word' id='word_1_494' title='bbox 1602 3478 1805 3534; x_wconf 90' lang='lat' dir='ltr'><strong>vlcinas</strong></span> <span class='ocrx_word' id='word_1_495' title='bbox 1849 3487 1905 3534; x_wconf 91' lang='lat' dir='ltr'><strong>et</strong></span> <span class='ocrx_word' id='word_1_496' title='bbox 1928 3484 2141 3533; x_wconf 88' lang='lat' dir='ltr'><strong>exteras</strong></span> 
     </span>
    </p>
   </div>
   <div class='ocr_carea' id='block_1_67' title="bbox 571 3568 2137 3648">
    <p class='ocr_par' dir='ltr' id='par_1_67' title="bbox 571 3568 2137 3648">
     <span class='ocr_line' id='line_1_67' title="bbox 571 3568 2137 3648; baseline -0.009 -13"><span class='ocrx_word' id='word_1_497' title='bbox 571 3580 821 3648; x_wconf 82' lang='lat' dir='ltr'><strong>regiones</strong></span> <span class='ocrx_word' id='word_1_498' title='bbox 849 3581 1222 3646; x_wconf 79' lang='lat' dir='ltr'><strong>pervenerant,</strong></span> <span class='ocrx_word' id='word_1_499' title='bbox 1252 3571 1462 3643; x_wconf 90' lang='lat' dir='ltr'><strong>quando</strong></span> <span class='ocrx_word' id='word_1_500' title='bbox 1499 3584 1688 3626; x_wconf 87' lang='lat' dir='ltr'><strong>omnes</strong></span> <span class='ocrx_word' id='word_1_501' title='bbox 1728 3568 2137 3636; x_wconf 85' lang='lat' dir='ltr'><strong>concurrebant,</strong></span> 
     </span>
    </p>
   </div>
   <div class='ocr_carea' id='block_1_68' title="bbox 571 3663 2142 3731">
    <p class='ocr_par' dir='ltr' id='par_1_68' title="bbox 571 3663 2142 3731">
     <span class='ocr_line' id='line_1_68' title="bbox 571 3663 2142 3731; baseline -0.008 -4"><span class='ocrx_word' id='word_1_502' title='bbox 571 3686 681 3727; x_wconf 88' lang='lat' dir='ltr'><strong>non</strong></span> <span class='ocrx_word' id='word_1_503' title='bbox 728 3669 902 3727; x_wconf 90' lang='lat' dir='ltr'><strong>solum</strong></span> <span class='ocrx_word' id='word_1_504' title='bbox 946 3675 1003 3722; x_wconf 80' lang='lat' dir='ltr'><strong>at</strong></span> <span class='ocrx_word' id='word_1_505' title='bbox 1046 3665 1292 3722; x_wconf 87' lang='lat' dir='ltr'><strong>audirent</strong></span> <span class='ocrx_word' id='word_1_506' title='bbox 1335 3665 1552 3719; x_wconf 88' lang='lat' dir='ltr'><strong>verbum</strong></span> <span class='ocrx_word' id='word_1_507' title='bbox 1601 3663 1716 3731; x_wconf 90' lang='lat' dir='ltr'><strong>Dei,</strong></span> <span class='ocrx_word' id='word_1_508' title='bbox 1763 3664 1860 3719; x_wconf 85' lang='lat' dir='ltr'><strong>sed</strong></span> <span class='ocrx_word' id='word_1_509' title='bbox 1891 3670 1947 3717; x_wconf 93' lang='lat' dir='ltr'><strong>ut</strong></span> <span class='ocrx_word' id='word_1_510' title='bbox 1982 3674 2142 3716; x_wconf 88' lang='lat' dir='ltr'><strong>sana-</strong></span> 
     </span>
    </p>
   </div>
   <div class='ocr_carea' id='block_1_69' title="bbox 571 3751 2145 3828">
    <p class='ocr_par' dir='ltr' id='par_1_69' title="bbox 571 3751 2145 3828">
     <span class='ocr_line' id='line_1_69' title="bbox 571 3751 2145 3828; baseline -0.006 -12"><span class='ocrx_word' id='word_1_511' title='bbox 571 3770 759 3816; x_wconf 85' lang='lat' dir='ltr'><strong>rentur</strong></span> <span class='ocrx_word' id='word_1_512' title='bbox 805 3773 836 3813; x_wconf 95' lang='lat' dir='ltr'><strong>a</strong></span> <span class='ocrx_word' id='word_1_513' title='bbox 889 3758 1227 3828; x_wconf 82' lang='lat' dir='ltr'><strong>languoribus</strong></span> <span class='ocrx_word' id='word_1_514' title='bbox 1282 3756 1411 3810; x_wconf 85' lang='lat' dir='ltr'><strong>suis.</strong></span> <span class='ocrx_word' id='word_1_515' title='bbox 1470 3755 1621 3811; x_wconf 87' lang='lat' dir='ltr'><strong>Unde</strong></span> <span class='ocrx_word' id='word_1_516' title='bbox 1667 3764 1721 3810; x_wconf 90' lang='lat' dir='ltr'><strong>et</strong></span> <span class='ocrx_word' id='word_1_517' title='bbox 1773 3753 2034 3818; x_wconf 90' lang='lat' dir='ltr'><strong>subditur,</strong></span> <span class='ocrx_word' id='word_1_518' title='bbox 2076 3751 2145 3807; x_wconf 87' lang='lat' dir='ltr'><strong>Et</strong></span> 
     </span>
    </p>
   </div>
   <div class='ocr_carea' id='block_1_70' title="bbox 571 3844 2145 3919">
    <p class='ocr_par' dir='ltr' id='par_1_70' title="bbox 571 3844 2145 3919">
     <span class='ocr_line' id='line_1_70' title="bbox 571 3844 2145 3919; baseline -0.006 -13"><span class='ocrx_word' id='word_1_519' title='bbox 571 3852 738 3909; x_wconf 72' lang='lat' dir='ltr'><strong>cinnis</strong></span> <span class='ocrx_word' id='word_1_520' title='bbox 768 3850 914 3904; x_wconf 86' lang='lat' dir='ltr'><strong>turba</strong></span> <span class='ocrx_word' id='word_1_521' title='bbox 942 3848 1194 3919; x_wconf 79' lang='lat' dir='ltr'><strong>quarebat</strong></span> <span class='ocrx_word' id='word_1_522' title='bbox 1214 3864 1331 3903; x_wconf 89' lang='lat' dir='ltr'><strong>eum</strong></span> <span class='ocrx_word' id='word_1_523' title='bbox 1375 3855 1596 3918; x_wconf 81' lang='lat' dir='ltr'><strong>tangere,</strong></span> <span class='ocrx_word' id='word_1_524' title='bbox 1628 3847 1747 3917; x_wconf 84' lang='lat' dir='ltr'><strong>quia</strong></span> <span class='ocrx_word' id='word_1_525' title='bbox 1782 3848 1941 3900; x_wconf 82' lang='lat' dir='ltr'><strong>virtus</strong></span> <span class='ocrx_word' id='word_1_526' title='bbox 1962 3845 2025 3899; x_wconf 83' lang='lat' dir='ltr'><strong>de</strong></span> <span class='ocrx_word' id='word_1_527' title='bbox 2054 3844 2145 3899; x_wconf 83' lang='lat' dir='ltr'><strong>illo</strong></span> 
     </span>
    </p>
   </div>
   <div class='ocr_carea' id='block_1_71' title="bbox 569 3938 2146 4007">
    <p class='ocr_par' dir='ltr' id='par_1_71' title="bbox 569 3938 2146 4007">
     <span class='ocr_line' id='line_1_71' title="bbox 569 3938 2146 4007; baseline -0.003 -13"><span class='ocrx_word' id='word_1_528' title='bbox 569 3942 759 4007; x_wconf 60' lang='lat' dir='ltr'><strong>exibat,</strong></span> <span class='ocrx_word' id='word_1_529' title='bbox 790 3949 839 3994; x_wconf 87' lang='lat' dir='ltr'><strong>et</strong></span> <span class='ocrx_word' id='word_1_530' title='bbox 880 3940 1094 3994; x_wconf 80' lang='lat' dir='ltr'><strong>sanabat</strong></span> <span class='ocrx_word' id='word_1_531' title='bbox 1135 3955 1327 3997; x_wconf 88' lang='lat' dir='ltr'><strong>omnes.</strong></span> <span class='ocrx_word' id='word_1_532' title='bbox 1377 3938 1523 3993; x_wconf 78' lang='lat' dir='ltr'><strong>Multi</strong></span> <span class='ocrx_word' id='word_1_533' title='bbox 1569 3939 1711 3993; x_wconf 90' lang='lat' dir='ltr'><strong>enim</strong></span> <span class='ocrx_word' id='word_1_534' title='bbox 1760 3952 1878 3992; x_wconf 91' lang='lat' dir='ltr'><strong>eum</strong></span> <span class='ocrx_word' id='word_1_535' title='bbox 1926 3944 2146 4005; x_wconf 81' lang='lat' dir='ltr'><strong>tangere</strong></span> 
     </span>
    </p>
   </div>
   <div class='ocr_carea' id='block_1_72' title="bbox 571 4027 2145 4101">
    <p class='ocr_par' dir='ltr' id='par_1_72' title="bbox 571 4027 2145 4101">
     <span class='ocr_line' id='line_1_72' title="bbox 571 4027 2145 4101; baseline -0.004 -12"><span class='ocrx_word' id='word_1_536' title='bbox 571 4033 879 4101; x_wconf 87' lang='lat' dir='ltr'><strong>cupiebant,</strong></span> <span class='ocrx_word' id='word_1_537' title='bbox 908 4047 935 4084; x_wconf 91' lang='lat' dir='ltr'><strong>a</strong></span> <span class='ocrx_word' id='word_1_538' title='bbox 965 4047 1071 4100; x_wconf 90' lang='lat' dir='ltr'><strong>quo</strong></span> <span class='ocrx_word' id='word_1_539' title='bbox 1110 4031 1288 4085; x_wconf 87' lang='lat' dir='ltr'><strong>omnis</strong></span> <span class='ocrx_word' id='word_1_540' title='bbox 1327 4030 1491 4083; x_wconf 86' lang='lat' dir='ltr'><strong>virtus</strong></span> <span class='ocrx_word' id='word_1_541' title='bbox 1534 4028 1795 4097; x_wconf 90' lang='lat' dir='ltr'><strong>procedit,</strong></span> <span class='ocrx_word' id='word_1_542' title='bbox 1843 4036 1895 4082; x_wconf 91' lang='lat' dir='ltr'><strong>et</strong></span> <span class='ocrx_word' id='word_1_543' title='bbox 1944 4027 2032 4097; x_wconf 91' lang='lat' dir='ltr'><strong>qui</strong></span> <span class='ocrx_word' id='word_1_544' title='bbox 2063 4036 2145 4083; x_wconf 88' lang='lat' dir='ltr'><strong>est</strong></span> 
     </span>
    </p>
   </div>
   <div class='ocr_carea' id='block_1_73' title="bbox 574 4120 2147 4191">
    <p class='ocr_par' dir='ltr' id='par_1_73' title="bbox 574 4120 2147 4191">
     <span class='ocr_line' id='line_1_73' title="bbox 574 4120 2147 4191; baseline -0.003 -12"><span class='ocrx_word' id='word_1_545' title='bbox 574 4124 670 4179; x_wconf 83' lang='lat' dir='ltr'><strong>Dei</strong></span> <span class='ocrx_word' id='word_1_546' title='bbox 700 4124 864 4178; x_wconf 89' lang='lat' dir='ltr'><strong>virtus</strong></span> <span class='ocrx_word' id='word_1_547' title='bbox 890 4131 945 4177; x_wconf 89' lang='lat' dir='ltr'><strong>et</strong></span> <span class='ocrx_word' id='word_1_548' title='bbox 984 4124 1075 4175; x_wconf 90' lang='lat' dir='ltr'><strong>Dei</strong></span> <span class='ocrx_word' id='word_1_549' title='bbox 1119 4121 1399 4190; x_wconf 82' lang='lat' dir='ltr'><strong>sapientia,</strong></span> <span class='ocrx_word' id='word_1_550' title='bbox 1448 4131 1495 4174; x_wconf 90' lang='lat' dir='ltr'><strong>et</strong></span> <span class='ocrx_word' id='word_1_551' title='bbox 1535 4120 1587 4173; x_wconf 83' lang='lat' dir='ltr'><strong>in</strong></span> <span class='ocrx_word' id='word_1_552' title='bbox 1624 4136 1724 4191; x_wconf 89' lang='lat' dir='ltr'><strong>quo</strong></span> <span class='ocrx_word' id='word_1_553' title='bbox 1770 4120 1961 4174; x_wconf 73' lang='lat' dir='ltr'><strong>habitat</strong></span> <span class='ocrx_word' id='word_1_554' title='bbox 1986 4121 2147 4175; x_wconf 89' lang='lat' dir='ltr'><strong>omnis</strong></span> 
     </span>
    </p>
   </div>
   <div class='ocr_carea' id='block_1_74' title="bbox 576 4211 2149 4287">
    <p class='ocr_par' dir='ltr' id='par_1_74' title="bbox 576 4211 2149 4287">
     <span class='ocr_line' id='line_1_74' title="bbox 576 4211 2149 4287; baseline -0.001 -17"><span class='ocrx_word' id='word_1_555' title='bbox 576 4217 843 4287; x_wconf 85' lang='lat' dir='ltr'><strong>plenitudo</strong></span> <span class='ocrx_word' id='word_1_556' title='bbox 889 4214 1169 4268; x_wconf 65' lang='lat' dir='ltr'><strong>diuinitatis</strong></span> <span class='ocrx_word' id='word_1_557' title='bbox 1218 4213 1550 4284; x_wconf 84' lang='lat' dir='ltr'><strong>corporaliter</strong></span> <span class='ocrx_word' id='word_1_558' title='bbox 1595 4211 1735 4284; x_wconf 87' lang='lat' dir='ltr'><strong>(Col.</strong></span> <span class='ocrx_word' id='word_1_559' title='bbox 1774 4215 1860 4284; x_wconf 90' lang='grc' dir='ltr'><strong>ιι).</strong></span> <span class='ocrx_word' id='word_1_560' title='bbox 1909 4213 1975 4268; x_wconf 85' lang='lat' dir='ltr'><strong>Et</strong></span> <span class='ocrx_word' id='word_1_561' title='bbox 2029 4214 2149 4269; x_wconf 90' lang='lat' dir='ltr'><strong>ideo</strong></span> 
     </span>
    </p>
   </div>
   <div class='ocr_carea' id='block_1_75' title="bbox 573 4303 2149 4379">
    <p class='ocr_par' dir='ltr' id='par_1_75' title="bbox 573 4303 2149 4379">
     <span class='ocr_line' id='line_1_75' title="bbox 573 4303 2149 4379; baseline -0.002 -16"><span class='ocrx_word' id='word_1_562' title='bbox 573 4310 698 4379; x_wconf 85' lang='lat' dir='ltr'><strong>quia</strong></span> <span class='ocrx_word' id='word_1_563' title='bbox 742 4307 810 4362; x_wconf 91' lang='lat' dir='ltr'><strong>de</strong></span> <span class='ocrx_word' id='word_1_564' title='bbox 858 4307 950 4360; x_wconf 87' lang='lat' dir='ltr'><strong>illo</strong></span> <span class='ocrx_word' id='word_1_565' title='bbox 1000 4303 1174 4360; x_wconf 86' lang='lat' dir='ltr'><strong>omnis</strong></span> <span class='ocrx_word' id='word_1_566' title='bbox 1217 4303 1387 4359; x_wconf 89' lang='lat' dir='ltr'><strong>virtus</strong></span> <span class='ocrx_word' id='word_1_567' title='bbox 1436 4306 1633 4374; x_wconf 80' lang='lat' dir='ltr'><strong>exibat,</strong></span> <span class='ocrx_word' id='word_1_568' title='bbox 1666 4320 1854 4360; x_wconf 91' lang='lat' dir='ltr'><strong>omnes</strong></span> <span class='ocrx_word' id='word_1_569' title='bbox 1901 4305 2149 4361; x_wconf 88' lang='lat' dir='ltr'><strong>volebant</strong></span> 
     </span>
    </p>
   </div>
   <div class='ocr_carea' id='block_1_76' title="bbox 574 4396 2149 4467">
    <p class='ocr_par' dir='ltr' id='par_1_76' title="bbox 574 4396 2149 4467">
     <span class='ocr_line' id='line_1_76' title="bbox 574 4396 2149 4467; baseline -0.004 -12"><span class='ocrx_word' id='word_1_570' title='bbox 574 4415 697 4459; x_wconf 85' lang='lat' dir='ltr'><strong>eum</strong></span> <span class='ocrx_word' id='word_1_571' title='bbox 724 4408 962 4467; x_wconf 85' lang='lat' dir='ltr'><strong>tangere.</strong></span> <span class='ocrx_word' id='word_1_572' title='bbox 1010 4396 1138 4451; x_wconf 86' lang='lat' dir='ltr'><strong>Nam</strong></span> <span class='ocrx_word' id='word_1_573' title='bbox 1168 4405 1222 4450; x_wconf 87' lang='lat' dir='ltr'><strong>et</strong></span> <span class='ocrx_word' id='word_1_574' title='bbox 1261 4409 1417 4465; x_wconf 86' lang='lat' dir='ltr'><strong>supra</strong></span> <span class='ocrx_word' id='word_1_575' title='bbox 1451 4397 1714 4466; x_wconf 85' lang='lat' dir='ltr'><strong>tangendo</strong></span> <span class='ocrx_word' id='word_1_576' title='bbox 1762 4398 2028 4466; x_wconf 90' lang='lat' dir='ltr'><strong>leprosum</strong></span> <span class='ocrx_word' id='word_1_577' title='bbox 2059 4412 2149 4450; x_wconf 85' lang='lat' dir='ltr'><strong>cu-</strong></span> 
     </span>
    </p>
   </div>
   <div class='ocr_carea' id='block_1_77' title="bbox 2240 3211 3821 3284">
    <p class='ocr_par' dir='ltr' id='par_1_77' title="bbox 2240 3211 3821 3284">
     <span class='ocr_line' id='line_1_77' title="bbox 2240 3211 3821 3284; baseline 0.001 -17"><span class='ocrx_word' id='word_1_578' title='bbox 2240 3218 2297 3267; x_wconf 86' lang='lat' dir='ltr'><strong>et</strong></span> <span class='ocrx_word' id='word_1_579' title='bbox 2325 3224 2430 3266; x_wconf 90' lang='lat' dir='ltr'><strong>non</strong></span> <span class='ocrx_word' id='word_1_580' title='bbox 2482 3218 2639 3266; x_wconf 88' lang='lat' dir='ltr'><strong>tenax</strong></span> <span class='ocrx_word' id='word_1_581' title='bbox 2683 3224 2781 3280; x_wconf 90' lang='lat' dir='ltr'><strong>per</strong></span> <span class='ocrx_word' id='word_1_582' title='bbox 2831 3211 3127 3267; x_wconf 86' lang='lat' dir='ltr'><strong>avaritiam.</strong></span> <span class='ocrx_word' id='word_1_583' title='bbox 3176 3211 3293 3267; x_wconf 87' lang='lat' dir='ltr'><strong>Erit</strong></span> <span class='ocrx_word' id='word_1_584' title='bbox 3342 3220 3735 3284; x_wconf 86' lang='lat' dir='ltr'><strong>consequenter</strong></span> <span class='ocrx_word' id='word_1_585' title='bbox 3768 3223 3821 3268; x_wconf 89' lang='lat' dir='ltr'><strong>et</strong></span> 
     </span>
    </p>
   </div>
   <div class='ocr_carea' id='block_1_78' title="bbox 2237 3302 3809 3376">
    <p class='ocr_par' dir='ltr' id='par_1_78' title="bbox 2237 3302 3809 3376">
     <span class='ocr_line' id='line_1_78' title="bbox 2237 3302 3809 3376; baseline 0.001 -18"><span class='ocrx_word' id='word_1_586' title='bbox 2237 3303 2383 3358; x_wconf 89' lang='lat' dir='ltr'><strong>mitis</strong></span> <span class='ocrx_word' id='word_1_587' title='bbox 2413 3345 2427 3370; x_wconf 93' lang='lat'><strong>,</strong></span> <span class='ocrx_word' id='word_1_588' title='bbox 2492 3304 2616 3373; x_wconf 90' lang='lat' dir='ltr'><strong>quia</strong></span> <span class='ocrx_word' id='word_1_589' title='bbox 2664 3302 2879 3359; x_wconf 86' lang='lat' dir='ltr'><strong>divitias</strong></span> <span class='ocrx_word' id='word_1_590' title='bbox 2936 3318 3041 3360; x_wconf 93' lang='lat' dir='ltr'><strong>non</strong></span> <span class='ocrx_word' id='word_1_591' title='bbox 3095 3305 3287 3375; x_wconf 69' lang='lat' dir='ltr'><strong>quaerit</strong></span> <span class='ocrx_word' id='word_1_592' title='bbox 3336 3318 3429 3373; x_wconf 90' lang='lat' dir='ltr'><strong>per</strong></span> <span class='ocrx_word' id='word_1_593' title='bbox 3472 3303 3809 3376; x_wconf 88' lang='lat' dir='ltr'><strong>jactantiam,</strong></span> 
     </span>
    </p>
   </div>
   <div class='ocr_carea' id='block_1_79' title="bbox 2239 3394 3816 3467">
    <p class='ocr_par' dir='ltr' id='par_1_79' title="bbox 2239 3394 3816 3467">
     <span class='ocr_line' id='line_1_79' title="bbox 2239 3394 3816 3467; baseline 0.002 -19"><span class='ocrx_word' id='word_1_594' title='bbox 2239 3395 2331 3465; x_wconf 89' lang='lat' dir='ltr'><strong>qui</strong></span> <span class='ocrx_word' id='word_1_595' title='bbox 2362 3401 2729 3465; x_wconf 87' lang='lat' dir='ltr'><strong>paupertatem</strong></span> <span class='ocrx_word' id='word_1_596' title='bbox 2769 3394 2945 3467; x_wconf 90' lang='lat' dir='ltr'><strong>diligit</strong></span> <span class='ocrx_word' id='word_1_597' title='bbox 2992 3411 3111 3451; x_wconf 91' lang='lat' dir='ltr'><strong>cum</strong></span> <span class='ocrx_word' id='word_1_598' title='bbox 3158 3396 3475 3463; x_wconf 88' lang='lat' dir='ltr'><strong>humilitate,</strong></span> <span class='ocrx_word' id='word_1_599' title='bbox 3523 3397 3625 3453; x_wconf 91' lang='lat' dir='ltr'><strong>erit</strong></span> <span class='ocrx_word' id='word_1_600' title='bbox 3662 3398 3816 3453; x_wconf 88' lang='lat' dir='ltr'><strong>etiam</strong></span> 
     </span>
    </p>
   </div>
   <div class='ocr_carea' id='block_1_80' title="bbox 2240 3487 3812 3558">
    <p class='ocr_par' dir='ltr' id='par_1_80' title="bbox 2240 3487 3812 3558">
     <span class='ocr_line' id='line_1_80' title="bbox 2240 3487 3812 3558; baseline 0.001 -17"><span class='ocrx_word' id='word_1_601' title='bbox 2240 3487 2520 3558; x_wconf 88' lang='lat' dir='ltr'><strong>paciﬁcus,</strong></span> <span class='ocrx_word' id='word_1_602' title='bbox 2552 3488 2673 3557; x_wconf 92' lang='lat' dir='ltr'><strong>quia</strong></span> <span class='ocrx_word' id='word_1_603' title='bbox 2706 3502 2812 3543; x_wconf 93' lang='lat' dir='ltr'><strong>non</strong></span> <span class='ocrx_word' id='word_1_604' title='bbox 2842 3488 2945 3544; x_wconf 90' lang='lat' dir='ltr'><strong>erit</strong></span> <span class='ocrx_word' id='word_1_605' title='bbox 2969 3488 3181 3544; x_wconf 90' lang='lat' dir='ltr'><strong>occasio</strong></span> <span class='ocrx_word' id='word_1_606' title='bbox 3220 3488 3457 3554; x_wconf 89' lang='lat' dir='ltr'><strong>rixandi,</strong></span> <span class='ocrx_word' id='word_1_607' title='bbox 3486 3488 3569 3543; x_wconf 89' lang='lat' dir='ltr'><strong>ubi</strong></span> <span class='ocrx_word' id='word_1_608' title='bbox 3596 3504 3702 3542; x_wconf 88' lang='lat' dir='ltr'><strong>non</strong></span> <span class='ocrx_word' id='word_1_609' title='bbox 3729 3498 3812 3543; x_wconf 91' lang='lat' dir='ltr'><strong>est</strong></span> 
     </span>
    </p>
   </div>
   <div class='ocr_carea' id='block_1_81' title="bbox 2243 3578 3816 3649">
    <p class='ocr_par' dir='ltr' id='par_1_81' title="bbox 2243 3578 3816 3649">
     <span class='ocr_line' id='line_1_81' title="bbox 2243 3578 3816 3649; baseline 0.001 -17"><span class='ocrx_word' id='word_1_610' title='bbox 2243 3578 2492 3633; x_wconf 89' lang='lat' dir='ltr'><strong>voluntas</strong></span> <span class='ocrx_word' id='word_1_611' title='bbox 2522 3578 2858 3649; x_wconf 88' lang='lat' dir='ltr'><strong>acquirendi.</strong></span> <span class='ocrx_word' id='word_1_612' title='bbox 2911 3578 3138 3635; x_wconf 84' lang='lat' dir='ltr'><strong>Habebit</strong></span> <span class='ocrx_word' id='word_1_613' title='bbox 3185 3580 3348 3637; x_wconf 89' lang='lat' dir='ltr'><strong>etiam</strong></span> <span class='ocrx_word' id='word_1_614' title='bbox 3379 3589 3426 3635; x_wconf 92' lang='lat' dir='ltr'><strong>et</strong></span> <span class='ocrx_word' id='word_1_615' title='bbox 3461 3579 3633 3634; x_wconf 90' lang='lat' dir='ltr'><strong>cordis</strong></span> <span class='ocrx_word' id='word_1_616' title='bbox 3661 3595 3816 3634; x_wconf 85' lang='lat' dir='ltr'><strong>mun-</strong></span> 
     </span>
    </p>
   </div>
   <div class='ocr_carea' id='block_1_82' title="bbox 2244 3672 3819 3745">
    <p class='ocr_par' dir='ltr' id='par_1_82' title="bbox 2244 3672 3819 3745">
     <span class='ocr_line' id='line_1_82' title="bbox 2244 3672 3819 3745; baseline 0.001 -17"><span class='ocrx_word' id='word_1_617' title='bbox 2244 3672 2453 3739; x_wconf 87' lang='lat' dir='ltr'><strong>ditiam,</strong></span> <span class='ocrx_word' id='word_1_618' title='bbox 2486 3673 2607 3741; x_wconf 89' lang='lat' dir='ltr'><strong>quia</strong></span> <span class='ocrx_word' id='word_1_619' title='bbox 2646 3673 2786 3728; x_wconf 88' lang='lat' dir='ltr'><strong>sicut</strong></span> <span class='ocrx_word' id='word_1_620' title='bbox 2817 3673 2889 3729; x_wconf 87' lang='lat' dir='ltr'><strong>illi</strong></span> <span class='ocrx_word' id='word_1_621' title='bbox 2921 3674 3007 3743; x_wconf 91' lang='lat' dir='ltr'><strong>qui</strong></span> <span class='ocrx_word' id='word_1_622' title='bbox 3034 3673 3247 3729; x_wconf 85' lang='lat' dir='ltr'><strong>divitias</strong></span> <span class='ocrx_word' id='word_1_623' title='bbox 3273 3673 3819 3745; x_wconf 85' lang='lat' dir='ltr'><strong>diligunt,turbulenti</strong></span> 
     </span>
    </p>
   </div>
   <div class='ocr_carea' id='block_1_83' title="bbox 2251 3767 3822 3838">
    <p class='ocr_par' dir='ltr' id='par_1_83' title="bbox 2251 3767 3822 3838">
     <span class='ocr_line' id='line_1_83' title="bbox 2251 3767 3822 3838; baseline -0.001 -16"><span class='ocrx_word' id='word_1_624' title='bbox 2251 3775 2384 3822; x_wconf 87' lang='lat' dir='ltr'><strong>sunt</strong></span> <span class='ocrx_word' id='word_1_625' title='bbox 2414 3768 2614 3834; x_wconf 89' lang='lat' dir='ltr'><strong>animo,</strong></span> <span class='ocrx_word' id='word_1_626' title='bbox 2648 3767 2719 3821; x_wconf 89' lang='lat' dir='ltr'><strong>ita</strong></span> <span class='ocrx_word' id='word_1_627' title='bbox 2743 3767 2833 3835; x_wconf 92' lang='lat' dir='ltr'><strong>qui</strong></span> <span class='ocrx_word' id='word_1_628' title='bbox 2859 3776 3204 3836; x_wconf 90' lang='lat' dir='ltr'><strong>spontaneam</strong></span> <span class='ocrx_word' id='word_1_629' title='bbox 3233 3776 3600 3838; x_wconf 87' lang='lat' dir='ltr'><strong>paupertatem</strong></span> <span class='ocrx_word' id='word_1_630' title='bbox 3623 3775 3822 3833; x_wconf 88' lang='lat' dir='ltr'><strong>amant,</strong></span> 
     </span>
    </p>
   </div>
   <div class='ocr_carea' id='block_1_84' title="bbox 2246 3858 3826 3931">
    <p class='ocr_par' dir='ltr' id='par_1_84' title="bbox 2246 3858 3826 3931">
     <span class='ocr_line' id='line_1_84' title="bbox 2246 3858 3826 3931; baseline 0.001 -17"><span class='ocrx_word' id='word_1_631' title='bbox 2246 3858 2459 3914; x_wconf 88' lang='lat' dir='ltr'><strong>solliciti</strong></span> <span class='ocrx_word' id='word_1_632' title='bbox 2490 3868 2615 3913; x_wconf 91' lang='lat' dir='ltr'><strong>sunt</strong></span> <span class='ocrx_word' id='word_1_633' title='bbox 2645 3873 2766 3930; x_wconf 67' lang='lat' dir='ltr'><strong>quae</strong></span> <span class='ocrx_word' id='word_1_634' title='bbox 2816 3860 2906 3915; x_wconf 89' lang='lat' dir='ltr'><strong>Dei</strong></span> <span class='ocrx_word' id='word_1_635' title='bbox 2938 3868 3083 3926; x_wconf 87' lang='lat' dir='ltr'><strong>sunt,</strong></span> <span class='ocrx_word' id='word_1_636' title='bbox 3115 3858 3383 3931; x_wconf 86' lang='lat' dir='ltr'><strong>quomodo</strong></span> <span class='ocrx_word' id='word_1_637' title='bbox 3413 3860 3658 3931; x_wconf 85' lang='lat' dir='ltr'><strong>placeant</strong></span> <span class='ocrx_word' id='word_1_638' title='bbox 3697 3859 3826 3916; x_wconf 91' lang='lat' dir='ltr'><strong>Deo.</strong></span> 
     </span>
    </p>
   </div>
   <div class='ocr_carea' id='block_1_85' title="bbox 2247 3949 3826 4024">
    <p class='ocr_par' dir='ltr' id='par_1_85' title="bbox 2247 3949 3826 4024">
     <span class='ocr_line' id='line_1_85' title="bbox 2247 3949 3826 4024; baseline 0.001 -18"><span class='ocrx_word' id='word_1_639' title='bbox 2247 3949 2353 4006; x_wconf 84' lang='lat' dir='ltr'><strong>Sed</strong></span> <span class='ocrx_word' id='word_1_640' title='bbox 2383 3950 2509 4005; x_wconf 90' lang='lat' dir='ltr'><strong>illud</strong></span> <span class='ocrx_word' id='word_1_641' title='bbox 2553 3950 2836 4022; x_wconf 86' lang='lat' dir='ltr'><strong>diligenter</strong></span> <span class='ocrx_word' id='word_1_642' title='bbox 2883 3952 3357 4020; x_wconf 89' lang='lat' dir='ltr'><strong>considerandum,</strong></span> <span class='ocrx_word' id='word_1_643' title='bbox 3406 3953 3535 4008; x_wconf 84' lang='lat' dir='ltr'><strong>auia</strong></span> <span class='ocrx_word' id='word_1_644' title='bbox 3583 3954 3673 4008; x_wconf 86' lang='lat' dir='ltr'><strong>illa</strong></span> <span class='ocrx_word' id='word_1_645' title='bbox 3701 3968 3826 4024; x_wconf 83' lang='lat' dir='ltr'><strong>pau-</strong></span> 
     </span>
    </p>
   </div>
   <div class='ocr_carea' id='block_1_86' title="bbox 2250 4042 3828 4114">
    <p class='ocr_par' dir='ltr' id='par_1_86' title="bbox 2250 4042 3828 4114">
     <span class='ocr_line' id='line_1_86' title="bbox 2250 4042 3828 4114; baseline 0.003 -17"><span class='ocrx_word' id='word_1_646' title='bbox 2250 4052 2427 4111; x_wconf 90' lang='lat' dir='ltr'><strong>pertas</strong></span> <span class='ocrx_word' id='word_1_647' title='bbox 2454 4042 2741 4098; x_wconf 89' lang='lat' dir='ltr'><strong>laudabilis</strong></span> <span class='ocrx_word' id='word_1_648' title='bbox 2767 4053 2868 4109; x_wconf 89' lang='lat' dir='ltr'><strong>est,</strong></span> <span class='ocrx_word' id='word_1_649' title='bbox 2900 4059 3016 4114; x_wconf 86' lang='lat' dir='ltr'><strong>quae</strong></span> <span class='ocrx_word' id='word_1_650' title='bbox 3048 4053 3139 4099; x_wconf 90' lang='lat' dir='ltr'><strong>aut</strong></span> <span class='ocrx_word' id='word_1_651' title='bbox 3168 4045 3365 4101; x_wconf 87' lang='lat' dir='ltr'><strong>habere</strong></span> <span class='ocrx_word' id='word_1_652' title='bbox 3394 4061 3501 4101; x_wconf 89' lang='lat' dir='ltr'><strong>non</strong></span> <span class='ocrx_word' id='word_1_653' title='bbox 3532 4048 3702 4114; x_wconf 90' lang='lat' dir='ltr'><strong>cupit,</strong></span> <span class='ocrx_word' id='word_1_654' title='bbox 3736 4053 3828 4102; x_wconf 86' lang='lat' dir='ltr'><strong>aut</strong></span> 
     </span>
    </p>
   </div>
   <div class='ocr_carea' id='block_1_87' title="bbox 2249 4132 3829 4211">
    <p class='ocr_par' dir='ltr' id='par_1_87' title="bbox 2249 4132 3829 4211">
     <span class='ocr_line' id='line_1_87' title="bbox 2249 4132 3829 4211; baseline 0.004 -21"><span class='ocrx_word' id='word_1_655' title='bbox 2249 4134 2294 4190; x_wconf 90' lang='lat' dir='ltr'><strong>si</strong></span> <span class='ocrx_word' id='word_1_656' title='bbox 2322 4132 2463 4191; x_wconf 80' lang='lat' dir='ltr'><strong>forte</strong></span> <span class='ocrx_word' id='word_1_657' title='bbox 2491 4135 2670 4202; x_wconf 87' lang='lat' dir='ltr'><strong>habet,</strong></span> <span class='ocrx_word' id='word_1_658' title='bbox 2706 4146 2924 4208; x_wconf 90' lang='lat' dir='ltr'><strong>propter</strong></span> <span class='ocrx_word' id='word_1_659' title='bbox 2954 4137 3119 4194; x_wconf 90' lang='lat' dir='ltr'><strong>Deum</strong></span> <span class='ocrx_word' id='word_1_660' title='bbox 3159 4138 3529 4195; x_wconf 90' lang='lat' dir='ltr'><strong>distribuenda</strong></span> <span class='ocrx_word' id='word_1_661' title='bbox 3557 4139 3829 4211; x_wconf 91' lang='lat' dir='ltr'><strong>relinquit.</strong></span> 
     </span>
    </p>
   </div>
   <div class='ocr_carea' id='block_1_88' title="bbox 2253 4226 3831 4303">
    <p class='ocr_par' dir='ltr' id='par_1_88' title="bbox 2253 4226 3831 4303">
     <span class='ocr_line' id='line_1_88' title="bbox 2253 4226 3831 4303; baseline 0.004 -21"><span class='ocrx_word' id='word_1_662' title='bbox 2253 4226 2405 4283; x_wconf 89' lang='lat' dir='ltr'><strong>Unde</strong></span> <span class='ocrx_word' id='word_1_663' title='bbox 2452 4228 2776 4297; x_wconf 85' lang='lat' dir='ltr'><strong>evangelista</strong></span> <span class='ocrx_word' id='word_1_664' title='bbox 2821 4240 2878 4284; x_wconf 92' lang='lat' dir='ltr'><strong>ut</strong></span> <span class='ocrx_word' id='word_1_665' title='bbox 2921 4230 3057 4286; x_wconf 88' lang='lat' dir='ltr'><strong>hanc</strong></span> <span class='ocrx_word' id='word_1_666' title='bbox 3104 4242 3468 4303; x_wconf 83' lang='lat' dir='ltr'><strong>paupertatem</strong></span> <span class='ocrx_word' id='word_1_667' title='bbox 3500 4232 3567 4288; x_wconf 91' lang='lat' dir='ltr'><strong>ad</strong></span> <span class='ocrx_word' id='word_1_668' title='bbox 3605 4234 3831 4290; x_wconf 82' lang='lat' dir='ltr'><strong>beatitu-</strong></span> 
     </span>
    </p>
   </div>
   <div class='ocr_carea' id='block_1_89' title="bbox 2251 4320 3831 4392">
    <p class='ocr_par' dir='ltr' id='par_1_89' title="bbox 2251 4320 3831 4392">
     <span class='ocr_line' id='line_1_89' title="bbox 2251 4320 3831 4392; baseline 0.004 -17"><span class='ocrx_word' id='word_1_669' title='bbox 2251 4320 2430 4376; x_wconf 90' lang='lat' dir='ltr'><strong>dinem</strong></span> <span class='ocrx_word' id='word_1_670' title='bbox 2476 4321 2741 4390; x_wconf 86' lang='lat' dir='ltr'><strong>pertinere</strong></span> <span class='ocrx_word' id='word_1_671' title='bbox 2784 4324 3113 4392; x_wconf 89' lang='lat' dir='ltr'><strong>ostenderet,</strong></span> <span class='ocrx_word' id='word_1_672' title='bbox 3152 4341 3271 4381; x_wconf 90' lang='lat' dir='ltr'><strong>cum</strong></span> <span class='ocrx_word' id='word_1_673' title='bbox 3324 4326 3688 4383; x_wconf 81' lang='lat' dir='ltr'><strong>additamenta</strong></span> <span class='ocrx_word' id='word_1_674' title='bbox 3718 4328 3831 4383; x_wconf 87' lang='lat' dir='ltr'><strong>ait:</strong></span> 
     </span>
    </p>
   </div>
   <div class='ocr_carea' id='block_1_90' title="bbox 2252 4410 3837 4495">
    <p class='ocr_par' dir='ltr' id='par_1_90' title="bbox 2252 4410 3837 4495">
     <span class='ocr_line' id='line_1_90' title="bbox 2252 4410 3837 4495; baseline 0.006 -30"><span class='ocrx_word' id='word_1_675' title='bbox 2252 4410 2398 4466; x_wconf 87' lang='lat' dir='ltr'><strong>Beati</strong></span> <span class='ocrx_word' id='word_1_676' title='bbox 2436 4430 2681 4485; x_wconf 83' lang='lat' dir='ltr'><strong>pauperes</strong></span> <span class='ocrx_word' id='word_1_677' title='bbox 2723 4416 2929 4486; x_wconf 86' lang='lat' dir='ltr'><strong>spiritu,</strong></span> <span class='ocrx_word' id='word_1_678' title='bbox 2969 4419 3209 4495; x_wconf 83' lang='lat' dir='ltr'><strong>quoniam</strong></span> <span class='ocrx_word' id='word_1_679' title='bbox 3253 4418 3485 4487; x_wconf 80' lang='lat' dir='ltr'><strong>ipsorum</strong></span> <span class='ocrx_word' id='word_1_680' title='bbox 3513 4429 3586 4474; x_wconf 86' lang='lat' dir='ltr'><strong>est</strong></span> <span class='ocrx_word' id='word_1_681' title='bbox 3621 4436 3837 4491; x_wconf 77' lang='lat' dir='ltr'><strong>regnum</strong></span> 
     </span>
    </p>
   </div>
   <div class='ocr_carea' id='block_1_91' title="bbox 576 4491 2138 4580">
    <p class='ocr_par' dir='ltr' id='par_1_91' title="bbox 576 4491 2138 4563">
     <span class='ocr_line' id='line_1_91' title="bbox 576 4491 2138 4563; baseline 0.001 -16"><span class='ocrx_word' id='word_1_682' title='bbox 576 4502 810 4556; x_wconf 76' lang='lat' dir='ltr'><strong>raverat,</strong></span> <span class='ocrx_word' id='word_1_683' title='bbox 841 4500 895 4545; x_wconf 91' lang='lat' dir='ltr'><strong>et</strong></span> <span class='ocrx_word' id='word_1_684' title='bbox 921 4505 1062 4546; x_wconf 84' lang='lat' dir='ltr'><strong>nunc</strong></span> <span class='ocrx_word' id='word_1_685' title='bbox 1085 4491 1257 4547; x_wconf 90' lang='lat' dir='ltr'><strong>omnis</strong></span> <span class='ocrx_word' id='word_1_686' title='bbox 1296 4492 1442 4546; x_wconf 89' lang='lat' dir='ltr'><strong>turba</strong></span> <span class='ocrx_word' id='word_1_687' title='bbox 1469 4492 1739 4561; x_wconf 65' lang='lat' dir='ltr'><strong>quaerebat</strong></span> <span class='ocrx_word' id='word_1_688' title='bbox 1762 4507 1880 4548; x_wconf 90' lang='lat' dir='ltr'><strong>eum</strong></span> <span class='ocrx_word' id='word_1_689' title='bbox 1906 4502 2138 4563; x_wconf 87' lang='lat' dir='ltr'><strong>tangere,</strong></span> 
     </span>
    </p>
   </div>
   <div class='ocr_carea' id='block_1_92' title="bbox 2241 4491 3839 4580">
    <p class='ocr_par' dir='ltr' id='par_1_92' title="bbox 2250 4491 3839 4580">
     <span class='ocr_line' id='line_1_92' title="bbox 2250 4491 3839 4580; baseline 0.006 -23"><span class='ocrx_word' id='word_1_690' title='bbox 2250 4504 2485 4558; x_wconf 68' lang='lat' dir='ltr'><strong>calorum</strong></span> <span class='ocrx_word' id='word_1_691' title='bbox 2525 4504 2742 4575; x_wconf 77' lang='lat' dir='ltr'><strong>(Matth.</strong></span> <span class='ocrx_word' id='word_1_692' title='bbox 2775 4506 2852 4577; x_wconf 89' lang='lat' dir='ltr'><strong>v).</strong></span> <span class='ocrx_word' id='word_1_693' title='bbox 2904 4491 3008 4562; x_wconf 84' lang='lat' dir='ltr'><strong>Alii</strong></span> <span class='ocrx_word' id='word_1_694' title='bbox 3048 4510 3189 4564; x_wconf 89' lang='lat' dir='ltr'><strong>enim</strong></span> <span class='ocrx_word' id='word_1_695' title='bbox 3238 4520 3363 4564; x_wconf 91' lang='lat' dir='ltr'><strong>sunt</strong></span> <span class='ocrx_word' id='word_1_696' title='bbox 3411 4524 3664 4580; x_wconf 88' lang='lat' dir='ltr'><strong>pauperes</strong></span> <span class='ocrx_word' id='word_1_697' title='bbox 3720 4512 3839 4580; x_wconf 81' lang='lat' dir='ltr'><strong>spi-</strong></span> 
     </span>
    </p>
   </div>
   <div class='ocr_carea' id='block_1_93' title="bbox 584 4581 2150 4653">
    <p class='ocr_par' dir='ltr' id='par_1_93' title="bbox 584 4581 2150 4653">
     <span class='ocr_line' id='line_1_93' title="bbox 584 4581 2150 4653; baseline 0.006 -20"><span class='ocrx_word' id='word_1_698' title='bbox 584 4590 641 4633; x_wconf 89' lang='lat' dir='ltr'><strong>ut</strong></span> <span class='ocrx_word' id='word_1_699' title='bbox 669 4581 1021 4648; x_wconf 84' lang='lat' dir='ltr'><strong>intelligamus</strong></span> <span class='ocrx_word' id='word_1_700' title='bbox 1067 4584 1187 4650; x_wconf 89' lang='lat' dir='ltr'><strong>quia</strong></span> <span class='ocrx_word' id='word_1_701' title='bbox 1236 4590 1403 4636; x_wconf 87' lang='lat' dir='ltr'><strong>tactus</strong></span> <span class='ocrx_word' id='word_1_702' title='bbox 1447 4581 1563 4652; x_wconf 87' lang='lat' dir='ltr'><strong>ejus</strong></span> <span class='ocrx_word' id='word_1_703' title='bbox 1606 4586 1805 4639; x_wconf 89' lang='lat' dir='ltr'><strong>sanitas</strong></span> <span class='ocrx_word' id='word_1_704' title='bbox 1849 4595 1950 4641; x_wconf 90' lang='lat' dir='ltr'><strong>est.</strong></span> <span class='ocrx_word' id='word_1_705' title='bbox 1998 4588 2150 4653; x_wconf 89' lang='lat' dir='ltr'><strong>Quod</strong></span> 
     </span>
    </p>
   </div>
   <div class='ocr_carea' id='block_1_94' title="bbox 583 4674 2149 4750">
    <p class='ocr_par' dir='ltr' id='par_1_94' title="bbox 583 4674 2149 4750">
     <span class='ocr_line' id='line_1_94' title="bbox 583 4674 2149 4750; baseline 0.004 -21"><span class='ocrx_word' id='word_1_706' title='bbox 583 4682 801 4741; x_wconf 82' lang='lat' dir='ltr'><strong>experta</strong></span> <span class='ocrx_word' id='word_1_707' title='bbox 831 4683 914 4728; x_wconf 89' lang='lat' dir='ltr'><strong>est</strong></span> <span class='ocrx_word' id='word_1_708' title='bbox 961 4674 1048 4728; x_wconf 87' lang='lat' dir='ltr'><strong>illa</strong></span> <span class='ocrx_word' id='word_1_709' title='bbox 1078 4674 1286 4740; x_wconf 89' lang='lat' dir='ltr'><strong>mulier,</strong></span> <span class='ocrx_word' id='word_1_710' title='bbox 1318 4690 1434 4743; x_wconf 84' lang='lat' dir='ltr'><strong>quae</strong></span> <span class='ocrx_word' id='word_1_711' title='bbox 1461 4679 1728 4747; x_wconf 84' lang='lat' dir='ltr'><strong>sanguinis</strong></span> <span class='ocrx_word' id='word_1_712' title='bbox 1757 4678 1951 4734; x_wconf 90' lang='lat' dir='ltr'><strong>ﬁuxum</strong></span> <span class='ocrx_word' id='word_1_713' title='bbox 1982 4682 2149 4750; x_wconf 84' lang='lat' dir='ltr'><strong>patie-</strong></span> 
     </span>
    </p>
   </div>
   <div class='ocr_carea' id='block_1_95' title="bbox 580 4765 2147 4839">
    <p class='ocr_par' dir='ltr' id='par_1_95' title="bbox 580 4765 2147 4839">
     <span class='ocr_line' id='line_1_95' title="bbox 580 4765 2147 4839; baseline 0.002 -16"><span class='ocrx_word' id='word_1_714' title='bbox 580 4770 737 4823; x_wconf 84' lang='lat' dir='ltr'><strong>batur</strong></span> <span class='ocrx_word' id='word_1_715' title='bbox 780 4765 1062 4821; x_wconf 89' lang='lat' dir='ltr'><strong>duodecim</strong></span> <span class='ocrx_word' id='word_1_716' title='bbox 1106 4768 1278 4833; x_wconf 89' lang='lat' dir='ltr'><strong>annis,</strong></span> <span class='ocrx_word' id='word_1_717' title='bbox 1325 4775 1378 4822; x_wconf 89' lang='lat' dir='ltr'><strong>et</strong></span> <span class='ocrx_word' id='word_1_718' title='bbox 1426 4783 1544 4823; x_wconf 92' lang='lat' dir='ltr'><strong>cum</strong></span> <span class='ocrx_word' id='word_1_719' title='bbox 1582 4770 1839 4839; x_wconf 88' lang='lat' dir='ltr'><strong>tetigisset</strong></span> <span class='ocrx_word' id='word_1_720' title='bbox 1888 4772 2147 4828; x_wconf 91' lang='lat' dir='ltr'><strong>ﬁmbriam</strong></span> 
     </span>
    </p>
   </div>
   <div class='ocr_carea' id='block_1_96' title="bbox 570 4859 2150 4927">
    <p class='ocr_par' dir='ltr' id='par_1_96' title="bbox 570 4859 2150 4927">
     <span class='ocr_line' id='line_1_96' title="bbox 570 4859 2150 4927; baseline 0.006 -16"><span class='ocrx_word' id='word_1_721' title='bbox 570 4859 882 4915; x_wconf 76' lang='lat' dir='ltr'><strong>vestimenti</strong></span> <span class='ocrx_word' id='word_1_722' title='bbox 908 4859 1045 4927; x_wconf 89' lang='lat' dir='ltr'><strong>ejus,</strong></span> <span class='ocrx_word' id='word_1_723' title='bbox 1075 4862 1251 4915; x_wconf 85' lang='lat' dir='ltr'><strong>statim</strong></span> <span class='ocrx_word' id='word_1_724' title='bbox 1291 4871 1473 4916; x_wconf 87' lang='lat' dir='ltr'><strong>sanata</strong></span> <span class='ocrx_word' id='word_1_725' title='bbox 1502 4871 1584 4917; x_wconf 90' lang='lat' dir='ltr'><strong>est</strong></span> <span class='ocrx_word' id='word_1_726' title='bbox 1610 4864 1675 4917; x_wconf 89' lang='lat' dir='ltr'><strong>ab</strong></span> <span class='ocrx_word' id='word_1_727' title='bbox 1720 4863 2027 4919; x_wconf 89' lang='lat' dir='ltr'><strong>inﬁrmitate</strong></span> <span class='ocrx_word' id='word_1_728' title='bbox 2054 4878 2150 4920; x_wconf 89' lang='lat' dir='ltr'><strong>sua</strong></span> 
     </span>
    </p>
   </div>
   <div class='ocr_carea' id='block_1_97' title="bbox 582 4950 2149 5020">
    <p class='ocr_par' dir='ltr' id='par_1_97' title="bbox 582 4950 2149 5020">
     <span class='ocr_line' id='line_1_97' title="bbox 582 4950 2149 5020; baseline 0.004 -18"><span class='ocrx_word' id='word_1_729' title='bbox 582 4952 729 5018; x_wconf 70' lang='lat' dir='ltr'><strong>(Luc.</strong></span> <span class='ocrx_word' id='word_1_730' title='bbox 766 4950 895 5019; x_wconf 79' lang='lat' dir='ltr'><strong>vui).</strong></span> <span class='ocrx_word' id='word_1_731' title='bbox 945 4950 1025 5004; x_wconf 82' lang='lat' dir='ltr'><strong>Ad</strong></span> <span class='ocrx_word' id='word_1_732' title='bbox 1071 4951 1221 5020; x_wconf 84' lang='lat' dir='ltr'><strong>cujus</strong></span> <span class='ocrx_word' id='word_1_733' title='bbox 1264 4961 1462 5007; x_wconf 90' lang='lat' dir='ltr'><strong>tactum</strong></span> <span class='ocrx_word' id='word_1_734' title='bbox 1512 4952 1682 5007; x_wconf 89' lang='lat' dir='ltr'><strong>virtus</strong></span> <span class='ocrx_word' id='word_1_735' title='bbox 1727 4954 1794 5007; x_wconf 91' lang='lat' dir='ltr'><strong>de</strong></span> <span class='ocrx_word' id='word_1_736' title='bbox 1841 4953 1931 5008; x_wconf 92' lang='lat' dir='ltr'><strong>illo</strong></span> <span class='ocrx_word' id='word_1_737' title='bbox 1970 4955 2149 5009; x_wconf 86' lang='lat' dir='ltr'><strong>exibat</strong></span> 
     </span>
    </p>
   </div>
   <div class='ocr_carea' id='block_1_98' title="bbox 484 5041 2148 5114">
    <p class='ocr_par' dir='ltr' id='par_1_98' title="bbox 484 5041 2148 5114">
     <span class='ocr_line' id='line_1_98' title="bbox 484 5041 2148 5114; baseline 0.007 -21"><span class='ocrx_word' id='word_1_738' title='bbox 484 5048 493 5053; x_wconf 84' lang='lat'><em>‘</em></span> <span class='ocrx_word' id='word_1_739' title='bbox 580 5041 860 5109; x_wconf 85' lang='lat' dir='ltr'><strong>intautum,</strong></span> <span class='ocrx_word' id='word_1_740' title='bbox 893 5050 948 5096; x_wconf 93' lang='lat' dir='ltr'><strong>ut</strong></span> <span class='ocrx_word' id='word_1_741' title='bbox 974 5043 1123 5112; x_wconf 86' lang='lat' dir='ltr'><strong>quasi</strong></span> <span class='ocrx_word' id='word_1_742' title='bbox 1160 5043 1373 5096; x_wconf 84' lang='lat' dir='ltr'><strong>nescius</strong></span> <span class='ocrx_word' id='word_1_743' title='bbox 1419 5042 1676 5096; x_wconf 87' lang='lat' dir='ltr'><strong>Dominus</strong></span> <span class='ocrx_word' id='word_1_744' title='bbox 1716 5053 2003 5114; x_wconf 84' lang='lat' dir='ltr'><strong>quaereret,</strong></span> <span class='ocrx_word' id='word_1_745' title='bbox 2023 5048 2148 5113; x_wconf 78' lang='lat' dir='ltr'><strong>Quis</strong></span> 
     </span>
    </p>
   </div>
   <div class='ocr_carea' id='block_1_99' title="bbox 580 5133 2149 5205">
    <p class='ocr_par' dir='ltr' id='par_1_99' title="bbox 580 5133 2149 5205">
     <span class='ocr_line' id='line_1_99' title="bbox 580 5133 2149 5205; baseline 0.006 -20"><span class='ocrx_word' id='word_1_746' title='bbox 580 5149 659 5186; x_wconf 86' lang='lat' dir='ltr'><strong>me</strong></span> <span class='ocrx_word' id='word_1_747' title='bbox 708 5133 906 5204; x_wconf 80' lang='lat' dir='ltr'><strong>tetigit?</strong></span> <span class='ocrx_word' id='word_1_748' title='bbox 932 5134 999 5187; x_wconf 83' lang='lat' dir='ltr'><strong>Et</strong></span> <span class='ocrx_word' id='word_1_749' title='bbox 1035 5134 1279 5201; x_wconf 86' lang='lat' dir='ltr'><strong>discipuli</strong></span> <span class='ocrx_word' id='word_1_750' title='bbox 1306 5134 1425 5202; x_wconf 87' lang='lat' dir='ltr'><strong>ejus</strong></span> <span class='ocrx_word' id='word_1_751' title='bbox 1466 5134 1530 5187; x_wconf 84' lang='lat' dir='ltr'><strong>ad</strong></span> <span class='ocrx_word' id='word_1_752' title='bbox 1559 5148 1679 5187; x_wconf 91' lang='lat' dir='ltr'><strong>eum</strong></span> <span class='ocrx_word' id='word_1_753' title='bbox 1712 5150 1725 5187; x_wconf 90' lang='lat'><strong>:</strong></span> <span class='ocrx_word' id='word_1_754' title='bbox 1775 5134 1955 5205; x_wconf 80' lang='lat' dir='ltr'><strong>Rabbi,</strong></span> <span class='ocrx_word' id='word_1_755' title='bbox 1989 5141 2149 5194; x_wconf 70' lang='lat' dir='ltr'><strong>turbis</strong></span> 
     </span>
    </p>
   </div>
   <div class='ocr_carea' id='block_1_100' title="bbox 578 5225 2150 5302">
    <p class='ocr_par' dir='ltr' id='par_1_100' title="bbox 578 5225 2150 5302">
     <span class='ocr_line' id='line_1_100' title="bbox 578 5225 2150 5302; baseline 0.006 -24"><span class='ocrx_word' id='word_1_756' title='bbox 578 5235 626 5278; x_wconf 86' lang='lat' dir='ltr'><strong>te</strong></span> <span class='ocrx_word' id='word_1_757' title='bbox 650 5226 987 5291; x_wconf 81' lang='lat' dir='ltr'><strong>comprimunt</strong></span> <span class='ocrx_word' id='word_1_758' title='bbox 1017 5234 1061 5289; x_wconf 82' lang='lat' dir='ltr'><strong>et</strong></span> <span class='ocrx_word' id='word_1_759' title='bbox 1100 5226 1363 5296; x_wconf 76' lang='lat' dir='ltr'><strong>afﬂigunt,</strong></span> <span class='ocrx_word' id='word_1_760' title='bbox 1403 5233 1451 5279; x_wconf 91' lang='lat' dir='ltr'><strong>et</strong></span> <span class='ocrx_word' id='word_1_761' title='bbox 1492 5225 1636 5292; x_wconf 87' lang='lat' dir='ltr'><strong>dicis,</strong></span> <span class='ocrx_word' id='word_1_762' title='bbox 1682 5229 1794 5296; x_wconf 83' lang='lat' dir='ltr'><strong>quis</strong></span> <span class='ocrx_word' id='word_1_763' title='bbox 1828 5245 1906 5285; x_wconf 90' lang='lat' dir='ltr'><strong>me</strong></span> <span class='ocrx_word' id='word_1_764' title='bbox 1942 5234 2150 5302; x_wconf 83' lang='lat' dir='ltr'><strong>tetigit?</strong></span> 
     </span>
    </p>
   </div>
   <div class='ocr_carea' id='block_1_101' title="bbox 578 5315 2150 5388">
    <p class='ocr_par' dir='ltr' id='par_1_101' title="bbox 578 5315 2150 5388">
     <span class='ocr_line' id='line_1_101' title="bbox 578 5315 2150 5388; baseline 0.006 -18"><span class='ocrx_word' id='word_1_765' title='bbox 578 5315 648 5370; x_wconf 84' lang='lat' dir='ltr'><strong>Et</strong></span> <span class='ocrx_word' id='word_1_766' title='bbox 686 5316 811 5371; x_wconf 88' lang='lat' dir='ltr'><strong>ille:</strong></span> <span class='ocrx_word' id='word_1_767' title='bbox 848 5316 1032 5384; x_wconf 80' lang='lat' dir='ltr'><strong>Tetigit</strong></span> <span class='ocrx_word' id='word_1_768' title='bbox 1066 5332 1147 5369; x_wconf 81' lang='lat' dir='ltr'><strong>me</strong></span> <span class='ocrx_word' id='word_1_769' title='bbox 1174 5316 1382 5386; x_wconf 81' lang='lat' dir='ltr'><strong>aliquis,</strong></span> <span class='ocrx_word' id='word_1_770' title='bbox 1426 5332 1542 5369; x_wconf 86' lang='lat' dir='ltr'><strong>nam</strong></span> <span class='ocrx_word' id='word_1_771' title='bbox 1571 5329 1621 5372; x_wconf 89' lang='lat' dir='ltr'><strong>et</strong></span> <span class='ocrx_word' id='word_1_772' title='bbox 1655 5334 1751 5388; x_wconf 85' lang='lat' dir='ltr'><strong>ego</strong></span> <span class='ocrx_word' id='word_1_773' title='bbox 1776 5324 1889 5375; x_wconf 81' lang='lat' dir='ltr'><strong>noui</strong></span> <span class='ocrx_word' id='word_1_774' title='bbox 1921 5323 2150 5379; x_wconf 71' lang='lat' dir='ltr'><strong>virtutem</strong></span> 
     </span>
    </p>
   </div>
   <div class='ocr_carea' id='block_1_102' title="bbox 579 5406 2146 5486">
    <p class='ocr_par' dir='ltr' id='par_1_102' title="bbox 579 5406 2146 5486">
     <span class='ocr_line' id='line_1_102' title="bbox 579 5406 2146 5486; baseline 0.004 -24"><span class='ocrx_word' id='word_1_775' title='bbox 579 5409 645 5462; x_wconf 88' lang='lat' dir='ltr'><strong>de</strong></span> <span class='ocrx_word' id='word_1_776' title='bbox 672 5424 749 5461; x_wconf 88' lang='lat' dir='ltr'><strong>me</strong></span> <span class='ocrx_word' id='word_1_777' title='bbox 771 5408 955 5461; x_wconf 67' lang='lat' dir='ltr'><strong>exisse.</strong></span> <span class='ocrx_word' id='word_1_778' title='bbox 993 5406 1352 5474; x_wconf 84' lang='lat' dir='ltr'><strong>Spiritualiter</strong></span> <span class='ocrx_word' id='word_1_779' title='bbox 1377 5421 1505 5463; x_wconf 89' lang='lat' dir='ltr'><strong>vero</strong></span> <span class='ocrx_word' id='word_1_780' title='bbox 1530 5408 1798 5466; x_wconf 86' lang='lat' dir='ltr'><strong>Christum</strong></span> <span class='ocrx_word' id='word_1_781' title='bbox 1844 5416 2029 5483; x_wconf 89' lang='lat' dir='ltr'><strong>tangit,</strong></span> <span class='ocrx_word' id='word_1_782' title='bbox 2057 5416 2146 5486; x_wconf 82' lang='lat' dir='ltr'><strong>qui</strong></span> 
     </span>
    </p>
   </div>
   <div class='ocr_carea' id='block_1_103' title="bbox 580 5495 2147 5565">
    <p class='ocr_par' dir='ltr' id='par_1_103' title="bbox 580 5495 2147 5565">
     <span class='ocr_line' id='line_1_103' title="bbox 580 5495 2147 5565; baseline 0.006 -13"><span class='ocrx_word' id='word_1_783' title='bbox 580 5512 701 5552; x_wconf 89' lang='lat' dir='ltr'><strong>eum</strong></span> <span class='ocrx_word' id='word_1_784' title='bbox 730 5511 912 5553; x_wconf 81' lang='lat' dir='ltr'><strong>verum</strong></span> <span class='ocrx_word' id='word_1_785' title='bbox 940 5495 1105 5551; x_wconf 88' lang='lat' dir='ltr'><strong>Deum</strong></span> <span class='ocrx_word' id='word_1_786' title='bbox 1147 5500 1337 5565; x_wconf 87' lang='lat' dir='ltr'><strong>credit,</strong></span> <span class='ocrx_word' id='word_1_787' title='bbox 1368 5508 1421 5553; x_wconf 88' lang='lat' dir='ltr'><strong>et</strong></span> <span class='ocrx_word' id='word_1_788' title='bbox 1446 5509 1587 5556; x_wconf 89' lang='lat' dir='ltr'><strong>recta</strong></span> <span class='ocrx_word' id='word_1_789' title='bbox 1616 5502 1717 5557; x_wconf 90' lang='lat' dir='ltr'><strong>ﬁde</strong></span> <span class='ocrx_word' id='word_1_790' title='bbox 1747 5504 2044 5560; x_wconf 89' lang='lat' dir='ltr'><strong>conﬁtetur.</strong></span> <span class='ocrx_word' id='word_1_791' title='bbox 2079 5508 2147 5561; x_wconf 85' lang='lat' dir='ltr'><strong>At</strong></span> 
     </span>
    </p>
   </div>
   <div class='ocr_carea' id='block_1_104' title="bbox 581 5588 2151 5658">
    <p class='ocr_par' dir='ltr' id='par_1_104' title="bbox 581 5588 2151 5658">
     <span class='ocr_line' id='line_1_104' title="bbox 581 5588 2151 5658; baseline 0.009 -17"><span class='ocrx_word' id='word_1_792' title='bbox 581 5602 710 5643; x_wconf 84' lang='lat' dir='ltr'><strong>vero</strong></span> <span class='ocrx_word' id='word_1_793' title='bbox 741 5588 944 5658; x_wconf 82' lang='lat' dir='ltr'><strong>pagani,</strong></span> <span class='ocrx_word' id='word_1_794' title='bbox 995 5590 1183 5655; x_wconf 66' lang='lat' dir='ltr'><strong>Judaei,</strong></span> <span class='ocrx_word' id='word_1_795' title='bbox 1233 5598 1287 5645; x_wconf 91' lang='lat' dir='ltr'><strong>et</strong></span> <span class='ocrx_word' id='word_1_796' title='bbox 1334 5591 1561 5647; x_wconf 68' lang='lat' dir='ltr'><strong>haeretici</strong></span> <span class='ocrx_word' id='word_1_797' title='bbox 1616 5593 1879 5651; x_wconf 88' lang='lat' dir='ltr'><strong>Christum</strong></span> <span class='ocrx_word' id='word_1_798' title='bbox 1936 5599 2151 5655; x_wconf 89' lang='lat' dir='ltr'><strong>minime</strong></span> 
     </span>
    </p>
   </div>
   <div class='ocr_carea' id='block_1_105' title="bbox 583 5683 2144 5759">
    <p class='ocr_par' dir='ltr' id='par_1_105' title="bbox 583 5683 2144 5759">
     <span class='ocr_line' id='line_1_105' title="bbox 583 5683 2144 5759; baseline 0.008 -26"><span class='ocrx_word' id='word_1_799' title='bbox 583 5686 824 5747; x_wconf 88' lang='lat' dir='ltr'><strong>tangunt,</strong></span> <span class='ocrx_word' id='word_1_800' title='bbox 850 5683 971 5750; x_wconf 87' lang='lat' dir='ltr'><strong>quia</strong></span> <span class='ocrx_word' id='word_1_801' title='bbox 1000 5695 1120 5737; x_wconf 87' lang='lat' dir='ltr'><strong>eum</strong></span> <span class='ocrx_word' id='word_1_802' title='bbox 1142 5697 1324 5738; x_wconf 89' lang='lat' dir='ltr'><strong>verum</strong></span> <span class='ocrx_word' id='word_1_803' title='bbox 1362 5685 1520 5739; x_wconf 90' lang='lat' dir='ltr'><strong>Deum</strong></span> <span class='ocrx_word' id='word_1_804' title='bbox 1542 5686 1759 5743; x_wconf 91' lang='lat' dir='ltr'><strong>credere</strong></span> <span class='ocrx_word' id='word_1_805' title='bbox 1784 5697 2144 5759; x_wconf 87' lang='lat' dir='ltr'><strong>contemnunt,</strong></span> 
     </span>
    </p>
   </div>
   <div class='ocr_carea' id='block_1_106' title="bbox 582 5768 2147 5850">
    <p class='ocr_par' dir='ltr' id='par_1_106' title="bbox 582 5768 2147 5850">
     <span class='ocr_line' id='line_1_106' title="bbox 582 5768 2147 5850; baseline 0.008 -21"><span class='ocrx_word' id='word_1_806' title='bbox 582 5776 638 5829; x_wconf 83' lang='lat' dir='ltr'><strong>et</strong></span> <span class='ocrx_word' id='word_1_807' title='bbox 657 5768 759 5829; x_wconf 87' lang='lat' dir='ltr'><strong>ﬁde</strong></span> <span class='ocrx_word' id='word_1_808' title='bbox 787 5780 930 5831; x_wconf 86' lang='lat' dir='ltr'><strong>recta</strong></span> <span class='ocrx_word' id='word_1_809' title='bbox 957 5775 1096 5833; x_wconf 88' lang='lat' dir='ltr'><strong>hunc</strong></span> <span class='ocrx_word' id='word_1_810' title='bbox 1131 5777 1367 5833; x_wconf 89' lang='lat' dir='ltr'><strong>conﬁteri</strong></span> <span class='ocrx_word' id='word_1_811' title='bbox 1393 5778 1620 5850; x_wconf 61' lang='lat' dir='ltr'><strong>{nolunL</strong></span> <span class='ocrx_word' id='word_1_812' title='bbox 1672 5780 1823 5838; x_wconf 90' lang='lat' dir='ltr'><strong>Unde</strong></span> <span class='ocrx_word' id='word_1_813' title='bbox 1866 5791 1923 5840; x_wconf 90' lang='lat' dir='ltr'><strong>et</strong></span> <span class='ocrx_word' id='word_1_814' title='bbox 1965 5784 2147 5843; x_wconf 62' lang='lat' dir='ltr'><strong>Maria</strong></span> 
     </span>
    </p>
   </div>
   <div class='ocr_carea' id='block_1_107' title="bbox 2255 4596 3838 4671">
    <p class='ocr_par' dir='ltr' id='par_1_107' title="bbox 2255 4596 3838 4671">
     <span class='ocr_line' id='line_1_107' title="bbox 2255 4596 3838 4671; baseline 0.005 -20"><span class='ocrx_word' id='word_1_815' title='bbox 2255 4596 2361 4651; x_wconf 92' lang='lat' dir='ltr'><strong>ritu</strong></span> <span class='ocrx_word' id='word_1_816' title='bbox 2392 4604 2446 4651; x_wconf 90' lang='lat' dir='ltr'><strong>et</strong></span> <span class='ocrx_word' id='word_1_817' title='bbox 2476 4599 2658 4663; x_wconf 85' lang='lat' dir='ltr'><strong>rebus,</strong></span> <span class='ocrx_word' id='word_1_818' title='bbox 2687 4599 2776 4653; x_wconf 90' lang='lat' dir='ltr'><strong>alii</strong></span> <span class='ocrx_word' id='word_1_819' title='bbox 2808 4614 2905 4655; x_wconf 90' lang='lat' dir='ltr'><strong>nec</strong></span> <span class='ocrx_word' id='word_1_820' title='bbox 2952 4601 3110 4658; x_wconf 91' lang='lat' dir='ltr'><strong>rebus</strong></span> <span class='ocrx_word' id='word_1_821' title='bbox 3157 4615 3254 4657; x_wconf 89' lang='lat' dir='ltr'><strong>nec</strong></span> <span class='ocrx_word' id='word_1_822' title='bbox 3283 4603 3498 4671; x_wconf 89' lang='lat' dir='ltr'><strong>spiritu,</strong></span> <span class='ocrx_word' id='word_1_823' title='bbox 3546 4603 3636 4658; x_wconf 87' lang='lat' dir='ltr'><strong>alii</strong></span> <span class='ocrx_word' id='word_1_824' title='bbox 3675 4607 3838 4659; x_wconf 85' lang='lat' dir='ltr'><strong>rebus</strong></span> 
     </span>
    </p>
   </div>
   <div class='ocr_carea' id='block_1_108' title="bbox 2253 4691 3837 4763">
    <p class='ocr_par' dir='ltr' id='par_1_108' title="bbox 2253 4691 3837 4763">
     <span class='ocr_line' id='line_1_108' title="bbox 2253 4691 3837 4763; baseline 0.003 -19"><span class='ocrx_word' id='word_1_825' title='bbox 2253 4696 2308 4744; x_wconf 87' lang='lat' dir='ltr'><strong>et</strong></span> <span class='ocrx_word' id='word_1_826' title='bbox 2340 4705 2446 4743; x_wconf 93' lang='lat' dir='ltr'><strong>non</strong></span> <span class='ocrx_word' id='word_1_827' title='bbox 2475 4692 2689 4759; x_wconf 87' lang='lat' dir='ltr'><strong>spiritu,</strong></span> <span class='ocrx_word' id='word_1_828' title='bbox 2723 4691 2812 4746; x_wconf 89' lang='lat' dir='ltr'><strong>alii</strong></span> <span class='ocrx_word' id='word_1_829' title='bbox 2856 4692 3044 4763; x_wconf 90' lang='lat' dir='ltr'><strong>spiritu</strong></span> <span class='ocrx_word' id='word_1_830' title='bbox 3071 4702 3125 4751; x_wconf 87' lang='lat' dir='ltr'><strong>et</strong></span> <span class='ocrx_word' id='word_1_831' title='bbox 3152 4709 3257 4749; x_wconf 92' lang='lat' dir='ltr'><strong>non</strong></span> <span class='ocrx_word' id='word_1_832' title='bbox 3287 4697 3470 4751; x_wconf 89' lang='lat' dir='ltr'><strong>rebus.</strong></span> <span class='ocrx_word' id='word_1_833' title='bbox 3501 4694 3685 4751; x_wconf 77' lang='lat' dir='ltr'><strong>Rebus</strong></span> <span class='ocrx_word' id='word_1_834' title='bbox 3715 4704 3837 4751; x_wconf 87' lang='lat' dir='ltr'><strong>sunt</strong></span> 
     </span>
    </p>
   </div>
   <div class='ocr_carea' id='block_1_109' title="bbox 2255 4783 3837 4855">
    <p class='ocr_par' dir='ltr' id='par_1_109' title="bbox 2255 4783 3837 4855">
     <span class='ocr_line' id='line_1_109' title="bbox 2255 4783 3837 4855; baseline 0.008 -25"><span class='ocrx_word' id='word_1_835' title='bbox 2255 4793 2515 4849; x_wconf 88' lang='lat' dir='ltr'><strong>pauperes</strong></span> <span class='ocrx_word' id='word_1_836' title='bbox 2546 4790 2599 4836; x_wconf 92' lang='lat' dir='ltr'><strong>et</strong></span> <span class='ocrx_word' id='word_1_837' title='bbox 2644 4796 2748 4837; x_wconf 92' lang='lat' dir='ltr'><strong>non</strong></span> <span class='ocrx_word' id='word_1_838' title='bbox 2796 4783 3013 4851; x_wconf 89' lang='lat' dir='ltr'><strong>spiritu,</strong></span> <span class='ocrx_word' id='word_1_839' title='bbox 3046 4784 3137 4855; x_wconf 90' lang='lat' dir='ltr'><strong>qui</strong></span> <span class='ocrx_word' id='word_1_840' title='bbox 3182 4785 3317 4841; x_wconf 88' lang='lat' dir='ltr'><strong>nihil</strong></span> <span class='ocrx_word' id='word_1_841' title='bbox 3354 4786 3639 4853; x_wconf 83' lang='lat' dir='ltr'><strong>habentes,</strong></span> <span class='ocrx_word' id='word_1_842' title='bbox 3668 4787 3837 4842; x_wconf 87' lang='lat' dir='ltr'><strong>multa</strong></span> 
     </span>
    </p>
   </div>
   <div class='ocr_carea' id='block_1_110' title="bbox 2254 4870 3839 4948">
    <p class='ocr_par' dir='ltr' id='par_1_110' title="bbox 2254 4870 3839 4948">
     <span class='ocr_line' id='line_1_110' title="bbox 2254 4870 3839 4948; baseline 0.006 -24"><span class='ocrx_word' id='word_1_843' title='bbox 2254 4870 2452 4926; x_wconf 89' lang='lat' dir='ltr'><strong>habere</strong></span> <span class='ocrx_word' id='word_1_844' title='bbox 2481 4874 2879 4939; x_wconf 75' lang='lat' dir='ltr'><strong>conwpiscunt.</strong></span> <span class='ocrx_word' id='word_1_845' title='bbox 2933 4873 3137 4943; x_wconf 90' lang='lat' dir='ltr'><strong>Spiritu</strong></span> <span class='ocrx_word' id='word_1_846' title='bbox 3183 4886 3306 4930; x_wconf 90' lang='lat' dir='ltr'><strong>sunt</strong></span> <span class='ocrx_word' id='word_1_847' title='bbox 3353 4891 3619 4948; x_wconf 87' lang='lat' dir='ltr'><strong>pauperes</strong></span> <span class='ocrx_word' id='word_1_848' title='bbox 3646 4887 3701 4931; x_wconf 91' lang='lat' dir='ltr'><strong>et</strong></span> <span class='ocrx_word' id='word_1_849' title='bbox 3731 4892 3839 4934; x_wconf 84' lang='lat' dir='ltr'><strong>non</strong></span> 
     </span>
    </p>
   </div>
   <div class='ocr_carea' id='block_1_111' title="bbox 2253 4963 3842 5039">
    <p class='ocr_par' dir='ltr' id='par_1_111' title="bbox 2253 4963 3842 5039">
     <span class='ocr_line' id='line_1_111' title="bbox 2253 4963 3842 5039; baseline 0.005 -21"><span class='ocrx_word' id='word_1_850' title='bbox 2253 4963 2432 5028; x_wconf 91' lang='lat' dir='ltr'><strong>rebus,</strong></span> <span class='ocrx_word' id='word_1_851' title='bbox 2466 4964 2603 5019; x_wconf 85' lang='lat' dir='ltr'><strong>sicut</strong></span> <span class='ocrx_word' id='word_1_852' title='bbox 2630 4966 2702 5019; x_wconf 90' lang='lat' dir='ltr'><strong>illi</strong></span> <span class='ocrx_word' id='word_1_853' title='bbox 2743 4967 2832 5035; x_wconf 90' lang='lat' dir='ltr'><strong>qui</strong></span> <span class='ocrx_word' id='word_1_854' title='bbox 2873 4967 3161 5021; x_wconf 77' lang='lat' dir='ltr'><strong>secundent</strong></span> <span class='ocrx_word' id='word_1_855' title='bbox 3206 4968 3544 5035; x_wconf 88' lang='lat' dir='ltr'><strong>Apostolum,</strong></span> <span class='ocrx_word' id='word_1_856' title='bbox 3595 4982 3842 5039; x_wconf 71' lang='lat' dir='ltr'><strong>tangam</strong></span> 
     </span>
    </p>
   </div>
   <div class='ocr_carea' id='block_1_112' title="bbox 2250 5054 3840 5131">
    <p class='ocr_par' dir='ltr' id='par_1_112' title="bbox 2250 5054 3840 5131">
     <span class='ocr_line' id='line_1_112' title="bbox 2250 5054 3840 5131; baseline 0.006 -24"><span class='ocrx_word' id='word_1_857' title='bbox 2250 5054 2381 5108; x_wconf 80' lang='lat' dir='ltr'><strong>nihil</strong></span> <span class='ocrx_word' id='word_1_858' title='bbox 2404 5054 2664 5121; x_wconf 76' lang='lat' dir='ltr'><strong>habentes,</strong></span> <span class='ocrx_word' id='word_1_859' title='bbox 2692 5063 2740 5109; x_wconf 90' lang='lat' dir='ltr'><strong>et</strong></span> <span class='ocrx_word' id='word_1_860' title='bbox 2770 5057 2940 5112; x_wconf 87' lang='lat' dir='ltr'><strong>omnia</strong></span> <span class='ocrx_word' id='word_1_861' title='bbox 2968 5059 3284 5129; x_wconf 84' lang='lat' dir='ltr'><strong>possidentes</strong></span> <span class='ocrx_word' id='word_1_862' title='bbox 3310 5069 3429 5114; x_wconf 89' lang='lat' dir='ltr'><strong>sunt</strong></span> <span class='ocrx_word' id='word_1_863' title='bbox 3461 5057 3550 5130; x_wconf 85' lang='lat' dir='ltr'><strong>(II</strong></span> <span class='ocrx_word' id='word_1_864' title='bbox 3578 5058 3698 5115; x_wconf 89' lang='lat' dir='ltr'><strong>Cor.</strong></span> <span class='ocrx_word' id='word_1_865' title='bbox 3735 5061 3840 5131; x_wconf 63' lang='grc' dir='ltr'><strong>γι),</strong></span> 
     </span>
    </p>
   </div>
   <div class='ocr_carea' id='block_1_113' title="bbox 2252 5143 3846 5221">
    <p class='ocr_par' dir='ltr' id='par_1_113' title="bbox 2252 5143 3846 5221">
     <span class='ocr_line' id='line_1_113' title="bbox 2252 5143 3846 5221; baseline 0.005 -21"><span class='ocrx_word' id='word_1_866' title='bbox 2252 5145 2438 5215; x_wconf 91' lang='lat' dir='ltr'><strong>quales</strong></span> <span class='ocrx_word' id='word_1_867' title='bbox 2488 5143 2709 5201; x_wconf 80' lang='lat' dir='ltr'><strong>fuerunt</strong></span> <span class='ocrx_word' id='word_1_868' title='bbox 2739 5147 3032 5215; x_wconf 84' lang='lat' dir='ltr'><strong>Abraham,</strong></span> <span class='ocrx_word' id='word_1_869' title='bbox 3081 5149 3270 5218; x_wconf 81' lang='lat' dir='ltr'><strong>Jacob,</strong></span> <span class='ocrx_word' id='word_1_870' title='bbox 3310 5158 3363 5205; x_wconf 91' lang='lat' dir='ltr'><strong>et</strong></span> <span class='ocrx_word' id='word_1_871' title='bbox 3411 5151 3596 5219; x_wconf 88' lang='lat' dir='ltr'><strong>David,</strong></span> <span class='ocrx_word' id='word_1_872' title='bbox 3628 5152 3722 5221; x_wconf 92' lang='lat' dir='ltr'><strong>qui</strong></span> <span class='ocrx_word' id='word_1_873' title='bbox 3754 5168 3846 5208; x_wconf 85' lang='lat' dir='ltr'><strong>re-</strong></span> 
     </span>
    </p>
   </div>
   <div class='ocr_carea' id='block_1_114' title="bbox 2252 5238 3849 5311">
    <p class='ocr_par' dir='ltr' id='par_1_114' title="bbox 2252 5238 3849 5311">
     <span class='ocr_line' id='line_1_114' title="bbox 2252 5238 3849 5311; baseline 0.005 -22"><span class='ocrx_word' id='word_1_874' title='bbox 2252 5238 2353 5308; x_wconf 83' lang='lat' dir='ltr'><strong>gali</strong></span> <span class='ocrx_word' id='word_1_875' title='bbox 2401 5238 2537 5293; x_wconf 90' lang='lat' dir='ltr'><strong>solio</strong></span> <span class='ocrx_word' id='word_1_876' title='bbox 2579 5238 2896 5294; x_wconf 87' lang='lat' dir='ltr'><strong>sublimatus</strong></span> <span class='ocrx_word' id='word_1_877' title='bbox 2950 5250 3085 5310; x_wconf 90' lang='lat' dir='ltr'><strong>erat,</strong></span> <span class='ocrx_word' id='word_1_878' title='bbox 3142 5256 3435 5311; x_wconf 88' lang='lat' dir='ltr'><strong>pauperem</strong></span> <span class='ocrx_word' id='word_1_879' title='bbox 3481 5259 3543 5298; x_wconf 89' lang='lat' dir='ltr'><strong>se</strong></span> <span class='ocrx_word' id='word_1_880' title='bbox 3603 5244 3849 5298; x_wconf 83' lang='lat' dir='ltr'><strong>ostendit</strong></span> 
     </span>
    </p>
   </div>
   <div class='ocr_carea' id='block_1_115' title="bbox 2253 5327 3850 5403">
    <p class='ocr_par' dir='ltr' id='par_1_115' title="bbox 2253 5327 3850 5403">
     <span class='ocr_line' id='line_1_115' title="bbox 2253 5327 3850 5403; baseline 0.005 -22"><span class='ocrx_word' id='word_1_881' title='bbox 2253 5329 2465 5396; x_wconf 88' lang='lat' dir='ltr'><strong>spiritu,</strong></span> <span class='ocrx_word' id='word_1_882' title='bbox 2497 5328 2714 5383; x_wconf 88' lang='lat' dir='ltr'><strong>dicens:</strong></span> <span class='ocrx_word' id='word_1_883' title='bbox 2762 5327 2876 5401; x_wconf 89' lang='lat' dir='ltr'><strong>Ego</strong></span> <span class='ocrx_word' id='word_1_884' title='bbox 2903 5340 3070 5385; x_wconf 87' lang='lat' dir='ltr'><strong>autem</strong></span> <span class='ocrx_word' id='word_1_885' title='bbox 3118 5333 3381 5387; x_wconf 89' lang='lat' dir='ltr'><strong>mendicus</strong></span> <span class='ocrx_word' id='word_1_886' title='bbox 3411 5349 3524 5399; x_wconf 82' lang='lat' dir='ltr'><strong>sum</strong></span> <span class='ocrx_word' id='word_1_887' title='bbox 3550 5342 3600 5401; x_wconf 84' lang='lat' dir='ltr'><strong>et</strong></span> <span class='ocrx_word' id='word_1_888' title='bbox 3640 5351 3850 5403; x_wconf 79' lang='lat' dir='ltr'><strong>pauper</strong></span> 
     </span>
    </p>
   </div>
   <div class='ocr_carea' id='block_1_116' title="bbox 2255 5416 3851 5497">
    <p class='ocr_par' dir='ltr' id='par_1_116' title="bbox 2255 5416 3851 5497">
     <span class='ocr_line' id='line_1_116' title="bbox 2255 5416 3851 5497; baseline 0.006 -22"><span class='ocrx_word' id='word_1_889' title='bbox 2255 5421 2426 5493; x_wconf 89' lang='lat' dir='ltr'><strong>(Psal.</strong></span> <span class='ocrx_word' id='word_1_890' title='bbox 2451 5423 2658 5493; x_wconf 80' lang='lat' dir='ltr'><strong>xxxix).</strong></span> <span class='ocrx_word' id='word_1_891' title='bbox 2701 5423 2767 5479; x_wconf 87' lang='lat' dir='ltr'><strong>Et</strong></span> <span class='ocrx_word' id='word_1_892' title='bbox 2796 5416 3009 5497; x_wconf 73' lang='lat' dir='ltr'><strong>iterum,</strong></span> <span class='ocrx_word' id='word_1_893' title='bbox 3055 5426 3224 5497; x_wconf 87' lang='lat' dir='ltr'><strong>Egens</strong></span> <span class='ocrx_word' id='word_1_894' title='bbox 3247 5444 3383 5494; x_wconf 84' lang='lat' dir='ltr'><strong>sum,</strong></span> <span class='ocrx_word' id='word_1_895' title='bbox 3422 5436 3467 5482; x_wconf 86' lang='lat' dir='ltr'><strong>et</strong></span> <span class='ocrx_word' id='word_1_896' title='bbox 3494 5429 3547 5482; x_wconf 87' lang='lat' dir='ltr'><strong>in</strong></span> <span class='ocrx_word' id='word_1_897' title='bbox 3574 5426 3851 5485; x_wconf 77' lang='lat' dir='ltr'><strong>laboribus</strong></span> 
     </span>
    </p>
   </div>
   <div class='ocr_carea' id='block_1_117' title="bbox 2253 5508 3851 5592">
    <p class='ocr_par' dir='ltr' id='par_1_117' title="bbox 2253 5508 3851 5592">
     <span class='ocr_line' id='line_1_117' title="bbox 2253 5508 3851 5592; baseline 0.007 -26"><span class='ocrx_word' id='word_1_898' title='bbox 2253 5527 2287 5566; x_wconf 93' lang='lat' dir='ltr'><strong>a</strong></span> <span class='ocrx_word' id='word_1_899' title='bbox 2313 5517 2582 5583; x_wconf 80' lang='lat' dir='ltr'><strong>juventute</strong></span> <span class='ocrx_word' id='word_1_900' title='bbox 2621 5532 2731 5570; x_wconf 90' lang='lat' dir='ltr'><strong>mea</strong></span> <span class='ocrx_word' id='word_1_901' title='bbox 2758 5516 2929 5585; x_wconf 86' lang='lat' dir='ltr'><strong>(Psat.</strong></span> <span class='ocrx_word' id='word_1_902' title='bbox 2956 5520 3217 5590; x_wconf 70' lang='lat' dir='ltr'><strong>Lxrxvn).</strong></span> <span class='ocrx_word' id='word_1_903' title='bbox 3264 5508 3373 5575; x_wconf 80' lang='lat' dir='ltr'><strong>Nec</strong></span> <span class='ocrx_word' id='word_1_904' title='bbox 3400 5521 3563 5576; x_wconf 87' lang='lat' dir='ltr'><strong>rebus</strong></span> <span class='ocrx_word' id='word_1_905' title='bbox 3592 5534 3694 5576; x_wconf 89' lang='lat' dir='ltr'><strong>nec</strong></span> <span class='ocrx_word' id='word_1_906' title='bbox 3722 5523 3851 5592; x_wconf 84' lang='lat' dir='ltr'><strong>spi-</strong></span> 
     </span>
    </p>
   </div>
   <div class='ocr_carea' id='block_1_118' title="bbox 2253 5603 3854 5687">
    <p class='ocr_par' dir='ltr' id='par_1_118' title="bbox 2253 5603 3854 5687">
     <span class='ocr_line' id='line_1_118' title="bbox 2253 5603 3854 5687; baseline 0.006 -27"><span class='ocrx_word' id='word_1_907' title='bbox 2253 5603 2358 5661; x_wconf 87' lang='lat' dir='ltr'><strong>ritu</strong></span> <span class='ocrx_word' id='word_1_908' title='bbox 2386 5615 2511 5659; x_wconf 82' lang='lat' dir='ltr'><strong>sunt</strong></span> <span class='ocrx_word' id='word_1_909' title='bbox 2541 5622 2827 5676; x_wconf 83' lang='lat' dir='ltr'><strong>pauperes,</strong></span> <span class='ocrx_word' id='word_1_910' title='bbox 2859 5610 3050 5665; x_wconf 85' lang='lat' dir='ltr'><strong>divites</strong></span> <span class='ocrx_word' id='word_1_911' title='bbox 3080 5613 3318 5679; x_wconf 88' lang='lat' dir='ltr'><strong>superbi,</strong></span> <span class='ocrx_word' id='word_1_912' title='bbox 3357 5612 3854 5687; x_wconf 71' lang='lat' dir='ltr'><strong>qui.facultatibus</strong></span> 
     </span>
    </p>
   </div>
   <div class='ocr_carea' id='block_1_119' title="bbox 2254 5690 3854 5778">
    <p class='ocr_par' dir='ltr' id='par_1_119' title="bbox 2254 5690 3854 5778">
     <span class='ocr_line' id='line_1_119' title="bbox 2254 5690 3854 5778; baseline 0.008 -26"><span class='ocrx_word' id='word_1_913' title='bbox 2254 5697 2589 5770; x_wconf 90' lang='lat' dir='ltr'><strong>locupletati,</strong></span> <span class='ocrx_word' id='word_1_914' title='bbox 2621 5702 2968 5761; x_wconf 88' lang='lat' dir='ltr'><strong>nihilominus</strong></span> <span class='ocrx_word' id='word_1_915' title='bbox 3000 5714 3176 5762; x_wconf 86' lang='lat' dir='ltr'><strong>mente</strong></span> <span class='ocrx_word' id='word_1_916' title='bbox 3206 5718 3329 5762; x_wconf 90' lang='lat' dir='ltr'><strong>sunt</strong></span> <span class='ocrx_word' id='word_1_917' title='bbox 3366 5690 3580 5778; x_wconf 87' lang='lat' dir='ltr'><strong>turgidi.</strong></span> <span class='ocrx_word' id='word_1_918' title='bbox 3611 5708 3687 5763; x_wconf 88' lang='lat' dir='ltr'><strong>De</strong></span> <span class='ocrx_word' id='word_1_919' title='bbox 3715 5708 3854 5778; x_wconf 79' lang='lat' dir='ltr'><strong>qui-</strong></span> 
     </span>
    </p>
   </div>
   <div class='ocr_carea' id='block_1_120' title="bbox 2254 5787 3857 5869">
    <p class='ocr_par' dir='ltr' id='par_1_120' title="bbox 2254 5787 3857 5869">
     <span class='ocr_line' id='line_1_120' title="bbox 2254 5787 3857 5869; baseline 0.006 -23"><span class='ocrx_word' id='word_1_920' title='bbox 2254 5787 2355 5846; x_wconf 82' lang='lat' dir='ltr'><strong>bus</strong></span> <span class='ocrx_word' id='word_1_921' title='bbox 2383 5788 2577 5847; x_wconf 90' lang='lat' dir='ltr'><strong>dicitur</strong></span> <span class='ocrx_word' id='word_1_922' title='bbox 2605 5793 2657 5847; x_wconf 89' lang='lat' dir='ltr'><strong>in</strong></span> <span class='ocrx_word' id='word_1_923' title='bbox 2686 5796 2891 5862; x_wconf 89' lang='lat' dir='ltr'><strong>psalmo</strong></span> <span class='ocrx_word' id='word_1_924' title='bbox 2919 5816 2930 5850; x_wconf 89' lang='lat'>:</span> <span class='ocrx_word' id='word_1_925' title='bbox 2989 5796 3119 5853; x_wconf 83' lang='lat' dir='ltr'><strong>Ecce</strong></span> <span class='ocrx_word' id='word_1_926' title='bbox 3148 5799 3247 5867; x_wconf 84' lang='lat' dir='ltr'><strong>ipsi</strong></span> <span class='ocrx_word' id='word_1_927' title='bbox 3278 5808 3568 5869; x_wconf 82' lang='lat' dir='ltr'><strong>peccatores</strong></span> <span class='ocrx_word' id='word_1_928' title='bbox 3594 5809 3644 5856; x_wconf 87' lang='lat' dir='ltr'><strong>et</strong></span> <span class='ocrx_word' id='word_1_929' title='bbox 3668 5799 3857 5863; x_wconf 66' lang='lat' dir='ltr'><strong>abun-</strong></span> 
     </span>
    </p>
   </div>
  </div>
