4096 6346
414 307 437 367 ι
449 306 549 369 549

377 1890 520 1945 enim
566 1895 974 1967 saturabuntur,
1033 1904 1245 1972 quando
1284 1907 1365 1977 {ad
1416 1890 1697 1970 videndum
1747 1918 1951 1991 Deum,

379 1981 536 2051 cujus
558 1982 646 2040 hic
673 1989 920 2045 mandata
960 2007 1082 2049 cum
1115 2012 1304 2068 magna
1332 2004 1527 2059 mentis
1554 2008 1731 2063 esurio
1767 2025 1952 2068 susce-

382 2085 597 2146 perunt,
631 2081 1004 2155 perducentur,
1053 2088 1292 2148 dicentes
1332 2109 1452 2151 cum
1484 2100 1793 2167 psalmista:
1838 2102 1953 2177 Ego

372 2178 542 2224 autem
583 2174 635 2227 in
670 2178 874 2246 justitia
911 2184 1164 2252 apparebo
1201 2187 1254 2241 in
1280 2204 1546 2263 conspectu
1592 2207 1695 2262 tuo,
1729 2179 1951 2254 satiabor

369 2261 495 2316 dum
516 2267 923 2336 manifestabitur
954 2276 1121 2344 gloria
1148 2288 1237 2333 tua
1257 2261 1428 2351 (Psal.
1462 2288 1595 2357 xvi).
1623 2261 1771 2344 unde
1797 2290 1948 2346 Salo-

368 2366 493 2408 mon
511 2357 582 2408 ait
600 2375 612 2410 :
638 2356 853 2431 Diligite
858 2366 1120 2434 justitiam
1142 2371 1229 2439 qui
1239 2374 1489 2442 judicatis
1507 2388 1689 2433 terram
1707 2381 1863 2453 (Sap.
1883 2383 1944 2455 t).

369 2439 519 2499 Beati
543 2448 633 2518 qui
670 2465 808 2506 nunc
834 2455 990 2523 ﬂetis,
1040 2460 1164 2528 quia
1198 2439 1451 2521 ridebitis.
1501 2469 1648 2525 Beati
1700 2439 1947 2531 dicuntur

362 2534 581 2608 ﬂentes,
606 2557 710 2597 non
735 2544 809 2599 illi
834 2548 924 2616 qui
950 2547 1080 2605 ﬂent
1106 2564 1325 2624 propter
1355 2561 1724 2631 temporalium
1748 2566 1943 2622 damna

365 2632 790 2704 commodorum,
841 2650 1063 2710 propter
1102 2647 1449 2705 amissionem
1493 2656 1801 2724 citarorum,
1848 2659 1943 2715 sed

364 2721 455 2790 qui
485 2721 614 2780 ﬂent
664 2739 881 2798 propter
923 2736 1290 2801 remissionem
1332 2755 1693 2815 peccatorum,
1729 2751 1814 2806 vel
1846 2767 1941 2821 pro

360 2806 767 2883 exspectatione
790 2824 938 2893 regni
960 2826 1237 2898 caelorum,
1262 2833 1352 2900 qui
1377 2837 1639 2891 veraciter
1660 2852 1780 2893 cum
1805 2843 1941 2909 psal-

360 2905 517 2960 mista
546 2906 724 2964 dicere
753 2923 1010 2981 possunt:
1064 2916 1227 2990 Deus,
1254 2924 1408 2977 vitam
1446 2943 1607 2983 meam
1641 2936 1938 2990 annuntiavi

358 2998 474 3065 tibi,
497 3002 707 3069 posuisti
729 3005 986 3075 lactymas
1006 3024 1142 3066 meas
1168 3014 1219 3066 in
1242 3026 1509 3087 conspectu
1531 3030 1615 3075 tuo
1637 3021 1806 3092 (Psal.
1826 3024 1933 3097 ιν).

359 3088 430 3145 Ει
453 3090 646 3146 iterum
672 3110 686 3147 :
733 3092 965 3153 Fuerunt
992 3102 1117 3157 mihi
1164 3105 1405 3177 lacrgma:
1431 3126 1555 3167 metu
1576 3088 1735 3185 panes
1762 3117 1846 3171 die
1872 3134 1933 3172 ac

294 3218 300 3229 .
356 3192 525 3251 nocte,
557 3184 678 3240 dum
726 3188 915 3245 dicitur
953 3194 1080 3249 mihi
1105 3200 1351 3269 quotidie,
1395 3202 1478 3256 ubi
1513 3184 1589 3259 est
1638 3206 1777 3263 Deus

358 3271 538 3343 (Psal.
571 3277 710 3347 xu).
762 3280 920 3338 Tales
944 3285 1083 3342 enim
1113 3288 1359 3346 ridebunt
1395 3297 1606 3364 quando
1630 3298 1931 3369 implebitttr

354 3365 481 3422 illud
511 3371 649 3439 quod
678 3372 935 3433 Dominus
961 3380 1071 3434 ait:
1103 3380 1262 3438 Nunc
1296 3386 1499 3457 quidem
1541 3365 1800 3447 tristitiam
1828 3396 1926 3450 Ita-

352 3456 498 3525 betis,
527 3462 711 3517 iterum
738 3477 906 3523 autem
930 3471 1103 3527 videbo
1124 3488 1230 3543 vos,
1254 3456 1558 3549 etgaudebit
1577 3499 1664 3537 cor
1683 3495 1925 3556 vestrum,

351 3558 399 3603 et
424 3555 671 3621 gaudium
698 3571 931 3616 vestrum
976 3579 1122 3620 nemo
1167 3568 1304 3624 tollet
1335 3586 1368 3625 a
1396 3574 1533 3629 vobis
1574 3571 1754 3647 (Joan.
1786 3582 1922 3652 ιη).

347 3642 539 3701 Risum
564 3658 741 3705 autem
791 3652 877 3708 hic
921 3659 1196 3723 pueriliter
1232 3662 1476 3732 accipere
1503 3642 1610 3721 non
1638 3642 1918 3741 debemus,

345 3736 441 3790 sed
473 3739 668 3792 mentis
697 3744 1107 3802 exsultationem
1139 3760 1194 3804 et
1230 3755 1498 3819 gaudium.
1534 3757 1682 3814 Unde
1707 3769 1761 3814 et
1789 3761 1918 3818 Sara

344 3838 412 3879 ex
450 3830 864 3896 repromissione
893 3839 1054 3905 prolis
1092 3840 1393 3900 laetabunda
1420 3848 1532 3902 ait:
1586 3850 1766 3905 liisum
1793 3855 1919 3910 mihi

344 3918 465 3991 fecit
488 3917 622 3975 Deus
642 3921 796 3991 (Gen.
829 3928 965 3999 xxi).
996 3930 1072 3988 De
1087 3948 1191 4004 quo
1212 3949 1308 4006 per
1328 3937 1540 3997 beatum
1563 3942 1664 3998 Job
1683 3945 1913 4005 dicitur:

343 4005 413 4061 Et
441 4026 498 4064 os
525 4016 781 4069 veracium
831 4020 1125 4089 implebitur
1172 4028 1280 4082 risu
1324 4028 1465 4100 (Job.
1502 4036 1639 4105 vm).
1687 4036 1764 4093 De
1807 4055 1913 4110 quo

342 4096 509 4153 etiam
545 4102 655 4157 risu
705 4105 758 4160 in
806 4107 1050 4169 laudibus
1096 4096 1354 4174 Ecclesia:
1396 4096 1627 4181 dicitur':
1679 4096 1911 4186 Accirixit

338 4192 635 4260 fortitudine
679 4198 875 4255 lumbos
918 4219 1056 4275 suos,
1115 4216 1161 4262 et
1204 4210 1385 4266 ridebit
1432 4215 1484 4269 in
1529 4218 1612 4273 die
1638 4222 1910 4279 novissimo

337 4279 519 4353 (Prov.
545 4288 715 4360 χχιι).
745 4289 878 4357 Quia
907 4310 1034 4351 vero
1067 4313 1159 4368 per
1180 4302 1493 4364 humilitatis
1522 4312 1768 4368 meritum
1793 4329 1909 4386 per-

332 4375 549 4431 venitur
576 4381 643 4435 ad
674 4387 917 4456 martyrii
942 4392 1239 4463 praemium,
1272 4408 1417 4455 recte
1440 4410 1560 4471 post
1584 4405 1715 4460 alias
1742 4407 1908 4464 beati-

332 4467 548 4525 tudines
574 4474 936 4534 subinlertur:
986 4481 1133 4540 Beati
1154 4489 1296 4546 eritis
1324 4467 1452 4547 cum
1465 4513 1552 4551 vos
1591 4500 1786 4556 oderint
1807 4503 1901 4558 ho-

330 4560 514 4630 mines,
545 4574 729 4623 etcum
772 4578 1118 4640 separaverint
1151 4598 1257 4652 vos,
1289 4593 1337 4639 et
1382 4591 1812 4665 erprobraverint,
1850 4608 1899 4653 et

330 4654 567 4722 ejecerint
589 4676 767 4716 nomen
786 4674 1002 4721 vestrum
1019 4676 1258 4741 tanquam
1272 4654 1459 4731 malum
1481 4694 1687 4753 propter
1699 4684 1898 4744 Filium

330 4731 568 4800 nominis.
613 4748 713 4804 Ubi
759 4756 1054 4814 ostenditur
1093 4731 1215 4832 quia
1266 4731 1562 4835 persecuiio
1578 4731 1897 4844 rpravorum

327 4848 434 4890 non
465 4846 548 4892 est
580 4839 835 4908 timenda,
875 4847 969 4901 sed
1000 4851 1173 4917 potius
1200 4869 1319 4911 cum
1365 4858 1573 4917 aﬂ'uerit
1597 4839 1893 4939 toleranda,

326 4929 449 4997 quia
496 4930 630 4985 sicut
674 4931 807 4986 dixit
849 4935 1077 4997 lacubus
1125 4950 1414 5018 apostolus,
1458 4950 1647 5011 Beatus
1687 4960 1764 5013 vir
1807 4929 1896 5032 qui

325 5020 503 5086 stt/fert
529 5026 874 5093 tentationcm,
906 5034 1147 5100 quoniam
1190 5055 1303 5094 cum
1328 5043 1569 5114 probatus
1596 5052 1771 5121 fuerit,
1799 5020 1886 5108 dc-

325 5113 470 5181 cipiet
493 5129 730 5169 coronam
750 5118 885 5188 vitm,
909 5138 1060 5191 quam
1082 5113 1368 5196 repromisit
1396 5136 1534 5193 Deus
1562 5113 1887 5213 diligentibus

322 5215 374 5253 se
400 5200 540 5271 (Jac.
569 5204 633 5271 ι).
683 5204 880 5289 Verum
929 5212 1176 5272 subtilius
1206 5218 1591 5282 discutiendum
1621 5200 1724 5295 est,
1762 5232 1886 5301 quia

320 5305 425 5345 nun
458 5306 553 5347 nos
580 5296 646 5351 ad
678 5286 911 5354 nostram
947 5309 1371 5375 persecutionem
1423 5333 1612 5387 pravos
1640 5321 1883 5384 homines

318 5397 661 5445 commovere
708 5386 1011 5463 debemus,
1040 5400 1135 5454 sed
1187 5405 1363 5472 potius
1406 5386 1526 5466 eum
1578 5414 1780 5484 justitia
1830 5427 1884 5477 et

316 5477 631 5536 rectitudine
673 5496 928 5552 quantum
976 5503 1283 5563 possumus,
1335 5513 1458 5555 cum
1505 5504 1701 5562 fuerint
1735 5523 1882 5566 com-

314 5568 469 5637 moti,
499 5558 758 5643 mitigare.
807 5579 957 5645 Quod
977 5558 1033 5638 si
1062 5586 1339 5654 quiescere
1386 5594 1673 5666 noluerint,
1706 5605 1878 5675 magis

286 5656 732 5731 persecutionem
790 5673 1139 5748 tolerandam,
1196 5697 1355 5751 quam
1402 5687 1661 5756 justitiam
1716 5697 1877 5753 relin-

309 5755 593 5827 quendam.
636 5759 789 5829 Quod
813 5764 948 5823 alius
978 5772 1300 5843 evangelista
1340 5779 1673 5863 manifestius
1697 5785 1873 5846 decla-

1394 320 1853 394 HDMILIARIUS.
1879 367 1948 380 ——
1976 334 2139 399 HOM.
2169 344 2256 402 DE
2291 347 2593 413 SANCTIS.

409 425 590 479 dantes
635 443 689 481 m
729 428 1289 497 stcculo,obtinuerunt
1335 438 1535 497 divitias
1577 443 1751 513 (Psal.
1778 451 1972 523 usu).

409 513 588 571 Rebus
612 527 667 573 et
701 520 890 587 spiritu
920 533 1043 581 sunt
1067 539 1325 597 pauperes
1347 534 1566 601 perfecti
1590 541 1858 611 monachi,
1887 513 1976 614 qui

405 615 625 675 propter
668 608 835 666 Deum
880 613 1055 670 omnia
1126 618 1519 692 relinquentes,
1568 642 1669 686 nec
1736 608 1975 703 corporis

405 696 610 765 proprii
662 710 976 763 potestatem
1030 708 1086 762 in
1128 724 1226 766 suo
1273 714 1498 771 arbitrio
1545 720 1975 791 relinquuntzct

401 783 525 841 ideo
556 798 755 855 quanto
799 792 888 849 hic
937 808 1157 865 propter
1202 802 1370 859 Deum
1424 783 1785 881 pauperior-es,
1828 826 1973 876 tanto

400 874 456 931 in
487 876 659 935 lutura
689 884 793 963 vita
825 895 951 941 sunt
976 888 1218 958 ditiores,
1246 894 1395 963 juxta
1426 874 1833 966 promissionem
1864 909 1970 966 Do-

398 970 527 1024 mini
556 972 824 1031 dicentis:
884 978 1061 1037 Omnis
1101 985 1187 1053 qui
1235 989 1493 1059 reliquerit
1538 994 1764 1063 domum,
1793 1016 1967 1070 agros,

397 1069 591 1129 patrem
612 1076 658 1120 et
681 1076 913 1135 matrem,
967 1073 1146 1141 fratres
1170 1085 1218 1131 et
1259 1094 1478 1146 sorores,
1522 1100 1730 1142 uxorem
1768 1069 1968 1159 αλειίοι

392 1167 597 1224 propter
618 1173 713 1223 me,
743 1163 1032 1231 centuplum
1061 1170 1292 1237 accipiet,
1321 1180 1367 1225 et
1406 1174 1558 1231 vitam
1585 1188 1828 1241 (sternam
1851 1200 1968 1253 pos-

390 1246 573 1303 sidebit
594 1248 806 1319 (blatta.
834 1256 969 1326 nx).
987 1255 1140 1314 Beati
1160 1262 1246 1329 qui
1267 1279 1405 1319 nunc
1424 1268 1648 1339 esuritis,
1676 1274 1800 1338 quia
1822 1246 1963 1331 satu-

389 1339 647 1397 rabimini.
699 1344 833 1411 Quid
888 1350 1093 1406 esurire
1142 1353 1227 1409 vel
1273 1354 1426 1412 sitire
1469 1358 1718 1427 debeant,
1768 1366 1859 1432 qui
1898 1368 1964 1424 ad

387 1426 770 1490 beatitudinem
801 1440 1085 1506 pervenire
1114 1442 1443 1512 desiderant,
1478 1450 1615 1506 alius
1636 1457 1963 1524 evangelista

381 1523 718 1584 manifestius
742 1528 998 1601 declarat,
1027 1534 1209 1590 dicens
1234 1554 1247 1590 :
1276 1538 1422 1594 Beati
1445 1543 1533 1612 qui
1560 1523 1796 1602 esuriant
1811 1559 1863 1606 et
1895 1555 1965 1607 si-

379 1612 513 1667 tiunt
540 1615 816 1688 justitiam,
843 1622 1080 1690 quoniam
1121 1626 1221 1695 ipsi
1257 1636 1620 1690 saturabuntur
1646 1638 1861 1710 (blattis.
1886 1643 1958 1713 v).

380 1700 647 1762 Justitiam
703 1710 897 1780 quippe
950 1717 1155 1773 esurire
1200 1729 1266 1805 et_
1313 1722 1498 1791 sitire,
1557 1700 1665 1782 est.
1694 1746 1960 1805 praecepta

1694 1793 1709 1800 -
1872 1793 1887 1805 .
1939 1793 1942 1794 ν
2424 1793 2710 1818 "unum"...
2765 1793 2845 1824 υδι
2901 1793 2951 1828 ,η

378 1793 476 1853 Dei
505 1798 732 1858 libenter
753 1805 959 1875 audire,
983 1819 1037 1864 et
1064 1796 1318 1869 libentius
1341 1830 1505 1886 opere
1529 1820 1769 1891 implere.
1798 1826 1955 1886 Tales
1986 1807 2033 1870 Β
2060 1840 2239 1908 potius
2270 1848 2630 1920 gaudendum,
2661 1859 2780 1927 quia
2812 1876 3004 1933 quanto

378 1890 520 1933 enim
567 1895 943 1933 Ralllrnhnnlnn
1034 1904 1244 1933 “munt-
1284 1907 1365 1933 ...Α
1416 1911 1689 1933 -.είιμμμω
1750 1918 1785 1933 η
2060 1930 2072 1933 _

3508 384 3646 445 esse

2003 459 2057 516 Α
2080 464 2182 523 rat,
2214 458 2436 518 dicens:
2486 464 2635 522 Beati
2674 469 2765 540 qui
2802 476 3200 545 persecutionem
3239 495 3501 564 patiuntur
3526 521 3643 571 pro-

2077 557 2189 617 pter
2216 555 2492 628 justitiam,
2521 567 2761 631 quontam
2786 571 3015 638 ipsorum
3041 590 3115 635 est
3143 555 3377 657 regnum’
3398 555 3642 656 calorum

2074 637 2295 748 (blattis.
2326 646 2403 717 v).
2448 648 2735 748 .Sustinent
2761 637 2900 719 enim
2931 671 3120 728 multas
3148 637 3511 744 tribulatioues
3541 692 3641 748 ho-

2076 728 2307 800 micidas,
2339 737 2589 809 adulteri,
2632 744 2796 817 fures,
2823 754 3111 817 alienarum
3138 779 3316 823 rerum
3343 774 3638 840 invasores.

2076 817 2179 840 MU
2231 829 2274 840 μ
2469 839 2473 840 ν
2521 832 2552 840 ..

2069 817 2183 877 Nec
2230 829 2406 882 me“
2462 832 2583 888 ῑθηε
2633 845 2930 904 Persecutio
2979 851 3045 904 ad
3094 853 3469 921 beatitudinem
3520 823 3638 939 per:

2072 909 2218 939 Αηιιῖι
2279 931 2389 939 --.μ
2439 936 2525 939 μη-
2577 933 2588 939 -
2701 929 2713 939 ι
2806 932 2818 939 .
2849 935 2859 939 -

2070 909 2240 978 ducit.
2275 931 2392 985 quae
2438 933 2653 993 propter
2693 929 2949 997 justitiam
2992 947 3299 1008 sustinetur.
3350 954 3499 1014 Unde
3520 909 3637 1021 lnos

2069 1004 2321 1064 admonet
2346 1013 2533 1071 beatus
2575 1021 2780 1096 Petrus,
2826 1029 3044 1091 dicens:
3099 1039 3263 1097 Nemo
3300 1061 3514 1107 vesnum
3540 1075 3636 1126 ρα-

2071 1094 2225 1126 unt..-
2249 1105 2388 1126 -..μβ
2425 1106 2476 1126 ι,
2542 1112 2554 1122 ι
2590 1112 2602 1125 υ
2626 1114 2637 1126 ,
2841 1122 2852 1126 -

2069 1094 2225 1149 “an”
2244 1105 2388 1168 φιαδί
2417 1106 2689 1181 “nihil”.
2715 1128 2803 1173 απιι
2828 1122 2933 1190 [ω’.
2961 1138 3049 1180 aut
3076 1133 3295 1205 adulter,
3325 1154 3411 1195 aut
3450 1094 3633 1216 rapx,

2072 1182 2131 1216 c.-
2157 1197 2320 1216 ηιμ-
2441 1198 2501 1216 ρ,
2549 1201 2560 1212 .
2597 1205 2626 1216 ..

2828 1182 2837 1189 ,
2917 1182 2930 1190 1
3096 1182 3261 1190 νη---νν-
3282 1182 3295 1205 ν
3325 1182 3409 1195 ιθιιυ
3450 1182 3633 1216 Παρία...

2067 1182 2131 1261 Si
2154 1197 2320 1244 autem
2348 1203 2402 1248 ut
2439 1198 2773 1274 Christianus,
2803 1227 2905 1267 non
2946 1220 3221 1290 erubescat,
3272 1232 3361 1285 sed
3387 1239 3634 1306 glori/icet

2076 1274 2231 1306 nn...“
2255 1282 2304 1306 ι--
2328 1285 2419 1306 ι-.-
2581 1293 2593 1305 ο
2691 1298 2732 1306 ι·
2769 1299 2801 1306 —

3272 1274 3358 1285 η..
3422 1274 3513 1292 ,νη
3540 1274 3633 1298 σιω

2066 1274 2233 1337 Deum
2253 1282 2305 1338 in
2325 1285 2425 1341 isto
2454 1293 2656 1349 nomine
2682 1298 2732 1364 (l
2762 1299 2874 1357 l'et.
2908 1308 3011 1377 ιν).
3056 1310 3125 1365 Et
3162 1319 3273 1385 quis
3290 1334 3363 1375 est
3384 1274 3471 1394 qui
3498 1274 3633 1388 vlobis

2063 1381 2257 1439 noceat,
2290 1375 2335 1429 si
2382 1378 2499 1435 boni
2545 1390 2864 1448 aemulatores
2906 1375 3301 1468 fueritis?.Scd
3347 1375 3465 1471 elisi
3511 1425 3632 1490 quid

2062 1463 2298 1531 patimini
2339 1480 2544 1541 propter
2581 1480 2860 1551 justitiam,
2906 1463 3044 1547 beati
3090 1496 3137 1564 (Ι
3183 1463 3296 1558 Bel.
3332 1463 3630 1577 ὅτιᾟὲ

2061 1557 2476 1621 recte~8alvator
2498 1574 2763 1632 concludit
2789 1580 3006 1639 dicens:
3056 1557 3279 1649 Gaudete
3316 1599 3367 1653 in
3393 1557 3503 1656 lilta
3527 1608 3627 1675 die,

2060 1661 2108 1759 ett
2133 1657 2400 1731 exsultate,
2427 1678 2541 1721 ecce
2560 1669 2694 1723 enim
2717 1690 2902 1733 merces
2930 1693 3090 1739 vestra
3127 1691 3287 1745 multa
3309 1703 3383 1748 est
3411 1698 3463 1751 in
3483 1702 3628 1759 (celo.

2388 1720 2399 1731 I
2522 1720 2527 1721 ,
2718 1720 2901 1733 --.ην-,υ
2932 1720 3090 1739 νιοιιιι
3128 1720 3286 1745 usttttu
3309 1720 3379 1748 est
3411 1720 3463 1751 τη
3483 1720 3628 1759 σωιο.

2060 1720 2201 1801 Nou'
2228 1751 2370 1807 enim
2424 1755 2710 1818 dolendum
2765 1780 2845 1824 est
2901 1772 2951 1828 in
3009 1785 3485 1858 persecutiouibus,
3534 1798 3628 1854 sed

3045 1871 3133 1929 hic
3162 1880 3383 1950 quisque
3414 1898 3627 1956 propter

2051 1930 2312 2000 justitiam
2341 1940 2525 1998 durius
2564 1947 2838 2025 afﬂigitur,
2873 1965 3019 2017 tanto
3043 1964 3246 2024 dulcius
3286 1930 3337 2026 in
3364 1930 3626 2036 cmlorre-

2055 2028 2455 2088 munerabitur.
2508 2035 2659 2095 Unde
2699 2052 2752 2098 et
2801 2044 3029 2107 Jacobus
3079 2058 3348 2131 admonet,
3396 2068 3623 2128 dicens:

2058 2114 2226 2174 Omne
2245 2126 2488 2193 gaudium
2528 2132 2826 2207 existimate,
2852 2141 3056 2215 fratres,
3086 2166 3200 2206 cum
3238 2157 3291 2209 in
3328 2166 3622 2222 tentatt'oues

2052 2212 2539 2290 varias'incideritis,
2582 2230 2792 2287 scientes
2837 2241 2972 2304 quod
3016 2234 3247 2312 probatio
3286 2253 3409 2318 ﬁdei
3449 2268 3625 2313 vestra:

2051 2306 2210 2359 multo
2252 2313 2522 2379 pretiosior
2564 2330 2637 2375 est
2678 2340 2807 2381 auro
2843 2332 2981 2397 quod
3030 2352 3121 2402 per
3167 2340 3335 2409 ignem
3378 2350 3623 2415 probatur

2053 2393 2168 2415 ,,“
2222 2397 2258 2415 Α
2325 2402 2381 2415 η,
2448 2405 2479 2415 ..
2630 2413 2639 2415 μ

2044 2393 2190 2465 (Jac.
2221 2397 2282 2469 ι).
2323 2402 2387 2457 Et
2411 2405 2512 2460 alia
2538 2413 2797 2482 scriptura
2825 2393 3012 2477 :VVasa
3030 2393 3618 2512 'liguli‘probatrfurnax,

2041 2495 2095 2549 et
2122 2490 2351 2551 homines
2385 2498 2561 2567 justas
2592 2508 2802 2562 tentatio
2833 2490 3172 2579 tribulatidnis
3203 2524 3389 2595 (Eccli.
3413 2490 3617 2606 sum):

2049 2575 2179 2606 11:..-
2218 2591 2264 2606 ,ιι
2298 2583 2500 2606 04--.,
2757 2598 2789 2606 ..
2861 2602 2869 2606 .
2953 2605 2956 2606 ,

2046 2575 2181 2635 Hinc
2216 2591 2267 2636 et
2298 2583 2541 2644 Salvator
2581 2607 2698 2650 cum
2739 2598 3027 2675 discipulos
3075 2612 3139 2667 ad
3194 2575 3615 2685 persecutionem

2045 2670 2375 2752 golerandam
2398 2678 2723 2754 hortaretur,
2748 2691 2826 2746 sui
2851 2701 3151 2768 exemplum
3179 2712 3371 2781 posuit,
3396 2716 3611 2776 dicens:

2052 2757 2107 2781 ο,
2472 2771 2484 2781 .

3007 2757 3023 2768 .
3103 2757 3150 2761 -ήν
3179 2757 3371 2781 |""'"l
3397 2757 3577 2776 υινυυδ
3598 2765 3610 2775 ·

2044 2757 2107 2831 §i
2133 2777 2210 2818 me
2234 2771 2484 2832 persecuti
2526 2788 2665 2843 sunt,
2697 2788 2744 2834 et
2772 2798 2855 2838 vos
2889 2804 3289 2867 persequentur;
3333 2806 3381 2860 si
3417 2825 3613 2868 sermo-

2918 3173 3004 3212 vos
3030 3166 3251 3221 mundus
3292 3169 3468 3241 (Joan.
3497 3180 3603 3251 xv).

2928 3248 3135 3309 Domini
3166 3271 3497 3333 praeceptum.
3516 3248 3602 3329 vel

2032 3318 2357 3384 exemplum,
2391 3325 2570 3379 saeculi
2604 3326 2758 3399 hujus
2805 3345 3024 3396 cunctas
3050 3318 3397 3410 adversitates
3422 3372 3599 3427 requa-

2030 3405 2243 3461 nimiter
2271 3409 2431 3480 terre,
2474 3417 2704 3479 scientes
2753 3425 2876 3494 quia
2903 3430 2947 3487 si
2986 3433 3143 3491 electi
3189 3454 3375 3500 sumus
3413 3405 3598 3521 ah‘eo,

2030 3511 2131 3521 ...ι-ι
2165 3499 2227 3521 -.ι
2276 3505 2452 3521 mue"
2654 3511 2690 3521 “·
2837 3517 2849 3521 ‘

2028 3511 2133 3552 non
2162 3499 2228 3553 ad
2271 3505 2461 3571 gaudia
2508 3511 2712 3579 mundi,
2755 3517 2850 3572 sed
2895 3521 3035 3578 sicut
3078 3526 3192 3597 ipse
3237 3533 3430 3593 missus
3459 3499 3592 3599 estal

2025 3582 2204 3655 Patre,
2232 3604 2391 3660 quem
2439 3610 2536 3664 pro
2581 3600 2799 3660 humani
2838 3613 3050 3679 generis
3096 3582 3462 3694 redemptione
3500 3626 3592 3689 in-

2024 3681 2237 3734 carnari
2267 3684 2565 3754 constituit,
2594 3693 2659 3747 ad
2692 3696 2969 3762 passiones
2989 3704 3214 3766 mittitur
3234 3681 3294 3768 in.
3314 3722 3589 3780 mundum.

2020 3769 2169 3827 Inter
2196 3776 2447 3832 scandala
2475 3782 2635 3850 igitur
2662 3800 3054 3853 persecutorum
3083 3802 3358 3864 tolerantia
3384 3815 3449 3869 sit
3474 3830 3590 3884 pas~

2018 3861 2229 3918 sionum
2259 3904 2276 3933 ,
2335 3878 2542 3927 terrena
2602 3876 2864 3938 desideria
2913 3901 3031 3955 qua:
3080 3906 3330 3964 separant
3376 3917 3407 3957 a
3453 3861 3585 3978 Ilico,

2020 3954 2276 3978 ...Δῃὼ
2517 3966 2530 3978 .
2621 3971 2635 3978 -

2015 3954 2302 4031 fugientes,
2329 3970 2388 4019 ut
2428 3966 2669 4028 caelestia
2715 3954 3016 4039 mereamur
3050 3954 3303 4065 consequi
3348 3954 3582 4069 praemia:

2012 4048 2209 4112 Amen.

2463 4157 2820 4221 HOMILIA
2871 4168 3137 4233 LXXX.

2503 4266 2627 4308 ΙΤΕΜ
2655 4271 2721 4310 DE
2748 4274 3093 4323 IABTYRIBUS.

2338 4333 2441 4425 (Ex
2477 4343 2787 4437 Opprheati
2817 4353 3057 4426 Gregorii
3086 4365 3277 4437 papae.)

2080 4423 2149 4479 In
2192 4427 2283 4483 illo
2332 4423 2555 4503 tempore
2603 4436 2735 4494 dixit
2781 4423 2947 4517 .lesusv
2975 4423 3238 4512 discipulis
3254 4423 3420 4516 lsuis:
3449 4462 3578 4522 Cum

2008 4516 2277 4574 audieritis
2301 4524 2481 4591 praelia
2506 4537 2552 4581 et
2593 4532 2883 4603 seditiones,
2914 4540 3071 4595 nolite
3122 4550 3313 4603 terreri.
3368 4551 3579 4624 Oportet

2007 4606 2230 4678 primum
2270 4611 2376 4667 haec
2414 4616 2545 4687 ﬁeri,
2590 4621 2680 4674 sed
2706 4626 2929 4682 nondum
2956 4633 3126 4688 statim
3152 4636 3291 4705 finis.
3322 4606 3466 4699 Tunc
3488 4651 3579 4705 di...

2008 4702 2146 4754 cebat
2170 4702 2271 4759 illis
2293 4720 2314 4760 :
2334 4707 2524 4780 Surget
2549 4724 2668 4784 gens
2691 4728 2866 4772 contra
2893 4733 3115 4793 gentem,
3152 4702 3207 4783 tet
3234 4748 3440 4804 regnum
3475 4743 3575 4794 ad-

2005 4808 2176 4850 versus
2203 4814 2436 4869 regnum,
2479 4814 2527 4858 et
2566 4816 2881 4866 terrtcmotus
2917 4818 3091 4889 magni
3126 4831 3272 4876 erunt
3320 4844 3409 4895 per
3438 4831 3570 4901 loca,

2005 4894 2052 4939 et
2076 4889 2388 4963 pestilentiae,
2431 4905 2480 4949 et
2508 4896 2685 4965 fames,
2735 4912 3039 4975 terroresque
3067 4909 3131 4985 de
3161 4889 3329 4985 caelo,-
3350 4929 3399 4974 et
3422 4889 3569 4995 signd

2006 4996 2193 5052 magna
2221 4980 2387 5052 erunt,
2425 4996 2526 5043 etc.
2558 4988 2710 5059 (Luc.
2744 4996 2881 5067 Συ).

2062 5075 2199 5144 Quia
2228 5080 2439 5150 longius
2461 5085 2528 5139 ab
2549 5088 2681 5144 urbe
2718 5090 2944 5181 digressi
2971 5110 3178 5167 sumus,
3202 5112 3305 5160 etc.
3343 5105 3561 5181 Reliqua

1991 5166 2106 5222 vide
2131 5174 2271 5234 apud
2298 5184 2526 5228 sanctum
2569 5177 2869 5251 Gregorium
2910 5185 3129 5275 Operam
3157 5197 3270 5268 ejus
3312 5209 3447 5257 tomo
3468 5166 3558 5275 l1,

1991 5254 2300 5343 Patrologia:
2324 5264 2583 5336 LXXVI,
2612 5273 2707 5326 col.
2742 5273 2896 5333 1259.
2958 5254 2967 5259 ’
3106 5270 3109 5275 ’
3176 5254 3199 5297 '-

2497 5360 2779 5420 HOMILIA
2816 5367 3051 5431 LXXXI.

2436 5466 2564 5507 ΙΤΕΜ
2626 5471 2691 5510 DE
2752 5475 3097 5523 MARTYBIBUS.

1988 5535 2089 5610 (Ex
2117 5548 2308 5631 sanct'o
2339 5542 2656 5631 Augustino,
2688 5549 2741 5631 in
2776 5551 2916 5610 libro
2944 5557 3029 5631 cui
3057 5559 3276 5619 titulus:
3320 5567 3396 5626 De
3426 5571 3551 5631 Ser-

2088 5625 2247 5667 mone
2269 5612 2475 5670 Domini
2504 5618 2553 5671 in
2578 5612 2754 5678 Monte
2775 5628 3063 5685 secundum
3087 5612 3438 5716 uiiiita'etfnij

2051 5700 2117 5757 In
2160 5705 2252 5760 illo
2297 5716 2521 5779 tempore
2559 5714 2732 5770 videns
2774 5715 2928 5775 Iesus
2968 5724 3167 5797 turbas,
3214 5700 3442 5789 ascendit
3487 5739 3543 5793 in

1978 5808 2234 5862 montem:
2265 5811 2312 5855 et
2340 5818 2452 5889 cum
2479 5808 2707 5889 sedisset,
2731 5826 3044 5899 accesserunt
3068 5824 3134 5877 att
3160 5841 3273 5881 eum
3294 5827 3543 5891 discipuli
