4096 6346
522 264 657 323 1551

1374 263 1578 322 PAULI
1613 261 1891 320 DIACONI
1927 261 2080 319 OPP.
2121 260 2299 319 PARS
2336 259 2401 317 II.
2443 287 2513 302 —
2550 256 2909 344 ASCETICA.

3624 257 3775 357 gi!

517 388 667 457 ejus;
704 390 756 437 et
782 382 1018 453 aperiens
1044 365 1102 436 os
1126 396 1295 448 mum,
1328 382 1538 437 docebat
1563 396 1675 448 eos,
1697 378 1869 435 dicens
1892 394 1912 435 :
1943 378 2089 436 Beati
2113 380 2167 443 Δ
2192 377 2302 434 Iste
2328 385 2509 433 autem
2539 376 2703 431 homo
2729 380 2957 445 peregre
2982 363 3252 441 prolectus
3282 379 3387 442 est,
3417 359 3632 446 quando
3656 359 3777 434 car;

516 490 765 546 pauperes
792 473 999 542 spiritu,
1024 481 1129 528 etc.
1160 471 1377 543 (Matth.
1405 472 1487 543 v).

584 567 899 622 Sermonem
922 579 1082 636 quem
1108 565 1319 620 locutus
1340 573 1421 620 est
1444 563 1704 620 Dominus
1727 571 1912 619 noster
1932 562 2089 619 Iesus

516 661 762 718 Christus
810 663 864 716 in
912 670 1129 727 monte,
1178 660 1315 715 sicut
1360 658 1414 713 in
1458 658 1747 728 Evangelia
1793 657 2087 714 secundum

514 754 819 813 Mattbatum
846 753 1094 823 legimus,
1122 760 1227 807 etc.
1280 751 1499 819 Reliqua
1532 750 1646 803 vide
1673 750 1811 818 apud
1848 758 2087 803 sanctum

511 847 892 917 Augustinum,
952 845 1173 916 Operam
1222 844 1332 915 ejus
1382 850 1517 897 tomo
1568 838 1666 895 Ill
1698 882 1715 911 ,
1773 839 2086 910 Patrologite

509 937 749 1008 XXXV,
776 937 878 994 col.
904 936 1063 994 1229.

1003 1026 1281 1084 HOMILIA
1317 1024 1581 1082 LXXXII.

968 1135 1019 1175 ιτ
1026 1135 1095 1175 ΕΙ
1154 1134 1222 1173 DB
1272 1132 1623 1173 IARTYRIBUS.

509 1217 614 1290 (Ex
652 1230 773 1274 ven.
819 1212 979 1270 Beda;
1020 1213 1074 1268 in
1117 1209 1667 1350 Liliicbtelﬁvfngelium
1710 1208 2079 1280 expositione,

580 1379 646 1435 In
688 1381 780 1433 illo
821 1387 1044 1449 tempore
1071 1376 1205 1430 dixit
1235 1374 1387 1428 Iesus
1419 1372 1689 1443 discipulis
1717 1372 1822 1426 suis
1845 1388 1865 1427 :
1897 1372 2082 1427 Atten—

503 1475 607 1528 dite
627 1488 658 1526 a
680 1472 927 1536 fermento
950 1468 1357 1535 Pharisworum,
1378 1463 1511 1536 quod
1538 1472 1612 1519 est
1640 1462 1947 1535 hypocrisis,
1973 1471 2079 1519 etc.

532 1563 657 1619 Luc.
691 1563 806 1619 xu).

532 1563 657 1619 Luc.
691 1577 760 1617 xu
792 1605 806 1618 .

505 1566 522 1636 (
577 1652 658 1707 Ad
703 1562 806 1705 ho)c
847 1648 1166 1704 fermentum
1209 1646 1477 1719 pertinent
1512 1645 1689 1700 omnia
1717 1657 1837 1713 qua:
1864 1654 2078 1697 recum-

2192 486 2317 528 nem
2347 486 2499 527 suam
2529 483 2689 540 quam
2735 482 2804 524 ex
2854 466 3161 523 hominibus
3207 469 3539 538 assumpsit,
3588 485 3780 528 ascen-

2188 563 2370 621 dendo
2400 566 2454 619 in
2482 563 2680 620 coelum
2711 560 2965 618 elevavit.
3015 560 3094 615 Ex
3124 575 3190 616 eo
3218 562 3363 617 enim
3397 570 3639 633 tempore
3666 579 3777 636 quo

2192 658 2368 726 primo
2399 655 2600 711 homini
2628 655 2830 709 dictum
2861 661 2981 709 est:
3013 653 3177 708 Terra
3202 671 3275 723 es,
3306 664 3353 709 et
3382 658 3437 711 in
3466 665 3655 713 terram
3680 659 3775 715 ibis

2187 746 2345 819 (Gen.
2374 747 2478 817 Ill),
2512 745 2661 801 locus
2689 745 2938 815 proprius
2966 744 3174 813 carnis,
3206 753 3349 802 terra
3378 756 3483 804 est.
3532 748 3640 805 Sed
3672 749 3774 808 iste

2186 840 2348 896 homo
2378 854 2602 911 peregre
2629 838 2901 910 profectus
2947 845 3027 894 est
3053 881 3070 906 ,
3120 840 3241 908 quia
3294 853 3423 896 caro
3468 856 3627 909 quam
3679 858 3764 897 as-

2185 933 2444 1002 sumpsit,
2487 946 2592 987 non
2622 930 3025 1002 corruptionem
3052 930 3217 996 vidit,
3269 932 3367 987 sed
3416 940 3542 1001 post
3586 948 3769 990 resur-

2185 1024 2482 1080 rectionem
2510 1023 2564 1079 in
2594 1022 2762 1080 cmlos
2788 1021 3050 1078 ascendit.
3100 1020 3266 1091 Hujus
3311 1022 3545 1081 hominis
3583 1026 3764 1095 servi,

2186 1114 2433 1171 homines
2463 1123 2620 1181 sunt,
2655 1128 2793 1183 quos
2816 1114 2885 1169 ad
2914 1114 3257 1171 serviendum
3284 1116 3423 1183 sibi,
3456 1133 3623 1189 seque
3652 1119 3770 1174 Iau-

2187 1206 2423 1262 dandum
2474 1205 2827 1262 rationabiles
2872 1206 3134 1262 condidit.
3186 1206 3320 1263 Huic
3348 1216 3529 1266 autem
3561 1212 3767 1268 homini

2184 1297 2412 1364 servire,
2448 1310 2658 1354 summa
2688 1297 2904 1353 libertas
2937 1306 3053 1365 est;
3085 1299 3154 1354 ab
3181 1298 3300 1368 ejus
3327 1302 3587 1359 servitute
3612 1318 3770 1360 rece-

2185 1390 2338 1457 dere,
2369 1389 2678 1460 turpissima
2708 1391 2940 1445 servitus
2971 1397 3073 1446 est.
3115 1390 3285 1461 Hujus
3314 1406 3375 1449 se
3398 1407 3611 1449 servum
3640 1395 3767 1465 glo-

2183 1479 2422 1536 riabatur
2452 1479 2647 1534 Paulus
2677 1493 2798 1535 cum
2840 1478 3051 1534 dicebat
3076 1498 3089 1532 :
3138 1478 3341 1536 Paulus
3375 1500 3543 1539 seruus
3569 1478 3770 1542 Christs

2180 1570 2332 1627 Iesu.
2383 1571 2451 1626 Et
2478 1571 2712 1627 iterum:
2744 1570 2951 1625 Gratias
2979 1586 3075 1641 ago
3105 1569 3216 1627 Deo
3251 1588 3384 1638 meo,
3420 1575 3511 1629 cui
3541 1578 3700 1631 seruio
3731 1593 3769 1632 a

2184 1663 2591 1734 progenitoribus
2615 1664 2738 1717 meis
2762 1661 2850 1734 (II
2879 1662 3012 1718 Tim.
3042 1661 3107 1732 I).
3140 1663 3209 1718 Et
3228 1662 3430 1720 Psalm.
3462 1664 3574 1739 Ego
3596 1684 3767 1725 servus

504 1748 634 1802 hens
664 1745 802 1814 apud
846 1743 1175 1799 Pharisteum
1216 1741 1463 1812 superius
1492 1739 1861 1829 disputaverat
1891 1734 2075 1829 Domi-
2106 1740 2155 1802 B
2182 1765 2331 1823 ιωη⁹
2372 1765 2420 1811 ει
2447 1757 2586 1825 [sum
2615 1754 2824 1811 αηείιιω
2868 1765 2969 1810 ωας
2995 1754 3170 1827 (Psal.
3198 1756 3346 1828 cxv).
3401 1758 3473 1815 Et
3509 1734 3716 1817 iterum
3742 1800 3763 1829 ,

499 1852 622 1906 nus,
651 1846 755 1891 etc.
814 1835 1031 1904 Reliqua
1061 1833 1173 1888 vide
1206 1832 1429 1901 Operum
1454 1845 1569 1884 ven.
1602 1827 1758 1885 Beda:
1785 1835 1922 1881 tomo
1953 1822 2074 1894 III,

498 1928 817 2001 Patroloqite
843 1925 998 1981 XXX
1016 1926 1078 1991 V,
1112 1925 1211 1981 col.
1234 1922 1361 1980 48⁵1.

983 2019 1263 2077 HOMILIA
1304 2016 1589 2074 LXXXIII.

887 2108 1047 2149 ITIH
1111 2107 1186 2146 υε
1242 2104 1683 2146 IARTYRIBUS.

502 2185 613 2259 (Ex
644 2187 784 2243 beati
817 2183 1148 2259 Hieronymi
1174 2176 1890 2259 in__I§vangelium_Mattimt
1917 2176 2078 2234 Com-

904 2250 1204 2319 mentariis,
1234 2252 1324 2308 lib.
1354 2266 1393 2320 ι,
1423 2250 1544 2319 eap.
1572 2250 1653 2319 x.)

2179 1846 2369 1903 Seruus
2398 1856 2515 1902 tuus
2539 1862 2654 1902 sum
2678 1863 2768 1919 ego
2785 1845 2959 1918 (Psal.
2976 1846 3185 1917 cum).
3218 1847 3365 1904 Bona
3390 1857 3572 1907 autem
3600 1852 3763 1922 hujus

2178 1935 2436 2002 hominis,
2465 1936 2768 2007 spiritualia
2799 1938 2937 1994 dona
2968 1948 3112 2006 sunt,
3146 1938 3202 1995 id
3230 1948 3334 2006 est,
3362 1941 3593 2001 virtutes
3637 1945 3762 2000 ani-

2176 2041 2304 2095 mas,
2333 2042 2451 2096 quae
2481 2026 2549 2083 de
2576 2027 2695 2095 ejus
2723 2027 2964 2084 bonitate
2993 2037 3118 2085 sunt
3144 2037 3305 2095 natm,
3336 2040 3394 2085 et
3422 2032 3567 2089 illius
3596 2033 3763 2106 largi-

2179 2125 2291 2175 tate
2318 2118 2475 2174 nobis
2499 2119 2731 2189 collatas,
2751 2121 2927 2191 qualis
2952 2129 3034 2177 est
3054 2121 3312 2189 charitas,
3332 2138 3454 2193 pax,
3478 2126 3758 2195 patientia,

2177 2207 2475 2278 humilitas,
2507 2210 2749 2278 castitas,
2781 2211 3070 2278 sobrietas,
3118 2221 3174 2269 et
3215 2212 3299 2270 his
3345 2215 3562 2271 similia.
3617 2218 3759 2290 Ergo

573 2350 641 2404 In
680 2349 773 2404 illo
816 2302 1207 2418 mugisse;
1234 2302 1398 2401 vti-iii;
1424 2302 1697 2415 uicisti.
1741 2345 1848 2399 suis
1872 2359 1893 2399 .-
1922 2342 2077 2398 Nihil
2177 2302 2848 2418 [’ffegffhpfffﬁffﬂ'fng
2877 2305 3336 2418 Ϊξῗῗξξῗηξθξῖίξ
3358 2309 3763 2418 ﬁgi???

498 2454 730 2515 opertum
758 2441 895 2512 quod
932 2456 1035 2495 non
1074 2440 1341 2505 reveletur,
1386 2447 1432 2493 et
1474 2436 1605 2492 nihil
1645 2437 1900 2492 occultum
1939 2430 2078 2505 quod

498 2554 596 2591 non
627 2536 840 2598 sciatur,
867 2541 971 2589 etc.
1006 2531 1224 2602 (Matth.
1258 2531 1337 2602 x).

502 2648 511 2661 ι
568 2630 634 2684 Et
662 2625 932 2697 quomodo
974 2626 1027 2679 in
1073 2622 1324 2695 praesenti
1367 2621 1567 2678 sarculo
1598 2619 1901 2676 multorum
1942 2607 2074 2672 vitia

497 2720 852 2777 nesciuntur?
881 2725 983 2775 etc.
1041 2716 1259 2787 Reliqua
1285 2716 1398 2771 vide
1429 2716 1656 2786 Operum
1684 2713 1849 2769 sancti
1887 2710 2075 2766 Hiero-

498 2813 638 2883 nymi
664 2819 800 2866 tomo
828 2808 957 2874 V11,
989 2806 1309 2880 Patrologia:
1335 2805 1436 2859 XX
1452 2805 1549 2873 VI,
1581 2804 1685 2861 col.
1713 2805 1804 2862 (35.

917 2896 1258 2955 IIOMILIA
1309 2896 1643 2953 LXXXIV.

1006 2986 1075 3026 DE
1112 2982 1549 3025 CONFESSOHIBUS.

888 3064 992 3137 (Ex
1019 3066 1158 3135 Opp.
1186 3063 1329 3120 beati
1369 3059 1684 3133 Fulgentii.)

568 3159 876 3216 Dominicus
912 3172 1113 3227 sermo,
1147 3167 1252 3213 etc.
1303 3156 1524 3229 Reliqua
1576 3158 1689 3210 vide
1729 3156 1861 3210 inter
1901 3152 2073 3225 Opera

501 3255 664 3313 sancti
689 3252 971 3324 Fulgentii,
1006 3251 1323 3321 Patrologia:
1351 3260 1486 3305 tomo
1515 3248 1683 3318 LXV,
1712 3248 1815 3303 col.
1838 3247 1963 3303 719.

992 3340 1275 3397 HOMILIA
1311 3339 1573 3395 LXXXV.

926 3426 1053 3466 ITBI
1102 3426 1170 3466 DE
1207 3425 1644 3467 CONFESSORIBUS.

576 3508 635 3565 In
678 3508 769 3564 illo
812 3515 1033 3579 tempore
1070 3504 1200 3560 dixit
1244 3503 1398 3559 Iesus
1440 3504 1710 3571 discipulis
1754 3503 1863 3558 suis
1915 3517 2073 3573 para-

495 3602 663 3656 bolam
708 3600 843 3653 hanc
887 3614 905 3651 :
961 3595 1135 3652 Homo
1179 3594 1393 3667 quidam
1441 3609 1652 3666 peregre
1700 3594 2071 3664 proﬁciscens,

493 3692 684 3751 vocavit
729 3706 899 3748 seruos
946 3706 1087 3761 suos,
1137 3698 1186 3745 et
1233 3686 1448 3745 tradidit
1488 3687 1594 3744 illis
1640 3686 1773 3743 bona
1814 3703 1930 3757 sua,
1961 3698 2071 3745 etc.

497 3790 715 3864 (Matth.
747 3790 902 3861 xxv).

566 3879 752 3936 Lectio
782 3880 954 3937 sancti
983 3880 1299 3953 Evangelii,
1346 3881 1541 3938 fratres
1570 3878 1872 3938 charissimi
1897 3918 1915 3945 ,
1964 3885 2072 3935 etc.

492 3975 710 4044 Reliqua
745 3975 858 4029 uide
889 3975 1117 4045 Operum
1141 3976 1308 4031 sancti
1332 3973 1570 4047 Gregorii
1599 3982 1735 4030 tomo
1762 3972 1849 4040 ll,
1882 3968 2076 4027 Patro-

493 4066 642 4137 logia:
665 4062 816 4120 LXX
830 4062 905 4119 γι
912 4104 927 4132 ,
958 4065 1062 4120 col.
1091 4064 1251 4121 £106.

983 4157 1264 4214 HOMILIA
1302 4157 1442 4214 LXX
1452 4156 1590 4213 XVI.

920 4243 1052 4285 ΙΤΕΙ
1103 4244 1172 4284 DE
1218 4243 1654 4286 CONFESSOBIBUS.

1056 4321 1157 4391 (Ex
1184 4320 1507 4394 Haymone.)

560 4414 632 4469 In
669 4415 762 4471 illo
809 4421 1035 4485 tempore
1079 4414 1213 4469 dixit
1255 4412 1410 4470 Iesus
1450 4413 1719 4486 discipulis
1761 4412 1871 4468 suis
1912 4427 2072 4483 para-

2176 2408 2300 2461 sua,
2326 2394 2452 2463 quia
2484 2394 2851 2464 spiritualibus
2877 2395 3176 2465 spiritualia
3204 2397 3343 2455 dona
3366 2401 3651 2458 concessit.
3686 2403 3766 2461 Et

2175 2486 2513 2566 quia‘eadem
2556 2486 2702 2544 dona
2751 2503 2862 2545 non
2908 2502 3094 2546 omnes
3143 2493 3420 2560 aequaliter
3447 2496 3762 2566 accipiunt,

2173 2577 2269 2634 sed
2295 2561 2592 2634 secundum
2619 2578 2800 2634 dantis
2824 2578 3280 2651 distributionem,
3304 2583 3442 2641 alius
3462 2561 3602 2655 plus,
3625 2561 3764 2645 alius

2173 2667 2349 2725 minus
2387 2669 2597 2739 prolicit
2617 2710 2633 2737 ,
2684 2678 2831 2726 recte
2864 2669 3100 2727 dicitur:
3133 2672 3200 2728 Et
3231 2675 3323 2728 uni
3351 2675 3494 2730 dedit
3521 2678 3749 2748 quinque

2174 2761 2385 2827 talenta,
2417 2762 2513 2816 alii
2541 2762 2667 2829 duo,
2698 2762 2792 2817 alii
2818 2778 2938 2819 uero
2965 2780 3142 2833 unum,
3175 2766 3449 2833 unicuique
3474 2770 3757 2825 secundum

2056 2858 2057 2861 ‘
2172 2852 2436 2923 propriam
2465 2853 2697 2909 virtutem
2716 2894 2734 2920 ,
2781 2865 2829 2910 et
2856 2855 3112 2926 profectus
3138 2866 3211 2912 est
3240 2860 3437 2913 statim.
3495 2860 3645 2917 Sicut
3676 2873 3760 2918 ta-

2174 2941 2390 2999 lentum
2437 2942 2579 3012 apud
2624 2943 2873 3015 antiquos
2902 2927 3068 3003 variis
3109 2946 3281 3003 modis
3325 2948 3641 3018 librabatur,
3686 2954 3758 3010 ita

2175 3032 2318 3090 dona
2345 3034 2584 3105 Spiritus
2608 3036 2779 3093 sancti
2803 3036 3017 3095 diversa
3041 3046 3167 3095 sunt
3191 3039 3347 3110 juxta
3374 3042 3756 3112 accipientium

2098 3101 2147 3166 ο
2176 3127 2374 3183 merita
2389 3101 2512 3183 non
2543 3127 2598 3182 in
2633 3142 2715 3194 se,
2743 3127 2838 3184 sed
2867 3128 2923 3185 in
2951 3128 3056 3185 illis
3081 3131 3171 3200 qui
3191 3101 3265 3187 *εει
3294 3101 3585 3203 accipin-nt.
3626 3136 3757 3191 Nam

2177 3219 2248 3275 ab
2290 3236 2401 3277 uno
2437 3220 2667 3277 Domino
2697 3220 2912 3277 diversa
2942 3221 3081 3277 dona
3128 3224 3304 3279 servis
3344 3225 3560 3291 dantur,
3606 3228 3757 3296 juxta

2177 3310 2311 3368 illud
2355 3312 2499 3383 quod
2543 3312 2615 3367 ait
2663 3312 2990 3381 Apostolus:
3022 3312 3127 3368 Alii
3151 3315 3357 3384 quidem
3386 3332 3475 3386 per
3505 3318 3757 3389 Spiritum

2179 3406 2336 3460 datur
2361 3421 2527 3461 sermo
2555 3406 2838 3476 sapientiae,
2869 3408 2965 3461 alii
3002 3416 3172 3463 autem
3210 3425 3378 3465 sermo
3418 3411 3643 3467 scicntiw
3678 3429 3756 3468 sc-

2178 3497 2405 3553 cundum
2428 3498 2670 3552 eumdem
2701 3498 2977 3569 Spiritum,
3020 3498 3169 3554 alteri
3192 3500 3323 3569 ﬁdes
3351 3500 3402 3555 in
3428 3501 3751 3571 eodemSpi-

2176 3588 2301 3656 ritu,
2324 3587 2419 3642 alii
2445 3588 2616 3660 gratia
2641 3589 2915 3644 sanitatum
2943 3590 2997 3643 in
3028 3606 3131 3644 uno
3159 3589 3383 3661 Spiritu,
3405 3592 3493 3645 alii
3518 3595 3751 3664 operatio

2177 3682 2444 3747 uirtutum,
2473 3681 2567 3736 alii
2610 3683 2901 3753 praphetia,
2930 3683 3022 3736 alii
3051 3683 3289 3739 discretio
3319 3685 3630 3757 Spirituum,
3667 3686 3763 3742 alii

2178 3789 2369 3843 genera
2395 3774 2728 3845 linguarum,
2776 3775 2871 3829 alii
2894 3776 3246 3845 interpretatio
3276 3793 3584 3833 sermonum.
3632 3778 3763 3834 Haec

2176 3873 2351 3920 autem
2378 3865 2554 3920 omnia
2581 3872 2823 3935 aperatur
2851 3883 2987 3921 unus
3014 3868 3327 3938 atqueidem
3354 3868 3603 3939 Spiritus,
3632 3870 3768 3924 diei-

2178 3958 2304 4015 dens
2331 3956 2550 4029 singulis
2580 3966 2728 4029 prout
2757 3959 2864 4013 vult
2890 3959 2940 4029 (l
2971 3958 3089 4014 Cor.
3119 3960 3241 4031 xu).
3279 3961 3337 4015 In
3367 3961 3606 4031 quinque
3632 3976 3765 4031 ergo

2092 4050 2099 4058 '
2180 4049 2430 4117 talentis,
2475 4050 2712 4121 quinque
2755 4064 2948 4107 sensus
2973 4050 3217 4121 corporis
3245 4050 3619 4121 designantur,
3668 4068 3771 4121 per

2178 4155 2312 4213 quos
2341 4140 2582 4197 exterior
2613 4140 2775 4197 homo
2802 4141 3032 4210 regitur,
3056 4142 3202 4197 visus
3223 4141 3497 4209 videlicet,
3526 4142 3767 4209 auditus,

2177 4243 2385 4306 gustus,
2429 4233 2709 4302 odoratus,
2740 4242 2795 4289 et
2824 4242 2996 4289 tactus
3021 4249 3035 4286 :
3068 4233 3122 4288 in
3150 4232 3361 4289 duobus
3391 4242 3569 4290 autem
3600 4233 3772 4289 intel-

2178 4324 2352 4381 lectus
2378 4330 2434 4380 et
2461 4322 2702 4395 operatio
2728 4324 3097 4394 designantur.
3155 4323 3224 4379 Et
3252 4325 3416 4380 unius
3445 4324 3634 4380 talenti
3661 4338 3779 4381 no-

2181 4414 2327 4470 mine
2356 4414 2659 4471 intellectus
2688 4414 3029 4471 solummodo
3057 4414 3405 4485 exprimitur.
3458 4411 3582 4470 Plus
3625 4429 3782 4486 ergo

494 4504 663 4559 botam
709 4505 842 4558 hanc
883 4520 903 4558 :
954 4502 1131 4558 Homo
1183 4504 1396 4574 quidam
1449 4520 1659 4576 peregre
1705 4504 2035 4575 proﬁciscens
2056 4540 2076 4571 ,
2100 4486 2158 4551 Ῑ)
2179 4508 2374 4578 accipit
2399 4507 2486 4563 cui
2511 4507 2647 4575 duo,
2679 4522 2837 4578 quam
2865 4507 2949 4564 cui
2979 4509 3216 4578 quinque
3244 4508 3442 4564 talenta
3467 4508 3784 4567 commissa

494 4596 689 4651 vocavit
731 4610 901 4651 servos
942 4610 1086 4661 suos,
1129 4603 1178 4648 et
1222 4595 1438 4651 tradidit
1481 4597 1587 4653 illis
1626 4596 1760 4651 bona
1802 4611 1930 4665 sua,
1968 4603 2075 4652 etc.

499 4689 711 4761 (Matth.
739 4688 890 4758 xxv).

569 4782 626 4837 In
670 4777 1119 4836 similitudinibus
1146 4791 1281 4850 quas
1323 4777 1396 4835 ad
1435 4778 1790 4851 ignorantiam
1836 4785 2077 4833 nostram

496 4871 864 4929 instruendam
910 4871 1169 4929 Dominus
1214 4874 1514 4943 proposuit,
1558 4871 1788 4929 sollicite
1828 4868 2078 4926 conside-

494 4965 726 5021 randum
753 4971 872 5030 est,
921 4964 1045 5034 quia
1089 4964 1170 5020 sic
1211 4962 1457 5034 quaedam
1498 4963 1565 5018 ad
1608 4970 1849 5018 nostram
1881 4975 2076 5032 propo-

493 5056 698 5115 mintur
724 5057 1169 5127 admonitionem,
1211 5064 1270 5112 ut
1308 5056 1613 5126 specialiter
1655 5054 1722 5110 ad
1766 5054 1943 5124 ipsum
1975 5052 2075 5110 Dei

497 5158 549 5205 ct
578 5148 856 5205 hominum
887 5149 1192 5218 pertineant
1228 5147 1604 5205 mediatorem.
1654 5147 1806 5216 Quod
1836 5148 1890 5204 in
1919 5147 2077 5218 hujus

497 5241 744 5297 lectionis
786 5240 929 5295 serie
972 5240 1391 5310 comprobatur,
1442 5255 1565 5295 cum
1610 5240 1847 5296 dicitur:
1903 5239 2075 5296 Homo

497 5332 705 5398 quidam
736 5345 942 5403 peregre
973 5329 1303 5399 proﬁciscens
1325 5369 1341 5396 ,
1388 5334 1582 5387 vocavit
1611 5348 1780 5386 servos
1821 5348 1941 5388 suos
1966 5373 1983 5401 ,
2028 5340 2077 5388 et

496 5424 707 5478 tradidit
733 5423 839 5477 illis
870 5421 1001 5476 bona
1025 5437 1141 5476 sua.
1190 5420 1365 5477 Homo
1390 5423 1534 5478 enim
1567 5422 1669 5479 iste
1700 5438 1794 5493 per
1825 5423 2078 5478 similitu-

495 5515 677 5572 dinem
708 5512 967 5570 Dominus
992 5512 1154 5570 Iesus
1181 5513 1428 5569 Cbristus
1456 5515 1805 5585 accipiendus
1832 5524 1946 5581 est,
1987 5515 2076 5585 qui

496 5620 617 5661 cum
647 5608 718 5662 sit
747 5606 887 5663 Deus
911 5613 1039 5664 ante
1062 5606 1294 5673 saecula,
1341 5605 1505 5663 homo
1542 5607 1711 5664 iactus
1751 5616 1836 5665 est
1875 5608 1932 5663 in
1971 5607 2078 5665 line

497 5698 838 5767 saeculorum,
858 5697 927 5756 de
951 5712 1061 5769 quo
1083 5699 1343 5771 scriptum
1372 5708 1455 5756 est
1482 5716 1495 5754 :
1527 5698 1700 5756 Homo
1728 5702 1895 5772 factus
1922 5707 1996 5755 est
2023 5700 2077 5756 in

496 5802 590 5856 ea,
633 5797 682 5845 et
714 5784 833 5861 ipse
873 5791 1112 5863 fundauit
1151 5808 1265 5852 eam
1303 5792 1600 5853 Altissimus
1623 5793 1795 5868 (Psal.
1824 5793 2073 5870 xxxx").

2180 4607 2342 4656 sunt:
2376 4597 2498 4668 quia
2529 4606 2657 4654 sunt
2684 4598 2927 4654 nonnulli
2975 4599 3066 4667 qui
3117 4613 3215 4669 per
3242 4600 3541 4655 exteriores
3570 4613 3787 4654 sensus

2179 4702 2344 4759 Opera
2372 4702 2493 4758 qua:
2521 4695 2749 4757 possunt
2776 4698 3089 4757 operantur,
3116 4698 3173 4745 et
3202 4698 3380 4745 tamen
3409 4689 3463 4745 in
3492 4689 3790 4747 intellectu

2181 4781 2450 4853 spirituali
2479 4781 2659 4837 minus
2687 4780 2996 4851 proﬁciunt.
3049 4781 3191 4837 Sunt
3215 4795 3347 4837 vero
3373 4789 3429 4838 et
3455 4781 3651 4850 aliqui,
3687 4784 3793 4852 qui

2181 4881 2241 4930 et
2263 4872 2599 4929 extrinsecus
2630 4885 2823 4942 magna
2852 4879 3055 4943 agunt,
3104 4881 3159 4928 et
3193 4868 3421 4928 interius
3452 4871 3667 4941 majora
3706 4874 3798 4930 in-

2180 4963 2451 5035 telligunt.
2498 4963 2636 5021 Sunt
2660 4962 2822 5020 etiam
2851 4961 3018 5034 aliqui
3046 4961 3137 5035 qui
3164 4978 3330 5019 unum
3362 4972 3569 5019 tantum
3602 4965 3802 5022 talen—

2186 5061 2299 5111 tum
2328 5055 2632 5126 accipiunt,
2683 5057 2809 5127 quia
2856 5054 2995 5113 bona
3026 5055 3243 5126 quidem
3276 5056 3580 5126 intelligunt
3606 5098 3628 5123 ,
3694 5058 3809 5118 sed

2184 5148 2400 5219 operari
2445 5146 2666 5203 minime
2709 5146 2965 5213 student,
3017 5146 3088 5201 de
3122 5146 3315 5218 quibus
3345 5144 3615 5215 scriptum
3662 5158 3763 5204 est
3791 5167 3809 5203 :

2186 5241 2455 5314 Sapientes
2486 5249 2605 5296 sunt
2653 5251 2712 5296 ut
2761 5242 2955 5313 faciant
3000 5240 3138 5294 mala
3162 5279 3180 5307 ,
3234 5238 3356 5293 bene
3383 5239 3571 5309 {autem
3619 5243 3817 5312 facere

2155 5334 2473 5389 nescierunt
2496 5331 2714 5404 (Ierem.
2743 5332 2844 5403 tv).
2895 5331 3049 5399 Quod
3093 5339 3271 5386 autem
3317 5330 3562 5385 studiose
3598 5338 3821 5392 multi-

2183 5426 2449 5495 plicandis
2478 5425 2638 5482 bonis
2664 5426 2923 5496 operibus
2969 5424 3223 5481 insistere
3250 5424 3567 5489 debeamus,
3610 5430 3823 5488 mani-

2181 5514 2410 5573 testatur
2438 5530 2559 5572 cum
2589 5517 2873 5573 subditur:
2922 5515 3061 5571 Abiit
3102 5524 3276 5571 autem
3321 5517 3406 5587 qui
3444 5517 3703 5589 quisque
3738 5536 3825 5579 ta-

2186 5609 2329 5664 lenta
2354 5619 2651 5680 acceperat,
2681 5618 2731 5665 et
2756 5618 2998 5681 operatus
3025 5618 3099 5665 est
3128 5610 3183 5663 in
3215 5609 3317 5675 eis,
3358 5616 3408 5664 et
3434 5608 3711 5672 lucratus
3745 5626 3827 5673 est

2178 5700 2288 5755 alia
2312 5701 2551 5773 quinque.
2594 5702 2847 5758 Similiter
2872 5703 2959 5774 qui
2989 5702 3092 5756 duo
3122 5712 3407 5771 acceperat,
3439 5700 3710 5764 lucratus
3745 5720 3828 5767 est

2178 5792 2288 5852 alia
2311 5793 2434 5852 duo.
2467 5793 2583 5853 iam
2610 5795 2860 5869 superius
2888 5809 2985 5870 per
3011 5794 3252 5868 quinque
3281 5795 3508 5866 talenta,
3534 5801 3830 5881 quinque
