4096 6346
386 413 525 471 1555

1354 404 1812 465 HOMILIARIUS.
1854 435 1923 445 —
1963 402 2124 463 “OM.
2167 402 2256 461 DE
2294 402 2596 461 SANCTIS.

3482 396 3623 455 1554»

381 519 625 591 corporis
653 532 861 588 sensus,
914 525 969 574 et
1014 531 1110 588 per
1140 517 1267 585 duo,
1310 518 1640 574 intellectum
1670 525 1727 574 et
1751 530 1944 587 opera-
1972 517 2026 578 Α
2049 516 2203 573 diens
2244 516 2312 571 ab
2354 516 2469 585 ipso
2507 514 2720 584 judice:
2758 512 2956 583 Venite,
2987 513 3230 569 benedicti
3266 513 3441 570 Patris
3484 516 3625 583 mei,

383 614 583 670 tionem
613 611 845 668 diximus
876 609 1161 680 designari.
1206 609 1451 680 Quinque
1476 624 1606 678 ergo
1638 608 1833 663 talenta
1862 622 1956 678 ge-

383 707 624 768 minare,
665 712 749 758 est
788 716 882 771 per
910 701 1202 756 exteriores
1247 715 1443 756 sensus
1471 699 1816 755 devotissime
1847 697 1955 753 Deo

384 796 609 863 servire,
648 794 934 849 tribuendo
965 794 1220 850 esurienti
1249 795 1449 862 cibum,
1499 793 1703 848 sitienti
1747 799 1953 861 potum,

385 888 527 943 nudo
558 887 808 941 vestitum
831 927 846 952 ,
892 887 943 940 in
974 900 1194 942 carcere
1224 885 1455 953 positum
1485 883 1830 954 requirendo,
1875 885 1957 939 in-

386 980 598 1039 ﬁrmum
650 979 963 1048 visitando,
1025 986 1295 1034 mortuum
1346 978 1695 1047 sepeliendo,
1749 979 1958 1048 aliaque

385 1073 600 1143 pietatis
638 1087 798 1142 opera
836 1071 1130 1141 implendo.
1181 1072 1343 1141 Quasi
1373 1072 1514 1127 enim
1548 1073 1749 1128 talenta
1778 1073 1959 1129 multi-

386 1163 639 1235 plicando
667 1166 1029 1233 geminantur,
1060 1165 1271 1235 quando
1295 1164 1555 1234 {nonnulli
1598 1164 1862 1220 tardiores
1903 1163 1957 1219 in

386 1270 547 1313 sensu
600 1272 695 1326 per
742 1255 1187 1314 consuetudinem
1217 1257 1342 1312 boni
1371 1257 1549 1326 operis
1588 1256 1643 1311 in
1682 1256 1961 1312 intellectu

386 1347 650 1418 spirituali
683 1347 987 1417 proﬁciunt.
1025 1348 1142 1403 Duo
1170 1361 1383 1417 quoque
1422 1346 1619 1401 talenta
1646 1346 1958 1416 geminant,

385 1439 476 1509 qui
506 1439 642 1494 bene
671 1439 901 1495 vivendo
945 1448 999 1494 et
1028 1437 1294 1507 docendo,
1329 1437 1621 1493 Ecclesiam
1653 1438 1749 1493 Dei
1786 1438 1964 1493 multi-

382 1530 586 1601 plicare
625 1545 733 1584 non
767 1529 1041 1599 negligant
1067 1567 1082 1594 ,
1142 1528 1271 1583 illud
1314 1527 1654 1583 attendentes
1702 1528 1845 1598 quod
1895 1527 1963 1583 ad

385 1623 731 1680 Timotheum
772 1624 1066 1679 scribitur:
1114 1621 1415 1677 Doctrinam
1462 1638 1612 1693 quam
1655 1622 1891 1691 accepisti
1931 1638 1966 1676 a

393 1733 492 1782 me,
524 1717 821 1771 commenda
847 1716 1136 1772 hominibus
1163 1716 1253 1787 qui
1286 1717 1456 1771 idonei
1485 1724 1603 1771 sunt
1638 1725 1687 1771 et
1715 1716 1844 1771 alios
1872 1716 1966 1769 do-

388 1828 500 1867 cere
522 1809 608 1882 (II
631 1811 764 1866 Tim.
792 1808 876 1883 tt).
907 1810 1106 1867 Taliter
1132 1818 1348 1880 accepta
1377 1808 1577 1865 talenta
1607 1810 1779 1865 servis
1807 1808 1963 1877 spiri-

2059 610 2304 681 percipite
2341 625 2557 681 regnum
2593 608 2729 679 quod
2769 607 2910 662 vobis
2952 616 3185 675 paratum
3215 616 3284 662 est
3312 624 3344 662 a
3370 609 3621 662 constitu-

2060 705 2196 759 tione
2240 701 2420 757 mundi
2448 699 2664 770 (Matth.
2689 699 2838 768 xxv).
2888 699 3106 753 Accessit
3132 708 3300 752 autent
3328 708 3378 753 et
3404 699 3493 765 qui
3521 700 3625 753 duo

2059 799 2249 853 talenta
2276 803 2569 867 acceperat,
2617 802 2663 848 et
2703 792 2819 846 ait:
2858 792 3081 855 domine,
3112 792 3214 846 duo
3244 792 3433 846 talenta
3465 791 3629 847 tradi-

2057 891 2178 946 disti
2204 889 2351 954 mihi,
2382 903 2495 942 ecce
2522 885 2627 940 alia
2654 885 2754 939 duo
2781 884 3162 954 superlucratus
3186 899 3321 937 sum.
3371 882 3629 940 Similiter

2057 985 2159 1040 alia
2188 983 2294 1038 duo
2323 981 2559 1036 lucratur
2589 978 2806 1042 talenta,
2842 976 2931 1045 qui
2960 990 2991 1030 a
3035 975 3248 1030 domino
3278 975 3383 1029 duo
3409 988 3630 1046 accepe-

2058 1086 2163 1148 rat,
2187 1076 2399 1147 quando
2428 1075 2474 1130 is
2501 1074 2590 1144 qui
2620 1072 2949 1128 intellectum
2976 1078 3031 1125 et
3053 1069 3415 1140 operationem
3447 1068 3629 1133 habet,

2062 1182 2167 1223 non
2214 1166 2386 1222 solum
2430 1164 2565 1220 bene
2589 1161 2837 1225 vivendo,
2884 1157 2979 1215 sed
3022 1158 3183 1215 etiam
3228 1158 3365 1213 bene
3389 1156 3633 1213 docendo

2062 1257 2320 1328 plurimos
2358 1255 2424 1311 ad
2467 1269 2705 1310 amorem
2752 1251 2846 1307 Dei
2892 1259 3069 1307 vocat.
3125 1248 3423 1304 Notandum
3451 1259 3631 1304 autem

2063 1349 2204 1421 quod
2234 1359 2289 1405 et
2316 1349 2362 1404 is
2390 1348 2479 1418 qui
2507 1348 2576 1402 de
2604 1347 2839 1417 quinque
2867 1344 3078 1399 talentis
3103 1343 3288 1400 decem
3307 1384 3322 1409 ,
3372 1352 3428 1399 et
3470 1344 3514 1397 is
3542 1344 3637 1413 qui

2067 1441 2136 1497 de
2163 1440 2376 1496 duobus
2405 1446 2631 1508 quatuor
2659 1436 2991 1506 reportavit,
3039 1433 3228 1501 aequali
3264 1447 3395 1489 voce
3435 1433 3638 1488 collau-

2064 1533 2279 1601 dantur,
2321 1546 2443 1587 cum
2486 1531 2694 1599 utrique
2730 1544 2760 1584 a
2801 1529 3019 1584 domino
3054 1527 3287 1583 dicitur:
3319 1525 3466 1599 Euge
3503 1543 3639 1582 serve

2066 1624 2193 1679 bone
2213 1632 2259 1679 et
2279 1622 2466 1691 ﬁdelis,
2482 1620 2623 1692 quod
2643 1630 2744 1689 est,
2758 1620 2892 1675 bene
2911 1618 3100 1688 gaude.
3119 1618 3185 1673 Et
3205 1617 3432 1688 qualiter
3453 1630 3639 1672 servus

2067 1730 2191 1772 cum
2225 1714 2442 1770 domino
2482 1713 2742 1783 gaudeat,
2771 1711 3099 1779 declaratur,
3126 1726 3245 1766 cum
3280 1710 3640 1766 subinfertur:

2072 1806 2206 1874 Quia
2233 1822 2388 1870 super
2418 1821 2585 1873 pauca
2613 1805 2755 1872 fuisti
2787 1804 2973 1873 ﬁdelis,
3008 1819 3160 1874 super
3188 1802 3350 1857 multa
3379 1810 3426 1857 te
3453 1802 3642 1856 consti-

391 1902 624 1957 tualibus
654 1902 930 1971 geminare
960 1902 1219 1958 suadebat
1250 1901 1539 1970 Apostolus
1568 1916 1687 1957 cum
1716 1901 1963 1958 dicebat:
1996 1895 2046 1955 B
2070 1904 2234 1951 tuam.
2284 1894 2381 1952 Cui
2411 1904 2559 1951 recte
2588 1895 2784 1950 dicitur
2810 1914 2823 1947 :
2877 1893 3027 1948 Intra
3072 1895 3126 1947 in
3165 1894 3411 1966 gaudium
3449 1894 3643 1947 domini

392 1992 652 2047 Habentes
681 1993 1003 2059 donationes,
1047 1994 1325 2048 secundum
1355 1995 1574 2064 gratiam
1600 2010 1714 2064 qua:
1746 1995 1864 2049 data
1894 2004 1967 2049 est

392 2083 559 2149 nobis,
585 2083 914 2150 differentes;
944 2086 1045 2139 sive
1076 2085 1391 2156 praphetiam
1417 2087 1695 2140 secundant
1718 2088 1968 2141 rationem

392 2174 535 2241 ﬁdei,
565 2174 667 2226 sive
699 2174 1032 2227 ministerium
1061 2176 1116 2228 in
1156 2175 1519 2243 ministrando,
1548 2177 1648 2230 sive
1676 2177 1761 2246 qui
1790 2175 1966 2243 docet,

393 2265 448 2319 in
477 2265 737 2331 doctrina,
773 2267 861 2330 qui
890 2265 1189 2321 exhortatur
1216 2268 1269 2320 in
1296 2267 1632 2334 exhortando,
1664 2270 1752 2338 qui
1796 2268 1970 2323 tribuit

393 2358 445 2409 in
479 2358 829 2425 simplicitate,
861 2360 947 2427 qui
979 2371 1158 2426 praest
1190 2360 1245 2415 in
1270 2361 1650 2431 sollicitudine,
1693 2364 1780 2434 qui
1815 2364 1969 2419 mise-

392 2455 535 2502 retur
565 2452 616 2502 in
646 2450 923 2505 hilaritate.
974 2452 1074 2517 Qui
1102 2462 1271 2507 autem
1299 2469 1456 2508 unum
1483 2465 1767 2525 acceperat,
1799 2456 1970 2513 abiens

396 2542 526 2614 fodit
570 2542 623 2595 in
670 2552 891 2607 terram,
940 2554 987 2597 et
1032 2544 1300 2600 abscondit
1335 2550 1601 2617 pecuniam
1646 2549 1842 2605 domini
1868 2551 1965 2606 sui.

396 2633 556 2698 Quasi
586 2634 729 2689 enim
762 2650 923 2690 unum
957 2635 1217 2692 talentum
1249 2637 1306 2692 in
1337 2647 1476 2694 terra
1519 2640 1837 2709 abscondit,
1879 2642 1971 2711 qui

397 2722 663 2793 ingenium
692 2724 834 2792 quod
864 2739 893 2778 a
924 2724 1033 2781 Deo
1061 2729 1287 2796 accepit,
1316 2728 1369 2783 in
1398 2731 1623 2785 terrenis
1649 2731 1855 2788 actibus
1880 2746 1973 2788 oc-

402 2824 591 2883 cupat,
632 2830 861 2885 seseque
892 2825 1059 2873 totum
1091 2818 1142 2873 in
1174 2821 1359 2876 mundi
1386 2836 1570 2880 amore
1597 2823 1819 2893 obligat.
1867 2826 1971 2881 Sed

401 2911 580 2965 veniet
623 2919 835 2981 tempus
865 2913 1079 2981 quando
1110 2914 1414 2983 spirituales
1440 2916 1508 2972 de
1536 2917 1794 2986 acquisita
1824 2918 1973 2974 lucro

395 3003 689 3072 gaudeant,
724 3013 777 3058 et
807 3005 991 3059 mundi
1023 3014 1291 3062 amatores
1322 3022 1420 3076 pro
1447 3010 1560 3063 suis
1586 3010 1972 3079 cupiditatibus

398 3094 761 3159 erubescant;
815 3094 956 3150 unde
1002 3103 1057 3151 et
1104 3095 1385 3151 subditur:
1438 3098 1565 3153 Post
1604 3100 1822 3156 multum
1856 3118 1973 3157 vero

398 3185 635 3253 temporis
674 3185 805 3238 venit
843 3184 1080 3239 dominus
1117 3202 1377 3241 servorum
1423 3188 1663 3256 illorum,
1710 3199 1759 3245 et
1800 3191 1971 3260 posuit

2074 1990 2172 2053 tui,
2193 1989 2315 2057 quia
2341 2000 2463 2042 cum
2491 1987 2674 2055 tantis,
2694 1993 2750 2041 et
2773 1999 2868 2055 pro
2889 1986 3050 2040 tantis
3076 1984 3373 2041 mercedem
3400 1985 3640 2054 accipiet,

2070 2089 2299 2151 quantos
2330 2080 2467 2135 bene
2496 2078 2747 2143 vivendo,
2788 2078 2923 2132 bene
2953 2075 3215 2142 docendo,
3261 2076 3496 2130 lucratus
3534 2084 3638 2130 est.

2070 2173 2133 2229 In
2181 2173 2373 2242 quibus
2422 2171 2604 2227 verbis
2652 2170 3035 2240 intelligimus,
3087 2169 3208 2238 quia
3258 2167 3336 2223 illi
3386 2167 3643 2236 majorem
3736 2176 3737 2179 ‘

2036 2263 2378 2319 ‘mercedem
2410 2270 2535 2316 sunt
2560 2275 2592 2316 a
2619 2260 2847 2316 Domino
2892 2261 2945 2315 in
2988 2266 3186 2315 externa
3216 2258 3321 2314 vita
3349 2259 3647 2330 recepturi,

2070 2354 2162 2425 qui
2192 2354 2330 2409 bene
2357 2352 2610 2421 vivendo,
2652 2359 2709 2406 ut
2738 2351 2988 2420 diximus,
3019 2360 3074 2406 et
3100 2350 3237 2406 bene
3264 2349 3529 2418 docendo,
3581 2350 3648 2404 ad

2072 2446 2300 2501 aliorum
2329 2445 2684 2501 eruditionem
2714 2444 2799 2499 vel
2830 2444 3135 2499 doctrinam
3177 2444 3525 2513 spiritualiter
3566 2441 3649 2497 in-

2073 2538 2316 2610 vigilant.
2348 2536 2503 2605 Quod
2533 2535 2659 2591 alibi
2693 2536 2947 2592 Dominus
2975 2536 3212 2607 apertius
3239 2536 3500 2602 declarat,
3527 2548 3649 2593 cum

2073 2628 2373 2686 dicentibus
2403 2626 2662 2698 apostolis
2688 2644 2701 2680 :
2735 2626 2977 2695 Domine,
3020 2627 3091 2679 ad
3120 2643 3212 2682 nos
3241 2626 3370 2681 dicis
3400 2626 3531 2678 hanc
3559 2641 3651 2693 pu-

2074 2724 2327 2789 rabolam,
2361 2738 2427 2775 an
2455 2729 2503 2775 et
2533 2721 2599 2773 ad
2629 2735 2801 2775 omnes
2823 2721 2849 2773 ?
2885 2719 3217 2790 Respondit:
3251 2718 3376 2786 Quis
3404 2726 3551 2787 putas
3578 2727 3653 2771 est

2075 2818 2244 2888 ﬁdelis
2265 2832 2437 2870 servus
2462 2824 2508 2869 et
2532 2813 2778 2884 prudens,
2802 2828 2951 2881 quem
2973 2812 3235 2866 constituit
3258 2809 3506 2864 Dominus
3530 2824 3653 2863 suus

2074 2925 2227 2979 super
2254 2907 2505 2978 familiam
2535 2910 2682 2959 suam
2703 2944 2717 2970 ,
2761 2912 2815 2957 ut
2852 2903 2934 2956 det
2971 2902 3077 2956 illis
3106 2902 3272 2955 cibum
3300 2901 3355 2954 in
3384 2901 3654 2969 tempore?

2076 3001 2264 3057 Beatus
2293 3000 2381 3055 ille
2409 3015 2605 3066 servus,
2648 3013 2798 3068 quem
2844 3012 2961 3051 cunt
3003 2995 3195 3051 uenerit
3225 2992 3477 3049 Dominus
3520 2995 3652 3064 ejus,

2076 3096 2316 3151 invenerit
2346 3095 2421 3149 sic
2447 3095 2737 3163 facientem.
2781 3092 2941 3147 Amen
2967 3092 3081 3146 dico
3108 3090 3269 3156 vobis,
3297 3089 3541 3157 quoniam
3567 3102 3655 3139 su-

2078 3204 2167 3259 per
2210 3188 2381 3243 omnia
2428 3188 2559 3242 bona
2605 3203 2700 3242 sua
2734 3188 3003 3241 constituet
3034 3200 3150 3239 eum
3200 3183 3351 3253 (Luc.
3377 3180 3496 3253 xtl).
3553 3179 3655 3245 Qui

396 3277 645 3330 rationem
692 3292 805 3330 cum
856 3277 947 3331 eis.
1002 3277 1131 3331 Post
1182 3277 1405 3334 multum
1454 3285 1666 3349 tempus
1724 3258 1971 3337 dominus
1997 3258 2047 3325 (ἶ
2079 3258 2221 3337 enim
2248 3296 2409 3350 super
2437 3280 2615 3335 omnia
2647 3279 2786 3334 bona
2815 3277 3183 3341 constituitur,
3214 3274 3477 3344 duplicem
3508 3266 3656 3325 mer-

397 3368 574 3423 redire
598 3369 812 3436 dicitur,
840 3368 963 3440 quia
992 3367 1208 3439 longum
1237 3371 1464 3440 spatium
1490 3379 1573 3426 est
1597 3371 1741 3427 inter
1764 3372 1974 3428 Domini

396 3460 761 3515 ascensionem
809 3468 863 3515 ct
928 3458 1219 3514 secundum
1282 3459 1399 3529 ejus
1455 3460 1765 3517 adventum.
1822 3463 1974 3519 Tunc

397 3550 539 3605 cnim
580 3550 717 3605 ratio
758 3564 881 3606 cum
924 3550 1095 3607 servis
1143 3560 1392 3620 ponetur,
1425 3553 1640 3621 quando
1670 3553 1913 3611 districte
1942 3570 1974 3610 a

399 3641 554 3695 nobis
586 3641 765 3710 exiget
794 3641 935 3696 dona
964 3657 1081 3711 quae
1113 3642 1533 3698 misericorditer
1562 3644 1715 3700 nobis
1748 3646 1969 3713 tribuit,

378 3734 612 3803 'quando
660 3731 953 3786 astabimus
997 3739 1121 3786 ante
1165 3734 1396 3787 tribunal
1439 3734 1677 3802 Christi,
1731 3746 1790 3791 ut
1829 3737 1972 3805 Apo-

399 3822 567 3876 stolus
597 3822 704 3888 ait,
750 3822 999 3875 rationem
1040 3837 1133 3890 pro
1174 3822 1251 3876 his
1305 3837 1417 3889 qua:
1443 3822 1692 3894 gessimus
1721 3825 1977 3880 reddituri

405 3912 583 3984 (Rom.
603 3909 736 3981 xiv).
768 3912 918 3967 Felix
941 3921 1141 3979 autem,
1161 3913 1252 3983 qui
1278 3912 1332 3969 in
1361 3914 1451 3969 illa
1478 3915 1607 3971 hora
1630 3916 1976 3974 discussionis

407 4005 527 4059 talis
555 4005 802 4058 inventus
832 4004 1021 4072 fuerit,
1052 4004 1227 4074 qualis
1259 4006 1362 4060 iste
1386 4014 1734 4071 memoratur,
1766 4009 1835 4063 de
1865 4022 1973 4078 quo

402 4096 647 4152 subditur
672 4112 686 4151 :
723 4096 791 4150 Et
820 4098 1064 4151 accedens
1088 4098 1178 4168 qui
1202 4100 1420 4169 quinque
1449 4100 1642 4153 talenta
1670 4109 1932 4172 acceperat
1957 4141 1973 4167 ,

400 4189 580 4243 obtulit
608 4190 712 4241 alia
741 4188 961 4257 quinque
993 4190 1205 4255 talenta,
1238 4189 1452 4243 dicens:
1483 4186 1722 4256 Domine,
1754 4192 1977 4261 quinque

399 4280 591 4335 talenta
620 4277 880 4334 tradidisti
911 4279 1057 4343 mihi,
1083 4295 1195 4333 ecce
1220 4278 1325 4333 alia
1350 4280 1570 4350 quinque
1590 4281 1975 4351 superlucratus

398 4389 533 4429 sunt.
568 4373 644 4427 Ex
670 4373 906 4442 quinque
930 4373 1071 4427 enim
1100 4371 1312 4427 talentis
1334 4371 1436 4426 alia
1460 4372 1694 4443 quinque
1719 4376 1972 4443 lucratur,

399 4463 488 4537 qui
533 4478 628 4532 per
656 4463 891 4533 quinque
921 4478 1112 4519 sensus
1140 4477 1432 4532 corporeos
1476 4480 1613 4534 quos
1656 4480 1815 4537 supra
1842 4469 1976 4523 dixi-

402 4569 542 4619 mus,
564 4555 702 4610 bona
729 4568 851 4624 qum
881 4564 1077 4623 potest,
1105 4563 1373 4624 operatur.
1407 4556 1543 4611 Sunt
1566 4556 1709 4612 enim
1734 4559 1975 4615 nonnulli

402 4646 454 4701 in
491 4646 721 4703 Ecclesia
747 4686 764 4710 .
809 4647 901 4718 qui
943 4660 1065 4703 cum
1109 4647 1368 4703 tardiores
1408 4648 1690 4705 videantur
1738 4652 1971 4722 ingenio,

404 4746 581 4792 tamen
630 4752 751 4792 cum
800 4752 896 4806 per
934 4739 1168 4795 exterius
1213 4738 1566 4795 ministerium
1600 4741 1831 4798 ﬁdeliter
1856 4758 1974 4800 ser-

404 4830 587 4896 viunt,
632 4828 749 4899 ejus
778 4843 1003 4885 munere
1031 4831 1098 4886 ad
1128 4832 1459 4908 spiritualem
1488 4833 1821 4889 intellectum
1848 4849 1975 4906 per-

405 4924 694 4987 ducuntur,
726 4921 984 4975 intantum
1013 4929 1072 4976 ut
1125 4924 1285 4979 etiam
1315 4924 1603 4995 aliquando
1632 4927 1687 4981 in
1716 4926 1972 4984 ecclesia-

410 5014 603 5067 Sticum
643 5010 1007 5081 magisterium
1038 5011 1318 5078 eligantur.
1362 5014 1585 5081 Qualem
1618 5025 1796 5073 autem
1830 5033 1975 5073 mer-

407 5105 594 5160 cedem
625 5104 693 5158 sit
721 5111 1065 5172 recepturus,
1109 5106 1496 5175 manifestatur,
1538 5124 1661 5164 cum
1690 5108 1973 5163 subditur:

408 5194 487 5249 Ait
517 5194 594 5247 illi
628 5193 862 5246 dominus
891 5196 1000 5265 ejus
1026 5211 1045 5248 :
1077 5191 1221 5263 Euge
1246 5212 1384 5250 serve
1412 5198 1538 5253 bone
1565 5208 1613 5253 et
1639 5199 1833 5269 ﬁdelis,
1856 5202 1979 5273 quia

407 5299 557 5354 super
588 5300 751 5353 pauca
781 5284 924 5353 fuisti
948 5284 1141 5353 ﬁdelis,
1185 5301 1337 5357 super
1364 5290 1524 5343 multa
1566 5298 1613 5345 te
1651 5293 1973 5361 constituam,

406 5377 543 5432 intra
569 5378 621 5429 in
650 5377 895 5446 gaudium
935 5376 1129 5431 domini
1156 5378 1250 5431 tui.
1281 5378 1455 5435 Pauca
1481 5383 1622 5437 enim
1649 5391 1773 5438 sunt
1800 5385 1977 5441 omnia

408 5468 686 5537 praesentis
716 5467 838 5522 vita:
874 5467 939 5522 ad
976 5468 1430 5537 comparationem
1472 5472 1768 5529 futurorum
1807 5474 1976 5531 bono.

406 5572 544 5622 rum,
570 5557 812 5628 quamvis
842 5573 1031 5629 magna
1058 5573 1179 5614 esse
1204 5560 1504 5617 videantur.
1533 5563 1632 5628 Qui
1662 5579 1789 5636 ergo
1814 5579 1977 5635 super

407 5664 573 5720 pauca
603 5649 772 5705 ﬁdelis
799 5650 933 5717 fuit,
978 5665 1140 5721 super
1177 5652 1343 5707 multa
1376 5654 1732 5723 constituitur,
1763 5656 1888 5726 quia
1930 5656 1978 5712 is

405 5744 497 5811 qui
526 5750 788 5797 terrenam
818 5742 1173 5815 substantiam
1204 5744 1340 5799 bene
1366 5744 1729 5815 dispensavit,
1772 5762 1867 5817 pro
1893 5762 1980 5805 re-

407 5831 508 5890 bus
538 5834 853 5891 transitoriis
882 5842 1195 5906 perpetuam
1233 5834 1460 5907 accipiet
1495 5837 1795 5896 mercedem
1821 5883 1836 5908 ,
1882 5853 1981 5904 au-

1808 6091 1857 6104 ιν.

2077 3374 2261 3431 cedem
2292 3373 2556 3441 accipiet,
2610 3386 2716 3427 non
2744 3370 2918 3426 solum
2961 3370 3083 3439 quia
3124 3376 3311 3426 sancte
3339 3366 3507 3428 vixit,
3561 3361 3659 3420 sed

2034 3506 2039 3513 .
2076 3466 2242 3521 etiam
2272 3464 2393 3534 quia
2424 3464 2585 3536 digne
2612 3463 2814 3518 docuit.
2848 3460 3001 3519 Unde
3027 3460 3212 3516 Daniel
3240 3473 3361 3515 cum
3389 3458 3455 3514 de
3483 3471 3659 3512 resur-

2075 3558 2311 3613 rectione
2340 3565 2674 3611 mortuorum
2703 3555 3034 3625 loqueretur,
3089 3560 3148 3607 ut
3190 3550 3496 3608 ostenderet
3541 3563 3660 3603 ma-

2076 3651 2270 3721 gistros
2315 3649 2622 3718 spirituales
2669 3664 2832 3718 super
2857 3649 3035 3703 omnia
3064 3647 3203 3703 bona
3230 3644 3656 3711 constituendos,

2075 3743 2150 3797 ait
2176 3759 2188 3795 :
2225 3739 2326 3807 Qui
2354 3749 2525 3794 autem
2550 3740 2689 3793 docti
2720 3739 2929 3810 fuerint,
2956 3739 3220 3810 fulgebunt
3244 3738 3390 3808 quasi
3417 3736 3661 3807 splendor

2078 3830 2409 3900 ﬁrmamenti,
2443 3839 2489 3884 et
2517 3830 2604 3899 qui
2631 3830 2700 3884 ad
2722 3830 2981 3900 justitiam
3009 3830 3249 3883 erudiunt
3278 3828 3486 3896 multos,
3512 3826 3661 3897 quasi

2076 3921 2238 3977 stella:
2265 3922 2318 3975 in
2351 3928 2621 3989 perpetuas
2652 3921 2955 3975 wternitates
2984 3919 3142 3990 (Dan.
3175 3918 3297 3988 xtl).
3351 3919 3520 3986 Quam
3557 3918 3658 3972 de—

2076 4012 2419 4068 siderabilem
2464 4025 2653 4067 vocem
2682 4052 2699 4082 ,
2751 4020 2807 4067 et
2854 4010 3122 4067 ineffabile
3168 4009 3418 4081 gaudium
3471 4010 3659 4065 audire

2077 4100 2393 4178 desiderans
2445 4100 2793 4178 beatissimus.
2836 4098 2997 4154 Pater
3040 4106 3247 4169 noster,
3298 4098 3450 4169 cujus
3500 4098 3659 4154 hodie

2075 4177 2427 4247 festivitatem
2450 4190 2803 4257 celebramus,
2829 4190 3084 4245 talentum
3112 4190 3214 4246 sibi
3236 4190 3500 4247 creditum
3525 4190 3661 4246 bene

2077 4280 2321 4336 docendo
2368 4289 2423 4337 et
2471 4281 2605 4336 bene
2637 4280 2866 4336 vivendo
2893 4281 3097 4337 studuit
3123 4295 3367 4354 erogare,
3401 4290 3459 4337 ut
3488 4282 3661 4352 gemi-

2076 4378 2264 4427 natum
2288 4368 2417 4424 illud
2440 4369 2669 4427 Domino
2688 4379 3012 4440 reportaret,
3032 4386 3137 4427 non
3160 4381 3368 4429 tantum
3390 4373 3659 4429 monendo

2077 4463 2215 4532 pios,
2240 4461 2335 4517 sed
2364 4461 2525 4518 etiam
2550 4460 2954 4532 comprimendo
2980 4463 3256 4533 reprobos.
3290 4463 3358 4520 Et
3382 4464 3504 4521 ideo
3531 4465 3657 4534 quia

2075 4554 2223 4624 juxta
2277 4552 2564 4624 Scriptura:
2602 4568 2830 4623 vocem,
2880 4556 3127 4626 gaudium
3172 4557 3331 4626 patris
3386 4566 3462 4613 est
3516 4558 3660 4627 ﬁlius

2080 4645 2283 4715 sapiens
2301 4642 2480 4715 (Prov.
2500 4645 2582 4714 χ),
2611 4651 2757 4699 tanta
2783 4644 2942 4716 hujus
2965 4656 3281 4703 excrescunt
3312 4649 3499 4704 merita
3527 4664 3659 4719 gau-

2080 4738 2325 4806 diorum,
2370 4744 2568 4806 quanta
2610 4738 2940 4795 incrementa
2984 4740 3271 4810 proﬁciunt
3297 4742 3656 4812 spiritualium

2080 4826 2333 4882 ﬁliorum.
2368 4825 2521 4883 Unde
2551 4842 2768 4883 necesse
2802 4837 2886 4885 est
2916 4837 2974 4885 ut
2999 4832 3362 4900 unusquisque
3385 4841 3655 4901 nostrum,

2079 4916 2272 4972 fratres
2319 4915 2664 4986 cbarissimi,
2718 4917 2874 4988 hujus
2923 4918 3217 4975 beatissimi
3264 4917 3438 4975 Patris
3484 4920 3660 4975 nostri

2080 5011 2301 5080 vestigia
2331 5021 2642 5080 sequentes,
2668 5012 2926 5068 talentum
2957 5011 3099 5083 quod
3128 5026 3159 5065 a
3188 5011 3301 5067 Deo
3327 5011 3655 5082 accepimus,

2084 5118 2189 5158 non
2217 5103 2271 5157 in
2294 5109 2440 5157 terra
2468 5102 2877 5171 abscondamus,
2902 5102 2997 5158 sed
3020 5117 3141 5157 cum
3166 5116 3359 5172 magno
3386 5103 3652 5159 desiderio

2082 5206 2303 5263 erogare
2320 5191 2651 5259 studeamus,
2672 5202 2727 5247 ut
2746 5194 3070 5262 geminatum
3088 5193 3314 5252 Domino
3334 5194 3656 5252 referamus.

2082 5286 2153 5341 Et
2178 5287 2299 5355 quia
2331 5286 2466 5340 alius
2510 5293 2679 5340 artem
2711 5285 2960 5355 legendi,
3010 5286 3148 5342 alius
3183 5286 3472 5354 cantandi,
3518 5287 3657 5345 alius

2083 5375 2430 5446 praedicandi,
2454 5376 2588 5432 alius
2614 5376 2881 5447 pingendi,
2909 5377 3045 5433 alius
3073 5392 3137 5434 ea
3166 5394 3284 5448 quae
3313 5379 3381 5433 ad
3406 5388 3656 5434 ornatum

2082 5468 2323 5524 ecclesia:
2350 5467 2615 5537 pertinent
2657 5467 2970 5537 fabricandi,
2994 5469 3250 5525 talentum
3276 5471 3504 5540 accepit,
3528 5469 3653 5525 aliis

2081 5561 2183 5619 hoc
2222 5563 2362 5631 quod
2404 5562 2619 5629 didicit,
2672 5563 2882 5619 studeat
2917 5579 3163 5636 erogare.
3218 5564 3334 5622 Non
3379 5564 3550 5621 solum
3593 5565 3651 5621 in

2080 5655 2459 5711 ecclesiasticis
2488 5655 2815 5724 ministeriis,
2843 5656 2937 5712 sed
2963 5655 3124 5713 etiam
3151 5664 3276 5712 sunt
3303 5656 3436 5713 tales
3463 5656 3516 5710 in
3547 5655 3653 5712 hoc

2079 5747 2300 5820 populo,
2330 5748 2422 5819 qui
2459 5746 2698 5806 div‘ersas
2734 5758 2875 5806 artes
2917 5749 3115 5807 habent
3149 5750 3345 5819 quibus
3372 5748 3655 5816 victitant,

2081 5838 2173 5900 alii
2201 5839 2548 5908 caementarii,
2577 5841 2668 5899 alii
2694 5839 2926 5912 lignarii,
2954 5838 3047 5905 alii
3072 5838 3230 5911 fabri,
3255 5838 3346 5900 alii
3369 5846 3605 5902 sectores
3623 5852 3645 5892 :

3044 6133 3070 6147 ,ι

3042 6152 3054 6169 α
