4096 6346
501 478 636 542 1555
1342 475 1538 534 mnu
1577 472 1847 531 DIACONl
1883 472 2030 529 orn.
2075 469 2252 529 mus
2285 472 2345 528 ιι.
2388 502 2455 516 -
2494 475 2859 532 ASCETICA.
3604 484 3743 547 1550

492 604 554 658 α
580 595 859 667 unicuique
890 607 977 650 πε
1004 607 1105 665 qua
1135 595 1386 664 pascitur,
1435 608 1532 663 pro
1570 592 1757 649 talenti
1787 604 2060 647 commen-
2085 586 2141 648 Δ
2161 590 2293 660 ejus,
2340 598 2389 643 et
2433 592 2682 661 fortitudo
2716 596 2830 664 ejus
2879 599 2934 647 in
2974 594 3209 651 umbilico
3237 601 3427 655 centris
3453 602 3569 672 ejus
3597 602 3741 673 (Job.

493 688 709 746 datione
740 687 1102 756 reputabitur;
1132 693 1185 740 ct
1209 686 1253 739 si
1284 685 1335 739 in
1370 686 1471 739 hoc
1500 685 1640 754 quod
1673 686 1792 750 scil,
1820 684 1952 743 alios
1982 682 2062 738 in-
2163 683 2275 752 XL).
2302 682 2619 739 Lumborum
2646 699 2773 756 ergo
2796 687 3008 742 nomine
3036 688 3119 743 hic
3157 689 3369 745 luxnria
3402 692 3739 767 designatur,

494 780 680 844 struit,
715 778 1018 834 mercedem
1048 778 1101 832 in
1131 776 1307 831 luturo
1335 776 1578 845 recipiet.
1620 776 1857 844 Qualiter
1883 783 2061 829 autem
2158 786 2282 827 cum
2326 773 2563 828 dicitur:
2610 776 2728 829 Sint
2770 777 2927 831 lumbi
2972 780 3122 833 vestri
3162 783 3445 851 praecincti.
3504 784 3742 844 Lumbos

496 870 803 942 huiusmodi
834 871 1090 925 talentum
1118 870 1257 940 quod
1286 870 1525 939 accepit,
1575 884 1795 935 erogare
1832 868 2059 934 debeat,
2160 864 2303 918 enim
2335 866 2727 935 praeciugimus,
2757 883 2874 923 cum
2898 869 3142 927 ardorem
3172 873 3408 929 libidinis
3433 891 3618 933 amore
3646 894 3741 935 ca-

496 963 756 1019 Dominus
786 963 1027 1019 ostendit
1066 978 1185 1017 cum
1217 964 1328 1017 ait:
1361 962 1534 1025 Gratis
1564 964 1859 1032 accepistis,
1903 961 2063 1033 gratis
2161 957 2355 1012 stitatis
2393 957 2738 1014 relrenamus.
2781 960 2982 1017 Taliter
3022 963 3231 1019 lumbos
3280 966 3595 1035 praecinctos
3646 968 3741 1023 ha-

497 1055 940 1140 date(Mattlt.x).
967 1055 1118 1112 Unde
1138 1070 1357 1111 necesse
1379 1057 1684 1120 est,lratres
1706 1053 2059 1119 dilectissimi,
2162 1046 2319 1103 bebat
2364 1048 2595 1106 Joannes
2640 1051 2895 1120 Baptista,
2936 1053 3004 1110 de
3026 1068 3131 1122 quo
3169 1054 3425 1125 scriptum
3451 1067 3569 1113 est:
3605 1059 3744 1126 Quia

498 1147 785 1217 unicuique
813 1156 1087 1215 nostrum,
1132 1155 1189 1201 ut
1222 1161 1344 1203 cum
1382 1161 1589 1202 summa
1627 1146 1899 1215 diligentia
1932 1144 2064 1215 vigi-
2162 1152 2275 1197 erat
2305 1143 2516 1198 uestitus
2545 1144 2665 1212 pilis
2687 1146 2890 1213 cameli,
2920 1155 2967 1200 et
2995 1163 3123 1201 zona
3150 1148 3364 1219 pellicea
3386 1150 3521 1204 circa
3551 1152 3746 1206 lumbos

496 1237 667 1294 lanter
692 1239 920 1309 cogitet,
948 1247 1212 1308 quatenus
1241 1238 1493 1293 talentum
1520 1236 1663 1307 quod
1691 1237 1927 1305 accepit,
1966 1235 2064 1292 du-
2162 1234 2272 1304 ejus
2312 1234 2504 1304 (Marc.
2537 1236 2611 1305 l);
2654 1250 2752 1293 nec
2795 1248 2909 1294 erat
2954 1240 3021 1296 de
3071 1240 3384 1311 immundis,
3408 1242 3497 1314 qui
3530 1252 3746 1315 propter

497 1331 747 1399 plicatam
766 1332 990 1387 Domino
1011 1337 1380 1399 repraesentet.
1400 1328 1456 1385 Si
1475 1336 1651 1385 autem
1672 1342 1781 1384 sua:
1803 1328 2063 1384 talentum
2164 1326 2365 1382 ﬂuxum
2397 1328 2620 1383 seminis
2644 1330 2995 1399 ejiciebantur
3034 1342 3179 1389 extra
3214 1342 3391 1389 castra
3413 1375 3429 1401 ,
3461 1332 3553 1389 sed
3583 1335 3749 1389 casti.

499 1423 740 1479 utilitatis
776 1423 1032 1494 prodesse
1057 1423 1188 1500 aliis
1218 1436 1323 1478 non
1350 1420 1492 1487 vult,
1536 1421 1717 1475 timeat
1745 1421 2065 1488 increpatio-
2169 1428 2331 1475 tatem
2359 1436 2516 1489 quam
2547 1423 2598 1476 in
2628 1433 2803 1477 mente
2831 1423 3077 1489 habebat,
3118 1424 3170 1479 in
3200 1426 3318 1495 ipso
3346 1426 3520 1481 habitu
3544 1441 3746 1496 corpo-

497 1532 617 1574 nem
645 1532 803 1585 quam
834 1517 880 1573 is
908 1519 999 1589 qui
1032 1517 1288 1573 talentum
1317 1532 1477 1571 unum
1508 1516 1559 1570 in
1590 1523 1731 1571 terra
1760 1514 2061 1581 abscondit,
2162 1515 2242 1569 ris
2284 1515 2702 1570 demonstrabat.
2749 1517 2837 1572 Sic
2876 1527 2929 1571 et
2961 1516 3105 1573 Elias
3133 1531 3326 1572 zonam
3367 1518 3505 1572 circa
3531 1519 3746 1573 lumbos

495 1620 524 1660 a
558 1606 788 1663 Domino
821 1608 1056 1663 audivit:
1100 1605 1257 1663 Serve
1297 1606 1430 1660 male
1472 1613 1517 1659 et
1560 1607 1724 1675 piger,
1767 1621 1923 1676 quare
1963 1620 2065 1658 non
2164 1607 2391 1663 habebat
2418 1608 2525 1679 (IV
2558 1608 2684 1681 Reg.
2717 1609 2776 1681 t).
2819 1609 2916 1678 Qui
2947 1612 3091 1666 enim
3124 1626 3229 1667 non
3253 1620 3472 1681 propter
3502 1626 3743 1667 amorem

494 1698 681 1752 dedisti
707 1700 974 1769 pecuniam
1004 1714 1167 1752 meum
1196 1697 1577 1763 nummulart'is,
1623 1706 1671 1749 et
1708 1710 1801 1766 ego
1839 1696 2060 1762 venient,
2165 1700 2391 1756 ﬁliorum
2414 1702 2726 1773 junguntur,
2777 1703 2872 1758 sed
2922 1713 3139 1775 propter
3189 1702 3464 1760 libidinem
3507 1705 3734 1774 explen-

492 1791 797 1859 recepissent
825 1791 996 1859 utique
1023 1790 1159 1859 quod
1201 1804 1369 1843 meum
1410 1796 1520 1854 est,
1571 1803 1689 1842 cum
1737 1790 1943 1841 usura!
1998 1785 2065 1841 Et
2165 1789 2291 1845 dam
2318 1834 2331 1857 ,
2382 1791 2591 1847 lumbos
2621 1794 2933 1862 prmcinctos
2964 1810 3067 1849 non
3094 1794 3311 1861 habent,
3353 1795 3446 1850 sed
3474 1788 3747 1865 potius'de

496 1882 807 1951 implebitur
835 1882 976 1951 quod
1006 1882 1247 1952 sequitur
1272 1896 1286 1935 :
1324 1880 1513 1935 Tollite
1539 1880 1601 1934 ab
1629 1895 1686 1935 eo
1718 1881 1984 1945 talentum,
2015 1885 2065 1932 et
2092 1944 2139 1957 __
2166 1883 2279 1939 illis
2308 1893 2431 1939 sunt
2461 1885 2551 1954 qui
2579 1894 2797 1955 propter
2833 1885 3223 1941 immunditiam
3250 1895 3403 1942 extra
3442 1897 3616 1942 castra
3644 1888 3747 1957 eji-

497 1944 618 2028 dole
659 1974 736 2028 illi
776 1944 867 2045 qui
906 1973 1052 2028 habet
1084 1944 1259 2029 decem
1298 1973 1491 2028 talenta
1516 2013 1531 2039 ,
1581 1973 1701 2041 quia
1732 1985 2063 2041 quaecunque
2092 1944 2143 2007 Β
2169 1975 2405 2043 ciuntur,
2436 1944 2730 2045 comparati
2772 1977 3031 2047 jumentis
3058 1978 3447 2049 insipientibus.
3494 1978 3597 2047 Qui
3622 1944 3752 2037 vero

493 2066 609 2119 sine
637 2065 899 2120 cbaritate
925 2073 1178 2134 operatus
1206 2074 1319 2132 est,
1367 2065 1507 2120 bona
1550 2065 1602 2120 in
1642 2074 1934 2133 conspectu
1974 2064 2070 2125 Dei
2170 2066 2367 2123 tollens
2398 2069 2636 2123 membra
2659 2067 2879 2134 Christi,
2908 2068 3034 2124 facit
3064 2085 3125 2124 ea
3156 2072 3394 2126 membra
3421 2072 3750 2140 meretricis,

491 2168 597 2209 non
640 2165 761 2210 sunt
781 2195 799 2224 ,
852 2156 1096 2226 quamvis
1126 2157 1260 2211 bona
1288 2170 1470 2211 coram
1512 2155 1815 2211 hominibus
1846 2154 2066 2209 videan-
2168 2174 2508 2231 nequaquam
2534 2162 2741 2217 lumbos
2770 2162 2928 2218 habet
2950 2166 3262 2233 praecinctos
3281 2206 3297 2231 ,
3326 2164 3574 2235 quoniam
3605 2165 3751 2220 sicut

495 2256 602 2303 tur.
656 2248 829 2305 Tanto
860 2251 1001 2305 enim
1042 2251 1267 2321 quisque
1308 2251 1621 2321 ampliorem
1671 2251 1894 2321 gloriam
1942 2262 2063 2304 cum
2166 2267 2292 2309 vere
2335 2255 2410 2308 ait
2446 2255 2715 2322 apostolus
2758 2254 2991 2325 Paulus,
3032 2258 3139 2311 sine
3184 2273 3309 2328 pace
3355 2265 3405 2311 et
3442 2256 3749 2311 castimonia

489 2339 719 2396 Domino
762 2342 1093 2410 possidebit,
1138 2353 1335 2414 quanto
1374 2342 1575 2414 largius
1617 2344 1873 2398 talentum
1914 2356 2068 2397 acce-
2165 2362 2315 2401 nemo
2342 2348 2527 2402 videbit
2561 2348 2722 2403 Deum
2753 2348 2911 2421 (Heb.
2946 2351 3071 2418 xu).
3101 2350 3359 2417 Quantum
3388 2349 3526 2403 enim
3554 2348 3747 2404 incor-

490 2441 639 2502 ptum
669 2447 765 2500 pro
784 2433 901 2501 ejus
924 2449 1110 2491 amore
1132 2437 1472 2506 erogaverit:
1507 2435 1645 2505 quod
1670 2435 1785 2505 ipse
1809 2444 2065 2505 przestare
2164 2438 2339 2508 ruptio
2367 2438 2541 2494 carnis
2574 2439 2682 2497 Deo
2707 2441 2930 2509 placeat,
2965 2442 3079 2510 ipse
3104 2456 3197 2510 per
3223 2440 3526 2511 prephetam
3555 2449 3732 2495 testa-

489 2520 737 2593 dignetur
760 2523 855 2595 qui
882 2538 1004 2581 cum
1036 2526 1194 2583 Patre
1221 2536 1275 2583 et
1299 2526 1503 2596 Spiritu
1527 2537 1716 2583 sancto
1740 2527 1892 2596 vivit,
1917 2534 2026 2584 etc.
2168 2542 2273 2597 tur,
2299 2532 2483 2588 dicens
2515 2550 2527 2585 :
2560 2532 2685 2587 Παίς
2719 2533 2840 2587 dicit
2866 2532 3114 2587 Dominus
3151 2532 3389 2588 eunuchis
3411 2574 3426 2598 ,
3451 2531 3538 2599 qui
3560 2537 3749 2583 custo-

964 2635 1237 2694 HOMILIA
1270 2626 1579 2694 LXXXVII,
2165 2626 2350 2679 dierint
2378 2625 2589 2678 sabbata
2614 2640 2744 2693 mea,
2778 2634 2824 2679 et
2854 2625 3091 2696 elegerint
3122 2639 3235 2693 qua:
3260 2624 3421 2690 volui,
3452 2623 3753 2676 tenuerint-

904 2742 1034 2784 ιτει
1087 2745 1155 2785 os
1208 2745 1625 2788 CONFESSORIBUS
2164 2732 2259 2784 συθ
2283 2716 2448 2786 [ﬁdus
2489 2734 2519 2768 η

2164 2732 2259 2784 que
2283 2716 2448 2786 [tedas
2489 2730 2685 2781 meum,
2713 2716 2845 2770 dabo
2882 2717 2954 2770 eis
2997 2716 3049 2769 in
3092 2715 3241 2770 domo
3281 2730 3390 2768 mea
3428 2722 3487 2767 et-
3506 2713 3558 2765 in
3584 2711 3748 2766 muris

559 2818 631 2875 In
668 2820 760 2875 illo
798 2827 1019 2891 tempore
1044 2821 1175 2877 dixit
1201 2821 1353 2878 Iesus
1386 2823 1652 2892 discipulis
1694 2825 1803 2879 suis
1844 2825 2064 2896 parabo-
2165 2827 2176 2865 ¹

2165 2812 2290 2866 meis
2341 2812 2509 2865 locum
2556 2812 2894 2874 nominatum,
2942 2819 2989 2864 et
3036 2825 3217 2864 nomen
3248 2808 3428 2862 melius
3476 2822 3509 2859 a
3545 2806 3665 2875 ﬁliis
3695 2814 3745 2859 et

492 2912 595 2966 lam
623 2913 791 2967 hanc:
837 2912 1006 2968 Homo
1048 2915 1258 2984 quidam
1303 2916 1486 2970 nobilis
1533 2916 1657 2970 abiit
1705 2918 1757 2970 in
1806 2918 2063 2989 regionem

2164 2905 2390 2974 ﬁliabus,
2414 2921 2595 2959 nomen
2628 2904 2987 2973 sempiternum
3034 2902 3171 2973 quod
3222 2918 3323 2956 non
3362 2900 3541 2972 peribit
3582 2897 3732 2968 (Isai.

492 3004 821 3076 longinquam
868 3007 1099 3078 accipere
1143 3007 1240 3063 sibi
1284 3022 1533 3079 regnum,
1586 3018 1633 3063 ει
1680 3011 1899 3077 τινα-ιε,
1954 3020 2058 3065 εις,
2165 2994 2298 3065 LVI).
2335 2995 2396 3050 Et
2447 2997 2498 3049 in
2547 2996 2861 3066 Apocalypsi
2901 2995 2967 3050 de
3015 2995 3209 3049 talibus
3253 2993 3489 3048 dicitur:
3525 2991 3589 3043 1Ιί
3615 2997 3740 3044 sunt

490 3094 641 3165 (Luc.
668 3098 801 3168 ιιι),
2164 3086 2249 3153 qui
2273 3101 2388 3139 cum
2419 3085 2713 3140 mulieribus
2736 3101 2837 3139 non
2864 3094 2982 3139 sunt
3009 3084 3346 3156 coinquinati,
3374 3084 3592 3154 virgines
3609 3082 3746 3135 enim

558 3188 821 3258 Quoniam
847 3192 1096 3263 discipuli
1134 3206 1292 3265 supra
1333 3195 1512 3251 audita
1541 3196 1752 3252 Domini
1785 3208 2059 3266 passione,
2163 3193 2175 3230 ⁴

2163 3189 2282 3230 sunt
2306 3177 2487 3247 (Apoc.
2521 3176 2661 3247 xiv).
2703 3177 2853 3244 Quod
2885 3180 3005 3232 eum
3029 3177 3278 3266 omnibus
3304 3176 3547 3232 ﬁdelibus
3578 3190 3741 3244 gene-

490 3255 601 3336 ειαί
643 3279 862 3354 Reliqua
907 3255 1022 3338 υἱέε
1065 3255 1217 3353 apud.
1253 3302 1365 3341 υεη,
1415 3285 1639 3355 gedum.
1689 3255 1912 3357 ope-rum
1950 3255 2062 3361 ej";
2090 3302 2137 3369 ε
2168 3266 2351 3322 raliter
2380 3267 2769 3322 observandum
2798 3269 2899 3334 sit,
2943 3255 3241 3339 specialiter
3267 3280 3443 3323 tamen
3476 3268 3743 3323 ministris

489 3380 626 3427 tanta
648 3370 715 3441 V,
747 3371 1055 3445 Patrologiw
1078 3372 1206 3430 XCI
1220 3374 1285 3445 γ,
1316 3377 1415 3431 cat,
1446 3376 1574 3432 4η,
1974 3360 1979 3361 ί
2098 3360 2137 3369 “
2169 3360 2517 3417 ecclesiastici
2543 3361 2743 3417 ordinis
2766 3362 3168 3419 custodiendum
3192 3362 3505 3433 iniungitur,
3530 3360 3745 3432 quando

945 3463 1225 3521 HOMILIA
1268 3465 1605 3523 Lxxxvm,
2166 3453 2218 3507 in
2243 3452 2408 3506 veteri
2427 3451 2541 3520 lege
2554 3464 2743 3508 carnes
2764 3453 2881 3523 agni
2906 3454 2993 3523 qui
3022 3454 3072 3509 in
3098 3455 3265 3525 ﬁgura
3280 3451 3527 3524 corporis
3554 3463 3745 3509 etsau—

916 3572 1049 3614 ηεκ
1100 3575 1167 3614 νε
1204 3572 1639 3617 οοκπεεεοιυηυε,
2166 3542 2338 3613 guinis
2366 3542 2626 3598 Dominici
2652 3544 2953 3599 immolatus
2984 3548 3098 3611 est,
3140 3560 3245 3600 non
3275 3544 3422 3615 prius
3461 3546 3746 3602 comedere

811 3651 917 3725 (Ex
945 3653 1082 3724 opp,
1112 3653 1253 3710 beati
1279 3653 1519 3725 Gregorii
1550 3657 1748 3727 papa.)
2167 3634 2415 3727 permissi
2442 3646 2597 3702 sunt,
2631 3649 2788 3705 quam
2819 3649 2979 3693 renes
3003 3638 3271 3692 accinctos
3303 3635 3600 3703 haberent,
3634 3636 3741 3691 Do-

562 3746 635 3801 In
670 3744 765 3801 illo
803 3753 1029 3817 tempore
1074 3746 1201 3803 dixit
1244 3746 1396 3802 Iesus
1447 3726 1902 3818 discipulisrsuis:
1946 3742 2067 3805 Sint
2166 3742 2179 3782 ¹

2166 3726 2314 3783 mino
2337 3727 2547 3784 dicente
2572 3744 2584 3780 :
2607 3727 2699 3783 Sic
2724 3744 2841 3799 ergo
2868 3728 3137 3782 comedetis
3164 3728 3311 3782 illum
3342 3743 3360 3780 :
3384 3744 3529 3782 renes
3558 3738 3742 3781 vestros

494 3836 650 3892 lumbi
696 3837 847 3892 uestri
889 3838 1167 3909 praecincti,
1214 3846 1262 3893 et
1304 3840 1521 3895 lucerna:
1556 3842 1808 3896 ardentes.
1871 3839 1940 3896 Et
1980 3857 2068 3897 uos

2165 3819 2473 3891 accingetis,
2508 3822 2851 3875 calceantenta
2890 3821 3134 3876 habebitis
3178 3821 3231 3875 in
3276 3822 3492 3889 pedibus
3542 3821 3739 3891 (Exod.

493 3929 678 3984 similes
700 3926 986 3985 hominibus
1006 3931 1408 3999 exspectantibus
1431 3933 1687 3987 dominum
1709 3948 1878 3999 suum,
1901 3946 2069 4004 quan-

2166 3912 2290 3980 ιιι).
2338 3911 2505 3967 Item:
2540 3910 2683 3965 Dixit
2718 3910 2969 3967 Dominus
3013 3913 3080 3967 ad
3123 3911 3381 3983 Moysen:
3410 3912 3641 3982 Loquere
3674 3912 3742 3966 ad

494 4019 560 4075 do
589 4029 866 4076 revertatur
893 4036 925 4075 a
947 4021 1158 4091 nuptiis,
1189 4030 1293 4077 etc.
1325 4016 1481 4092 (Luc.
1512 4022 1634 4093 xit).
1913 4001 1922 4004 ’
2168 4004 2342 4059 Aaron
2367 4011 2415 4060 et
2444 4007 2511 4058 ad
2536 4004 2673 4074 ﬁlios
2692 4006 2803 4077 ejus
2825 4021 2844 4060 :
2878 4004 3042 4060 llomo
3068 4006 3131 4059 de
3158 4006 3347 4060 semine
3374 4016 3537 4060 vestro
3568 4005 3620 4057 in
3648 4001 3747 4073 quo

567 4111 746 4169 Sancti
775 4110 1054 4184 evangelii,
1085 4111 1280 4170 fratres
1302 4114 1623 4181 cbarissimi,
1655 4123 1835 4185 aperta
1860 4124 1942 4171 est
1973 4129 2069 4172 no-
2169 4106 2184 4169 l

2169 4100 2322 4169 fuerit
2342 4101 2564 4164 macula,
2588 4114 2687 4152 non
2714 4098 2923 4153 accedat
2952 4098 3019 4153 ad
3046 4099 3230 4154 altare.
3273 4098 3335 4154 Si
3363 4100 3543 4169 gibbus
3573 4098 3744 4166 fuerit,

494 4202 579 4259 bis
624 4203 782 4260 lectio
813 4204 1054 4273 recitata,
1086 4213 1192 4260 etc.
1245 4205 1458 4275 Reliqua
1506 4205 1619 4261 uide
1666 4207 1803 4277 apud
1830 4214 2069 4263 sanctum

2169 4191 2214 4245 si
2236 4190 2425 4261 lippus,
2452 4191 2497 4244 si
2524 4191 2817 4263 albuginem
2843 4190 3031 4245 habens
3058 4192 3110 4244 in
3135 4190 3302 4258 oculo,
3333 4193 3379 4243 si
3405 4189 3750 4260 impetiginem

496 4295 816 4369 Gregorium,
834 4298 1056 4371 Operam
1076 4298 1185 4371 ejus
1206 4306 1338 4355 tomo
1356 4296 1441 4368 Il,
1460 4296 1775 4372 Patrologia:
1800 4298 1948 4357 LXX
1964 4301 2064 4372 v1,

2170 4284 2223 4339 in
2251 4300 2481 4355 corpore,
2509 4285 2587 4338 uel
2603 4287 2783 4355 jugent
2811 4284 3049 4349 scabiem,
3070 4283 3116 4337 si
3128 4298 3285 4337 aecus
3314 4282 3471 4352 fuerit
3497 4279 3575 4334 vel
3600 4278 3748 4331 clau-

497 4390 594 4447 col.
630 4389 787 4448 H25.
2171 4379 2287 4443 dus,
2319 4378 2362 4432 si
2392 4381 2557 4447 fracto
2584 4377 2731 4449 pede,
2756 4378 2832 4431 vel
2861 4387 2990 4432 torto
3021 4392 3164 4441 naso,
3186 4376 3229 4430 si
3260 4375 3414 4445 fuerit
3440 4373 3737 4445 poderosus,

976 4480 1250 4538 HOMILIA
1303 4479 1586 4537 LXXXIX.
2170 4471 2248 4525 vel
2277 4469 2543 4525 herniosus
2574 4470 2759 4542 (Leuit.
2794 4471 2930 4541 xxi).
2972 4469 3070 4538 Qui
3116 4469 3259 4523 enim
3302 4480 3446 4522 sacra
3489 4462 3751 4533 mysteria

934 4584 1061 4626 πει
1098 4586 1165 4625 ne
1205 4578 1632 4628 conrissomnus.
2172 4563 2418 4619 manibus
2444 4572 2695 4631 tractare,
2724 4572 2776 4619 et
2801 4562 2920 4621 aliis
2950 4562 3256 4618 ministrare
3282 4559 3493 4623 debent,
3520 4554 3755 4624 dignum

1065 4658 1167 4729 (Ex
1192 4660 1510 4732 ilaymone.)
2091 4663 2276 4733 post,
2304 4663 2361 4710 ut
2384 4654 2450 4710 ab
2491 4656 2637 4711 omni
2678 4653 2950 4711 immunda
2998 4653 3291 4726 pollutione
3336 4652 3443 4708 sint
3469 4651 3663 4713 alieni,
3702 4658 3762 4704 ut

569 4749 635 4806 In
675 4750 768 4806 illo
810 4758 1030 4822 tempore
1066 4753 1195 4807 dixit
1238 4750 1387 4807 Jesus
1441 4753 1706 4826 discipulis
1749 4758 1855 4811 suis
1887 4771 1909 4812 .-
1951 4756 2072 4813 Sint
2126 4780 2140 4795 σ
2177 4745 2383 4801 scilicet
2408 4754 2460 4802 et
2486 4754 2665 4803 meme
2691 4747 2797 4801 sint
2823 4747 2986 4816 casti.
3014 4754 3068 4803 et
3107 4760 3335 4816 corpore
3373 4744 3571 4815 pudici-
3599 4742 3763 4811 Quod

501 4843 658 4899 lumbi
693 4845 844 4899 vestri
874 4843 1152 4914 prtecincti,
1184 4852 1231 4899 et
1258 4844 1477 4899 lucerna:
1504 4845 1734 4901 ardentes
1758 4847 1812 4900 in
1842 4846 2071 4903 manibus
2175 4837 2230 4892 ιη
2254 4850 2415 4906 Opere
2442 4835 2610 4892 David
2644 4837 2896 4893 discimus
2922 4857 2933 4891 :
2969 4839 3058 4908 qui
3089 4852 3210 4893 cum
3236 4838 3471 4893 venisset
3498 4835 3564 4890 ad
3594 4835 3764 4890 Achi-

500 4937 693 5005 ttestris,
726 4944 829 4993 etc.
863 4935 1017 5005 (Luc.
1043 4936 1167 5008 xu).
2175 4929 2381 4984 melech
2424 4930 2755 4985 sacerdotem
2782 4970 2798 4996 ,
2836 4945 2943 4985 non
2990 4931 3137 5000 prius
3184 4944 3346 5001 panes
3390 4926 3766 4983 sanctiﬁcatos

569 5027 715 5085 Inter
739 5034 962 5085 eteteras
987 5025 1213 5083 virtutes
1243 5041 1377 5098 quas
1402 5026 1663 5083 Dominus
1693 5034 1876 5083 noster
1912 5026 2070 5086 Jesus
2175 5020 2417 5089 πείρετε
2443 5020 2610 5074 νοιυῖι
2634 5063 2648 5087 ι
2683 5034 2842 5091 quam
2868 5034 2925 5076 Se
2954 5034 3183 5091 suosque
3210 5019 3440 5075 mundos
3492 5034 3523 5073 3
3566 5008 3766 5073 {milie-

502 5117 745 5177 Christus
786 5118 1060 5189 discipulis
1099 5116 1317 5174 tradidit
1359 5129 1412 5174 et
1456 5133 1556 5189 per
1576 5117 1866 5188 discipulos
1892 5122 2067 5191 nobis,
2177 5110 2325 5169 ribus
2363 5120 2668 5181 testaretur.
2708 5127 2814 5167 ηοιι
2861 5113 3041 5182 “lique
3084 5112 3254 5167 δοιυιῐι
3302 5111 3525 5175 alienis,
3562 5116 3766 5179 illech

499 5212 788 5266 maximam
834 5217 890 5265 et
933 5212 1256 5280 praecipuam
1302 5210 1599 5264 castitatem
1627 5211 1876 5266 ostendit.
1936 5211 2068 5269 Nam
2180 5203 2515 5270 concubinis,
2546 5203 2640 5259 sed
2664 5204 2823 5259 etiam
2850 5217 2877 5256 a
2904 5201 3129 5273 propriis
3150 5203 3422 5257 uxoribus.
3464 5199 3555 5255 Ait
3577 5202 3764 5256 enim:

505 5314 625 5358 cum
651 5301 899 5370 superius
923 5299 990 5354 ad
1018 5309 1368 5370 spontaneum
1394 5310 1761 5370 paupertatem
1788 5303 2069 5359 amandam
2176 5293 2246 5349 Et
2277 5294 2482 5363 quidem
2501 5295 2544 5349 si
2570 5294 2632 5347 de
2649 5293 2940 5348 mulieribus
2975 5293 3167 5363 agitur,
3197 5292 3544 5345 continuimus
3574 5306 3673 5345 nos
3699 5289 3767 5343 ab

506 5408 604 5449 nos
626 5392 921 5458 incitasset,
950 5390 1172 5447 dicens:
1203 5388 1386 5446 Facite
1420 5391 1558 5447 vobis
1599 5393 1828 5447 sacculos
1854 5394 1940 5464 qui
1967 5398 2071 5449 non
2178 5386 2288 5441 heri
2321 5395 2366 5441 et
2402 5384 2770 5439 nudiustertius
2800 5384 3004 5454 quando
3035 5370 3443 5455 egrediebamur,
3476 5390 3525 5436 et
3550 5383 3773 5451 {uerunt

500 5495 843 5553 veterascunt,
872 5484 1162 5540 thesaurum
1200 5501 1301 5540 non
1334 5483 1647 5555 deﬁcientem
1682 5487 1735 5540 in
1764 5487 1899 5543 caelis
1919 5532 1933 5557 ,
1966 5504 2067 5556 quo

2176 5492 2298 5530 uasa
2327 5490 2601 5545 puerorum
2626 5474 2819 5528 munda
2848 5472 2903 5547 (I
2941 5472 3066 5544 Reg.
3094 5471 3232 5545 xxi).
3262 5472 3604 5542 Quapropter
3632 5486 3772 5527 con-

502 5576 588 5647 fur
612 5591 712 5631 non
735 5577 1007 5648 appropiat
1027 5615 1042 5640 ,
1086 5590 1177 5629 nec
1216 5575 1350 5630 tinea
1377 5577 1686 5647 corrumpit,
1724 5577 1975 5633 continuo
2000 5578 2066 5634 de
2174 5566 2374 5623 sideret
2398 5564 2757 5635 unusquisque
2778 5563 3157 5619 conscientiam
3201 5577 3352 5618 suam
3375 5604 3391 5630 ,
3425 5571 3480 5616 et
3516 5560 3565 5616 si
3595 5576 3660 5616 se
3688 5561 3776 5615 in-

499 5667 760 5723 servanda
783 5668 1027 5723 castitate
1052 5667 1274 5735 adjecit,
1305 5666 1525 5723 dicens:
1568 5666 1685 5723 Sint
1724 5669 1879 5723 lumbi
1917 5671 2070 5725 vestri
2173 5658 2535 5714 continentem
2578 5656 2807 5712 senserit
2837 5656 2888 5709 in
2918 5669 3178 5724 corpore.
3215 5654 3484 5709 abStincot
3522 5667 3586 5708 se
3614 5668 3645 5706 ε
3684 5669 3777 5707 sa-

502 5759 781 5828 ρτωεεηειε.
841 5759 995 5825 Quod
1030 5760 1171 5814 enim
1205 5757 1411 5812 luxuria
1438 5759 1564 5814 viris
1595 5760 1647 5813 in
1676 5760 1866 5815 lumbis
1892 5762 1982 5826 sit,
2016 5770 2072 5816 et
2174 5762 2265 5805 ora
2312 5748 2729 5815 communione.
2777 5761 2846 5802 ne
2897 5744 3036 5803 forte
3081 5745 3148 5800 ad
3195 5745 3455 5815 iudicium
3502 5745 3775 5815 accipiat.

502 5848 717 5905 feminis
765 5848 819 5904 in
848 5849 1125 5917 umbilico,
1172 5844 1428 5903 Dominus
1453 5858 1677 5905 testatur
1713 5865 1831 5906 cum
1866 5851 1931 5906 de
1956 5853 2095 5907 dia.
2174 5842 2317 5912 quod
2350 5839 2591 5895 ﬁdelibus
2620 5838 2800 5895 (latum
2828 5847 2911 5894 est
2932 5837 2997 5893 ad
3034 5837 3327 5893 remedium
3351 5879 3364 5903 ,
3398 5836 3595 5891 timens
3628 5836 3777 5892 illud

502 5941 628 5997 bolo
654 5940 889 6011 loquitur
934 5937 1001 5994 ad
1042 5938 1257 5997 beatum
1295 5938 1435 5998 Job:
1474 5939 1649 5997 Virtus
1670 5942 1779 6011 ejus
1808 5941 1862 5998 in
1888 5941 2072 5999 lumbis
2175 5934 2315 6006 quod
2346 5931 2652 5991 terribiliter
2689 5932 2891 5989 clamat
2916 5929 3205 6002 Apostolus
3245 5929 3431 5990 dicens
3465 5946 3479 5985 :
3517 5928 3776 5998 Quicun-
