4096 6346
386 441 528 506 1557

1403 424 1861 501 HOMILIARIUS.
1903 435 2171 495 anon.
2213 437 2300 493 ne
2338 436 2642 494 SANCTIS.

3491 426 3629 490 1558

382 578 481 636 que
505 558 887 617 manducauerit
914 575 1114 628 panem,
1160 558 1236 613 vel
1280 558 1459 614 biberit
1496 560 1701 613 calicem
1728 554 1951 626 {Domini
1983 554 2036 614 Α
2058 554 2277 609 biculum
2306 564 2465 620 tuum,
2496 563 2542 608 et
2570 569 2684 607 cum
2711 554 2835 623 facis
2861 554 3254 624 eleemosynam,
3288 554 3477 609 nesciat
3501 555 3636 611 sini-

382 653 615 724 indigne,
638 667 753 706 reus
782 652 878 706 erit
911 650 1137 722 corporis
1176 662 1221 705 et
1264 651 1524 722 sanguinis
1556 649 1783 703 Domini.
1830 647 1962 702 Pro-

381 745 461 799 bet
491 753 658 798 autem
683 744 904 812 seipsunt
925 741 1097 810 homo,
1125 752 1170 796 et
1195 744 1267 797 sic
1290 742 1350 796 de
1377 759 1506 813 pane
1531 743 1621 795 illo
1648 743 1761 795 edat
1780 783 1795 809 ,
1830 751 1874 796 et
1899 740 1962 794 de
1996 724 2001 729 ’

381 836 542 890 calice
573 835 731 889 bibat.
782 835 885 899 Qui
930 835 1062 888 enim
1088 836 1358 889 manducat
1386 846 1433 890 et
1466 834 1586 889 bibit
1625 835 1853 905 indigne,
1870 838 1963 905 ju-

381 928 575 981 dicium
604 926 698 981 sibi
721 926 1002 980 manducal
1032 937 1078 981 et
1117 928 1269 996 bibit,
1317 946 1419 982 non
1453 929 1746 1001 dijudicans
1777 943 1961 997 corpus

328 1026 338 1035 ‘
384 1017 597 1072 Domini
628 1014 681 1090 (I
709 1016 827 1072 Cor.
857 1018 955 1089 xi).
997 1017 1091 1075 Vel
1128 1028 1274 1076 certe
1309 1018 1464 1074 aliter
1491 1014 1703 1074 lumbos
1734 1020 1960 1089 prmcin-

389 1109 586 1179 gimus,
618 1124 739 1165 cum
761 1111 937 1166 omnia
962 1109 1343 1181 impedimenta
1364 1110 1546 1166 mundi
1574 1112 1958 1182 postponimus,

386 1210 446 1258 ut
478 1203 530 1259 in
563 1204 646 1259 via
678 1202 1052 1261 mandatorum
1098 1203 1194 1261 Dei
1241 1220 1483 1277 gressum
1514 1206 1708 1262 mentis
1740 1205 1962 1262 firmiter

384 1294 548 1366 [igere
574 1294 864 1351 valeamus.
932 1293 1035 1363 Qui
1063 1296 1206 1353 enim
1232 1296 1523 1352 discinctus
1552 1304 1665 1363 est,
1698 1297 1829 1368 ipsis
1854 1296 1963 1352 suis

382 1386 727 1443 vestimentis
755 1386 1071 1457 impeditur,
1106 1402 1172 1443 ne
1200 1386 1368 1443 libere
1391 1387 1643 1443 ambulet.
1702 1387 1802 1455 Qui
1833 1402 1964 1444 vero

385 1479 710 1547 praecinctus
754 1485 879 1546 est,
926 1492 1332 1550 quaquaversus
1372 1477 1509 1533 liber
1537 1477 1838 1534 discurrere
1863 1492 1961 1548 po-

382 1575 507 1624 test.
549 1566 900 1638 Prtecingitur
947 1568 1013 1623 ad
1060 1568 1298 1637 praelium
1340 1568 1533 1636 miles,
1562 1576 1616 1625 et
1641 1568 1780 1625 circa
1806 1582 1963 1625 renes

382 1658 614 1729 gladium
661 1667 878 1729 portat,
927 1674 1032 1729 quo
1082 1660 1452 1716 adversarium
1483 1675 1638 1716 suum
1676 1660 1961 1732 percutiat.

389 1752 454 1805 Et
481 1759 538 1807 tu
565 1765 691 1823 ergo
716 1752 805 1822 qui
835 1752 987 1821 cupis
1014 1767 1133 1810 esse
1164 1753 1317 1811 miles
1348 1753 1475 1822 Dei,
1521 1753 1787 1825 praecinge
1813 1753 1965 1809 lum-

386 1843 485 1900 bos
510 1852 649 1913 tuos,
678 1844 734 1901 id
760 1854 864 1911 est,
887 1848 1071 1902 omnia
1100 1846 1241 1903 ﬂuxa
1268 1858 1323 1904 et
1348 1848 1724 1919 impedimenta
1776 1847 1963 1903 mundi

2064 658 2169 704 stra
2200 656 2286 701 tua
2313 648 2436 718 quid
2460 648 2613 716 faciat
2648 647 2853 700 dextera
2884 657 2988 700 tua.
3057 647 3121 701 Et
3151 647 3268 713 quia
3295 647 3445 715 juxta
3468 646 3636 702 Joan-

2064 744 2147 799 nis
2191 748 2417 797 ‘vocem:
2461 740 2522 796 Si
2560 755 2647 795 cor
2692 751 2919 797 nostrum
2962 755 3062 793 non
3102 739 3634 809 reprehenderltnos,

2062 836 2306 904 ﬁduciam
2338 834 2578 888 habemus
2604 833 2658 888 in
2688 832 2773 887 die
2794 833 2981 901 judicii
3006 830 3063 902 (Ι
3086 830 3241 887 Ιοαη.
3270 830 3370 899 tu),
3407 830 3635 899 quicun-

2065 941 2169 997 que
2200 926 2407 981 lumbos
2430 925 2628 981 habent
2657 924 2992 993 prtecinctos,
3016 932 3072 979 et
3098 925 3341 978 lucernas
3367 921 3636 986 ardentes,

2067 1017 2355 1073 adventum
2383 1017 2595 1071 Domini
2627 1032 2733 1072 non
2762 1026 2867 1071 tam
2909 1016 3101 1070 timere
3134 1015 3328 1070 debent
3366 1026 3524 1084 quam
3552 1013 3637 1068 di-

2066 1111 2251 1180 ligere.
2294 1108 2448 1165 Unde
2493 1117 2548 1165 et
2588 1109 2868 1165 subditur:
2903 1108 2971 1162 Et
3012 1124 3097 1162 vos
3135 1109 3320 1163 similes
3350 1106 3635 1161 hominibus

2063 1202 2467 1271 exspectantibus
2514 1201 2777 1255 dominum
2820 1217 2997 1267 suum,
3041 1199 3243 1269 quando
3287 1206 3568 1253 revertatur
3602 1210 3639 1250 α

2066 1291 2286 1361 nuptiis,
2319 1301 2373 1345 ut
2415 1307 2531 1345 cum
2568 1293 2758 1346 venerit
2797 1301 2843 1345 et
2880 1292 3182 1361 pulsaverit,
3218 1290 3482 1359 confestim
3511 1302 3628 1357 ape-

2066 1382 2203 1434 riant
2248 1382 2313 1435 ei.
2368 1382 2449 1437 Ad
2500 1383 2707 1451 nuptias
2751 1383 2946 1452 quippe
2982 1378 3238 1437 Dominus
3278 1389 3457 1435 noster
3485 1380 3639 1447 abiit,

2067 1472 2277 1541 quando
2320 1470 2621 1528 ascendens
2648 1474 2699 1527 in
2732 1473 2925 1528 coelum
2954 1513 2968 1537 ,
3000 1471 3390 1527 multitudinem
3430 1470 3643 1541 angelo.

2064 1577 2181 1618 rum
2209 1577 2375 1619 novus
2409 1563 2570 1617 homo
2599 1563 2701 1618 sibi
2726 1564 2969 1619 sociavit.
3014 1563 3163 1618 Tunc
3193 1571 3369 1617 autem
3399 1570 3639 1617 reverte-

2066 1664 2153 1712 tur
2173 1656 2238 1712 ad
2267 1670 2450 1711 servos
2478 1660 2628 1723 sues,
2661 1658 2883 1726 quando
2914 1670 3008 1725 per
3028 1655 3287 1726 judicium
3310 1653 3639 1711 manifestari

2066 1748 2305 1817 cmperit.
2347 1749 2473 1805 Sive
2502 1750 2660 1805 aliter
2687 1767 2701 1803 :
2732 1750 2894 1806 Certe
2922 1748 3179 1805 Dominus
3220 1748 3375 1804 nobis
3402 1746 3645 1819 quotidie

2066 1843 2215 1898 venit
2257 1856 2378 1898 cum
2427 1844 2783 1899 conscientias
2830 1848 3037 1898 nostras
3084 1842 3373 1911 per'suam
3413 1840 3639 1912 gratiam

384 1911 687 2005 postpone',
737 1942 797 1990 ut
824 1951 1057 2009 pugnare
1084 1938 1263 1995 valeas
1298 1955 1405 1995 non
1424 1911 1701 1995 adversus
1743 1952 1955 1995 carnem
1993 1911 2045 1975 Β
2071 1933 2278 1996 visitat,
2310 1940 2366 1987 et
2389 1947 2484 1988 cor
2507 1942 2748 1989 nostrum
2771 1946 2869 1987 suo
2894 1946 3076 1989 amore
3102 1911 3432 1987 inflammat.
3461 1931 3645 1988 Pulsat

381 2033 438 2083 et
487 2026 822 2096 sanguinem,
870 2028 964 2084 sed
1016 2029 1275 2085 adversus
1312 2030 1498 2085 mundi
1536 2037 1774 2085 rectores
1804 2038 1956 2086 tene-

379 2114 595 2170 brarum
628 2115 815 2172 harum
837 2156 852 2182 ,
884 2128 1069 2174 contra
1106 2120 1402 2189 spiritualia
1431 2120 1677 2190 nequitiae
1715 2120 1767 2175 in
1792 2120 1958 2177 coele-

379 2203 575 2270 stibus,
603 2213 661 2259 ut
694 2205 977 2275 impleatur
1000 2208 1051 2263 in
1084 2218 1134 2263 te
1162 2208 1301 2280 quod
1334 2209 1473 2265 idem
1519 2210 1792 2280 apostolus
1830 2211 1957 2267 sub-

378 2294 546 2367 jungit
575 2314 588 2348 :
622 2296 770 2353 State
791 2314 909 2370 ergo
936 2299 1179 2354 succincti
1208 2299 1404 2355 lumbos
1430 2311 1621 2355 vestros
1647 2302 1699 2355 in
1728 2302 1955 2368 veritate,

377 2391 423 2438 el
452 2383 620 2438 induti
647 2383 806 2441 lorica
823 2389 1072 2459 justititz,
1110 2395 1158 2442 et
1182 2387 1392 2444 calceali
1421 2391 1569 2460 pedes
1601 2391 1653 2445 in
1700 2406 1960 2460 praepara-

378 2474 512 2530 tione
560 2476 806 2546 evangelii
864 2477 1004 2549 pacis
1051 2476 1267 2549 (Ephes.
1302 2492 1396 2551 v1).
1451 2480 1651 2535 Taliter
1682 2481 1837 2537 miles
1868 2495 1959 2536 ca-

378 2576 615 2627 strorum
646 2566 853 2625 lumbos
885 2571 1268 2640 prrecinxerat,
1322 2572 1537 2643 quando
1566 2573 1770 2629 audivit
1806 2590 1820 2628 :
1860 2574 1958 2628 Ac-

379 2658 528 2725 cinge
547 2668 677 2713 sicut
704 2656 1001 2715 vir-“lumbos
1030 2672 1143 2716 tuos
1172 2656 1315 2733 (Job.
1347 2664 1596 2734 xxxviii).
1647 2664 1795 2721 Unde
1821 2674 1876 2721 et
1904 2666 1959 2722 in

383 2749 543 2804 laude
571 2748 829 2809 Ecclesiae
876 2738 1110 2807 dicitur:
1156 2754 1389 2809 Accinxit
1428 2755 1724 2825 fortitudine
1762 2755 1960 2811 lumbos

380 2859 521 2910 suos,
556 2842 602 2898 el
627 2842 888 2899 roboravit
903 2844 1171 2899 «brachium
1199 2861 1345 2899 suum
1390 2844 1568 2917 (Prov.
1604 2847 1772 2915 xxxr).
1802 2847 1960 2915 Quis-

380 2940 499 3009 quis
540 2947 716 2997 autem
742 2940 865 2996 talis
890 2949 1008 3008 est,
1038 2940 1161 2996 aliis
1188 2940 1252 2995 ad
1301 2944 1606 3012 exemplum
1650 2941 1959 2999 imitationis

383 3030 763 3101 proponendus
794 3038 877 3087 est
900 3074 914 3091 .
960 3034 1083 3101 quia
1122 3033 1201 3087 sic
1240 3034 1312 3086 ait
1344 3032 1601 3089 Dominus
1630 3050 1642 3087 :
1676 3031 1843 3088 Nemo
1872 3048 1961 3085 ac-

380 3125 550 3177 cendit
599 3121 893 3191 lucernam,
948 3131 994 3177 et
1039 3124 1182 3194 ponit
1221 3138 1333 3178 eam
1359 3124 1451 3178 sub
1478 3124 1667 3190 modio,
1695 3124 1784 3179 sed
1806 3137 1959 3192 super

377 3217 779 3286 candelabrum,
830 3224 887 3273 ut
934 3215 1097 3271 luceat
1152 3218 1384 3271 omnibus
1439 3217 1525 3287 qui
1571 3218 1626 3271 in
1654 3217 1806 3271 domo
1837 3223 1956 3271 sunt

381 3310 589 3380 (Matth.
615 3312 694 3380 v).
727 3309 899 3375 Unde,
935 3319 1217 3380 postquam
1244 3310 1382 3367 dixit
1410 3327 1421 3364 :
1460 3309 1577 3365 Sint
1616 3308 1777 3363 lumbi
1806 3309 1956 3364 vestri

380 3401 659 3472 prwcincti,
692 3410 738 3455 et
773 3403 1003 3457 lucernae
1024 3401 1279 3471 ardentes,
1300 3398 1427 3471 quid
1455 3414 1550 3471 per
1576 3400 1820 3455 lucernas
1853 3398 1957 3455 nisi

381 3508 546 3566 opera
574 3494 714 3550 bona
742 3493 1126 3564 designantur?
1158 3493 1425 3549 Lucernas
1454 3491 1702 3547 ardentes
1731 3490 1952 3559 habere,

384 3592 467 3637 est
498 3581 633 3638 bona
663 3597 825 3652 opera
868 3568 990 3637 aliis
1028 3582 1093 3638 ad
1122 3582 1433 3637 imitandum
1462 3582 1775 3647 ostendere,
1803 3582 1953 3651 juxta

384 3675 515 3731 illud
558 3674 698 3743 quod
740 3675 996 3729 Demittus
1041 3674 1170 3728 alibi
1200 3673 1311 3727 ait:
1346 3672 1532 3727 Luceat
1556 3690 1647 3728 ,ηπ
1676 3682 1836 3728 vestra
1866 3690 1955 3727 co-

379 3782 494 3819 ram
521 3764 828 3829 hominibus,
861 3771 917 3817 ut
958 3762 1159 3816 videant
1198 3777 1352 3832 opera
1388 3772 1551 3816 vestra
1580 3762 1737 3827 bona,
1771 3772 1819 3816 et
1847 3764 1960 3832 glo-

382 3856 585 3924 riﬁcent
615 3853 827 3910 Pati-em
857 3862 1073 3909 vestrum
1106 3854 1195 3923 qui
1224 3854 1277 3908 in
1302 3853 1436 3908 caelis
1458 3862 1551 3909 est.
1606 3854 1959 3910 Consideran-

388 3944 518 4000 dum
552 3954 731 4001 autem
763 3944 890 4000 illud
922 3954 1024 4008 est,
1054 3943 1194 4013 quod
1217 3943 1333 3999 dua:
1350 3952 1475 4000 sunt
1498 3959 1614 4014 quae
1644 3945 1959 4015 praecipiun-

384 4046 491 4102 tur,
518 4036 727 4091 lumbos
760 4034 966 4092 scilicet
990 4034 1336 4105 praecingere,
1363 4034 1680 4105 etjuceruas
1708 4036 1959 4093 ardentes

390 4128 608 4196 habere,
630 4126 751 4198 quia
782 4142 881 4184 nec
909 4128 1126 4183 castitas
1169 4125 1384 4196 prodest
1436 4128 1553 4183 sine
1590 4126 1732 4183 bono
1770 4141 1955 4197 opere,

393 4239 492 4280 nec
516 4224 712 4279 bonum
762 4237 897 4292 opus
944 4220 1142 4292 aliquid
1186 4221 1325 4277 valet
1369 4219 1486 4277 sine
1532 4222 1804 4278 castitate.
1840 4222 1960 4278 Pri-

388 4330 531 4369 mum
563 4314 708 4371 enim
740 4312 1079 4385 praecipimur
1108 4313 1318 4369 lumbos
1344 4314 1669 4384 restringere
1694 4358 1709 4385 ,
1761 4323 1815 4372 et
1836 4323 1957 4386 post

383 4407 630 4463 lucernas
660 4416 845 4463 tenere
871 4451 886 4476 ,
935 4407 1059 4477 quia
1089 4405 1181 4463 ille
1206 4406 1271 4461 ad
1303 4407 1527 4463 aliorum
1553 4410 1796 4479 exempla
1832 4424 1957 4480 pro-

390 4498 683 4554 movendus
710 4508 824 4570 est,
874 4496 927 4552 in
964 4497 1117 4569 cujus
1159 4506 1375 4568 pectore
1417 4500 1665 4556 salutaria
1694 4500 1958 4560 desideria

383 4590 581 4660 vigent,
627 4598 683 4645 et
709 4590 859 4659 cujus
902 4600 1131 4644 mentem
1186 4590 1419 4646 carnalis
1445 4590 1692 4663 voluptas
1724 4607 1828 4648 non
1854 4578 1966 4649 oc-'

385 4690 564 4751 cupat.
604 4680 755 4748 Quod
786 4683 838 4735 in
862 4681 979 4751 lege
1002 4679 1394 4751 praefiguratum
1416 4693 1517 4752 est,
1546 4699 1665 4740 cum
1696 4700 1789 4755 per
1807 4686 1956 4759 Moy—

386 4786 479 4828 sen
508 4772 819 4842 praecipitur
850 4782 907 4827 ut
949 4771 1146 4829 Levitae
1175 4789 1339 4845 usque
1372 4776 1437 4830 ad
1460 4779 1954 4849 quinquagesimum

384 4877 584 4919 annum
628 4862 964 4932 ministrent,
1019 4875 1138 4937 post
1172 4880 1367 4922 annum
1410 4882 1537 4923 vero
1575 4870 1954 4941 quinquagesi-

385 4969 530 5011 mum
570 4953 819 5010 custodes
868 4969 1118 5011 vasorum
1170 4958 1331 5026 fiant,
1388 4958 1684 5029 legitimum
1744 4970 1954 5031 tempus

386 5046 759 5113 attendentes,
809 5046 922 5101 sive
965 5047 1032 5101 ad
1078 5050 1405 5119 regendum,
1452 5051 1564 5105 sive
1607 5050 1673 5105 ad
1722 5052 1954 5108 officium

393 5138 787 5207 praedicationis
809 5139 1203 5206 suscipiendum
1232 5140 1416 5213 (Num.
1449 5142 1587 5213 Vill).
1629 5143 1732 5199 Sed
1760 5147 1956 5213 quaeri-

390 5237 495 5296 tur,
541 5242 705 5309 quare
738 5231 1009 5299 praecipiat
1049 5232 1295 5287 lucernas
1324 5242 1542 5300 tenere,
1574 5248 1691 5288 cum
1723 5235 1844 5290 alibi
1871 5235 1955 5290 di-

386 5331 473 5377 cat
497 5339 509 5375 :
541 5320 616 5375 Tu
636 5330 805 5377 autem
833 5339 948 5378 cum
973 5325 1216 5389 oraveris,
1246 5326 1381 5379 intra
1399 5327 1453 5381 in
1473 5325 1761 5380 cubiculum
1788 5335 1951 5395 tuum,

385 5419 437 5469 et
464 5412 639 5467 clauso
669 5415 799 5469 ostio
826 5430 917 5469 ora
942 5413 1155 5469 Patrem
1185 5426 1327 5469 tuum
1353 5415 1567 5484 (Matth.
1598 5417 1692 5487 vi).
1724 5417 1803 5471 Ad
1824 5418 1963 5486 quod

386 5503 687 5571 dicendum,
717 5504 837 5575 quia
861 5504 961 5561 illis
984 5505 1290 5576 praecipitur
1313 5507 1511 5562 bonum
1532 5522 1667 5578 opus
1696 5509 1758 5562 ad
1781 5522 1962 5563 exem-

386 5597 530 5667 plum
552 5598 776 5654 aliorum
801 5600 1107 5667 ostendere,
1125 5599 1214 5669 qui
1241 5608 1349 5653 tam
1371 5599 1587 5668 perfecti
1618 5609 1761 5667 sunt,
1789 5609 1847 5656 ut
1872 5601 1960 5666 qui

385 5690 454 5747 ab
475 5690 776 5749 hominibus
799 5691 1000 5748 laudati
1026 5707 1129 5748 non
1157 5693 1499 5749 extollantur.
1541 5693 1649 5749 illis
1668 5704 1842 5749 autem
1870 5694 1962 5764 qui

282 5864 283 5867 η
388 5781 683 5853 imperfecti
730 5793 893 5849 sunt,
940 5793 1030 5839 aut
1070 5798 1203 5855 quos
1251 5782 1406 5867 favor
1445 5783 1709 5840 humanus
1732 5784 1960 5854 extollit,

394 5874 729 5945 praecipitur:
764 5874 842 5931 Tu
893 5886 1059 5932 autem
1109 5892 1225 5932 cum
1278 5866 1498 5931 or‘averis
1521 5916 1537 5946 ,
1582 5877 1719 5932 intra
1764 5878 1824 5933 in
1871 5893 1962 5933 cu-

1978 3264 2029 3331 α

1984 4638 2041 4711 D

2062 2039 2193 2082 vero
2237 2025 2453 2096 quando
2497 2040 2593 2094 per
2640 2025 2971 2095 egritudinis
3016 2024 3313 2081 molestiam
3340 2064 3357 2091 ,
3410 2023 3644 2079 vicinam

2063 2126 2289 2173 mortem
2315 2116 2617 2173 denuntiat.
2646 2117 2742 2173 Cui
2774 2117 2866 2172 ille
2906 2116 3085 2171 statim
3134 2116 3337 2187 aperit,
3365 2116 3456 2185 qui
3486 2114 3642 2170 laetus

2061 2212 2132 2268 de
2156 2226 2382 2282 corpore
2424 2214 2579 2278 exit,
2618 2220 2673 2267 et
2701 2211 2818 2281 ejus
2840 2211 3075 2281 speciem
3122 2225 3280 2281 quem
3314 2220 3527 2277 semper
3553 2207 3646 2263 deo

2061 2303 2336 2369 sideravit,
2364 2302 2546 2359 videre
2571 2302 2919 2371 concupiscit.
2955 2302 3191 2358 Pulsanti
3238 2301 3398 2371 iudici
3429 2301 3643 2371 aperire

2063 2393 2255 2459 timet,
2287 2393 2378 2462 qui
2422 2392 2539 2461 ejus
2587 2393 2868 2461 praeceptis
2894 2407 2953 2449 se
2985 2391 3207 2448 minime
3234 2393 3640 2460 obtemperasse

2064 2483 2363 2555 cognoscit,
2396 2493 2450 2539 et
2474 2484 2657 2540 videre
2682 2499 2802 2540 eum
2831 2486 3021 2541 exiens
3047 2484 3112 2539 de
3136 2499 3364 2554 corpore
3387 2483 3638 2553 trepidat,

2063 2589 2219 2644 quem
2242 2575 2628 2642 contempsisse
2653 2589 2712 2630 se
2740 2575 3001 2641 meminit.
3032 2583 3087 2630 et
3112 2574 3261 2644 quasi
3290 2573 3475 2629 videre
3498 2572 3640 2643 judi-

2063 2678 2181 2719 cem
2214 2666 2423 2728 metuit,
2454 2663 2605 2733 cujus
2631 2665 2794 2732 jussis
2828 2680 2886 2720 se
2914 2666 3312 2735 obtemperasse
3340 2680 3446 2720 non
3485 2678 3638 2721 reco«

2062 2753 2291 2825 gnoscit.
2370 2754 2522 2810 Sicut
2570 2754 2710 2809 enim
2754 2753 2952 2823 judicis
2996 2756 3283 2812 adventum
3313 2757 3382 2810 .in
3424 2755 3639 2811 civitate

2064 2846 2180 2915 ejus
2226 2847 2360 2915 justi
2410 2845 2656 2916 diligunt,
2704 2846 2851 2901 fures
2899 2856 2954 2903 et
2984 2848 3219 2903 latrones
3241 2847 3459 2914 timent,
3491 2847 3562 2901 ita
3586 2854 3641 2902 et

2062 2938 2353 2994 adventum
2382 2938 2595 2994 Domini
2628 2940 2702 2994 illi
2730 2939 2939 3006 timent,
2966 2940 3056 3009 qui
3082 2940 3199 3010 ejus
3222 2939 3507 3010 praeceptis
3540 2940 3639 2994 mi-

2062 3030 2211 3086 nime
2251 3045 2311 3087 se
2337 3033 2737 3101 obtemperasse
2767 3030 2961 3089 sciunt.
3020 3032 3131 3088 Soli
3181 3039 3358 3087 autem
3407 3032 3483 3087 illi
3513 3030 3633 3086 dilic

2063 3132 2235 3193 gunt,
2289 3125 2380 3195 qui
2427 3134 2573 3181 recte
2619 3139 2678 3181 se
2704 3126 2885 3182 vivere
2912 3126 3185 3191 recolunt,
3232 3125 3373 3195 quod
3420 3122 3635 3179 illorum

2062 3222 2146 3271 est
2176 3215 2370 3281 facere,
2400 3217 2493 3287 qui
2522 3218 2684 3273 vitam
2710 3232 2895 3285 suam,
2924 3226 3176 3288 quantum
3207 3217 3434 3273 humana
3470 3217 3631 3286 fragi-

2062 3307 2189 3363 litas
2214 3308 2428 3376 patitur,
2472 3308 2844 3378 inculpabilem
2888 3311 3225 3375 custodiunt,
3265 3319 3319 3365 et
3357 3323 3450 3365 cor
3475 3322 3628 3364 suum

2061 3400 2129 3456 de
2156 3408 2369 3458 terreno
2396 3416 2577 3457 amore
2604 3403 2658 3457 in
2686 3402 2921 3459 ccelestis
2952 3403 3136 3473 patriae
3175 3403 3365 3471 gaudio
3405 3406 3627 3472 ponunt.

2062 3492 2208 3548 Talis
2253 3502 2369 3549 erat
2415 3493 2609 3550 Paulus
2655 3496 2963 3565 apostolus,
3014 3495 3102 3564 qui
3129 3494 3197 3550 de
3239 3493 3390 3549 bonis
3428 3494 3631 3549 actibus

2061 3597 2283 3640 securus
2331 3585 2577 3641 dicebat:
2610 3585 2723 3657 Ego
2742 3596 2911 3641 autem
2932 3591 3045 3659 jam
3089 3587 3304 3654 delibor,
3346 3595 3394 3642 et
3436 3596 3633 3658 tempus

2063 3688 2191 3729 meae
2208 3675 2533 3731 resolutionis
2561 3679 2734 3733 instat.
2776 3677 2979 3732 Bonum
3005 3689 3261 3732 certamen
3285 3680 3494 3743 certaui,
3519 3694 3633 3732 cur-

2062 3778 2177 3816 sum
2223 3766 2608 3831 consummavi,
2662 3766 2812 3833 ﬁdem
2834 3769 3056 3831 servavi,
3105 3768 3168 3822 de
3196 3768 3393 3839 reliquo
3419 3771 3641 3840 reposita

2063 3864 2138 3908 est
2186 3855 2311 3908 mihi
2351 3871 2539 3910 corona
2581 3857 2799 3927 justitite
2840 3856 2929 3928 (II
2963 3857 3095 3913 Tim.
3145 3863 3244 3927 tv).
3296 3860 3361 3914 Et
3399 3861 3591 3915 iterum
3625 3878 3640 3915 :

2065 3944 2228 4014 Cupio
2255 3946 2465 4000 dissolvi
2491 3954 2541 4000 et
2566 3961 2671 4000 esse
2689 3961 2804 4000 cum
2834 3946 3062 4014 Christo,
3096 3948 3256 4003 multo
3286 3950 3426 4002 enim
3462 3951 3643 4005 melius

2069 4035 2235 4108 (Phil.
2266 4036 2325 4107 l).
2372 4038 2438 4093 Et
2466 4053 2649 4094 rursus
2675 4055 2689 4093 :
2750 4038 2871 4094 Vivo
2896 4048 3064 4095 autem
3089 4044 3206 4113 jam
3243 4056 3344 4094 non
3373 4057 3488 4110 ego,
3518 4042 3636 4096 vivit

2062 4145 2183 4186 vero
2226 4130 2281 4184 in
2316 4132 2395 4186 nte
2433 4130 2663 4186 Christus
2689 4131 2835 4203 (Gal.
2868 4133 2953 4202 ιι).
2988 4132 3189 4189 Taliter
3216 4133 3446 4203 pulsanti
3469 4133 3638 4204 judici

2065 4222 2258 4280 beatus
2295 4221 2555 4289 Martinus
2604 4224 2813 4293 aperire
2845 4232 3057 4295 paratus
3081 4233 3227 4291 erat,
3258 4224 3470 4295 quando
3497 4226 3636 4282 inter

2067 4315 2401 4386 aegritudinis
2436 4315 2732 4371 molestiam
2757 4317 3078 4372 constitutus
3097 4356 3112 4383 ,
3142 4316 3518 4385 discipulorum
3545 4315 3635 4373 ﬂe-

2064 4406 2212 4462 tibus
2225 4413 2543 4472 commotus,
2575 4406 2788 4461 dicebat
2812 4406 3029 4461 :Gravis
3052 4413 3155 4474 est,
3181 4405 3425 4470 Domine,
3459 4420 3633 4476 pugna

2065 4496 2261 4553 laboris
2290 4510 2394 4567 qua
2421 4498 2696 4567 hucusque
2741 4495 2970 4559 certavi;
3017 4495 3111 4551 sed
3140 4496 3185 4551 si
3214 4495 3386 4551 adhuc
3436 4495 3630 4565 populo

2068 4597 2158 4645 tuo
2182 4602 2300 4644 sum
2328 4589 2664 4646 necessarius
2681 4629 2695 4654 ,
2744 4603 2850 4644 non
2874 4598 3064 4643 recuso
3084 4598 3305 4659 propter
3331 4601 3425 4644 eos
3448 4585 3633 4645 subire

2066 4681 2322 4746 laborem,
2356 4680 2447 4735 (lat
2489 4681 2732 4735 voluntas
2784 4689 2893 4735 tua.
2948 4680 3165 4737 Talibus
3191 4682 3364 4752 qualis
3385 4693 3628 4737 remune-

2067 4777 2205 4831 ratio
2235 4784 2526 4845 praeparata
2551 4774 2621 4829 sit
2644 4815 2659 4842 ,
2709 4774 2961 4830 Dominus
2992 4775 3326 4841 manifestat,
3356 4788 3475 4830 cum
3504 4773 3633 4829 sub-

2064 4865 2181 4923 dit:
2210 4864 2356 4921 Beati
2381 4866 2509 4920 servi
2538 4866 2649 4931 illi,
2675 4883 2799 4936 quos
2818 4909 2834 4933 ,
2876 4883 2993 4921 cum
3029 4867 3220 4921 venerit
3261 4865 3520 4931 libertinus,
3549 4867 3630 4919 in-

2063 4957 2254 5012 venerit
2277 4958 2561 5028 vigilantes.
2614 4957 2841 5028 Vigilare
2888 4959 3031 5014 enim
3069 4966 3151 5013 est
3194 4958 3248 5012 in
3283 4957 3425 5012 bono
3466 4972 3630 5025 opere

2066 5068 2493 5125 unumquemque
2520 5053 2806 5111 sollicitum
2829 5068 2969 5111 esse.
2997 5054 3089 5109 ille
3115 5067 3241 5109 vero
3269 5054 3402 5108 bene
3425 5052 3631 5124 vigilat,

2066 5147 2156 5214 qui
2186 5155 2330 5201 recte
2353 5147 2541 5210 credit,
2573 5155 2627 5201 et
2654 5155 2799 5201 recte
2827 5146 2975 5200 vivit.
3010 5143 3235 5215 Vigilat,
3266 5145 3355 5214 qui
3382 5144 3449 5200 ad
3475 5160 3633 5215 aspe-

2065 5246 2208 5291 ctum
2244 5238 2352 5292 s-eri
2393 5238 2608 5292 luminis
2638 5246 2851 5307 apertos
2876 5245 3023 5294 tenet
3052 5237 3235 5294 oculos
3270 5241 3486 5295 mentis.
3528 5239 3632 5297 Vel

2066 5336 2213 5381 certe
2263 5326 2484 5395 vigilat,
2533 5327 2622 5395 qui
2664 5336 2936 5395 torporem
2983 5335 3040 5384 et
3082 5328 3456 5400 negligentiam
3504 5343 3536 5384 a
3572 5343 3635 5385 se

2065 5418 2291 5485 excutit,
2320 5427 2373 5471 et
2401 5416 2601 5474 divinis
2629 5418 2890 5474 mandatis
2916 5420 3121 5476 ardenti
3169 5423 3347 5478 animo
3381 5421 3630 5476 inhaeret.

2069 5507 2268 5564 Taliter
2314 5509 2508 5564 Paulus
2551 5510 2822 5579 apostolus
2850 5511 3065 5582 vigilare
3108 5513 3385 5582 monebat,
3434 5510 3631 5583 quibus

2066 5600 2312 5658 dicebat:
2350 5599 2599 5670 Erigilale
2615 5603 2776 5674 justi,
2808 5610 2859 5655 et
2882 5604 3037 5659 nolite
3057 5620 3260 5673 peccare
3284 5603 3337 5676 (1
3362 5603 3480 5658 Cor.
3512 5604 3630 5673 xv).

2067 5693 2133 5748 Et
2161 5692 2351 5749 iterum
2376 5708 2390 5746 :
2424 5691 2476 5745 Η
2483 5707 2573 5746 ora
2601 5703 2673 5747 est
2691 5694 2801 5765 jam
2828 5708 2919 5749 nos
2942 5695 3005 5750 de
3025 5710 3202 5750 somno
3216 5709 3423 5766 surgere
3448 5694 3628 5763 (Rom.

2067 5786 2208 5856 xm).
2255 5784 2323 5839 Et
2363 5797 2585 5839 rursus:
2632 5783 2848 5854 Vigilate
2873 5795 2921 5841 et
2943 5796 3105 5853 orate,
3149 5798 3197 5841 et
3219 5795 3348 5841 state
3369 5786 3424 5840 in
3444 5786 3548 5855 ﬁde
3571 5782 3629 5855 (Ι

2067 5879 2185 5935 Cor.
2219 5878 2356 5949 va).
2397 5875 2585 5934 Adhuc
2611 5876 2773 5934 etiam
2806 5878 2970 5951 ipsius
3012 5878 3452 5938 remunerationis
3493 5890 3629 5943 aua-
