4096 6346
503 360 525 418 Ι
535 359 637 417 559

1407 360 1611 420 PAULI
1650 356 1915 418 DIACONI
1954 354 2101 414 OPP.
2141 352 2316 415 PARS
2355 352 2505 410 ll.--
2545 351 2904 414 ASCETICA.

3583 357 3742 440 issu

503 483 627 539 litas
657 482 969 552 insinuatur,
994 497 1113 541 cum
1137 482 1414 540 subditur:
1439 485 1598 538 Amen
1619 483 1731 537 dico
1753 479 1909 548 vobis,
1928 477 2064 550 quod
2090 476 2144 538 Α
2169 474 2454 532 adventum
2483 475 2675 542 sciret,
2725 472 2930 544 vigilias
2978 471 3300 539 instrueret,
3349 473 3616 532 custodias
3642 477 3744 533 ad-

502 577 780 649 prazcinget
813 595 868 633 se
887 619 903 645 ,
945 587 992 634 et
1031 578 1181 648 faciet
1208 579 1323 632 illos
1349 579 1657 632 discumbere
1681 617 1696 644 ,
1740 584 1787 631 et
1817 575 2064 630 transiens

499 667 808 722 ministrabit
847 669 973 724 illis.
1023 669 1280 740 Prtecingi
1324 683 1453 724 vero
1479 667 1608 736 Dei,
1636 675 1717 724 est
1744 669 1811 725 ad
1838 668 2066 725 retribu-

496 756 703 813 tionem
745 773 806 815 se
829 774 1169 832 praeparare.
1227 760 1474 817 Nostrum
1502 771 1679 818 autem
1709 762 2062 827 discumbere,

501 857 587 904 est
613 850 667 904 in
699 859 898 905 acterna
927 850 1251 908 beatitudine
1285 854 1562 922 quiescere
1597 853 1744 924 juxta
1785 855 1924 926 quod
1953 855 2066 925 ipse

502 939 628 994 alibi
657 940 729 994 ait
755 958 766 993 ε
799 941 954 996 Multi
981 945 1175 998 venient
1199 944 1261 997 ab
1289 945 1479 1000 oriente
1501 956 1546 1001 et
1578 949 1868 1012 occidente,
1908 958 1957 1002 et
1986 964 2067 1002 re-

500 1032 732 1087 cumbent
751 1049 867 1087 cum
897 1035 1149 1090 Abraham
1185 1045 1231 1090 et
1253 1035 1407 1091 Isaac
1434 1048 1480 1091 et
1509 1039 1668 1094 Iacob
1696 1042 1751 1094 in
1780 1057 1932 1112 regno
1971 1057 2068 1097 ca:-

503 1126 670 1181 lorum
699 1126 913 1196 (Matth.
943 1129 1083 1201 vin).
1125 1130 1374 1186 Transire
1400 1146 1527 1189 vero
1555 1133 1770 1201 dicitur,
1797 1149 1916 1190 cum
1948 1142 2070 1206 post

499 1214 757 1284 judicium
787 1217 854 1272 ad
897 1233 1116 1288 regnum
1161 1233 1427 1290 pr0perat.
1489 1223 1582 1278 Vel
1629 1234 1774 1281 certe
1812 1225 2069 1282 Dominus

510 1307 772 1362 transiens
801 1308 954 1365 nobis
987 1311 1344 1381 ministrabit,
1393 1327 1512 1369 cum
1541 1313 1608 1370 de
1634 1315 1801 1372 lorma
1830 1317 2072 1373 humani-

504 1399 632 1453 tatis
657 1413 824 1468 usque
855 1401 922 1456 ad
963 1404 1423 1474 contemplandam
1458 1406 1751 1463 claritatem
1782 1409 2073 1466 divinitatis

501 1502 602 1544 nos
625 1490 897 1559 perducet.
941 1491 1200 1550 Omnibus
1229 1495 1372 1550 enim
1401 1497 1454 1550 in
1478 1497 1677 1564 judicio
1703 1500 1754 1554 in
1782 1500 1948 1556 forma
1971 1502 2072 1556 hu-

502 1581 769 1638 manitatis
812 1585 1118 1654 apparebit,
1140 1586 1300 1656 justis
1329 1587 1534 1645 scilicet
1561 1599 1616 1646 et
1654 1590 1866 1662 injustis
1889 1633 1905 1659 ,
1938 1594 2076 1650 sicut

500 1676 761 1746 scriptum
792 1687 908 1733 est:
942 1677 1010 1733 Et
1047 1680 1232 1736 videbit
1259 1684 1423 1738 omnis
1452 1700 1572 1739 caro
1605 1686 1834 1741 salutare
1865 1687 1959 1742 Dei
1986 1706 2077 1744 no-

502 1769 596 1821 stri
620 1768 769 1838 (Luc.
798 1770 900 1840 tu).
953 1773 1055 1828 Sed
1087 1774 1329 1845 reprobis
1367 1775 1515 1846 justo
1551 1778 1750 1848 judicio
1788 1781 2074 1847 damnatis,

2166 567 2371 624 biberet
2395 611 2410 636 ,
2455 568 2746 624 inﬁrmiora
2787 567 2902 622 loca
2938 568 3199 634 muniret,
3245 576 3300 624 et
3329 582 3396 625 ne
3419 582 3514 623 sua
3544 569 3743 626 domus

2166 661 2341 732 aliqua
2388 659 2572 717 fraude
2618 658 2823 730 periodi
2847 667 3050 730 posset,
3096 660 3352 716 sollicitus
3389 673 3736 731 praecaveret.

2165 752 2524 824 Spiritualiter
2547 763 2724 810 autem
2753 752 3136 825 paterfamilias
3158 753 3282 820 iste,
3306 764 3485 810 noster
3506 765 3588 810 est
3617 758 3745 812 ani-

2165 862 2308 912 mus,
2342 848 2430 916 qui
2477 855 2603 902 tunc
2652 845 2789 903 male
2835 860 3056 903 securus
3094 847 3322 914 dormit,
3353 850 3561 919 quando
3589 850 3742 906 diem

2167 942 2354 997 mortis
2382 941 2698 996 obliviscens
2721 983 2737 1010 ,
2788 955 2818 996 a
2848 941 2990 997 bono
3017 955 3179 1011 Opere
3208 951 3415 1011 torpet,
3445 953 3499 998 et
3527 943 3744 1003 brevis.

2168 1033 2362 1088 simum
2413 1041 2618 1102 tempus
2661 1035 2779 1088 vitae
2825 1035 3138 1103 praesentis,
3190 1035 3340 1104 quasi
3391 1035 3601 1106 longum
3631 1036 3744 1094 sibi

2169 1126 2450 1196 promittit.
2512 1124 2666 1181 Furis
2714 1133 2895 1182 autem
2935 1125 3193 1182 adventus
3217 1167 3230 1191 ,
3291 1140 3435 1181 mors
3473 1135 3585 1193 est,
3619 1142 3747 1197 qua

2172 1218 2465 1289 improvisa
2495 1218 2673 1274 subito
2694 1217 2818 1273 dum
2844 1232 2951 1273 non
2972 1228 3221 1288 speratur
3251 1218 3492 1286 veniens,
3520 1218 3745 1273 thesau-

2169 1324 2287 1364 rum
2319 1309 2509 1364 animaa
2535 1317 2732 1364 nostra:
2756 1309 2821 1364 ad
2850 1324 3035 1379 pmnas
3063 1309 3222 1378 rapit.
3261 1308 3430 1379 Hujus
3459 1324 3584 1380 ergo
3607 1311 3748 1365 furis

2173 1401 2456 1456 adventum
2508 1409 2567 1456 ut
2612 1415 2916 1470 praecavere
2961 1400 3262 1471 possimus,
3307 1415 3526 1457 necesse
3571 1413 3658 1457 est
3691 1413 3751 1457 ut

2173 1492 2314 1548 diem
2337 1492 2522 1548 mortis
2543 1507 2754 1562 semper
2791 1501 2912 1547 ante
2941 1493 3124 1548 oculos
3158 1494 3470 1550 habeamus.
3521 1494 3745 1552 Multum

2172 1586 2315 1642 enim
2358 1600 2458 1641 nos
2501 1585 2756 1641 adversus
2800 1595 3073 1655 peccatum
3100 1585 3290 1654 juvat,
3335 1587 3382 1641 si
3413 1586 3534 1641 linis
3564 1588 3685 1642 vita:
3717 1603 3747 1642 a

2175 1681 2431 1736 memoria
2463 1694 2567 1735 non
2596 1679 2834 1745 recedat,
2868 1687 3118 1734 monente
3146 1679 3423 1749 Scriptura
3450 1697 3465 1732 :
3492 1679 3559 1734 In
3582 1683 3746 1735 omni-

2178 1770 2269 1824 bus
2292 1771 2525 1840 operibus
2545 1771 2642 1825 tuis
2663 1786 2944 1825 memorare
2965 1771 3354 1838 novissimatua,
3372 1780 3419 1825 et
3437 1772 3488 1826 in
3505 1781 3748 1827 wternunt

500 1857 653 1927 juxta
701 1862 829 1916 illud
878 1864 1018 1933 quod
1056 1866 1310 1936 scriptum
1355 1877 1477 1924 est;
1510 1868 1768 1939 Τοιιαιυν,
1804 1872 1990 1941 impius
2019 1889 2080 1928 ne
2110 1863 2158 1924 lt
2181 1878 2280 1917 non
2311 1863 2538 1933 peccabis
2588 1860 2779 1932 (Eccli.
2808 1861 2928 1932 vit).
3006 1861 3159 1917 Unde
3199 1871 3252 1916 et
3283 1861 3538 1918 Dominus
3561 1863 3749 1918 admo—

501 1951 671 2006 videat
692 1955 909 2023 gloriam
933 1957 1028 2011 Dei
1065 1957 1218 2030 (Isai.
1244 1963 1410 2033 xxvi),
1452 1963 1579 2019 solis
1623 1964 1807 2020 electis
1833 1968 2072 2034 transiet,

505 2059 638 2112 quos
662 2045 729 2100 de
745 2047 951 2105 visione
975 2050 1316 2108 humanitatis
1338 2070 1505 2125 usque
1529 2055 1592 2110 ad
1617 2058 2076 2127 contemplandam

504 2140 801 2198 claritatem
829 2144 1120 2204 divinitatis
1148 2149 1476 2216 sublimabit,
1503 2152 1666 2222 utqui
1691 2153 1849 2209 modo
1870 2154 2078 2210 intuen-

503 2239 594 2287 tur
627 2243 828 2290 tantum
862 2238 1164 2306 hominem,
1198 2250 1322 2298 tunc
1356 2244 1489 2299 facie
1518 2246 1582 2299 ad
1611 2246 1797 2302 faciem
1837 2263 2079 2304 merean-

403 2408 408 2414 Ι
505 2332 593 2378 tur
623 2326 807 2382 videre
836 2329 1006 2385 Deum
1035 2373 1050 2398 ,
1102 2335 1329 2402 qualiter
1355 2335 1513 2393 Pater
1540 2337 1591 2392 in
1621 2339 1779 2406 Filio,
1827 2349 1881 2395 et
1916 2341 2079 2397 Filius

506 2426 692 2470 manet
741 2419 793 2472 in
843 2421 1021 2476 Patre.
1058 2423 1163 2478 Sed
1209 2428 1332 2495 quia
1361 2429 1609 2484 omnibus
1648 2433 1929 2499 prmsentis
1959 2433 2080 2488 vitae

509 2508 769 2563 terminus
797 2509 1028 2566 incertus
1057 2524 1157 2581 est,
1189 2527 1334 2573 recte
1359 2518 1731 2588 subjungitur:
1765 2520 1834 2575 Et
1870 2523 1912 2577 si
1940 2539 2082 2578 vene-

506 2599 573 2650 rit
597 2599 649 2652 in
677 2603 898 2657 secunda
938 2605 1133 2674 vigilia,
1186 2618 1233 2662 et
1266 2611 1310 2663 si
1345 2610 1398 2664 in
1423 2614 1570 2666 tertia
1593 2614 1767 2683 vigilia
1795 2616 2004 2680 venerit,
2033 2624 2080 2671 et

503 2689 578 2742 ita
608 2691 851 2747 invenerit
873 2736 888 2762 ,
923 2697 1055 2751 beati
1101 2710 1218 2754 sunt
1254 2703 1382 2755 servi
1405 2703 1505 2757 illi.
1560 2705 1778 2775 Antiqui
1814 2706 1955 2762 enim
1983 2722 2081 2762 no-

502 2790 646 2836 ctem
677 2784 729 2838 in
774 2795 1000 2854 quatuor
1039 2791 1245 2860 vigilias
1285 2793 1615 2865 dividebant,
1645 2797 1712 2852 ita
1746 2807 1804 2854 ut
1831 2814 2079 2870 unaquae-

505 2889 612 2942 que
636 2877 807 2947 vigilia
837 2881 996 2936 trinas
1042 2883 1265 2941 haberet
1310 2885 1489 2943 horas.
1534 2889 1830 2946 Varietates
1852 2906 2082 2962 namque

505 2965 798 3037 horarum,
839 2972 1202 3032 diversitatem
1233 2977 1535 3048 signiﬁcant
1564 2981 1810 3038 humana:
1837 2983 2077 3039 vocatio-

508 3055 614 3112 nis.
657 3056 831 3115 Prima
861 3065 1001 3120 enim
1029 3067 1238 3136 vigilia,
1285 3071 1594 3139 primaevam
1625 3082 1708 3128 est
1738 3083 1946 3144 tempus
1976 3091 2078 3131 no-

506 3155 636 3202 strae
665 3153 865 3220 aetatis,
908 3155 957 3209 id
985 3166 1066 3214 est
1098 3159 1337 3227 pueritia.
1398 3161 1641 3219 Secunda
1672 3165 1848 3234 vigilia
1891 3167 2076 3224 adole-

2180 1952 2360 2008 nendo
2388 1952 2679 2022 subjungit,
2711 1953 2893 2008 dicens
2933 1969 2945 2004 :
2995 1949 3062 2006 Et
3093 1969 3178 2006 vos
3207 1962 3361 2007 estote
3382 1955 3546 2024 parati
3575 1998 3590 2023 ,
3630 1957 3751 2024 quia

2179 2062 2276 2117 qua
2304 2047 2430 2099 hora
2450 2060 2552 2098 non
2581 2046 2792 2113 putatis,
2827 2041 3000 2098 Filius
3028 2043 3251 2098 hominis
3280 2046 3459 2098 veniet.
3494 2045 3548 2100 Si
3575 2054 3752 2100 autem

2180 2133 2468 2189 terminum
2511 2134 2636 2188 vitae
2687 2141 2881 2189 nostra:
2910 2133 3190 2202 sciremus,
3240 2132 3384 2189 aliud
3416 2144 3620 2205 tempus
3645 2135 3753 2191 for-

2183 2233 2325 2281 tasse
2351 2225 2611 2294 voluptati
2639 2266 2652 2287 ,
2683 2233 2738 2280 et
2761 2223 2902 2279 aliud
2934 2233 3142 2294 tempus
3173 2224 3498 2292 pmnitentia:
3531 2224 3754 2294 deputa-

2180 2330 2381 2373 remus.
2423 2315 2556 2371 Cum
2588 2329 2716 2372 vero
2744 2315 2991 2372 omnibus
3037 2316 3237 2372 incerta
3276 2317 3342 2370 sit
3374 2315 3499 2370 hora
3537 2319 3754 2383 mortis,

2180 2425 2285 2466 non
2325 2410 2487 2466 debet
2533 2425 2654 2466 esse
2699 2409 3030 2466 conscientia
3078 2424 3259 2466 secura
3299 2424 3328 2464 a
3367 2409 3506 2465 bono
3551 2424 3752 2479 opere,

2179 2505 2306 2576 quia
2337 2505 2594 2560 Dominus
2621 2506 2960 2575 omnipotens
2985 2507 3074 2575 qui
3109 2505 3373 2560 nemiuem
3408 2505 3525 2559 vult
3549 2504 3754 2575 perire,

2181 2597 2274 2655 sed
2302 2612 2490 2654 omnes
2517 2597 2583 2652 ad
2609 2598 2964 2667 cognitionem
2993 2597 3231 2654 veritatis
3258 2596 3439 2653 venire
3460 2637 3473 2662 ,
3499 2595 3624 2652 ideo
3654 2612 3748 2651 vo-

2181 2689 2278 2745 luit
2321 2703 2420 2746 nos
2468 2689 2633 2747 latere
2679 2691 2923 2746 ultimum
2968 2689 3146 2758 diem,
3205 2698 3264 2745 ut
3315 2691 3439 2746 dum
3481 2690 3756 2761 ignoratur

2182 2795 2342 2848 unus,
2368 2783 2719 2838 observentur
2753 2797 2963 2838 omnes.
3004 2782 3156 2851 Quod
3180 2791 3360 2840 autem
3391 2785 3486 2848 ait,
3513 2784 3631 2851 quia
3654 2799 3755 2851 qua

2184 2873 2307 2928 hora
2361 2889 2462 2927 non
2513 2871 2734 2944 putatis,
2779 2872 2948 2928 Filius
2989 2873 3206 2929 hominis
3230 2874 3432 2940 veniet,
3461 2872 3505 2928 si
3528 2873 3588 2927 ad
3615 2872 3752 2928 diem

2175 2965 2363 3035 judicii
2388 2966 2711 3035 referamus,
2745 2966 3081 3023 manifestum
3109 2978 3191 3025 est
3219 2968 3342 3038 quia
3391 2967 3619 3024 incertus
3669 2974 3756 3021 est

2179 3058 2427 3114 omnibus
2465 3067 2520 3114 et
2561 3059 2891 3128 incognitus,
2939 3061 3076 3116 sicut
3120 3061 3234 3131 ipse
3270 3059 3403 3116 dicit
3431 3061 3484 3115 in
3517 3059 3763 3129 Evange-

2181 3150 2254 3207 lio
2279 3169 2292 3204 :
2329 3151 2402 3206 De
2423 3152 2504 3205 die
2535 3161 2704 3206 autent
2734 3153 2826 3206 illa
2845 3161 2891 3206 et
2915 3152 3044 3206 hora
3065 3169 3212 3207 nemo
3237 3154 3354 3219 scit,
3381 3168 3545 3221 neque
3565 3152 3761 3221 angeli,

509 3243 838 3311 scentia,'§vel
856 3220 1131 3315 juventus,
1152 3267 1271 3321 quae
1295 3268 1427 3322 pene
1448 3255 1587 3310 idem
1611 3220 2078 3320 sunt-:VSaloni—gpe
2103 3220 2152 3284 θ
2184 3246 2236 3299 in
2265 3243 2411 3313 caelo,
2439 3260 2596 3315 neque
2622 3243 2790 3298 Filius
2819 3246 3061 3312 hominis,
3086 3245 3182 3299 nisi
3204 3243 3363 3300 Pater
3381 3245 3521 3299 solus
3547 3220 3762 3315 (Matth.

511 3332 755 3423 dicente:
776 3337 993 3405 Lwtare,
1005 3344 1228 3411 juvenis,
1243 3345 1296 3397 in
1313 3347 1650 3402 adolescentia
1671 3358 1756 3402 tua
1769 3349 1962 3421 (Eccle.
1983 3352 2080 3423 st).

513 3421 694 3478 Tertia
731 3427 908 3498 vigilia
936 3440 1019 3485 est
1044 3441 1313 3490 senectus.
1353 3435 1482 3492 Cum
1515 3454 1642 3494 vero
1668 3440 1924 3497 Dominus
1957 3421 2086 3500 non-

509 3515 688 3572 nullos
718 3517 769 3573 in
803 3519 1025 3589 pueritia
1048 3523 1186 3579 bene
1214 3538 1498 3595 operantes
1539 3531 1605 3587 ab
1643 3532 1743 3586 hac
1774 3535 1880 3588 vita
1905 3545 2081 3603 vocat,

511 3607 662 3675 quasi
711 3608 777 3662 ad
827 3624 1010 3667 servos
1059 3612 1337 3682 vigilantes
1382 3617 1435 3672 in
1485 3620 1652 3688 prima
1697 3622 1872 3692 vigilia
1912 3626 2080 3682 venit.

508 3697 642 3753 Cum
693 3714 820 3756 vero
845 3703 978 3758 alios
1023 3704 1077 3760 in
1124 3706 1480 3765 adolescentia
1515 3712 1598 3768 vel
1628 3712 1682 3768 in
1708 3713 1988 3784 juventute
2016 3719 2084 3774 ab

509 3790 615 3847 hac
662 3793 766 3848 vita
812 3793 996 3862 ducit,
1044 3801 1196 3868 quasi
1246 3801 1300 3856 in
1330 3804 1567 3859 secunda
1608 3806 1786 3874 vigilia
1817 3808 1983 3864 venit.
2023 3809 2083 3866 Si

513 3885 789 3956 quis‘ergo
830 3888 885 3943 in
916 3889 1085 3958 prima
1114 3891 1294 3963 vigilia
1326 3894 1543 3964 vigilare
1574 3897 1801 3954 noluerit
1823 3940 1839 3967 ,
1873 3901 2082 3967 isaltem

512 3976 568 4031 in
600 3980 831 4034 secunda
863 3981 1061 4052 vigilet,
1095 3982 1148 4039 id
1177 3993 1260 4040 est
1284 4029 1298 4053 ,
1327 3989 1372 4043 si
1399 3988 1516 4057 quis
1545 3990 1599 4044 in
1631 3993 1856 4060 pueritia
1884 4009 1917 4048 a
1942 3994 2084 4050 bono

508 4082 674 4136 opere
703 4072 899 4141 torpuit
924 4113 939 4140 ,
997 4075 1185 4132 saltem
1210 4077 1265 4132 in
1292 4078 1647 4137 adolescentia
1687 4083 1773 4138 vel
1805 4084 2084 4154 juventute

511 4173 760 4216 somnum
795 4166 1024 4234 torporis
1070 4181 1100 4221 a
1135 4181 1194 4224 se
1216 4171 1480 4240 excutiat,
1533 4181 1588 4229 et
1611 4173 1736 4229 dum
1765 4174 1934 4232 virtus
1963 4192 2082 4234 cor-

509 4252 657 4321 poris
683 4254 862 4324 viget,
905 4256 960 4312 in
986 4256 1128 4315 bono
1153 4274 1316 4329 opere
1348 4277 1408 4318 se
1435 4275 1704 4322 exerceat.
1745 4265 1799 4323 Si
1831 4269 1950 4338 quis
1981 4283 2080 4324 au-

507 4353 618 4399 tem
652 4353 758 4401 tam
788 4347 1063 4419 negligens
1106 4360 1160 4406 et
1195 4351 1496 4410 desidiosus
1523 4355 1684 4412 fuerit
1725 4357 1996 4427 inventus,
2025 4368 2084 4415 ut

509 4449 612 4491 nec
663 4437 717 4492 in
768 4439 938 4508 prima
994 4456 1096 4498 nec
1142 4443 1195 4499 in
1243 4446 1476 4502 secunda
1526 4447 1705 4517 vigilis
1750 4448 2080 4520 vigilaverit,

506 4529 697 4584 saltem
724 4533 777 4585 in
806 4533 980 4600 tertia,
1021 4535 1074 4589 id
1103 4543 1186 4592 est
1207 4580 1223 4604 ,
1251 4537 1306 4593 in
1327 4547 1604 4596 senectute
1631 4540 1739 4610 jam
1780 4543 2076 4612 resipiscat,

510 4627 567 4674 et
596 4629 720 4674 tunc
746 4621 964 4690 vigilare
1005 4639 1110 4680 non
1138 4625 1355 4694 timeat,
1403 4643 1522 4684 cum
1554 4645 1736 4699 parum
1770 4633 2079 4702 vigilaturus

507 4723 610 4771 est.
640 4715 823 4788 Neque
848 4719 990 4774 enim
1018 4734 1138 4776 sero
1163 4735 1456 4780 conversos
1484 4725 1665 4781 divina
1695 4727 1865 4796 pietas
1893 4728 2077 4798 despi-

506 4809 600 4875 cit,
636 4810 724 4878 qui
751 4824 847 4879 per
871 4811 1184 4882 prophetam
1210 4814 1284 4868 ait
1307 4833 1319 4869 :
1359 4815 1488 4872 Vivo
1508 4833 1618 4888 ego,
1649 4819 1772 4873 dicit
1801 4818 2071 4890 Dominus,

505 4901 628 4954 nolo
663 4910 877 4956 mortem
915 4904 1215 4972 peccatoris,
1264 4906 1354 4960 sed
1389 4915 1444 4960 ut
1487 4918 1809 4963 convertatur
1855 4918 1902 4963 et
1944 4910 2077 4964 vivat

505 4990 722 5058 (Ezech.
748 4992 967 5062 smn).
1021 4994 1086 5049 Et
1110 4993 1302 5050 iterum
1343 5012 1358 5050 :
1389 4995 1641 5052 Peccator
1667 5015 1965 5072 quacunque
1994 5002 2078 5057 die

510 5100 784 5140 conversus
827 5088 978 5155 fuerit
1023 5097 1071 5142 et
1109 5087 1447 5162 ingemuerit,
1495 5092 1667 5148 salvus
1719 5095 1813 5147 erit
1857 5093 2072 5166 (Ezech.

507 5177 687 5246 xvm).
727 5176 833 5233 Sed
863 5179 983 5246 quia
1027 5179 1164 5235 solet
1208 5183 1462 5252 antiquus
1513 5182 1686 5238 hostis
1713 5184 1765 5239 in
1796 5183 1898 5240 hac
1927 5193 2078 5255 parte

505 5268 718 5337 tepidos
742 5269 988 5337 decipere
1015 5271 1376 5341 Christianos,
1425 5283 1484 5329 ut
1529 5274 1722 5345 quibus
1749 5277 1938 5334 suadet
1966 5279 2079 5333 cul-

503 5373 648 5429 pam,
674 5360 884 5430 longam
907 5362 1178 5429 promittat
1202 5372 1256 5418 et
1278 5364 1458 5430 vitam,
1489 5364 1661 5421 adhuc
1690 5367 1943 5423 Dominus
1981 5368 2075 5424 ad-

505 5451 777 5507 monendo
822 5451 1222 5508 similitudinem
1254 5453 1442 5510 incerti
1467 5455 1588 5511 ﬁnis
1616 5455 1811 5523 subdit,
1844 5458 2030 5514 dicens
2057 5477 2068 5512 :

507 5540 626 5597 Hoc
651 5551 818 5596 autem
843 5544 1038 5610 scitote,
1062 5545 1298 5613 quoniam
1327 5547 1370 5601 si
1409 5547 1556 5601 sciret
1587 5550 1954 5618 paterfamilias
1973 5568 2074 5620 qua

507 5633 633 5686 hora
657 5638 740 5704 fur
760 5637 966 5701 veniret,
998 5638 1229 5707 vigilaret
1255 5639 1425 5707 utique
1446 5648 1491 5692 et
1517 5655 1615 5693 non
1652 5639 1838 5694 sineret
1874 5643 2075 5711 perfodi

2184 3340 2324 3411 xm).
2366 3339 2433 3394 Et
2474 3341 2665 3396 iterum
2707 3358 2719 3394 :
2760 3341 2906 3395 Sicut
2957 3342 3056 3410 fuit
3098 3341 3151 3395 in
3196 3341 3370 3394 diebus
3403 3337 3540 3404 Noe,
3571 3339 3645 3393 sic
3666 3339 3760 3391 erit

2184 3432 2428 3486 adventus
2472 3429 2603 3485 Filii
2647 3433 2866 3487 hominis
2911 3431 3123 3503 (Matth.
3168 3433 3336 3501 xxiv).
3387 3431 3452 3487 Et
3498 3445 3756 3486 rursum:

2185 3524 2330 3580 Sicut
2364 3525 2541 3594 fulgur
2569 3525 2822 3597 egreditur
2850 3523 2912 3578 ab
2939 3526 3158 3588 oriente,
3188 3534 3232 3578 et
3261 3531 3489 3593 penetrat
3527 3525 3573 3576 in
3613 3521 3750 3576 occi-

2184 3615 2404 3681 dentem,
2430 3616 2501 3670 sic
2522 3615 2614 3669 erit
2637 3618 2881 3670 adventus
2904 3613 3037 3669 Filii
3057 3615 3273 3669 hominis
3298 3614 3508 3686 (Ibid.).
3545 3611 3607 3667 Et
3634 3620 3754 3682 post

2184 3719 2332 3760 suam
2351 3707 2799 3763 resurrectionem
2824 3708 3186 3777 quaerentibus
3211 3706 3485 3775 discipulis
3505 3705 3579 3760 ait
3601 3724 3613 3758 :
3635 3703 3759 3758 Non

2146 3859 2150 3863 ,
2183 3805 2255 3851 est
2281 3805 2499 3851 vestrum
2527 3813 2672 3852 nosse
2707 3807 2938 3866 tempora
2981 3807 3027 3852 et
3058 3807 3326 3863 momenta,
3345 3813 3458 3867 qua:
3489 3795 3647 3852 Pater
3674 3811 3763 3866 po-

2181 3889 2284 3942 suit
2329 3888 2381 3942 in
2423 3905 2520 3942 sua
2570 3897 2819 3958 potestate
2854 3889 2989 3950 (Act.
3017 3890 3078 3959 l).
3112 3888 3246 3944 llinc
3270 3889 3459 3944 Petrus
3487 3888 3764 3958 apostolus

2184 3981 2350 4038 dicit:
2381 3980 2507 4038 Dies
2548 3982 2757 4038 Domini
2806 3983 2935 4038 sicut
2981 3985 3066 4054 fur
3104 3984 3159 4038 in
3199 3991 3343 4037 nocte
3367 3983 3440 4036 ita
3480 3983 3644 4036 veniet
3676 3981 3762 4052 (11

2183 4073 2302 4132 Pet.
2333 4075 2435 4145 tu).
2515 4074 2620 4130 Sed
2666 4076 2809 4146 quod
2861 4085 2986 4132 tunc
3029 4076 3352 4146 generaliter
3403 4076 3643 4129 futurum
3686 4083 3764 4129 est

2184 4165 2434 4223 omnibus
2477 4167 2533 4222 in
2578 4166 2972 4223 resurrectione
3013 4167 3310 4222 animarum
3355 4175 3411 4221 et
3449 4179 3761 4232 corporum,

2183 4257 2423 4327 quotidie
2445 4258 2503 4313 ﬁt
2531 4258 2583 4313 in
2613 4259 2833 4329 singulis
2857 4258 3155 4314 animabus.
3195 4258 3329 4312 Dum
3357 4259 3502 4313 enim
3533 4271 3638 4311 non
3665 4273 3762 4324 pu-

2185 4359 2397 4416 tamus,
2441 4350 2612 4406 Filius
2663 4350 2891 4406 hominis
2937 4351 3115 4419 venit,
3155 4349 3365 4421 quando
3387 4349 3553 4405 subita
3579 4357 3761 4403 morte

2183 4442 2464 4512 praeventi,
2493 4442 2665 4512 ipsum
2695 4442 2953 4500 habemus
2976 4443 3261 4500 terminum
3294 4441 3555 4514 peccandi,
3584 4453 3751 4510 quem

2182 4541 2236 4588 et
2266 4532 2494 4589 vivendi.
2534 4533 2602 4588 Et
2629 4532 2755 4589 dum
2786 4535 2923 4591 mala
2955 4549 3058 4591 non
3081 4534 3374 4591 deserimus
3397 4575 3411 4601 ,
3450 4532 3544 4589 sed
3573 4545 3605 4586 a
3635 4547 3761 4587 ma-

2180 4625 2249 4681 lis
2276 4625 2597 4693 deserimur,
2647 4639 2821 4682 seram
2865 4626 3068 4696 agimus
3117 4627 3514 4697 pmnitentiam,
3542 4639 3649 4680 non
3682 4634 3762 4679 at-

2180 4719 2462 4776 tendentes
2485 4720 2612 4776 illud
2635 4722 2776 4792 quod
2802 4722 3058 4791 scriptum
3092 4730 3174 4778 est
3199 4740 3211 4775 :
3237 4721 3321 4776 Ne
3343 4721 3509 4776 tardes
3537 4720 3760 4773 converti

2177 4810 2245 4866 ad
2263 4810 2448 4879 Deum,
2465 4828 2621 4882 neque
2645 4813 2854 4881 differas
2884 4813 2948 4868 de
2967 4813 3048 4866 die
3072 4814 3124 4866 in
3136 4813 3291 4880 diem,
3322 4829 3384 4868 ne
3406 4813 3577 4866 subito
3595 4813 3761 4865 veniat

2125 4902 2138 4973 ξ
2176 4902 2257 4958 ira
2278 4906 2408 4975 ejus,
2439 4913 2484 4960 et
2507 4905 2558 4959 in
2589 4914 2811 4976 tempore
2833 4906 3069 4961 vindictce
3097 4907 3358 4977 disperdat
3389 4917 3436 4961 te
3465 4904 3651 4976 (Eccli.
3678 4904 3758 4976 v).

2754 5020 3034 5078 HOMILIA
3087 5020 3198 5079 XC.

2605 5108 2735 5148 ITEM
2776 5109 2845 5148 DE
2882 5107 3319 5150 CONFEBSORIBUS.

2473 5184 2578 5257 (Ex
2601 5186 2739 5255 Opp.
2764 5200 2886 5241 ven.
2920 5185 3077 5241 Beda:
3108 5183 3459 5255 presbyteri.)

2254 5277 2321 5332 In
2360 5278 2452 5334 illo
2483 5287 2706 5347 tempore
2755 5280 2884 5333 dixit
2911 5277 3064 5334 Jesus
3107 5277 3376 5348 discipulis
3405 5276 3511 5331 suis
3539 5291 3560 5331 :
3590 5274 3765 5331 Nemo

2178 5371 2407 5426 accendit
2455 5372 2716 5425 lucernam
2737 5413 2753 5440 ,
2786 5377 2833 5426 et
2869 5371 2922 5424 in
2950 5372 3247 5426 abscondito
3278 5370 3442 5439 ponit,
3475 5382 3631 5437 neque
3663 5368 3762 5422 sub

2177 5465 2369 5530 modio,
2409 5464 2500 5519 sed
2525 5481 2679 5534 super
2728 5463 3092 5519 candelabrum
3118 5505 3132 5531 ,
3178 5472 3234 5519 ut
3273 5463 3362 5533 qui
3397 5462 3767 5536 ingrediuntur

2178 5559 2347 5613 lumen
2374 5559 2593 5622 videant,
2623 5566 2729 5613 etc.
2758 5556 2912 5628 (Luc.
2942 5557 3043 5626 XI).

2251 5648 2326 5702 De
2354 5647 2530 5715 seipso
2559 5647 2813 5703 Dominus
2843 5649 2957 5703 haec
2983 5646 3233 5719 loquitur,
3260 5655 3364 5703 etc.
3393 5647 3611 5717 Reliqua
3641 5648 3769 5700 vide

505 5728 709 5781 donmm
727 5745 892 5784 suam.
937 5730 1092 5786 Juxta
1115 5731 1342 5788 litteram
1377 5733 1446 5785 ita
1471 5741 1552 5788 est
1577 5773 1593 5797 ,
1623 5733 1743 5801 quia
1769 5735 2076 5802 paterfami-
2136 5741 2315 5807 gapud
2360 5754 2470 5793 ven.
2516 5737 2741 5806 Bedam,
2776 5741 2999 5813 Operam
3028 5741 3140 5813 ejus
3169 5749 3305 5797 tento
3338 5740 3404 5809 V,
3437 5739 3767 5814 Patrologiir

507 5815 606 5875 lias
636 5819 941 5879 thesaurum
967 5825 1300 5883 reconditum
1326 5825 1529 5884 habens
1560 5826 1612 5882 in
1641 5825 1832 5894 domo,
1866 5829 1910 5885 si
1941 5830 2072 5887 furis

2176 5831 2296 5887 XC!
2315 5831 2350 5884 V
2366 5875 2380 5897 ,
2413 5831 2510 5887 col.
2545 5829 2668 5889 465.

3100 5950 3132 5965 ..ρ
3179 5947 3269 5961 ..ο
