4096 6346
344 415 476 477 1561

887 497 1166 558 IlOMILIA
1211 495 1346 554 XCI.

761 609 890 650 I'I‘EI
928 610 995 648 DE
1031 605 1462 648 CONFESSORIBUS.

344 687 445 759 (Ex
471 685 712 758 ejusdem
741 683 899 740 Beda:
921 684 973 739 iu
999 683 1156 808 Ιῑμιξω
1174 681 1517 823 Ev)angelium
1541 671 1895 750 expositione,

1048 771 1061 808 ι
1105 793 1120 808 ο
1151 769 1232 808 lli.

1048 769 1120 808 ιι).
1151 769 1232 808 lli.

410 850 476 907 In
500 852 588 919 illo
617 859 856 920 tempore,
891 847 1019 902 dixit
1042 845 1191 901 Jesus
1215 843 1479 915 discipulis
1508 844 1612 900 suis
1635 856 1656 898 :
1687 843 1788 908 Qui
1814 857 1903 898 vos

341 944 518 1010 audit,
550 959 627 996 me
654 941 837 996 audit:
867 950 914 995 et
940 939 1027 1011 qui
1053 955 1138 994 vos
1166 938 1393 1009 spernit,
1425 952 1503 991 me
1541 936 1752 1008 spernit,
1794 944 1900 993 etc.

341 1037 507 1111 (Luc.
543 1053 577 1090 ι
604 1034 644 1105 ).

412 1128 468 1183 In
517 1125 885 1195 superioribus
934 1124 1136 1195 planxit
1187 1120 1446 1179 Dominus
1493 1121 1734 1178 civitates
1787 1133 1905 1192 quae

341 1231 463 1292 post
503 1234 694 1290 magna
742 1217 996 1274 miracula
1038 1225 1197 1288 atque
1238 1217 1459 1274 virtutes
1503 1214 1668 1270 factas
1711 1216 1766 1272 in
1809 1229 1902 1282 se,

341 1330 448 1370 non
506 1313 901 1384 pmnituerunt,
951 1314 1266 1381 pejoresque
1315 1308 1559 1380 gentibus
1607 1309 1699 1377 qui
1746 1317 1904 1364 natu-

340 1406 452 1462 rale
490 1404 822 1460 solummodo
858 1403 947 1473 jus
987 1401 1347 1471 dissipabant,
1388 1408 1492 1455 etc.
1535 1398 1752 1469 Reliqua
1795 1400 1906 1454 vide

342 1497 567 1568 Operum
596 1497 751 1553 Beda:
779 1506 911 1552 tomo
941 1493 1062 1564 III,
1094 1492 1406 1563 Patrotogite
1432 1487 1617 1558 XCII,
1645 1490 1746 1547 col.
1777 1490 1904 1547 464.

885 1603 1160 1662 HOMILIA
1199 1601 1354 1658 XCII.

772 1715 899 1756 ιτειι
936 1716 1004 1756 DE
1041 1709 1473 1755 CONFESSOBIBUS.

337 1792 441 1866 (Ex
469 1799 651 1850 sancto
679 1789 1005 1863 Augustino,
1048 1791 1102 1845 iu
1133 1787 1269 1844 libro
1294 1786 1373 1855 ,de
1407 1786 1663 1844 Sermone
1694 1783 1907 1841 Domini

968 1881 1023 1936 in
1060 1879 1287 1951 Monte.)

1289 373 1754 462 liOMlLlAlllUS.
1794 428 1863 444 --
1904 378 2066 456 nan.
2109 398 2195 453 an
2233 396 2515 455 sanans

3431 402 3569 460 156⁸3

1930 502 1985 562 Α
2009 490 2233 546 derium.
2265 491 2434 558 Quem
2465 489 2553 545 ille
2581 488 2808 546 venditis
2843 488 3091 548 omnibus
3131 500 3439 565 comparat,
3473 497 3563 565 qui

2003 598 2191 653 corpus
2229 598 2380 638 suum
2412 597 2504 652 per
2535 581 2762 639 cmlestis
2792 583 2976 653 patriai
3006 583 3342 652 disciplinam
3375 584 3564 655 aflligit

2002 676 2058 733 in
2083 676 2300 747 jejuniis
2320 716 2335 743 ,
2367 675 2560 746 vigiliis
2585 684 2639 732 et
2668 676 3020 733 orationibus.
3049 676 3157 733 Sed
3186 685 3242 734 et
3269 677 3360 733 ill'e
3385 692 3570 746 agrum

2002 782 2125 825 cum
2165 769 2414 823 thesauro
2452 766 2669 822 invento
2695 766 2835 822 datis
2863 767 3111 822 omnibus
3139 768 3298 833 emit,
3330 767 3421 836 qui
3451 783 3570 822 cru-

2003 861 2222 932 ciﬁgens
2259 860 2498 915 membra
2536 874 2632 915 sua
2677 874 2798 914 eum
2827 859 2968 915 vitiis
2997 868 3051 916 et
3079 859 3521 929 concupiscentiis
3548 900 3563 925 ,

2005 950 2271 1008 Christum
2299 951 2557 1019 sequitur,
2583 959 2638 1007 et
2663 949 3054 1020 quodammodo
3081 949 3342 1020 spirituali
3370 963 3573 1003 venun-

2005 1042 2219 1098 datione
2266 1043 2501 1112 seipsum
2548 1049 2750 1108 mutat,
2795 1040 3110 1097 declinando
3149 1056 3178 1096 a
3207 1041 3383 1107 malo,
3413 1048 3466 1095 et
3491 1040 3571 1093 ta-

2005 1136 2195 1192 ciendo
2218 1136 2437 1192 bonum.
2461 1135 2612 1190 Hunc
2631 1134 2769 1190 enim
2797 1133 3102 1190 thesaurum
3125 1131 3492 1188 absconditum
3518 1129 3573 1184 in

2007 1244 2156 1301 agro,
2207 1230 2419 1286 cuidam
2447 1228 2704 1284 Dominus
2727 1241 2907 1283 emere
2931 1224 3312 1297 persuadebat,
3339 1237 3457 1277 cum
3486 1221 3573 1276 di-

2007 1321 2163 1379 cebat
2187 1339 2200 1376 :
2231 1321 2294 1378 Si
2318 1322 2393 1376 vis
2419 1322 2666 1390 perfectus
2693 1335 2798 1374 esse
2817 1362 2831 1386 ,
2857 1320 2984 1373 vade
3008 1326 3054 1372 et
3082 1317 3240 1372 vende
3268 1317 3436 1369 omnia
3460 1329 3575 1384 qua:

2009 1416 2162 1471 habes
2183 1456 2198 1482 ,
2229 1424 2278 1470 et
2307 1416 2374 1469 da
2405 1414 2730 1485 pauperibus,
2763 1422 2809 1468 et
2842 1411 3043 1465 habebis
3073 1409 3364 1464 thesaurum
3392 1409 3445 1461 in
3475 1421 3575 1462 ca:-

2009 1510 2095 1576 lo,
2125 1517 2173 1563 et
2199 1508 2344 1577 veni,
2383 1523 2586 1576 sequere
2629 1522 2706 1560 me
2756 1505 2988 1576 (Matth.
3017 1503 3169 1573 xix).
3217 1500 3352 1558 Illud
3396 1511 3572 1556 autem

2011 1599 2339 1666 notandum,
2388 1599 2530 1669 quod
2574 1597 2853 1654 thesaurus
2895 1597 3140 1652 inventus
3185 1593 3478 1650 custoditur
3515 1600 3577 1647 ut

2011 1699 2276 1760 servetur,
2325 1699 2588 1760 quatenus
2631 1689 2990 1759 intelligamus
3038 1701 3198 1757 quam
3241 1685 3477 1741 studiose
3519 1683 3573 1737 in

2009 1783 2154 1841 bono
2197 1795 2360 1852 opere
2403 1795 2592 1835 vanam
2637 1779 2859 1852 gloriam
2901 1792 3091 1834 cavere
3132 1776 3438 1832 debeamus.
3486 1773 3576 1830 Sic

1931 1859 1980 1920 Β
2004 1882 2088 1931 est
2127 1873 2272 1929 enim
2319 1885 2554 1942 praesens
2596 1870 2737 1936 vita,
2779 1869 2930 1939 quasi
2973 1869 3097 1923 via:
3131 1868 3362 1922 latrones
3400 1874 3577 1922 autem

405 1976 475 2032 1η
502 1975 594 2031 illo
621 1983 841 2044 tempore
869 1974 1000 2030 dixit
1021 1972 1168 2029 Jesus
1192 1971 1456 2044 discipulis
1477 1971 1620 2026 suis:
1649 1968 1755 2026 Vos
1783 1969 1902 2025 estis
1998 1965 2153 2038 juxta
2179 1964 2354 2030 viam,
2390 1963 2649 2018 immundi
2679 1972 2804 2018 sunt
2829 1961 3068 2031 spiritus,
3093 1961 3184 2031 qui
3209 1961 3312 2016 illis
3341 1960 3575 2020 maxime

333 2066 413 2123 sat
442 2077 606 2122 terrae.
643 2067 795 2134 Quod
821 2067 864 2122 si
889 2065 968 2121 sat
995 2064 1257 2121 evanuerit
1275 2105 1291 2134 ,
1317 2063 1372 2118 in
1396 2078 1496 2133 quo
1526 2060 1774 2118 satietur?
1794 2068 1902 2117 etc.

334 2161 564 2234 (Matth.
596 2175 630 2215 v
653 2161 696 2231 ).

406 2253 670 2309 Sermone
718 2250 981 2322 superiori
1019 2250 1276 2306 Dominus
1313 2247 1560 2316 exemplo
1594 2245 1906 2302 adhortatus

340 2351 424 2400 est
464 2342 587 2412 quia
629 2356 758 2398 vera
801 2342 1040 2398 dicentes
1083 2340 1257 2397 solent
1295 2338 1720 2409 persecutionem
1762 2338 1902 2406 pati:

335 2450 436 2492 nec
466 2443 643 2490 tamen
671 2433 792 2492 ideo
823 2434 1096 2506 praphetaa
1124 2434 1323 2503 antiqui
1372 2442 1612 2502 tempore
1652 2444 1906 2501 persecu-

334 2529 495 2586 tionis
518 2543 546 2585 a
575 2528 813 2585 veritatis
837 2529 1216 2599 praedicatione
1240 2526 1572 2584 defecerunt.
1595 2524 1908 2580 Rectissime

339 2619 518 2689 itaque
565 2621 842 2691 sequitur:
886 2629 990 2678 etc.
1041 2619 1260 2690 Reliqua
1304 2620 1418 2673 vide
1464 2618 1690 2687 Operum
1739 2617 1908 2671 sancti

337 2716 612 2788 Augustini
649 2724 783 2774 tomo
812 2714 941 2781 111,
975 2713 1288 2786 Patrologiaz
1312 2711 1557 2768 XXXIV
1613 2711 1714 2766 col.
1745 2709 1907 2767 1257.

880 2807 1158 2865 HOMILIA
1197 2805 1376 2865 XCIII.

766 2914 861 2958 DE
924 2913 1474 2956 VIRGINIBUS.

875 2991 895 3062 (
919 2991 997 3047 Ex
1035 2990 1332 3063 Haymone.
1357 2989 1376 3060 )

410 3082 476 3139 In
505 3083 595 3140 itlo
625 3090 844 3154 ternpore
869 3083 996 3138 dixit
1021 3080 1171 3138 Jesus
1198 3080 1462 3152 discipulis
1485 3079 1591 3135 suis
1614 3079 1912 3150 parabolam

339 3173 469 3228 hanc
489 3189 510 3230 :
537 3173 719 3230 Simile
745 3181 818 3229 est
845 3189 1059 3243 regnum
1086 3172 1328 3228 ctetorum
1357 3175 1592 3227 thesauro
1615 3170 1910 3226 abscondito

342 3265 396 3318 in
435 3281 595 3336 agro,
637 3281 785 3334 quem
821 3267 906 3335 qui
946 3265 1131 3322 invenit
1169 3263 1353 3330 homo,
1393 3263 1691 3328 abscondit,
1721 3271 1768 3317 et
1807 3277 1912 3332 pra:

338 3357 526 3428 gaudio
563 3357 704 3413 iltius
741 3355 913 3424 vadit,
945 3366 993 3410 et
1030 3355 1200 3411 vendit
1236 3355 1470 3410 universa
1505 3368 1618 3424 qua:
1647 3353 1836 3421 habet,
1865 3361 1913 3406 et

339 3447 458 3501 emit
486 3462 663 3516 agrum
691 3443 860 3500 illum.
894 3444 1013 3500 Etc.
1047 3443 1278 3513 (Matth.
1307 3442 1450 3506 xm).

413 3534 593 3591 Virtus
622 3543 680 3592 et
708 3534 968 3606 sapientia
999 3534 1127 3601 Dei,
1161 3534 1420 3591 Dominus
1446 3533 1598 3591 Jesus
1627 3533 1869 3590 Christus
1891 3575 1905 3600 ,

340 3643 448 3684 non
487 3629 657 3684 solum
693 3627 761 3682 ad
799 3625 1189 3695 suscipiendam
1219 3627 1505 3682 humanam
1535 3633 1778 3681 naturam
1810 3626 1911 3680 ho-

344 3721 577 3778 minibus
615 3718 848 3787 compati
888 3718 1134 3787 dignatus
1174 3726 1254 3773 est
1278 3757 1295 3786 ,
1336 3717 1430 3772 sed
1467 3718 1624 3773 etiam
1665 3717 1912 3772 humanae

344 3809 662 3882 ignorantia:
690 3808 1155 3875 condescendens,
1187 3809 1299 3864 suis
1325 3809 1525 3864 sanctis
1553 3809 1911 3876 sermonibus,

352 3920 532 3962 rerum
571 3902 944 3975 temporalium
985 3901 1366 3957 similitudines
1411 3901 1716 3970 frequenter
1760 3901 1914 3956 adhi-

352 3996 493 4062 buit,
527 4002 583 4049 ut
609 4009 673 4050 ex
703 3993 986 4050 collatione
1014 4006 1192 4049 rerum
1221 3991 1504 4048 visibilium
1525 4032 1540 4059 ,
1570 3992 1637 4046 ad
1680 3991 1917 4047 invisibi-

349 4090 479 4146 lium
525 4101 762 4143 amorem
809 4087 1018 4142 animos
1071 4085 1396 4142 audientium
1443 4085 1706 4140 incitaret.
1765 4083 1917 4141 Unde

345 4193 466 4234 cum
505 4178 781 4234 ctelestem
819 4176 1038 4247 gloriam
1076 4176 1314 4232 studiose
1349 4176 1630 4232 amandam
1665 4175 1913 4242 doceret,

352 4273 569 4328 illarum
605 4284 783 4327 rerum
822 4268 1226 4325 similitudinem
1265 4269 1536 4334 adhibuit,
1577 4282 1708 4338 quas
1746 4268 1918 4324 homi-

346 4376 442 4422 nes
472 4361 760 4432 plurimum
790 4359 1008 4431 diligere
1033 4360 1240 4426 solent,
1271 4359 1454 4416 dicens
1480 4377 1493 4412 ε
1525 4357 1706 4415 Simile
1737 4369 1809 4414 est
1836 4376 1919 4414 re-

348 4469 502 4527 gnum
531 4453 772 4507 caelorum
801 4450 1038 4506 thesauro
1067 4451 1359 4506 abscondito
1388 4451 1441 4506 in
1469 4466 1594 4521 agro
1617 4495 1631 4520 ,
1659 4468 1806 4523 quem
1830 4454 1920 4524 qui

1990 2058 2274 2124 invident,
2308 2070 2443 2127 quos
2472 2069 2592 2111 cum
2621 2054 2883 2124 spirituali
2914 2053 3164 2109 thesauro
3193 2051 3260 2107 ad
3301 2051 3573 2108 caelestem

2004 2149 2230 2222 patriam
2277 2149 2499 2204 tendere
2539 2153 2898 2216 cognoscunt,
2941 2143 3077 2200 sicut
3120 2158 3217 2213 per
3259 2141 3574 2213 prophetam

2004 2242 2074 2298 de
2101 2255 2287 2296 eorum
2313 2239 2485 2308 capite
2512 2236 2700 2293 dicitur
2728 2254 2738 2288 :
2772 2236 2928 2292 Sedet
2968 2237 3022 2290 in
3059 2235 3260 2290 insidiis
3291 2250 3402 2288 cum
3428 2233 3572 2287 divi-

2007 2333 2141 2386 tibus
2167 2333 2220 2385 in
2245 2331 2477 2395 occultis,
2517 2339 2573 2382 ut
2623 2328 2894 2397 interficiat
2933 2328 3246 2384 innocentem
3275 2324 3449 2398 (Psal.
3477 2325 3578 2394 Ix).

2007 2421 2221 2479 Illorum
2249 2436 2376 2491 ergo
2403 2420 2612 2476 divitias
2660 2419 2748 2474 isti
2787 2419 3021 2475 latrones
3059 2418 3308 2488 rapiunt,
3349 2419 3439 2487 qui
3486 2432 3582 2486 per

2007 2512 2222 2570 inanem
2248 2510 2556 2580 jactantiam
2586 2509 2723 2564 bona
2753 2523 2847 2564 sua
2875 2522 3039 2578 opera
3065 2522 3243 2563 coram
3270 2507 3579 2563 hominibus

2009 2603 2302 2660 denudent.
2352 2601 2503 2657 Unde
2549 2615 2768 2656 necesse
2809 2609 2920 2668 est,
2967 2607 3029 2655 ut
3071 2614 3193 2656 cum
3223 2612 3357 2667 opus
3385 2599 3580 2654 bonum

2011 2695 2247 2753 exterius
2277 2695 2512 2764 agimus,
2546 2692 2892 2748 intentionem
2934 2692 3043 2748 Deo
3087 2690 3326 2760 placendi
3365 2704 3578 2759 semper

2008 2789 2065 2844 in
2095 2786 2303 2843 occulto
2333 2795 2608 2840 teneamus
2629 2825 2642 2847 ,
2672 2783 2819 2852 juxta
2848 2781 2990 2851 quod
3020 2781 3133 2849 ipse
3159 2795 3254 2836 nos
3295 2779 3577 2847 admonet,

2011 2879 2198 2936 dicens
2226 2894 2241 2933 :
2274 2877 2404 2932 Cum
2430 2875 2558 2946 facis
2585 2875 2985 2944 eleemosynam,
3016 2873 3209 2927 nesciat
3248 2872 3456 2925 sinistra
3499 2882 3585 2925 tua

2013 2971 2138 3042 quid
2177 2969 2332 3039 faciat
2369 2968 2577 3021 dextera
2615 2974 2725 3020 tua.
2769 2966 2834 3019 Et
2881 2965 3072 3020 iterum
3103 2982 3114 3017 :
3152 2963 3230 3018 Tu
3269 2973 3435 3018 autem
3466 2980 3582 3017 cum

2015 3064 2267 3128 oraveris,
2318 3061 2451 3114 intra
2495 3061 2548 3113 in
2591 3056 2913 3124 cubiculum,
2965 3066 3011 3110 et
3059 3057 3233 3110 clauso
3278 3055 3439 3119 ostio,
3487 3070 3582 3108 ora

2016 3152 2232 3210 Patrem
2262 3161 2402 3206 tuum
2422 3191 2437 3216 ,
2470 3157 2518 3204 et
2548 3147 2707 3203 Pater
2737 3158 2852 3201 tuus
2879 3147 2965 3217 qui
3004 3147 3138 3200 videt
3175 3146 3227 3198 in
3253 3144 3544 3199 abscondito
3566 3185 3582 3210 ,

1939 3213 1988 3282 θ
2014 3247 2191 3303 reddet
2220 3245 2308 3300 tibi
2337 3213 2549 3317 (hlatth.
2570 3242 2678 3312 vi).
2707 3240 2784 3295 Ad
2807 3213 3201 3294 accendendum
3226 3245 3400 3291 autem
3428 3249 3580 3290 men-

2017 3350 2122 3395 tem
2166 3339 2220 3393 in
2267 3350 2501 3392 amorem
2545 3332 2776 3389 caelestis
2818 3329 3098 3396 desiderii,
3146 3327 3247 3382 alia
3290 3325 3579 3382 similitudo

2014 3430 2170 3487 datur
2215 3443 2339 3483 cum
2384 3425 2758 3481 subinlertur:
2810 3420 3008 3475 Iterunt
3053 3420 3218 3474 simile
3260 3428 3335 3472 est
3376 3434 3587 3489 regnum

2013 3523 2257 3581 caelorum
2283 3522 2475 3578 homini
2503 3519 2838 3592 negotiatori,
2868 3515 3112 3588 quaerenti
3141 3513 3300 3569 bonas
3327 3510 3588 3584 margari-

2015 3629 2134 3674 tas:
2162 3619 2364 3672 inventa
2403 3625 2571 3670 autem
2610 3630 2715 3668 una
2753 3612 2974 3683 pretiosa
3015 3608 3334 3680 margarita,
3377 3604 3500 3659 abiit
3544 3611 3593 3656 et

2013 3709 2240 3763 vendidit
2267 3707 2436 3761 omnia
2463 3721 2576 3776 qua:
2605 3703 2814 3769 habuit,
2845 3709 2890 3755 et
2914 3699 3035 3755 emit
3058 3713 3190 3752 eam.
3218 3695 3316 3752 Ubi
3344 3693 3592 3763 pretiosae

2015 3802 2632 3874 margaritae‘nomine,
2685 3795 2909 3852 dulcedo
2967 3793 3052 3848 vel
3106 3789 3321 3847 claritas
3375 3795 3590 3843 attenta:

2017 3894 2208 3967 patriae
2248 3891 2584 3962 intelligitur,
2626 3902 2746 3958 quae
2781 3883 3064 3956 pretiosior
3101 3890 3183 3938 est
3225 3879 3429 3935 cunctis
3468 3891 3589 3947 pre-

2015 3987 2171 4042 tiosis
2215 3984 2411 4050 rebus,
2461 3991 2515 4037 et
2557 3980 2770 4035 suavior
2814 3974 3062 4032 omnibus
3119 3969 3585 4027 delectationibus.

2016 4077 2382 4148 Negotiatores
2415 4080 2590 4128 autem
2619 4068 2962 4140 spiritualiter
2991 4078 3090 4119 nos
3130 4073 3315 4117 sumus
3339 4098 3353 4124 ,
3383 4058 3482 4128 qui
3513 4057 3580 4112 de

2018 4147 2244 4224 terrenis
2287 4163 2628 4220 facultatibus
2667 4159 2938 4214 caelestem
2979 4152 3205 4224 gloriam
3247 4149 3470 4205 mercari
3509 4147 3592 4216 ju-

2017 4260 2225 4316 bemur.
2271 4255 2572 4312 Notandum
2619 4263 2796 4308 autem
2839 4248 2981 4321 quod
3025 4247 3136 4316 ait,
3166 4243 3390 4300 vendidit
3420 4241 3594 4296 omnia

2016 4369 2130 4425 qua:
2160 4351 2370 4418 habuit,
2402 4358 2447 4404 et
2472 4349 2593 4403 emit
2620 4361 2775 4402 eam:
2800 4343 2922 4415 quia
2951 4342 3039 4398 ille
3063 4339 3350 4412 pretiosam
3377 4349 3586 4405 marga-

2015 4445 2173 4502 ritam
2207 4457 2364 4500 unam
2386 4484 2400 4509 ,
2434 4440 2484 4497 id
2518 4447 2635 4505 est,
2664 4437 2938 4493 caelestem
2968 4432 3197 4503 patriam
3238 4429 3377 4484 datis
3420 4426 3594 4482 omni-

349 4513 536 4603 invenit
572 4547 721 4602 homo
758 4543 1043 4600 abscondit.
1087 4541 1190 4600 Ubi
1227 4544 1465 4600 thesauri
1500 4513 1718 4600 nomine
1754 4513 1914 4614 spiri-
1938 4569 1994 4629 Ι)
2018 4537 2120 4594 bus
2148 4535 2279 4591 emit
2302 4574 2317 4597 ,
2351 4533 2439 4602 qui
2471 4545 2574 4586 non
2619 4528 2790 4584 solum
2833 4523 3062 4580 terrenis
3107 4518 3467 4581 facultatibus,
3499 4513 3594 4571 sed

351 4640 564 4695 tualiter
589 4637 822 4694 caelestis
848 4635 1030 4707 patriae
1058 4650 1291 4692 amorem
1321 4635 1613 4706 intelligere
1639 4637 1911 4706 debemus,

351 4733 440 4788 ubi
479 4738 604 4787 sunt
640 4728 840 4784 divitiae
877 4745 994 4798 qua:
1031 4744 1139 4785 non
1175 4729 1426 4785 deliciunt
1448 4770 1462 4796 ,
1497 4728 1779 4784 thesaurus
1818 4730 1914 4799 qui

289 4849 292 4852 ·
353 4836 620 4893 nunquam
664 4821 983 4887 marcescit,
1024 4821 1115 4875 ubi
1146 4834 1242 4875 nos
1273 4819 1529 4875 Dominus
1557 4819 1919 4874 thesaurizare

352 4919 634 4983 admonet,
676 4913 826 4982 juxta
868 4911 1012 4982 quod
1055 4913 1180 4968 alibi
1222 4913 1476 4983 loquitur,
1518 4913 1738 4968 dicens:
1788 4911 1920 4967 The-

353 5008 608 5064 saurizate
632 5003 768 5058 vobis
793 5001 1052 5056 thesauros
1089 5003 1142 5056 in
1185 5001 1344 5070 creto,
1386 5002 1473 5056 ubi
1513 5018 1670 5072 neque
1708 5017 1918 5073 arrugo,

353 5115 513 5170 neque
537 5098 670 5151 tinea
699 5093 996 5157 demolitur,
1028 5101 1072 5146 et
1097 5093 1184 5147 ubi
1222 5094 1361 5163 [ures
1402 5108 1501 5147 non
1540 5092 1792 5159 e/fodiunt
1833 5108 1923 5146 nec

356 5197 636 5268 furantur;
677 5198 726 5243 et
764 5187 849 5243 ubi
886 5185 1151 5241 thesaurus
1194 5194 1338 5252 tuus,
1371 5187 1440 5240 ibi
1480 5194 1551 5240 est
1577 5193 1623 5240 et
1651 5200 1736 5238 cor
1781 5194 1924 5239 tuum

355 5286 589 5363 (Matth.
619 5285 742 5356 vt).
790 5283 892 5349 Qui
941 5280 1183 5352 profecto
1232 5280 1512 5337 thesaurus
1564 5287 1710 5334 tanta
1755 5278 1923 5348 magis

357 5379 672 5443 cumulatur,
704 5383 902 5447 quanto
927 5377 1096 5444 magis
1124 5371 1432 5442 temporalis
1462 5372 1740 5427 thesaurus
1766 5380 1924 5440 atque

358 5471 580 5528 facultas
608 5465 901 5523 studiosius
930 5479 1028 5535 pro
1068 5465 1177 5520 Deo
1207 5463 1541 5532 expenditur.
1584 5461 1737 5518 Unde
1763 5461 1828 5515 de
1858 5475 1923 5516 eo

356 5563 450 5634 qui
480 5561 785 5616 thesaurum
810 5557 1050 5623 invenit,
1078 5555 1270 5610 dicitur
1295 5571 1307 5606 :
1341 5552 1409 5605 Et
1436 5568 1541 5620 pra:
1568 5553 1756 5623 gaudio
1783 5550 1925 5605 illius

361 5654 532 5721 vadit,
573 5662 618 5706 et
653 5650 820 5706 vendit
857 5663 1090 5703 universa
1125 5661 1240 5716 qua:
1277 5645 1462 5709 habet,
1503 5653 1549 5697 et
1584 5646 1703 5698 emit
1744 5659 1925 5714 agrum

361 5750 531 5805 illum.
572 5746 710 5813 Ager
737 5742 789 5798 in
817 5756 922 5812 quo
953 5742 1233 5797 thesaurus
1263 5735 1603 5792 absconditus
1633 5736 1927 5801 invenitur,

367 5856 464 5902 nos
509 5852 718 5894 sumus.
752 5836 794 5892 si
836 5842 1008 5892 tamen
1041 5834 1092 5890 in
1123 5832 1275 5891 nobis
1313 5837 1490 5888 manet
1526 5827 1746 5886 caeleste
1784 5827 1930 5884 desi-

2021 4632 2181 4686 etiam
2213 4625 2442 4697 propriis
2473 4623 2741 4678 renuntiat
2779 4616 3154 4673 voluntatibus.
3198 4612 3468 4678 Qui'vero
3497 4623 3592 4664 sua

2023 4720 2348 4793 pauperibus
2379 4716 2562 4771 tribuit
2587 4753 2604 4782 ,
2633 4711 2727 4768 sed
2762 4708 2935 4766 adhuc
2977 4704 3206 4776 prapriis
3235 4697 3594 4793 voluntatibus

2021 4791 2226 4877 servit,
2272 4809 2562 4878 pretiosam
2605 4801 2944 4874 margaritam
2991 4796 3226 4853 nondum
3264 4794 3428 4857 emit,
3472 4791 3593 4858 quia

2023 4903 2166 4975 quod
2192 4901 2404 4957 charius
2428 4898 2540 4954 Deo
2565 4904 2772 4966 poterat
2800 4891 3014 4956 ollerre,
3039 4884 3278 4944 retinuit.
3305 4882 3420 4938 Non
3450 4882 3593 4936 enim

2028 4973 2168 5054 Deus
2195 5003 2374 5050 nostra
2395 5033 2409 5057 ,
2441 4988 2535 5046 sed
2565 5003 2662 5043 nos
2688 4983 2910 5056 quaerit,
2939 4981 3025 5050 qui
3054 4988 3319 5035 terrenam
3349 4973 3597 5028 substan-

2028 5091 2157 5145 tiam
2187 5100 2292 5141 non
2324 5082 2428 5138 nisi
2457 5089 2672 5152 prapter
2704 5076 2907 5130 lucrum
2941 5070 3239 5124 animarum
3287 5064 3415 5118 dare
3461 5077 3592 5131 pra:-

2036 5179 2198 5249 cepit.
2232 5175 2333 5243 Qui
2361 5168 2529 5244 [quia]
2562 5181 2689 5238 ergo
2719 5160 3032 5233 negotiatori
3062 5159 3229 5212 bonas
3277 5152 3588 5222 margaritas

2030 5243 2322 5344 quaerenti,
2364 5243 2635 5329 bonisque
2687 5253 2986 5324 margaritis
3039 5263 3222 5306 sumus
3270 5243 3591 5344 comparati,

2031 5333 2247 5418 scrvare
2277 5355 2534 5411 debemus
2563 5352 2614 5406 in
2646 5362 2805 5418 opere
2831 5343 2970 5415 quod
3002 5341 3302 5410 accepimus
3332 5338 3385 5392 in
3427 5333 3597 5389 nomi-

2031 5467 2120 5511 ne.
2152 5451 2217 5505 Et
2257 5449 2394 5504 sicut
2437 5456 2676 5501 terrenos
2716 5440 3067 5509 negotiatores
3108 5448 3213 5489 non
3255 5429 3414 5484 maris
3454 5425 3595 5495 peri-

2029 5546 2146 5602 cula
2191 5544 2259 5598 ab
2301 5540 2478 5597 ofﬁcio
2508 5532 3148 5608 negotiandi.prohibent,
3179 5542 3286 5583 non
3327 5524 3593 5580 latronum

2029 5636 2236 5695 insidiae
2265 5641 2488 5698 terrent,
2518 5645 2622 5685 non
2649 5627 2823 5698 asperi
2849 5639 3001 5681 casus
3032 5621 3230 5678 itineris
3254 5624 3454 5682 vetant,
3485 5628 3590 5668 non

2033 5730 2223 5784 hiemis
2251 5726 2415 5802 frigus
2435 5768 2448 5791 ,
2479 5737 2584 5778 non
2615 5719 2813 5776 aestatis
2842 5717 2987 5772 calor
3029 5715 3222 5770 retinet
3243 5751 3258 5772 ,
3300 5716 3499 5764 tantum
3543 5711 3599 5758 ut

2033 5798 2302 5880 terrenum
2332 5819 2534 5876 lucrum
2566 5815 2840 5885 acquirere
2871 5809 3110 5881 possint:
3156 5809 3226 5862 ita
3269 5810 3324 5859 et
3367 5815 3464 5857 nos
3505 5798 3596 5868 qui
