4096 6346
496 460 632 520 1563
1300 456 1505 522 PAULI
1543 462 1814 520 DIACONI
1858 459 2011 519 OPP.
2052 460 2227 520 PARS
2270 461 2332 517 ll.
2371 492 2442 505 -—
2477 460 2831 525 ASCETICA.
3596 460 3741 522 1564

493 570 791 643 spirituales
824 583 1009 629 sumus
1046 571 1445 645 negotiatores,
1487 574 1555 630 ab
1599 588 1782 630 amore
1821 576 2055 631 caelestis
2079 579 2130 637 Α
2156 577 2317 645 ganti.
2351 576 2577 632 Pulchre
2601 590 2814 646 sagente
2851 574 3179 631 assimilatur
3221 575 3458 634 Ecclesia
3480 618 3495 646 ,
3527 580 3650 649 quia
3679 588 3744 638 es

494 666 679 736 patriae
725 665 870 721 nulla
919 665 1106 723 mundi
1152 666 1510 724 blandimenta
1565 668 1867 735 retineant,
1921 668 2067 724 nulla
2166 664 2417 735 piscatori
2443 676 2524 723 est
2547 667 2863 734 commissa,
2905 672 2959 720 et
2998 666 3137 722 intra
3176 678 3294 725 rete
3332 667 3458 726 ﬁdei
3498 671 3745 739 quotidie

493 756 611 826 ejus
639 756 932 813 adversitas
962 766 1189 825 terreat,
1219 774 1320 816 nec
1348 760 1524 829 aliqua
1566 762 1837 816 tribulatio
1879 762 2070 832 prohi-
2167 755 2410 813 homines
2438 758 2599 827 capil-
2632 757 2782 814 δίευῑ
2810 758 2952 812 θηῖηι
2984 756 3301 825 Ρίεοείοτυιι)
3328 768 3445 826 εει,
3489 775 3609 815 cum
3650 776 3742 818 Sa—

498 847 652 913 beat,
686 856 741 902 ut
771 848 1060 917 pretiosam
1092 852 1429 920 margaritam
1461 861 1728 917 amantes,
1761 866 1881 907 curn
1925 855 2069 922 Apo-
2165 864 2297 920 gena
2326 851 2393 907 de
2416 850 2691 921 profundis
2711 851 3007 923 gurgitibus
3031 852 3202 920 pisces
3223 852 3291 908 ad
3321 852 3471 909 littus
3500 854 3743 924 trahere,

497 940 637 994 stolo
661 940 840 1019 dicere
865 940 1169 998 valeamus:
1198 942 1326 1007 Quis
1350 959 1470 1015 ergo
1495 959 1584 998 nos
1607 944 1861 1013 separabit
1881 961 1912 998 a
1936 945 2069 998 cha-
2166 946 2244 1000 sic
2273 944 2510 1014 quotidie
2540 940 2783 1001 Ecclesia
2819 958 2916 1014 per
2944 944 3244 1000 doctrinam
3286 945 3695 1016 praedicatorum
3721 989 3745 1015 ,

497 1031 642 1086 ritate
672 1032 908 1086 Christi?
932 1033 1264 1089 Tribulatio?
1289 1051 1357 1088 an
1402 1038 1686 1106 angustia?
1722 1053 1789 1091 an
1833 1053 2069 1107 ρει-θεω-
2166 1035 2233 1092 de
2263 1037 2580 1093 turbulentis
2622 1048 2677 1093 et
2721 1036 2919 1093 amaris
2961 1036 3256 1108 gurgitibus
3298 1037 3485 1092 mundi
3531 1044 3749 1093 mentes

497 1122 609 1175 tio?
632 1138 697 1174 an
728 1123 924 1192 fames!
946 1139 1011 1177 an
1037 1125 1282 1179 nuditas?
1303 1140 1370 1179 an
1395 1127 1708 1193 perieulum?
1731 1144 1800 1182 an
1824 1128 2070 1199 gladius!
2166 1126 2441 1185 hominum
2496 1127 2564 1183 ad
2619 1142 2800 1185 veram
2858 1129 3029 1185 lucem
3084 1128 3363 1185 retrahere
3415 1128 3615 1184 studet.
3676 1128 3750 1185 Et

496 1212 676 1268 Certus
719 1230 830 1268 sunt
858 1224 1066 1284 autem,
1097 1219 1217 1287 quia
1244 1234 1403 1288 neque
1430 1234 1599 1286 mors,
1630 1234 1785 1287 neque
1811 1222 1913 1276 vita
1932 1265 1947 1291 ,
1979 1234 2070 1277 ηε·
2166 1221 2414 1291 quoniam
2444 1219 2678 1291 quandiu
2707 1227 2789 1277 est
2817 1219 2871 1275 in
2900 1217 3153 1290 praesenti
3180 1219 3283 1275 vita
3301 1261 3318 1287 ,
3351 1219 3587 1275 Ecclesia
3615 1235 3746 1276 cum

497 1319 593 1370 que
616 1306 812 1374 angeli,
846 1322 1007 1375 neque
1048 1308 1368 1376 principatus
1387 1349 1403 1374 ,
1436 1324 1592 1380 neque
1633 1319 1899 1379 potestates
1918 1354 1934 1380 ,
1981 1328 2071 1367 ne—
2167 1315 2322 1370 bonis
2353 1312 2555 1383 colligit
2580 1322 2635 1369 et
2665 1312 2867 1378 malos,
2898 1319 3044 1369 recte
3070 1311 3140 1368 de
3168 1310 3359 1369 eadem
3386 1324 3583 1381 sageua
3614 1313 3753 1368 sub-

502 1408 601 1461 que
642 1394 916 1462 instantia,
949 1413 1107 1467 neque
1143 1402 1353 1467 futura,
1394 1417 1553 1471 neque
1593 1404 1842 1472 fortitudo
1862 1443 1877 1470 ,
1913 1420 2072 1473 neque
2168 1407 2314 1463 ditur
2342 1424 2355 1460 :
2391 1406 2557 1473 Quam
2578 1448 2592 1471 ,
2624 1420 2738 1460 cum
2764 1405 2969 1476 impleta
2998 1413 3159 1473 esset,
3190 1404 3494 1473 educentes,
3525 1415 3571 1459 et
3600 1420 3751 1459 secus

499 1488 751 1555 altitudo,
785 1502 942 1559 neque
971 1493 1318 1562 profundum,
1362 1509 1521 1562 neque
1561 1505 1795 1549 creatura
1833 1496 1940 1550 alia
1977 1514 2070 1568 ρο·
2170 1496 2311 1550 littus
2360 1494 2622 1560 sedentes,
2672 1495 2931 1565 elegerunt
2970 1490 3127 1549 bonos
3164 1496 3219 1549 in
3261 1509 3384 1548 uasa
3422 1509 3545 1559 sua,
3576 1496 3748 1549 malos

503 1581 618 1634 terit
647 1597 739 1635 nos
767 1597 1007 1651 separare
1030 1599 1062 1637 a
1090 1583 1337 1639 charitate
1364 1583 1489 1651 Dei,
1522 1601 1636 1655 qua
1661 1594 1732 1641 est
1772 1588 1826 1641 in
1869 1586 2072 1643 Christo
2171 1596 2339 1643 autem
2369 1588 2510 1658 foras
2551 1586 2821 1642 miserunt.
2870 1585 2972 1643 Ubi
3017 1600 3137 1642 cum
3182 1586 3307 1642 boni
3336 1594 3391 1643 et
3416 1586 3541 1642 mali
3566 1588 3747 1643 nomi-

498 1670 625 1726 Jesu
656 1670 878 1728 Domino
908 1685 1080 1730 nostra
1110 1674 1306 1746 (Rom.
1337 1676 1496 1749 vni).
1541 1676 1813 1734 Imitemur
1840 1688 1891 1735 et
1928 1678 2072 1736 aliud
2173 1685 2399 1741 nantur,
2458 1677 2738 1747 praesentis
2792 1675 3050 1744 temporis
3109 1675 3356 1731 Ecclesia
3413 1675 3745 1745 designatur.
3854 1718 3855 1721 η

500 1766 892 1836 negotiatorum
930 1784 1085 1840 opus.
1131 1770 1342 1827 Habent
1378 1773 1521 1827 enim
1556 1772 1657 1828 hoc
1693 1776 1966 1845 proprium
2019 1775 2072 1830 hi
2176 1769 2307 1824 Boni
2350 1769 2495 1825 enim
2536 1767 2639 1824 soli
2684 1781 2946 1836 nusquam
2990 1774 3147 1832 sunt,
3190 1765 3292 1821 nisi
3319 1766 3374 1821 in
3403 1766 3583 1832 cmlo;
3612 1765 3747 1821 mali

497 1859 589 1928 qui
632 1859 936 1927 negotiandi
981 1862 1235 1931 operibus
1274 1864 1562 1929 insistunt,
1592 1866 1721 1920 utsi
1753 1866 1805 1920 in
1839 1881 1944 1922 uno
1974 1883 2070 1924 ne-
2173 1871 2350 1918 autem
2405 1874 2666 1931 nusquam
2716 1858 2817 1914 soli
2869 1865 3026 1927 sunt,
3080 1857 3286 1923 nisiin
3334 1856 3562 1913 inferno.
3619 1854 3748 1912 Hac

498 1949 643 2021 gotio
669 1949 864 2005 damna
896 1952 1248 2021 incurrerint,
1279 1954 1570 2011 studi0sius
1601 1958 1904 2027 negotiandi
1935 1972 2065 2029 opo-
2095 1940 2147 2005 Β
2170 1960 2349 2009 autem
2399 1952 2633 2009 Ecclesia
2666 1965 2785 2022 qua:
2827 1953 2880 2006 in
2921 1950 3097 2006 medio
3144 1949 3421 2018 consistit,
3472 1954 3751 2018 utriusque

500 2043 646 2099 ribus
670 2044 935 2111 insistant,
961 2058 1239 2118 quousque
1263 2049 1403 2119 quod
1427 2048 1479 2104 in
1502 2065 1602 2106 una
1625 2066 1684 2107 re
1704 2051 2066 2121 perdiderunt,
2169 2044 2350 2116 patriae
2389 2045 2536 2100 cives
2578 2044 2801 2114 recipit,
2846 2043 2983 2099 sicut
3006 2057 3105 2112 per
3133 2041 3466 2098 Psalmistatn
3506 2040 3702 2097 dicitur
3729 2057 3745 2094 :

501 2137 555 2192 in
583 2137 686 2193 alia
716 2140 1011 2209 acquirant.
1046 2141 1120 2197 Ita
1149 2156 1277 2212 ergo
1306 2150 1362 2197 et
1392 2157 1521 2211 nos,
1555 2144 1597 2199 si
1640 2144 1691 2199 in
1731 2145 1908 2215 aliquo
1944 2158 2070 2201 casu
2169 2139 2479 2194 Annuntiavi
2528 2148 2575 2195 et
2623 2139 2822 2192 locutus
2868 2154 3012 2201 sum,
3062 2136 3387 2207 multiplicati
3431 2144 3548 2189 sunt
3592 2149 3753 2204 super

502 2226 754 2285 damnum
810 2231 1002 2287 anima:
1057 2233 1442 2299 inciderimus,
1495 2236 1785 2292 studiosius
1841 2239 2072 2308 incoepta
2172 2230 2640 2303 numerimwwl-
2672 2230 2886 2302 xw!)-
2922 2228 3493 2287 υὺίεοηδίἀθηηάυω
3522 2226 3753 2298 estquia

504 2321 644 2377 bono
687 2323 836 2392 operi
882 2324 1225 2395 insistamus,
1269 2335 1330 2382 ut
1372 2328 1511 2398 quod
1560 2344 1654 2399 per
1698 2331 2071 2400 negligentiam
2171 2336 2331 2393 super
2362 2336 2644 2377 numerum
2674 2322 2968 2377 electorum
2998 2320 3161 2376 modo
3193 2320 3246 2375 in
3275 2318 3565 2375 Ecclesiam
3591 2317 3758 2374 multi

503 2414 813 2480 amisimus,
844 2430 939 2485 per
966 2416 1161 2473 bonum
1190 2431 1327 2488 opus
1356 2433 1735 2489 recuperemus
1764 2440 1775 2476 :
1810 2430 2074 2492 quatenus

2174 2413 2389 2484 reprobi
2440 2416 2638 2469 intrare
2680 2419 2939 2484 possunt,
2986 2413 3080 2468 sed
3127 2414 3181 2468 in
3223 2427 3434 2481 regnum
3474 2412 3750 2469 calorum

504 2502 572 2557 ad
605 2504 852 2573 pretiosa:
880 2509 1181 2577 margaritae
1210 2509 1415 2564 lucrum
1459 2513 1736 2579 pervenire
1777 2515 2071 2585 possimus,
2176 2522 2281 2563 non
2312 2514 2559 2576 possunt.
2602 2505 2751 2562 Unde
2776 2516 2831 2562 et
2859 2507 2994 2561 bene
3018 2505 3255 2562 dicitur:
3286 2505 3553 2576 Elegerant
3583 2506 3758 2561 bonos

503 2602 558 2652 et
584 2610 770 2652 vocem
802 2597 1015 2654 Domini
1043 2602 1229 2657 audire
1256 2617 1575 2673 mercamur,
1607 2606 1831 2664 dicentis
1862 2625 1877 2664 :
1910 2608 2071 2681 Euge,

2174 2597 2229 2651 in
2257 2613 2375 2652 uasa
2402 2613 2529 2663 sua,
2559 2597 2722 2651 malos
2758 2605 2927 2650 autem
2963 2597 3100 2667 foras
3145 2597 3407 2652 miserunt.
3444 2596 3502 2651 In
3549 2596 3746 2671 quibus

502 2704 642 2745 serve
671 2690 797 2748 bone
819 2701 867 2748 et
897 2693 1096 2763 ridetis,
1124 2698 1243 2768 quia
1273 2699 1326 2753 in
1358 2716 1519 2770 ραιιτα
1564 2701 1708 2769 futui
1750 2704 1917 2772 ﬁdem
1936 2746 1951 2771 ,
1990 2722 2076 2759 ια-
2179 2692 2362 2746 verbis
2390 2690 2674 2746 manifeste
2712 2692 2967 2749 discretio
2995 2692 3288 2749 electorum
3318 2702 3374 2749 et
3400 2692 3757 2763 reprobon

506 2798 600 2853 pra
626 2784 785 2840 multa
813 2797 859 2842 te
885 2790 1231 2847 constituam:
1258 2793 1393 2847 intra
1420 2794 1472 2848 in
1499 2796 1742 2864 gaudium
1766 2794 1973 2854 Domini
2002 2793 2078 2853 tui

2178 2782 2231 2838 in
2281 2783 2388 2837 fine
2429 2783 2610 2838 saeculi
2656 2783 2832 2841 futura
2881 2798 3002 2840 esse
3045 2786 3365 2842 ostenditur.
3413 2785 3563 2840 Sicut
3605 2785 3750 2840 enim

514 2875 729 2947 (Matth.
759 2885 923 2949 xxv).
960 2880 1084 2938 Hec
1114 2894 1289 2940 autem
1321 2889 1604 2956 margarita
1637 2897 1742 2943 tam
1772 2893 1932 2945 chara
1962 2901 2075 2960 est,

2184 2888 2334 2931 mare
2375 2876 2630 2930 saeculum
2648 2916 2664 2943 ,
2696 2876 2774 2931 sic
2802 2876 2955 2932 littus
2981 2877 3146 2933 maris
3173 2878 3337 2932 linem
3364 2876 3627 2947 signiﬁcat
3654 2892 3754 2932 sae-

509 2975 569 3023 ut
596 2970 757 3025 nullis
789 2971 1016 3027 terrenis
1046 2972 1245 3030 divitiis
1275 2977 1441 3045 possit
1470 2981 1760 3048 comparari
1794 2998 1809 3047 ;
1842 2990 1950 3035 tam
2001 2981 2080 3037 vi-
2177 2966 2304 3024 ουιί·
2336 2966 2391 3022 In
2421 2969 2599 3023 Ιίιιοΐθ
2627 2968 2768 3022 enim
2797 2967 3049 3035 κάεηῑεεν
3079 2969 3339 3040 elegerunt
3367 2971 3526 3024 θοηω
3551 2970 3601 3023 ίη
3631 2972 3756 3023 va“

508 3058 596 3129 iis,
623 3073 679 3117 ut
705 3062 818 3118 sola
848 3064 984 3119 bona
1011 3066 1280 3123 voluntate
1313 3070 1477 3136 possit
1505 3070 1728 3141 acquiri.
1762 3070 1907 3129 Hanc
1937 3086 2078 3129 mar-

2178 3076 2305 3127 sua,
2333 3061 2498 3116 malos
2523 3070 2690 3116 autem
2722 3062 2862 3131 foras
2893 3063 3173 3129 miserunt,
3199 3062 3327 3133 quia
3356 3063 3414 3118 in
3446 3062 3551 3118 line
3572 3062 3758 3119 saecli

507 3154 726 3223 garitam
758 3156 1043 3224 pretiosam
1073 3156 1251 3213 multis
1293 3158 1623 3217 facultatibus
1651 3163 1905 3221 Zachaaus
1934 3180 2079 3220 com-

2179 3151 2336 3207 electi
2380 3161 2720 3208 assumentur
2763 3152 2830 3208 ad
2874 3153 3098 3224 gloriam
3130 3197 3145 3222 ,
3189 3162 3245 3210 et
3292 3154 3509 3222 reprobi
3536 3168 3763 3222 separa-

507 3258 696 3315 parare
722 3248 953 3315 studuit,
984 3251 1073 3320 qui
1102 3266 1221 3307 cum
1254 3251 1407 3323 hujus
1435 3257 1736 3325 margaritae
1767 3259 2074 3330 largitorem
2105 3301 2124 3330 ,

2147 3302 2149 3323 Ι
2182 3243 2379 3300 buntur
2408 3244 2474 3300 ad
2506 3260 2748 3315 poenam,
2775 3246 2929 3316 juxta
2956 3247 3097 3317 quod
3127 3247 3256 3303 alibi
3291 3247 3550 3302 Dominus
3593 3247 3666 3301 ait
3707 3248 3764 3302 in

509 3337 563 3391 in
602 3337 761 3391 domo
798 3341 1158 3410 suscepisset,
1192 3358 1300 3413 prae
1323 3300 1505 3402 Jnimio
1537 3300 1727 3418 gbaudio
1762 3300 1896 3406 dixit
1926 3370 1937 3405 :
1973 3353 2077 3407 Do-
2105 3300 2126 3364 (

2148 3304 2151 3361 ι
2183 3336 2473 3406 Evangelia
2551 3300 2618 3392 in
2664 3300 3301 3393 illa'necte‘eruntﬁdao
3626 3300 3765 3403 uno:

510 3428 667 3491 mitte,
697 3426 967 3485 dimidium
995 3433 1240 3487 bonorum
1268 3450 1493 3491 meorum
1524 3439 1589 3493 do
1614 3443 1941 3511 pauperibus,
1968 3454 2012 3498 et
2038 3445 2083 3500 si

2182 3443 2314 3482 unus
2342 3438 2649 3495 assumatur,
2672 3438 2721 3483 et
2747 3446 2882 3484 unus
2906 3430 3222 3499 relinquetur
3247 3430 3403 3502 (Luc.
3428 3431 3586 3501 xvtt).
3616 3430 3770 3487 Unde

509 3516 590 3607 sui
633 3518 832 3589 aliquid
870 3521 965 3575 tuli
1009 3520 1061 3576 in
1104 3524 1443 3595 quadruplum
1486 3532 1693 3585 restituo
1726 3532 1897 3602 (Luc.
1928 3548 2014 3591 XIX
2039 3536 2079 3607 ).

2184 3532 2239 3577 et
2288 3534 2567 3590 exponens
2607 3521 2864 3576 Dominus
2902 3522 3307 3579 similitudinem
3348 3523 3634 3593 adjunxit:
3676 3521 3767 3575 Sic

512 3606 661 3663 Hanc
707 3624 914 3682 quoque
971 3614 1307 3683 margaritam
1356 3618 1512 3675 vidua
1560 3621 1649 3677 illa
1696 3623 1905 3680 duobus
1960 3628 2085 3683 teris

2183 3612 2278 3667 erit
2316 3612 2373 3665 in
2416 3614 2855 3668 consummatione
2878 3612 3078 3668 seculi.
3112 3613 3339 3669 Exibunt
3369 3615 3579 3686 angeli,
3602 3623 3649 3668 et
3678 3630 3766 3666 se-

515 3703 735 3759 minutis
774 3706 825 3760 in
863 3707 1240 3781 gazophylacio
1276 3710 1489 3781 jactatis
1530 3719 1881 3785 comparavit.
1919 3719 2084 3791 Cujus

2188 3704 2444 3777 parabunt
2474 3705 2637 3759 malos
2662 3705 2725 3758 de
2753 3705 2920 3759 medio
2956 3708 3212 3775 iustorum
3232 3745 3249 3772 ,
3281 3714 3329 3759 et
3356 3707 3560 3761 mittent
3592 3722 3675 3760 eos
3712 3704 3769 3759 in

519 3796 747 3864 pretium
788 3796 902 3865 ipse
936 3800 1087 3855 testis
1124 3802 1462 3859 conscientiae
1489 3846 1502 3871 ,
1549 3806 1803 3865 Dominus
1842 3812 2083 3881 scilicet,

2185 3797 2444 3851 caminum
2472 3796 2607 3867 ignis
2633 3810 2648 3850 :
2678 3795 2749 3848 ibi
2776 3796 2871 3848 erit
2899 3797 3049 3863 ﬂetus
3075 3805 3122 3850 et
3148 3795 3338 3849 stridor
3365 3796 3619 3849 dentium.
3652 3794 3765 3848 Hoc

519 3884 872 3952 collaudavit,
905 3889 1128 3946 dicens:
1160 3890 1320 3947 Amen
1348 3895 1460 3949 dico
1489 3897 1627 3952 vobis
1656 3901 1775 3970 quia
1801 3902 1954 3958 vidua
1981 3904 2088 3959 Iure
2187 3896 2268 3941 θει
2294 3885 2436 3955 quod
2466 3885 2690 3940 Domino
2721 3886 2842 3940 alibi
2862 3886 2919 3941 in
2946 3885 3262 3954 Evangelius
3288 3886 3451 3940 dicit:
3475 3886 3643 3939 Μίιιεε
3672 3881 3772 3937 Fi-

518 3993 711 4048 pattper
736 3976 850 4048 plus
878 3982 1108 4036 omnibus
1138 3983 1274 4038 misit
1304 3987 1390 4055 qui
1420 3988 1662 4043 miserunt
1694 3992 1745 4045 in
1776 3993 2089 4066 gazOphyla-

2188 3978 2284 4032 lius
2311 3977 2531 4032 hominis
2568 3976 2776 4049 angelos
2812 3993 2950 4045 suos,
2995 3987 3043 4033 et
3081 3978 3320 4049 colligent
3359 3979 3423 4032 de
3463 3994 3625 4050 regno
3650 3981 3768 4050 ejus

519 4070 654 4124 cium
684 4072 702 4141 (
731 4073 895 4127 Marc.
927 4088 998 4128 xu
1024 4075 1062 4143 ).
1093 4073 1290 4132 Omnes
1321 4079 1461 4133 enim
1491 4096 1554 4136 cx
1585 4096 1651 4137 eo
1680 4084 1819 4152 quod
1849 4087 2088 4143 abunda.
2194 4072 2368 4126 omnia
2411 4070 2654 4125 scandala
2704 4068 2934 4140 (Matth.
2966 4084 3056 4124 snt
3081 4073 3121 4137 ).
3164 4068 3230 4123 Et
3269 4068 3395 4124 item
3440 4068 3510 4124 de
3551 4068 3776 4123 zizaniis

527 4162 599 4217 vit
629 4164 766 4231 illis,
806 4164 1101 4233 miserunt;
1147 4167 1260 4223 haec
1298 4185 1425 4226 vero
1464 4171 1529 4227 de
1561 4175 1782 4243 penuria
1817 4190 1909 4233 sua
1948 4179 2091 4250 quod

2189 4179 2306 4235 qum
2337 4163 2584 4218 inimicus
2615 4162 2774 4216 homo
2801 4160 3253 4229 supersemiuavit
3284 4161 3496 4225 tritico,
3530 4161 3764 4214 interro-

521 4255 735 4323 habuit,
769 4257 914 4313 misit
941 4266 1108 4315 totum
1141 4259 1338 4316 victum
1369 4278 1544 4317 suum.
1578 4264 1747 4337 Hujus
1792 4273 2092 4341 margarita:

2189 4267 2345 4328 gatus
2372 4257 2478 4311 ait:
2515 4255 2684 4311 Sinite
2708 4266 2924 4325 utraque
2958 4269 3182 4309 crescere
3216 4270 3376 4324 usque
3410 4254 3478 4307 ad
3514 4267 3727 4307 messem
3749 4292 3768 4317 ,

520 4348 964 4418 pulchritudinem
985 4392 999 4417 ,
1033 4350 1336 4409 beatissima
1366 4354 1453 4420 Ν..
1480 4355 1630 4427 cujus
1658 4358 1815 4416 hodie
1844 4361 2090 4418 festivam

2190 4358 2238 4406 et
2266 4351 2320 4403 in
2340 4358 2575 4418 tempore
2601 4348 2779 4402 messis
2810 4348 2977 4402 dicam
3013 4347 3317 4402 messoribus
3344 4361 3361 4399 :
3390 4344 3629 4415 Colligite
3653 4344 3772 4413 prio

523 4440 855 4496 celebramus
885 4441 1257 4511 lesiivitatem,
1303 4444 1486 4501 multis
1528 4447 1730 4505 divitiis
1770 4451 1907 4507 datis
1946 4467 2094 4508 com-

2197 4458 2338 4498 mum
2379 4442 2583 4497 sisania
2605 4479 2622 4506 ,
2662 4451 2708 4495 et
2742 4439 2951 4512 alligute
2982 4456 3042 4494 ea
3075 4440 3129 4492 in
3166 4438 3437 4509 fasciculos
3458 4437 3527 4489 ad
3556 4436 3770 4489 σοιηόιις

523 4533 758 4603 paravit,
792 4534 1002 4611 quando
1034 4550 1127 4604 pro
1156 4534 1272 4605 ejus
1298 4552 1479 4595 amore
1506 4542 1652 4610 regni
1682 4544 1971 4611 potentiam
1999 4545 2094 4601 de-

2194 4534 2410 4589 rendum
2434 4570 2449 4602 ,
2480 4533 2704 4586 triticum
2732 4538 2903 4584 autem
2931 4539 3231 4601 congregate
3258 4531 3310 4585 in
3334 4528 3559 4581 horreum
3582 4541 3768 4580 meum

524 4608 833 4695 relinquens
854 4664 871 4691 ,
898 4635 953 4681 et
981 4626 1191 4683 thorum
1219 4632 1410 4700 regalis
1439 4608 1762 4690 matrimonii
1791 4650 2051 4706 spernens
2072 4676 2088 4704 ,
2121 4658 2141 4721 ι

2154 4661 2171 4717 ι
2198 4628 2216 4698 (
2240 4627 2380 4682 Ibid.
2406 4626 2447 4696 ).
2492 4626 2722 4693 ldipsum
2752 4633 2835 4680 est
2862 4622 3002 4692 quod
3045 4623 3171 4679 alibi
3212 4622 3404 4678 dicitur
3430 4636 3461 4675 a
3485 4619 3721 4721 Domino
3753 4638 3771 4677 :

526 4715 594 4771 ad
625 4724 973 4785 spontaneum
1004 4728 1369 4788 paupertatem
1402 4737 1460 4780 se
1497 4727 1739 4781 contulit.
1782 4726 1933 4785 Unde
1972 4728 2090 4785 sine
2121 4714 2159 4721 ⁷
2196 4718 2321 4776 Cum
2362 4719 2545 4773 sedem
2576 4715 2743 4771 Filius
2787 4715 3008 4770 hominis
3047 4715 3105 4769 in
3143 4716 3262 4769 sede
3305 4714 3589 4785 majestatis
3636 4728 3773 4779 autc,

526 4807 688 4865 dubio
744 4809 868 4879 quia
923 4808 1061 4880 regis
1116 4812 1314 4866 terreni
1370 4815 1679 4887 conjugiqu
1733 4821 2089 4887 contempsit,
2196 4809 2638 4882 congregabantur
2678 4815 2797 4862 ante
2840 4823 2952 4861 eum
2992 4821 3166 4860 omnes
3204 4814 3414 4876 gentes,
3448 4812 3494 4859 et
3519 4806 3776 4874 separabit

526 4914 719 4973 sponsa
746 4900 930 4958 effecta
960 4911 1043 4959 est
1070 4904 1211 4974 regis
1239 4906 1473 4963 caelestis
1504 4926 1516 4963 :
1548 4919 1603 4964 et
1629 4926 1746 4981 quae
1777 4912 1941 4966 noluit
1969 4925 2091 4967 cum

2199 4921 2282 4959 eos
2320 4905 2384 4958 ab
2426 4903 2668 4968 inuicem,
2699 4902 2826 4955 sicut
2865 4909 3042 4969 pastor
3070 4907 3301 4970 segregat
3330 4914 3445 4953 ores
3484 4899 3546 4953 ab
3574 4898 3736 4953 hcdis
3759 4936 3775 4961 ,

527 5002 743 5048 terreno
770 5008 894 5063 rege
918 5009 1142 5065 regnare
1172 4995 1225 5051 in
1257 4998 1479 5064 mundo,
1511 5010 1699 5069 regnat
1729 5016 1847 5055 cum
1879 5000 2094 5060 Christo
2200 5005 2306 5051 ϐίου
2340 4996 2358 5065 (
2384 4993 2571 5048 Μσιίίιο
2599 5008 2706 5047 XXV
2728 4994 2768 5061 )-
2811 4991 2868 5046 Ιιι
2894 5005 2959 5046 θο
2987 5001 3164 5046 “lem
3203 4991 3345 5061 (ιιιοά
3384 4990 3728 5060 subivit-situt
3760 5006 3775 5043 ε

527 5081 578 5137 in
609 5085 764 5139 coelo.
808 5084 871 5140 Et
909 5086 1027 5157 quia
1057 5085 1406 5143 salutationes
1435 5096 1489 5145 et
1517 5089 1692 5145 ofﬁcia
1720 5091 1913 5162 refugit
1942 5108 2096 5164 rega-
2203 5088 2287 5146 Ibi
2316 5090 2411 5143 erit
2441 5090 2587 5159 ﬂetus
2632 5096 2680 5141 et
2726 5086 2913 5140 stridor
2939 5085 3202 5151 dentium,
3235 5084 3519 5140 manifeste
3545 5083 3776 5153 qualitas

527 5173 658 5231 lium
710 5175 1106 5246 ministrorum,
1162 5180 1431 5237 ministrat
1475 5197 1618 5238 nunc
1670 5182 1914 5250 Christo,
1971 5203 2099 5244 con-
2204 5195 2480 5251 poenarum
2523 5178 2861 5235 describitur.
2908 5178 3059 5233 Oculi
3100 5177 3241 5233 enim
3276 5191 3386 5245 prae
3414 5176 3582 5231 nimio
3625 5173 3780 5228 fumo

530 5266 712 5338 juncta
749 5270 977 5325 coetibus
1011 5270 1340 5341 angelorum.
1386 5272 1454 5328 Et
1487 5273 1607 5329 ideo
1645 5275 1858 5344 dignum
1911 5287 1993 5332 cst
2040 5287 2098 5334 ut
2204 5275 2370 5331 fluere
2413 5274 2674 5343 lacrymas
2720 5272 2926 5342 solent,
2979 5273 3167 5327 dentes
3213 5269 3519 5325 vehementi
3569 5268 3776 5337 frigore

530 5360 622 5432 qui
654 5363 998 5430 temporalem
1038 5364 1273 5432 reginam
1307 5366 1509 5422 honore
1545 5368 1726 5423 debito
1757 5382 2097 5438 veneramur,
2204 5369 2544 5424 stridescere.
2584 5366 2717 5420 Cum
2755 5380 2885 5422 vero
2921 5366 3032 5430 ait,
3077 5363 3160 5420 lbi
3186 5366 3283 5418 erit
3307 5360 3459 5435 ﬂetus
3487 5371 3540 5419 et
3582 5360 3781 5418 stridor

530 5453 668 5510 hanc
696 5453 803 5510 Deo
827 5463 1098 5524 acceptam
1126 5458 1362 5527 reginam
1390 5458 1594 5513 devotis
1622 5462 1869 5530 precibus
1898 5461 2104 5532 suppli-
2205 5464 2431 5518 dentium
2449 5503 2465 5531 ,
2497 5460 2730 5517 ostendit
2756 5462 2878 5530 quia
2906 5460 3116 5530 reprobi
3144 5459 3196 5514 in
3225 5458 3473 5529 geheuna
3512 5464 3569 5513 et
3603 5454 3783 5523 frigus

530 5558 751 5609 cemus,
783 5552 839 5597 ut
866 5544 986 5613 quia
1018 5559 1114 5599 nos
1141 5560 1236 5600 suo
1273 5547 1521 5616 exemplo
1560 5548 1612 5602 in
1653 5552 1867 5607 nomine
1892 5550 2097 5608 Christi
2206 5552 2540 5609 intolerabile
2567 5560 2623 5607 et
2649 5551 2882 5607 calorem
2924 5550 3349 5606 inaestimabilem
3397 5546 3785 5611 sustinebunt,

533 5634 903 5704 congregavit,
936 5635 1048 5690 suis
1079 5650 1174 5690 nos
1205 5637 1411 5694 meritis
1439 5649 1490 5693 et
1520 5642 1848 5697 orationibus
1878 5644 1930 5699 in
1965 5659 2101 5714 pras-
2205 5645 2354 5717 juxta
2381 5645 2508 5699 illud
2533 5644 2674 5715 quod
2700 5659 2795 5716 per
2820 5645 3032 5700 beatum
3059 5644 3161 5700 Job
3186 5644 3382 5699 dicitur
3408 5661 3422 5696 :
3453 5642 3535 5697 Att
3562 5642 3790 5695 calorem

536 5726 671 5779 senti
716 5727 822 5781 vita
863 5727 1127 5797 jucundos
1171 5730 1395 5797 efficiat,
1439 5738 1494 5787 et
1536 5733 1589 5788 in
1635 5734 1810 5790 futura
1853 5747 2099 5807 acceptos
2208 5738 2419 5791 nimium
2450 5737 2746 5792 transibunt
2772 5736 2835 5791 ab
2861 5738 3007 5806 aquis
3033 5737 3259 5803 nivium,
3289 5745 3339 5792 et
3366 5732 3617 5805 usquead
3646 5732 3789 5800 infe-

537 5816 744 5871 rcddat.
791 5818 987 5874 lterum
1031 5822 1195 5876 simile
1238 5833 1312 5876 est
1356 5839 1566 5894 regnum
1612 5827 1855 5881 ctelorum
1903 5844 2103 5899 sugente
2208 5842 2294 5882 ros
2341 5836 2598 5898 peccatum
2641 5827 2805 5883 illius.
2858 5827 3194 5884 Obliviscatur
3238 5829 3349 5897 eius
3392 5822 3792 5888 misericordia,

538 5908 702 5964 missae
742 5909 796 5963 in
837 5927 1006 5982 mare,
1053 5924 1098 5970 et
1138 5930 1203 5972 eas
1243 5918 1378 5971 omni
1417 5933 1597 5987 genere
1638 5920 1849 5988 piscium
1887 5936 2101 5995 congre-
2141 5978 2155 6001 λ
2212 5921 2426 5977 dulcedo
2453 5921 2596 5979 illius
2624 5938 2811 5980 vermes
2841 5921 2976 5995 (Job
3004 5922 3184 5993 xxrv).
3216 5920 3389 5981 Finita
3416 5927 3598 5977 autem
3628 5913 3791 5974 simi-
