4096 6346
1562 434 2009 465 »ν’ὒιαηρυ-ω.υνοηφνη
2034 434 2171 447 ι-οεδδ.

322 514 459 576 1565

1777 510 2105 567 llOMILIzE.

3424 504 3557 564 13th

328 630 586 698 litud‘me,
627 625 695 684 de
733 625 852 697 ejus
895 624 1170 682 intellectu
1209 623 1453 680 Salvator
1489 622 1778 691 discipulos
1806 638 1895 679 re—
1921 620 1974 685 Α
2001 622 2161 691 Quasi
2206 624 2345 680 enim
2392 635 2422 678 a
2468 621 2795 678 debitoribus
2846 620 3037 693 pignus
3079 622 3403 695 accipimus,
3440 638 3561 682 cum

321 719 488 792 quirit
507 760 523 788 ,
550 717 840 775 ostendens
871 717 971 786 piis
996 715 1267 787 magistris
1294 723 1353 769 ut
1381 715 1515 769 alios
1545 716 1753 783 possint
1776 729 1900 770 eru-
1998 716 2390 775 confessionem
2422 716 2711 786 peccatoris
2741 716 3047 786 accipimus.
3078 716 3175 772 Cui
3204 718 3248 773 si
3279 716 3562 786 pt'enitenti

322 810 476 878 dire,
517 808 806 880 aliquando
849 808 1180 876 interrogare
1217 806 1435 861 debere.
1467 805 1551 859 Ait
1580 805 1722 861 enim
1755 824 1767 857 :
1801 803 1899 859 In-

329 904 598 963 tellecistis
624 903 734 958 haec
767 900 989 955 omnia?
1016 899 1226 969 lllisque
1256 898 1583 964 dicentibus,
1614 899 1770 953 etiam
1788 938 1804 964 ,
1832 898 1903 955 de

328 996 572 1069 profectu
621 994 836 1049 illorum
890 991 1245 1061 gloriabatur,
1284 990 1512 1045 dicens:
1562 988 1692 1045 Ideo
1737 990 1903 1045 omnis

326 1089 499 1147 scriba
527 1088 705 1142 doctus
734 1086 787 1140 in
818 1100 973 1155 regno
1003 1082 1241 1139 calorum
1268 1082 1449 1137 similis
1485 1092 1558 1137 est
1582 1082 1778 1136 homini
1805 1097 1904 1150 pa-

328 1177 648 1252 trifamilias,
675 1176 763 1246 qui
788 1179 986 1247 profert
1017 1175 1081 1228 de
1111 1175 1346 1228 thesauro
1370 1189 1464 1228 suo
1492 1187 1621 1228 nova
1643 1180 1690 1228 et
1714 1180 1903 1229 cetera.

327 1272 487 1343 Quod
513 1270 913 1341 specialiterlad
943 1266 1214 1338 apostolos
1244 1266 1512 1335 pertinere
1539 1280 1609 1322 ex
1636 1279 1703 1322 eo
1731 1264 1906 1321 mani-

327 1365 522 1422 festum
568 1371 652 1420 est
690 1362 832 1433 quod
874 1360 1070 1415 homini
1104 1356 1473 1430 patrifamilias
1506 1366 1903 1426 comparantur,

330 1461 622 1534 proferenti
665 1461 730 1516 de
778 1461 1016 1516 thesauro
1060 1475 1152 1513 suo
1195 1474 1325 1512 nova
1365 1465 1413 1512 et
1454 1464 1637 1511 cetera.
1679 1451 1738 1509 Si
1764 1452 1908 1509 enim

328 1566 441 1622 per
470 1566 603 1607 noua
644 1559 695 1606 et
734 1558 936 1619 vetera,
974 1548 1140 1604 Vetus
1182 1554 1238 1603 et
1276 1546 1479 1603 Novum
1509 1546 1908 1602 Testamentum

333 1642 649 1712 accipimus,
680 1640 949 1697 Abraham
979 1647 1035 1695 et
1063 1640 1280 1711 Moysen
1299 1679 1316 1706 ,
1345 1646 1676 1708 cmterosque
1704 1644 1906 1706 patres,

330 1735 422 1804 qui
452 1742 579 1789 ante
606 1731 817 1788 Domini
847 1732 1135 1788 adventum
1167 1732 1413 1799 fuerunt,
1444 1744 1580 1786 nova
1610 1744 1732 1786 cum
1759 1739 1911 1785 vete-

329 1826 479 1881 ribus
522 1840 631 1880 non
674 1823 960 1895 protulisse
1000 1826 1409 1893 cognoscimus:
1457 1824 1581 1893 quia
1630 1823 1729 1879 etsi
1771 1834 1909 1878 nova

334 1925 721 1985 narraverunt,
770 1914 980 1971 Domini
1026 1924 1203 1971 tamen
1249 1915 1670 1971 incarnationem
1716 1927 1908 1970 novam

330 2008 703 2078 corporalibus
745 2008 913 2064 oculis
960 2022 1067 2063 non
1113 2010 1386 2074 viderunt,
1418 2011 1556 2064 sicut
1600 2008 1715 2079 ipse
1744 2008 1907 2064 disci-

331 2099 469 2167 pulis
507 2099 623 2153 suis
667 2098 745 2154 ait
772 2116 788 2155 :
820 2098 979 2153 Multi
1009 2116 1152 2171 reges
1178 2110 1226 2156 et
1252 2102 1512 2170 propheta:
1539 2102 1805 2156 voluerant
1831 2100 1910 2156 ui-

331 2190 455 2244 dere
482 2206 598 2260 qua:
626 2206 712 2245 vos
740 2190 950 2257 videtis,
981 2200 1030 2244 et
1058 2207 1161 2247 non
1194 2194 1456 2260 uiderant,
1490 2203 1541 2247 et
1579 2194 1759 2248 audire
1799 2206 1913 2263 qua

332 2281 562 2346 auditis,
594 2290 639 2335 et
680 2297 781 2336 non
807 2282 1078 2336 audierunt
1108 2282 1274 2353 (Luc.
1308 2301 1336 2338 x
1364 2288 1405 2355 ).
1452 2285 1694 2355 Apostoli
1734 2293 1912 2341 autem

331 2387 469 2428 nova
513 2381 775 2429 etvetera
820 2375 1165 2444 spiritualiter
1210 2377 1626 2443 intellexerunt,
1674 2389 1729 2435 et
1777 2392 1914 2435 nova

328 2465 700 2533 corporalibus
727 2467 903 2521 oculis
934 2466 1200 2523 viderunt.
1235 2469 1439 2537 Quibus
1468 2472 1584 2541 ipse
1611 2473 1685 2527 ait
1715 2491 1727 2526 :
1760 2470 1916 2529 Man-

330 2560 508 2613 datum
530 2574 714 2615 novum
735 2561 802 2616 do
820 2561 980 2626 vobis,
1005 2570 1064 2616 ut
1084 2561 1311 2634 diligatis
1331 2564 1544 2619 invicem
1571 2562 1754 2635 (Joan.
1770 2564 1913 2635 xm).

333 2650 460 2708 Sive
488 2652 679 2708 aliter:
714 2651 900 2708 Vetera
925 2654 994 2707 ad
1018 2668 1219 2725 prauam
1236 2696 1252 2723 ,
1282 2668 1413 2711 nova
1437 2658 1687 2727 pertinent
1707 2658 1775 2711 ad
1804 2656 1916 2727 glo-

331 2742 487 2797 riam.
519 2742 799 2799 Vetustum
828 2745 969 2800 enim
1001 2753 1115 2800 erat
1145 2744 1346 2801 homini
1380 2756 1499 2815 post
1528 2756 1801 2815 peccatum
1836 2750 1917 2808 ire

331 2833 400 2887 ad
430 2848 659 2902 pennam,
684 2834 770 2891 cui
782 2834 979 2905 aliquid
1001 2848 1192 2892 novum
1216 2851 1309 2906 per
1327 2836 1697 2913 Redemptoris
1710 2841 1914 2898 adven-

332 2932 445 2981 tum
475 2927 726 2998 contigit,
755 2929 968 2999 quando
996 2929 1131 2985 bene
1150 2931 1495 3000 operantibus
1520 2932 1686 3002 gloria
1715 2943 1797 2990 est
1825 2950 1914 2991 re-

332 3017 617 3087 promissa.
646 3019 779 3075 Cum
809 3035 940 3091 ergo
981 3021 1241 3079 Dominus
1283 3022 1574 3093 discipulos
1606 3024 1945 3097 'collaudat,'

330 3107 518 3163 dicens
547 3125 560 3162 :
595 3107 777 3164 Omnis
803 3112 971 3166 scriba
997 3112 1178 3168 doctus
1204 3114 1259 3169 in
1284 3129 1445 3183 regno
1472 3116 1711 3171 caelorum
1730 3159 1744 3185 ,
1774 3117 1917 3171 simi-

334 3201 397 3255 lis
425 3208 499 3255 est
543 3200 740 3257 homini
784 3203 1178 3273 patrifamilias,
1207 3206 1299 3276 qui
1325 3209 1518 3277 profert
1567 3208 1631 3262 de
1677 3209 1916 3264 thesauro

332 3307 428 3347 suo
455 3307 589 3348 noua
616 3303 665 3347 et
691 3302 878 3361 cetera,
909 3296 1141 3351 ostendit
1171 3296 1314 3353 hunc
1338 3298 1579 3355 ordinem
1610 3299 1917 3357 doctoribus

334 3382 390 3437 in
422 3385 807 3453 praedicatione
836 3387 1156 3443 servandum
1176 3429 1191 3455 ,
1223 3396 1284 3444 nt
1311 3398 1489 3447 vetera
1534 3390 1805 3461 proferant
1845 3396 1914 3451 de

335 3480 547 3558 terrore
589 3476 872 3547 supplicii,
917 3487 973 3535 et
1014 3495 1153 3537 nova
1194 3481 1265 3539 de
1304 3483 1656 3553 promissione
1683 3486 1911 3554 praemii.

337 3565 495 3633 Quod
523 3576 580 3624 et
606 3569 659 3624 in
688 3569 846 3641 hujus
872 3570 1117 3629 lectionis
1144 3575 1283 3630 serie
1307 3589 1406 3630 suo
1446 3577 1691 3646 exemplo
1733 3577 1916 3634 Domi-

333 3673 437 3715 nus
466 3660 745 3729 ostendit,
780 3677 901 3717 cum
932 3664 984 3718 in
1015 3666 1282 3733 prioribus
1310 3668 1741 3723 similitudinibus
1781 3669 1917 3725 inci-

333 3752 465 3806 tavit
512 3751 581 3805 ad
626 3754 939 3819 praemium,
985 3764 1039 3808 et
1076 3754 1131 3808 in
1174 3757 1518 3824 sequentibus
1559 3757 1915 3814 comminatur

333 3842 656 3913 supplicium
678 3883 694 3909 ,
725 3844 1046 3912 ostendens,
1078 3853 1137 3899 ut
1178 3845 1381 3901 dictum
1427 3855 1541 3911 est,
1573 3846 1913 3916 doctoribus,

332 3933 458 4003 quia
498 3932 577 3988 sic
614 3934 750 3989 bene
789 3934 1141 4005 operantibus
1185 3936 1383 3992 debent
1416 3937 1748 4007 .promittere
1795 3939 1913 4011 glo-

333 4024 501 4089 riam,
551 4031 608 4078 ut
651 4037 757 4079 non
802 4034 1015 4081 cessent
1054 4026 1397 4096 peccantibus
1435 4029 1749 4084 comminari
1804 4044 1916 4100 poe-

333 4128 481 4170 nam.
525 4115 680 4182 Quod
720 4116 879 4173 etiam
910 4118 961 4172 in
993 4118 1111 4189 lege
1158 4122 1382 4189 figurate
1409 4120 1673 4188 ostendit,
1705 4123 1916 4192 quando

334 4221 431 4277 per
457 4208 676 4281 Moysen
718 4209 822 4265 tale
860 4221 1183 4282 praeceptum
1213 4213 1361 4269 dedit
1403 4214 1587 4271 dicens
1617 4233 1633 4271 :
1665 4215 1786 4271 Non
1827 4232 1915 4272 ac-

331 4303 488 4375 cipies
518 4307 630 4361 loco
659 4307 889 4379 pignoris
928 4310 1241 4379 superiorem
1268 4318 1316 4365 et
1346 4312 1643 4381 inferiorem
1686 4313 1874 4367 molam
1894 4356 1910 4384 ,

334 4396 456 4466 quia
483 4402 725 4471 apposuit
752 4400 842 4456 tibi
871 4403 1096 4457 animam
1124 4418 1270 4458 suam
1301 4404 1495 4475 (Deut.
1523 4404 1705 4477 xxiv).
1740 4406 1913 4476 Supe-

334 4487 449 4546 rior
484 4492 628 4549 enim
666 4500 724 4550 et
759 4492 985 4551 inferior
1014 4494 1187 4562 mola,
1221 4510 1346 4568 spes
1373 4507 1428 4553 et
1456 4497 1614 4553 timor
1639 4500 1913 4568 accipitur.

2000 824 2151 879 spem
2195 824 2300 864 non
2344 809 2793 879 repromittimus,
2836 810 3047 865 veniam
3088 824 3371 881 negamus,
3400 825 3564 881 supe-

2003 902 2203 957 riorem
2232 901 2425 957 molam
2456 902 2710 958 tollimus.
2749 901 2805 957 Si
2832 910 3007 958 autem
3050 904 3316 971 peccatori
3359 902 3565 958 securi-

1966 1040 1969 1041 ν
2002 1001 2161 1049 tatem
2192 992 2410 1056 damus,
2442 993 2744 1057 inferiorem
2794 982 3169 1049 abstrahi'mus.
3210 993 3315 1049 Sed
3359 1003 3565 1048 utrum‘

2002 1098 2107 1154 que
2135 1084 2529 1140 observandum
2575 1092 2691 1151 est,
2725 1093 2781 1140 ut
2823 1084 2899 1139 sic
2942 1085 3315 1154 pmnitentibus
3349 1084 3569 1154 promit-

2002 1183 2176 1231 tamus
2205 1176 2415 1231 veniam
2438 1217 2454 1245 ,
2486 1184 2747 1246 quatenus
2774 1177 2827 1231 in
2856 1184 3073 1246 peccato
3101 1176 3570 1245 perseverantibus

2003 1267 2398 1325 comminemur
2422 1282 2633 1338 poenam
2661 1276 2719 1322 ut
2744 1282 2879 1339 quos
2905 1282 3008 1322 non
3037 1276 3326 1337 provocant
3346 1267 3410 1322 ad
3434 1268 3572 1324 bene

2004 1360 2268 1431 agendum
2298 1361 2516 1431 praemia
2562 1360 2856 1430 promissa,
2888 1360 3075 1417 saltem
3105 1359 3411 1417 denuntiata
3458 1368 3565 1415 ter-

2005 1457 2161 1507 reant
2187 1450 2468 1521 supplicia.
2493 1449 2572 1505 Tu
2600 1458 2801 1505 autem.

2537 1557 2815 1616 llOMlLIA
2861 1558 3046 1615 XCIV.

2498 1667 2627 1708 ITEM
2666 1668 2732 1707 DE
2776 1665 3087 1708 VIRGINIBUS.

2363 1742 2486 1813 (Ex
2525 1744 2659 1813 Opp.
2701 1742 2843 1799 beati
2881 1740 3225 1813 Augustini.)

2080 1850 2147 1907 In
2168 1851 2260 1906 illo
2288 1861 2510 1923 tempore
2530 1853 2660 1908 dixit
2677 1851 2826 1909 Jesus
2853 1853 3117 1924 discipulis
3140 1851 3247 1906 suis
3276 1850 3580 1923 parabolam

1936 1978 1984 2039 Β
2010 1938 2144 1996 hanc
2168 1958 2188 1996 :
2217 1941 2398 1997 Simile
2424 1951 2495 2029 est
2528 1959 2740 2014 regnum
2778 1944 3017 1998 caelorum
3058 1943 3228 1997 decem
3266 1941 3538 2015 uirginibus
3561 1981 3577 2008 ,

2011 2051 2125 2106 qua:
2186 2026 2490 2103 accipientes
2554 2038 2814 2107 lampades
2879 2052 3038 2104 suas,
3095 2037 3327 2092 exierunt
3387 2035 3583 2090 obviam

2011 2144 2199 2201 sponso
2229 2139 2275 2185 et
2305 2144 2524 2200 sponsa.
2556 2129 2672 2186 Etc.
2709 2129 2918 2200 (Matth.
2949 2130 3100 2201 xxv).

2085 2224 2216 2291 Quae
2258 2223 2368 2279 sint
2405 2223 2589 2280 decem
2618 2224 2851 2293 virgines
2878 2224 3066 2291 dictae,
3095 2231 3201 2279 etc.
3234 2221 3449 2291 Reliqua
3477 2217 3584 2275 vids

2013 2312 2151 2383 apud
2182 2312 2381 2367 beatum
2410 2312 2754 2385 Augustinum
2773 2354 2789 2379 ,
2820 2314 3046 2384 Operam
3073 2317 3183 2385 ejus
3211 2321 3344 2367 tomo
3378 2309 3444 2378 V,
3474 2307 3585 2363 Pa-

2016 2405 2243 2477 trologiat
2271 2403 2427 2460 XXX
2441 2404 2515 2460 γι
2525 2404 2582 2460 ιι
2594 2444 2610 2473 ,
2640 2406 2741 2460 col.
2777 2405 2901 2459 573.

2563 2517 2843 2576 HOMILIA
2881 2516 3042 2575 XCV.

2511 2624 2637 2665 "EI!
2680 2625 2747 2664 DE
2786 2621 3105 2665 VIRGINIBUS.

2303 2719 2324 2794 (
2352 2719 2428 2776 Ex
2458 2719 2594 2790 Opp.
2648 2719 2787 2776 beati
2816 2718 3059 2789 Gregorii
3092 2732 3258 2786 papae.
3288 2714 3307 2786 )

2088 2810 2158 2869 In
2190 2813 2283 2869 illo
2308 2821 2531 2883 tempore
2550 2814 2678 2868 dixit
2703 2811 2851 2867 Jesas
2875 2813 3139 2884 discipulis
3164 2811 3269 2865 suis
3294 2807 3589 2880 parabolant

2018 2906 2150 2959 hanc
2178 2921 2195 2959 :
2229 2903 2412 2961 Simile
2437 2913 2510 2958 est
2540 2921 2755 2975 regnum
2797 2904 3034 2958 cteloram
3076 2904 3244 2957 decem
3276 2901 3554 2971 virginibus
3573 2938 3588 2966 ,

2018 3014 2129 3069 qua:
2154 2997 2454 3066 accipientes
2480 2998 2739 3067 lampades
2762 3014 2902 3063 suos,
2928 2998 3156 3053 exierant
3187 2993 3377 3049 obviam
3404 3006 3589 3062 sponso

2020 3099 2067 3146 et
2091 3106 2307 3159 sponsae.
2345 3089 2455 3143 Elc.
2486 3087 2700 3158 (Matth.
2734 3089 2883 3159 xxv).

2094 3183 2249 3250 Saepe
2276 3196 2400 3243 vos,
2435 3178 2626 3236 fratres
2664 3180 2994 3247 charissimi,
3028 3179 3319 3241 admoneo,
3349 3183 3455 3231 etc.
3492 3172 3591 3227 Re-

2020 3274 2160 3343 liqua
2185 3272 2297 3325 vide
2316 3270 2536 3339 Operum
2560 3274 2723 3326 sancti
2748 3268 2981 3341 Gregorii
3002 3280 3137 3324 tomo
3162 3264 3185 3321 Ι
3196 3266 3246 3335 1,
3279 3262 3587 3334 Patrologia:

1945 3334 1990 3400 C
2024 3334 2283 3432 LXXVI,
2311 3334 2407 3417 col.
2451 3361 2609 3418 “18.

2566 3472 2843 3528 llOMlLlA
2874 3471 3051 3528 XCVI.

2520 3579 2649 3619 ΙΤΕΜ
2689 3581 2754 3619 DE
2794 3575 3108 3619 VIRGINIBUS.

2026 3655 2150 3727 (Ex
2179 3656 2355 3727 Opere
2385 3656 2700 3725 imperfecto
2730 3654 2781 3708 in
2813 3653 3111 3707 Matthmum
3130 3693 3144 3717 ,
3174 3649 3311 3720 apud
3354 3654 3591 3704 sanctum

2350 3745 2790 3816 Chrysostomum
2811 3783 2828 3809 ,
2860 3742 3001 3796 inter
3030 3738 3275 3810 spuria.)

2097 3858 2242 3913 Tunc
2280 3856 2449 3911 simile
2475 3864 2551 3910 est
2579 3870 2791 3926 regnum
2820 3855 3062 3909 calorum
3092 3853 3261 3908 decem
3290 3850 3592 3922 uirginibus.

2021 3946 2139 4004 Etc.
2174 3945 2389 4019 (Matth.
2417 3945 2571 4017 xxv).

2094 4039 2397 4096 Notandum
2446 4038 2589 4108 quod
2638 4037 2872 4106 priorem
2912 4032 3129 4106 quidem
3175 4032 3480 4101 parabolam
3526 4030 3595 4086 do

2023 4131 2330 4189 doctoribus
2356 4131 2517 4199 dicit,
2550 4132 2685 4186 hanc
2711 4137 2887 4184 autem
2914 4127 2980 4182 de
3009 4124 3347 4196 popularibus
3374 4143 3385 4177 :
3419 4134 3595 4179 tamen

2022 4226 2123 4302 etsi
2161 4223 2495 4292 spiritualem
2526 4222 2855 4279 intellectum
2900 4217 3095 4274 habeat
3133 4215 3420 4288 parabola,
3463 4215 3595 4271 nihil

2024 4325 2187 4373 nocet
2214 4331 2331 4372 eam
2372 4314 2713 4387 interpretari
2751 4312 2911 4369 etiam
2950 4309 3255 4366 carnaliter.
3300 4305 3413 4363 Etc.
3451 4307 3593 4362 Reli-

2021 4426 2127 4483 qua
2150 4410 2261 4466 vide
2285 4409 2510 4481 Operam
2535 4406 2700 4464 sancti
2718 4402 3069 4477 Chrysostomi
3094 4402 3149 4457 in
3166 4400 3389 4459 editione
3417 4408 3593 4456 nostra

2022 4511 2163 4560 tomo
2205 4500 2300 4573 VI,
2333 4501 2436 4561 col.
2465 4499 2591 4559 929.

1642 4624 1884 4667 EXPLICIT
1919 4626 2282 4671 HOIILIARIUS.

340 4720 3583 4757 MM

623 4840 1035 4959 PAULI
1126 4843 1823 4962 WINFRIDI
1915 4851 2507 4974 DIACONI
2592 4849 3284 5035 HOMILUE.

853 5061 1131 5122 HOMILIA
1170 5067 1400 5126 PRIMA.

547 5176 599 5216 IN
630 5172 987 5215 ASSUMPTIONE
1017 5173 1204 5213 BEAT£
1235 5177 1413 5217 ὶεΑΒΙᾹί
1448 5178 1698 5219 νιηοικιθ.

572 5249 674 5322 (Ex
704 5248 923 5303 Marten.
948 5247 1113 5316 ampl.
1143 5248 1361 5305 Collect.
1396 5260 1527 5308 tom.
1556 5253 1673 5324 IX.)

405 5365 553 5421 Licet
582 5362 819 5418 omnium
847 5370 1186 5430 sanctorum,
1229 5362 1421 5419 fratres
1449 5362 1782 5431 cltarissinti,
1818 5380 1913 5421 ve-

338 5459 576 5516 neranda
606 5456 806 5512 nostris
833 5456 942 5510 sint
971 5454 1164 5510 studiis
1190 5457 1404 5525 merita,
1432 5458 1699 5528 praecipue
1728 5466 1904 5512 tamen

334 5548 580 5619 gloriosa:
612 5558 929 5615 semperque
956 5542 1175 5613 virginis
1191 5543 1283 5598 Dei
1303 5545 1573 5613 genitricis
1588 5546 1770 5601 Maria:
1795 5554 1908 5601 toto

334 5638 491 5695 nobis
520 5635 711 5692 allecttt
740 5646 826 5693 est
863 5635 1167 5691 veneranda
1207 5633 1489 5691 festivitas.
1536 5635 1911 5710 Unusquisque

333 5730 476 5786 enim
499 5737 802 5783 sanctorum
826 5726 1152 5796 specialibus
1170 5726 1469 5797 quibusque
1490 5727 1618 5784 locis
1640 5731 1912 5786 variorum

334 5823 588 5895 suffragia
615 5823 862 5878 contulit.
895 5821 1023 5877 Haec
1053 5835 1184 5876 vero
1213 5819 1516 5876 beatissima
1545 5828 1600 5876 et
1625 5821 1913 5891 singularis

335 5916 518 5984 gloria:
549 5917 698 5984 virgo
726 5923 781 5971 et
806 5924 978 5969 mater
1020 5914 1270 5969 universo
1311 5912 1511 5968 mundo
1556 5915 1757 5981 peccati
1798 5914 1917 5968 labe

339 6005 518 6061 tabido
542 6004 873 6075 generaliter
897 6002 1117 6069 invexit.
1150 6002 1256 6063 Sed
1284 6002 1351 6060 ad
1379 6010 1537 6062 tanta:
1562 6002 1920 6073 promerenda

1940 5090 1995 5150 ι)
2023 5082 2193 5140 laudis
2219 5083 2481 5152 praconia
2507 5078 2718 5151 quando
2744 5087 2901 5134 tenue
2927 5075 3195 5147 ingenium
3223 5082 3276 5129 et
3300 5087 3458 5129 arens
3483 5073 3595 5129 suf-

2022 5174 2163 5230 ticiat
2194 5175 2392 5243 lingua,
2425 5188 2547 5227 cum
2576 5170 2642 5224 ad
2676 5172 2777 5223 hoc
2806 5184 2911 5223 non
2944 5166 3114 5238 possit
3141 5165 3387 5222 sufﬁcere
3415 5165 3593 5235 philo-

2025 5267 2319 5335 sophorum
2348 5265 2506 5320 etiam
2540 5260 2749 5331 profusa
2794 5258 3125 5330 loquacitas?
3164 5256 3272 5313 Nec
3314 5258 3504 5318 mirum
3547 5258 3594 5312 si
3650 5306 3657 5321 ,

2020 5358 2136 5412 haec
2170 5356 2324 5426 Virgo
2364 5353 2698 5410 sanctissima
2726 5353 2839 5409 suis
2869 5353 2923 5407 in
2953 5351 3194 5407 laudibus
3224 5352 3469 5406 humanae
3499 5365 3592 5406 νο·
3644 5336 3651 5353 ’

2022 5452 2100 5506 cis
2146 5449 2331 5504 modos
2374 5454 2686 5514 exsuperat,
2720 5444 2932 5514 quando
2960 5444 3129 5515 ipsam
3172 5444 3330 5499 etiam
3373 5444 3589 5499 humani

2019 5543 2230 5615 generis
2271 5542 2654 5598 excellentibus
2700 5540 2902 5596 meritis
2947 5540 3273 5594 transcendit
3318 5548 3585 5594 naturam.

2023 5632 2129 5689 Sed
2172 5648 2272 5689 non
2316 5633 2534 5687 omnino
2573 5630 2640 5685 ab
2682 5630 2798 5701 ejus
2846 5630 2998 5685 nobis
3037 5636 3122 5685 est
3168 5628 3323 5683 laude
3362 5630 3591 5684 reticen-

2023 5725 2147 5779 dum
2170 5767 2184 5791 ,
2217 5726 2337 5795 quia
2367 5724 2469 5779 etsi
2511 5723 2686 5777 minus
2712 5722 2909 5777 sulﬁcit
2947 5735 3133 5777 sensus
3164 5721 3339 5789 inepia
3369 5721 3434 5775 ad
3466 5720 3596 5777 effe-

2021 5824 2164 5872 ctum
2188 5860 2203 5883 ,
2233 5813 2505 5870 sufﬁciens
2536 5821 2710 5867 tamen
2739 5812 2878 5882 apud
2910 5810 3075 5867 Deum
3107 5818 3191 5866 est
3217 5809 3422 5866 devota:
3453 5826 3597 5867 men-

2027 5909 2093 5963 tis
2122 5905 2379 5970 effectus;
2408 5917 2505 5958 nec
2532 5903 2903 5972 ambigendum
2928 5903 3056 5972 quin
3086 5902 3258 5957 valeat
3286 5903 3399 5956 haec
3439 5903 3506 5956 de
3535 5918 3595 5957 se

2026 5997 2276 6072 loquendi
2313 5997 2588 6070 sapientia:
2625 5996 2866 6068 prmbcre
2902 5996 3223 6069 igniculum,
3265 6010 3384 6070 quae
3430 5996 3596 6053 totius
