  <div class='ocr_page' id='page_1' title='image "/cluster/home/n/w/nwhite01/storage/ocr_20150623/95/hvd.32044010719722/813.png"; bbox 0 0 4096 6346; ppageno 0'>
   <div class='ocr_carea' id='block_1_1' title="bbox 561 390 699 453">
    <p class='ocr_par' dir='ltr' id='par_1_1' title="bbox 561 390 699 453">
     <span class='ocr_line' id='line_1_1' title="bbox 561 390 699 453; baseline -0.022 0"><span class='ocrx_word' id='word_1_1' title='bbox 561 390 699 453; x_wconf 76' lang='grc'><strong>1567</strong></span> 
     </span>
    </p>
   </div>
   <div class='ocr_carea' id='block_1_2' title="bbox 1407 388 2924 478">
    <p class='ocr_par' dir='ltr' id='par_1_2' title="bbox 1407 388 2924 478">
     <span class='ocr_line' id='line_1_2' title="bbox 1407 388 2924 478; baseline 0.002 -28"><span class='ocrx_word' id='word_1_2' title='bbox 1407 389 1606 450; x_wconf 79' lang='lat' dir='ltr'><strong>PAULI</strong></span> <span class='ocrx_word' id='word_1_3' title='bbox 1642 388 1912 451; x_wconf 73' lang='lat' dir='ltr'><strong>DIACON!</strong></span> <span class='ocrx_word' id='word_1_4' title='bbox 1949 391 2100 450; x_wconf 87' lang='lat' dir='ltr'><strong>OPP.</strong></span> <span class='ocrx_word' id='word_1_5' title='bbox 2141 391 2316 451; x_wconf 80' lang='lat' dir='ltr'><strong>PARS</strong></span> <span class='ocrx_word' id='word_1_6' title='bbox 2358 392 2422 451; x_wconf 84' lang='lat' dir='ltr'><strong>ll.</strong></span> <span class='ocrx_word' id='word_1_7' title='bbox 2464 420 2533 478; x_wconf 66' lang='grc' dir='ltr'><strong>ςυ-</strong></span> <span class='ocrx_word' id='word_1_8' title='bbox 2568 393 2924 453; x_wconf 79' lang='lat' dir='ltr'><strong>ASCETICA.</strong></span> 
     </span>
    </p>
   </div>
   <div class='ocr_carea' id='block_1_3' title="bbox 3648 410 3795 469">
    <p class='ocr_par' dir='ltr' id='par_1_3' title="bbox 3648 410 3795 469">
     <span class='ocr_line' id='line_1_3' title="bbox 3648 410 3795 469; baseline 0.027 -4"><span class='ocrx_word' id='word_1_9' title='bbox 3648 410 3795 469; x_wconf 78' lang='grc'><strong>1568</strong></span> 
     </span>
    </p>
   </div>
   <div class='ocr_carea' id='block_1_4' title="bbox 556 491 3794 588">
    <p class='ocr_par' dir='ltr' id='par_1_4' title="bbox 556 491 3794 588">
     <span class='ocr_line' id='line_1_4' title="bbox 556 491 3794 588; baseline 0.007 -28"><span class='ocrx_word' id='word_1_10' title='bbox 556 491 831 580; x_wconf 69' lang='lat' dir='ltr'><strong>sapientiae</strong></span> <span class='ocrx_word' id='word_1_11' title='bbox 855 504 1237 578; x_wconf 88' lang='lat' dir='ltr'><strong>plenitudinem</strong></span> <span class='ocrx_word' id='word_1_12' title='bbox 1260 506 1558 563; x_wconf 83' lang='lat' dir='ltr'><strong>castissima</strong></span> <span class='ocrx_word' id='word_1_13' title='bbox 1585 510 1811 579; x_wconf 90' lang='lat' dir='ltr'><strong>portavit</strong></span> <span class='ocrx_word' id='word_1_14' title='bbox 1839 510 1891 564; x_wconf 91' lang='lat' dir='ltr'><strong>in</strong></span> <span class='ocrx_word' id='word_1_15' title='bbox 1922 517 2071 565; x_wconf 90' lang='lat' dir='ltr'><strong>utero</strong></span> <span class='ocrx_word' id='word_1_16' title='bbox 2096 526 2110 576; x_wconf 92' lang='lat'><strong>;</strong></span> <span class='ocrx_word' id='word_1_17' title='bbox 2139 508 2193 568; x_wconf 79' lang='grc' dir='ltr'><strong>Δ</strong></span> <span class='ocrx_word' id='word_1_18' title='bbox 2216 507 2309 565; x_wconf 91' lang='lat' dir='ltr'><strong>sed</strong></span> <span class='ocrx_word' id='word_1_19' title='bbox 2338 507 2393 563; x_wconf 91' lang='lat' dir='ltr'><strong>in</strong></span> <span class='ocrx_word' id='word_1_20' title='bbox 2422 509 2751 567; x_wconf 82' lang='lat' dir='ltr'><strong>convallibus</strong></span> <span class='ocrx_word' id='word_1_21' title='bbox 2777 511 3052 569; x_wconf 89' lang='lat' dir='ltr'><strong>nascitur:</strong></span> <span class='ocrx_word' id='word_1_22' title='bbox 3082 514 3206 584; x_wconf 83' lang='lat' dir='ltr'><strong>quia</strong></span> <span class='ocrx_word' id='word_1_23' title='bbox 3236 519 3504 588; x_wconf 86' lang='lat' dir='ltr'><strong>superbos</strong></span> <span class='ocrx_word' id='word_1_24' title='bbox 3544 521 3794 584; x_wconf 75' lang='lat' dir='ltr'><strong>Christus</strong></span> 
     </span>
    </p>
   </div>
   <div class='ocr_carea' id='block_1_5' title="bbox 556 600 2118 675">
    <p class='ocr_par' dir='ltr' id='par_1_5' title="bbox 556 600 2118 675">
     <span class='ocr_line' id='line_1_5' title="bbox 556 600 2118 675; baseline 0.003 -18"><span class='ocrx_word' id='word_1_25' title='bbox 556 602 807 670; x_wconf 85' lang='lat' dir='ltr'><strong>valetque</strong></span> <span class='ocrx_word' id='word_1_26' title='bbox 848 613 969 655; x_wconf 90' lang='lat' dir='ltr'><strong>cum</strong></span> <span class='ocrx_word' id='word_1_27' title='bbox 1012 600 1129 655; x_wconf 83' lang='lat' dir='ltr'><strong>vult</strong></span> <span class='ocrx_word' id='word_1_28' title='bbox 1165 600 1456 656; x_wconf 88' lang='lat' dir='ltr'><strong>efficaciam</strong></span> <span class='ocrx_word' id='word_1_29' title='bbox 1493 603 1642 657; x_wconf 88' lang='lat' dir='ltr'><strong>verbi</strong></span> <span class='ocrx_word' id='word_1_30' title='bbox 1687 603 1955 672; x_wconf 89' lang='lat' dir='ltr'><strong>tribuere;</strong></span> <span class='ocrx_word' id='word_1_31' title='bbox 2000 621 2118 675; x_wconf 75' lang='lat' dir='ltr'><strong>qua:</strong></span> 
     </span>
    </p>
   </div>
   <div class='ocr_carea' id='block_1_6' title="bbox 556 694 2119 770">
    <p class='ocr_par' dir='ltr' id='par_1_6' title="bbox 556 694 2119 770">
     <span class='ocr_line' id='line_1_6' title="bbox 556 694 2119 770; baseline 0.005 -21"><span class='ocrx_word' id='word_1_32' title='bbox 556 694 791 750; x_wconf 78' lang='lat' dir='ltr'><strong>Verbum</strong></span> <span class='ocrx_word' id='word_1_33' title='bbox 812 736 828 763; x_wconf 97' lang='lat'><strong>,</strong></span> <span class='ocrx_word' id='word_1_34' title='bbox 868 710 964 766; x_wconf 89' lang='lat' dir='ltr'><strong>per</strong></span> <span class='ocrx_word' id='word_1_35' title='bbox 990 696 1134 767; x_wconf 91' lang='lat' dir='ltr'><strong>quod</strong></span> <span class='ocrx_word' id='word_1_36' title='bbox 1164 697 1298 752; x_wconf 90' lang='lat' dir='ltr'><strong>facta</strong></span> <span class='ocrx_word' id='word_1_37' title='bbox 1330 708 1454 754; x_wconf 90' lang='lat' dir='ltr'><strong>sunt</strong></span> <span class='ocrx_word' id='word_1_38' title='bbox 1483 700 1659 754; x_wconf 84' lang='lat' dir='ltr'><strong>omnia</strong></span> <span class='ocrx_word' id='word_1_39' title='bbox 1683 741 1697 767; x_wconf 89' lang='lat'><strong>,</strong></span> <span class='ocrx_word' id='word_1_40' title='bbox 1730 700 1984 770; x_wconf 81' lang='lat' dir='ltr'><strong>virgineis</strong></span> <span class='ocrx_word' id='word_1_41' title='bbox 2014 701 2119 757; x_wconf 90' lang='lat' dir='ltr'><strong>vis-</strong></span> 
     </span>
    </p>
   </div>
   <div class='ocr_carea' id='block_1_7' title="bbox 2223 596 3791 674">
    <p class='ocr_par' dir='ltr' id='par_1_7' title="bbox 2223 596 3791 674">
     <span class='ocr_line' id='line_1_7' title="bbox 2223 596 3791 674; baseline 0.013 -22"><span class='ocrx_word' id='word_1_42' title='bbox 2223 596 2480 654; x_wconf 89' lang='lat' dir='ltr'><strong>Dominus</strong></span> <span class='ocrx_word' id='word_1_43' title='bbox 2506 600 2791 668; x_wconf 86' lang='lat' dir='ltr'><strong>deserens,</strong></span> <span class='ocrx_word' id='word_1_44' title='bbox 2822 602 2875 657; x_wconf 92' lang='lat' dir='ltr'><strong>in</strong></span> <span class='ocrx_word' id='word_1_45' title='bbox 2907 603 3185 662; x_wconf 87' lang='lat' dir='ltr'><strong>humilium</strong></span> <span class='ocrx_word' id='word_1_46' title='bbox 3216 611 3468 666; x_wconf 88' lang='lat' dir='ltr'><strong>cordibus</strong></span> <span class='ocrx_word' id='word_1_47' title='bbox 3498 613 3791 674; x_wconf 86' lang='lat' dir='ltr'><strong>invenitur.</strong></span> 
     </span>
    </p>
   </div>
   <div class='ocr_carea' id='block_1_8' title="bbox 2219 689 3791 782">
    <p class='ocr_par' dir='ltr' id='par_1_8' title="bbox 2219 689 3791 782">
     <span class='ocr_line' id='line_1_8' title="bbox 2219 689 3791 782; baseline 0.013 -38"><span class='ocrx_word' id='word_1_48' title='bbox 2219 689 2399 746; x_wconf 87' lang='lat' dir='ltr'><strong>Potest</strong></span> <span class='ocrx_word' id='word_1_49' title='bbox 2426 693 2586 747; x_wconf 90' lang='lat' dir='ltr'><strong>etiam</strong></span> <span class='ocrx_word' id='word_1_50' title='bbox 2616 693 2713 749; x_wconf 88' lang='lat' dir='ltr'><strong>lilii</strong></span> <span class='ocrx_word' id='word_1_51' title='bbox 2746 697 2963 751; x_wconf 87' lang='lat' dir='ltr'><strong>nomine</strong></span> <span class='ocrx_word' id='word_1_52' title='bbox 2992 707 3173 754; x_wconf 89' lang='lat' dir='ltr'><strong>sancta</strong></span> <span class='ocrx_word' id='word_1_53' title='bbox 3202 700 3318 757; x_wconf 72' lang='lat' dir='ltr'><strong>haec</strong></span> <span class='ocrx_word' id='word_1_54' title='bbox 3343 713 3514 759; x_wconf 84' lang='lat' dir='ltr'><strong>mater</strong></span> <span class='ocrx_word' id='word_1_55' title='bbox 3543 707 3791 782; x_wconf 83' lang='lat' dir='ltr'><strong>Domini,</strong></span> 
     </span>
    </p>
   </div>
   <div class='ocr_carea' id='block_1_9' title="bbox 551 787 3795 863">
    <p class='ocr_par' dir='ltr' id='par_1_9' title="bbox 551 787 3795 863">
     <span class='ocr_line' id='line_1_9' title="bbox 551 787 3795 863; baseline 0.005 -21"><span class='ocrx_word' id='word_1_56' title='bbox 551 787 764 844; x_wconf 87' lang='lat' dir='ltr'><strong>ceribus</strong></span> <span class='ocrx_word' id='word_1_57' title='bbox 790 798 1125 859; x_wconf 90' lang='lat' dir='ltr'><strong>corporatum</strong></span> <span class='ocrx_word' id='word_1_58' title='bbox 1151 792 1396 861; x_wconf 73' lang='lat' dir='ltr'><strong>gestavit.</strong></span> <span class='ocrx_word' id='word_1_59' title='bbox 1424 792 1531 849; x_wconf 88' lang='lat' dir='ltr'><strong>Sed</strong></span> <span class='ocrx_word' id='word_1_60' title='bbox 1556 792 1679 863; x_wconf 91' lang='lat' dir='ltr'><strong>quid</strong></span> <span class='ocrx_word' id='word_1_61' title='bbox 1709 794 1964 863; x_wconf 90' lang='lat' dir='ltr'><strong>primum,</strong></span> <span class='ocrx_word' id='word_1_62' title='bbox 1994 795 2120 851; x_wconf 87' lang='lat' dir='ltr'><strong>cha-</strong></span> <span class='ocrx_word' id='word_1_63' title='bbox 2219 791 2393 852; x_wconf 74' lang='grc' dir='ltr'><strong>Ροιθδῑ</strong></span> <span class='ocrx_word' id='word_1_64' title='bbox 2419 798 2629 855; x_wconf 70' lang='lat' dir='ltr'><strong>quoque</strong></span> <span class='ocrx_word' id='word_1_65' title='bbox 2656 788 2804 857; x_wconf 57' lang='lat'><strong>“’80</strong></span> <span class='ocrx_word' id='word_1_66' title='bbox 2834 787 3033 858; x_wconf 79' lang='lat' dir='ltr'><strong>sisnari</strong></span> <span class='ocrx_word' id='word_1_67' title='bbox 3058 804 3073 855; x_wconf 74' lang='grc' dir='ltr'><strong><em>ἱ</em></strong></span> <span class='ocrx_word' id='word_1_68' title='bbox 3104 791 3244 846; x_wconf 76' lang='lat' dir='ltr'><strong>unde</strong></span> <span class='ocrx_word' id='word_1_69' title='bbox 3273 800 3330 847; x_wconf 64' lang='lat' dir='ltr'><strong>ei</strong></span> <span class='ocrx_word' id='word_1_70' title='bbox 3356 794 3406 848; x_wconf 78' lang='lat' dir='ltr'><strong>ill</strong></span> <span class='ocrx_word' id='word_1_71' title='bbox 3433 796 3621 853; x_wconf 72' lang='lat' dir='ltr'><strong>eodem</strong></span> <span class='ocrx_word' id='word_1_72' title='bbox 3650 799 3795 856; x_wconf 87' lang='lat' dir='ltr'><strong>Can-</strong></span> 
     </span>
    </p>
   </div>
   <div class='ocr_carea' id='block_1_10' title="bbox 550 878 2117 951">
    <p class='ocr_par' dir='ltr' id='par_1_10' title="bbox 550 878 2117 951">
     <span class='ocr_line' id='line_1_10' title="bbox 550 878 2117 951; baseline 0.009 -20"><span class='ocrx_word' id='word_1_73' title='bbox 550 878 783 946; x_wconf 89' lang='lat' dir='ltr'><strong>rissimi,</strong></span> <span class='ocrx_word' id='word_1_74' title='bbox 816 880 1006 951; x_wconf 86' lang='lat' dir='ltr'><strong>quidve</strong></span> <span class='ocrx_word' id='word_1_75' title='bbox 1031 881 1365 951; x_wconf 88' lang='lat' dir='ltr'><strong>potissimum</strong></span> <span class='ocrx_word' id='word_1_76' title='bbox 1397 884 1463 940; x_wconf 90' lang='lat' dir='ltr'><strong>de</strong></span> <span class='ocrx_word' id='word_1_77' title='bbox 1493 885 1654 942; x_wconf 90' lang='lat' dir='ltr'><strong>tantis</strong></span> <span class='ocrx_word' id='word_1_78' title='bbox 1694 887 1845 943; x_wconf 89' lang='lat' dir='ltr'><strong>nobis</strong></span> <span class='ocrx_word' id='word_1_79' title='bbox 1885 897 1968 944; x_wconf 91' lang='lat' dir='ltr'><strong>est</strong></span> <span class='ocrx_word' id='word_1_80' title='bbox 2006 890 2117 945; x_wconf 86' lang='lat' dir='ltr'><strong>vir-</strong></span> 
     </span>
    </p>
   </div>
   <div class='ocr_carea' id='block_1_11' title="bbox 552 970 2115 1046">
    <p class='ocr_par' dir='ltr' id='par_1_11' title="bbox 552 970 2115 1046">
     <span class='ocr_line' id='line_1_11' title="bbox 552 970 2115 1046; baseline 0.01 -24"><span class='ocrx_word' id='word_1_81' title='bbox 552 970 750 1024; x_wconf 91' lang='lat' dir='ltr'><strong>tutibus</strong></span> <span class='ocrx_word' id='word_1_82' title='bbox 780 970 1172 1042; x_wconf 89' lang='lat' dir='ltr'><strong>deeerpendum</strong></span> <span class='ocrx_word' id='word_1_83' title='bbox 1196 975 1218 1029; x_wconf 86' lang='lat'><strong>?</strong></span> <span class='ocrx_word' id='word_1_84' title='bbox 1245 975 1669 1046; x_wconf 88' lang='lat' dir='ltr'><strong>quandoquidem</strong></span> <span class='ocrx_word' id='word_1_85' title='bbox 1702 978 1832 1033; x_wconf 90' lang='lat' dir='ltr'><strong>nihil</strong></span> <span class='ocrx_word' id='word_1_86' title='bbox 1861 980 2001 1037; x_wconf 80' lang='lat' dir='ltr'><strong>exile</strong></span> <span class='ocrx_word' id='word_1_87' title='bbox 2031 983 2115 1038; x_wconf 86' lang='lat' dir='ltr'><strong>vel</strong></span> 
     </span>
    </p>
   </div>
   <div class='ocr_carea' id='block_1_12' title="bbox 452 1060 2115 1141">
    <p class='ocr_par' dir='ltr' id='par_1_12' title="bbox 452 1060 2115 1141">
     <span class='ocr_line' id='line_1_12' title="bbox 452 1060 2115 1141; baseline 0.01 -28"><span class='ocrx_word' id='word_1_88' title='bbox 452 1077 461 1082; x_wconf 77' lang='grc'><strong>-</strong></span> <span class='ocrx_word' id='word_1_89' title='bbox 548 1060 839 1131; x_wconf 87' lang='lat' dir='ltr'><strong>mediocre,</strong></span> <span class='ocrx_word' id='word_1_90' title='bbox 864 1063 955 1118; x_wconf 90' lang='lat' dir='ltr'><strong>sed</strong></span> <span class='ocrx_word' id='word_1_91' title='bbox 981 1072 1147 1120; x_wconf 91' lang='lat' dir='ltr'><strong>totum</strong></span> <span class='ocrx_word' id='word_1_92' title='bbox 1175 1080 1438 1121; x_wconf 87' lang='lat' dir='ltr'><strong>summum</strong></span> <span class='ocrx_word' id='word_1_93' title='bbox 1461 1076 1543 1122; x_wconf 87' lang='lat' dir='ltr'><strong>est</strong></span> <span class='ocrx_word' id='word_1_94' title='bbox 1564 1069 1703 1137; x_wconf 89' lang='lat' dir='ltr'><strong>quod</strong></span> <span class='ocrx_word' id='word_1_95' title='bbox 1732 1070 1956 1126; x_wconf 86' lang='lat' dir='ltr'><strong>dicatur.</strong></span> <span class='ocrx_word' id='word_1_96' title='bbox 1986 1073 2115 1141; x_wconf 69' lang='lat' dir='ltr'><strong>Quae</strong></span> 
     </span>
    </p>
   </div>
   <div class='ocr_carea' id='block_1_13' title="bbox 547 1152 2114 1229">
    <p class='ocr_par' dir='ltr' id='par_1_13' title="bbox 547 1152 2114 1229">
     <span class='ocr_line' id='line_1_13' title="bbox 547 1152 2114 1229; baseline 0.008 -22"><span class='ocrx_word' id='word_1_97' title='bbox 547 1152 719 1217; x_wconf 89' lang='lat' dir='ltr'><strong>enim,</strong></span> <span class='ocrx_word' id='word_1_98' title='bbox 748 1153 1113 1225; x_wconf 89' lang='lat' dir='ltr'><strong>dilectissimi,</strong></span> <span class='ocrx_word' id='word_1_99' title='bbox 1145 1156 1268 1212; x_wconf 86' lang='lat' dir='ltr'><strong>huic</strong></span> <span class='ocrx_word' id='word_1_100' title='bbox 1299 1157 1467 1215; x_wconf 64' lang='lat' dir='ltr'><strong>beatae</strong></span> <span class='ocrx_word' id='word_1_101' title='bbox 1495 1158 1700 1229; x_wconf 77' lang='lat' dir='ltr'><strong>Virgini</strong></span> <span class='ocrx_word' id='word_1_102' title='bbox 1730 1162 1896 1218; x_wconf 89' lang='lat' dir='ltr'><strong>virtus</strong></span> <span class='ocrx_word' id='word_1_103' title='bbox 1928 1164 2114 1220; x_wconf 84' lang='lat' dir='ltr'><strong>deesse</strong></span> 
     </span>
    </p>
   </div>
   <div class='ocr_carea' id='block_1_14' title="bbox 546 1243 2113 1318">
    <p class='ocr_par' dir='ltr' id='par_1_14' title="bbox 546 1243 2113 1318">
     <span class='ocr_line' id='line_1_14' title="bbox 546 1243 2113 1318; baseline 0.009 -21"><span class='ocrx_word' id='word_1_104' title='bbox 546 1243 749 1313; x_wconf 90' lang='lat' dir='ltr'><strong>potuit,</strong></span> <span class='ocrx_word' id='word_1_105' title='bbox 805 1248 1019 1316; x_wconf 87' lang='lat' dir='ltr'><strong>quando</strong></span> <span class='ocrx_word' id='word_1_106' title='bbox 1072 1250 1363 1318; x_wconf 78' lang='lat' dir='ltr'><strong>gratiarum</strong></span> <span class='ocrx_word' id='word_1_107' title='bbox 1414 1251 1650 1305; x_wconf 90' lang='lat' dir='ltr'><strong>omnium</strong></span> <span class='ocrx_word' id='word_1_108' title='bbox 1705 1252 2113 1311; x_wconf 89' lang='lat' dir='ltr'><strong>charismatibus</strong></span> 
     </span>
    </p>
   </div>
   <div class='ocr_carea' id='block_1_15' title="bbox 543 1337 2110 1411">
    <p class='ocr_par' dir='ltr' id='par_1_15' title="bbox 543 1337 2110 1411">
     <span class='ocr_line' id='line_1_15' title="bbox 543 1337 2110 1411; baseline 0.008 -21"><span class='ocrx_word' id='word_1_109' title='bbox 543 1337 700 1406; x_wconf 89' lang='lat' dir='ltr'><strong>plena</strong></span> <span class='ocrx_word' id='word_1_110' title='bbox 729 1337 866 1392; x_wconf 79' lang='lat' dir='ltr'><strong>fuit?</strong></span> <span class='ocrx_word' id='word_1_111' title='bbox 890 1338 981 1395; x_wconf 90' lang='lat' dir='ltr'><strong>Sic</strong></span> <span class='ocrx_word' id='word_1_112' title='bbox 1007 1355 1235 1411; x_wconf 88' lang='lat' dir='ltr'><strong>namque</strong></span> <span class='ocrx_word' id='word_1_113' title='bbox 1261 1341 1512 1397; x_wconf 88' lang='lat' dir='ltr'><strong>inusitato</strong></span> <span class='ocrx_word' id='word_1_114' title='bbox 1538 1352 1689 1399; x_wconf 86' lang='lat' dir='ltr'><strong>antea</strong></span> <span class='ocrx_word' id='word_1_115' title='bbox 1719 1345 1875 1401; x_wconf 91' lang='lat' dir='ltr'><strong>modo</strong></span> <span class='ocrx_word' id='word_1_116' title='bbox 1901 1362 2110 1411; x_wconf 86' lang='lat' dir='ltr'><strong>summo</strong></span> 
     </span>
    </p>
   </div>
   <div class='ocr_carea' id='block_1_16' title="bbox 542 1430 2110 1506">
    <p class='ocr_par' dir='ltr' id='par_1_16' title="bbox 542 1430 2110 1506">
     <span class='ocr_line' id='line_1_16' title="bbox 542 1430 2110 1506; baseline 0.006 -22"><span class='ocrx_word' id='word_1_117' title='bbox 542 1439 625 1485; x_wconf 90' lang='lat' dir='ltr'><strong>est</strong></span> <span class='ocrx_word' id='word_1_118' title='bbox 653 1430 876 1486; x_wconf 87' lang='lat' dir='ltr'><strong>salutata</strong></span> <span class='ocrx_word' id='word_1_119' title='bbox 902 1431 970 1486; x_wconf 91' lang='lat' dir='ltr'><strong>ab</strong></span> <span class='ocrx_word' id='word_1_120' title='bbox 995 1433 1221 1503; x_wconf 86' lang='lat' dir='ltr'><strong>angelo:</strong></span> <span class='ocrx_word' id='word_1_121' title='bbox 1269 1434 1372 1489; x_wconf 79' lang='lat' dir='ltr'><strong>Ave</strong></span> <span class='ocrx_word' id='word_1_122' title='bbox 1419 1436 1588 1506; x_wconf 86' lang='lat' dir='ltr'><strong>gratia</strong></span> <span class='ocrx_word' id='word_1_123' title='bbox 1626 1436 1776 1504; x_wconf 82' lang='lat' dir='ltr'><strong>plena</strong></span> <span class='ocrx_word' id='word_1_124' title='bbox 1800 1476 1815 1501; x_wconf 91' lang='lat'><strong>,</strong></span> <span class='ocrx_word' id='word_1_125' title='bbox 1857 1437 2110 1495; x_wconf 88' lang='lat' dir='ltr'><strong>Dominus</strong></span> 
     </span>
    </p>
   </div>
   <div class='ocr_carea' id='block_1_17' title="bbox 540 1520 2110 1596">
    <p class='ocr_par' dir='ltr' id='par_1_17' title="bbox 540 1520 2110 1596">
     <span class='ocr_line' id='line_1_17' title="bbox 540 1520 2110 1596; baseline 0.008 -23"><span class='ocrx_word' id='word_1_126' title='bbox 540 1527 703 1574; x_wconf 82' lang='lat' dir='ltr'><strong>tecum</strong></span> <span class='ocrx_word' id='word_1_127' title='bbox 734 1520 885 1591; x_wconf 82' lang='lat' dir='ltr'><strong>(Luc.</strong></span> <span class='ocrx_word' id='word_1_128' title='bbox 913 1537 965 1590; x_wconf 96' lang='grc' dir='ltr'><strong>ι,</strong></span> <span class='ocrx_word' id='word_1_129' title='bbox 992 1521 1110 1593; x_wconf 71' lang='lat'><strong>28).</strong></span> <span class='ocrx_word' id='word_1_130' title='bbox 1142 1523 1278 1590; x_wconf 88' lang='lat' dir='ltr'><strong>Quid</strong></span> <span class='ocrx_word' id='word_1_131' title='bbox 1308 1539 1438 1595; x_wconf 86' lang='lat' dir='ltr'><strong>rogo</strong></span> <span class='ocrx_word' id='word_1_132' title='bbox 1465 1526 1718 1595; x_wconf 65' lang='lat' dir='ltr'><strong>iustitiae,</strong></span> <span class='ocrx_word' id='word_1_133' title='bbox 1749 1528 1874 1596; x_wconf 90' lang='lat' dir='ltr'><strong>quid</strong></span> <span class='ocrx_word' id='word_1_134' title='bbox 1915 1530 2110 1585; x_wconf 89' lang='lat' dir='ltr'><strong>sancti-</strong></span> 
     </span>
    </p>
   </div>
   <div class='ocr_carea' id='block_1_18' title="bbox 540 1613 2109 1687">
    <p class='ocr_par' dir='ltr' id='par_1_18' title="bbox 540 1613 2109 1687">
     <span class='ocr_line' id='line_1_18' title="bbox 540 1613 2109 1687; baseline 0.009 -21"><span class='ocrx_word' id='word_1_135' title='bbox 540 1614 663 1668; x_wconf 88' lang='lat' dir='ltr'><strong>tatis</strong></span> <span class='ocrx_word' id='word_1_136' title='bbox 694 1613 855 1685; x_wconf 88' lang='lat' dir='ltr'><strong>Virgo</strong></span> <span class='ocrx_word' id='word_1_137' title='bbox 883 1616 997 1671; x_wconf 59' lang='lat' dir='ltr'><strong>haec</strong></span> <span class='ocrx_word' id='word_1_138' title='bbox 1027 1616 1263 1687; x_wconf 84' lang='lat' dir='ltr'><strong>indigere</strong></span> <span class='ocrx_word' id='word_1_139' title='bbox 1305 1618 1513 1686; x_wconf 91' lang='lat' dir='ltr'><strong>potuit,</strong></span> <span class='ocrx_word' id='word_1_140' title='bbox 1561 1633 1680 1687; x_wconf 78' lang='lat' dir='ltr'><strong>quae</strong></span> <span class='ocrx_word' id='word_1_141' title='bbox 1725 1620 1927 1677; x_wconf 89' lang='lat' dir='ltr'><strong>efticaci</strong></span> <span class='ocrx_word' id='word_1_142' title='bbox 1972 1624 2109 1680; x_wconf 90' lang='lat' dir='ltr'><strong>adeo</strong></span> 
     </span>
    </p>
   </div>
   <div class='ocr_carea' id='block_1_19' title="bbox 537 1705 2109 1784">
    <p class='ocr_par' dir='ltr' id='par_1_19' title="bbox 537 1705 2109 1784">
     <span class='ocr_line' id='line_1_19' title="bbox 537 1705 2109 1784; baseline 0.008 -25"><span class='ocrx_word' id='word_1_143' title='bbox 537 1705 900 1761; x_wconf 88' lang='lat' dir='ltr'><strong>misericordia</strong></span> <span class='ocrx_word' id='word_1_144' title='bbox 930 1708 1113 1777; x_wconf 73' lang='lat' dir='ltr'><strong>gratia:</strong></span> <span class='ocrx_word' id='word_1_145' title='bbox 1141 1708 1528 1778; x_wconf 89' lang='lat' dir='ltr'><strong>plenitudinem</strong></span> <span class='ocrx_word' id='word_1_146' title='bbox 1557 1712 1810 1781; x_wconf 86' lang='lat' dir='ltr'><strong>accepit?</strong></span> <span class='ocrx_word' id='word_1_147' title='bbox 1838 1713 1947 1768; x_wconf 82' lang='lat' dir='ltr'><strong>Aut</strong></span> <span class='ocrx_word' id='word_1_148' title='bbox 1987 1715 2109 1784; x_wconf 84' lang='lat' dir='ltr'><strong>quis</strong></span> 
     </span>
    </p>
   </div>
   <div class='ocr_carea' id='block_1_20' title="bbox 534 1797 2103 1871">
    <p class='ocr_par' dir='ltr' id='par_1_20' title="bbox 534 1797 2103 1871">
     <span class='ocr_line' id='line_1_20' title="bbox 534 1797 2103 1871; baseline 0.006 -20"><span class='ocrx_word' id='word_1_149' title='bbox 534 1798 703 1867; x_wconf 90' lang='lat' dir='ltr'><strong>potuit</strong></span> <span class='ocrx_word' id='word_1_150' title='bbox 729 1798 781 1853; x_wconf 91' lang='lat' dir='ltr'><strong>in</strong></span> <span class='ocrx_word' id='word_1_151' title='bbox 806 1797 921 1869; x_wconf 86' lang='lat' dir='ltr'><strong>ejus</strong></span> <span class='ocrx_word' id='word_1_152' title='bbox 948 1799 1126 1855; x_wconf 90' lang='lat' dir='ltr'><strong>animo</strong></span> <span class='ocrx_word' id='word_1_153' title='bbox 1152 1801 1236 1856; x_wconf 90' lang='lat' dir='ltr'><strong>vel</strong></span> <span class='ocrx_word' id='word_1_154' title='bbox 1263 1815 1484 1871; x_wconf 90' lang='lat' dir='ltr'><strong>corpore</strong></span> <span class='ocrx_word' id='word_1_155' title='bbox 1508 1802 1656 1858; x_wconf 90' lang='lat' dir='ltr'><strong>locus</strong></span> <span class='ocrx_word' id='word_1_156' title='bbox 1683 1818 1804 1860; x_wconf 89' lang='lat' dir='ltr'><strong>esse</strong></span> <span class='ocrx_word' id='word_1_157' title='bbox 1829 1805 2103 1871; x_wconf 90' lang='lat' dir='ltr'><strong>vitiorum,</strong></span> 
     </span>
    </p>
   </div>
   <div class='ocr_carea' id='block_1_21' title="bbox 2218 877 3795 960">
    <p class='ocr_par' dir='ltr' id='par_1_21' title="bbox 2218 877 3795 960">
     <span class='ocr_line' id='line_1_21' title="bbox 2218 877 3795 960; baseline 0.015 -29"><span class='ocrx_word' id='word_1_158' title='bbox 2218 877 2326 933; x_wconf 92' lang='lat' dir='ltr'><strong>tico</strong></span> <span class='ocrx_word' id='word_1_159' title='bbox 2355 880 2679 937; x_wconf 86' lang='lat' dir='ltr'><strong>subinfertur</strong></span> <span class='ocrx_word' id='word_1_160' title='bbox 2704 901 2715 936; x_wconf 93' lang='lat'><strong>:</strong></span> <span class='ocrx_word' id='word_1_161' title='bbox 2751 884 2899 939; x_wconf 81' lang='lat' dir='ltr'><strong>Sicut</strong></span> <span class='ocrx_word' id='word_1_162' title='bbox 2932 886 3098 941; x_wconf 88' lang='lat' dir='ltr'><strong>lilium</strong></span> <span class='ocrx_word' id='word_1_163' title='bbox 3131 888 3262 943; x_wconf 84' lang='lat' dir='ltr'><strong>inter</strong></span> <span class='ocrx_word' id='word_1_164' title='bbox 3286 892 3493 960; x_wconf 86' lang='lat' dir='ltr'><strong>spinas,</strong></span> <span class='ocrx_word' id='word_1_165' title='bbox 3523 897 3598 949; x_wconf 88' lang='lat' dir='ltr'><strong>sic</strong></span> <span class='ocrx_word' id='word_1_166' title='bbox 3624 901 3795 954; x_wconf 82' lang='lat' dir='ltr'><strong>amica</strong></span> 
     </span>
    </p>
   </div>
   <div class='ocr_carea' id='block_1_22' title="bbox 2217 970 3795 1048">
    <p class='ocr_par' dir='ltr' id='par_1_22' title="bbox 2217 970 3795 1048">
     <span class='ocr_line' id='line_1_22' title="bbox 2217 970 3795 1048; baseline 0.015 -27"><span class='ocrx_word' id='word_1_167' title='bbox 2217 984 2327 1022; x_wconf 85' lang='lat' dir='ltr'><strong>mea</strong></span> <span class='ocrx_word' id='word_1_168' title='bbox 2354 970 2483 1025; x_wconf 89' lang='lat' dir='ltr'><strong>inter</strong></span> <span class='ocrx_word' id='word_1_169' title='bbox 2506 972 2643 1041; x_wconf 71' lang='lat' dir='ltr'><strong>ﬁlias</strong></span> <span class='ocrx_word' id='word_1_170' title='bbox 2675 972 2867 1045; x_wconf 85' lang='lat' dir='ltr'><strong>(Cant.</strong></span> <span class='ocrx_word' id='word_1_171' title='bbox 2896 991 2967 1044; x_wconf 91' lang='grc' dir='ltr'><strong>ιι,</strong></span> <span class='ocrx_word' id='word_1_172' title='bbox 2996 976 3031 1031; x_wconf 76' lang='grc'><strong>2</strong></span> <span class='ocrx_word' id='word_1_173' title='bbox 3055 978 3101 1048; x_wconf 92' lang='grc'><strong>).</strong></span> <span class='ocrx_word' id='word_1_174' title='bbox 3132 979 3284 1046; x_wconf 87' lang='lat' dir='ltr'><strong>Quod</strong></span> <span class='ocrx_word' id='word_1_175' title='bbox 3314 982 3438 1038; x_wconf 88' lang='lat' dir='ltr'><strong>licet</strong></span> <span class='ocrx_word' id='word_1_176' title='bbox 3467 996 3522 1041; x_wconf 92' lang='lat' dir='ltr'><strong>et</strong></span> <span class='ocrx_word' id='word_1_177' title='bbox 3559 987 3626 1043; x_wconf 91' lang='lat' dir='ltr'><strong>de</strong></span> <span class='ocrx_word' id='word_1_178' title='bbox 3667 991 3795 1045; x_wconf 88' lang='lat' dir='ltr'><strong>uni-</strong></span> 
     </span>
    </p>
   </div>
   <div class='ocr_carea' id='block_1_23' title="bbox 2214 1062 3789 1140">
    <p class='ocr_par' dir='ltr' id='par_1_23' title="bbox 2214 1062 3789 1140">
     <span class='ocr_line' id='line_1_23' title="bbox 2214 1062 3789 1140; baseline 0.013 -25"><span class='ocrx_word' id='word_1_179' title='bbox 2214 1062 2405 1118; x_wconf 87' lang='lat' dir='ltr'><strong>versali</strong></span> <span class='ocrx_word' id='word_1_180' title='bbox 2434 1063 2669 1120; x_wconf 86' lang='lat' dir='ltr'><strong>Ecclesia</strong></span> <span class='ocrx_word' id='word_1_181' title='bbox 2700 1068 2870 1136; x_wconf 89' lang='lat' dir='ltr'><strong>possit</strong></span> <span class='ocrx_word' id='word_1_182' title='bbox 2909 1069 3112 1140; x_wconf 89' lang='lat' dir='ltr'><strong>accipi,</strong></span> <span class='ocrx_word' id='word_1_183' title='bbox 3155 1073 3560 1132; x_wconf 89' lang='lat' dir='ltr'><strong>convenientius</strong></span> <span class='ocrx_word' id='word_1_184' title='bbox 3603 1086 3789 1135; x_wconf 85' lang='lat' dir='ltr'><strong>tamen</strong></span> 
     </span>
    </p>
   </div>
   <div class='ocr_carea' id='block_1_24' title="bbox 2212 1152 3793 1241">
    <p class='ocr_par' dir='ltr' id='par_1_24' title="bbox 2212 1152 3793 1241">
     <span class='ocr_line' id='line_1_24' title="bbox 2212 1152 3793 1241; baseline 0.013 -35"><span class='ocrx_word' id='word_1_185' title='bbox 2212 1152 2515 1221; x_wconf 81' lang='lat' dir='ltr'><strong>specialiter</strong></span> <span class='ocrx_word' id='word_1_186' title='bbox 2540 1154 2665 1211; x_wconf 87' lang='lat' dir='ltr'><strong>huic</strong></span> <span class='ocrx_word' id='word_1_187' title='bbox 2689 1165 2866 1226; x_wconf 86' lang='lat' dir='ltr'><strong>potest</strong></span> <span class='ocrx_word' id='word_1_188' title='bbox 2889 1159 3093 1230; x_wconf 83' lang='lat' dir='ltr'><strong>Virgini</strong></span> <span class='ocrx_word' id='word_1_189' title='bbox 3119 1164 3373 1233; x_wconf 88' lang='lat' dir='ltr'><strong>coaptari.</strong></span> <span class='ocrx_word' id='word_1_190' title='bbox 3403 1165 3595 1223; x_wconf 89' lang='lat' dir='ltr'><strong>Lilium</strong></span> <span class='ocrx_word' id='word_1_191' title='bbox 3622 1170 3793 1241; x_wconf 79' lang='lat' dir='ltr'><strong>siqui-</strong></span> 
     </span>
    </p>
   </div>
   <div class='ocr_carea' id='block_1_25' title="bbox 2212 1243 3783 1333">
    <p class='ocr_par' dir='ltr' id='par_1_25' title="bbox 2212 1243 3783 1333">
     <span class='ocr_line' id='line_1_25' title="bbox 2212 1243 3783 1333; baseline 0.015 -36"><span class='ocrx_word' id='word_1_192' title='bbox 2212 1243 2336 1297; x_wconf 89' lang='lat' dir='ltr'><strong>dem</strong></span> <span class='ocrx_word' id='word_1_193' title='bbox 2366 1244 2527 1302; x_wconf 88' lang='lat' dir='ltr'><strong>flores</strong></span> <span class='ocrx_word' id='word_1_194' title='bbox 2556 1247 2790 1318; x_wconf 88' lang='lat' dir='ltr'><strong>reliquos</strong></span> <span class='ocrx_word' id='word_1_195' title='bbox 2814 1251 3063 1308; x_wconf 87' lang='lat' dir='ltr'><strong>candoris</strong></span> <span class='ocrx_word' id='word_1_196' title='bbox 3092 1255 3241 1311; x_wconf 92' lang='lat' dir='ltr'><strong>nimii</strong></span> <span class='ocrx_word' id='word_1_197' title='bbox 3281 1258 3456 1315; x_wconf 90' lang='lat' dir='ltr'><strong>nitore</strong></span> <span class='ocrx_word' id='word_1_198' title='bbox 3494 1263 3783 1333; x_wconf 70' lang='lat' dir='ltr'><strong>praecellit,</strong></span> 
     </span>
    </p>
   </div>
   <div class='ocr_carea' id='block_1_26' title="bbox 2211 1331 3789 1416">
    <p class='ocr_par' dir='ltr' id='par_1_26' title="bbox 2211 1331 3789 1416">
     <span class='ocr_line' id='line_1_26' title="bbox 2211 1331 3789 1416; baseline 0.014 -27"><span class='ocrx_word' id='word_1_199' title='bbox 2211 1331 2392 1389; x_wconf 86' lang='lat' dir='ltr'><strong>odoris</strong></span> <span class='ocrx_word' id='word_1_200' title='bbox 2418 1336 2765 1394; x_wconf 90' lang='lat' dir='ltr'><strong>nihilominus</strong></span> <span class='ocrx_word' id='word_1_201' title='bbox 2785 1340 3119 1409; x_wconf 70' lang='lat' dir='ltr'><strong>iucunditate</strong></span> <span class='ocrx_word' id='word_1_202' title='bbox 3144 1348 3418 1416; x_wconf 63' lang='lat' dir='ltr'><strong>prapollet</strong></span> <span class='ocrx_word' id='word_1_203' title='bbox 3443 1367 3457 1402; x_wconf 90' lang='lat'><strong>:</strong></span> <span class='ocrx_word' id='word_1_204' title='bbox 3486 1352 3627 1407; x_wconf 90' lang='lat' dir='ltr'><strong>unde</strong></span> <span class='ocrx_word' id='word_1_205' title='bbox 3654 1331 3789 1411; x_wconf 82' lang='lat' dir='ltr'><strong>satis</strong></span> 
     </span>
    </p>
   </div>
   <div class='ocr_carea' id='block_1_27' title="bbox 2210 1429 3787 1514">
    <p class='ocr_par' dir='ltr' id='par_1_27' title="bbox 2210 1429 3787 1514">
     <span class='ocr_line' id='line_1_27' title="bbox 2210 1429 3787 1514; baseline 0.013 -35"><span class='ocrx_word' id='word_1_206' title='bbox 2210 1436 2447 1495; x_wconf 84' lang='lat' dir='ltr'><strong>congrue</strong></span> <span class='ocrx_word' id='word_1_207' title='bbox 2492 1429 2732 1500; x_wconf 85' lang='lat' dir='ltr'><strong>virgineo</strong></span> <span class='ocrx_word' id='word_1_208' title='bbox 2774 1433 3099 1490; x_wconf 88' lang='lat' dir='ltr'><strong>assimilatur</strong></span> <span class='ocrx_word' id='word_1_209' title='bbox 3141 1436 3345 1493; x_wconf 88' lang='lat' dir='ltr'><strong>decori.</strong></span> <span class='ocrx_word' id='word_1_210' title='bbox 3400 1439 3505 1496; x_wconf 89' lang='lat' dir='ltr'><strong>lste</strong></span> <span class='ocrx_word' id='word_1_211' title='bbox 3547 1456 3787 1514; x_wconf 84' lang='lat' dir='ltr'><strong>namque</strong></span> 
     </span>
    </p>
   </div>
   <div class='ocr_carea' id='block_1_28' title="bbox 2210 1517 3789 1601">
    <p class='ocr_par' dir='ltr' id='par_1_28' title="bbox 2210 1517 3789 1601">
     <span class='ocr_line' id='line_1_28' title="bbox 2210 1517 3789 1601; baseline 0.013 -28"><span class='ocrx_word' id='word_1_212' title='bbox 2210 1517 2346 1587; x_wconf 88' lang='lat' dir='ltr'><strong>flos,</strong></span> <span class='ocrx_word' id='word_1_213' title='bbox 2392 1535 2422 1575; x_wconf 91' lang='lat' dir='ltr'><strong>a</strong></span> <span class='ocrx_word' id='word_1_214' title='bbox 2466 1535 2568 1592; x_wconf 90' lang='lat' dir='ltr'><strong>qua</strong></span> <span class='ocrx_word' id='word_1_215' title='bbox 2615 1522 2773 1581; x_wconf 88' lang='lat' dir='ltr'><strong>altius</strong></span> <span class='ocrx_word' id='word_1_216' title='bbox 2817 1534 2967 1582; x_wconf 90' lang='lat' dir='ltr'><strong>ortus</strong></span> <span class='ocrx_word' id='word_1_217' title='bbox 3010 1535 3093 1583; x_wconf 88' lang='lat' dir='ltr'><strong>est</strong></span> <span class='ocrx_word' id='word_1_218' title='bbox 3135 1528 3323 1585; x_wconf 88' lang='lat' dir='ltr'><strong>tellure</strong></span> <span class='ocrx_word' id='word_1_219' title='bbox 3365 1532 3681 1601; x_wconf 87' lang='lat' dir='ltr'><strong>sustollitur,</strong></span> <span class='ocrx_word' id='word_1_220' title='bbox 3726 1546 3789 1593; x_wconf 86' lang='lat' dir='ltr'><strong>et</strong></span> 
     </span>
    </p>
   </div>
   <div class='ocr_carea' id='block_1_29' title="bbox 2213 1609 3784 1695">
    <p class='ocr_par' dir='ltr' id='par_1_29' title="bbox 2213 1609 3784 1695">
     <span class='ocr_line' id='line_1_29' title="bbox 2213 1609 3784 1695; baseline 0.011 -31"><span class='ocrx_word' id='word_1_221' title='bbox 2213 1609 2479 1678; x_wconf 84' lang='lat' dir='ltr'><strong>repandus</strong></span> <span class='ocrx_word' id='word_1_222' title='bbox 2505 1611 2571 1666; x_wconf 91' lang='lat' dir='ltr'><strong>ad</strong></span> <span class='ocrx_word' id='word_1_223' title='bbox 2602 1613 2798 1668; x_wconf 60' lang='lat' dir='ltr'><strong>aethera</strong></span> <span class='ocrx_word' id='word_1_224' title='bbox 2833 1623 2973 1671; x_wconf 89' lang='lat' dir='ltr'><strong>totus</strong></span> <span class='ocrx_word' id='word_1_225' title='bbox 3012 1617 3264 1687; x_wconf 89' lang='lat' dir='ltr'><strong>aperitur.</strong></span> <span class='ocrx_word' id='word_1_226' title='bbox 3307 1619 3353 1673; x_wconf 83' lang='lat' dir='ltr'><strong>A</strong></span> <span class='ocrx_word' id='word_1_227' title='bbox 3395 1619 3529 1676; x_wconf 90' lang='lat' dir='ltr'><strong>foris</strong></span> <span class='ocrx_word' id='word_1_228' title='bbox 3566 1638 3784 1695; x_wconf 89' lang='lat' dir='ltr'><strong>quoque</strong></span> 
     </span>
    </p>
   </div>
   <div class='ocr_carea' id='block_1_30' title="bbox 2209 1698 3786 1773">
    <p class='ocr_par' dir='ltr' id='par_1_30' title="bbox 2209 1698 3786 1773">
     <span class='ocr_line' id='line_1_30' title="bbox 2209 1698 3786 1773; baseline 0.012 -19"><span class='ocrx_word' id='word_1_229' title='bbox 2209 1698 2369 1757; x_wconf 90' lang='lat' dir='ltr'><strong>nimis</strong></span> <span class='ocrx_word' id='word_1_230' title='bbox 2419 1710 2504 1760; x_wconf 90' lang='lat' dir='ltr'><strong>est</strong></span> <span class='ocrx_word' id='word_1_231' title='bbox 2551 1704 2841 1773; x_wconf 90' lang='lat' dir='ltr'><strong>candidus,</strong></span> <span class='ocrx_word' id='word_1_232' title='bbox 2887 1707 3028 1762; x_wconf 88' lang='lat' dir='ltr'><strong>intus</strong></span> <span class='ocrx_word' id='word_1_233' title='bbox 3071 1723 3202 1766; x_wconf 88' lang='lat' dir='ltr'><strong>vero</strong></span> <span class='ocrx_word' id='word_1_234' title='bbox 3245 1712 3422 1766; x_wconf 92' lang='lat' dir='ltr'><strong>rutulo</strong></span> <span class='ocrx_word' id='word_1_235' title='bbox 3466 1714 3786 1772; x_wconf 84' lang='lat' dir='ltr'><strong>llammescit</strong></span> 
     </span>
    </p>
   </div>
   <div class='ocr_carea' id='block_1_31' title="bbox 2209 1792 3785 1875">
    <p class='ocr_par' dir='ltr' id='par_1_31' title="bbox 2209 1792 3785 1875">
     <span class='ocr_line' id='line_1_31' title="bbox 2209 1792 3785 1875; baseline 0.011 -30"><span class='ocrx_word' id='word_1_236' title='bbox 2209 1798 2467 1861; x_wconf 78' lang='lat' dir='ltr'><strong>aspectu,</strong></span> <span class='ocrx_word' id='word_1_237' title='bbox 2514 1792 2718 1851; x_wconf 85' lang='lat' dir='ltr'><strong>habens</strong></span> <span class='ocrx_word' id='word_1_238' title='bbox 2760 1806 3019 1864; x_wconf 72' lang='lat' dir='ltr'><strong>praeterea</strong></span> <span class='ocrx_word' id='word_1_239' title='bbox 3062 1797 3215 1869; x_wconf 90' lang='lat' dir='ltr'><strong>quasi</strong></span> <span class='ocrx_word' id='word_1_240' title='bbox 3255 1802 3536 1871; x_wconf 89' lang='lat' dir='ltr'><strong>quemdam</strong></span> <span class='ocrx_word' id='word_1_241' title='bbox 3584 1808 3785 1875; x_wconf 86' lang='lat' dir='ltr'><strong>promi-</strong></span> 
     </span>
    </p>
   </div>
   <div class='ocr_carea' id='block_1_32' title="bbox 533 1869 3779 1963">
    <p class='ocr_par' dir='ltr' id='par_1_32' title="bbox 533 1869 3779 1963">
     <span class='ocr_line' id='line_1_32' title="bbox 533 1869 3779 1963; baseline 0.01 -42"><span class='ocrx_word' id='word_1_242' title='bbox 533 1890 744 1958; x_wconf 59' lang='lat' dir='ltr'><strong>quando</strong></span> <span class='ocrx_word' id='word_1_243' title='bbox 783 1891 850 1947; x_wconf 64' lang='lat' dir='ltr'><strong>ad</strong></span> <span class='ocrx_word' id='word_1_244' title='bbox 889 1892 1058 1948; x_wconf 58' lang='lat' dir='ltr'><strong>vicem</strong></span> <span class='ocrx_word' id='word_1_245' title='bbox 1101 1894 1224 1949; x_wconf 58' lang='lat' dir='ltr'><strong>cm“</strong></span> <span class='ocrx_word' id='word_1_246' title='bbox 1269 1869 1591 1951; x_wconf 58' lang='grc' dir='ltr'><strong>οοιίιίηεηιίε</strong></span> <span class='ocrx_word' id='word_1_247' title='bbox 1632 1897 1809 1952; x_wconf 71' lang='lat' dir='ltr'><strong>omnia</strong></span> <span class='ocrx_word' id='word_1_248' title='bbox 1830 1939 1844 1963; x_wconf 56' lang='lat'><strong>,</strong></span> <span class='ocrx_word' id='word_1_249' title='bbox 1890 1896 2103 1954; x_wconf 62' lang='lat' dir='ltr'><strong>Domini</strong></span> <span class='ocrx_word' id='word_1_250' title='bbox 2136 1869 2187 1932; x_wconf 82' lang='grc' dir='ltr'><strong>Β</strong></span> <span class='ocrx_word' id='word_1_251' title='bbox 2210 1892 2427 1941; x_wconf 80' lang='lat' dir='ltr'><strong>rientem</strong></span> <span class='ocrx_word' id='word_1_252' title='bbox 2456 1886 2510 1941; x_wconf 91' lang='lat' dir='ltr'><strong>in</strong></span> <span class='ocrx_word' id='word_1_253' title='bbox 2538 1888 2715 1943; x_wconf 89' lang='lat' dir='ltr'><strong>medio</strong></span> <span class='ocrx_word' id='word_1_254' title='bbox 2743 1888 3049 1947; x_wconf 91' lang='lat' dir='ltr'><strong>thirsulum.</strong></span> <span class='ocrx_word' id='word_1_255' title='bbox 3077 1891 3167 1947; x_wconf 89' lang='lat' dir='ltr'><strong>Sic</strong></span> <span class='ocrx_word' id='word_1_256' title='bbox 3195 1892 3447 1949; x_wconf 90' lang='lat' dir='ltr'><strong>nimirum</strong></span> <span class='ocrx_word' id='word_1_257' title='bbox 3468 1935 3486 1963; x_wconf 90' lang='lat'><strong>,</strong></span> <span class='ocrx_word' id='word_1_258' title='bbox 3516 1896 3597 1951; x_wconf 90' lang='lat' dir='ltr'><strong>sic</strong></span> <span class='ocrx_word' id='word_1_259' title='bbox 3623 1912 3779 1954; x_wconf 85' lang='lat' dir='ltr'><strong>sacra</strong></span> 
     </span>
    </p>
   </div>
   <div class='ocr_carea' id='block_1_33' title="bbox 532 1981 2102 2055">
    <p class='ocr_par' dir='ltr' id='par_1_33' title="bbox 532 1981 2102 2055">
     <span class='ocr_line' id='line_1_33' title="bbox 532 1981 2102 2055; baseline 0.006 -18"><span class='ocrx_word' id='word_1_260' title='bbox 532 1981 720 2038; x_wconf 84' lang='lat' dir='ltr'><strong>effecta</strong></span> <span class='ocrx_word' id='word_1_261' title='bbox 750 1992 833 2038; x_wconf 91' lang='lat' dir='ltr'><strong>est</strong></span> <span class='ocrx_word' id='word_1_262' title='bbox 864 1983 1163 2055; x_wconf 82' lang='lat' dir='ltr'><strong>templum?</strong></span> <span class='ocrx_word' id='word_1_263' title='bbox 1189 1985 1316 2043; x_wconf 64' lang='lat' dir='ltr'><strong>Haec</strong></span> <span class='ocrx_word' id='word_1_264' title='bbox 1343 1998 1424 2042; x_wconf 90' lang='lat' dir='ltr'><strong>est</strong></span> <span class='ocrx_word' id='word_1_265' title='bbox 1464 2002 1648 2044; x_wconf 87' lang='lat' dir='ltr'><strong>revera</strong></span> <span class='ocrx_word' id='word_1_266' title='bbox 1689 1987 1778 2043; x_wconf 91' lang='lat' dir='ltr'><strong>illa</strong></span> <span class='ocrx_word' id='word_1_267' title='bbox 1818 1989 2006 2046; x_wconf 90' lang='lat' dir='ltr'><strong>domus</strong></span> <span class='ocrx_word' id='word_1_268' title='bbox 2034 1990 2102 2046; x_wconf 89' lang='lat' dir='ltr'><strong>de</strong></span> 
     </span>
    </p>
   </div>
   <div class='ocr_carea' id='block_1_34' title="bbox 532 2072 2100 2150">
    <p class='ocr_par' dir='ltr' id='par_1_34' title="bbox 532 2072 2100 2150">
     <span class='ocr_line' id='line_1_34' title="bbox 532 2072 2100 2150; baseline 0.007 -24"><span class='ocrx_word' id='word_1_269' title='bbox 532 2085 631 2140; x_wconf 88' lang='lat' dir='ltr'><strong>qua</strong></span> <span class='ocrx_word' id='word_1_270' title='bbox 662 2087 757 2142; x_wconf 91' lang='lat' dir='ltr'><strong>per</strong></span> <span class='ocrx_word' id='word_1_271' title='bbox 783 2072 1120 2132; x_wconf 87' lang='lat' dir='ltr'><strong>Salomonem</strong></span> <span class='ocrx_word' id='word_1_272' title='bbox 1160 2076 1373 2148; x_wconf 90' lang='lat' dir='ltr'><strong>dicitur,</strong></span> <span class='ocrx_word' id='word_1_273' title='bbox 1405 2078 1555 2134; x_wconf 87' lang='lat' dir='ltr'><strong>salvo</strong></span> <span class='ocrx_word' id='word_1_274' title='bbox 1595 2079 1802 2135; x_wconf 88' lang='lat' dir='ltr'><strong>scilicet</strong></span> <span class='ocrx_word' id='word_1_275' title='bbox 1844 2079 1951 2135; x_wconf 91' lang='lat' dir='ltr'><strong>alio</strong></span> <span class='ocrx_word' id='word_1_276' title='bbox 1993 2095 2100 2150; x_wconf 89' lang='lat' dir='ltr'><strong>quo</strong></span> 
     </span>
    </p>
   </div>
   <div class='ocr_carea' id='block_1_35' title="bbox 530 2161 2100 2240">
    <p class='ocr_par' dir='ltr' id='par_1_35' title="bbox 530 2161 2100 2240">
     <span class='ocr_line' id='line_1_35' title="bbox 530 2161 2100 2240; baseline 0.005 -22"><span class='ocrx_word' id='word_1_277' title='bbox 530 2161 768 2220; x_wconf 84' lang='lat' dir='ltr'><strong>Ecclesia</strong></span> <span class='ocrx_word' id='word_1_278' title='bbox 797 2165 1036 2235; x_wconf 88' lang='lat' dir='ltr'><strong>signatur</strong></span> <span class='ocrx_word' id='word_1_279' title='bbox 1066 2167 1336 2224; x_wconf 89' lang='lat' dir='ltr'><strong>intellectu</strong></span> <span class='ocrx_word' id='word_1_280' title='bbox 1362 2184 1377 2223; x_wconf 94' lang='lat'><strong>:</strong></span> <span class='ocrx_word' id='word_1_281' title='bbox 1408 2169 1677 2240; x_wconf 80' lang='lat' dir='ltr'><strong>Sapientia</strong></span> <span class='ocrx_word' id='word_1_282' title='bbox 1704 2171 1978 2238; x_wconf 76' lang='lat' dir='ltr'><strong>wdiﬁcavit</strong></span> <span class='ocrx_word' id='word_1_283' title='bbox 2008 2175 2100 2226; x_wconf 87' lang='lat' dir='ltr'><strong>do-</strong></span> 
     </span>
    </p>
   </div>
   <div class='ocr_carea' id='block_1_36' title="bbox 529 2258 2100 2332">
    <p class='ocr_par' dir='ltr' id='par_1_36' title="bbox 529 2258 2100 2332">
     <span class='ocr_line' id='line_1_36' title="bbox 529 2258 2100 2332; baseline 0.006 -22"><span class='ocrx_word' id='word_1_284' title='bbox 529 2270 668 2310; x_wconf 86' lang='lat' dir='ltr'><strong>mum</strong></span> <span class='ocrx_word' id='word_1_285' title='bbox 687 2298 701 2321; x_wconf 93' lang='lat'><strong>,</strong></span> <span class='ocrx_word' id='word_1_286' title='bbox 728 2258 917 2313; x_wconf 74' lang='lat' dir='ltr'><strong>excidit</strong></span> <span class='ocrx_word' id='word_1_287' title='bbox 944 2259 1207 2315; x_wconf 87' lang='lat' dir='ltr'><strong>columnas</strong></span> <span class='ocrx_word' id='word_1_288' title='bbox 1232 2271 1423 2331; x_wconf 81' lang='lat' dir='ltr'><strong>septem</strong></span> <span class='ocrx_word' id='word_1_289' title='bbox 1449 2261 1631 2331; x_wconf 79' lang='lat' dir='ltr'><strong>(Prov.</strong></span> <span class='ocrx_word' id='word_1_290' title='bbox 1658 2277 1714 2316; x_wconf 75' lang='grc' dir='ltr'><strong>ιχ</strong></span> <span class='ocrx_word' id='word_1_291' title='bbox 1733 2303 1751 2329; x_wconf 90' lang='grc'><strong>,</strong></span> <span class='ocrx_word' id='word_1_292' title='bbox 1774 2262 1850 2329; x_wconf 74' lang='grc'><strong>1).</strong></span> <span class='ocrx_word' id='word_1_293' title='bbox 1882 2262 2100 2332; x_wconf 87' lang='lat' dir='ltr'><strong>Septem</strong></span> 
     </span>
    </p>
   </div>
   <div class='ocr_carea' id='block_1_37' title="bbox 527 2350 2093 2421">
    <p class='ocr_par' dir='ltr' id='par_1_37' title="bbox 527 2350 2093 2421">
     <span class='ocr_line' id='line_1_37' title="bbox 527 2350 2093 2421; baseline 0.004 -17"><span class='ocrx_word' id='word_1_294' title='bbox 527 2362 757 2419; x_wconf 88' lang='lat' dir='ltr'><strong>namque</strong></span> <span class='ocrx_word' id='word_1_295' title='bbox 784 2350 1059 2421; x_wconf 89' lang='lat' dir='ltr'><strong>virginalis</strong></span> <span class='ocrx_word' id='word_1_296' title='bbox 1091 2352 1205 2409; x_wconf 71' lang='lat' dir='ltr'><strong>haec</strong></span> <span class='ocrx_word' id='word_1_297' title='bbox 1233 2354 1422 2409; x_wconf 90' lang='lat' dir='ltr'><strong>domus</strong></span> <span class='ocrx_word' id='word_1_298' title='bbox 1448 2355 1711 2410; x_wconf 88' lang='lat' dir='ltr'><strong>columnis</strong></span> <span class='ocrx_word' id='word_1_299' title='bbox 1739 2353 1948 2410; x_wconf 83' lang='lat' dir='ltr'><strong>suffulta</strong></span> <span class='ocrx_word' id='word_1_300' title='bbox 1977 2364 2093 2421; x_wconf 90' lang='lat' dir='ltr'><strong>est,</strong></span> 
     </span>
    </p>
   </div>
   <div class='ocr_carea' id='block_1_38' title="bbox 527 2440 2095 2515">
    <p class='ocr_par' dir='ltr' id='par_1_38' title="bbox 527 2440 2095 2515">
     <span class='ocr_line' id='line_1_38' title="bbox 527 2440 2095 2515; baseline 0.008 -24"><span class='ocrx_word' id='word_1_301' title='bbox 527 2440 651 2506; x_wconf 91' lang='lat' dir='ltr'><strong>quia</strong></span> <span class='ocrx_word' id='word_1_302' title='bbox 691 2441 990 2496; x_wconf 86' lang='lat' dir='ltr'><strong>veneranda</strong></span> <span class='ocrx_word' id='word_1_303' title='bbox 1029 2444 1143 2498; x_wconf 74' lang='lat' dir='ltr'><strong>inec</strong></span> <span class='ocrx_word' id='word_1_304' title='bbox 1190 2453 1361 2499; x_wconf 87' lang='lat' dir='ltr'><strong>mater</strong></span> <span class='ocrx_word' id='word_1_305' title='bbox 1408 2444 1615 2500; x_wconf 91' lang='lat' dir='ltr'><strong>Domini</strong></span> <span class='ocrx_word' id='word_1_306' title='bbox 1668 2454 1873 2515; x_wconf 88' lang='lat' dir='ltr'><strong>septem</strong></span> <span class='ocrx_word' id='word_1_307' title='bbox 1923 2448 2095 2503; x_wconf 87' lang='lat' dir='ltr'><strong>sancti</strong></span> 
     </span>
    </p>
   </div>
   <div class='ocr_carea' id='block_1_39' title="bbox 530 2526 2094 2606">
    <p class='ocr_par' dir='ltr' id='par_1_39' title="bbox 530 2526 2094 2606">
     <span class='ocr_line' id='line_1_39' title="bbox 530 2526 2094 2606; baseline 0.007 -23"><span class='ocrx_word' id='word_1_308' title='bbox 530 2526 764 2597; x_wconf 85' lang='lat' dir='ltr'><strong>Spiritus</strong></span> <span class='ocrx_word' id='word_1_309' title='bbox 794 2530 948 2586; x_wconf 90' lang='lat' dir='ltr'><strong>donis</strong></span> <span class='ocrx_word' id='word_1_310' title='bbox 968 2572 983 2596; x_wconf 93' lang='lat'><strong>,</strong></span> <span class='ocrx_word' id='word_1_311' title='bbox 1014 2532 1066 2587; x_wconf 92' lang='lat' dir='ltr'><strong>id</strong></span> <span class='ocrx_word' id='word_1_312' title='bbox 1096 2541 1181 2588; x_wconf 91' lang='lat' dir='ltr'><strong>est</strong></span> <span class='ocrx_word' id='word_1_313' title='bbox 1208 2534 1481 2604; x_wconf 76' lang='lat' dir='ltr'><strong>sapientia:</strong></span> <span class='ocrx_word' id='word_1_314' title='bbox 1513 2543 1567 2591; x_wconf 90' lang='lat' dir='ltr'><strong>et</strong></span> <span class='ocrx_word' id='word_1_315' title='bbox 1594 2536 1892 2593; x_wconf 89' lang='lat' dir='ltr'><strong>intellectus</strong></span> <span class='ocrx_word' id='word_1_316' title='bbox 1914 2579 1929 2606; x_wconf 90' lang='lat'><strong>,</strong></span> <span class='ocrx_word' id='word_1_317' title='bbox 1961 2553 2094 2594; x_wconf 91' lang='lat' dir='ltr'><strong>con-</strong></span> 
     </span>
    </p>
   </div>
   <div class='ocr_carea' id='block_1_40' title="bbox 533 2623 2095 2701">
    <p class='ocr_par' dir='ltr' id='par_1_40' title="bbox 533 2623 2095 2701">
     <span class='ocr_line' id='line_1_40' title="bbox 533 2623 2095 2701; baseline 0.006 -21"><span class='ocrx_word' id='word_1_318' title='bbox 533 2623 636 2680; x_wconf 90' lang='lat' dir='ltr'><strong>silii</strong></span> <span class='ocrx_word' id='word_1_319' title='bbox 665 2631 718 2679; x_wconf 91' lang='lat' dir='ltr'><strong>et</strong></span> <span class='ocrx_word' id='word_1_320' title='bbox 746 2623 1093 2695; x_wconf 79' lang='lat' dir='ltr'><strong>fortitudinis,</strong></span> <span class='ocrx_word' id='word_1_321' title='bbox 1126 2626 1361 2683; x_wconf 79' lang='lat' dir='ltr'><strong>scientia:</strong></span> <span class='ocrx_word' id='word_1_322' title='bbox 1387 2637 1442 2685; x_wconf 91' lang='lat' dir='ltr'><strong>et</strong></span> <span class='ocrx_word' id='word_1_323' title='bbox 1467 2629 1676 2697; x_wconf 90' lang='lat' dir='ltr'><strong>pietatis</strong></span> <span class='ocrx_word' id='word_1_324' title='bbox 1702 2639 1863 2701; x_wconf 90' lang='lat' dir='ltr'><strong>atque</strong></span> <span class='ocrx_word' id='word_1_325' title='bbox 1889 2633 2095 2689; x_wconf 88' lang='lat' dir='ltr'><strong>timoris</strong></span> 
     </span>
    </p>
   </div>
   <div class='ocr_carea' id='block_1_41' title="bbox 526 2715 2091 2792">
    <p class='ocr_par' dir='ltr' id='par_1_41' title="bbox 526 2715 2091 2792">
     <span class='ocr_line' id='line_1_41' title="bbox 526 2715 2091 2792; baseline 0.005 -18"><span class='ocrx_word' id='word_1_326' title='bbox 526 2717 741 2774; x_wconf 88' lang='lat' dir='ltr'><strong>Domini</strong></span> <span class='ocrx_word' id='word_1_327' title='bbox 769 2717 932 2773; x_wconf 90' lang='lat' dir='ltr'><strong>ditata</strong></span> <span class='ocrx_word' id='word_1_328' title='bbox 962 2715 1079 2774; x_wconf 87' lang='lat' dir='ltr'><strong>fuit.</strong></span> <span class='ocrx_word' id='word_1_329' title='bbox 1125 2719 1291 2787; x_wconf 92' lang='lat' dir='ltr'><strong>Quam</strong></span> <span class='ocrx_word' id='word_1_330' title='bbox 1335 2721 1493 2776; x_wconf 87' lang='lat' dir='ltr'><strong>talem</strong></span> <span class='ocrx_word' id='word_1_331' title='bbox 1534 2722 1717 2792; x_wconf 90' lang='lat' dir='ltr'><strong>utique</strong></span> <span class='ocrx_word' id='word_1_332' title='bbox 1753 2732 1953 2781; x_wconf 69' lang='lat' dir='ltr'><strong>aeterna</strong></span> <span class='ocrx_word' id='word_1_333' title='bbox 1991 2724 2091 2782; x_wconf 85' lang='lat' dir='ltr'><strong>Sa-</strong></span> 
     </span>
    </p>
   </div>
   <div class='ocr_carea' id='block_1_42' title="bbox 525 2808 2092 2888">
    <p class='ocr_par' dir='ltr' id='par_1_42' title="bbox 525 2808 2092 2888">
     <span class='ocr_line' id='line_1_42' title="bbox 525 2808 2092 2888; baseline 0.007 -24"><span class='ocrx_word' id='word_1_334' title='bbox 525 2809 721 2880; x_wconf 88' lang='lat' dir='ltr'><strong>pientia</strong></span> <span class='ocrx_word' id='word_1_335' title='bbox 751 2808 967 2875; x_wconf 81' lang='lat' dir='ltr'><strong>effecit,</strong></span> <span class='ocrx_word' id='word_1_336' title='bbox 998 2824 1114 2879; x_wconf 82' lang='lat' dir='ltr'><strong>quae</strong></span> <span class='ocrx_word' id='word_1_337' title='bbox 1144 2810 1302 2880; x_wconf 89' lang='lat' dir='ltr'><strong>digna</strong></span> <span class='ocrx_word' id='word_1_338' title='bbox 1325 2812 1543 2868; x_wconf 89' lang='lat' dir='ltr'><strong>omnino</strong></span> <span class='ocrx_word' id='word_1_339' title='bbox 1572 2823 1716 2870; x_wconf 90' lang='lat' dir='ltr'><strong>esset</strong></span> <span class='ocrx_word' id='word_1_340' title='bbox 1745 2828 1809 2871; x_wconf 91' lang='lat' dir='ltr'><strong>ex</strong></span> <span class='ocrx_word' id='word_1_341' title='bbox 1840 2831 1942 2886; x_wconf 90' lang='lat' dir='ltr'><strong>qua</strong></span> <span class='ocrx_word' id='word_1_342' title='bbox 1974 2817 2092 2888; x_wconf 88' lang='lat' dir='ltr'><strong>ipse</strong></span> 
     </span>
    </p>
   </div>
   <div class='ocr_carea' id='block_1_43' title="bbox 522 2900 2090 2975">
    <p class='ocr_par' dir='ltr' id='par_1_43' title="bbox 522 2900 2090 2975">
     <span class='ocr_line' id='line_1_43' title="bbox 522 2900 2090 2975; baseline 0.007 -20"><span class='ocrx_word' id='word_1_343' title='bbox 522 2915 739 2956; x_wconf 87' lang='lat' dir='ltr'><strong>carnem</strong></span> <span class='ocrx_word' id='word_1_344' title='bbox 766 2911 1093 2965; x_wconf 86' lang='lat' dir='ltr'><strong>assumeret,</strong></span> <span class='ocrx_word' id='word_1_345' title='bbox 1117 2900 1485 2959; x_wconf 64' lang='lat' dir='ltr'><strong>inaestimabile</strong></span> <span class='ocrx_word' id='word_1_346' title='bbox 1513 2905 1718 2960; x_wconf 88' lang='lat' dir='ltr'><strong>scilicet</strong></span> <span class='ocrx_word' id='word_1_347' title='bbox 1746 2908 1971 2975; x_wconf 90' lang='lat' dir='ltr'><strong>pretium</strong></span> <span class='ocrx_word' id='word_1_348' title='bbox 1998 2922 2090 2965; x_wconf 84' lang='lat' dir='ltr'><strong>sa-</strong></span> 
     </span>
    </p>
   </div>
   <div class='ocr_carea' id='block_1_44' title="bbox 526 2992 2087 3067">
    <p class='ocr_par' dir='ltr' id='par_1_44' title="bbox 526 2992 2087 3067">
     <span class='ocr_line' id='line_1_44' title="bbox 526 2992 2087 3067; baseline 0.006 -19"><span class='ocrx_word' id='word_1_349' title='bbox 526 2992 651 3048; x_wconf 91' lang='lat' dir='ltr'><strong>lutis</strong></span> <span class='ocrx_word' id='word_1_350' title='bbox 679 2993 945 3050; x_wconf 72' lang='lat' dir='ltr'><strong>humanm.</strong></span> <span class='ocrx_word' id='word_1_351' title='bbox 976 2994 1111 3061; x_wconf 85' lang='lat' dir='ltr'><strong>Quid</strong></span> <span class='ocrx_word' id='word_1_352' title='bbox 1144 2994 1355 3065; x_wconf 89' lang='lat' dir='ltr'><strong>dignius</strong></span> <span class='ocrx_word' id='word_1_353' title='bbox 1387 2994 1507 3063; x_wconf 90' lang='lat' dir='ltr'><strong>hac,</strong></span> <span class='ocrx_word' id='word_1_354' title='bbox 1537 2997 1725 3053; x_wconf 85' lang='lat' dir='ltr'><strong>fratres</strong></span> <span class='ocrx_word' id='word_1_355' title='bbox 1753 2999 2051 3057; x_wconf 83' lang='lat' dir='ltr'><strong>charissimi</strong></span> <span class='ocrx_word' id='word_1_356' title='bbox 2072 3045 2087 3067; x_wconf 89' lang='lat'><strong>,</strong></span> 
     </span>
    </p>
   </div>
   <div class='ocr_carea' id='block_1_45' title="bbox 524 3081 2088 3161">
    <p class='ocr_par' dir='ltr' id='par_1_45' title="bbox 524 3081 2088 3161">
     <span class='ocr_line' id='line_1_45' title="bbox 524 3081 2088 3161; baseline 0.007 -25"><span class='ocrx_word' id='word_1_357' title='bbox 524 3081 774 3152; x_wconf 81' lang='lat' dir='ltr'><strong>Virgine?</strong></span> <span class='ocrx_word' id='word_1_358' title='bbox 803 3083 929 3153; x_wconf 90' lang='lat' dir='ltr'><strong>quid</strong></span> <span class='ocrx_word' id='word_1_359' title='bbox 959 3085 1197 3140; x_wconf 90' lang='lat' dir='ltr'><strong>sanctius</strong></span> <span class='ocrx_word' id='word_1_360' title='bbox 1241 3086 1295 3140; x_wconf 92' lang='lat' dir='ltr'><strong>in</strong></span> <span class='ocrx_word' id='word_1_361' title='bbox 1326 3086 1539 3141; x_wconf 92' lang='lat' dir='ltr'><strong>humani</strong></span> <span class='ocrx_word' id='word_1_362' title='bbox 1567 3088 1778 3158; x_wconf 89' lang='lat' dir='ltr'><strong>generis</strong></span> <span class='ocrx_word' id='word_1_363' title='bbox 1814 3091 1953 3146; x_wconf 90' lang='lat' dir='ltr'><strong>serie</strong></span> <span class='ocrx_word' id='word_1_364' title='bbox 1995 3106 2088 3161; x_wconf 84' lang='lat' dir='ltr'><strong>po-</strong></span> 
     </span>
    </p>
   </div>
   <div class='ocr_carea' id='block_1_46' title="bbox 2205 1975 3779 2060">
    <p class='ocr_par' dir='ltr' id='par_1_46' title="bbox 2205 1975 3779 2060">
     <span class='ocr_line' id='line_1_46' title="bbox 2205 1975 3779 2060; baseline 0.01 -30"><span class='ocrx_word' id='word_1_365' title='bbox 2205 1975 2486 2046; x_wconf 87' lang='lat' dir='ltr'><strong>virginitas</strong></span> <span class='ocrx_word' id='word_1_366' title='bbox 2532 1988 2644 2036; x_wconf 91' lang='lat' dir='ltr'><strong>toto</strong></span> <span class='ocrx_word' id='word_1_367' title='bbox 2688 1980 2878 2037; x_wconf 90' lang='lat' dir='ltr'><strong>adnisu</strong></span> <span class='ocrx_word' id='word_1_368' title='bbox 2923 1982 3105 2038; x_wconf 85' lang='lat' dir='ltr'><strong>infima</strong></span> <span class='ocrx_word' id='word_1_369' title='bbox 3150 1984 3411 2055; x_wconf 80' lang='lat' dir='ltr'><strong>deSpicit,</strong></span> <span class='ocrx_word' id='word_1_370' title='bbox 3457 1996 3511 2043; x_wconf 88' lang='lat' dir='ltr'><strong>et</strong></span> <span class='ocrx_word' id='word_1_371' title='bbox 3556 2004 3618 2044; x_wconf 87' lang='lat' dir='ltr'><strong>ea</strong></span> <span class='ocrx_word' id='word_1_372' title='bbox 3660 2004 3779 2060; x_wconf 68' lang='lat' dir='ltr'><strong>qua:</strong></span> 
     </span>
    </p>
   </div>
   <div class='ocr_carea' id='block_1_47' title="bbox 2205 2072 3777 2138">
    <p class='ocr_par' dir='ltr' id='par_1_47' title="bbox 2205 2072 3777 2138">
     <span class='ocr_line' id='line_1_47' title="bbox 2205 2072 3777 2138; baseline 0.011 -18"><span class='ocrx_word' id='word_1_373' title='bbox 2205 2078 2435 2136; x_wconf 89' lang='lat' dir='ltr'><strong>superna</strong></span> <span class='ocrx_word' id='word_1_374' title='bbox 2484 2078 2612 2125; x_wconf 92' lang='lat' dir='ltr'><strong>sunt</strong></span> <span class='ocrx_word' id='word_1_375' title='bbox 2659 2072 2849 2127; x_wconf 88' lang='lat' dir='ltr'><strong>ambit.</strong></span> <span class='ocrx_word' id='word_1_376' title='bbox 2903 2073 3185 2131; x_wconf 87' lang='lat' dir='ltr'><strong>Candescit</strong></span> <span class='ocrx_word' id='word_1_377' title='bbox 3230 2077 3469 2133; x_wconf 83' lang='lat' dir='ltr'><strong>exterius</strong></span> <span class='ocrx_word' id='word_1_378' title='bbox 3518 2082 3777 2138; x_wconf 85' lang='lat' dir='ltr'><strong>munditia</strong></span> 
     </span>
    </p>
   </div>
   <div class='ocr_carea' id='block_1_48' title="bbox 2202 2156 3777 2241">
    <p class='ocr_par' dir='ltr' id='par_1_48' title="bbox 2202 2156 3777 2241">
     <span class='ocr_line' id='line_1_48' title="bbox 2202 2156 3777 2241; baseline 0.011 -29"><span class='ocrx_word' id='word_1_379' title='bbox 2202 2156 2455 2227; x_wconf 76' lang='lat' dir='ltr'><strong>virginea:</strong></span> <span class='ocrx_word' id='word_1_380' title='bbox 2487 2161 2693 2229; x_wconf 88' lang='lat' dir='ltr'><strong>carnis,</strong></span> <span class='ocrx_word' id='word_1_381' title='bbox 2726 2162 3046 2222; x_wconf 84' lang='lat' dir='ltr'><strong>ﬂammescit</strong></span> <span class='ocrx_word' id='word_1_382' title='bbox 3072 2165 3298 2224; x_wconf 92' lang='lat' dir='ltr'><strong>interius</strong></span> <span class='ocrx_word' id='word_1_383' title='bbox 3327 2156 3512 2226; x_wconf 84' lang='lat' dir='ltr'><strong>amore</strong></span> <span class='ocrx_word' id='word_1_384' title='bbox 3550 2172 3777 2241; x_wconf 76' lang='lat' dir='ltr'><strong>geminat</strong></span> 
     </span>
    </p>
   </div>
   <div class='ocr_carea' id='block_1_49' title="bbox 2200 2248 3775 2333">
    <p class='ocr_par' dir='ltr' id='par_1_49' title="bbox 2200 2248 3775 2333">
     <span class='ocr_line' id='line_1_49' title="bbox 2200 2248 3775 2333; baseline 0.01 -27"><span class='ocrx_word' id='word_1_385' title='bbox 2200 2248 2518 2308; x_wconf 88' lang='lat' dir='ltr'><strong>eharitatis:</strong></span> <span class='ocrx_word' id='word_1_386' title='bbox 2569 2253 2757 2324; x_wconf 85' lang='lat' dir='ltr'><strong>flagrat</strong></span> <span class='ocrx_word' id='word_1_387' title='bbox 2811 2270 3003 2325; x_wconf 89' lang='lat' dir='ltr'><strong>passus</strong></span> <span class='ocrx_word' id='word_1_388' title='bbox 3049 2258 3217 2315; x_wconf 90' lang='lat' dir='ltr'><strong>odore</strong></span> <span class='ocrx_word' id='word_1_389' title='bbox 3258 2258 3429 2316; x_wconf 75' lang='lat' dir='ltr'><strong>bonae</strong></span> <span class='ocrx_word' id='word_1_390' title='bbox 3472 2263 3775 2333; x_wconf 80' lang='lat' dir='ltr'><strong>Opinionis,</strong></span> 
     </span>
    </p>
   </div>
   <div class='ocr_carea' id='block_1_50' title="bbox 2199 2342 3774 2409">
    <p class='ocr_par' dir='ltr' id='par_1_50' title="bbox 2199 2342 3774 2409">
     <span class='ocr_line' id='line_1_50' title="bbox 2199 2342 3774 2409; baseline 0.006 -11"><span class='ocrx_word' id='word_1_391' title='bbox 2199 2342 2505 2399; x_wconf 78' lang='lat' dir='ltr'><strong>extenditur</strong></span> <span class='ocrx_word' id='word_1_392' title='bbox 2532 2345 2600 2399; x_wconf 85' lang='lat' dir='ltr'><strong>ad</strong></span> <span class='ocrx_word' id='word_1_393' title='bbox 2640 2346 2890 2402; x_wconf 88' lang='lat' dir='ltr'><strong>sublimia</strong></span> <span class='ocrx_word' id='word_1_394' title='bbox 2935 2348 3237 2404; x_wconf 86' lang='lat' dir='ltr'><strong>intentione</strong></span> <span class='ocrx_word' id='word_1_395' title='bbox 3280 2351 3526 2407; x_wconf 89' lang='lat' dir='ltr'><strong>continua</strong></span> <span class='ocrx_word' id='word_1_396' title='bbox 3569 2353 3774 2409; x_wconf 87' lang='lat' dir='ltr'><strong>cordis.</strong></span> 
     </span>
    </p>
   </div>
   <div class='ocr_carea' id='block_1_51' title="bbox 2196 2430 3761 2511">
    <p class='ocr_par' dir='ltr' id='par_1_51' title="bbox 2196 2430 3761 2511">
     <span class='ocr_line' id='line_1_51' title="bbox 2196 2430 3761 2511; baseline 0.007 -23"><span class='ocrx_word' id='word_1_397' title='bbox 2196 2430 2301 2488; x_wconf 89' lang='lat' dir='ltr'><strong>Sed</strong></span> <span class='ocrx_word' id='word_1_398' title='bbox 2329 2433 2431 2489; x_wconf 86' lang='lat' dir='ltr'><strong>hoc</strong></span> <span class='ocrx_word' id='word_1_399' title='bbox 2458 2435 2672 2504; x_wconf 87' lang='lat' dir='ltr'><strong>pretiosi</strong></span> <span class='ocrx_word' id='word_1_400' title='bbox 2703 2436 2955 2506; x_wconf 89' lang='lat' dir='ltr'><strong>germinis</strong></span> <span class='ocrx_word' id='word_1_401' title='bbox 2984 2437 3185 2504; x_wconf 87' lang='lat' dir='ltr'><strong>lilium,</strong></span> <span class='ocrx_word' id='word_1_402' title='bbox 3226 2440 3359 2496; x_wconf 84' lang='lat' dir='ltr'><strong>sicut</strong></span> <span class='ocrx_word' id='word_1_403' title='bbox 3386 2455 3533 2497; x_wconf 87' lang='lat' dir='ltr'><strong>sacra</strong></span> <span class='ocrx_word' id='word_1_404' title='bbox 3565 2444 3761 2511; x_wconf 81' lang='lat' dir='ltr'><strong>perhi-</strong></span> 
     </span>
    </p>
   </div>
   <div class='ocr_carea' id='block_1_52' title="bbox 2196 2522 3773 2597">
    <p class='ocr_par' dir='ltr' id='par_1_52' title="bbox 2196 2522 3773 2597">
     <span class='ocr_line' id='line_1_52' title="bbox 2196 2522 3773 2597; baseline 0.006 -17"><span class='ocrx_word' id='word_1_405' title='bbox 2196 2522 2290 2580; x_wconf 85' lang='lat' dir='ltr'><strong>bet</strong></span> <span class='ocrx_word' id='word_1_406' title='bbox 2318 2524 2512 2592; x_wconf 87' lang='lat' dir='ltr'><strong>lectio,</strong></span> <span class='ocrx_word' id='word_1_407' title='bbox 2543 2526 2683 2582; x_wconf 91' lang='lat' dir='ltr'><strong>inter</strong></span> <span class='ocrx_word' id='word_1_408' title='bbox 2713 2527 2895 2597; x_wconf 88' lang='lat' dir='ltr'><strong>spinas</strong></span> <span class='ocrx_word' id='word_1_409' title='bbox 2930 2528 3238 2597; x_wconf 89' lang='lat' dir='ltr'><strong>invenitur;</strong></span> <span class='ocrx_word' id='word_1_410' title='bbox 3281 2538 3338 2586; x_wconf 90' lang='lat' dir='ltr'><strong>ut</strong></span> <span class='ocrx_word' id='word_1_411' title='bbox 3381 2532 3630 2588; x_wconf 86' lang='lat' dir='ltr'><strong>noverint</strong></span> <span class='ocrx_word' id='word_1_412' title='bbox 3670 2548 3773 2591; x_wconf 83' lang='lat' dir='ltr'><strong>ve-</strong></span> 
     </span>
    </p>
   </div>
   <div class='ocr_carea' id='block_1_53' title="bbox 2195 2616 3776 2687">
    <p class='ocr_par' dir='ltr' id='par_1_53' title="bbox 2195 2616 3776 2687">
     <span class='ocr_line' id='line_1_53' title="bbox 2195 2616 3776 2687; baseline 0.006 -14"><span class='ocrx_word' id='word_1_413' title='bbox 2195 2616 2449 2673; x_wconf 64' lang='lat' dir='ltr'><strong>nerandae</strong></span> <span class='ocrx_word' id='word_1_414' title='bbox 2504 2616 2736 2687; x_wconf 84' lang='lat' dir='ltr'><strong>virgines</strong></span> <span class='ocrx_word' id='word_1_415' title='bbox 2781 2627 2836 2675; x_wconf 89' lang='lat' dir='ltr'><strong>et</strong></span> <span class='ocrx_word' id='word_1_416' title='bbox 2878 2618 3153 2676; x_wconf 90' lang='lat' dir='ltr'><strong>hominum</strong></span> <span class='ocrx_word' id='word_1_417' title='bbox 3195 2634 3256 2677; x_wconf 91' lang='lat' dir='ltr'><strong>se</strong></span> <span class='ocrx_word' id='word_1_418' title='bbox 3299 2620 3497 2678; x_wconf 85' lang='lat' dir='ltr'><strong>debere</strong></span> <span class='ocrx_word' id='word_1_419' title='bbox 3540 2623 3776 2682; x_wconf 85' lang='lat' dir='ltr'><strong>tolerare</strong></span> 
     </span>
    </p>
   </div>
   <div class='ocr_carea' id='block_1_54' title="bbox 2197 2710 3774 2783">
    <p class='ocr_par' dir='ltr' id='par_1_54' title="bbox 2197 2710 3774 2783">
     <span class='ocr_line' id='line_1_54' title="bbox 2197 2710 3774 2783; baseline 0.003 -16"><span class='ocrx_word' id='word_1_420' title='bbox 2197 2710 2502 2778; x_wconf 90' lang='lat' dir='ltr'><strong>molestias,</strong></span> <span class='ocrx_word' id='word_1_421' title='bbox 2537 2711 2677 2767; x_wconf 89' lang='lat' dir='ltr'><strong>inter</strong></span> <span class='ocrx_word' id='word_1_422' title='bbox 2706 2725 2840 2782; x_wconf 91' lang='lat' dir='ltr'><strong>quos</strong></span> <span class='ocrx_word' id='word_1_423' title='bbox 2865 2711 3096 2783; x_wconf 89' lang='lat' dir='ltr'><strong>degunt,</strong></span> <span class='ocrx_word' id='word_1_424' title='bbox 3127 2722 3181 2770; x_wconf 88' lang='lat' dir='ltr'><strong>et</strong></span> <span class='ocrx_word' id='word_1_425' title='bbox 3219 2713 3565 2783; x_wconf 83' lang='lat' dir='ltr'><strong>punctiouum</strong></span> <span class='ocrx_word' id='word_1_426' title='bbox 3595 2725 3774 2772; x_wconf 84' lang='lat' dir='ltr'><strong>tenta-</strong></span> 
     </span>
    </p>
   </div>
   <div class='ocr_carea' id='block_1_55' title="bbox 2193 2804 3774 2878">
    <p class='ocr_par' dir='ltr' id='par_1_55' title="bbox 2193 2804 3774 2878">
     <span class='ocr_line' id='line_1_55' title="bbox 2193 2804 3774 2878; baseline 0.004 -20"><span class='ocrx_word' id='word_1_427' title='bbox 2193 2804 2339 2859; x_wconf 86' lang='lat' dir='ltr'><strong>mina</strong></span> <span class='ocrx_word' id='word_1_428' title='bbox 2364 2804 2713 2873; x_wconf 73' lang='lat' dir='ltr'><strong>malignorum</strong></span> <span class='ocrx_word' id='word_1_429' title='bbox 2740 2804 2950 2862; x_wconf 87' lang='lat' dir='ltr'><strong>fortiter</strong></span> <span class='ocrx_word' id='word_1_430' title='bbox 2976 2820 3228 2877; x_wconf 86' lang='lat' dir='ltr'><strong>superare</strong></span> <span class='ocrx_word' id='word_1_431' title='bbox 3249 2807 3528 2876; x_wconf 88' lang='lat' dir='ltr'><strong>spirituum</strong></span> <span class='ocrx_word' id='word_1_432' title='bbox 3548 2851 3565 2878; x_wconf 91' lang='lat'><strong>,</strong></span> <span class='ocrx_word' id='word_1_433' title='bbox 3595 2818 3657 2863; x_wconf 92' lang='lat' dir='ltr'><strong>ut</strong></span> <span class='ocrx_word' id='word_1_434' title='bbox 3680 2825 3774 2878; x_wconf 86' lang='lat' dir='ltr'><strong>per</strong></span> 
     </span>
    </p>
   </div>
   <div class='ocr_carea' id='block_1_56' title="bbox 2198 2894 3768 2957">
    <p class='ocr_par' dir='ltr' id='par_1_56' title="bbox 2198 2894 3768 2957">
     <span class='ocr_line' id='line_1_56' title="bbox 2198 2894 3768 2957; baseline 0.004 -7"><span class='ocrx_word' id='word_1_435' title='bbox 2198 2894 2313 2951; x_wconf 60' lang='lat' dir='ltr'><strong>huic</strong></span> <span class='ocrx_word' id='word_1_436' title='bbox 2341 2911 2368 2949; x_wconf 88' lang='lat' dir='ltr'><strong>a</strong></span> <span class='ocrx_word' id='word_1_437' title='bbox 2403 2896 2629 2953; x_wconf 89' lang='lat' dir='ltr'><strong>Domino</strong></span> <span class='ocrx_word' id='word_1_438' title='bbox 2659 2898 2845 2953; x_wconf 73' lang='lat' dir='ltr'><strong>amica:</strong></span> <span class='ocrx_word' id='word_1_439' title='bbox 2877 2898 3018 2954; x_wconf 89' lang='lat' dir='ltr'><strong>inter</strong></span> <span class='ocrx_word' id='word_1_440' title='bbox 3046 2897 3181 2954; x_wconf 86' lang='lat' dir='ltr'><strong>filias</strong></span> <span class='ocrx_word' id='word_1_441' title='bbox 3223 2899 3415 2956; x_wconf 81' lang='lat' dir='ltr'><strong>vocari</strong></span> <span class='ocrx_word' id='word_1_442' title='bbox 3441 2910 3768 2957; x_wconf 87' lang='lat' dir='ltr'><strong>mereantur.</strong></span> 
     </span>
    </p>
   </div>
   <div class='ocr_carea' id='block_1_57' title="bbox 2196 2988 3771 3064">
    <p class='ocr_par' dir='ltr' id='par_1_57' title="bbox 2196 2988 3771 3064">
     <span class='ocr_line' id='line_1_57' title="bbox 2196 2988 3771 3064; baseline 0.004 -19"><span class='ocrx_word' id='word_1_443' title='bbox 2196 2988 2277 3045; x_wconf 79' lang='lat' dir='ltr'><strong>Ad</strong></span> <span class='ocrx_word' id='word_1_444' title='bbox 2310 2988 2426 3045; x_wconf 57' lang='lat' dir='ltr'><strong>haec</strong></span> <span class='ocrx_word' id='word_1_445' title='bbox 2456 2991 2754 3060; x_wconf 86' lang='lat' dir='ltr'><strong>colligenda</strong></span> <span class='ocrx_word' id='word_1_446' title='bbox 2792 2989 2901 3046; x_wconf 91' lang='lat' dir='ltr'><strong>lilia</strong></span> <span class='ocrx_word' id='word_1_447' title='bbox 2937 2991 3238 3048; x_wconf 88' lang='lat' dir='ltr'><strong>venientem</strong></span> <span class='ocrx_word' id='word_1_448' title='bbox 3277 3006 3534 3061; x_wconf 85' lang='lat' dir='ltr'><strong>sponsum</strong></span> <span class='ocrx_word' id='word_1_449' title='bbox 3574 3008 3771 3064; x_wconf 83' lang='lat' dir='ltr'><strong>sponsa</strong></span> 
     </span>
    </p>
   </div>
   <div class='ocr_carea' id='block_1_58' title="bbox 2194 3082 3773 3150">
    <p class='ocr_par' dir='ltr' id='par_1_58' title="bbox 2194 3082 3773 3150">
     <span class='ocr_line' id='line_1_58' title="bbox 2194 3082 3773 3150; baseline 0.006 -14"><span class='ocrx_word' id='word_1_450' title='bbox 2194 3082 2431 3150; x_wconf 82' lang='lat' dir='ltr'><strong>viderat,</strong></span> <span class='ocrx_word' id='word_1_451' title='bbox 2484 3098 2604 3139; x_wconf 90' lang='lat' dir='ltr'><strong>cum</strong></span> <span class='ocrx_word' id='word_1_452' title='bbox 2655 3083 2907 3139; x_wconf 87' lang='lat' dir='ltr'><strong>dicebat:</strong></span> <span class='ocrx_word' id='word_1_453' title='bbox 2957 3083 3186 3140; x_wconf 79' lang='lat' dir='ltr'><strong>Dilectus</strong></span> <span class='ocrx_word' id='word_1_454' title='bbox 3229 3103 3370 3142; x_wconf 85' lang='lat' dir='ltr'><strong>meus</strong></span> <span class='ocrx_word' id='word_1_455' title='bbox 3415 3088 3674 3143; x_wconf 80' lang='lat' dir='ltr'><strong>descendit</strong></span> <span class='ocrx_word' id='word_1_456' title='bbox 3718 3092 3773 3145; x_wconf 88' lang='lat' dir='ltr'><strong>in</strong></span> 
     </span>
    </p>
   </div>
   <div class='ocr_carea' id='block_1_59' title="bbox 522 3174 3772 3279">
    <p class='ocr_par' dir='ltr' id='par_1_59' title="bbox 522 3174 3772 3279">
     <span class='ocr_line' id='line_1_59' title="bbox 522 3174 3772 3279; baseline 0.002 -50"><span class='ocrx_word' id='word_1_457' title='bbox 522 3174 621 3229; x_wconf 92' lang='lat' dir='ltr'><strong>tuit</strong></span> <span class='ocrx_word' id='word_1_458' title='bbox 648 3175 846 3231; x_wconf 81' lang='lat' dir='ltr'><strong>exoriri</strong></span> <span class='ocrx_word' id='word_1_459' title='bbox 872 3176 895 3229; x_wconf 84' lang='lat'><strong>?</strong></span> <span class='ocrx_word' id='word_1_460' title='bbox 921 3176 1005 3230; x_wconf 92' lang='lat' dir='ltr'><strong>cui</strong></span> <span class='ocrx_word' id='word_1_461' title='bbox 1041 3178 1215 3233; x_wconf 91' lang='lat' dir='ltr'><strong>uultus</strong></span> <span class='ocrx_word' id='word_1_462' title='bbox 1242 3178 1664 3248; x_wconf 86' lang='lat' dir='ltr'><strong>patriarcharum</strong></span> <span class='ocrx_word' id='word_1_463' title='bbox 1688 3220 1704 3247; x_wconf 88' lang='lat'><strong>,</strong></span> <span class='ocrx_word' id='word_1_464' title='bbox 1747 3181 1921 3237; x_wconf 90' lang='lat' dir='ltr'><strong>nullus</strong></span> <span class='ocrx_word' id='word_1_465' title='bbox 1964 3197 2086 3253; x_wconf 87' lang='lat' dir='ltr'><strong>pro-</strong></span> <span class='ocrx_word' id='word_1_466' title='bbox 2115 3218 2163 3279; x_wconf 77' lang='lat' dir='ltr'><strong>C</strong></span> <span class='ocrx_word' id='word_1_467' title='bbox 2190 3176 2391 3233; x_wconf 80' lang='lat' dir='ltr'><strong>hortum</strong></span> <span class='ocrx_word' id='word_1_468' title='bbox 2420 3195 2569 3234; x_wconf 78' lang='lat' dir='ltr'><strong>suum</strong></span> <span class='ocrx_word' id='word_1_469' title='bbox 2590 3222 2603 3245; x_wconf 89' lang='lat'><strong>,</strong></span> <span class='ocrx_word' id='word_1_470' title='bbox 2645 3181 2713 3233; x_wconf 86' lang='lat' dir='ltr'><strong>ad</strong></span> <span class='ocrx_word' id='word_1_471' title='bbox 2750 3181 2976 3235; x_wconf 87' lang='lat' dir='ltr'><strong>areolam</strong></span> <span class='ocrx_word' id='word_1_472' title='bbox 3009 3183 3286 3248; x_wconf 82' lang='lat' dir='ltr'><strong>aromatis,</strong></span> <span class='ocrx_word' id='word_1_473' title='bbox 3323 3191 3380 3237; x_wconf 84' lang='lat' dir='ltr'><strong>ut</strong></span> <span class='ocrx_word' id='word_1_474' title='bbox 3416 3182 3530 3279; x_wconf 69' lang='lat' dir='ltr'><strong>lilia</strong></span> <span class='ocrx_word' id='word_1_475' title='bbox 3562 3184 3772 3261; x_wconf 79' lang='lat' dir='ltr'><strong>colligat</strong></span> 
     </span>
    </p>
   </div>
   <div class='ocr_carea' id='block_1_60' title="bbox 523 3266 2083 3345">
    <p class='ocr_par' dir='ltr' id='par_1_60' title="bbox 523 3266 2083 3345">
     <span class='ocr_line' id='line_1_60' title="bbox 523 3266 2083 3345; baseline 0.008 -24"><span class='ocrx_word' id='word_1_476' title='bbox 523 3266 831 3335; x_wconf 89' lang='lat' dir='ltr'><strong>phetarum,</strong></span> <span class='ocrx_word' id='word_1_477' title='bbox 879 3269 1054 3324; x_wconf 92' lang='lat' dir='ltr'><strong>nullus</strong></span> <span class='ocrx_word' id='word_1_478' title='bbox 1107 3270 1481 3340; x_wconf 90' lang='lat' dir='ltr'><strong>antiquorum,</strong></span> <span class='ocrx_word' id='word_1_479' title='bbox 1527 3273 1703 3329; x_wconf 91' lang='lat' dir='ltr'><strong>nullus</strong></span> <span class='ocrx_word' id='word_1_480' title='bbox 1750 3278 2083 3345; x_wconf 83' lang='lat' dir='ltr'><strong>sequentium</strong></span> 
     </span>
    </p>
   </div>
   <div class='ocr_carea' id='block_1_61' title="bbox 518 3358 2081 3438">
    <p class='ocr_par' dir='ltr' id='par_1_61' title="bbox 518 3358 2081 3438">
     <span class='ocr_line' id='line_1_61' title="bbox 518 3358 2081 3438; baseline 0.006 -22"><span class='ocrx_word' id='word_1_481' title='bbox 518 3358 733 3416; x_wconf 87' lang='lat' dir='ltr'><strong>Patrum</strong></span> <span class='ocrx_word' id='word_1_482' title='bbox 752 3400 769 3427; x_wconf 93' lang='lat'><strong>,</strong></span> <span class='ocrx_word' id='word_1_483' title='bbox 800 3360 975 3415; x_wconf 90' lang='lat' dir='ltr'><strong>nullus</strong></span> <span class='ocrx_word' id='word_1_484' title='bbox 998 3375 1214 3428; x_wconf 88' lang='lat' dir='ltr'><strong>prorsus</strong></span> <span class='ocrx_word' id='word_1_485' title='bbox 1242 3363 1437 3431; x_wconf 89' lang='lat' dir='ltr'><strong>poterit</strong></span> <span class='ocrx_word' id='word_1_486' title='bbox 1463 3364 1736 3421; x_wconf 90' lang='lat' dir='ltr'><strong>hominum</strong></span> <span class='ocrx_word' id='word_1_487' title='bbox 1760 3372 2081 3438; x_wconf 90' lang='lat' dir='ltr'><strong>comparari.</strong></span> 
     </span>
    </p>
   </div>
   <div class='ocr_carea' id='block_1_62' title="bbox 518 3447 2085 3520">
    <p class='ocr_par' dir='ltr' id='par_1_62' title="bbox 518 3447 2085 3520">
     <span class='ocr_line' id='line_1_62' title="bbox 518 3447 2085 3520; baseline 0.008 -19"><span class='ocrx_word' id='word_1_488' title='bbox 518 3447 651 3502; x_wconf 85' lang='lat' dir='ltr'><strong>Nam</strong></span> <span class='ocrx_word' id='word_1_489' title='bbox 680 3448 947 3517; x_wconf 91' lang='lat' dir='ltr'><strong>quomodo</strong></span> <span class='ocrx_word' id='word_1_490' title='bbox 975 3448 1100 3504; x_wconf 89' lang='lat' dir='ltr'><strong>huic</strong></span> <span class='ocrx_word' id='word_1_491' title='bbox 1127 3449 1404 3520; x_wconf 87' lang='lat' dir='ltr'><strong>quisquam</strong></span> <span class='ocrx_word' id='word_1_492' title='bbox 1434 3453 1782 3508; x_wconf 76' lang='lat' dir='ltr'><strong>:estimabitur</strong></span> <span class='ocrx_word' id='word_1_493' title='bbox 1808 3458 2085 3514; x_wconf 86' lang='lat' dir='ltr'><strong>conferen-</strong></span> 
     </span>
    </p>
   </div>
   <div class='ocr_carea' id='block_1_63' title="bbox 518 3541 2085 3615">
    <p class='ocr_par' dir='ltr' id='par_1_63' title="bbox 518 3541 2085 3615">
     <span class='ocr_line' id='line_1_63' title="bbox 518 3541 2085 3615; baseline 0.007 -20"><span class='ocrx_word' id='word_1_494' title='bbox 518 3541 638 3606; x_wconf 90' lang='lat' dir='ltr'><strong>dus,</strong></span> <span class='ocrx_word' id='word_1_495' title='bbox 671 3541 881 3611; x_wconf 88' lang='lat' dir='ltr'><strong>quando</strong></span> <span class='ocrx_word' id='word_1_496' title='bbox 913 3549 1107 3611; x_wconf 69' lang='lat' dir='ltr'><strong>praeter</strong></span> <span class='ocrx_word' id='word_1_497' title='bbox 1138 3542 1451 3613; x_wconf 87' lang='lat' dir='ltr'><strong>virginitatis</strong></span> <span class='ocrx_word' id='word_1_498' title='bbox 1493 3545 1895 3615; x_wconf 80' lang='lat' dir='ltr'><strong>excellentiam,</strong></span> <span class='ocrx_word' id='word_1_499' title='bbox 1925 3557 2085 3606; x_wconf 68' lang='lat' dir='ltr'><strong>tantas</strong></span> 
     </span>
    </p>
   </div>
   <div class='ocr_carea' id='block_1_64' title="bbox 515 3633 2085 3702">
    <p class='ocr_par' dir='ltr' id='par_1_64' title="bbox 515 3633 2085 3702">
     <span class='ocr_line' id='line_1_64' title="bbox 515 3633 2085 3702; baseline 0.004 -12"><span class='ocrx_word' id='word_1_500' title='bbox 515 3634 855 3691; x_wconf 86' lang='lat' dir='ltr'><strong>sublimitatis</strong></span> <span class='ocrx_word' id='word_1_501' title='bbox 884 3634 1255 3702; x_wconf 88' lang='lat' dir='ltr'><strong>supereminet</strong></span> <span class='ocrx_word' id='word_1_502' title='bbox 1282 3633 1501 3691; x_wconf 84' lang='lat' dir='ltr'><strong>fructu?</strong></span> <span class='ocrx_word' id='word_1_503' title='bbox 1529 3635 1635 3692; x_wconf 89' lang='lat' dir='ltr'><strong>Nec</strong></span> <span class='ocrx_word' id='word_1_504' title='bbox 1664 3639 1856 3693; x_wconf 88' lang='lat' dir='ltr'><strong>mirum</strong></span> <span class='ocrx_word' id='word_1_505' title='bbox 1894 3641 1938 3694; x_wconf 90' lang='lat' dir='ltr'><strong>si</strong></span> <span class='ocrx_word' id='word_1_506' title='bbox 1967 3642 2085 3697; x_wconf 67' lang='lat' dir='ltr'><strong>haec</strong></span> 
     </span>
    </p>
   </div>
   <div class='ocr_carea' id='block_1_65' title="bbox 515 3725 2086 3797">
    <p class='ocr_par' dir='ltr' id='par_1_65' title="bbox 515 3725 2086 3797">
     <span class='ocr_line' id='line_1_65' title="bbox 515 3725 2086 3797; baseline 0.006 -18"><span class='ocrx_word' id='word_1_507' title='bbox 515 3735 620 3780; x_wconf 88' lang='lat' dir='ltr'><strong>tam</strong></span> <span class='ocrx_word' id='word_1_508' title='bbox 655 3725 910 3781; x_wconf 85' lang='lat' dir='ltr'><strong>mirabilis</strong></span> <span class='ocrx_word' id='word_1_509' title='bbox 936 3725 1103 3797; x_wconf 86' lang='lat' dir='ltr'><strong>Virgo</strong></span> <span class='ocrx_word' id='word_1_510' title='bbox 1143 3736 1457 3783; x_wconf 91' lang='lat' dir='ltr'><strong>cunctorum</strong></span> <span class='ocrx_word' id='word_1_511' title='bbox 1497 3729 1866 3786; x_wconf 89' lang='lat' dir='ltr'><strong>celsitudinem</strong></span> <span class='ocrx_word' id='word_1_512' title='bbox 1913 3741 2086 3788; x_wconf 84' lang='lat' dir='ltr'><strong>trans-</strong></span> 
     </span>
    </p>
   </div>
   <div class='ocr_carea' id='block_1_66' title="bbox 514 3816 2085 3889">
    <p class='ocr_par' dir='ltr' id='par_1_66' title="bbox 514 3816 2085 3889">
     <span class='ocr_line' id='line_1_66' title="bbox 514 3816 2085 3889; baseline 0.005 -18"><span class='ocrx_word' id='word_1_513' title='bbox 514 3816 703 3871; x_wconf 87' lang='lat' dir='ltr'><strong>cendat</strong></span> <span class='ocrx_word' id='word_1_514' title='bbox 734 3816 1069 3884; x_wconf 87' lang='lat' dir='ltr'><strong>mortalium,</strong></span> <span class='ocrx_word' id='word_1_515' title='bbox 1103 3830 1222 3872; x_wconf 92' lang='lat' dir='ltr'><strong>cum</strong></span> <span class='ocrx_word' id='word_1_516' title='bbox 1264 3817 1315 3871; x_wconf 91' lang='lat' dir='ltr'><strong>in</strong></span> <span class='ocrx_word' id='word_1_517' title='bbox 1362 3817 1463 3873; x_wconf 88' lang='lat' dir='ltr'><strong>hac</strong></span> <span class='ocrx_word' id='word_1_518' title='bbox 1504 3829 1658 3889; x_wconf 89' lang='lat' dir='ltr'><strong>parte</strong></span> <span class='ocrx_word' id='word_1_519' title='bbox 1699 3821 1859 3877; x_wconf 90' lang='lat' dir='ltr'><strong>etiam</strong></span> <span class='ocrx_word' id='word_1_520' title='bbox 1901 3823 2085 3879; x_wconf 87' lang='lat' dir='ltr'><strong>beato-</strong></span> 
     </span>
    </p>
   </div>
   <div class='ocr_carea' id='block_1_67' title="bbox 513 3906 2081 3978">
    <p class='ocr_par' dir='ltr' id='par_1_67' title="bbox 513 3906 2081 3978">
     <span class='ocr_line' id='line_1_67' title="bbox 513 3906 2081 3978; baseline 0.006 -17"><span class='ocrx_word' id='word_1_521' title='bbox 513 3918 625 3961; x_wconf 90' lang='lat' dir='ltr'><strong>rum</strong></span> <span class='ocrx_word' id='word_1_522' title='bbox 674 3906 901 3962; x_wconf 80' lang='lat' dir='ltr'><strong>excellat</strong></span> <span class='ocrx_word' id='word_1_523' title='bbox 953 3907 1201 3962; x_wconf 90' lang='lat' dir='ltr'><strong>meritum</strong></span> <span class='ocrx_word' id='word_1_524' title='bbox 1249 3908 1583 3978; x_wconf 91' lang='lat' dir='ltr'><strong>angelorum.</strong></span> <span class='ocrx_word' id='word_1_525' title='bbox 1639 3909 1713 3966; x_wconf 90' lang='lat' dir='ltr'><strong>De</strong></span> <span class='ocrx_word' id='word_1_526' title='bbox 1762 3911 1864 3969; x_wconf 91' lang='lat' dir='ltr'><strong>hoc</strong></span> <span class='ocrx_word' id='word_1_527' title='bbox 1910 3912 2081 3971; x_wconf 87' lang='lat' dir='ltr'><strong>fructu</strong></span> 
     </span>
    </p>
   </div>
   <div class='ocr_carea' id='block_1_68' title="bbox 512 3996 2071 4074">
    <p class='ocr_par' dir='ltr' id='par_1_68' title="bbox 512 3996 2071 4074">
     <span class='ocr_line' id='line_1_68' title="bbox 512 3996 2071 4074; baseline 0.006 -21"><span class='ocrx_word' id='word_1_528' title='bbox 512 3996 649 4053; x_wconf 89' lang='lat' dir='ltr'><strong>Deus</strong></span> <span class='ocrx_word' id='word_1_529' title='bbox 678 3998 831 4053; x_wconf 86' lang='lat' dir='ltr'><strong>Pater</strong></span> <span class='ocrx_word' id='word_1_530' title='bbox 856 3999 920 4054; x_wconf 90' lang='lat' dir='ltr'><strong>ad</strong></span> <span class='ocrx_word' id='word_1_531' title='bbox 947 3999 1111 4055; x_wconf 81' lang='lat' dir='ltr'><strong>David</strong></span> <span class='ocrx_word' id='word_1_532' title='bbox 1142 4000 1370 4069; x_wconf 85' lang='lat' dir='ltr'><strong>loquitur</strong></span> <span class='ocrx_word' id='word_1_533' title='bbox 1396 4002 1639 4073; x_wconf 88' lang='lat' dir='ltr'><strong>inquiens</strong></span> <span class='ocrx_word' id='word_1_534' title='bbox 1666 4007 2024 4074; x_wconf 89' lang='lat' dir='ltr'><strong>patriarcham</strong></span> <span class='ocrx_word' id='word_1_535' title='bbox 2056 4025 2071 4062; x_wconf 91' lang='lat'><strong>:</strong></span> 
     </span>
    </p>
   </div>
   <div class='ocr_carea' id='block_1_69' title="bbox 511 4092 2075 4169">
    <p class='ocr_par' dir='ltr' id='par_1_69' title="bbox 511 4092 2075 4169">
     <span class='ocr_line' id='line_1_69' title="bbox 511 4092 2075 4169; baseline 0.005 -23"><span class='ocrx_word' id='word_1_536' title='bbox 511 4092 587 4147; x_wconf 90' lang='lat' dir='ltr'><strong>De</strong></span> <span class='ocrx_word' id='word_1_537' title='bbox 628 4094 793 4161; x_wconf 81' lang='lat' dir='ltr'><strong>[ructu</strong></span> <span class='ocrx_word' id='word_1_538' title='bbox 830 4093 1018 4148; x_wconf 83' lang='lat' dir='ltr'><strong>ventris</strong></span> <span class='ocrx_word' id='word_1_539' title='bbox 1045 4093 1119 4146; x_wconf 89' lang='lat' dir='ltr'><strong>tui</strong></span> <span class='ocrx_word' id='word_1_540' title='bbox 1146 4109 1333 4163; x_wconf 88' lang='lat' dir='ltr'><strong>ponam</strong></span> <span class='ocrx_word' id='word_1_541' title='bbox 1359 4110 1510 4163; x_wconf 89' lang='lat' dir='ltr'><strong>super</strong></span> <span class='ocrx_word' id='word_1_542' title='bbox 1534 4095 1705 4150; x_wconf 88' lang='lat' dir='ltr'><strong>sedem</strong></span> <span class='ocrx_word' id='word_1_543' title='bbox 1732 4105 1873 4151; x_wconf 87' lang='lat' dir='ltr'><strong>tuam</strong></span> <span class='ocrx_word' id='word_1_544' title='bbox 1902 4098 2075 4169; x_wconf 88' lang='lat' dir='ltr'><strong>(Psal.</strong></span> 
     </span>
    </p>
   </div>
   <div class='ocr_carea' id='block_1_70' title="bbox 509 4182 2078 4267">
    <p class='ocr_par' dir='ltr' id='par_1_70' title="bbox 509 4182 2078 4267">
     <span class='ocr_line' id='line_1_70' title="bbox 509 4182 2078 4267; baseline 0.004 -29"><span class='ocrx_word' id='word_1_545' title='bbox 509 4197 685 4238; x_wconf 75' lang='lat' dir='ltr'><strong>cxxxt</strong></span> <span class='ocrx_word' id='word_1_546' title='bbox 705 4225 719 4249; x_wconf 99' lang='lat'><strong>,</strong></span> <span class='ocrx_word' id='word_1_547' title='bbox 751 4184 860 4253; x_wconf 82' lang='grc'><strong>11).</strong></span> <span class='ocrx_word' id='word_1_548' title='bbox 893 4182 1041 4237; x_wconf 89' lang='lat' dir='ltr'><strong>llanc</strong></span> <span class='ocrx_word' id='word_1_549' title='bbox 1070 4183 1335 4253; x_wconf 86' lang='lat' dir='ltr'><strong>egregiam</strong></span> <span class='ocrx_word' id='word_1_550' title='bbox 1368 4182 1631 4253; x_wconf 88' lang='lat' dir='ltr'><strong>Virginem</strong></span> <span class='ocrx_word' id='word_1_551' title='bbox 1660 4185 2078 4267; x_wconf 83' lang='lat' dir='ltr'><strong>gloriosissimus</strong></span> 
     </span>
    </p>
   </div>
   <div class='ocr_carea' id='block_1_71' title="bbox 513 4273 2077 4345">
    <p class='ocr_par' dir='ltr' id='par_1_71' title="bbox 513 4273 2077 4345">
     <span class='ocr_line' id='line_1_71' title="bbox 513 4273 2077 4345; baseline 0.003 -14"><span class='ocrx_word' id='word_1_552' title='bbox 513 4276 892 4345; x_wconf 86' lang='lat' dir='ltr'><strong>prephetarum</strong></span> <span class='ocrx_word' id='word_1_553' title='bbox 938 4273 1099 4329; x_wconf 86' lang='lat' dir='ltr'><strong>Isaias</strong></span> <span class='ocrx_word' id='word_1_554' title='bbox 1147 4283 1271 4330; x_wconf 90' lang='lat' dir='ltr'><strong>ante</strong></span> <span class='ocrx_word' id='word_1_555' title='bbox 1317 4274 1482 4330; x_wconf 88' lang='lat' dir='ltr'><strong>multa</strong></span> <span class='ocrx_word' id='word_1_556' title='bbox 1521 4290 1780 4332; x_wconf 91' lang='lat' dir='ltr'><strong>annorum</strong></span> <span class='ocrx_word' id='word_1_557' title='bbox 1810 4280 2077 4337; x_wconf 90' lang='lat' dir='ltr'><strong>curricula</strong></span> 
     </span>
    </p>
   </div>
   <div class='ocr_carea' id='block_1_72' title="bbox 507 4366 2079 4440">
    <p class='ocr_par' dir='ltr' id='par_1_72' title="bbox 507 4366 2079 4440">
     <span class='ocr_line' id='line_1_72' title="bbox 507 4366 2079 4440; baseline 0.003 -18"><span class='ocrx_word' id='word_1_558' title='bbox 507 4381 749 4438; x_wconf 67' lang='lat' dir='ltr'><strong>praesago</strong></span> <span class='ocrx_word' id='word_1_559' title='bbox 776 4366 966 4436; x_wconf 88' lang='lat' dir='ltr'><strong>spiritu</strong></span> <span class='ocrx_word' id='word_1_560' title='bbox 1008 4366 1309 4435; x_wconf 75' lang='lat' dir='ltr'><strong>prtevidens</strong></span> <span class='ocrx_word' id='word_1_561' title='bbox 1356 4366 1524 4422; x_wconf 85' lang='lat' dir='ltr'><strong>dixit:</strong></span> <span class='ocrx_word' id='word_1_562' title='bbox 1550 4366 1826 4440; x_wconf 84' lang='lat' dir='ltr'><strong>Egreditur</strong></span> <span class='ocrx_word' id='word_1_563' title='bbox 1850 4371 1991 4440; x_wconf 82' lang='lat' dir='ltr'><strong>virga</strong></span> <span class='ocrx_word' id='word_1_564' title='bbox 2018 4372 2079 4426; x_wconf 89' lang='lat' dir='ltr'><strong>de</strong></span> 
     </span>
    </p>
   </div>
   <div class='ocr_carea' id='block_1_73' title="bbox 507 4456 2074 4533">
    <p class='ocr_par' dir='ltr' id='par_1_73' title="bbox 507 4456 2074 4533">
     <span class='ocr_line' id='line_1_73' title="bbox 507 4456 2074 4533; baseline 0.005 -22"><span class='ocrx_word' id='word_1_565' title='bbox 507 4458 684 4511; x_wconf 84' lang='lat' dir='ltr'><strong>radice</strong></span> <span class='ocrx_word' id='word_1_566' title='bbox 707 4456 868 4521; x_wconf 73' lang='lat' dir='ltr'><strong>Iesse,</strong></span> <span class='ocrx_word' id='word_1_567' title='bbox 897 4464 942 4511; x_wconf 88' lang='lat' dir='ltr'><strong>et</strong></span> <span class='ocrx_word' id='word_1_568' title='bbox 969 4460 1065 4526; x_wconf 83' lang='lat' dir='ltr'><strong>flos</strong></span> <span class='ocrx_word' id='word_1_569' title='bbox 1088 4457 1149 4512; x_wconf 88' lang='lat' dir='ltr'><strong>de</strong></span> <span class='ocrx_word' id='word_1_570' title='bbox 1173 4458 1343 4512; x_wconf 85' lang='lat' dir='ltr'><strong>radice</strong></span> <span class='ocrx_word' id='word_1_571' title='bbox 1363 4458 1475 4528; x_wconf 81' lang='lat' dir='ltr'><strong>ejus</strong></span> <span class='ocrx_word' id='word_1_572' title='bbox 1499 4460 1731 4515; x_wconf 85' lang='lat' dir='ltr'><strong>ascendet</strong></span> <span class='ocrx_word' id='word_1_573' title='bbox 1752 4460 1885 4533; x_wconf 84' lang='lat' dir='ltr'><strong>(lsa.</strong></span> <span class='ocrx_word' id='word_1_574' title='bbox 1906 4463 2074 4532; x_wconf 78' lang='lat' dir='ltr'><strong>x1,i).</strong></span> 
     </span>
    </p>
   </div>
   <div class='ocr_carea' id='block_1_74' title="bbox 508 4547 2078 4625">
    <p class='ocr_par' dir='ltr' id='par_1_74' title="bbox 508 4547 2078 4625">
     <span class='ocr_line' id='line_1_74' title="bbox 508 4547 2078 4625; baseline 0.005 -23"><span class='ocrx_word' id='word_1_575' title='bbox 508 4547 579 4602; x_wconf 88' lang='grc' dir='ltr'><strong>Ει</strong></span> <span class='ocrx_word' id='word_1_576' title='bbox 610 4562 767 4616; x_wconf 89' lang='lat' dir='ltr'><strong>quam</strong></span> <span class='ocrx_word' id='word_1_577' title='bbox 799 4548 1077 4614; x_wconf 87' lang='lat' dir='ltr'><strong>decenter,</strong></span> <span class='ocrx_word' id='word_1_578' title='bbox 1121 4548 1418 4605; x_wconf 90' lang='lat' dir='ltr'><strong>charissimi</strong></span> <span class='ocrx_word' id='word_1_579' title='bbox 1443 4593 1459 4617; x_wconf 91' lang='lat'><strong>,</strong></span> <span class='ocrx_word' id='word_1_580' title='bbox 1503 4552 1654 4607; x_wconf 90' lang='lat' dir='ltr'><strong>beata</strong></span> <span class='ocrx_word' id='word_1_581' title='bbox 1698 4557 1814 4609; x_wconf 62' lang='lat' dir='ltr'><strong>haec</strong></span> <span class='ocrx_word' id='word_1_582' title='bbox 1845 4553 1995 4625; x_wconf 85' lang='lat' dir='ltr'><strong>virgo</strong></span> <span class='ocrx_word' id='word_1_583' title='bbox 2024 4564 2078 4610; x_wconf 88' lang='lat' dir='ltr'><strong>et</strong></span> 
     </span>
    </p>
   </div>
   <div class='ocr_carea' id='block_1_75' title="bbox 505 4638 2077 4714">
    <p class='ocr_par' dir='ltr' id='par_1_75' title="bbox 505 4638 2077 4714">
     <span class='ocr_line' id='line_1_75' title="bbox 505 4638 2077 4714; baseline 0.004 -20"><span class='ocrx_word' id='word_1_584' title='bbox 505 4647 674 4694; x_wconf 89' lang='lat' dir='ltr'><strong>mater</strong></span> <span class='ocrx_word' id='word_1_585' title='bbox 702 4639 860 4707; x_wconf 74' lang='lat' dir='ltr'><strong>virga:</strong></span> <span class='ocrx_word' id='word_1_586' title='bbox 885 4638 1237 4706; x_wconf 90' lang='lat' dir='ltr'><strong>appellatione</strong></span> <span class='ocrx_word' id='word_1_587' title='bbox 1260 4641 1464 4711; x_wconf 88' lang='lat' dir='ltr'><strong>signata</strong></span> <span class='ocrx_word' id='word_1_588' title='bbox 1490 4651 1570 4697; x_wconf 89' lang='lat' dir='ltr'><strong>est</strong></span> <span class='ocrx_word' id='word_1_589' title='bbox 1588 4683 1603 4709; x_wconf 95' lang='lat'><strong>,</strong></span> <span class='ocrx_word' id='word_1_590' title='bbox 1627 4658 1745 4714; x_wconf 85' lang='lat' dir='ltr'><strong>quae</strong></span> <span class='ocrx_word' id='word_1_591' title='bbox 1774 4655 1827 4699; x_wconf 91' lang='lat' dir='ltr'><strong>et</strong></span> <span class='ocrx_word' id='word_1_592' title='bbox 1857 4646 2077 4714; x_wconf 84' lang='lat' dir='ltr'><strong>perfecti</strong></span> 
     </span>
    </p>
   </div>
   <div class='ocr_carea' id='block_1_76' title="bbox 507 4730 2076 4803">
    <p class='ocr_par' dir='ltr' id='par_1_76' title="bbox 507 4730 2076 4803">
     <span class='ocr_line' id='line_1_76' title="bbox 507 4730 2076 4803; baseline 0.004 -17"><span class='ocrx_word' id='word_1_593' title='bbox 507 4731 685 4801; x_wconf 90' lang='lat' dir='ltr'><strong>operis</strong></span> <span class='ocrx_word' id='word_1_594' title='bbox 716 4730 1066 4785; x_wconf 86' lang='lat' dir='ltr'><strong>intentionem</strong></span> <span class='ocrx_word' id='word_1_595' title='bbox 1110 4730 1175 4785; x_wconf 91' lang='lat' dir='ltr'><strong>ad</strong></span> <span class='ocrx_word' id='word_1_596' title='bbox 1217 4745 1450 4801; x_wconf 88' lang='lat' dir='ltr'><strong>superna</strong></span> <span class='ocrx_word' id='word_1_597' title='bbox 1488 4734 1740 4803; x_wconf 91' lang='lat' dir='ltr'><strong>emicuit,</strong></span> <span class='ocrx_word' id='word_1_598' title='bbox 1783 4745 1837 4790; x_wconf 92' lang='lat' dir='ltr'><strong>et</strong></span> <span class='ocrx_word' id='word_1_599' title='bbox 1877 4737 2076 4794; x_wconf 88' lang='lat' dir='ltr'><strong>vitiosi-</strong></span> 
     </span>
    </p>
   </div>
   <div class='ocr_carea' id='block_1_77' title="bbox 505 4821 2075 4894">
    <p class='ocr_par' dir='ltr' id='par_1_77' title="bbox 505 4821 2075 4894">
     <span class='ocr_line' id='line_1_77' title="bbox 505 4821 2075 4894; baseline 0.004 -17"><span class='ocrx_word' id='word_1_600' title='bbox 505 4823 631 4879; x_wconf 87' lang='lat' dir='ltr'><strong>tatis</strong></span> <span class='ocrx_word' id='word_1_601' title='bbox 661 4822 816 4877; x_wconf 90' lang='lat' dir='ltr'><strong>nodis</strong></span> <span class='ocrx_word' id='word_1_602' title='bbox 847 4821 1083 4878; x_wconf 87' lang='lat' dir='ltr'><strong>funditus</strong></span> <span class='ocrx_word' id='word_1_603' title='bbox 1116 4826 1335 4889; x_wconf 84' lang='lat' dir='ltr'><strong>carens,</strong></span> <span class='ocrx_word' id='word_1_604' title='bbox 1376 4824 1627 4881; x_wconf 82' lang='lat' dir='ltr'><strong>ﬂexibilis</strong></span> <span class='ocrx_word' id='word_1_605' title='bbox 1667 4841 1763 4894; x_wconf 85' lang='lat' dir='ltr'><strong>per</strong></span> <span class='ocrx_word' id='word_1_606' title='bbox 1802 4828 2075 4884; x_wconf 88' lang='lat' dir='ltr'><strong>humilita-</strong></span> 
     </span>
    </p>
   </div>
   <div class='ocr_carea' id='block_1_78' title="bbox 503 4912 2074 4989">
    <p class='ocr_par' dir='ltr' id='par_1_78' title="bbox 503 4912 2074 4989">
     <span class='ocr_line' id='line_1_78' title="bbox 503 4912 2074 4989; baseline 0.003 -19"><span class='ocrx_word' id='word_1_607' title='bbox 503 4923 612 4970; x_wconf 90' lang='lat' dir='ltr'><strong>tem</strong></span> <span class='ocrx_word' id='word_1_608' title='bbox 635 4914 849 4970; x_wconf 77' lang='lat' dir='ltr'><strong>effulsit.</strong></span> <span class='ocrx_word' id='word_1_609' title='bbox 882 4912 1008 4967; x_wconf 82' lang='lat' dir='ltr'><strong>inde</strong></span> <span class='ocrx_word' id='word_1_610' title='bbox 1037 4927 1140 4967; x_wconf 92' lang='lat' dir='ltr'><strong>non</strong></span> <span class='ocrx_word' id='word_1_611' title='bbox 1168 4913 1432 4967; x_wconf 88' lang='lat' dir='ltr'><strong>immerito</strong></span> <span class='ocrx_word' id='word_1_612' title='bbox 1461 4912 1643 4968; x_wconf 87' lang='lat' dir='ltr'><strong>florem</strong></span> <span class='ocrx_word' id='word_1_613' title='bbox 1671 4918 1923 4985; x_wconf 87' lang='lat' dir='ltr'><strong>protulit;</strong></span> <span class='ocrx_word' id='word_1_614' title='bbox 1953 4922 2074 4989; x_wconf 88' lang='lat' dir='ltr'><strong>quia</strong></span> 
     </span>
    </p>
   </div>
   <div class='ocr_carea' id='block_1_79' title="bbox 502 5004 2069 5074">
    <p class='ocr_par' dir='ltr' id='par_1_79' title="bbox 502 5004 2069 5074">
     <span class='ocr_line' id='line_1_79' title="bbox 502 5004 2069 5074; baseline 0.002 -10"><span class='ocrx_word' id='word_1_615' title='bbox 502 5008 664 5064; x_wconf 92' lang='lat' dir='ltr'><strong>totius</strong></span> <span class='ocrx_word' id='word_1_616' title='bbox 694 5007 839 5062; x_wconf 88' lang='lat' dir='ltr'><strong>orbis</strong></span> <span class='ocrx_word' id='word_1_617' title='bbox 880 5019 1097 5074; x_wconf 85' lang='lat' dir='ltr'><strong>campos</strong></span> <span class='ocrx_word' id='word_1_618' title='bbox 1136 5004 1303 5059; x_wconf 88' lang='lat' dir='ltr'><strong>sacris</strong></span> <span class='ocrx_word' id='word_1_619' title='bbox 1347 5004 1569 5060; x_wconf 86' lang='lat' dir='ltr'><strong>floribus</strong></span> <span class='ocrx_word' id='word_1_620' title='bbox 1608 5006 1901 5064; x_wconf 88' lang='lat' dir='ltr'><strong>decoravit.</strong></span> <span class='ocrx_word' id='word_1_621' title='bbox 1946 5010 2069 5067; x_wconf 86' lang='lat' dir='ltr'><strong>Flos</strong></span> 
     </span>
    </p>
   </div>
   <div class='ocr_carea' id='block_1_80' title="bbox 499 5092 2067 5168">
    <p class='ocr_par' dir='ltr' id='par_1_80' title="bbox 499 5092 2067 5168">
     <span class='ocr_line' id='line_1_80' title="bbox 499 5092 2067 5168; baseline 0 -13"><span class='ocrx_word' id='word_1_622' title='bbox 499 5111 729 5168; x_wconf 90' lang='lat' dir='ltr'><strong>namque</strong></span> <span class='ocrx_word' id='word_1_623' title='bbox 758 5095 1040 5164; x_wconf 89' lang='lat' dir='ltr'><strong>singularis</strong></span> <span class='ocrx_word' id='word_1_624' title='bbox 1068 5101 1151 5148; x_wconf 89' lang='lat' dir='ltr'><strong>est</strong></span> <span class='ocrx_word' id='word_1_625' title='bbox 1192 5092 1449 5149; x_wconf 90' lang='lat' dir='ltr'><strong>Dominus</strong></span> <span class='ocrx_word' id='word_1_626' title='bbox 1492 5103 1674 5151; x_wconf 89' lang='lat' dir='ltr'><strong>noster</strong></span> <span class='ocrx_word' id='word_1_627' title='bbox 1712 5098 1868 5153; x_wconf 82' lang='lat' dir='ltr'><strong>Jesus</strong></span> <span class='ocrx_word' id='word_1_628' title='bbox 1909 5098 2067 5155; x_wconf 88' lang='lat' dir='ltr'><strong>Chri-</strong></span> 
     </span>
    </p>
   </div>
   <div class='ocr_carea' id='block_1_81' title="bbox 499 5186 2065 5260">
    <p class='ocr_par' dir='ltr' id='par_1_81' title="bbox 499 5186 2065 5260">
     <span class='ocr_line' id='line_1_81' title="bbox 499 5186 2065 5260; baseline 0.003 -16"><span class='ocrx_word' id='word_1_629' title='bbox 499 5200 647 5254; x_wconf 89' lang='lat' dir='ltr'><strong>stus,</strong></span> <span class='ocrx_word' id='word_1_630' title='bbox 678 5188 815 5242; x_wconf 90' lang='lat' dir='ltr'><strong>sicut</strong></span> <span class='ocrx_word' id='word_1_631' title='bbox 844 5187 959 5255; x_wconf 85' lang='lat' dir='ltr'><strong>ipse</strong></span> <span class='ocrx_word' id='word_1_632' title='bbox 986 5186 1135 5241; x_wconf 89' lang='lat' dir='ltr'><strong>aiens</strong></span> <span class='ocrx_word' id='word_1_633' title='bbox 1166 5186 1217 5240; x_wconf 90' lang='lat' dir='ltr'><strong>in</strong></span> <span class='ocrx_word' id='word_1_634' title='bbox 1248 5188 1575 5244; x_wconf 90' lang='lat' dir='ltr'><strong>canticorum</strong></span> <span class='ocrx_word' id='word_1_635' title='bbox 1619 5190 1855 5260; x_wconf 90' lang='lat' dir='ltr'><strong>loquitur</strong></span> <span class='ocrx_word' id='word_1_636' title='bbox 1883 5193 2065 5250; x_wconf 89' lang='lat' dir='ltr'><strong>Canti-</strong></span> 
     </span>
    </p>
   </div>
   <div class='ocr_carea' id='block_1_82' title="bbox 499 5280 2065 5355">
    <p class='ocr_par' dir='ltr' id='par_1_82' title="bbox 499 5280 2065 5355">
     <span class='ocr_line' id='line_1_82' title="bbox 499 5280 2065 5355; baseline 0.003 -20"><span class='ocrx_word' id='word_1_637' title='bbox 499 5298 563 5339; x_wconf 90' lang='lat' dir='ltr'><strong>co</strong></span> <span class='ocrx_word' id='word_1_638' title='bbox 588 5301 601 5335; x_wconf 95' lang='lat'><strong>:</strong></span> <span class='ocrx_word' id='word_1_639' title='bbox 634 5280 746 5351; x_wconf 86' lang='lat' dir='ltr'><strong>Ego</strong></span> <span class='ocrx_word' id='word_1_640' title='bbox 769 5283 867 5351; x_wconf 76' lang='lat' dir='ltr'><strong>[los</strong></span> <span class='ocrx_word' id='word_1_641' title='bbox 894 5280 1059 5348; x_wconf 86' lang='lat' dir='ltr'><strong>campi</strong></span> <span class='ocrx_word' id='word_1_642' title='bbox 1087 5288 1131 5333; x_wconf 86' lang='lat' dir='ltr'><strong>et</strong></span> <span class='ocrx_word' id='word_1_643' title='bbox 1159 5280 1323 5334; x_wconf 88' lang='lat' dir='ltr'><strong>lilium</strong></span> <span class='ocrx_word' id='word_1_644' title='bbox 1351 5282 1657 5336; x_wconf 84' lang='lat' dir='ltr'><strong>convallium</strong></span> <span class='ocrx_word' id='word_1_645' title='bbox 1687 5283 1858 5353; x_wconf 84' lang='lat' dir='ltr'><strong>(Cant.</strong></span> <span class='ocrx_word' id='word_1_646' title='bbox 1886 5300 1958 5352; x_wconf 91' lang='grc' dir='ltr'><strong>ιι,</strong></span> <span class='ocrx_word' id='word_1_647' title='bbox 1993 5285 2065 5355; x_wconf 80' lang='grc' dir='ltr'><strong>Ι).</strong></span> 
     </span>
    </p>
   </div>
   <div class='ocr_carea' id='block_1_83' title="bbox 497 5370 2068 5440">
    <p class='ocr_par' dir='ltr' id='par_1_83' title="bbox 497 5370 2068 5440">
     <span class='ocr_line' id='line_1_83' title="bbox 497 5370 2068 5440; baseline 0.002 -11"><span class='ocrx_word' id='word_1_648' title='bbox 497 5371 557 5429; x_wconf 85' lang='lat' dir='ltr'><strong>lu</strong></span> <span class='ocrx_word' id='word_1_649' title='bbox 589 5372 699 5427; x_wconf 88' lang='lat' dir='ltr'><strong>lilio</strong></span> <span class='ocrx_word' id='word_1_650' title='bbox 725 5370 986 5440; x_wconf 90' lang='lat' dir='ltr'><strong>siquidem</strong></span> <span class='ocrx_word' id='word_1_651' title='bbox 1027 5370 1282 5426; x_wconf 90' lang='lat' dir='ltr'><strong>candidus</strong></span> <span class='ocrx_word' id='word_1_652' title='bbox 1316 5373 1463 5427; x_wconf 93' lang='lat' dir='ltr'><strong>color</strong></span> <span class='ocrx_word' id='word_1_653' title='bbox 1500 5375 1850 5439; x_wconf 88' lang='lat' dir='ltr'><strong>extrinsecus,</strong></span> <span class='ocrx_word' id='word_1_654' title='bbox 1884 5377 2068 5432; x_wconf 88' lang='lat' dir='ltr'><strong>intrin-</strong></span> 
     </span>
    </p>
   </div>
   <div class='ocr_carea' id='block_1_84' title="bbox 499 5458 2068 5531">
    <p class='ocr_par' dir='ltr' id='par_1_84' title="bbox 499 5458 2068 5531">
     <span class='ocr_line' id='line_1_84' title="bbox 499 5458 2068 5531; baseline 0.002 -13"><span class='ocrx_word' id='word_1_655' title='bbox 499 5478 657 5519; x_wconf 89' lang='lat' dir='ltr'><strong>secus</strong></span> <span class='ocrx_word' id='word_1_656' title='bbox 684 5474 813 5516; x_wconf 89' lang='lat' dir='ltr'><strong>vero</strong></span> <span class='ocrx_word' id='word_1_657' title='bbox 840 5458 1116 5515; x_wconf 84' lang='lat' dir='ltr'><strong>ﬂammeus</strong></span> <span class='ocrx_word' id='word_1_658' title='bbox 1145 5462 1380 5515; x_wconf 88' lang='lat' dir='ltr'><strong>cernitur</strong></span> <span class='ocrx_word' id='word_1_659' title='bbox 1408 5478 1420 5513; x_wconf 89' lang='lat'><strong>:</strong></span> <span class='ocrx_word' id='word_1_660' title='bbox 1453 5460 1574 5529; x_wconf 85' lang='lat' dir='ltr'><strong>quia</strong></span> <span class='ocrx_word' id='word_1_661' title='bbox 1606 5461 1933 5531; x_wconf 83' lang='lat' dir='ltr'><strong>Redemptor</strong></span> <span class='ocrx_word' id='word_1_662' title='bbox 1973 5482 2068 5522; x_wconf 86' lang='lat' dir='ltr'><strong>no-</strong></span> 
     </span>
    </p>
   </div>
   <div class='ocr_carea' id='block_1_85' title="bbox 498 5552 2069 5622">
    <p class='ocr_par' dir='ltr' id='par_1_85' title="bbox 498 5552 2069 5622">
     <span class='ocr_line' id='line_1_85' title="bbox 498 5552 2069 5622; baseline 0.003 -13"><span class='ocrx_word' id='word_1_663' title='bbox 498 5563 609 5610; x_wconf 85' lang='lat' dir='ltr'><strong>ster</strong></span> <span class='ocrx_word' id='word_1_664' title='bbox 638 5554 796 5608; x_wconf 86' lang='lat' dir='ltr'><strong>habet</strong></span> <span class='ocrx_word' id='word_1_665' title='bbox 825 5552 1108 5607; x_wconf 89' lang='lat' dir='ltr'><strong>candorem</strong></span> <span class='ocrx_word' id='word_1_666' title='bbox 1138 5567 1202 5606; x_wconf 81' lang='lat' dir='ltr'><strong>ex</strong></span> <span class='ocrx_word' id='word_1_667' title='bbox 1235 5552 1538 5622; x_wconf 80' lang='lat' dir='ltr'><strong>virginitate</strong></span> <span class='ocrx_word' id='word_1_668' title='bbox 1570 5552 1743 5606; x_wconf 88' lang='lat' dir='ltr'><strong>carnis</strong></span> <span class='ocrx_word' id='word_1_669' title='bbox 1769 5570 1782 5618; x_wconf 93' lang='lat'><strong>;</strong></span> <span class='ocrx_word' id='word_1_670' title='bbox 1819 5555 1976 5610; x_wconf 80' lang='lat' dir='ltr'><strong>habet</strong></span> <span class='ocrx_word' id='word_1_671' title='bbox 2014 5566 2069 5613; x_wconf 91' lang='lat' dir='ltr'><strong>et</strong></span> 
     </span>
    </p>
   </div>
   <div class='ocr_carea' id='block_1_86' title="bbox 500 5643 2065 5715">
    <p class='ocr_par' dir='ltr' id='par_1_86' title="bbox 500 5643 2065 5715">
     <span class='ocr_line' id='line_1_86' title="bbox 500 5643 2065 5715; baseline 0.003 -17"><span class='ocrx_word' id='word_1_672' title='bbox 500 5643 638 5713; x_wconf 83' lang='lat' dir='ltr'><strong>ignis</strong></span> <span class='ocrx_word' id='word_1_673' title='bbox 690 5644 1030 5711; x_wconf 76' lang='lat' dir='ltr'><strong>Splendoretn</strong></span> <span class='ocrx_word' id='word_1_674' title='bbox 1087 5658 1154 5697; x_wconf 83' lang='lat' dir='ltr'><strong>ex</strong></span> <span class='ocrx_word' id='word_1_675' title='bbox 1212 5644 1445 5711; x_wconf 84' lang='lat' dir='ltr'><strong>potentia</strong></span> <span class='ocrx_word' id='word_1_676' title='bbox 1500 5645 1756 5713; x_wconf 90' lang='lat' dir='ltr'><strong>deitatis;</strong></span> <span class='ocrx_word' id='word_1_677' title='bbox 1811 5648 2065 5715; x_wconf 91' lang='lat' dir='ltr'><strong>scriptum</strong></span> 
     </span>
    </p>
   </div>
   <div class='ocr_carea' id='block_1_87' title="bbox 501 5732 2065 5805">
    <p class='ocr_par' dir='ltr' id='par_1_87' title="bbox 501 5732 2065 5805">
     <span class='ocr_line' id='line_1_87' title="bbox 501 5732 2065 5805; baseline 0.003 -16"><span class='ocrx_word' id='word_1_678' title='bbox 501 5747 731 5801; x_wconf 83' lang='lat' dir='ltr'><strong>namque</strong></span> <span class='ocrx_word' id='word_1_679' title='bbox 760 5743 878 5788; x_wconf 84' lang='lat' dir='ltr'><strong>est:</strong></span> <span class='ocrx_word' id='word_1_680' title='bbox 916 5733 1161 5786; x_wconf 87' lang='lat' dir='ltr'><strong>Dominus</strong></span> <span class='ocrx_word' id='word_1_681' title='bbox 1205 5732 1340 5786; x_wconf 90' lang='lat' dir='ltr'><strong>Deus</strong></span> <span class='ocrx_word' id='word_1_682' title='bbox 1383 5742 1553 5788; x_wconf 83' lang='lat' dir='ltr'><strong>noster</strong></span> <span class='ocrx_word' id='word_1_683' title='bbox 1596 5736 1725 5805; x_wconf 79' lang='lat' dir='ltr'><strong>ignis</strong></span> <span class='ocrx_word' id='word_1_684' title='bbox 1769 5753 2065 5793; x_wconf 84' lang='lat' dir='ltr'><strong>consumens</strong></span> 
     </span>
    </p>
   </div>
   <div class='ocr_carea' id='block_1_88' title="bbox 500 5821 2061 5898">
    <p class='ocr_par' dir='ltr' id='par_1_88' title="bbox 500 5821 2061 5898">
     <span class='ocr_line' id='line_1_88' title="bbox 500 5821 2061 5898; baseline 0.004 -18"><span class='ocrx_word' id='word_1_685' title='bbox 500 5833 573 5881; x_wconf 86' lang='lat' dir='ltr'><strong>est</strong></span> <span class='ocrx_word' id='word_1_686' title='bbox 613 5821 805 5894; x_wconf 81' lang='lat' dir='ltr'><strong>(Hebr.</strong></span> <span class='ocrx_word' id='word_1_687' title='bbox 839 5839 950 5889; x_wconf 88' lang='lat' dir='ltr'><strong>xtt,</strong></span> <span class='ocrx_word' id='word_1_688' title='bbox 983 5822 1094 5890; x_wconf 68' lang='grc'><strong>29).</strong></span> <span class='ocrx_word' id='word_1_689' title='bbox 1140 5823 1285 5890; x_wconf 84' lang='lat' dir='ltr'><strong>Quod</strong></span> <span class='ocrx_word' id='word_1_690' title='bbox 1314 5823 1477 5881; x_wconf 87' lang='lat' dir='ltr'><strong>lilium</strong></span> <span class='ocrx_word' id='word_1_691' title='bbox 1521 5841 1624 5884; x_wconf 88' lang='lat' dir='ltr'><strong>non</strong></span> <span class='ocrx_word' id='word_1_692' title='bbox 1674 5828 1730 5887; x_wconf 86' lang='lat' dir='ltr'><strong>in</strong></span> <span class='ocrx_word' id='word_1_693' title='bbox 1770 5829 2061 5898; x_wconf 86' lang='lat' dir='ltr'><strong>montibus,</strong></span> 
     </span>
    </p>
   </div>
   <div class='ocr_carea' id='block_1_89' title="bbox 2192 3267 3766 3341">
    <p class='ocr_par' dir='ltr' id='par_1_89' title="bbox 2192 3267 3766 3341">
     <span class='ocr_line' id='line_1_89' title="bbox 2192 3267 3766 3341; baseline 0.004 -18"><span class='ocrx_word' id='word_1_694' title='bbox 2192 3267 2367 3340; x_wconf 86' lang='lat' dir='ltr'><strong>(Cant.</strong></span> <span class='ocrx_word' id='word_1_695' title='bbox 2398 3285 2489 3337; x_wconf 79' lang='lat' dir='ltr'><strong>vr,</strong></span> <span class='ocrx_word' id='word_1_696' title='bbox 2520 3271 2598 3341; x_wconf 81' lang='grc'><strong>1).</strong></span> <span class='ocrx_word' id='word_1_697' title='bbox 2634 3270 2687 3325; x_wconf 86' lang='grc' dir='ltr'><strong>1η</strong></span> <span class='ocrx_word' id='word_1_698' title='bbox 2720 3271 2934 3327; x_wconf 89' lang='lat' dir='ltr'><strong>hortum</strong></span> <span class='ocrx_word' id='word_1_699' title='bbox 2969 3287 3122 3327; x_wconf 90' lang='lat' dir='ltr'><strong>suum</strong></span> <span class='ocrx_word' id='word_1_700' title='bbox 3163 3271 3414 3328; x_wconf 89' lang='lat' dir='ltr'><strong>Dominus</strong></span> <span class='ocrx_word' id='word_1_701' title='bbox 3452 3272 3766 3341; x_wconf 88' lang='lat' dir='ltr'><strong>descendit,</strong></span> 
     </span>
    </p>
   </div>
   <div class='ocr_carea' id='block_1_90' title="bbox 2188 3360 3767 3433">
    <p class='ocr_par' dir='ltr' id='par_1_90' title="bbox 2188 3360 3767 3433">
     <span class='ocr_line' id='line_1_90' title="bbox 2188 3360 3767 3433; baseline 0.005 -20"><span class='ocrx_word' id='word_1_702' title='bbox 2188 3372 2308 3414; x_wconf 91' lang='lat' dir='ltr'><strong>cum</strong></span> <span class='ocrx_word' id='word_1_703' title='bbox 2345 3369 2436 3415; x_wconf 88' lang='lat' dir='ltr'><strong>aut</strong></span> <span class='ocrx_word' id='word_1_704' title='bbox 2469 3360 2789 3429; x_wconf 88' lang='lat' dir='ltr'><strong>generaliter</strong></span> <span class='ocrx_word' id='word_1_705' title='bbox 2826 3360 2893 3416; x_wconf 92' lang='lat' dir='ltr'><strong>ad</strong></span> <span class='ocrx_word' id='word_1_706' title='bbox 2932 3360 3227 3417; x_wconf 87' lang='lat' dir='ltr'><strong>Ecclesiam</strong></span> <span class='ocrx_word' id='word_1_707' title='bbox 3255 3402 3270 3428; x_wconf 91' lang='lat'><strong>,</strong></span> <span class='ocrx_word' id='word_1_708' title='bbox 3320 3372 3415 3418; x_wconf 90' lang='lat' dir='ltr'><strong>aut</strong></span> <span class='ocrx_word' id='word_1_709' title='bbox 3461 3364 3767 3433; x_wconf 87' lang='lat' dir='ltr'><strong>specialiter</strong></span> 
     </span>
    </p>
   </div>
   <div class='ocr_carea' id='block_1_91' title="bbox 2189 3452 3767 3524">
    <p class='ocr_par' dir='ltr' id='par_1_91' title="bbox 2189 3452 3767 3524">
     <span class='ocr_line' id='line_1_91' title="bbox 2189 3452 3767 3524; baseline 0.006 -20"><span class='ocrx_word' id='word_1_710' title='bbox 2189 3452 2254 3505; x_wconf 90' lang='lat' dir='ltr'><strong>ad</strong></span> <span class='ocrx_word' id='word_1_711' title='bbox 2286 3466 2717 3521; x_wconf 88' lang='lat' dir='ltr'><strong>unamquamque</strong></span> <span class='ocrx_word' id='word_1_712' title='bbox 2748 3452 2984 3508; x_wconf 87' lang='lat' dir='ltr'><strong>animam</strong></span> <span class='ocrx_word' id='word_1_713' title='bbox 3015 3454 3180 3509; x_wconf 89' lang='lat' dir='ltr'><strong>venit.</strong></span> <span class='ocrx_word' id='word_1_714' title='bbox 3215 3453 3405 3509; x_wconf 85' lang='lat' dir='ltr'><strong>Areola</strong></span> <span class='ocrx_word' id='word_1_715' title='bbox 3442 3469 3652 3524; x_wconf 87' lang='lat' dir='ltr'><strong>quoque</strong></span> <span class='ocrx_word' id='word_1_716' title='bbox 3687 3466 3767 3513; x_wconf 84' lang='lat' dir='ltr'><strong>est</strong></span> 
     </span>
    </p>
   </div>
   <div class='ocr_carea' id='block_1_92' title="bbox 2190 3542 3760 3616">
    <p class='ocr_par' dir='ltr' id='par_1_92' title="bbox 2190 3542 3760 3616">
     <span class='ocr_line' id='line_1_92' title="bbox 2190 3542 3760 3616; baseline 0.004 -20"><span class='ocrx_word' id='word_1_717' title='bbox 2190 3542 2448 3597; x_wconf 90' lang='lat' dir='ltr'><strong>aromatis</strong></span> <span class='ocrx_word' id='word_1_718' title='bbox 2476 3542 2566 3598; x_wconf 90' lang='lat' dir='ltr'><strong>illa</strong></span> <span class='ocrx_word' id='word_1_719' title='bbox 2592 3546 2801 3608; x_wconf 87' lang='lat' dir='ltr'><strong>anima,</strong></span> <span class='ocrx_word' id='word_1_720' title='bbox 2833 3559 2951 3613; x_wconf 74' lang='lat' dir='ltr'><strong>qua:</strong></span> <span class='ocrx_word' id='word_1_721' title='bbox 2980 3558 3213 3613; x_wconf 88' lang='lat' dir='ltr'><strong>superno</strong></span> <span class='ocrx_word' id='word_1_722' title='bbox 3239 3560 3464 3602; x_wconf 88' lang='lat' dir='ltr'><strong>munere</strong></span> <span class='ocrx_word' id='word_1_723' title='bbox 3490 3548 3760 3616; x_wconf 78' lang='lat' dir='ltr'><strong>irrigatur,</strong></span> 
     </span>
    </p>
   </div>
   <div class='ocr_carea' id='block_1_93' title="bbox 2187 3631 3758 3702">
    <p class='ocr_par' dir='ltr' id='par_1_93' title="bbox 2187 3631 3758 3702">
     <span class='ocr_line' id='line_1_93' title="bbox 2187 3631 3758 3702; baseline 0.004 -15"><span class='ocrx_word' id='word_1_724' title='bbox 2187 3641 2241 3687; x_wconf 90' lang='lat' dir='ltr'><strong>et</strong></span> <span class='ocrx_word' id='word_1_725' title='bbox 2278 3631 2442 3688; x_wconf 89' lang='lat' dir='ltr'><strong>variis</strong></span> <span class='ocrx_word' id='word_1_726' title='bbox 2477 3634 2628 3702; x_wconf 91' lang='lat' dir='ltr'><strong>quasi</strong></span> <span class='ocrx_word' id='word_1_727' title='bbox 2657 3635 2982 3689; x_wconf 88' lang='lat' dir='ltr'><strong>aromatibus</strong></span> <span class='ocrx_word' id='word_1_728' title='bbox 3019 3643 3192 3691; x_wconf 85' lang='lat' dir='ltr'><strong>exstat</strong></span> <span class='ocrx_word' id='word_1_729' title='bbox 3225 3637 3418 3693; x_wconf 81' lang='lat' dir='ltr'><strong>referta</strong></span> <span class='ocrx_word' id='word_1_730' title='bbox 3457 3637 3758 3693; x_wconf 82' lang='lat' dir='ltr'><strong>virtutibus.</strong></span> 
     </span>
    </p>
   </div>
   <div class='ocr_carea' id='block_1_94' title="bbox 2187 3718 3761 3791">
    <p class='ocr_par' dir='ltr' id='par_1_94' title="bbox 2187 3718 3761 3791">
     <span class='ocr_line' id='line_1_94' title="bbox 2187 3718 3761 3791; baseline 0.008 -16"><span class='ocrx_word' id='word_1_731' title='bbox 2187 3718 2379 3776; x_wconf 89' lang='lat' dir='ltr'><strong>Visitat</strong></span> <span class='ocrx_word' id='word_1_732' title='bbox 2410 3722 2675 3791; x_wconf 90' lang='lat' dir='ltr'><strong>siquidem</strong></span> <span class='ocrx_word' id='word_1_733' title='bbox 2719 3724 2976 3781; x_wconf 89' lang='lat' dir='ltr'><strong>Dominus</strong></span> <span class='ocrx_word' id='word_1_734' title='bbox 3010 3726 3142 3783; x_wconf 88' lang='lat' dir='ltr'><strong>tales</strong></span> <span class='ocrx_word' id='word_1_735' title='bbox 3181 3727 3237 3782; x_wconf 90' lang='lat' dir='ltr'><strong>in</strong></span> <span class='ocrx_word' id='word_1_736' title='bbox 3272 3727 3509 3784; x_wconf 79' lang='lat' dir='ltr'><strong>Ecclesia</strong></span> <span class='ocrx_word' id='word_1_737' title='bbox 3556 3739 3761 3788; x_wconf 81' lang='lat' dir='ltr'><strong>mentes</strong></span> 
     </span>
    </p>
   </div>
   <div class='ocr_carea' id='block_1_95' title="bbox 2192 3812 3760 3889">
    <p class='ocr_par' dir='ltr' id='par_1_95' title="bbox 2192 3812 3760 3889">
     <span class='ocr_line' id='line_1_95' title="bbox 2192 3812 3760 3889; baseline 0.007 -24"><span class='ocrx_word' id='word_1_738' title='bbox 2192 3825 2313 3881; x_wconf 67' lang='lat' dir='ltr'><strong>quae</strong></span> <span class='ocrx_word' id='word_1_739' title='bbox 2344 3812 2597 3869; x_wconf 87' lang='lat' dir='ltr'><strong>virtutum</strong></span> <span class='ocrx_word' id='word_1_740' title='bbox 2628 3817 2864 3885; x_wconf 85' lang='lat' dir='ltr'><strong>germina</strong></span> <span class='ocrx_word' id='word_1_741' title='bbox 2894 3816 3192 3885; x_wconf 89' lang='lat' dir='ltr'><strong>pullulant:</strong></span> <span class='ocrx_word' id='word_1_742' title='bbox 3222 3820 3315 3874; x_wconf 89' lang='lat' dir='ltr'><strong>sed</strong></span> <span class='ocrx_word' id='word_1_743' title='bbox 3344 3818 3410 3874; x_wconf 90' lang='lat' dir='ltr'><strong>ad</strong></span> <span class='ocrx_word' id='word_1_744' title='bbox 3439 3819 3541 3875; x_wconf 84' lang='lat' dir='ltr'><strong>hoc</strong></span> <span class='ocrx_word' id='word_1_745' title='bbox 3572 3822 3760 3889; x_wconf 68' lang='lat' dir='ltr'><strong>praeci-</strong></span> 
     </span>
    </p>
   </div>
   <div class='ocr_carea' id='block_1_96' title="bbox 2187 3904 3761 3980">
    <p class='ocr_par' dir='ltr' id='par_1_96' title="bbox 2187 3904 3761 3980">
     <span class='ocr_line' id='line_1_96' title="bbox 2187 3904 3761 3980; baseline 0.007 -24"><span class='ocrx_word' id='word_1_746' title='bbox 2187 3916 2293 3972; x_wconf 89' lang='lat' dir='ltr'><strong>pue</strong></span> <span class='ocrx_word' id='word_1_747' title='bbox 2338 3904 2516 3971; x_wconf 88' lang='lat' dir='ltr'><strong>venit,</strong></span> <span class='ocrx_word' id='word_1_748' title='bbox 2567 3914 2625 3960; x_wconf 94' lang='lat' dir='ltr'><strong>ut</strong></span> <span class='ocrx_word' id='word_1_749' title='bbox 2659 3908 2864 3963; x_wconf 88' lang='lat' dir='ltr'><strong>animas</strong></span> <span class='ocrx_word' id='word_1_750' title='bbox 2910 3908 3183 3964; x_wconf 87' lang='lat' dir='ltr'><strong>beatarum</strong></span> <span class='ocrx_word' id='word_1_751' title='bbox 3220 3909 3483 3980; x_wconf 85' lang='lat' dir='ltr'><strong>virginum</strong></span> <span class='ocrx_word' id='word_1_752' title='bbox 3511 3910 3578 3967; x_wconf 91' lang='lat' dir='ltr'><strong>ad</strong></span> <span class='ocrx_word' id='word_1_753' title='bbox 3606 3912 3761 3968; x_wconf 75' lang='lat' dir='ltr'><strong>crete-</strong></span> 
     </span>
    </p>
   </div>
   <div class='ocr_carea' id='block_1_97' title="bbox 2183 3991 3755 4071">
    <p class='ocr_par' dir='ltr' id='par_1_97' title="bbox 2183 3991 3755 4071">
     <span class='ocr_line' id='line_1_97' title="bbox 2183 3991 3755 4071; baseline 0.007 -26"><span class='ocrx_word' id='word_1_754' title='bbox 2183 3999 2318 4046; x_wconf 89' lang='lat' dir='ltr'><strong>stem</strong></span> <span class='ocrx_word' id='word_1_755' title='bbox 2350 3991 2635 4050; x_wconf 90' lang='lat' dir='ltr'><strong>thalamum</strong></span> <span class='ocrx_word' id='word_1_756' title='bbox 2663 3996 2840 4052; x_wconf 89' lang='lat' dir='ltr'><strong>ducat.</strong></span> <span class='ocrx_word' id='word_1_757' title='bbox 2879 3996 3126 4054; x_wconf 81' lang='lat' dir='ltr'><strong>Ut‘enim</strong></span> <span class='ocrx_word' id='word_1_758' title='bbox 3167 4000 3461 4056; x_wconf 76' lang='lat' dir='ltr'><strong>lectionum</strong></span> <span class='ocrx_word' id='word_1_759' title='bbox 3498 4001 3755 4071; x_wconf 87' lang='lat' dir='ltr'><strong>frequen-</strong></span> 
     </span>
    </p>
   </div>
   <div class='ocr_carea' id='block_1_98' title="bbox 2186 4084 3749 4163">
    <p class='ocr_par' dir='ltr' id='par_1_98' title="bbox 2186 4084 3749 4163">
     <span class='ocr_line' id='line_1_98' title="bbox 2186 4084 3749 4163; baseline 0.007 -25"><span class='ocrx_word' id='word_1_760' title='bbox 2186 4084 2318 4139; x_wconf 89' lang='lat' dir='ltr'><strong>tium</strong></span> <span class='ocrx_word' id='word_1_761' title='bbox 2357 4084 2612 4141; x_wconf 89' lang='lat' dir='ltr'><strong>docemur</strong></span> <span class='ocrx_word' id='word_1_762' title='bbox 2646 4088 2808 4143; x_wconf 76' lang='lat' dir='ltr'><strong>aﬂatu</strong></span> <span class='ocrx_word' id='word_1_763' title='bbox 2833 4129 2849 4157; x_wconf 90' lang='lat'><strong>,</strong></span> <span class='ocrx_word' id='word_1_764' title='bbox 2892 4088 2958 4145; x_wconf 91' lang='lat' dir='ltr'><strong>ad</strong></span> <span class='ocrx_word' id='word_1_765' title='bbox 2993 4103 3205 4145; x_wconf 90' lang='lat' dir='ltr'><strong>sacrum</strong></span> <span class='ocrx_word' id='word_1_766' title='bbox 3243 4091 3509 4163; x_wconf 87' lang='lat' dir='ltr'><strong>virginum</strong></span> <span class='ocrx_word' id='word_1_767' title='bbox 3548 4094 3749 4149; x_wconf 89' lang='lat' dir='ltr'><strong>obitum</strong></span> 
     </span>
    </p>
   </div>
   <div class='ocr_carea' id='block_1_99' title="bbox 2183 4177 3759 4251">
    <p class='ocr_par' dir='ltr' id='par_1_99' title="bbox 2183 4177 3759 4251">
     <span class='ocr_line' id='line_1_99' title="bbox 2183 4177 3759 4251; baseline 0.006 -18"><span class='ocrx_word' id='word_1_768' title='bbox 2183 4177 2301 4249; x_wconf 89' lang='lat' dir='ltr'><strong>ipse</strong></span> <span class='ocrx_word' id='word_1_769' title='bbox 2335 4193 2434 4249; x_wconf 87' lang='lat' dir='ltr'><strong>per</strong></span> <span class='ocrx_word' id='word_1_770' title='bbox 2474 4195 2531 4235; x_wconf 90' lang='lat' dir='ltr'><strong>se</strong></span> <span class='ocrx_word' id='word_1_771' title='bbox 2571 4181 2709 4237; x_wconf 90' lang='lat' dir='ltr'><strong>solet</strong></span> <span class='ocrx_word' id='word_1_772' title='bbox 2736 4180 2953 4237; x_wconf 90' lang='lat' dir='ltr'><strong>humani</strong></span> <span class='ocrx_word' id='word_1_773' title='bbox 2980 4183 3189 4251; x_wconf 89' lang='lat' dir='ltr'><strong>generis</strong></span> <span class='ocrx_word' id='word_1_774' title='bbox 3215 4182 3508 4240; x_wconf 86' lang='lat' dir='ltr'><strong>adventare</strong></span> <span class='ocrx_word' id='word_1_775' title='bbox 3536 4184 3759 4241; x_wconf 75' lang='lat' dir='ltr'><strong>Redem-</strong></span> 
     </span>
    </p>
   </div>
   <div class='ocr_carea' id='block_1_100' title="bbox 2183 4269 3755 4346">
    <p class='ocr_par' dir='ltr' id='par_1_100' title="bbox 2183 4269 3755 4346">
     <span class='ocr_line' id='line_1_100' title="bbox 2183 4269 3755 4346; baseline 0.004 -22"><span class='ocrx_word' id='word_1_776' title='bbox 2183 4276 2307 4339; x_wconf 89' lang='lat' dir='ltr'><strong>ptor</strong></span> <span class='ocrx_word' id='word_1_777' title='bbox 2333 4288 2346 4335; x_wconf 90' lang='lat'>;</span> <span class='ocrx_word' id='word_1_778' title='bbox 2378 4269 2517 4325; x_wconf 91' lang='lat' dir='ltr'><strong>unde</strong></span> <span class='ocrx_word' id='word_1_779' title='bbox 2547 4271 2594 4326; x_wconf 89' lang='lat' dir='ltr'><strong>si</strong></span> <span class='ocrx_word' id='word_1_780' title='bbox 2624 4270 2726 4327; x_wconf 89' lang='lat' dir='ltr'><strong>hoc</strong></span> <span class='ocrx_word' id='word_1_781' title='bbox 2753 4271 2822 4328; x_wconf 90' lang='lat' dir='ltr'><strong>de</strong></span> <span class='ocrx_word' id='word_1_782' title='bbox 2848 4272 2967 4328; x_wconf 90' lang='lat' dir='ltr'><strong>aliis</strong></span> <span class='ocrx_word' id='word_1_783' title='bbox 2993 4276 3153 4329; x_wconf 88' lang='lat' dir='ltr'><strong>etiam</strong></span> <span class='ocrx_word' id='word_1_784' title='bbox 3179 4273 3473 4344; x_wconf 81' lang='lat' dir='ltr'><strong>virginibus</strong></span> <span class='ocrx_word' id='word_1_785' title='bbox 3500 4276 3755 4346; x_wconf 86' lang='lat' dir='ltr'><strong>creditur,</strong></span> 
     </span>
    </p>
   </div>
   <div class='ocr_carea' id='block_1_101' title="bbox 2183 4361 3758 4433">
    <p class='ocr_par' dir='ltr' id='par_1_101' title="bbox 2183 4361 3758 4433">
     <span class='ocr_line' id='line_1_101' title="bbox 2183 4361 3758 4433; baseline 0.004 -17"><span class='ocrx_word' id='word_1_786' title='bbox 2183 4361 2352 4416; x_wconf 90' lang='lat' dir='ltr'><strong>multo</strong></span> <span class='ocrx_word' id='word_1_787' title='bbox 2397 4361 2565 4433; x_wconf 90' lang='lat' dir='ltr'><strong>magis</strong></span> <span class='ocrx_word' id='word_1_788' title='bbox 2613 4363 2680 4419; x_wconf 93' lang='lat' dir='ltr'><strong>de</strong></span> <span class='ocrx_word' id='word_1_789' title='bbox 2731 4364 2830 4418; x_wconf 88' lang='lat' dir='ltr'><strong>hac</strong></span> <span class='ocrx_word' id='word_1_790' title='bbox 2884 4363 3025 4420; x_wconf 89' lang='lat' dir='ltr'><strong>illius</strong></span> <span class='ocrx_word' id='word_1_791' title='bbox 3076 4372 3161 4420; x_wconf 91' lang='lat' dir='ltr'><strong>est</strong></span> <span class='ocrx_word' id='word_1_792' title='bbox 3210 4375 3381 4421; x_wconf 91' lang='lat' dir='ltr'><strong>matre</strong></span> <span class='ocrx_word' id='word_1_793' title='bbox 3422 4368 3758 4423; x_wconf 88' lang='lat' dir='ltr'><strong>sanctissima</strong></span> 
     </span>
    </p>
   </div>
   <div class='ocr_carea' id='block_1_102' title="bbox 2183 4454 3757 4525">
    <p class='ocr_par' dir='ltr' id='par_1_102' title="bbox 2183 4454 3757 4525">
     <span class='ocr_line' id='line_1_102' title="bbox 2183 4454 3757 4525; baseline 0.006 -18"><span class='ocrx_word' id='word_1_794' title='bbox 2183 4454 2551 4509; x_wconf 65' lang='lat' dir='ltr'><strong>aestimandum</strong></span> <span class='ocrx_word' id='word_1_795' title='bbox 2572 4497 2587 4522; x_wconf 91' lang='lat'><strong>,</strong></span> <span class='ocrx_word' id='word_1_796' title='bbox 2613 4455 2753 4525; x_wconf 91' lang='lat' dir='ltr'><strong>quod</strong></span> <span class='ocrx_word' id='word_1_797' title='bbox 2781 4456 2894 4524; x_wconf 91' lang='lat' dir='ltr'><strong>ipse</strong></span> <span class='ocrx_word' id='word_1_798' title='bbox 2919 4470 3036 4511; x_wconf 89' lang='lat' dir='ltr'><strong>eam</strong></span> <span class='ocrx_word' id='word_1_799' title='bbox 3060 4456 3318 4512; x_wconf 89' lang='lat' dir='ltr'><strong>hodierna</strong></span> <span class='ocrx_word' id='word_1_800' title='bbox 3346 4458 3457 4513; x_wconf 90' lang='lat' dir='ltr'><strong>luce</strong></span> <span class='ocrx_word' id='word_1_801' title='bbox 3483 4458 3548 4511; x_wconf 88' lang='lat' dir='ltr'><strong>ad</strong></span> <span class='ocrx_word' id='word_1_802' title='bbox 3576 4458 3757 4516; x_wconf 73' lang='lat' dir='ltr'><strong>cmlos</strong></span> 
     </span>
    </p>
   </div>
   <div class='ocr_carea' id='block_1_103' title="bbox 2183 4544 3760 4620">
    <p class='ocr_par' dir='ltr' id='par_1_103' title="bbox 2183 4544 3760 4620">
     <span class='ocr_line' id='line_1_103' title="bbox 2183 4544 3760 4620; baseline 0.003 -19"><span class='ocrx_word' id='word_1_803' title='bbox 2183 4544 2420 4601; x_wconf 86' lang='lat' dir='ltr'><strong>evexerit</strong></span> <span class='ocrx_word' id='word_1_804' title='bbox 2467 4545 2703 4613; x_wconf 83' lang='lat' dir='ltr'><strong>ejusdem</strong></span> <span class='ocrx_word' id='word_1_805' title='bbox 2753 4544 2917 4620; x_wconf 65' lang='lat' dir='ltr'><strong>Filius</strong></span> <span class='ocrx_word' id='word_1_806' title='bbox 2966 4554 3022 4601; x_wconf 91' lang='lat' dir='ltr'><strong>et</strong></span> <span class='ocrx_word' id='word_1_807' title='bbox 3065 4555 3296 4601; x_wconf 82' lang='lat' dir='ltr'><strong>creator.</strong></span> <span class='ocrx_word' id='word_1_808' title='bbox 3342 4545 3445 4603; x_wconf 87' lang='lat' dir='ltr'><strong>Sed</strong></span> <span class='ocrx_word' id='word_1_809' title='bbox 3492 4546 3562 4601; x_wconf 84' lang='lat' dir='ltr'><strong>ad</strong></span> <span class='ocrx_word' id='word_1_810' title='bbox 3605 4548 3760 4605; x_wconf 86' lang='lat' dir='ltr'><strong>hunc</strong></span> 
     </span>
    </p>
   </div>
   <div class='ocr_carea' id='block_1_104' title="bbox 2184 4635 3758 4707">
    <p class='ocr_par' dir='ltr' id='par_1_104' title="bbox 2184 4635 3758 4707">
     <span class='ocr_line' id='line_1_104' title="bbox 2184 4635 3758 4707; baseline 0.004 -18"><span class='ocrx_word' id='word_1_811' title='bbox 2184 4644 2344 4690; x_wconf 80' lang='lat' dir='ltr'><strong>tantae</strong></span> <span class='ocrx_word' id='word_1_812' title='bbox 2400 4635 2736 4692; x_wconf 90' lang='lat' dir='ltr'><strong>sublimitatis</strong></span> <span class='ocrx_word' id='word_1_813' title='bbox 2791 4645 3052 4707; x_wconf 67' lang='lat' dir='ltr'><strong>tantaeque</strong></span> <span class='ocrx_word' id='word_1_814' title='bbox 3108 4637 3354 4706; x_wconf 75' lang='lat' dir='ltr'><strong>gloriosa:</strong></span> <span class='ocrx_word' id='word_1_815' title='bbox 3416 4638 3758 4696; x_wconf 78' lang='lat' dir='ltr'><strong>ascensionis</strong></span> 
     </span>
    </p>
   </div>
   <div class='ocr_carea' id='block_1_105' title="bbox 2187 4727 3866 4798">
    <p class='ocr_par' dir='ltr' id='par_1_105' title="bbox 2187 4727 3866 4798">
     <span class='ocr_line' id='line_1_105' title="bbox 2187 4727 3866 4798; baseline 0.002 -14"><span class='ocrx_word' id='word_1_816' title='bbox 2187 4727 2513 4797; x_wconf 85' lang='lat' dir='ltr'><strong>triumphum</strong></span> <span class='ocrx_word' id='word_1_817' title='bbox 2548 4743 2665 4798; x_wconf 63' lang='lat' dir='ltr'><strong>qum</strong></span> <span class='ocrx_word' id='word_1_818' title='bbox 2694 4742 2923 4797; x_wconf 90' lang='lat' dir='ltr'><strong>unquam</strong></span> <span class='ocrx_word' id='word_1_819' title='bbox 2958 4728 3166 4797; x_wconf 89' lang='lat' dir='ltr'><strong>lingua,</strong></span> <span class='ocrx_word' id='word_1_820' title='bbox 3199 4744 3318 4797; x_wconf 70' lang='lat' dir='ltr'><strong>qua:</strong></span> <span class='ocrx_word' id='word_1_821' title='bbox 3348 4729 3559 4785; x_wconf 86' lang='lat' dir='ltr'><strong>valeant</strong></span> <span class='ocrx_word' id='word_1_822' title='bbox 3594 4732 3758 4787; x_wconf 81' lang='lat' dir='ltr'><strong>verba</strong></span> <span class='ocrx_word' id='word_1_823' title='bbox 3848 4766 3866 4778; x_wconf 75' lang='grc' dir='ltr'><strong>ο</strong></span> 
     </span>
    </p>
   </div>
   <div class='ocr_carea' id='block_1_106' title="bbox 2179 4820 3761 4892">
    <p class='ocr_par' dir='ltr' id='par_1_106' title="bbox 2179 4820 3761 4892">
     <span class='ocr_line' id='line_1_106' title="bbox 2179 4820 3761 4892; baseline 0.002 -17"><span class='ocrx_word' id='word_1_824' title='bbox 2179 4820 2427 4876; x_wconf 87' lang='lat' dir='ltr'><strong>sufficere</strong></span> <span class='ocrx_word' id='word_1_825' title='bbox 2447 4865 2461 4890; x_wconf 95' lang='lat'><strong>,</strong></span> <span class='ocrx_word' id='word_1_826' title='bbox 2491 4821 2704 4889; x_wconf 90' lang='lat' dir='ltr'><strong>quando</strong></span> <span class='ocrx_word' id='word_1_827' title='bbox 2733 4821 2800 4875; x_wconf 91' lang='lat' dir='ltr'><strong>ad</strong></span> <span class='ocrx_word' id='word_1_828' title='bbox 2832 4829 2933 4875; x_wconf 89' lang='lat' dir='ltr'><strong>tam</strong></span> <span class='ocrx_word' id='word_1_829' title='bbox 2978 4820 3292 4877; x_wconf 81' lang='lat' dir='ltr'><strong>excellentia</strong></span> <span class='ocrx_word' id='word_1_830' title='bbox 3336 4822 3617 4892; x_wconf 88' lang='lat' dir='ltr'><strong>cogitanda</strong></span> <span class='ocrx_word' id='word_1_831' title='bbox 3661 4823 3761 4878; x_wconf 83' lang='lat' dir='ltr'><strong>hu-</strong></span> 
     </span>
    </p>
   </div>
   <div class='ocr_carea' id='block_1_107' title="bbox 2177 4910 3758 4982">
    <p class='ocr_par' dir='ltr' id='par_1_107' title="bbox 2177 4910 3758 4982">
     <span class='ocr_line' id='line_1_107' title="bbox 2177 4910 3758 4982; baseline 0.001 -18"><span class='ocrx_word' id='word_1_832' title='bbox 2177 4924 2331 4964; x_wconf 91' lang='lat' dir='ltr'><strong>mana</strong></span> <span class='ocrx_word' id='word_1_833' title='bbox 2360 4910 2641 4965; x_wconf 79' lang='lat' dir='ltr'><strong>:estimatio</strong></span> <span class='ocrx_word' id='word_1_834' title='bbox 2664 4911 2995 4966; x_wconf 84' lang='lat' dir='ltr'><strong>succumbit?</strong></span> <span class='ocrx_word' id='word_1_835' title='bbox 3016 4912 3245 4967; x_wconf 80' lang='lat' dir='ltr'><strong>Attende</strong></span> <span class='ocrx_word' id='word_1_836' title='bbox 3270 4926 3399 4982; x_wconf 87' lang='lat' dir='ltr'><strong>ergo</strong></span> <span class='ocrx_word' id='word_1_837' title='bbox 3423 4913 3549 4978; x_wconf 89' lang='lat' dir='ltr'><strong>tibi,</strong></span> <span class='ocrx_word' id='word_1_838' title='bbox 3578 4912 3758 4982; x_wconf 86' lang='lat' dir='ltr'><strong>virgo,</strong></span> 
     </span>
    </p>
   </div>
   <div class='ocr_carea' id='block_1_108' title="bbox 2177 5002 3760 5075">
    <p class='ocr_par' dir='ltr' id='par_1_108' title="bbox 2177 5002 3760 5075">
     <span class='ocr_line' id='line_1_108' title="bbox 2177 5002 3760 5075; baseline 0.003 -20"><span class='ocrx_word' id='word_1_839' title='bbox 2177 5002 2439 5069; x_wconf 86' lang='lat' dir='ltr'><strong>sollicite,</strong></span> <span class='ocrx_word' id='word_1_840' title='bbox 2484 5018 2551 5057; x_wconf 91' lang='lat' dir='ltr'><strong>ne</strong></span> <span class='ocrx_word' id='word_1_841' title='bbox 2596 5011 2737 5057; x_wconf 91' lang='lat' dir='ltr'><strong>tanto</strong></span> <span class='ocrx_word' id='word_1_842' title='bbox 2783 5003 3008 5073; x_wconf 90' lang='lat' dir='ltr'><strong>priveris</strong></span> <span class='ocrx_word' id='word_1_843' title='bbox 3048 5004 3283 5070; x_wconf 90' lang='lat' dir='ltr'><strong>honore,</strong></span> <span class='ocrx_word' id='word_1_844' title='bbox 3330 5020 3449 5075; x_wconf 61' lang='lat' dir='ltr'><strong>qua</strong></span> <span class='ocrx_word' id='word_1_845' title='bbox 3488 5003 3760 5074; x_wconf 64' lang='lat' dir='ltr'><strong>pudicitiae</strong></span> 
     </span>
    </p>
   </div>
   <div class='ocr_carea' id='block_1_109' title="bbox 2177 5090 3759 5164">
    <p class='ocr_par' dir='ltr' id='par_1_109' title="bbox 2177 5090 3759 5164">
     <span class='ocr_line' id='line_1_109' title="bbox 2177 5090 3759 5164; baseline 0.003 -18"><span class='ocrx_word' id='word_1_846' title='bbox 2177 5090 2371 5148; x_wconf 91' lang='lat' dir='ltr'><strong>decore</strong></span> <span class='ocrx_word' id='word_1_847' title='bbox 2398 5093 2782 5164; x_wconf 89' lang='lat' dir='ltr'><strong>resplendens,</strong></span> <span class='ocrx_word' id='word_1_848' title='bbox 2811 5103 2865 5150; x_wconf 91' lang='lat' dir='ltr'><strong>et</strong></span> <span class='ocrx_word' id='word_1_849' title='bbox 2892 5093 3086 5150; x_wconf 89' lang='lat' dir='ltr'><strong>Christi</strong></span> <span class='ocrx_word' id='word_1_850' title='bbox 3129 5096 3303 5150; x_wconf 90' lang='lat' dir='ltr'><strong>bonus</strong></span> <span class='ocrx_word' id='word_1_851' title='bbox 3346 5095 3483 5150; x_wconf 93' lang='lat' dir='ltr'><strong>odor</strong></span> <span class='ocrx_word' id='word_1_852' title='bbox 3522 5095 3715 5151; x_wconf 72' lang='lat' dir='ltr'><strong>effecta</strong></span> <span class='ocrx_word' id='word_1_853' title='bbox 3742 5138 3759 5164; x_wconf 96' lang='lat'><strong>,</strong></span> 
     </span>
    </p>
   </div>
   <div class='ocr_carea' id='block_1_110' title="bbox 2175 5181 3759 5250">
    <p class='ocr_par' dir='ltr' id='par_1_110' title="bbox 2175 5181 3759 5250">
     <span class='ocr_line' id='line_1_110' title="bbox 2175 5181 3759 5250; baseline 0.003 -13"><span class='ocrx_word' id='word_1_854' title='bbox 2175 5194 2271 5237; x_wconf 89' lang='lat' dir='ltr'><strong>ceu</strong></span> <span class='ocrx_word' id='word_1_855' title='bbox 2302 5181 2469 5236; x_wconf 91' lang='lat' dir='ltr'><strong>lilium</strong></span> <span class='ocrx_word' id='word_1_856' title='bbox 2499 5183 2742 5250; x_wconf 89' lang='lat' dir='ltr'><strong>redoles,</strong></span> <span class='ocrx_word' id='word_1_857' title='bbox 2775 5200 2842 5239; x_wconf 90' lang='lat' dir='ltr'><strong>ne</strong></span> <span class='ocrx_word' id='word_1_858' title='bbox 2885 5192 2935 5239; x_wconf 89' lang='lat' dir='ltr'><strong>te</strong></span> <span class='ocrx_word' id='word_1_859' title='bbox 2978 5184 3115 5239; x_wconf 87' lang='lat' dir='ltr'><strong>male</strong></span> <span class='ocrx_word' id='word_1_860' title='bbox 3153 5183 3425 5239; x_wconf 88' lang='lat' dir='ltr'><strong>suadentis</strong></span> <span class='ocrx_word' id='word_1_861' title='bbox 3464 5184 3632 5239; x_wconf 80' lang='lat' dir='ltr'><strong>hoSIis</strong></span> <span class='ocrx_word' id='word_1_862' title='bbox 3664 5200 3759 5241; x_wconf 86' lang='lat' dir='ltr'><strong>ve-</strong></span> 
     </span>
    </p>
   </div>
   <div class='ocr_carea' id='block_1_111' title="bbox 2176 5271 3759 5345">
    <p class='ocr_par' dir='ltr' id='par_1_111' title="bbox 2176 5271 3759 5345">
     <span class='ocr_line' id='line_1_111' title="bbox 2176 5271 3759 5345; baseline 0.003 -20"><span class='ocrx_word' id='word_1_863' title='bbox 2176 5284 2313 5326; x_wconf 91' lang='lat' dir='ltr'><strong>nena</strong></span> <span class='ocrx_word' id='word_1_864' title='bbox 2343 5271 2561 5326; x_wconf 91' lang='lat' dir='ltr'><strong>illiciant</strong></span> <span class='ocrx_word' id='word_1_865' title='bbox 2582 5310 2597 5335; x_wconf 91' lang='lat'><strong>,</strong></span> <span class='ocrx_word' id='word_1_866' title='bbox 2628 5288 2696 5327; x_wconf 90' lang='lat' dir='ltr'><strong>ne</strong></span> <span class='ocrx_word' id='word_1_867' title='bbox 2723 5274 2904 5344; x_wconf 91' lang='lat' dir='ltr'><strong>aliquo</strong></span> <span class='ocrx_word' id='word_1_868' title='bbox 2936 5273 3095 5329; x_wconf 92' lang='lat' dir='ltr'><strong>modo</strong></span> <span class='ocrx_word' id='word_1_869' title='bbox 3121 5273 3404 5329; x_wconf 91' lang='lat' dir='ltr'><strong>imminuas</strong></span> <span class='ocrx_word' id='word_1_870' title='bbox 3434 5275 3576 5345; x_wconf 92' lang='lat' dir='ltr'><strong>quod</strong></span> <span class='ocrx_word' id='word_1_871' title='bbox 3607 5286 3759 5331; x_wconf 77' lang='lat' dir='ltr'><strong>tanta</strong></span> 
     </span>
    </p>
   </div>
   <div class='ocr_carea' id='block_1_112' title="bbox 2174 5362 3761 5440">
    <p class='ocr_par' dir='ltr' id='par_1_112' title="bbox 2174 5362 3761 5440">
     <span class='ocr_line' id='line_1_112' title="bbox 2174 5362 3761 5440; baseline 0.003 -22"><span class='ocrx_word' id='word_1_872' title='bbox 2174 5362 2421 5419; x_wconf 87' lang='lat' dir='ltr'><strong>claritate</strong></span> <span class='ocrx_word' id='word_1_873' title='bbox 2451 5378 2721 5419; x_wconf 89' lang='lat' dir='ltr'><strong>coruscas.</strong></span> <span class='ocrx_word' id='word_1_874' title='bbox 2760 5366 2920 5435; x_wconf 89' lang='lat' dir='ltr'><strong>Virgo</strong></span> <span class='ocrx_word' id='word_1_875' title='bbox 2964 5381 3158 5433; x_wconf 88' lang='lat' dir='ltr'><strong>carne,</strong></span> <span class='ocrx_word' id='word_1_876' title='bbox 3191 5383 3296 5423; x_wconf 91' lang='lat' dir='ltr'><strong>non</strong></span> <span class='ocrx_word' id='word_1_877' title='bbox 3338 5368 3548 5438; x_wconf 88' lang='lat' dir='ltr'><strong>animo,</strong></span> <span class='ocrx_word' id='word_1_878' title='bbox 3589 5370 3761 5440; x_wconf 79' lang='lat' dir='ltr'><strong>virgi-</strong></span> 
     </span>
    </p>
   </div>
   <div class='ocr_carea' id='block_1_113' title="bbox 2177 5454 3761 5526">
    <p class='ocr_par' dir='ltr' id='par_1_113' title="bbox 2177 5454 3761 5526">
     <span class='ocr_line' id='line_1_113' title="bbox 2177 5454 3761 5526; baseline 0.006 -17"><span class='ocrx_word' id='word_1_879' title='bbox 2177 5454 2357 5510; x_wconf 90' lang='lat' dir='ltr'><strong>nitatis</strong></span> <span class='ocrx_word' id='word_1_880' title='bbox 2389 5457 2610 5526; x_wconf 73' lang='lat' dir='ltr'><strong>praunio</strong></span> <span class='ocrx_word' id='word_1_881' title='bbox 2642 5473 2745 5512; x_wconf 89' lang='lat' dir='ltr'><strong>non</strong></span> <span class='ocrx_word' id='word_1_882' title='bbox 2776 5459 2994 5526; x_wconf 91' lang='lat' dir='ltr'><strong>potitur.</strong></span> <span class='ocrx_word' id='word_1_883' title='bbox 3036 5460 3138 5514; x_wconf 87' lang='lat' dir='ltr'><strong>Sed</strong></span> <span class='ocrx_word' id='word_1_884' title='bbox 3180 5458 3325 5515; x_wconf 90' lang='lat' dir='ltr'><strong>aliud</strong></span> <span class='ocrx_word' id='word_1_885' title='bbox 3372 5470 3455 5516; x_wconf 91' lang='lat' dir='ltr'><strong>est</strong></span> <span class='ocrx_word' id='word_1_886' title='bbox 3501 5464 3761 5518; x_wconf 81' lang='lat' dir='ltr'><strong>tentatio-</strong></span> 
     </span>
    </p>
   </div>
   <div class='ocr_carea' id='block_1_114' title="bbox 2176 5546 3763 5616">
    <p class='ocr_par' dir='ltr' id='par_1_114' title="bbox 2176 5546 3763 5616">
     <span class='ocr_line' id='line_1_114' title="bbox 2176 5546 3763 5616; baseline 0.006 -15"><span class='ocrx_word' id='word_1_887' title='bbox 2176 5561 2299 5601; x_wconf 91' lang='lat' dir='ltr'><strong>num</strong></span> <span class='ocrx_word' id='word_1_888' title='bbox 2330 5546 2534 5603; x_wconf 90' lang='lat' dir='ltr'><strong>fortiter</strong></span> <span class='ocrx_word' id='word_1_889' title='bbox 2562 5549 2822 5604; x_wconf 89' lang='lat' dir='ltr'><strong>illecebris</strong></span> <span class='ocrx_word' id='word_1_890' title='bbox 2843 5551 3124 5616; x_wconf 91' lang='lat' dir='ltr'><strong>contraire,</strong></span> <span class='ocrx_word' id='word_1_891' title='bbox 3149 5550 3291 5606; x_wconf 91' lang='lat' dir='ltr'><strong>aliud</strong></span> <span class='ocrx_word' id='word_1_892' title='bbox 3315 5552 3519 5608; x_wconf 88' lang='lat' dir='ltr'><strong>eisdem</strong></span> <span class='ocrx_word' id='word_1_893' title='bbox 3548 5552 3763 5612; x_wconf 83' lang='lat' dir='ltr'><strong>blande</strong></span> 
     </span>
    </p>
   </div>
   <div class='ocr_carea' id='block_1_115' title="bbox 2174 5638 3763 5707">
    <p class='ocr_par' dir='ltr' id='par_1_115' title="bbox 2174 5638 3763 5707">
     <span class='ocr_line' id='line_1_115' title="bbox 2174 5638 3763 5707; baseline 0.007 -13"><span class='ocrx_word' id='word_1_894' title='bbox 2174 5638 2528 5707; x_wconf 90' lang='lat' dir='ltr'><strong>irrepentibus</strong></span> <span class='ocrx_word' id='word_1_895' title='bbox 2555 5644 2822 5698; x_wconf 86' lang='lat' dir='ltr'><strong>euerviter</strong></span> <span class='ocrx_word' id='word_1_896' title='bbox 2853 5644 3045 5698; x_wconf 85' lang='lat' dir='ltr'><strong>cedere</strong></span> <span class='ocrx_word' id='word_1_897' title='bbox 3074 5663 3085 5695; x_wconf 94' lang='lat'><strong>:</strong></span> <span class='ocrx_word' id='word_1_898' title='bbox 3120 5658 3221 5699; x_wconf 91' lang='lat' dir='ltr'><strong>nec</strong></span> <span class='ocrx_word' id='word_1_899' title='bbox 3248 5643 3342 5699; x_wconf 89' lang='lat' dir='ltr'><strong>tibi</strong></span> <span class='ocrx_word' id='word_1_900' title='bbox 3371 5645 3515 5699; x_wconf 89' lang='lat' dir='ltr'><strong>solus</strong></span> <span class='ocrx_word' id='word_1_901' title='bbox 3546 5647 3763 5705; x_wconf 66' lang='lat' dir='ltr'><strong>sufﬁcit</strong></span> 
     </span>
    </p>
   </div>
   <div class='ocr_carea' id='block_1_116' title="bbox 2172 5731 3761 5806">
    <p class='ocr_par' dir='ltr' id='par_1_116' title="bbox 2172 5731 3761 5806">
     <span class='ocr_line' id='line_1_116' title="bbox 2172 5731 3761 5806; baseline 0.007 -21"><span class='ocrx_word' id='word_1_902' title='bbox 2172 5731 2238 5785; x_wconf 85' lang='lat' dir='ltr'><strong>ad</strong></span> <span class='ocrx_word' id='word_1_903' title='bbox 2268 5738 2595 5799; x_wconf 87' lang='lat' dir='ltr'><strong>capescenda</strong></span> <span class='ocrx_word' id='word_1_904' title='bbox 2626 5738 2837 5804; x_wconf 86' lang='lat' dir='ltr'><strong>praemia</strong></span> <span class='ocrx_word' id='word_1_905' title='bbox 2869 5734 3188 5806; x_wconf 88' lang='lat' dir='ltr'><strong>virginitatis</strong></span> <span class='ocrx_word' id='word_1_906' title='bbox 3220 5736 3411 5804; x_wconf 89' lang='lat' dir='ltr'><strong>pudor,</strong></span> <span class='ocrx_word' id='word_1_907' title='bbox 3443 5738 3549 5792; x_wconf 90' lang='lat' dir='ltr'><strong>nisi</strong></span> <span class='ocrx_word' id='word_1_908' title='bbox 3582 5740 3761 5796; x_wconf 84' lang='lat' dir='ltr'><strong>etiam</strong></span> 
     </span>
    </p>
   </div>
   <div class='ocr_carea' id='block_1_117' title="bbox 2173 5822 3760 5889">
    <p class='ocr_par' dir='ltr' id='par_1_117' title="bbox 2173 5822 3760 5889">
     <span class='ocr_line' id='line_1_117' title="bbox 2173 5822 3760 5889; baseline 0.005 -10"><span class='ocrx_word' id='word_1_909' title='bbox 2173 5823 2291 5879; x_wconf 89' lang='lat' dir='ltr'><strong>aliis</strong></span> <span class='ocrx_word' id='word_1_910' title='bbox 2322 5822 2479 5881; x_wconf 88' lang='lat' dir='ltr'><strong>fueris</strong></span> <span class='ocrx_word' id='word_1_911' title='bbox 2506 5824 2683 5881; x_wconf 85' lang='lat' dir='ltr'><strong>dotata</strong></span> <span class='ocrx_word' id='word_1_912' title='bbox 2716 5826 3016 5884; x_wconf 74' lang='lat' dir='ltr'><strong>virtutibus.</strong></span> <span class='ocrx_word' id='word_1_913' title='bbox 3061 5826 3165 5885; x_wconf 88' lang='lat' dir='ltr'><strong>Sed</strong></span> <span class='ocrx_word' id='word_1_914' title='bbox 3195 5841 3370 5887; x_wconf 78' lang='lat' dir='ltr'><strong>neque</strong></span> <span class='ocrx_word' id='word_1_915' title='bbox 3411 5836 3617 5883; x_wconf 84' lang='lat' dir='ltr'><strong>tantum</strong></span> <span class='ocrx_word' id='word_1_916' title='bbox 3652 5845 3760 5889; x_wconf 81' lang='lat' dir='ltr'><strong>oo-</strong></span> 
     </span>
    </p>
   </div>
  </div>
