4096 6346
333 329 473 390 tssa
555 289 560 292 ’

1795 319 2124 381 HOMILIE.

3448 329 3584 390 1570

331 440 458 498 teris
485 436 754 495 custodire
781 434 1109 502 thesaurum,
1137 435 1239 494 nisi
1268 443 1416 493 tuum
1447 436 1749 507 possederit
1777 451 1905 494 con-
1931 437 2156 500 Adum.
2202 436 2328 492 Dure
2368 435 2791 510 siquidemgvitae
2829 450 2858 492 a
2903 436 3054 494 bonis
3094 437 3337 496 ﬁdelibus
3376 439 3431 496 in
3477 443 3580 498 hoc

329 533 493 588 tinuze
540 529 859 585 humilitatis
905 538 1109 598 pectus.
1168 529 1442 586 Memento
1489 544 1700 600 semper
1748 529 1908 601 hujus

330 623 582 691 gloriosae
611 622 832 692 virginis
863 621 1050 676 matris
1071 663 1084 687 ,
1117 637 1233 690 qua:
1264 631 1409 677 tanta
1440 623 1768 678 sublimitate
1797 637 1910 679 me-

332 717 441 771 ruit
469 731 590 771 cum
623 721 767 771 esset
795 715 1009 771 humilis
1038 715 1283 770 exaltari.
1317 716 1430 772 Non
1463 731 1672 785 quaeras
1701 715 1909 771 divitias

333 810 601 878 perituras
631 809 684 864 in
717 809 904 876 terris,
936 824 1053 880 quae
1084 810 1334 879 perennia
1380 810 1486 865 eris
1525 810 1741 879 praemia
1783 822 1907 878 pos-

329 915 545 957 sessura
577 901 629 956 in
658 901 831 956 coeiis.
866 899 1012 970 Fuge
1042 902 1460 972 superﬂuitatem
1494 900 1758 968 habendi,
1789 900 1910 970 lnge

329 995 574 1050 laetitiam
620 995 840 1060 saeculi,
879 1010 996 1063 quae
1043 996 1181 1051 coelo
1219 996 1440 1052 {ruitura
1479 1011 1539 1051 es
1576 1004 1628 1051 ct
1665 996 1909 1066 gavisura

329 1104 452 1144 cum
495 1088 698 1158 angelis
740 1088 874 1143 suis.
920 1087 1088 1145 Serva
1130 1103 1224 1144 cor
1263 1097 1410 1144 tuum
1450 1089 1592 1144 omni
1633 1087 1907 1156 custodia,

329 1182 545 1238 contine
573 1184 639 1236 ab
665 1181 852 1237 otiosis
882 1183 1218 1238 sermonibus
1249 1183 1480 1253 linguam
1509 1201 1522 1248 ;
1564 1182 1614 1236 in
1655 1183 1906 1238 omnibus

328 1280 380 1326 te
409 1272 567 1327 talem
595 1273 747 1342 virgo
773 1272 1102 1327 venerabilis
1131 1271 1345 1337 exhibe,
1379 1281 1434 1326 ut
1463 1272 1612 1342 quasi
1642 1271 1808 1326 lilium
1842 1270 1908 1327 de

324 1364 482 1421 horto
512 1365 766 1422 Ecclesia:
793 1366 1094 1435 eolligaris,
1124 1375 1177 1421 et
1203 1367 1314 1436 regi
1343 1365 1501 1435 digna
1533 1365 1607 1420 sis
1633 1365 1902 1436 virginum

324 1455 380 1509 in
410 1463 723 1526 perpetuum
753 1454 1028 1524 copulari:
1056 1453 1150 1509 sed
1180 1452 1375 1507 ad-vos
1401 1452 1746 1507 nihilominus
1774 1453 1905 1508 mihi

325 1561 507 1603 sermo
545 1556 663 1615 est,
703 1560 838 1618 quas
875 1547 947 1602 ita
982 1545 1196 1600 divinus
1225 1559 1377 1600 amor
1419 1544 1800 1612 inﬂammavit,
1848 1552 1908 1600 ut

324 1640 506 1706 viros,
538 1638 788 1705 soboles,
816 1651 1036 1694 censum
1069 1645 1122 1693 et
1154 1636 1352 1707 praedia
1392 1636 1790 1706 relinquentes,
1822 1635 1904 1692 vi-

323 1731 408 1787 rili
453 1731 633 1788 animo
679 1731 748 1787 ad
789 1731 884 1786 Dei
925 1729 1202 1786 servitium
1249 1728 1492 1784 venistis.
1539 1727 1712 1784 Nolite
1740 1727 1905 1784 semel

2013 529 2358 585 mortalitatis
2400 537 2641 598 tempore
2683 540 2957 601 geruntur,
3003 547 3222 602 quarum
3262 534 3465 590 scilicet
3504 537 3584 590 al-

2011 629 2124 676 tera
2170 621 2376 686 activa,
2419 621 2582 676 altera
2630 637 2756 676 vero
2803 624 3213 693 contemplativa
3257 634 3518 680 vocatur:
3552 640 3585 682 θ

2009 713 2207 782 quibus
2256 713 2480 781 primam
2532 711 2702 767 Graeci
2753 715 3054 782 practicen,
3105 725 3416 786 sequentem
3462 732 3588 773 vero

2010 803 2281 860 theoricen
2308 803 2726 873 appellaverunt.
2755 805 2880 858 Dure
2907 820 3032 875 ergo
3057 807 3174 861 istae
3196 806 3422 862 Domino
3448 808 3588 864 dile-

2009 904 2109 951 ctm
2152 909 2364 952 sorores
2408 896 2540 950 duas
2589 896 2685 951 has
2729 897 2863 951 vitas
2910 898 3252 968 Spirituales,
3297 899 3489 968 quibus
3535 902 3588 956 in

2009 990 2263 1058 praesenti
2293 990 2490 1043 saeculo
2533 998 2715 1044 sancta
2760 999 3042 1046 exercetur
3083 991 3323 1046 Ecclesia
3365 992 3587 1048 demon-

2008 1087 2198 1135 strant.
2241 1080 2443 1134 Martha
2487 1080 2702 1149 quidem
2750 1080 3007 1134 actualem
3035 1121 3049 1146 ,
3095 1095 3198 1150 qua
3245 1081 3488 1150 proximo
3534 1083 3588 1139 in

2007 1169 2278 1226 charitate
2329 1169 2649 1235 sociamur;
2702 1169 2863 1225 Maria
2909 1184 3037 1225 vero
3081 1172 3586 1241 contemplativarn,

2007 1273 2111 1328 qua
2141 1259 2192 1312 in
2228 1257 2320 1312 Dei
2351 1272 2536 1312 amore
2583 1274 2680 1326 per
2721 1259 3191 1328 compunctionem
3234 1263 3587 1330 suSpiramus.

2008 1349 2135 1403 Erat
2165 1363 2295 1417 ergo
2325 1361 2427 1402 una
2459 1348 2660 1402 intenta
2691 1348 2838 1418 operi
2858 1391 2872 1412 ,
2908 1349 3076 1405 altera
3106 1352 3542 1421 contemplationi
3572 1370 3588 1419 ;

2006 1455 2112 1496 una
2138 1441 2330 1496 activae
2354 1441 2621 1498 serviebat
2645 1458 2734 1511 per
2759 1444 2991 1501 exterius
3016 1445 3399 1513 miniSIerium;
3427 1448 3592 1504 altera

2003 1533 2433 1602 contemplativa:
2479 1548 2572 1602 per
2616 1536 3022 1605 suspensionem
3072 1537 3254 1593 cordis
3301 1537 3353 1592 in
3404 1540 3586 1594 verbo.

2003 1623 2187 1680 Aetiva
2218 1639 2451 1695 namque
2479 1625 2582 1680 vita
2612 1635 2837 1698 estquae
2871 1626 2924 1682 in
2965 1628 3215 1698 operibus
3255 1629 3478 1698 iustitiae
3521 1644 3589 1686 ex

2004 1714 2233 1786 proximi
2282 1714 2508 1770 utilitate
2557 1725 2836 1782 versatur;
2898 1719 3318 1788 contemplativa
3375 1728 3581 1787 autem,

326 1831 561 1894 coeptum
604 1823 708 1880 iter
735 1823 1022 1889 deserere;
1053 1821 1219 1878 nolite
1248 1835 1407 1876 manu
1438 1822 1489 1875 in
1519 1828 1698 1876 aratro
1727 1820 1903 1877 crucis
1935 1805 1984 1868 Β
2011 1820 2128 1876 qua?
2159 1819 2356 1861 vacans
2384 1805 2451 1860 ab
2479 1807 2624 1862 omni
2655 1808 2867 1877 ῐιθϐοιίο
2889 1848 2905 1875 9
2937 1809 2990 1864 in
3021 1809 3134 1865 5033
3167 1809 3261 1865 Dei
3292 1809 3585 1868 dilectione

330 1917 500 1972 semei
533 1914 700 1986 posita
719 1956 736 1981 ,
767 1924 913 1971 retro
940 1914 1205 1984 respicere
1225 1959 1238 1983 ,
1269 1929 1336 1968 ne
1365 1913 1717 1970 revertamini
1745 1912 1909 1969 corde

333 2008 384 2062 in
413 2007 700 2078 Egyptum
720 2047 735 2073 ,
763 2021 832 2062 ne
860 2020 1110 2076 ceparum
1140 2013 1195 2060 et
1223 2019 1493 2074 peponum
1523 2003 1790 2059 illecebris
1814 2003 1908 2058 de-

326 2099 593 2155 lectemini
616 2138 630 2164 ,
662 2098 756 2154 sed
787 2097 962 2170 potius
1010 2097 1063 2153 id
1088 2111 1208 2152 esse
1245 2111 1338 2167 per
1378 2097 1729 2153 humilitatem
1770 2105 1910 2152 sata-

332 2193 441 2264 gite
468 2191 613 2262 quod
639 2191 875 2261 coepistis
901 2210 912 2242 :
947 2190 1180 2246 scientes
1208 2203 1304 2260 per
1343 2190 1521 2245 omnia
1542 2229 1558 2256 ,
1605 2189 1744 2259 quod
1787 2203 1910 2258 per-

336 2290 646 2338 severantes
673 2295 842 2350 usque
871 2281 923 2335 in
957 2280 1118 2335 linem
1147 2279 1439 2335 secundum
1485 2279 1743 2348 virginale
1787 2293 1907 2333 me-

329 2371 492 2428 ritum
528 2371 870 2440 praemiorum
899 2369 1124 2439 gloriam
1155 2367 1453 2438 accipietis.
1495 2369 1614 2423 Tibi
1654 2383 1868 2440 quoque
1890 2411 1905 2436 ,

332 2463 376 2517 si
409 2477 507 2532 qua
539 2475 598 2518 es
627 2477 744 2532 quae
777 2469 829 2516 te
870 2460 1160 2531 deliquisse
1201 2458 1525 2527 meministi,
1573 2461 1808 2529 suadeo,
1854 2470 1912 2517 ut

333 2552 510 2608 Mariae
548 2551 872 2624 Magdalente
911 2552 1307 2608 confessionem
1335 2550 1637 2606 recorderis
1664 2566 1680 2617 ;
1711 2560 1764 2606 et
1795 2559 1911 2606 tan-

335 2659 493 2715 quam
524 2644 592 2699 ad
623 2643 846 2714 vestigia
878 2642 1048 2712 posita
1079 2643 1287 2698 Domini
1330 2642 1630 2710 praeteritas
1672 2643 1910 2696 maculas

328 2735 688 2806 lacrymarum
719 2733 952 2790 fontibus
980 2733 1146 2800 laves,
1171 2741 1229 2788 ut
1254 2741 1308 2788 et
1334 2740 1391 2787 tu
1416 2732 1669 2787 merearis
1696 2733 1763 2786 ab
1794 2731 1912 2801 ipso

333 2826 562 2880 Domino
592 2824 821 2880 audire:
853 2825 1094 2891 Conﬁde,
1145 2823 1291 2892 filia,
1333 2823 1461 2891 fides
1502 2831 1590 2876 tua
1629 2829 1676 2876 te
1717 2822 1912 2876 salvam

332 2915 451 2984 fecit
486 2913 637 2986 (Luc.
660 2929 773 2983 vn,
798 2913 910 2983 50).
946 2912 1014 2968 In
1039 2914 1189 2968 domo
1217 2911 1413 2981 Patris,
1435 2903 1501 2967 ἰιι
1528 2913 1603 2966 ait
1631 2911 1908 2980 Dominus,

331 3005 618 3060 mansiones
644 3005 823 3059 multa:
852 3011 971 3058 sunt
998 3002 1196 3072 (Joan.
1223 3017 1340 3069 xrv,
1365 3002 1421 3072 9.)
1449 3045 1462 3069 ,
1496 3011 1552 3058 et
1577 3015 1912 3073 unaquaeque

336 3099 509 3155 anima
539 3112 636 3168 pro
662 3097 774 3153 suis
814 3097 924 3153 illic
967 3096 1172 3152 meritis
1215 3096 1547 3150 honoratur:
1596 3095 1690 3150 sed
1733 3103 1909 3150 tamen

2012 1895 2282 1965 deligitur.
2317 1895 2516 1952 Harum
2547 1912 2649 1952 una
2678 1898 2730 1952 in
2764 1913 2924 1968 opere
2954 1899 3108 1955 bonae
3140 1901 3584 1969 conversationis,

2011 1988 2178 2044 altera
2221 1989 2276 2044 in
2319 1989 2768 2059 contemplatione
2807 2000 2889 2046 est
2916 1991 3362 2048 incommutabilis
3388 1995 3587 2049 verita-

2011 2080 2120 2136 tis:
2170 2095 2276 2135 una
2325 2096 2444 2150 qua:
2488 2096 2554 2136 ex
2602 2081 2706 2136 lide
2737 2082 2787 2137 in
2820 2083 2918 2138 hac
2965 2086 3387 2155 peregrinatione
3415 2065 3586 2154 vivit,

2009 2172 2177 2228 altera
2203 2187 2323 2242 quae
2352 2174 2488 2228 bene
2519 2175 2754 2230 viventes
2785 2190 2953 2246 usque
2979 2177 3044 2231 ad
3075 2193 3295 2248 regnum
3323 2179 3587 2248 perducit.

2017 2263 2218 2316 Activaa
2249 2263 2390 2318 enim
2421 2263 2545 2317 vitae
2576 2279 2765 2334 magna
2801 2276 2924 2320 sunt
2955 2269 3190 2338 praemia,
3225 2268 3319 2324 sed
3349 2279 3591 2326 contem-

2013 2351 2231 2419 plativaa
2263 2353 2489 2420 potiora.
2524 2355 2711 2409 Aetiva
2756 2370 2819 2411 ex
2872 2357 3026 2413 bonis
3071 2361 3319 2429 operibus
3365 2363 3590 2435 incipit,

2009 2440 2426 2510 contemplativa
2458 2443 2700 2510 pervenit
2731 2445 2794 2498 ad
2841 2445 2892 2500 id
2925 2447 3062 2513 quod
3106 2449 3347 2505 intendit.
3395 2451 3596 2508 Activae

2017 2530 2140 2584 vitae
2188 2545 2351 2599 opera
2396 2545 2515 2585 cum
2565 2546 2790 2602 corpore
2832 2534 3126 2606 liniuntur;
3168 2543 3596 2613 contemplativa:

2017 2630 2197 2676 autem
2227 2623 2416 2690 gaudia
2451 2624 2504 2678 in
2547 2624 2650 2680 line
2692 2627 2919 2697 amplius
2961 2642 3230 2690 crescunt.
3273 2635 3366 2691 illa
3407 2638 3546 2692 enim
3575 2676 3592 2704 ,

2015 2715 2261 2781 quamvis
2296 2715 2439 2768 utilis
2468 2723 2522 2768 et
2550 2717 2687 2770 bona
2708 2757 2724 2782 ,
2755 2727 2931 2775 tamen
2963 2737 3083 2778 cum
3126 2726 3338 2794 requies
3381 2729 3589 2783 venerit

2011 2801 2339 2866 transitura;
2374 2803 2472 2856 ista
2506 2819 2632 2860 vero
2680 2806 2802 2861 boni
2847 2811 3024 2878 operis
3071 2815 3345 2870 transituri
3389 2831 3594 2875 merces

2014 2899 2098 2946 est
2129 2900 2181 2947 et
2215 2892 2430 2963 requies
2462 2909 2832 2963 permansura.
2880 2900 3302 2972 Contemplativa
3347 2907 3455 2961 vita
3503 2923 3599 2976 per

2011 2980 2214 3037 Rachel
2260 2985 2586 3054 ostenditur,
2633 3003 2752 3057 quae
2797 2993 3196 3062 erat'pulchra,
3230 2996 3323 3051 sed
3351 3000 3590 3054 sterilis:

2021 3070 2150 3139 quia
2178 3085 2278 3140 per
2303 3075 2775 3143 contemplationis
2808 3079 2972 3134 otium
3019 3083 3192 3138 minus
3240 3099 3459 3156 operum
3506 3089 3598 3145 liii}

337 3202 515 3248 tantus
542 3162 623 3247 ibi
653 3192 756 3248 erit
787 3192 1064 3248 charitatis
1093 3199 1366 3261 perpetuae
1394 3189 1593 3255 ardor;
1641 3196 1701 3244 ut
1740 3203 1906 3244 unus-
1939 3166 1984 3229 (ἶ
2017 3170 2358 3261 ἕθ¹¹⁴ῗΓ²¹¹¹¹υῗζ
2397 3162 2636 3261 Αθίίνζαξη
2666 3176 2845 3261 aut?"
2885 3169 3044 3224 Vitam
3088 3175 3419 3231 monstrabat
3465 3175 3591 3245 Lia,

333 3283 559 3353 quisque
590 3292 643 3338 et
671 3282 817 3352 quod
848 3281 900 3337 in
933 3296 992 3338 se
1023 3295 1128 3337 non
1159 3280 1320 3338 habet
1340 3321 1356 3348 ,
1389 3280 1617 3351 gaudeat
1655 3293 1714 3335 se
1741 3280 1915 3350 possi-

336 3377 464 3432 dere
497 3377 550 3431 in
582 3376 774 3432 altero.
821 3375 1105 3431 Charitatis
1151 3389 1278 3446 ergo
1319 3375 1518 3430 bonum
1567 3382 1678 3430 toto
1719 3373 1916 3430 mentis

340 3469 625 3524 conamine
655 3453 853 3524 omnes.
873 3468 1076 3539 pariter
1103 3467 1353 3533 retinete,
1382 3467 1646 3523 excludite
1671 3480 1700 3521 a
1723 3464 1916 3521 vestris

335 3561 580 3616 sensibus
614 3561 777 3616 totius
810 3560 1023 3616 invidiae
1050 3567 1104 3614 et
1144 3559 1361 3614 malitia:
1400 3569 1637 3628 pestem,
1677 3566 1730 3612 et
1763 3554 1915 3629 justa

339 3665 526 3707 vocem
560 3650 836 3722 Apostoli,
863 3663 1076 3719 semper
1100 3649 1348 3719 gaudete,
1380 3649 1494 3705 sine
1523 3649 1918 3704 intermissione

337 3751 524 3809 orate,
575 3741 626 3795 in
679 3739 925 3795 omnibus
970 3739 1167 3808 gratias
1210 3739 1389 3809 agite,
1436 3747 1492 3792 ut
1541 3740 1592 3792 in
1637 3740 1734 3791 hac
1777 3739 1914 3802 vita,

339 3829 590 3886 aerumnis
622 3837 677 3885 et
705 3828 939 3883 miseriis
980 3828 1166 3897 plena,
1203 3826 1489 3896 tranquille
1531 3835 1589 3882 et
1627 3827 1806 3883 sobrie
1838 3827 1921 3882 vi-

338 3931 522 3976 ventes
542 3961 555 3986 ,
584 3920 640 3976 in
671 3929 872 3976 aeterna
904 3919 1072 3988 patria
1119 3918 1280 3974 etiam
1312 3920 1451 3989 quod
1494 3919 1778 3988 unicuique
1825 3931 1920 3974 ve-

341 4021 509 4069 strum
557 4028 665 4068 non
695 4011 961 4080 tribuitur,
1013 4025 1108 4080 per
1150 4011 1424 4066 charitatis
1469 4009 1809 4065 concordiam
1861 4009 1916 4064 in

342 4106 514 4160 altero
555 4103 909 4174 possideatur.
943 4103 1169 4158 Habetis
1198 4103 1517 4172 adjutricem
1549 4103 1713 4157 vestri
1742 4109 1920 4156 certa-

343 4193 505 4250 minis
545 4193 980 4264 gloriosissimam
1027 4192 1194 4260 hanc,
1242 4191 1342 4246 sub
1385 4189 1539 4261 cujus
1585 4192 1920 4259 protectione

345 4284 659 4355 eonfugistis
686 4325 702 4353 ,
753 4283 1014 4353 virginem
1063 4291 1118 4338 et
1157 4291 1423 4338 matrem:
1481 4282 1602 4352 quia
1647 4297 1765 4352 quae
1813 4290 1923 4338 toto

345 4380 544 4434 mundo
594 4377 810 4448 protulit
865 4376 1138 4448 languenti
1191 4377 1458 4442 salutem,
1512 4390 1610 4444 pro
1656 4375 1922 4432 universis

346 4469 482 4538 apud
535 4469 783 4524 eumdem
835 4481 989 4523 suum
1039 4467 1232 4522 Natum
1282 4476 1338 4522 et
1385 4466 1669 4523 Dominum
1723 4467 1923 4538 pietate

349 4564 501 4618 solita
532 4561 788 4620 intercedi

943 4651 1224 4708 IIOMILIA
1260 4650 1325 4706 ll.

492 4761 544 4800 m
581 4758 957 4800 evanesuuu:
993 4742 1214 4796 Intravit
1246 4741 1398 4796 Jesus
1435 4741 1488 4796 in
1525 4741 1785 4811 quoddam

905 4815 1200 4879 castellum,
1243 4827 1363 4868 s'rc.

470 4951 481 4963 .
515 4908 694 4965 Sacrae
720 4903 968 4960 lectionis
991 4906 1179 4975 series,
1201 4921 1318 4975 quae
1343 4904 1498 4961 nobis
1523 4905 1830 4976 evangelico
1857 4904 1927 4962 de

360 5003 506 5057 fonte
551 4995 827 5063 manavit,
879 4995 1001 5050 licet
1047 4996 1426 5065 compendioso
1475 4997 1691 5052 tramite
1740 4998 1793 5052 in
1840 4995 1924 5052 sui

362 5092 643 5164 superﬁcie
682 5088 921 5154 modica,
953 5089 1158 5158 magnis
1206 5097 1383 5146 tamen
1426 5089 1744 5146 intrinsecus
1786 5089 1928 5145 utili-

365 5197 530 5242 tatum
579 5193 664 5238 est
713 5181 898 5250 spatiis
951 5180 1186 5236 dilatata.
1244 5183 1382 5238 Ecce
1430 5183 1572 5238 enim
1629 5183 1933 5238 audivimus

364 5293 488 5334 eum
509 5317 526 5344 ,
556 5289 710 5344 quem
740 5272 1036 5329 secundum
1065 5271 1358 5327 divinitatis
1402 5289 1514 5329 suae
1557 5273 1930 5330 excellentiam

365 5385 470 5426 non
501 5369 643 5438 capit
671 5366 926 5433 mundus,
957 5379 1118 5436 parvo
1149 5364 1382 5420 ﬁdelium
1414 5368 1621 5437 tugurio
1651 5367 1934 5423 mulierum

367 5461 705 5519 humanitatis
749 5460 801 5514 in
847 5460 1017 5513 forma
1058 5465 1400 5526 susceptum:
1443 5459 1528 5513 cui
1572 5460 1770 5524 altera,
1819 5473 1938 5528 qua:

370 5553 572 5611 Martha
595 5551 824 5606 vocitata
851 5559 962 5613 est,
991 5545 1267 5616 corporale
1295 5546 1566 5615 praebebat
1589 5547 1939 5617 obsequium;

370 5647 535 5703 altera
564 5658 712 5707 vero,
754 5656 873 5712 qua:
913 5641 1077 5698 Maria
1115 5639 1408 5707 dicebatur,
1454 5639 1715 5707 spirituali
1756 5639 1944 5694 adhae-

372 5739 521 5796 rebat
549 5735 763 5791 intuitu.
788 5734 893 5790 Sed
922 5735 1023 5790 hoc
1054 5741 1396 5802 utrarumque
1427 5741 1532 5787 tam
1561 5733 1828 5789 diversum
1859 5733 1944 5789 ol-

360 5835 552 5916 licium
582 5831 820 5906 mysticis
848 5831 1088 5904 proiecto
1116 5836 1202 5888 est
1245 5827 1603 5886 intellectibus
1633 5843 1942 5899 exsequen-

1961 3263 1966 3270 '
2022 3252 2184 3324 lippis
2217 3255 2423 3320 oculis,
2456 3255 2551 3310 sed
2582 3255 2808 3313 fecunda
2833 3277 2846 3325 ;
2875 3262 2996 3330 quia
3027 3262 3166 3318 actio
3194 3264 3455 3321 laboriosa
3487 3268 3603 3336 qui-

2015 3344 2142 3400 dem
2169 3353 2251 3401 est
2271 3383 2287 3414 ,
2317 3347 2597 3417 minusque
2624 3349 2728 3404 alta
2759 3353 3139 3421 considerans;
3163 3357 3257 3412 sed
3285 3357 3338 3413 in
3366 3373 3431 3414 eo
3458 3360 3600 3429 quod

2018 3453 2080 3495 se
2109 3453 2236 3510 erga
2283 3441 2513 3509 proximi
2562 3442 2847 3499 utilitatem
2889 3445 3004 3514 plus
3049 3447 3294 3516 exhibet,
3324 3448 3602 3506 fecundior

2017 3531 2078 3589 in
2097 3534 2348 3603 operibus
2377 3534 2528 3606 quasi
2560 3536 2612 3590 in
2645 3536 2765 3593 liiiis
2790 3540 3003 3595 crescit.
3032 3538 3126 3597 Hae
3155 3543 3273 3599 duae
3305 3546 3424 3601 vita:
3455 3547 3596 3614 apud

2019 3629 2360 3685 Ezechielem
2393 3631 2779 3702 signiﬁcantur,
2811 3649 2929 3688 cum
2960 3636 3028 3691 de
3052 3639 3249 3692 sanctis
3277 3641 3595 3696 animalibus

2021 3720 2304 3774 scribitur:
2329 3718 2400 3772 Et
2428 3737 2608 3775 manus
2629 3723 2846 3775 hominis
2867 3725 2958 3776 sub
2979 3727 3157 3793 pennis
3179 3742 3350 3780 eorum
3375 3727 3592 3797 (Ezeclr.

2020 3811 2192 3880 1,8).
2227 3812 2364 3878 Quid
2393 3813 2568 3880 itaque
2614 3829 2708 3882 per
2736 3830 2924 3871 manus
2969 3817 3069 3872 nisi
3113 3820 3314 3887 activa,
3363 3831 3418 3877 et
3465 3823 3594 3893 quid

2023 3917 2120 3971 per
2146 3916 2348 3972 pennas
2376 3904 2475 3958 nisi
2504 3906 2912 3974 contemplativa
2951 3908 3059 3963 vita
3101 3909 3379 3980 signatur.
3408 3913 3594 3970 Manus

2023 4005 2152 4062 ergo
2201 3991 2433 4048 hominis
2477 3994 2576 4049 sub
2619 3997 2806 4065 pennis
2840 4013 3024 4053 eorum
3065 4009 3179 4068 est,
3214 4001 3267 4056 id
3305 4011 3388 4058 est
3425 4005 3596 4059 virtus

2023 4084 2235 4152 operis,
2273 4085 2374 4140 sub
2409 4086 2588 4141 volatu
2630 4090 3119 4159 contemplationis.
3169 4091 3300 4148 Nam
3347 4097 3449 4150 etsi
3499 4111 3596 4166 per

2026 4177 2255 4230 activam
2312 4176 2437 4232 boni
2493 4178 2689 4246 aliquid
2743 4182 2979 4247 agimus,
3033 4183 3100 4237 ad
3148 4184 3370 4241 caeleste
3423 4195 3600 4242 tamen

2027 4266 2352 4323 desiderium
2399 4284 2492 4338 per
2540 4273 3003 4340 contemplativam
3053 4276 3312 4333 volamus.
3365 4278 3434 4333 Et
3480 4295 3598 4336 cum

2030 4372 2271 4434 utraeque
2318 4366 2434 4419 istae
2478 4365 2600 4420 vitae
2646 4383 2709 4421 ex
2756 4369 2896 4424 dono
2944 4370 3056 4425 sint
3103 4372 3317 4441 gratiae,
3369 4374 3603 4442 quandiu

2031 4462 2210 4508 tamen
2261 4453 2399 4509 inter
2448 4455 2722 4524 proximos
2760 4458 3017 4526 vivimus,
3066 4475 3168 4515 una
3217 4462 3369 4517 nobis
3412 4463 3464 4518 in
3506 4480 3603 4520 ne-

1948 4520 2003 4584 D
2031 4547 2281 4604 cessitate
2308 4556 2424 4615 est,
2455 4552 2620 4605 altera
2651 4549 2702 4604 in
2732 4551 3022 4607 voluntate.
3066 4551 3197 4620 Quis
3225 4555 3369 4608 enim
3410 4570 3607 4627 cogno-

2033 4655 2194 4696 scens
2239 4641 2407 4696 Deum
2449 4643 2514 4696 ad
2547 4643 2659 4712 ejus
2699 4658 2917 4712 regnum
2965 4645 3281 4716 ingreditur,
3327 4648 3429 4704 nisi
3461 4651 3607 4720 prius

2035 4729 2173 4786 bene
2204 4733 2498 4802 operetur?
2527 4732 2654 4789 Sine
2681 4735 3086 4804 contemplativa
3116 4751 3244 4808 ergo
3271 4739 3377 4794 vita
3407 4739 3604 4797 intrare

2034 4833 2258 4893 possunt
2285 4825 2350 4879 ad
2377 4825 2650 4881 caelestem
2678 4827 2900 4896 patriam
2920 4868 2936 4895 ,
2963 4828 3054 4898 qui
3081 4828 3216 4884 bona
3245 4845 3360 4899 quae
3385 4839 3613 4902 possunt

2035 4919 2247 4990 operari
2288 4935 2395 4975 non
2443 4921 2752 4990 negligant:
2803 4921 2918 4976 sine
2964 4921 3134 4977 activa
3183 4931 3358 4978 autem
3410 4924 3612 4984 intrare

2035 5024 2142 5066 non
2175 5018 2426 5078 possunt,
2457 5011 2501 5064 si
2534 5013 2800 5080 negligunt
2825 5012 3033 5080 operari
3062 5011 3203 5081 quod
3232 5022 3475 5082 possunt.

2109 5099 2166 5155 2.
2209 5099 2273 5154 Hi
2312 5110 2487 5155 autem
2517 5101 2605 5169 qui
2645 5099 2710 5153 ad
2740 5099 3204 5169 contemplationis
3232 5103 3396 5157 otium
3428 5105 3618 5161 venire

2037 5191 2398 5256 contendunt,
2431 5190 2574 5260 prius
2611 5204 2668 5245 se
2707 5190 2758 5243 in
2789 5190 2963 5244 studio
2991 5191 3176 5246 activae
3205 5191 3326 5247 vita:
3354 5207 3608 5250 exercere

2041 5281 2274 5346 debent;
2330 5289 2387 5334 ut
2431 5281 2557 5334 dum
2604 5295 2764 5350 opera
2807 5280 3025 5349 jnstitiae
3072 5281 3230 5339 fasces
3279 5293 3616 5351 peccatorum

2044 5370 2400 5435 exhauriunt,
2440 5383 2534 5423 eor
2573 5370 2831 5424 mundum
2884 5370 3170 5428 exhibeant
3217 5373 3284 5429 ad
3329 5374 3614 5430 videndum

2047 5459 2240 5514 Deum.
2277 5457 2408 5512 Nam
2441 5473 2593 5514 mens
2621 5474 2738 5529 qua:
2777 5468 2865 5513 aut
2907 5461 3252 5530 temporalem
3292 5461 3466 5517 adhuc
3503 5464 3618 5533 glo-

2047 5551 2186 5606 riam
2229 5549 2459 5619 quaerit,
2501 5559 2592 5605 aut
2629 5552 2856 5606 carnalis
2895 5553 3340 5621 concupiscentiae
3370 5556 3618 5611 tentatio«

2050 5640 2205 5696 nibus
2241 5641 2422 5708 cedit,
2465 5659 2493 5695 a
2537 5631 2991 5712 contemplatione
3034 5646 3218 5712 procul
3250 5647 3409 5702 dubio
3441 5645 3620 5715 prohi-

2053 5735 2228 5789 betur.
2279 5733 2430 5789 Unde
2479 5743 2534 5790 et
2582 5735 2803 5804 populus
2855 5735 2978 5789 dum
3028 5735 3198 5806 legem
3245 5739 3540 5806 acciperet,
3593 5750 3622 5790 a

2055 5833 2273 5895 monte,
2305 5825 2355 5882 id
2393 5833 2476 5883 est
2502 5841 2531 5882 a
2562 5827 2776 5882 sublimi
2808 5828 3286 5897 contemplatione,
3317 5829 3466 5900 quasi
3507 5843 3621 5886 car-
