4096 6346
514 298 647 360 1571

1312 285 1516 352 PAULI
1555 284 1825 349 DIACONI
1860 286 2010 346 OPP.
2052 280 2227 344 PARS
2264 282 2329 340 ll.
2368 310 2438 326 —
2472 274 2827 340 ASCE'I‘ICA.

3613 274 3759 338 ἱεὶἶῖ

512 416 709 475 natium
757 407 1066 468 curiositate
1114 406 1506 464 removebatur.
1558 404 1624 459 Et
1675 404 1728 458 in
1779 401 2067 477 Evangelio
2095 397 2400 467 Aideoquc
2426 405 2645 451 cunctos
2689 393 2776 462 qui
2820 390 3036 467 Christo
3082 388 3261 448 dev0ti
3315 405 3441 457 esse
3488 396 3761 466 cupiunt',

511 513 729 561 curatus
754 516 783 556 a
808 499 1109 556 daemonum
1143 497 1349 567 legione
1378 494 1489 549 vult
1516 495 1679 548 Deum
1710 507 1804 569 per
1832 502 2073 547 contem-

512 595 801 668 plationem
836 592 984 660 sequi
1014 607 1029 656 ;
1060 588 1153 645 sed
1189 588 1404 658 jubetur
1429 586 1645 641 domum
1674 586 1905 650 reverti,
1938 592 1991 641 et
2018 583 2072 640 in

512 688 697 742 activae
725 685 848 740 vitae
877 681 1187 753 operatione
1216 678 1436 735 versari.
1480 679 1535 733 In
1580 679 1695 748 ipso
1732 688 1910 733 autem
1941 692 2072 733 con-

510 776 871 849 templationis
902 775 985 830 vel
1024 772 1250 829 actionis
1281 785 1381 826 usu
1411 769 1673 824 interdum
1704 783 1892 841 magna
1923 764 2078 822 diﬂ‘e-

511 871 681 926 rentia
711 877 792 924 est
819 867 1140 922 animorum.
1182 862 1315 918 Nam
1355 860 1672 931 quibusdam
1716 860 1827 914 sola
1868 858 2078 930 proﬁcit

515 958 927 1029 contemplatio,
959 955 1271 1026 quibusdam
1311 967 1437 1008 vero
1465 953 1631 1006 activa
1670 950 1783 1006 sola
1821 959 1903 1005 est
1939 964 2078 1005 con-

513 1053 707 1109 solatio
732 1069 745 1115 ;
780 1051 861 1105 his
893 1050 1068 1105 media
1097 1058 1147 1104 et
1179 1047 1244 1102 de
1275 1047 1513 1115 utrisque
1541 1043 1830 1113 composita
1851 1083 1866 1109 ,
1896 1041 2076 1097 utilior

511 1153 595 1202 est
621 1142 788 1212 magis
814 1140 880 1195 ad
908 1137 1221 1196 referendas
1247 1136 1438 1191 mentis
1465 1134 1733 1204 angustias
1752 1174 1766 1199 ,
1797 1145 1916 1202 quae
1943 1130 2079 1186 solet

515 1249 610 1306 per
639 1233 798 1289 unius
836 1229 1183 1286 intentionem
1215 1226 1440 1289 nutriri,
1474 1235 1530 1279 ut
1560 1223 1626 1278 de
1655 1222 1929 1292 utriusque
1959 1234 2078 1291 par-

510 1325 652 1386 tibus
701 1323 890 1379 melius
936 1328 1277 1390 temperetur.
1330 1316 1458 1371 Nam
1507 1325 1562 1371 et
1608 1313 1747 1385 quod
1795 1328 1890 1383 per
1936 1311 2077 1367 diem

507 1417 760 1475 Salvator
788 1415 956 1486 signis
984 1412 1361 1480 miraculisque
1391 1409 1444 1464 in
1475 1406 1697 1462 urbibus
1726 1404 2075 1472 coruscabat,

508 1508 736 1564 activam
776 1505 930 1560 nobis
968 1500 1376 1558 commendabat
1409 1499 1608 1553 vitam:
1651 1494 1791 1567 quod
1842 1508 1972 1550 vero
2022 1491 2076 1546 in

507 1605 691 1657 monte
740 1595 998 1652 orationis
1047 1592 1226 1649 studio
1279 1578 1679 1661 pernoctabat,
1708 1587 1872 1641 vitam
1924 1581 2078 1639 nobis

506 1691 976 1762 contemplativam
1042 1687 1394 1760 signiﬁcabat.
1464 1684 1667 1739 idcirco
1732 1680 1827 1738 Dei
1891 1692 2077 1736 servus

2173 490 2397 546 actionis
2421 502 2539 542 esse
2568 494 2851 541 autumant
2881 485 3262 555 mancipandos
3288 485 3492 542 ofﬁcio.
3522 488 3584 541 Et
3618 490 3763 545 bene

2173 582 2378 638 Martha
2406 581 2641 649 stetisse,
2675 578 2839 636 Maria
2871 593 2999 635 vero
3041 595 3195 635 secus
3224 580 3389 651 pedes
3420 579 3632 651 Domini
3669 596 3761 637 se-

2172 673 2316 728 disse
2345 672 2695 739 describitur;
2719 672 2841 742 quia
2874 672 2983 725 vita
3016 670 3189 725 activa
3220 671 3491 726 laborioso
3522 673 3759 727 desudat

2172 768 2486 833 certamine,
2527 764 2938 833 contemplativa
2962 778 3089 818 vero
3132 766 3338 833 pacatis
3370 765 3625 819 vitiorum
3674 774 3762 820 tuo

2173 858 2454 925 multibus,
2501 866 2681 926 optata
2737 854 2849 925 jam
2904 857 2956 910 in
3014 854 3228 910 Christo
3306 857 3503 910 fruitur
3561 858 3763 912 mentis

2174 952 2370 1019 quiete.
2424 946 2492 1002 Et
2518 950 2829 1019 respondens
2888 949 3018 1003 dixit
3063 949 3143 1004 illi
3197 948 3761 1021 Damianullartlta,

2178 1037 2409 1105 Martha,
2434 1038 2653 1091 sollicita
2674 1053 2744 1104 es,
2780 1045 2827 1091 et
2867 1039 3085 1092 turbaris
3116 1039 3253 1092 circa
3296 1040 3555 1109 plurima;
3601 1056 3761 1108 porro

2174 1145 2331 1184 unum
2354 1137 2425 1182 est
2452 1129 2792 1183 necessarium
2816 1129 2969 1200 (Luc.
3008 1146 3064 1197 ι,
3112 1129 3227 1198 40).
3262 1130 3323 1185 Et
3368 1132 3559 1185 beatus
3589 1132 3762 1187 David

2174 1223 2345 1278 solum
2381 1222 2483 1277 hoc
2521 1225 2883 1279 necessarium
2928 1223 3131 1279 homini
3161 1239 3282 1281 esse
3323 1225 3616 1292 dif'liniens,
3651 1227 3763 1285 Deo

2170 1316 2371 1388 jugiter
2402 1318 2667 1374 inhaerere
2706 1320 2995 1387 desiderat,
3024 1320 3249 1387 dicens:
3280 1321 3413 1376 Mihi
3454 1334 3627 1389 autem
3667 1330 3761 1379 ad-

2178 1410 2364 1466 hortere
2391 1410 2500 1466 Deo
2522 1412 2706 1468 bonum
2744 1422 2839 1482 est,
2880 1430 3067 1484 ponere
3118 1416 3170 1469 iit
3216 1413 3434 1470 Domino
3467 1417 3578 1487 Deo
3612 1436 3761 1488 spem

2176 1517 2341 1555 meam
2370 1500 2538 1573 (Psal.
2570 1518 2743 1571 um,
2784 1503 2897 1575 28).
2944 1506 3010 1559 Et
3038 1504 3160 1558 alibi
3190 1524 3200 1558 :
3235 1505 3403 1575 Unam
3433 1508 3553 1581 petii
3577 1526 3608 1562 a
3640 1510 3757 1565 Do-

2178 1594 2340 1661 mino,
2383 1594 2515 1651 hanc
2559 1598 2836 1667 requiram,
2883 1605 2937 1650 ut
2970 1596 3243 1651 inhabitant
3272 1598 3326 1661 in
3370 1600 3518 1669 domo
3550 1600 3760 1657 Domini

2179 1684 2409 1738 omnibus
2437 1686 2613 1739 diebus
2642 1686 2756 1739 vita:
2782 1700 2928 1752 ntere,
2972 1696 3023 1738 ut
3070 1688 3269 1740 videam
3319 1670 3627 1745 voluntatem
3658 1690 3761 1746 Do«

505 1785 656 1859 juxta
722 1760 1070 1838 imitationem
1125 1778 1367 1847 Christi,
1428 1789 1527 1832 nec
1588 1772 1848 1830 actualem
1911 1772 2073 1827 vitam
2103 1760 2152 1822 B
2180 1776 2325 1843 mini,
2339 1785 2386 1830 et
2407 1784 2643 1847 protegar
2668 1793 2699 1830 a
2727 1777 2913 1847 templo
2944 1786 3120 1832 sancto
3150 1782 3262 1850 ejus
3293 1778 3467 1849 (Psal.
3496 1797 3640 1846 nvi,
3684 1781 3759 1853 4).

506 1874 733 1941 amittit,
774 1883 831 1929 et
868 1870 1329 1941 contemplativam
1367 1867 1494 1939 agit.
1535 1865 1705 1921 Aliter
1743 1864 1884 1919 enim
1927 1862 2076 1918 ince-

505 1968 640 2025 dens
704 1964 942 2022 oﬁ‘endit.
1006 1963 1157 2019 Sicut
1214 1959 1354 2017 enim
1418 1973 1515 2030 per
1573 1952 2077 2025 contemplationem

508 2057 769 2115 amandus
796 2066 877 2114 est
905 2054 1084 2123 Deus,
1118 2053 1191 2109 ita
1220 2066 1317 2123 per
1353 2048 1615 2105 actualem
1654 2048 1818 2102 vitam
1858 2044 2081 2114 diligen-

510 2153 609 2208 dus
646 2160 729 2208 est
766 2136 1078 2222 proximus;
1119 2160 1181 2200 ac
1219 2160 1312 2217 per
1343 2143 1448 2197 hoc
1483 2142 1599 2196 sine
1633 2139 1901 2214 [utraque
1928 2132 2079 2207 vita]

512 2257 648 2301 esse
664 2257 769 2298 non
804 2253 1118 2310 possumus,
1147 2236 1285 2293 sicut
1314 2244 1368 2291 et
1398 2234 1511 2289 sine
1544 2240 1765 2301 utraque
1795 2228 2080 2284 dilectione

507 2348 629 2392 esse
658 2346 991 2403 nequaquam
1023 2330 1278 2383 valemus.
1314 2325 1497 2379 Activa
1525 2323 1667 2377 enim
1698 2320 1806 2374 vita
1835 2328 1953 2386 est,
1989 2332 2081 2389 pa-

510 2439 632 2482 nem
664 2421 921 2479 esurienti
953 2422 1220 2482 tribuere,
1249 2414 1413 2470 verbo
1443 2412 1720 2484 sapientia:
1752 2408 2076 2466 nescientem

508 2517 738 2580 docere,
789 2519 1056 2568 errantem
1102 2508 1410 2578 corrigere,
1462 2504 1526 2558 ad
1577 2500 1888 2558 humilitatis
1938 2500 2077 2555 viam

508 2605 909 2677 superbientem
958 2601 1254 2673 proximum
1299 2612 1585 2665 revocare,
1619 2595 1936 2654 inﬁrmantis
1982 2609 2078 2650 cu-

507 2712 621 2757 ram
652 2709 871 2769 gerere,
916 2707 1138 2763 quaeque
1184 2690 1405 2762 singulis
1452 2689 1754 2760 quibusque
1795 2687 2080 2759 expediant

507 2789 737 2846 sollicite
764 2788 1115 2857 dispensare,
1142 2794 1198 2840 et
1229 2784 1312 2838 his
1341 2782 1429 2853 qui
1461 2781 1562 2837 sibi
1604 2780 1874 2837 commissi
1917 2787 2075 2847 sunt,

507 2880 736 2952 qualiter
767 2879 1060 2935 subsistere
1083 2876 1299 2931 valeant
1327 2873 1624 2946 providere.
1653 2869 2079 2941 Contemplativa

502 2986 634 3031 vero
680 2972 785 3028 vita
834 2979 946 3036 est,
996 2967 1309 3024 charitatem
1358 2964 1570 3035 quidem
1624 2962 1719 3018 Dei
1750 2971 1803 3017 et
1850 2958 2078 3032 proximi

505 3072 619 3121 tota
646 3070 822 3119 mente
851 3059 1083 3116 retinere
1108 3073 1122 3124 ;
1155 3058 1248 3113 sed
1298 3056 1365 3110 ab
1394 3053 1645 3111 exteriori
1696 3053 1902 3109 actione
1931 3051 2080 3123 quie-

2178 1863 2296 1921 Una
2338 1880 2465 1937 ergo
2496 1876 2550 1922 et
2577 1867 2692 1922 sola
2724 1876 2807 1921 est
2849 1867 3076 1934 theoria,
3110 1867 3161 1922 id
3193 1877 3274 1923 est
3302 1868 3394 1924 Dei
3425 1874 3761 1940 contempla-

2180 1956 2275 2023 tio,
2315 1957 2400 2011 cui
2428 1958 2618 2012 merito
2646 1956 2824 2011 omnia
2862 1956 3300 2027 justiﬁeationum
3335 1962 3521 2014 merita
3553 1962 3761 2016 univer.

2178 2058 2344 2116 saque
2371 2048 2621 2101 virtutum
2665 2047 2843 2101 studia
2874 2057 3291 2117 postponuntur.
3312 2048 3573 2119 Sequitur
3605 2067 3620 2105 :

2251 2136 2304 2190 4.
2345 2136 2516 2191 Maria
2541 2140 2783 2208 optimam
2815 2146 3010 2207 partem
3052 2138 3223 2210 elegit,
3271 2155 3387 2211 qua:
3425 2156 3527 2194 non
3555 2140 3761 2212 auferes

2179 2235 2262 2284 tur
2282 2228 2345 2283 ab
2375 2246 2435 2285 ea
2462 2229 2616 2301 (Luc.
2642 2244 2695 2295 ι,
2725 2229 2838 2301 4:2).
2874 2230 2938 2284 Et
2974 2244 3102 2284 ecce
3129 2243 3252 2301 pars
3278 2231 3497 2286 Marthae
3527 2247 3635 2286 non
3673 2248 3763 2288 re-

2178 2319 2540 2390 prehenditur,
2573 2320 2667 2376 sed
2720 2330 2894 2377 tamen
2929 2337 3050 2392 pars
3091 2323 3265 2379 Mariae
3318 2323 3609 2379 laudatur:
3655 2341 3764 2382 ne-

2179 2424 2282 2482 que
2303 2411 2443 2466 enim
2475 2421 2677 2482 partem
2706 2411 2895 2466 bonam
2928 2412 3156 2482 elegisse
3198 2412 3409 2468 Mariam
3459 2413 3611 2479 dicit,
3662 2415 3766 2470 sed

2178 2502 2454 2572 optimam,
2508 2512 2566 2557 ut
2615 2501 2775 2557 etiam
2827 2518 2947 2572 pars
3007 2503 3228 2559 Martha:
3260 2517 3379 2560 esse
3426 2504 3763 2559 indicaretur

2179 2595 2342 2652 bona.
2392 2596 2575 2664 Quare
2621 2604 2799 2652 autem
2849 2612 2973 2668 pars
3021 2596 3195 2675 Marias
3248 2599 3318 2652 sit
3366 2597 3584 2668 optima,
3638 2614 3761 2654 mox

2177 2689 2522 2757 subinfertur,
2554 2704 2674 2744 cum
2705 2689 2901 2745 dicitur
2930 2709 2941 2743 :
2979 2690 3107 2758 Qua:
3141 2707 3245 2745 non
3288 2692 3556 2762 auferetur
3587 2693 3648 2744 ab
3677 2709 3759 2746 ea.

2178 2782 2445 2839 Debemus
2482 2797 2610 2853 ergo
2650 2793 2705 2838 et
2733 2798 2853 2852 nos,
2893 2784 3091 2840 fratres
3132 2784 3455 2865 charissimi,
3500 2784 3591 2838 has
3628 2784 3758 2840 duas

2176 2875 2335 2943 vitas,
2364 2876 2594 2931 activam
2619 2875 2827 2932 scilicet
2850 2883 2904 2931 et
2931 2878 3426 2947 contemp!ativam,
3459 2875 3746 2931 incessanti

2178 2968 2358 3023 studio
2382 2982 2591 3039 gerere,
2626 2977 2680 3023 et
2728 2969 2885 3024 modo
2914 2968 2966 3024 in
3011 2970 3130 3036 ista,
3160 2969 3322 3024 modo
3373 2978 3548 3023 autem
3585 2967 3638 3021 in
3667 2966 3761 3021 illa

2182 3048 2419 3115 Studiose
2451 3061 2671 3116 versari.
2704 3060 2970 3116 Debemus
3014 3076 3112 3116 nos
3151 3060 3315 3130 igitur
3342 3058 3397 3115 in
3443 3058 3653 3113 actione
3683 3056 3760 3110 sic

507 3168 684 3221 scere,
718 3152 885 3210 solius
912 3149 1181 3208 desiderio
1209 3147 1497 3205 conditoris
1526 3146 1827 3212 inhaerere;
1868 3154 1925 3200 ut
1946 3142 2075 3199 nihil
2106 3126 2153 3193 C
2183 3136 2457 3218 exercere,
2488 3159 2545 3229 υι
2583 3152 2649 3206 ad
2686 3152 2989 3222 exemplum
3023 3126 3315 3207 beaugsimi
3343 3150 3577 3221 ,ροειοιί
3609 3148 3760 3229 paul;

502 3245 611 3318 jam
641 3259 798 3315 agerc
827 3244 1019 3310 libeat,
1066 3240 1193 3307 sed,
1239 3240 1459 3296 calcatis
1504 3238 1645 3295 curis
1686 3235 1967 3305 omnibus,
2011 3234 2077 3291 ad

505 3339 788 3396 videndam
834 3338 1022 3394 faciem
1068 3334 1323 3390 creatoris
1362 3331 1443 3388 sui
1488 3332 1696 3387 animus
1736 3330 2073 3387 inardescat:

488 3431 581 3505 “ita
611 3439 669 3484 ut
692 3428 800 3499 jam
843 3427 1049 3481 noverit
1090 3426 1265 3478 carnis
1309 3420 1672 3491 corruptibilis
1710 3420 1916 3491 pondus
1956 3433 2077 3474 cum

508 3535 744 3577 maerore
794 3528 1041 3590 portare,
1089 3517 1316 3584 totisque
1360 3514 1641 3571 desideriis
1681 3523 1932 3584 appetere
1976 3512 2079 3568 illis

509 3608 831 3685 bymnidicis
861 3610 1169 3681 angelorum
1201 3606 1377 3663 choris
1407 3608 1667 3663 interesse
1690 3646 1706 3674 ,
1747 3620 1811 3660 ac
1855 3605 2079 3660 miscere

509 3720 569 3761 se
598 3704 900 3760 coelestibus
928 3702 1155 3769 civibus,
1186 3715 1249 3758 ac
1274 3700 1341 3759 de
1369 3708 1565 3757 aeterna
1594 3700 1647 3755 in
1668 3708 1954 3770 conspectu
1983 3696 2079 3761 Dei

507 3795 904 3863 incorruptione
928 3792 1181 3863 gaudere.

578 3886 632 3940 5.
673 3885 923 3957 Sequitur
952 3900 1130 3941 sermo
1160 3883 1497 3955 evangelicus
1522 3883 1587 3940 de
1627 3883 1813 3949 Maria,
1846 3882 2033 3943 dicens
2059 3897 2074 3938 :

510 3979 639 4047 ρυω
673 3979 824 4033 etiam
852 3981 1027 4033 sedens
1055 3993 1196 4032 secus
1234 3977 1383 4050 pedes
1428 3976 1655 4044 Domini,
1691 3976 1930 4029 audiebat
1961 3992 2075 4043 vere

509 4076 626 4132 bum
648 4076 820 4141 illius;
857 4072 1065 4127 Martha
1084 4081 1252 4126 autem
1271 4070 1530 4140 satagebat
1552 4071 1688 4125 circa
1711 4070 1945 4139 frequens
1973 4069 2073 4125 mi-

508 4168 773 4224 nisterium
825 4164 975 4236 (Luc.
1028 4179 1084 4231 ι,
1145 4162 1257 4235 '59).
1318 4162 1757 4233 Contemplativaa
1812 4160 2074 4235 siquidem

507 4260 633 4314 vita:
662 4254 940 4311 uniformis
984 4262 1067 4309 est
1093 4252 1377 4325 perfectio,
1425 4262 1634 4307 exutam
1683 4253 1885 4308 scilicet
1930 4266 2079 4306 men-

506 4356 615 4405 tem
647 4365 675 4403 a
719 4347 924 4404 cunctis
976 4346 1176 4401 habere
1225 4345 1472 4411 terrenis,
1521 4359 1766 4414 eamque,
1820 4353 2076 4413 quantum

2181 3226 2505 3319 laboremus
2536 3243 2779 3297 manibus
2828 3245 3047 3310 nostris,
3114 3242 3244 3298 illud
3294 3244 3457 3298 etiam
3518 3224 3759 3296 terribile

2179 3332 2295 3402 ejus
2312 3333 2541 3389 dictum:
2572 3334 2785 3401 Quinon
2801 3332 3021 3403 laborat,
3040 3350 3143 3388 non
3166 3334 3436 3388 manducet
3464 3331 3552 3406 (11
3580 3330 3757 3386 Thess.

2179 3437 2275 3505 tu,
2305 3426 2420 3498 10),
2445 3440 2660 3496 semper
2688 3442 2797 3497 prae
2845 3428 3021 3483 oculis
3066 3427 3340 3484 habentes.
3392 3415 3757 3482 hlanuum'et-

2178 3516 2323 3572 enim
2351 3516 2501 3572 labor
2542 3532 2647 3572 non
2679 3518 2853 3573 solum
2888 3527 3043 3574 terrae
3079 3516 3256 3573 cultus
3282 3527 3373 3574 aut
3402 3517 3759 3589 quorumlibet

2179 3619 2426 3689 aperum,
2456 3605 2551 3662 sed
2605 3621 2765 3663 omne
2793 3609 2934 3678 quod
2980 3607 3059 3665 rei
3110 3608 3359 3664 familiari
3409 3617 3589 3680 potest
3635 3624 3757 3666 esse

2178 3698 2516 3754 commodum
2554 3740 2568 3764 ,
2638 3713 2733 3756 seu
2808 3699 2947 3771 quod
3012 3716 3447 3773 quorumcunque
3518 3703 3758 3773 imperiis

2178 3788 2460 3844 obedimus
2507 3789 2791 3862 majorum.
2845 3791 3110 3849 Debemus
3150 3809 3358 3865 quoque
3406 3796 3534 3850 totis
3559 3795 3759 3851 viribus

2177 3880 2246 3939 ad
2265 3882 2546 3937 utilitatem
2565 3897 2661 3936 nos
2684 3883 2907 3953 proximi
2929 3883 3257 3957 impendere,
3273 3888 3338 3941 ad
3361 3886 3758 3944 admonendum

2177 3974 2378 4029 scilicet
2407 3984 2460 4030 et
2488 3977 2861 4046 coercendum,
2890 3978 2956 4033 ad
2985 3979 3121 4035 bona
3152 3980 3507 4049 suadendum,
3533 3982 3601 4038 ad
3626 3984 3756 4038 visi-

2178 4067 2419 4133 tandum,
2454 4066 2517 4122 ad
2546 4068 2950 4138 consolandum,
2981 4071 3046 4124 ad
3074 4069 3498 4142 obsequendum,
3530 4073 3596 4127 ad
3633 4073 3760 4129 Sub-

2176 4156 2483 4227 levandum,
2546 4160 2613 4214 ad
2666 4160 3081 4229 exhortandum,
3123 4163 3236 4219 sive
3289 4163 3356 4221 ad
3414 4178 3759 4236 quoscunque

2176 4262 2304 4305 usus
2357 4250 2693 4307 necessitatis
2743 4254 3093 4311 exhibendos.
3148 4254 3388 4341 Cumque
3438 4258 3511 4313 ita
3550 4240 3646 4313 nos
3693 4255 3753 4312 in

2176 4341 2367 4423 activa:
2383 4342 2504 4398 vitae
2538 4345 2751 4401 tramite
2780 4347 3198 4412 exercuerimus,
3229 4347 3532 4419 frequenter
3555 4348 3742 4414 etiam,

507 4440 737 4494 humana
769 4437 1104 4492 imbecillitas
1132 4435 1280 4501 sinit,
1314 4434 1465 4491 unire
1502 4449 1623 4489 cum
1652 4434 1891 4490 Christo.
1932 4434 2073 4489 Acti-
2102 4476 2159 4541 υ
2182 4440 2341 4501 prout
2368 4446 2428 4488 se
2458 4433 2611 4489 locus
2640 4435 2871 4504 dederit,
2925 4438 3308 4495 recurrendum
3359 4439 3503 4494 nobis
3545 4448 3631 4503 est
3676 4440 3757 4496 ad

507 4544 588 4584 vce
630 4543 759 4583 vero
787 4543 943 4597 quam
988 4528 1234 4597 frequens
1282 4527 1353 4583 sit
1401 4526 1776 4593 ministerium,
1835 4528 2074 4607 gentium

505 4620 758 4689 magister
789 4618 984 4674 Paulus
1014 4619 1223 4685 edocet,
1272 4618 1361 4688 qui
1410 4618 1756 4675 creberrimis
1804 4618 2075 4690 Epistola-

500 4727 625 4793 rum
655 4711 808 4767 dictis
853 4723 980 4767 suos
1006 4725 1102 4782 pro
1140 4708 1356 4767 Christo
1386 4719 1525 4767 terra
1566 4712 1809 4782 marique
1839 4711 2073 4779 labores,

504 4820 599 4863 sua
634 4806 864 4875 pericula
914 4813 1320 4859 commemorat.
1367 4804 1425 4859 ln
1472 4805 1663 4875 quibus
1706 4805 1866 4859 etiam
1914 4803 2074 4858 dictis

502 4898 736 4952 visiones
763 4902 819 4951 et
862 4895 1215 4952 revelationes
1261 4893 1472 4949 Domini
1515 4894 1919 4962 commendans,
1966 4907 2073 4947 non

503 4989 676 5048 minus
697 5001 756 5041 se
786 4988 839 5041 in
886 4987 1213 5057 speculativa
1258 4987 1478 5052 virtute,
1511 4986 1650 5056 quod
1685 4984 1962 5056 perpaucis
1990 4992 2075 5040 est

498 5066 781 5147 imitabile,
826 5087 1251 5134 consummatum
1300 5078 1467 5133 fuisse
1515 5076 1808 5157 signiﬁcat;
1843 5074 1982 5131 unde
2018 5084 2074 5157 et

501 5175 666 5230 dicit:
701 5174 820 5231 Sive
868 5174 1000 5228 enim
1049 5184 1215 5228 mente
1260 5174 1569 5238 excedimus,
1614 5152 1758 5237 Deo
1790 5171 1892 5227 sive
1918 5152 2073 5239 sobrii

496 5248 698 5333 sumus,
721 5267 859 5320 vobis
884 5262 973 5337 (ll
1002 5246 1205 5330 eam,
1240 5263 1509 5330 15).Quce
1536 5262 1696 5327 stetit,
1738 5271 1783 5318 et
1812 5263 1929 5319 ait:
1961 5248 2069 5319 oo;

503 5357 656 5423 mine,
678 5344 782 5417 'non
807 5363 877 5409 est
915 5353 1003 5409 tibi
1034 5369 1167 5408 cura:
1189 5352 1322 5423 quod
1353 5368 1497 5406 soror
1523 5368 1633 5406 mea
1654 5352 1857 5424 reliquit
1884 5369 1960 5407 me
1986 5368 2070 5407 so-

502 5447 606 5504 lam
656 5447 982 5501 ministrare?
1022 5445 1118 5499 Dic
1146 5461 1265 5515 ergo
1312 5444 1392 5498 illi
1440 5453 1497 5498 ut
1535 5461 1613 5500 me
1662 5447 1868 5514 adjuvet
1914 5445 2068 5515 (Lac.

502 5555 559 5607 ι,
591 5540 705 5609 40).
740 5541 813 5594 Ex
846 5540 1056 5594 illorum
1080 5552 1308 5608 persona
1336 5537 1538 5592 Martha
1570 5538 1823 5608 loquitur,
1851 5538 1940 5608 qui
1975 5537 2071 5592 ad-

502 5633 607 5689 huc
633 5634 825 5687 divinae
854 5630 1318 5701 contemplationis
1347 5631 1537 5702 ignari,
1564 5632 1737 5686 solum
1767 5632 1907 5711 quod
1934 5631 2071 5686 didi-

502 5737 624 5782 cere
662 5726 905 5780 finierim
929 5724 1224 5779 dilectionis
1255 5739 1388 5794 opus
1418 5724 1525 5781 Deo
1556 5724 1808 5794 placitura
1836 5724 2067 5791 ducunt;

2183 4523 2509 4592 orationem,
2573 4527 2642 4581 ad
2711 4528 3128 4597 confessionem,
3201 4530 3270 4585 ad
3332 4530 3754 4587 recordationem

2182 4614 2417 4685 priorum
2459 4626 2755 4687 gestorum,
2787 4619 2853 4675 ad
2878 4622 3125 4691 suspiria,
3157 4621 3467 4695 fontemque
3489 4623 3758 4694 lacryma-

2181 4720 2323 4775 rum,
2347 4707 2410 4762 ad
2442 4710 2708 4764 actionem
2753 4698 3061 4782 gratiarum,
3091 4711 3161 4771 ad
3201 4714 3376 4783 ipsum
3406 4714 3567 4769 etiam
3596 4714 3757 4770 Chri-

2179 4805 2323 4865 stum
2380 4796 2665 4861 Dominum
2716 4802 3094 4877 contuendum.
3152 4804 3228 4861 ιω
3274 4806 3370 4863 ﬁet
3414 4815 3471 4863 ut
3516 4816 3572 4865 et
3616 4808 3755 4863 mala

2182 4902 2304 4959 qua:
2320 4891 2586 4960 gessimus
2613 4892 2767 4949 bonis
2790 4907 2857 4950 ac
2884 4896 3167 4966 praicipuis
3197 4899 3405 4955 actibus
3438 4898 3750 4967 deleamus;

2180 4986 2235 5034 et
2264 4981 2384 5049 quia
2415 4995 2446 5036 a
2476 4982 2587 5038 Deo
2610 4984 2781 5043 aversi
2813 4984 3104 5053 fueramus,
3134 4988 3201 5042 ad
3229 5003 3353 5045 eum
3378 5005 3478 5059 per
3507 4999 3749 5057 contem-

2178 5069 2431 5143 plationis
2457 5076 2692 5131 studium
2730 5083 3086 5147 revertamus,
3131 5078 3261 5143 dum
3317 5081 3480 5137 modo
3527 5096 3648 5137 eum
3692 5081 3752 5138 in

2178 5165 2395 5235 Speculo
2435 5176 2489 5222 et
2530 5169 2583 5222 in
2621 5169 2902 5239 aenigmate
2939 5174 3227 5239 cernimus,
3277 5172 3597 5245 quandoque
3631 5174 3754 5245 ejus

2178 5255 2535 5315 desideratam
2567 5260 2756 5317 faciem
2788 5262 2903 5319 sine
2931 5263 3037 5320 fine
3058 5264 3354 5325 videamus.
3380 5265 3476 5321 His
3494 5267 3564 5322 de
3584 5280 3751 5323 evan-

2176 5354 2347 5425 gelica
2380 5356 2609 5412 lectione
2662 5358 2970 5427 prmlibatis,
3012 5361 3123 5429 jam
3170 5361 3237 5427 ad
3280 5363 3531 5431 gloriose
3560 5359 3753 5417 matris

2173 5443 2391 5524 Domini
2430 5462 2582 5505 sacra
2629 5448 2761 5505 festa
2793 5465 2910 5522 qua:
2950 5450 3175 5508 colimus
3217 5466 3522 5513 sermonem
3565 5459 3750 5507 verta-

2173 5551 2310 5593 mus.
3408 5582 3409 5585 η
3450 5558 3459 5566 ·

2237 5628 2294 5685 5.
2338 5630 2681 5701 Primumque
2729 5634 2880 5689 nobis
2924 5635 3271 5704 qumrendum
3317 5646 3403 5693 est
3450 5650 3548 5699 cur
3590 5636 3753 5692 beata

2172 5720 2287 5803 haec
2320 5731 2486 5791 mater
2523 5724 2757 5794 Domitii,
2791 5741 2911 5801 quae
2939 5741 3051 5800 prta
3090 5729 3302 5797 ceteris
3325 5729 3562 5791 sanctior
3580 5728 3755 5799 exali-
