4096 6346
363 368 502 433 1575

1811 376 2140 441 HOMILIIE.

3466 394 3604 471 1574

360 488 448 553 tit,
478 488 891 559 Redemptorem
920 506 982 549 ac
1015 493 1297 550 Dominum
1331 488 1633 569 Filiquue
1658 513 1812 555 suum
1842 499 1934 552 in-
1961 501 2014 562 Α
2039 500 2214 557 minus
2258 503 2513 571 accedite,
2571 513 2801 575 matres;
2854 506 2922 565 ab
2964 510 3063 567 hac
3108 512 3293 587 utique
3341 529 3461 587 qua:
3489 531 3605 576 ma-

364 586 452 636 ter
498 580 884 652 discipulorum
931 595 1174 643 catervas
1228 588 1467 660 aliasque
1512 598 1638 646 tunc
1684 592 1935 648 mulieres

362 682 545 729 secuta
573 689 676 730 non
707 675 910 732 fuerit?
939 680 1121 748 Neque
1167 683 1309 736 enim
1350 697 1596 752 usquam,
1629 684 1730 740 nisi
1761 682 1933 753 fallor,

359 763 489 822 alibi
529 764 720 847 legitur
764 766 973 823 Domini
1026 769 1296 829 miraculis
1340 774 1667 843 interfuisse,
1720 785 1937 847 praetcr-

366 845 622 927 quam'in
676 863 874 931 nuptiis
923 864 978 920 in
1036 866 1179 922 Cana
1224 868 1442 925 Galilem
1497 845 1800 928 celebratis.
1868 873 1937 928 Et

364 949 491 1004 alibi
514 965 635 1006 cum
669 952 735 1008 de
757 968 817 1007 ea
849 953 1075 1011 Domino
1115 960 1388 1035 nuntiatur
1421 978 1433 1015 :
1470 960 1600 1015 Ecce
1644 972 1808 1017 mater
1847 972 1934 1017 tua

358 1046 408 1093 et
432 1039 616 1110 fratres
642 1043 716 1095 tui
734 1051 887 1113 stant,
913 1055 1193 1116 quaerentes
1234 1050 1374 1121 loqui
1402 1038 1565 1104 tecum
1589 1050 1805 1118 (Matth.
1837 1067 1932 1119 xtl,

357 1128 473 1197 47).
529 1127 596 1184 Ει
632 1131 697 1185 ad
729 1142 1078 1203 postremum,
1118 1153 1242 1193 cum
1285 1141 1392 1207 jam
1451 1141 1504 1196 in
1552 1155 1711 1197 cruce
1757 1142 1933 1213 posito

357 1220 578 1286 propius
604 1221 838 1278 astitisse
869 1224 1194 1291 perhibetur.
1243 1227 1348 1285 Sed
1397 1231 1450 1285 in
1503 1229 1605 1286 hoc
1654 1235 1933 1303 perspicue

359 1319 523 1362 causa
548 1309 769 1366 rationis
802 1315 1053 1369 occurrit.
1081 1315 1213 1371 Nam
1246 1319 1361 1383 ipse
1389 1320 1734 1392 ejusdemque
1768 1322 1932 1377 Filius

358 1403 418 1450 et
466 1396 786 1469 Redemptor
841 1402 982 1458 inter
1029 1415 1223 1460 caetera
1282 1408 1475 1464 dicitur
1526 1412 1640 1465 loca
1685 1411 1928 1467 dixisse:

358 1483 482 1541 Non
509 1501 621 1541 sum
649 1490 855 1559 missus,
887 1493 986 1547 nisi
1026 1494 1094 1548 ad
1136 1510 1250 1551 oves
1295 1514 1412 1569 qua:
1458 1501 1715 1571 perierunt
1752 1503 1932 1559 domus

356 1580 523 1636 Israel
548 1581 762 1652 (Matth.
792 1599 880 1650 xv,
909 1584 1026 1654 24).
1053 1587 1116 1643 Ει
1140 1589 1265 1644 alibi
1290 1607 1302 1643 :
1336 1590 1487 1646 Venit
1516 1590 1683 1648 Filius
1712 1594 1932 1651 hominis

354 1688 581 1742 quwrere
601 1682 649 1728 et
677 1676 873 1730 saluum
902 1678 1068 1744 facere
1092 1680 1228 1750 quod
1251 1683 1472 1750 perierat
1493 1684 1649 1755 (Luc.
1677 1700 1787 1752 xix,
1816 1686 1927 1759 10).

356 1760 466 1819 Nec
493 1778 595 1818 non
622 1776 676 1820 et
702 1765 831 1821 illud
856 1784 868 1820 :
912 1766 1035 1823 Non
1059 1772 1170 1823 veni
1202 1787 1379 1827 vocare
1405 1775 1593 1844 iustos,
1621 1776 1711 1831 sed
1747 1793 1928 1847 pecca-

2037 593 2204 648 ternis
2243 602 2326 649 est
2373 594 2650 653 affectibus
2697 603 2933 669 conscia,
2987 613 3286 663 vestrarum
3326 623 3600 669 aerumna-

2035 696 2154 739 rum
2185 685 2755 761 medelam‘deposcite,
2789 708 2927 763 quae,
2957 695 3096 766 quod
3122 706 3247 756 ante
3273 699 3440 771 ipsam
3468 719 3605 760 nun-

2036 791 2196 846 quam
2228 779 2464 835 auditum
2503 791 2607 849 est,
2662 784 2810 855 virgo
2848 790 3005 850 simul
3052 798 3107 847 et
3157 802 3327 851 mater
3363 807 3465 854 est.
3520 800 3601 855 Ad

2035 864 2172 922 hanc
2196 884 2379 926 omnes
2410 872 2499 943 qui
2547 873 2831 931 innocuam
2882 878 3044 935 vitam
3086 881 3315 953 ducitis;
3362 888 3430 943 ad
3461 889 3601 949 hanc

2034 958 2266 1015 universi
2288 977 2423 1032 quos
2450 966 2791 1021 conscientiae
2812 976 2991 1025 reatus
3022 970 3276 1041 deprimit
3296 980 3598 1037 convenite.

2034 1047 2204 1119 Hujus
2249 1053 2696 1121 splendidissima:
2738 1059 2923 1115 matris
2960 1068 3016 1115 et
3054 1061 3272 1133 virginis
3302 1065 3604 1125 efficacibus

2033 1140 2239 1195 meritis
2288 1144 2654 1201 universorum
2694 1162 2813 1219 qua:
2862 1149 3079 1219 poscitis
3107 1152 3354 1210 elfectum
3408 1172 3603 1225 praesue

2032 1230 2181 1286 mite.
2214 1232 2343 1299 Quia
2376 1250 2493 1303 qua:
2532 1236 2705 1307 ipsum
2751 1239 3133 1297 misericordiae
3176 1243 3373 1300 fontem
3416 1247 3597 1306 Jesum

2032 1320 2299 1379 Christum
2334 1326 2497 1382 Deum
2521 1342 2582 1383 ac
2610 1329 2892 1385 Dominum
2920 1333 3145 1405 peperit,
3171 1334 3236 1389 ab
3262 1336 3376 1405 ipso
3400 1349 3580 1396 cuncta

2032 1415 2369 1487 percipiens,
2427 1431 2521 1488 per
2572 1418 2742 1490 ipsum
2789 1421 3035 1478 omnibus
3088 1423 3387 1484 desiderata
3444 1443 3540 1487 cor

2032 1504 2194 1561 cedit.

2569 1576 2597 1618 δ
2637 1576 2910 1636 ιιοιιιιιΑ
2954 1580 3039 1638 ΙΙΙ.

2407 1681 2474 1723 DE
2503 1681 2703 1724 SANC'I‘O
2726 1686 2896 1727 PATRB
2918 1686 3233 1731 BBNBDIC'I'O.

2344 1776 2437 1837 (Ex
2469 1778 2648 1829 Mahili.
2669 1781 2795 1831 Anu.
2820 1784 3001 1834 ordinis
3020 1785 3068 1835 S.
3095 1786 3308 1852 Bened.)

356 1861 490 1909 tores
532 1854 681 1925 (Luc.
711 1871 766 1924 v,
799 1856 914 1929 52).
955 1859 1012 1916 Si
1054 1875 1182 1931 ergo
1222 1863 1477 1920 Dominus
1528 1878 1751 1938 propter
1794 1883 1923 1926 oves
1955 1852 2005 1917 B
2101 1857 2234 1927 Quia
2264 1859 2596 1918 Venerabilis
2624 1865 2761 1921 Beda
2787 1868 3065 1940 presbyter
3095 1870 3331 1928 ultimam
3356 1873 3599 1933 bomilia-

354 1945 593 2014 perditas
622 1948 815 2004 missus
843 1957 945 2016 est,
976 1958 1030 2005 et
1058 1954 1267 2010 salvare
1312 1956 1452 2026 quod
1497 1959 1750 2029 perierat,
1794 1969 1848 2016 et
1873 1970 1931 2016 ut

355 2046 669 2106 peccatores
714 2039 782 2093 ad
826 2041 1195 2111 pmnitentiam
1243 2060 1483 2116 vocaret,
1538 2051 1666 2121 quid
1711 2067 1931 2111 necesse

358 2136 478 2180 erat
510 2128 633 2183 huic
660 2132 1007 2190 sanctissimae
1032 2138 1189 2192 matri
1219 2148 1272 2194 et
1309 2140 1499 2211 virgini
1540 2143 1955 2204 inaestimabilis

355 2219 651 2275 sanctitatis
690 2222 892 2278 lumine
940 2226 1197 2294 praeditas,
1247 2238 1305 2284 ut
1357 2232 1496 2287 inter
1541 2236 1849 2303 publicanos
1876 2246 1933 2294 et

355 2315 666 2378 peccatores
708 2325 805 2366 suo
832 2312 1057 2370 Domino
1098 2316 1340 2388 Filioque
1370 2323 1724 2390 corporaliter
1749 2326 1933 2381 adhae-

354 2409 522 2464 reret,
560 2415 591 2454 a
618 2416 725 2471 quo
772 2406 955 2473 procul
989 2406 1154 2464 dubio
1201 2410 1544 2481 spiritualiter
1590 2415 1643 2469 in
1692 2424 1932 2487 tempore

356 2505 622 2561 nunquam
652 2494 886 2551 creditur
916 2497 1175 2555 defuisse.
1220 2501 1300 2556 Ad
1336 2502 1469 2559 hanc
1494 2519 1705 2576 quoque
1733 2508 1931 2563 nihilo—

356 2582 537 2638 minus
584 2585 846 2642 rationem
895 2589 1147 2659 pertinet,
1179 2592 1322 2661 quod
1370 2594 1585 2667 beatum
1638 2596 1930 2666 Baptistam

357 2670 617 2729 Joannem
661 2677 910 2733 maximis
950 2693 1013 2734 ac
1058 2682 1341 2751 praecipuis
1368 2683 1626 2754 ,laudibus
1655 2686 1799 2742 idem
1830 2687 1932 2745 Do-

357 2765 534 2820 minus
572 2767 790 2835 extulit;
838 2783 938 2826 nec
969 2778 1145 2827 tamen
1177 2771 1315 2828 intra
1347 2774 1591 2832 eumdem
1637 2776 1926 2847 discipulo-

355 2870 472 2912 rum
504 2873 782 2915 numerum
830 2864 1156 2933 aggregavit,
1192 2866 1309 2935 quia
1336 2881 1494 2938 quem
1542 2869 1685 2926 intus
1716 2871 1925 2929 calcati

355 2948 661 3018 magisterio
682 2951 976 3023 erudiebat,
1005 2955 1340 3015 extrinsecus
1375 2960 1526 3031 quasi
1556 2962 1611 3019 in
1641 2975 1734 3020 sua
1763 2962 1927 3021 liber-

354 3047 872 3117 tatereliquerata.
951 3089 968 3108 .
1046 3090 1063 3108 .
1142 3092 1158 3107 .
1234 3089 1253 3109 .
1334 3094 1351 3111 .
1430 3095 1445 3110 .
1525 3095 1543 3114 .
1620 3097 1635 3113 .
1720 3098 1735 3114 .
1809 3095 1828 3115 .
1910 3097 1927 3115 .

358 3175 375 3194 ο
451 3174 470 3193 ⁸
548 3177 564 3194 ο
640 3179 656 3194 ο
732 3176 750 3194 ο
828 3179 845 3197 ο
1016 3180 1033 3198 ο
1111 3180 1128 3199 ο
1205 3183 1219 3199 ο
1301 3182 1316 3201 ο
1396 3184 1410 3200 ο
1486 3184 1505 3202 ο
1593 3168 1610 3203 0.
1695 3186 1712 3203 ο
1802 3185 1817 3202 ο
1906 3188 1923 3204 ο

2032 1964 2149 2006 rum
2195 1965 2431 2018 suarum,
2482 1952 2582 2007 hoc
2610 1964 2691 2009 est
2718 1957 3236 2029 quinquagesimam,
3283 1960 3351 2018 de
3379 1964 3487 2021 vita
3540 1976 3597 2024 et

2031 2038 2238 2095 actibus
2273 2040 2545 2111 cujusdam
2589 2043 2860 2101 Benedicti
2892 2047 3111 2104 inclausi
3165 2051 3247 2106 sui
3290 2054 3600 2114 monasterii

2031 2143 2168 2199 pene
2196 2136 2361 2185 totam
2402 2134 2697 2199 contexuit,
2721 2150 2839 2205 qua:
2869 2138 3049 2208 utique
3079 2139 3299 2197 minime
3322 2142 3389 2198 ad
3415 2143 3596 2216 legen-

2029 2218 2157 2274 dum
2188 2222 2386 2275 nostris
2422 2235 2717 2291 congruere
2748 2224 3030 2283 videbatur
3064 2230 3295 2287 ofﬁciis:
3323 2246 3421 2303 ego
3452 2234 3596 2291 Pau-

2031 2308 2116 2364 lus
2158 2308 2436 2378 diaconus,
2470 2322 2741 2369 extremus
2772 2316 2913 2372 beati
2944 2318 3216 2376 Benedicti
3241 2323 3505 2391 servulus,
3535 2341 3600 2382 ne

2025 2412 2285 2455 numerus
2333 2401 2448 2469 ipse
2495 2403 2980 2475 quinquagenarius
3031 2410 3217 2467 harum
3260 2414 3593 2473 homiliarum

2030 2500 2176 2551 esset
2225 2492 2537 2562 diminutus,
2591 2495 2729 2553 hanc
2775 2499 3265 2571 quinquagesimam
3318 2505 3595 2563 homiliam

2031 2581 2099 2635 ad
2122 2580 2217 2637 Dei
2244 2581 2466 2652 gloriam
2491 2593 2548 2640 et
2574 2587 2902 2643 sanctissimi
2928 2591 3092 2646 nostri
3121 2590 3301 2649 Patris
3328 2594 3597 2651 Benedicti

2028 2668 2262 2736 laudem,
2290 2676 2460 2743 gratia
2489 2690 2719 2746 superna
2758 2678 3104 2750 suﬁ'ragante,
3135 2684 3429 2753 composui.

1976 2802 1985 2811 ι
2016 2808 2019 2811 λ
2100 2763 2283 2822 Lectio
2303 2768 2473 2823 sancti
2497 2768 2772 2839 Evangelii
2800 2772 3093 2826 secundum
3123 2772 3316 2829 Lucam
3350 2791 3365 2828 :
3396 2773 3462 2830 In
3509 2778 3599 2832 illo

2030 2860 2255 2929 tempore
2308 2861 2440 2914 dixit
2485 2858 2636 2915 Iesus
2684 2861 2950 2932 discipulis
2997 2864 3145 2918 suis:
3175 2863 3339 2919 Nemo
3367 2868 3598 2922 accendit

2035 2954 2301 3010 lucernam
2347 2965 2395 3009 et
2438 2955 2493 3008 in
2539 2954 2837 3011 abscondito
2889 2958 3049 3026 ponit,
3085 2972 3246 3028 neque
3271 2958 3366 3013 sub
3401 2963 3597 3031 modio,

1970 3044 1977 3045 “
2028 3048 2118 3102 sed
2168 3063 2328 3117 supra
2373 3045 2753 3115 candelabrum,
2800 3056 2858 3103 ut
2904 3049 2993 3120 qui
3035 3048 3385 3123 ingrediuntur
3431 3053 3599 3109 tamen

2029 3138 2257 3194 videant.
2296 3139 2362 3193 Et
2383 3138 2602 3210 reliqua.

355 3227 620 3297 nitricem,
669 3231 761 3301 qui
816 3231 959 3287 mitis
1005 3241 1061 3289 et
1110 3232 1326 3292 humilis
1371 3235 1572 3292 mundo
1622 3250 1913 3307 apparens,
1952 3216 2000 3282 C
2092 3231 2297 3284 Homilia
2318 3232 2456 3282 Pauli
2478 3231 2663 3283 diaconi
2683 3237 2733 3283 et
2756 3231 3023 3296 philosopr
3038 3233 3290 3285 deeadem
3311 3218 3539 3287 lectione.

355 3336 460 3377 non
507 3322 686 3378 mundi
738 3324 1114 3393 cupiditatibus
1158 3328 1473 3399 implicitos,
1525 3343 1633 3385 non
1682 3330 1918 3387 diversis

359 3412 596 3469 reatibus
643 3414 907 3484 astrictos,
957 3431 1063 3473 non
1119 3417 1432 3489 publicanos
1483 3429 1540 3476 et
1585 3431 1917 3493 peccatores,

355 3518 461 3558 non
511 3504 812 3561 carnalibus
842 3507 1108 3565 illecebris
1154 3509 1362 3566 deditas
1429 3516 1759 3579 meretrices,
1815 3527 1923 3568 non

352 3595 526 3666 ipsum
546 3596 705 3652 etiam
724 3600 960 3655 eruentis
986 3601 1214 3659 humana
1236 3603 1384 3658 caede
1409 3603 1653 3661 manibus
1673 3605 1922 3676 despexit

352 3688 642 3744 latronem.
694 3688 776 3744 Ad
836 3690 976 3747 hanc
1032 3693 1191 3763 igitur
1242 3696 1418 3751 omnis
1464 3705 1595 3752 aetas
1646 3698 1927 3767 omnisque

352 3793 517 3835 sexus
544 3780 881 3849 concurrite;
925 3783 1290 3855 unusquisque
1338 3793 1574 3841 vestrum
1626 3788 1769 3857 quod
1820 3786 1923 3841 sibi

354 3870 543 3927 deesse
595 3872 919 3940 considerat,
970 3883 1060 3929 aut
1088 3875 1251 3934 etiam
1300 3875 1489 3933 adesse
1537 3876 1822 3942 desiderat,
1854 3878 1922 3934 ab

354 3962 512 4033 hujus
553 3964 855 4023 etllcacibus
884 3968 1089 4024 meritis
1122 3969 1277 4039 plena
1317 3968 1421 4026 fide
1459 3968 1735 4041 deposcat.
1786 3970 1923 4038 Quia

351 4069 469 4126 quae
492 4056 730 4111 omnium
762 4057 926 4113 castis
967 4058 1078 4113 suis
1107 4058 1404 4116 visceribus
1433 4062 1656 4131 protulit
1696 4063 1924 4120 Redem-

352 4156 581 4217 ptorem,
609 4146 875 4203 universis
896 4156 1138 4219 prompta
1168 4159 1250 4206 est
1266 4164 1422 4219 opem
1448 4152 1693 4206 conferre
1705 4150 1920 4210 salutis.

352 4238 433 4293 Ad
464 4238 601 4293 hanc
643 4238 859 4305 accede,
903 4239 1075 4310 virgo,
1127 4254 1248 4310 quae
1269 4254 1466 4312 corpus
1495 4244 1696 4313 pariter
1722 4251 1779 4299 et
1802 4246 1921 4301 ani-

2100 3318 2194 3375 llis
2222 3320 2391 3375 sancti
2420 3318 2689 3391 Evangelii
2713 3318 2913 3385 verbis,
2942 3319 3389 3389 quemadmodum
3418 3320 3597 3377 audis-

2027 3411 2123 3479 tis,
2154 3412 2347 3467 fratres
2374 3412 2696 3481 charissimi,
2730 3412 2884 3481 paulo
2907 3413 3152 3483 superius
3176 3414 3245 3471 de
3263 3412 3462 3470 Judacis
3484 3428 3589 3469 non

2025 3503 2372 3560 credentibus
2391 3503 2647 3558 Dominus
2664 3504 2917 3573 praemisit
2936 3503 3121 3560 dicens
3140 3520 3153 3558 :
3177 3501 3445 3561 Generatio
3465 3506 3592 3574 hac,

2026 3598 2282 3667 generatio
2310 3584 2528 3667 nequam
2555 3602 2628 3651 est
2652 3609 2674 3662 ;
2715 3595 2916 3667 signum
2945 3598 3149 3667 quierit,
3186 3605 3233 3651 et
3260 3598 3462 3669 signum
3490 3613 3590 3654 non
3684 3674 3695 3679 _

2026 3687 2235 3741 dabitur
2262 3689 2330 3754 ei,
2359 3695 2463 3743 etc.

2108 3778 2179 3834 Et
2198 3788 2314 3850 post
2343 3781 2505 3834 multa
2532 3793 2553 3835 :
3518 3826 3519 3829 η

2108 3871 2240 3939 Quis
2271 3871 2471 3941 potius,
2515 3871 2704 3926 fratres
2725 3868 3047 3938 charissimi,
3078 3878 3194 3941 post
3215 3879 3430 3928 sanctos
3467 3886 3591 3943 apo-

2023 3964 2217 4030 stolos,
2248 3978 2408 4034 quam
2433 3964 2518 4019 hic
2549 3962 2884 4019 beatissimus
2913 3962 3070 4018 Pater
3106 3973 3289 4020 noster
3318 3964 3443 4019 salis
3494 3980 3588 4019 va-

2029 4055 2103 4110 let
2126 4056 2343 4110 nomiue
2367 4054 2667 4125 appellarit
2691 4054 2778 4123 qui
2810 4054 2876 4110 ab
2899 4055 3030 4110 urbe
3053 4064 3358 4126 segregatus
3387 4054 3589 4112 Romu-

2027 4150 2137 4217 lea,
2182 4158 2431 4219 tanquam
2468 4148 2535 4204 ab
2560 4146 2901 4205 instabilibus
2930 4149 3232 4221 amarisque
3262 4151 3429 4222 pelagi
3465 4151 3591 4207 ﬂuc-

2023 4240 2188 4306 tibus;
2234 4240 2364 4296 dum
2406 4239 2545 4295 intra
2575 4253 2769 4310 specus
2804 4242 2885 4296 sui
2927 4255 3045 4297 sese
3092 4242 3346 4297 ambitum
3395 4246 3587 4308 tenuit,

347 4342 488 4385 mam
524 4337 672 4385 caste
716 4343 1034 4389 consecrare
1074 4331 1339 4401 disponis.
1381 4331 1550 4403 Hujus
1581 4333 1635 4388 in
1666 4342 1920 4405 quantum
2021 4332 2277 4405 quidquid
2313 4333 2401 4387 vel
2447 4333 2714 4388 modicum
2759 4347 2823 4389 ex
2856 4319 3135 4390 mundana
3174 4332 3485 4390 mobilitatis
3524 4335 3585 4391 li-

346 4422 605 4492 praevales
661 4422 870 4479 imitare
924 4423 1276 4493 propositum,
1335 4413 1405 4481 ab
1454 4426 1553 4483 hac
1610 4437 1667 4484 ut
1727 4431 1921 4486 muniri
2020 4438 2186 4495 quore
2219 4424 2415 4479 habere
2450 4433 2680 4495 poterat,
2720 4424 2772 4478 in
2808 4424 2935 4479 salis
2956 4423 3270 4480 soliditatem
3300 4424 3587 4480 rationem-

346 4514 537 4581 possis,
569 4512 801 4583 deposce
840 4513 1167 4583 praesidium,
1217 4530 1336 4586 quae
1382 4518 1702 4588 virginitatis
1732 4521 1916 4590 splen-
1943 4587 1979 4590 _
2019 4528 2125 4586 que
2174 4516 2422 4580 mutavit,
2465 4516 2683 4586 verique
2735 4513 2863 4569 solis
2916 4513 3075 4571 radiis
3125 4529 3220 4585 per
3272 4514 3583 4571 cliaritatcm

345 4602 480 4656 didar
527 4603 749 4672 gloriam
798 4606 965 4674 prima
1011 4604 1258 4675 arripuit,
1310 4587 1481 4677 prima
1527 4587 1783 4664 servavit.
1831 4587 1994 4669 AdD
2020 4604 2243 4665 fervoris
2287 4604 2602 4661 torrefactus
2646 4606 2711 4660 ad
2743 4604 2960 4675 iustitia:
2996 4606 3283 4662 candorem
3323 4608 3581 4677 pervenit.

346 4691 483 4750 hanc
505 4692 773 4749 destitutae
797 4696 926 4751 viris
955 4696 1193 4753 accedite
1227 4697 1434 4765 viduae;
1476 4698 1545 4753 ab
1568 4698 1667 4753 hac
1692 4708 1908 4754 vestra-
2019 4697 2123 4765 Qui
2157 4711 2262 4752 non
2292 4697 2461 4752 solum
2500 4705 2626 4751 tunc
2670 4695 2935 4762 corporali
2971 4696 3255 4766 praesentia
3297 4697 3580 4753 multorum

343 4798 464 4840 rum
509 4787 865 4854 angustiarum
894 4789 1273 4866 relevationem
1321 4798 1554 4861 sperate,
1587 4805 1707 4863 quae
1734 4793 1906 4848 virum
2012 4790 2124 4862 piis
2159 4790 2335 4847 verbis
2360 4789 2447 4846 vel
2478 4789 2681 4845 actibus
2706 4788 2869 4844 vitam
2911 4788 3165 4857 condivit,
3198 4788 3291 4843 sed
3322 4803 3489 4859 usque
3518 4790 3583 4845 ad

343 4878 563 4933 omnino
615 4879 885 4946 nesciens,
935 4892 1188 4950 quantum
1238 4882 1342 4939 viri
1384 4884 1591 4941 solatiis
1635 4885 1909 4955 destituta,
2017 4892 2333 4955 praesentem
2376 4883 2516 4939 diem
2549 4894 2785 4982 praesens
2820 4880 3042 4950 spiritu,
3081 4893 3201 4982 non.
3231 4885 3582 4982 tantumnno-

345 4974 548 5025 tantum
578 4972 823 5042 supernis
848 4974 1061 5032 auxiliis
1104 4978 1256 5048 juxta
1294 4987 1395 5036 est.
1439 4978 1521 5035 Ad
1554 4980 1692 5036 hanc
1715 4978 1911 5039 nihilo-
2018 4985 2189 5034 atrum
2215 4975 2519 5046 collegium,
2549 4973 2645 5030 sed
2678 4984 2699 5013 ε
2729 4986 2825 5044 per
2857 4979 3023 5029 totum
3062 4970 3292 5026 maxime
3319 4968 3579 5025 Occiden-

414 5113 441 5143 ⁸
480 5104 577 5161 Hic
608 5104 757 5161 deest
786 5106 976 5176 Pagina
1004 5107 1190 5191 saltem
1215 5124 1339 5191 una.
1422 5182 1436 5191 _
1556 5183 1575 5191 _
2009 5113 2310 5191 insequenti
2334 5151 2350 5180 ,
2398 5111 2597 5191 ibidem
2623 5110 2793 5191 "facta
2843 5109 3082 5191 versibus
3124 5108 3236 5191 suis
3290 5106 3575 5191 celebravit

414 5174 450 5259 δ.
473 5178 619 5232 lianc
647 5174 1033 5262 homilja‘mjel
1060 5179 1233 5262 potius
1277 5181 1508 5262 humilia
1551 5183 1903 5255 fragmentum
2009 5174 2225 5262 saucius
2274 5174 2577 5262 Bertharius
2619 5178 2921 5262 Casiniensis
2950 5178 3113 5262 abbas
3157 5180 3578 5262 cumarum-Ex

340 5247 576 5305 eruimus
602 5262 635 5302 e
658 5249 823 5302 veteri
849 5249 1035 5303 codice
1063 5251 1359 5307 Casinensi.
1386 5252 1611 5309 Manna.
1634 5247 1659 5255 ⁷
2009 5256 2112 5332 hac
2160 5267 2322 5332 porro
2343 5330 2348 5332 _
2370 5252 2596 5332 humilia.
2641 5249 2897 5332 discimus
2956 5247 3324 5332 Venerabilem
3376 5247 3573 5303 Βθάιιιιι

415 5329 438 5359 c
472 5318 869 5399 Benedictinam
913 5320 1164 5403 regulam,
1196 5330 1321 5377 mue
1361 5327 1612 5380 saeculum
1656 5331 1900 5403 octavum
2006 5318 2388 5395 quinquaginta
2418 5320 2661 5403 humiliari
2702 5322 2752 5375 in
2782 5323 2915 5401 testa
2942 5328 2995 5374 et
3020 5318 3318 5403 dominicas
3362 5334 3579 5403 perﬂan-

476 5397 635 5473 totum
674 5389 1244 5473 mximeﬂccitlentem
1286 5406 1633 5473 propagatatn
1676 5402 1902 5473 testatur
2006 5389 2802 5473 ειξυηιχορὲιινοειιίεξευβφξαμθ
2858 5392 2910 5451 in
2959 5389 3332 5470 ecclesiasticis
3386 5389 3576 5468 "mpii-5

476 5404 635 5442 torum
674 5405 893 5442 maxime
924 5404 1244 5444 occidentem
1286 5406 1633 5465 prOpagatam
1676 5404 1902 5467 testatur
2006 5410 2135 5453 num
2178 5406 2563 5459 composuisse,
2607 5405 2802 5473 easque
2858 5407 2910 5451 in
2959 5404 3332 5470 eqcxpsrasticts
3386 5404 3575 5468 uinctis

340 5404 432 5514 Ei:
456 5457 650 5513 Paulus
675 5454 1288 5544 Winl‘lriilus,ut.l.iacpnus
1320 5477 1391 5544 ac
1422 5456 1901 5544 monacliusnpa‘si-
2006 5462 2184 5520 Casini
2210 5464 2317 5535 jam
2348 5472 2469 5544 tunc
2494 5462 2655 5544 lectas
2681 5461 2863 5544 fuisse,
2891 5474 3111 5544 quarunt
3132 5473 3575 5544 quinquagesuna

341 5529 541 5595 nensis,
573 5530 661 5596 qui
689 5531 788 5583 sub
817 5529 973 5612 ﬁnem
1005 5530 1146 5615 illius
1174 5530 1352 5615 excidi
1382 5534 1667 5615 scribebat.
1700 5534 1900 5615 Qbser-
2002 5545 2119 5615 erat
2147 5529 2393 5615 estquam
2423 5531 2488 5615 dc
2518 5531 2700 5615 gestis.
2721 5529 3189 5615 beati-Benedic“.
3221 5539 3575 5615 ςίξειξριιιθηςο

341 5610 462 5654 Vatu
494 5600 709 5669 dignum
738 5609 818 5685 est
846 5603 1155 5685 miraculum
1185 5601 1237 5655 in
1280 5602 1379 5654 bac
1417 5601 1634 5657 humilia
1674 5606 1900 5685 relatum
2007 5606 2235 5675 Biscopi,
2256 5600 2591 5685 monasterii
2623 5604 2702 5683 sui
2751 5601 3058 5685 conditoris“
3093 5608 3147 5682 et
3200 5602 3406 5683 abbatis
3436 5602 3573 5685 scri-

338 5670 410 5726 de
450 5671 696 5739 loquendi
738 5670 986 5754 facultate
1025 5672 1233 5726 cuidam
1280 5680 1429 5754 muto
1452 5687 1729 5754 concessa,
1757 5677 1899 5754 quod
2005 5670 2222 5754 pserai:
2255 5688 2372 5754 qua}
2399 5675 2522 5741 quia
2540 5671 2933 5754 'Casinensibns
2969 5670 3161 5754 ciliciis
3181 5670 3406 5754 ininime
3445 5683 3573 5754 cort-

340 5756 437 5811 per
460 5750 700 5825 sanctum
742 5742 1082 5825 Benedictum
1110 5752 1235 5796 ante
1260 5742 1579 5825 decennium
1606 5740 1785 5825 Casini
1811 5761 1902 5825 pa-
2001 5740 2451 5825 griiebat,'aliarn
2504 5744 2621 5825 ejus
2672 5744 2789 5797 loco
2841 5740 2909 5798 de
2959 5749 3148 5825 sancto
3181 5740 3338 5824 Patre
3389 5749 3573 5825 nostro

341 5804 534 5893 iratum
563 5804 724 5869 fuisse
764 5813 911 5869 dicit.
942 5814 1057 5869 Alia
1086 5828 1184 5871 suo
1208 5823 1467 5886 tempore,
1489 5813 1546 5869 id
1579 5824 1664 5872 est
1700 5804 1903 5879 saeculo
1998 5804 2297 5875 "Benedicto
2322 5813 2515 5871 Paulus
2534 5804 2793 5870 diaconus
2826 5813 3145 5886 composuit,
3188 5810 3241 5867 in
3283 5812 3397 5884 ejus
3437 5810 3573 5866 festo
