4010 6334
440 377 579 443 {575
1286 364 1491 426 PAULI
1531 360 1800 421 DIACONI
1836 352 1986 418 OPP.
2026 353 2047 416 1

2145 351 2205 417 ιε
2240 353 2306 413 ll.
2347 380 2416 398 —
2454 349 2805 412 ASCETICA.
3552 348 3708 410 1576

441 512 551 557 tem
595 505 721 551 suos
752 499 1007 560 sequaces
1033 484 1228 544 erudit.
1258 481 1360 552 Qui
1390 497 1486 553 per
1527 479 1795 536 salubrem
1847 474 2227 538 ratio-Alent
2267 473 2502 529 ﬁdelium
2546 472 2600 526 in
2647 469 2844 526 divinis
2887 465 3136 522 laudibus
3175 481 3271 523 ora
3314 468 3601 525 resultent.
3632 471 3709 527 Ut

441 594 628 663 nisque
669 589 883 658 plenam
933 588 1132 639 sanctae
1182 575 1532 634 institutionis
1584 587 1695 630 suae
1748 570 2010 641 regulam,
2113 570 2257 626 enim
2287 580 2451 637 pauca
2488 565 2557 620 de
2593 562 2774 618 multis
2806 562 3014 630 loquar,
3043 560 3162 630 quis
3202 575 3308 616 non
3351 562 3579 616 miretur
3602 579 3707 618 au-

440 655 604 742 vita-m
622 655 940 742 carnalium,
964 669 1334 729 dissolutionis
1361 667 1481 722 labe
1512 665 1767 730 tabidam,
1791 662 2016 718 restrin-
2114 662 2268 718 diens
2314 659 2631 731 pandentem
2664 659 2717 713 in
2750 656 3034 727 propatulo
3059 655 3262 722 abdita,
3309 655 3704 722 praedicentem

442 772 616 845 gendo
657 774 874 826 revocat
914 764 981 820 ad
1029 762 1297 818 salutem-z
1322 757 1475 827 cuius
1505 753 1858 810 districtionis
1886 765 2017 806 cen-
2117 753 2324 819 futura;
2369 765 2558 822 parere
2581 749 2822 821 jussibus
2866 747 3074 813 latices,
3107 747 3323 818 prodire
3366 748 3433 802 de
3474 747 3708 845 rupibus

444 837 570 922 sura
601 870 654 918 et
675 861 720 916 si
742 868 801 915 ut
822 855 947 914 salis
974 855 1204 925 species,
1232 851 1400 922 plagis
1426 848 1668 903 videatur
1689 844 2017 901 crudescen-
2121 844 2317 911 fontes,
2364 842 2588 913 perdere
2635 840 2794 896 toties
2829 839 3095 895 elementa
3140 847 3405 908 naturam,
3453 837 3711 907 praebens

445 959 587 1014 tibus
625 961 860 1018 austera,
893 959 1097 1004 certum
1138 955 1316 1000 tamen
1366 949 1449 997 est
1490 939 1630 1007 quod
1662 937 1885 993 tolerata
1929 947 2020 1004 pa-
2117 939 2366 994 volucres
2426 935 2767 1006 obsequelam
2795 979 2811 1004 ,
2867 943 3066 990 terram
3115 943 3421 1003 susceptum
3468 933 3712 990 cadaver

449 1046 664 1104 tientius
693 1043 963 1099 caelestem
987 1036 1230 1094 conferat
1254 1031 1596 1090 medicinam.
1629 1027 1804 1091 Unde,
1830 1025 2021 1079 fratres
2120 1045 2464 1098 evomere,...
2507 1030 2711 1085 cunctis
2745 1027 2987 1084 terribile
3029 1037 3135 1092 est,
3163 1025 3444 1096 pavidare;
3481 1026 3711 1082 morbos

445 1134 766 1200 charissimi,
806 1132 852 1186 Si
901 1127 1111 1198 quando
1139 1125 1273 1181 forte
1306 1123 1482 1178 acrius
1523 1134 1554 1173 a
1598 1118 1820 1189 praelato
1868 1114 2023 1170 nobis
2122 1122 2358 1192 imperiis
2380 1121 2594 1186 cedere,
2621 1129 2848 1176 mortem
2869 1119 2958 1190 ius
2988 1119 3210 1174 dominii
3243 1119 3489 1188 perdere,
3515 1132 3713 1174 scere-

447 1225 629 1292 Patre,
657 1238 753 1280 seu
780 1221 847 1276 al)
871 1220 955 1275 his
971 1218 1060 1290 qui
1087 1219 1155 1272 ab
1183 1231 1248 1271 eo
1270 1215 1423 1270 nobis
1448 1218 1844 1281 prmponuntur,
1866 1220 2023 1275 regu-
2123 1221 2235 1269 tum
2264 1213 2444 1268 cordis
2475 1211 2733 1282 pateﬁeri,
2768 1212 3016 1267 claustris
3046 1211 3271 1266 retentis
3297 1211 3578 1279 corporeis
3599 1226 3711 1280 quo

448 1319 631 1375 lariter
652 1313 994 1384 castigamur,
1030 1316 1178 1364 tanto
1212 1305 1351 1361 hanc
1374 1302 1626 1359 humilius
1667 1299 1869 1355 illatam
1903 1310 2025 1365 per-
2123 1303 2252 1362 velit
2276 1304 2465 1374 spiritu
2501 1303 2824 1374 properare?
2873 1301 3152 1357 Postremo
3194 1302 3311 1370 quis
3351 1315 3461 1356 non
3489 1310 3712 1371 stupeat

446 1417 622 1481 Ρεῑιιω
689 1405 878 1462 saluus
927 1400 1189 1458 medelam
1236 1411 1336 1453 "05
1395 1395 1670 1463 δυεεῖρθτθ
1741 1387 2018 1454 convenit.
2126 1402 2294 1451 totum
2338 1395 2407 1450 ab
2448 1408 2556 1449 uno
2589 1394 2806 1449 homine
2833 1393 3092 1448 mundum
3139 1393 3396 1462 conspici,
3446 1392 3501 1449 in
3544 1395 3714 1450 terris

447 1509 648 1573 quanto
677 1498 791 1553 sine
817 1495 979 1552 dubio
1005 1493 1162 1549 nobis
1185 1489 1451 1547 credenda
1483 1497 1568 1545 est
1593 1485 1854 1558 gehennae
1891 1497 2021 1553 sup—
2126 1487 2361 1558 positum
2389 1486 2511 1543 caeli
2536 1487 2679 1544 cives
2710 1485 2974 1557 aspicere,
3005 1499 3168 1542 carne
3206 1485 3380 1540 adhuc
3406 1485 3711 1542 revinctum

448 1593 602 1662 plicia
651 1589 913 1657 mitigare.
963 1585 1096 1652 Quis
1134 1584 1328 1652 magis,
1359 1590 1416 1636 ut
1441 1581 1621 1635 dicere
1667 1590 2024 1648 coeperamus,
2127 1578 2423 1634 animarum
2455 1579 2643 1634 merita
2672 1577 3056 1646 contemplari?
3086 1577 3211 1632 Haec
3240 1584 3294 1632 et
3335 1575 3420 1631 liis
3445 1577 3612 1632 multa
3637 1578 3713 1632 si—

449 1697 608 1752 quam
638 1680 726 1735 hic
750 1679 907 1734 index
930 1673 1175 1732 arctioris
1201 1675 1320 1741 viae,
1360 1681 1417 1726 ut
1462 1672 1596 1726 lucis
1618 1669 1777 1740 jubar
1829 1667 2027 1724 mundo
2128 1673 2273 1728 milia
2300 1673 2421 1743 quis
2441 1686 2567 1729 aure
2588 1671 2890 1743 percipiens
2916 1685 3023 1726 non
3044 1671 3098 1725 in
3127 1669 3223 1725 Dei
3251 1670 3425 1725 Patris
3449 1671 3709 1725 continuo

451 1771 801 1843 resplenduit,
835 1771 924 1840 qui
962 1769 1084 1823 vitae
1114 1765 1321 1821 meritis
1351 1773 1407 1820 et
1436 1762 1815 1819 miraculorum
1849 1761 2029 1816 multi-
2054 1830 2102 1843 _
2128 1765 2632 1834 laudes'erumpat,
2685 1764 2777 1834 qui
2826 1763 2950 1818 talia
2996 1761 3108 1816 suis
3152 1760 3323 1816 servis
3373 1760 3604 1826 confert,
3657 1770 3713 1816 et

454 1830 689 1934 plicitate
714 1876 818 1916 non
853 1830 1039 1916 solum
1101 1866 1229 1912 tunc
1281 1857 1520 1924 emicuit,
1586 1855 1679 1911 sed
1745 1862 1799 1911 et
1847 1854 2027 1910 hacte-
2054 1830 2104 1893 Β
2130 1873 2290 1928 super
2317 1857 2432 1914 haec
2461 1830 2639 1913 omnia
2679 1830 2899 1926 regnum
2945 1855 3063 1910 sine
3109 1855 3341 1910 termino
3384 1855 3609 1923 largitur
3654 1854 3711 1907 in

453 1970 553 2012 nus
599 1955 1012 2024 circumquaque
1041 1949 1405 2008 excrescendo
1435 1949 1730 2004 clarescit?
1777 1947 2028 2004 Testatur
2129 1950 2315 2008 εωϋεῖ
2340 1949 2446 2006 Sed
2480 1949 2620 2005 unde
2661 1949 2818 2004 Pater
2849 1947 2933 2003 hic
2958 1947 3189 2003 eximius
3220 1955 3432 2016 patrare
3455 1947 3551 2000 ista
3587 1960 3717 2015 pro-

453 2050 554 2104 hoc
595 2047 736 2117 quod
782 2034 1249 2116 loquitur5recens
1307 2041 1438 2096 illud
1491 2039 1835 2107 miraculum,
1886 2036 2029 2108 quod

2145 2045 2348 2114 meruit,
2390 2055 2447 2100 ut
2475 2045 2542 2099 ad
2572 2045 2738 2099 instar
2779 2051 3084 2100 sanctorum
3113 2041 3474 2111 apostolorum
3501 2048 3582 2094 tot
3608 2039 3709 2093 ad-

453 2148 576 2194 ante
625 2140 726 2193 hoc
773 2137 886 2193 fere
934 2134 1247 2190 decennium
1295 2141 1502 2202 gestum
1530 2172 1545 2196 ,
1594 2130 1882 2200 multisque
1938 2142 2031 2183 ve-

2145 2139 2361 2192 mirante
2404 2137 2601 2192 mundo
2627 2135 2896 2192 miraculis
2936 2141 3266 2198 coruscaret,
3297 2131 3399 2187 nisi
3441 2133 3564 2202 quia
3608 2145 3708 2186 eo-

457 2242 628 2288 strum
659 2239 741 2287 est
780 2231 1071 2300 cognitum,
1119 2235 1322 2282 mutum
1353 2224 1562 2280 scilicet
1611 2232 1736 2278 ante
1777 2221 1893 2292 ejus
1932 2221 2033 2276 hoc

2145 2227 2376 2283 rumdem
2401 2227 2761 2297 apostolorum
2793 2226 2954 2280 vitam
2987 2226 3172 2291 tenuit,
3203 2234 3256 2279 et
3290 2223 3525 2278 ctelestis
3555 2221 3720 2300 insti<

459 2339 652 2393 corpus
702 2324 781 2393 (id
822 2330 918 2389 est,
965 2318 1194 2388 cineres)
1234 2316 1650 2372 sacratissimum
1683 2314 1845 2368 fuisse
1885 2315 2032 2369 locu-
2136 2325 2250 2373 tuta
2292 2296 2644 2388 Praeceptoris
2688 2331 2817 2372 aure
2858 2316 3095 2387 pectoris
3135 2316 3417 2370 serviturus
3451 2296 3717 2382 accepit?

460 2426 612 2480 lum;
645 2427 769 2468 m0x
800 2422 859 2466 υι
910 2409 1186 2465 Benedic“
1238 2422 1394 2478 Opem
1436 2406 1560 2463 ῑοιίε
1602 2405 1739 2461 νοιίε
1789 2405 2032 2475 θκρθιὶἰι.
2135 2410 2251 2466 Non
2282 2410 2428 2465 illum
2469 2410 2646 2466 carnis
2677 2408 2947 2474 illecebra,
2983 2422 3088 2462 non
3132 2406 3312 2461 mundi
3342 2405 3538 2476 gaudia
3564 2406 3723 2461 male

462 2507 658 2574 lingua:
709 2510 1026 2559 consecutus
1065 2508 1148 2554 est
1189 2496 1424 2554 cilicium
1452 2514 1468 2563 ;
1500 2505 1554 2552 et
1579 2497 1668 2566 qui
1714 2496 1915 2551 nullum
1969 2511 2035 2550 ex

2145 2501 2436 2570 suadentia,
2485 2516 2591 2556 non
2645 2500 2816 2557 hostis
2862 2509 3036 2555 astuta
3067 2499 3286 2554 consilia
3327 2499 3616 2552 valuerunt
3663 2498 3722 2553 in
3779 2526 3797 2544 ο

461 2598 549 2652 die
575 2604 724 2650 ortus
766 2593 848 2648 sui
876 2593 1097 2648 verbum
1129 2590 1289 2646 edere
1319 2597 1545 2660 poterat,
1578 2588 1721 2657 quod
1759 2595 1841 2642 est
1868 2585 2038 2641 admi-

460 2689 683 2745 randum
711 2685 1098 2751 vehementius,
1123 2699 1228 2738 non
1253 2683 1430 2738 solum
1454 2682 1717 2752 loquelam
1741 2679 2034 2751 propriam,

462 2780 564 2834 hoc
609 2785 692 2833 est
722 2776 1020 2840 barbaram,
1052 2773 1214 2843 coepit
1253 2771 1426 2842 eﬁ‘ari,
1456 2771 1554 2827 sed
1596 2769 1756 2826 simul
1796 2771 1955 2825 etiam
1984 2778 2040 2824 et

462 2871 724 2929 Latinam.
780 2869 938 2923 Plura
969 2875 1092 2922 sunt
1127 2875 1182 2922 et
1210 2866 1383 2921 relatu
1431 2863 1611 2934 digna,
1637 2877 1755 2932 quae
1783 2877 1875 2933 per
1915 2877 2038 2918 eun

462 2963 698 3032 quotidie
723 2945 968 3017 Christus
1015 2957 1206 3024 efﬁcit,
1240 2973 1358 3027 quae
1383 2957 1619 3028 propria,
1648 2956 1756 3012 Deo
1785 2957 2036 3027 praesule,

461 3055 605 3110 serie
645 3062 837 3108 vestrae
881 3051 1158 3121 pandenda
1205 3059 1330 3105 sunt
1374 3049 1642 3104 charitati.
1673 3047 1803 3115 Quis
1857 3048 2037 3117 igitur,

461 3153 520 3200 ut
563 3154 739 3215 coepta
770 3158 1080 3216 prosequar,
1111 3143 1406 3213 simplicior
1443 3156 1603 3213 quam
1630 3143 1730 3198 isto
1760 3140 1937 3211 oculo,
1985 3140 2038 3196 id
2063 3185 2111 3250 c

463 3246 548 3292 est
587 3238 800 3306 puriore
829 3237 1006 3292 cordis
1037 3236 1353 3301 intentione,
1396 3235 1560 3289 vitam
1599 3234 1896 3303 transegit?
1946 3234 2037 3301 qui

464 3335 654 3383 cuncta
684 3342 896 3396 semper
927 3326 1162 3395 peritura
1191 3324 1516 3394 despiciens,
1562 3332 1795 3380 mentem
1827 3323 1880 3379 in
1929 3337 2040 3380 coe-

469 3420 692 3476 lestibus
735 3419 1254 3488 solidavit;quique
1305 3417 1424 3472 ideo
1452 3417 1518 3471 ad
1571 3417 1624 3472 id
1681 3417 1822 3487 quod
1874 3417 2040 3472 voluit

467 3523 594 3563 mox
651 3507 934 3562 exauditus
985 3515 1089 3572 est,
1145 3507 1268 3576 quia
1300 3505 1640 3576 simplicitate
1693 3508 1886 3562 mentis
1932 3507 2042 3564 Deo

471 3599 833 3670 complacens,
861 3597 1186 3668 duplicitatis
1215 3612 1245 3652 a
1275 3611 1369 3653 sua
1399 3597 1698 3653 intentione
1725 3610 1910 3668 rugam
1939 3613 2036 3655 ex-

471 3694 651 3751 clusit.
710 3691 777 3746 Et
831 3700 944 3762 post
994 3693 1263 3747 nonnulla.
1318 3692 1502 3762 Cujus,
1557 3693 1793 3762 inquam,
1823 3707 2041 3763 corpus,

478 3783 618 3852 quod
661 3795 821 3852 opera
847 3781 1145 3850 signiﬁcare
1167 3782 1418 3848 diximus,
1460 3782 1628 3852 magis
1657 3797 1816 3853 quam
1864 3784 2040 3853 istius,

473 3873 705 3928 lucidum
727 3875 962 3929 existere
1012 3872 1201 3942 potuit,
1247 3874 1338 3942 qui
1392 3883 1497 3928 tam
1537 3872 1722 3928 multis
1777 3888 1872 3942 per
1919 3875 2044 3929 vitae

472 3963 840 4018 excellentiam
874 3963 1052 4017 lumen
1074 3963 1348 4028 exhibuit;
1380 3972 1473 4020 aut
1497 3979 1655 4033 quem
1680 3963 1855 4034 potius
1883 3979 2043 4034 quam

474 4055 613 4110 hunc
653 4053 904 4124 splendor
933 4055 1162 4124 propriae
1198 4056 1424 4111 actionis
1467 4066 1527 4111 ut
1561 4057 1778 4112 lucerna
1823 4057 2046 4128 fulgoris

473 4148 809 4216 illuminavit,
834 4149 922 4217 qui
954 4147 1249 4203 innumeris
1274 4147 1512 4203 exterius
1536 4148 1603 4203 ad
1625 4149 1821 4204 coelum
1860 4158 2046 4220 septus

473 4239 824 4309 lampadibus,
853 4238 1060 4308 potiora
1098 4240 1282 4309 utique
1323 4241 1392 4296 de
1419 4240 1691 4296 Creatoris
1720 4241 1924 4298 visione
1964 4242 2048 4298 in-

478 4330 640 4385 terius
683 4339 1028 4399 percepturus
1075 4329 1356 4385 ascendit?
1405 4331 1536 4398 Quae
1589 4331 1807 4388 lucerna
1853 4336 2049 4392 clarior

478 4420 580 4474 hoc
629 4430 955 4490 prteceptore
1003 4424 1258 4487 surrexit,
1306 4437 1422 4491 qua:
1469 4438 1632 4492 super
1671 4426 2050 4483 candelabrum

2138 2593 2317 2662 aliquo
2344 2592 2563 2648 ﬂectere
2608 2593 2944 2648 anhelantem
2989 2590 3055 2645 ad
3103 2591 3318 2660 praemia
3361 2592 3716 2659 sempiterna.

2138 2683 2389 2751 Proinde,
2421 2685 2612 2741 fratres
2635 2684 2954 2750 charissimi,
2985 2697 3084 2739 nos
3110 2683 3198 2752 qui
3230 2699 3259 2738 e
3281 2681 3510 2738 diversis
3533 2683 3718 2738 mundi

2139 2777 2376 2845 partibus
2419 2776 2487 2832 ad
2511 2777 2628 2848 ejus
2657 2776 3068 2846 properavimus
3094 2774 3486 2843 magisterium,
3533 2773 3716 2828 disca-

2140 2883 2258 2924 mus
2298 2883 2553 2940 spernere
2582 2869 2725 2939 quod
2755 2867 2978 2938 sprevit,
3020 2867 3288 2924 discamus
3318 2866 3545 2936 diligere
3571 2865 3717 2936 quod

2141 2959 2351 3028 dilexit;
2383 2969 2458 3027 et,
2500 2961 2545 3016 si
2573 2962 2722 3030 sequi
2768 2975 2890 3016 eum
2925 2968 3042 3029 post
3067 2960 3135 3016 ad
3173 2959 3401 3030 gloriam
3442 2961 3715 3029 cupimus,

2140 3053 2302 3110 modo
2350 3051 2516 3123 ipsius
2559 3050 2783 3122 vestigia
2827 3050 3085 3107 imitando
3135 3065 3426 3122 sequamur
3470 3068 3483 3104 :
3524 3066 3629 3118 ne,
3675 3051 3722 3108 si

2142 3159 2284 3201 nunc
2339 3143 2406 3199 ab
2452 3142 2568 3215 eius
2613 3141 2947 3199 rectitudinis
3005 3142 3176 3197 forma
3229 3141 3594 3208 deﬂectimus,
3655 3141 3723 3196 ab

2145 3238 2290 3294 illius
2317 3235 2655 3308 postmodum
2693 3237 2866 3291 coacti
2897 3234 3169 3290 consortio
3197 3233 3530 3290 dirimamur.
3561 3234 3722 3289 Certe

2143 3331 2187 3385 si
2215 3343 2374 3399 quem
2399 3337 2645 3384 nostrum
2673 3327 2740 3383 de
2769 3325 2872 3382 hoc
2897 3326 3063 3382 etiam
3088 3334 3355 3382 conventu
3384 3325 3580 3396 aliquis
3604 3326 3719 3380 vio-

2143 3420 2318 3476 lentus
2344 3421 2412 3474 ad
2459 3434 2730 3476 carcerem
2775 3418 3035 3485 traheret,
3065 3433 3259 3490 magna
3290 3433 3349 3476 re
3392 3434 3521 3475 vera
3570 3418 3719 3474 illum

2143 3515 2235 3584 qui
2265 3514 2367 3570 hoc
2411 3524 2682 3584 pateretur
2713 3513 2980 3581 confusio,
3019 3513 3208 3584 ingens
3254 3514 3417 3568 simul
3464 3514 3718 3569 mcestitia

2144 3613 2462 3662 coarctaret.
2491 3605 2631 3672 Quid
2665 3615 2933 3675 putamus,
2972 3587 3300 3674 charissimi,
3331 3604 3404 3660 ibi
3431 3613 3557 3660 tunc
3597 3617 3722 3660 esse

2143 3695 2501 3765 confusionis,
2533 3697 2656 3767 quid
2692 3697 2914 3752 terroris
2952 3704 3007 3751 et
3045 3696 3328 3766 angustiae,
3359 3694 3406 3750 si
3448 3696 3721 3764 contingat

2145 3787 2312 3857 (quod
2341 3788 2480 3843 Deus
2510 3787 2736 3857 avertat)
2775 3787 3010 3856 aliquem
3048 3794 3292 3842 nostrum
3322 3786 3389 3840 ab
3420 3785 3514 3840 illo
3541 3785 3720 3853 splen-

2145 3877 2418 3934 didissimo
2441 3878 2611 3934 sancti
2637 3878 2791 3949 hujus
2813 3879 2985 3934 Patris
3025 3880 3192 3934 nostri
3219 3886 3275 3934 et
3303 3877 3719 3948 praecedentium

2145 3970 2368 4027 fratrum
2413 3972 2579 4026 choro
2623 3971 2675 4026 in
2727 3979 3042 4040 perpetuum
3089 3970 3350 4040 separari,
3395 3977 3451 4025 et
3498 3967 3721 4023 inﬁnitis

2145 4061 2364 4133 insuper
2401 4062 2681 4118 tormentis
2726 4061 3006 4131 immergi?
3035 4060 3542 4131 Circumspiciamus
3588 4074 3720 4129 qua-

2147 4163 2388 4224 propter,
2411 4151 2765 4218 dilectissimi,
2797 4151 3028 4221 undique
3053 4153 3220 4206 vitam
3247 4160 3518 4217 nostram;
3549 4150 3722 4206 exclu-

2149 4246 2334 4301 damus
2360 4259 2389 4299 a
2419 4244 2576 4301 nobis
2610 4254 2829 4300 cunctas
2865 4246 3054 4303 sordes
3082 4259 3404 4315 omnemque
3431 4243 3718 4306 malitiam;

2148 4336 2314 4391 simus
2354 4335 2533 4403 mites,
2573 4336 2909 4392 continentes
2952 4345 3008 4392 et
3049 4335 3309 4401 humiles;
3351 4343 3605 4389 sectemur
3642 4347 3713 4386 ea

2151 4441 2271 4497 qua:
2299 4426 2444 4494 pacis
2469 4434 2595 4482 sunt
2621 4435 2678 4482 et
2705 4425 3008 4492 charitatis;
3044 4435 3317 4483 teneamus
3361 4425 3513 4496 huius
3541 4424 3723 4482 Patris

476 4510 682 4606 altioris
705 4511 824 4565 vitae
852 4514 1044 4606 posita,
1070 4522 1205 4568 totas
1225 4513 1438 4568 Occidui
1470 4514 1774 4583 provincias
1804 4518 2052 4574 radiavit?
2080 4543 2134 4606 Β
2156 4519 2329 4574 nostri
2359 4530 2662 4590 praecepta;
2688 4532 2978 4590 sequamur
3006 4519 3249 4588 vestigia,
3280 4527 3337 4574 ut
3373 4531 3491 4573 cum
3523 4531 3590 4572 eo
3628 4531 3724 4586 pa-

476 4615 595 4670 quae
626 4598 854 4656 fortasse
895 4601 940 4656 si
979 4604 1114 4656 intra
1143 4604 1410 4671 spelunca:
1438 4619 1549 4659 sua:
1593 4620 1735 4675 sese,
1779 4617 1836 4664 ut
1863 4623 2054 4681 caepe-
2080 4598 2124 4606 ’⁷
2155 4611 2286 4665 riter
2306 4611 2496 4680 gaudia
2527 4625 2917 4682 consequamur
2938 4619 3164 4677 aeterna,
3185 4618 3469 4680 praestante
3500 4608 3722 4664 Domino

481 4700 585 4759 rat,
636 4691 910 4759 angustias
955 4693 1302 4760 occuluisset,
1359 4694 1628 4752 videretur
1677 4699 1859 4770 utique
1903 4702 2056 4770 quasi

476 4783 577 4837 sub
619 4782 821 4850 modio,
864 4783 968 4841 hoc
995 4793 1078 4840 est
1107 4799 1346 4841 censurae
1391 4789 1620 4857 propriae
1659 4805 1934 4859 mensura,
1963 4809 2052 4850 re-

483 4883 647 4940 tenta,
691 4883 783 4929 aut
824 4877 1025 4945 paucis,
1071 4887 1162 4931 aut
1209 4878 1370 4932 nullis
1419 4879 1642 4948 fulgoris
1684 4882 1831 4936 rutili
1881 4883 2055 4940 crines

479 4974 803 5035 aspergeret.
851 4967 977 5034 Sed,
1008 4967 1278 5036 aspirante
1306 4968 1437 5035 Deo,
1467 4984 1625 5040 supra
1673 4971 2049 5030 candelabrum

479 5059 757 5127 regiminis
786 5060 978 5129 posita,
1002 5061 1209 5117 cunctis
1243 5061 1460 5117 lustrari
1493 5063 1795 5120 volentibus
1831 5067 2052 5136 praecla-

481 5165 598 5204 rum
648 5151 824 5206 lumen
868 5151 1127 5220 exhibuit,
1160 5163 1217 5209 ut
1253 5153 1522 5227 hodieque
1564 5171 1662 5228 per
1701 5173 1890 5217 omnes
1918 5176 2054 5230 pene

482 5244 802 5300 Christianis
841 5245 1070 5302 cultibus
1109 5247 1315 5304 deditas
1355 5250 1624 5321 regiones,
1656 5253 1848 5310 auditis
1874 5262 2053 5312 tanto-

479 5351 600 5392 rum
645 5337 1024 5394 miraculorum
1059 5339 1335 5410 prodigiis,
1377 5343 1592 5414 cognito
1640 5352 1800 5401 tantae
1848 5345 2053 5404 lumine

479 5428 798 5496 sanctitatis,
829 5430 1202 5489 universorum
1235 5433 1302 5491 ad
1328 5450 1462 5505 quos
1507 5435 1623 5492 hzec
1650 5439 1929 5506 pervenire
1955 5453 2050 5495 va-

480 5584 831 5665 recitandam.
859 5585 934 5642 Ex
959 5586 1043 5665 his
1066 5588 1433 5665 intelligimus,
1460 5590 1742 5665 praedictas
1767 5591 1924 5665 Beda:
1956 5591 2053 5648 ho-

478 5656 651 5710 niilias
673 5658 850 5737 .aliter
888 5660 1028 5737 apud
1057 5656 1334 5737 Casina‘tes
1374 5656 1506 5737 tum“
1537 5662 1838 5737 dispositas
1859 5663 2047 5737 fuisse,

477 5729 724 5803 qtiam_iti
782 5729 990 5785 duobus
1042 5731 1344 5803 veterrimis
1390 5729 1666 5788 codicibus
1713 5729 2052 5790 bibliotheca

478 5793 605 5851 olim
632 5795 917 5869 Thuaneae,
955 5817 1095 5859 nunc
1123 5802 1466 5874 Colbertintc,
1514 5804 1567 5861 in
1607 5803 1797 5877 quibus
1823 5809 2050 5874 quadra-

2152 4716 2338 4766 nostro
2364 4708 2491 4765 Jesu
2511 4707 2750 4777 Christo,
2780 4708 2870 4778 qui
2900 4721 3023 4764 cum
3056 4706 3168 4764 Deo
3212 4706 3371 4762 Patre
3397 4705 3525 4760 vivit
3563 4714 3615 4761 et
3641 4718 3722 4759 τες

2151 4809 2279 4871 gnat
2305 4799 2447 4858 Deus
2474 4812 2568 4870 per
2599 4799 2777 4856 omnia
2798 4798 2994 4855 secula
3015 4798 3362 4856 saeculorum.
3388 4798 3584 4854 Amen.

2654 4912 2938 4970 HOMILIA
2979 4913 3240 4971 EADEM.

2154 5001 2224 5046 DE
2260 4997 2552 5044 SENTENTIA
2589 5000 2921 5042 EVANGELICA
2956 5001 3025 5040 ΕΤ
3064 5001 3130 5041 DE
3168 4999 3372 5043 SANC'I'O
3407 4997 3721 5044 BENEDIC‘I'O.

2569 5075 2666 5137 (Ex
2689 5077 2806 5127 Maii
2828 5077 2962 5126 Nova
2981 5075 3322 5142 Collectione.)
3358 5083 3366 5138 ί

2226 5160 2302 5218 De
2319 5161 2497 5219 verbis
2539 5161 2809 5232 Evangelii
2838 5160 3130 5217 secundum
3161 5161 3358 5217 Lucam
3405 5178 3420 5215 :
3469 5156 3725 5214 DixitJe-

2154 5268 2242 5309 sua
2261 5252 2524 5324 discipulis
2569 5255 2698 5320 suis,
2739 5269 2887 5308 nemo
2913 5254 3143 5308 accendit
3167 5254 3426 5308 lucernam
3460 5262 3506 5307 et
3529 5253 3582 5306 in
3610 5249 3728 5303 abs-

2155 5345 2363 5400 condito
2410 5344 2573 5415 ponit,
2616 5360 2777 5414 neque
2813 5345 2904 5398 sub
2935 5345 3128 5412 modio,
3174 5345 3264 5399 sed
3308 5360 3463 5414 super
3490 5338 3727 5396 candela-

2155 5434 2318 5503 brum,
2345 5443 2400 5489 ut
2428 5435 2514 5506 qui
2550 5435 2907 5506 ingrediuntur
2937 5435 3108 5492 lumen
3134 5436 3358 5491 videant.

2153 5591 2302 5664 ginta
2330 5607 2518 5648 novem
2550 5602 2755 5650 tantum
2797 5595 3034 5653 homilia:
3066 5597 3350 5664 habentur,
3377 5610 3478 5653 nec
3519 5609 3580 5652 ea
3612 5608 3732 5664 que

2155 5663 2552 5744 de_B_enedicto_
2583 5665 2812 5744 Biscopo
2853 5676 2956 5738 est,
3005 5670 3250 5728 ultimum
3284 5663 3510 5742 occupat
3534 5668 3735 5741 locum,

2152 5733 2250 5800 Sed
2275 5734 2670 5794 intermedium.
2693 5733 2951 5800 nam;
3418 5733 3436 5742 '
3531 5757 3534 5760 η
3633 5757 3636 5759 -
