4010 6334
346 265 442 294 ιιι-τ

343 283 438 318 ειη

1745 250 2064 307 ΙίΟΜΙΙΛέΕ.

3424 228 3559 298 trtis

374 377 460 432 Ea:
475 375 820 448 antiquissimo
843 382 890 430 et
915 374 1121 440 picturis
1136 373 1456 448 ornatissimo
1473 367 1776 448 codiqeolirn
1794 365 1888 420 ϐαι
1917 342 2033 425 Α’σὶ
2060 377 2174 416 vero
2201 379 2415 433 nequam
2437 361 2610 432 fuerit,
2638 362 2792 416 etiam
2817 377 3002 431 corpus
3051 369 3190 414 tuum
3240 358 3554 414 tenebrosum

305 449 513 513 sinensi,
539 442 710 520 postea
755 445 1216 520 Vaticano._l_nteri_e
1253 442 1649 520 Langobar‘t‘tiri's
1667 443 1876 518 scripto;

307 537 422 574 cum
442 513 676 587 sequente
705 517 1094 584 prrcfaziuncula
1123 515 1351 584 ejusdem
1395 513 1546 566 Pauli
1583 513 1802 562 diaconi.

199 676 220 692 ,
290 653 292 656 ν
382 626 709 691 Venerabilis
747 611 884 680 Deda
935 625 1209 696 presbyter
1251 624 1488 678 ultimam
1539 620 1879 672 homiliarum

309 732 522 772 suarum
550 755 566 779 ,
598 717 701 770 hoc
723 725 808 770 est
833 715 1346 794 quinquagesimam,
1377 706 1446 765 de
1472 713 1571 762 vita
1603 721 1656 762 et
1679 707 1882 762 actibus

308 807 585 876 cujusdam
602 797 868 860 Benedicti
899 803 1088 859 inclusi
1112 802 1192 856 sui
1217 800 1525 857 monaSIerii
1556 814 1688 868 pene
1720 795 1880 852 totum

310 901 599 964 contexuit,
626 912 741 968 qua:
771 892 948 964 utique
988 883 1203 950 minime
1254 894 1319 947 ad
1353 891 1632 964 legendum
1689 890 1884 944 nostris

310 1002 602 1058 congruere
651 985 930 1041 videbatur
972 985 1182 1037 olliviis.
1238 983 1346 1052 Ego
1374 983 1566 1036 Paulus
1621 979 1878 1034 diaconus

310 1088 580 1136 extremus
609 1077 749 1132 beati
783 1075 1046 1131 Benedicti
1090 1076 1360 1141 servulus,
1397 1090 1462 1128 ne
1488 1087 1744 1127 numerus
1772 1074 1885 1142 ipse

311 1170 790 1240 quinquagenarius
819 1167 1002 1220 harum
1031 1167 1363 1220 ltomiliarum
1391 1173 1532 1219 esset
1555 1165 1881 1229 deminutus,

313 1261 451 1316 lianc
486 1260 976 1330 quinquagesimam
1025 1257 1292 1311 homiliam
1323 1257 1388 1311 ad
1435 1258 1526 1312 Dei
1556 1257 1776 1324 gloriam
1834 1265 1888 1308 et

310 1350 626 1408 sanctissimi
659 1351 824 1403 Patris
851 1339 1118 1402 BenediCti
1153 1347 1396 1413 laudem,
1453 1346 1619 1416 gratia
1651 1359 1882 1414 superna

312 1429 649 1510 suffragante,
684 1437 976 1506 composui.

993 1548 1216 1599 Homilia.

385 1636 477 1692 H;s
512 1635 678 1690 sancti
727 1633 992 1703 Evangelii
1045 1633 1220 1688 verbis
1263 1643 1380 1702 qua:
1415 1631 1588 1712 modo
1627 1631 1890 1695 audisds,

1982 456 2096 508 erit.
2125 455 2202 516 Si,
2232 454 2421 522 inquit,
2477 470 2601 523 pura
2643 464 2896 522 rectaque
2925 452 3218 506 intentione
3255 467 3377 520 qua:
3404 460 3557 519 potes

1982 560 2139 613 agerc
2165 545 2296 596 hum
2323 545 2608 606 studueris,
2656 545 2786 596 lucis
2821 543 3059 612 profecto
3098 552 3222 596 sunt
3248 557 3406 608 Opera
3439 557 3558 611 quin

1985 633 2131 695 facis,
2181 634 2397 686 etiamsi
2433 647 2612 684 curtun
2647 632 2947 685 hominibus
2996 631 3412 699 ilnperfcctionis
3463 632 3556 684 all-

1985 724 2108 792 quitl
2139 725 2334 778 habere
2367 725 2666 783 videantur.
2711 725 2967 792 quoniam'
2991 713 3318 796 diligen'ibus
3358 721 3564 791 Deum,

1987 825 2043 871 ut
2090 819 2161 870 ait
2192 818 2498 882 Apostolus,
2547 817 2713 870 omnia
2742 821 3085 883 coeperantur
3138 819 3188 870 in
3233 819 3441 871 bonum.
3501 817 3561 871 Si

1986 917 2160 962 autem
2197 923 2439 975 perversa
2488 917 2571 961 est
2619 907 2839 961 intentio
2870 922 2990 975 qua:
3024 908 3293 974 przccedit,
3336 922 3559 976 pravum

1987 1005 2068 1050 est
2093 1013 2250 1050 onme
2277 1013 2408 1063 opus
2439 997 2580 1065 quod
2622 997 2864 1072 sequitur
2907 997 3148 1064 quamvis
3208 1005 3409 1052 rectum
3443 1011 3566 1052 esse

1989 1087 2246 1142 videatur.
2292 1088 2439 1154 Quod
2490 1086 2612 1155 quia
2667 1101 3005 1153 summopere
3055 1086 3207 1140 nobis
3258 1087 3556 1141 cavendum

1989 1187 2108 1244 est,
2167 1187 2349 1246 aperte
2379 1176 2586 1230 Veritas
2633 1175 2972 1230 admonendo
3025 1175 3296 1244 subiungit
3337 1176 3561 1231 dicens:

1998 1269 2126 1322 Vide
2145 1286 2262 1340 ergo
2301 1284 2363 1322 ne
2391 1269 2560 1322 tanien
2609 1269 2745 1335 quod
2777 1271 2826 1322 in
2868 1278 2915 1321 te
2943 1277 3014 1322 est
3044 1267 3262 1322 tenebrat
3290 1271 3423 1334 sint;
3457 1269 3558 1324 hoc

1990 1368 2092 1423 cst,
2120 1373 2184 1412 ne
2213 1359 2319 1426 ipsa
2353 1359 2529 1412 cordis
2559 1358 2830 1422 intentio,
2866 1373 2986 1426 qua:
3019 1357 3194 1412 lumen
3240 1369 3319 1412 est
3348 1343 3562 1426 animus,

1992 1451 2235 1504 vitiorum
2265 1452 2488 1519 caligine
2512 1450 2765 1514 fuscetur,
2791 1447 2976 1504 sedula
3006 1439 3301 1504 intentione
3337 1455 3562 1520 perpeti-

1994 1544 2080 1607 (lc,
2101 1543 2250 1611 juxta
2276 1545 2414 1613 quod
2455 1543 2575 1595 alibi
2605 1543 2907 1610 przrcipitur
2939 1561 2952 1595 :
2987 1543 3123 1596 omni
3153 1543 3385 1595 custodia
3419 1545 3558 1605 serva

1997 1644 2136 1687 tuum
2163 1651 2248 1686 cor
2270 1676 2286 1702 ,
2326 1637 2565 1701 quoniam
2592 1651 2655 1687 ea:
2686 1636 2796 1701 ipso
2823 1636 2925 1687 vita
2978 1637 3224 1703 procedit.
3268 1635 3519 1702 Sequitur
3551 1652 3567 1690 :

317 1726 508 1781 tratres
534 1724 819 1806 kalrissimi,
850 1731 1000 1792 putl'o
1045 1725 1292 1792 superius
1323 1724 1389 1778 de
1410 1705 1604 1777 .Iudmis
1627 1737 1730 1774 non
1760 1737 1880 1775 cre-
1918 1705 1962 1776 Β
1993 1725 2052 1777 Si
2087 1742 2203 1792 ergo
2225 1741 2408 1794 corpus
2431 1737 2570 1777 tuum
2585 1726 2810 1778 lucidum
2832 1725 2983 1794 fecerit
3005 1742 3104 1778 non
3129 1725 3316 1780 habens
3339 1729 3568 1795 aliquam

316 1817 564 1872 dentibus
596 1815 848 1868 Dominus
877 1814 1128 1883 prastnisit
1167 1814 1352 1868 dicens
1385 1831 1396 1865 :
1431 1812 1700 1867 Generatio
1731 1811 1838 1864 lucc
1869 1851 1884 1878 ,

317 1913 576 1982 generatio
617 1909 831 1979 nequam
862 1920 972 1972 est;
1020 1910 1222 1976 signqu
1246 1909 1428 1976 quierit
1479 1917 1524 1958 et
1557 1907 1754 1975 signum
1785 1919 1886 1956 non

319 2003 524 2056 dubitur
551 2003 618 2066 ei,
649 1995 745 2054 nisi
771 2001 966 2069 signum
991 1997 1160 2052 lente.
1194 1999 1256 2051 Et
1282 2010 1400 2065 post
1432 2011 1593 2064 pauca
1629 2012 1752 2047 tnux
1787 1993 1886 2048 sub

321 2093 499 2160 specie
530 2095 724 2160 regina:
779 2091 941 2144 au~tri
975 2100 1248 2143 venturam
1290 2089 1354 2141 ad
1405 2088 1561 2140 (idem
1596 2086 1890 2140 Ecclesium

320 2183 654 2251 tangentibus
686 2181 1026 2244 annuntians,
1059 2183 1130 2231 ait
1165 2197 1176 2231 ε
1218 2176 1417 2247 Regina
1445 2177 1607 2229 austri
1649 2183 1817 2242 surget
1844 2177 1896 2228 in

317 2278 511 2347 judicio
535 2275 648 2329 eum
677 2277 800 2328 viris
846 2275 1181 2344 generationis
1221 2272 1400 2342 hujus,
1455 2281 1499 2324 et
1545 2270 1899 2323 condemnabit

321 2372 460 2433 illos,
493 2370 612 2436 quia
642 2368 771 2421 venit
799 2385 827 2418 a
851 2366 1040 2434 ﬁnibus
1071 2375 1219 2418 teme
1247 2364 1430 2416 audire
1460 2363 1763 2433 sapientiam
1797 2361 1900 2416 Sa-

323 2463 577 2526 (omanis;
609 2471 652 2514 et
679 2475 791 2513 ecce
829 2457 942 2528 plus
969 2474 1118 2527 quam
1159 2457 1411 2511 Salomon
1457 2456 1557 2508 hic.
1592 2454 1664 2508 Ex
1709 2453 1897 2506 horum

324 2555 502 2622 itaque
533 2551 812 2604 occasiOne
863 2549 1169 2616 verborum,
1218 2548 1338 2617 quia
1365 2548 1570 2600 scilicet
1595 2545 1899 2599 Judacorum

325 2653 530 2710 aperte,
565 2642 816 2695 Ecclesia:
856 2653 984 2694 vero
1015 2639 1204 2708 typice,
1258 2638 1465 2693 Veritas
1509 2639 1706 2690 fecerat
1754 2650 1899 2688 men.

327 2736 550 2797 tionem,
586 2716 760 2804 sciens
785 2731 1020 2798 proiecto
1051 2729 1427 2782 incarnationis
1452 2742 1560 2781 sua:
1594 2727 1902 2795 mysterium

332 2823 500 2879 multo
545 2807 706 2890 inagis
732 2819 974 2888 gentibus
1003 2834 1158 2886 quam
1187 2815 1379 2874 Judaeis
1408 2818 1734 2886 profuturum
1760 2857 1774 2882 ,
1803 2817 1905 2868 hoc

332 2915 470 2984 quod
504 2915 660 2968 modo
693 2915 883 2966 lectum
913 2919 994 2965 est
1034 2908 1308 2964 subintulit
1353 2909 1535 2963 dicens
1574 2924 1587 2961 ;
1633 2909 1793 2960 Nemo
1823 2908 1904 2960 tu-

335 3022 541 3061 cernam
593 3005 843 3066 accendit,
873 3011 942 3070 “et
981 3002 1032 3054 in
1061 3000 1360 3054 abscondito
1409 3000 1572 3067 ponit,
1605 3014 1767 3068 neque
1807 2997 1900 3050 sub

343 3099 514 3151 modio
544 3137 560 3161 ,
607 3096 694 3150 sed
739 3063 896 3164 super
928 3092 1310 3150 candelabrum.
1362 3063 1652 3143 Lucernam
1681 3063 1904 3156 ⁷(ιιιῑιψεε
1933 3063 1978 3122 C

344 3188 600 3242 Dominus
630 3186 902 3250 accendit,
939 3198 1056 3237 cum
1091 3191 1278 3236 testam
1329 3178 1623 3248 fragilitatis
1663 3176 1908 3246 humana:

343 3283 553 3336 tlauima
587 3294 698 3333 suae
749 3275 1036 3331 divinitatis
1065 3271 1302 3342 implevit
1329 3285 1522 3340 :quam
1569 3267 1802 3350 profecto
1834 3266 1911 3320 lu-

339 3385 576 3436 “cernam,
599 3369 698 3424 huc
719 3379 800 3423 est
821 3353 1182 3436 splenditicatn
1207 3378 1315 3417 sua:
1332 3359 1706 3415 incarnationis
1731 3357 1911 3422 ﬁdem,

346 3479 446 3518 nec
469 3462 809 3518 credentibus
839 3458 1200 3520 abscondere,
1245 3470 1340 3510 nec
1375 3455 1551 3508 modio
1589 3453 1909 3521 subponere,

341 3556 397 3611 id
429 3565 510 3608 est
559 3567 805 3606 mensura
857 3549 986 3617 legis
1017 3549 1306 3612 includere,
1338 3547 1421 3601 vel
1470 3545 1601 3600 intra
1648 3546 1797 3597 unin~
1825 3543 1901 3598 λιιι

343 3648 408 3698 du
427 3661 472 3698 ac
495 3644 669 3712 gentis
696 3643 858 3694 voluit
885 3640 1139 3694 terminos
1167 3638 1453 3700 cohibere;
1484 3637 1575 3690 sed
1596 3642 1768 3704 potius
1789 3635 1916 3688 sub-

345 3730 498 3788 lectis
543 3733 643 3785 sibi
677 3730 916 3798 gentium
963 3729 1172 3796 pupulis
1215 3727 1440 3789 trudere,
1471 3739 1669 3792 eosque
1708 3725 1919 3776 sibimet

348 3824 554 3877 arctius
576 3819 892 3876 illustrando
924 3820 1095 3871 unirc.
1126 3811 1516 3870 Candelabrum
1537 3814 1780 3868 videlicet
1805 3828 1920 3866 san-

347 3929 486 3970 ctam
529 3911 822 3967 Ecclesiam
853 3909 1182 3979 significans,
1216 3907 1298 3960 cui
1332 3906 1602 3960 lucernam
1658 3919 1919 3972 superpo-

347 4007 489 4070 suit,
522 4005 643 4072 quia
687 4000 884 4056 nostris
926 3999 977 4052 in
1009 3996 1267 4050 frontibus
1317 3996 1472 4050 tidem
1520 4008 1629 4049 sua:
1676 3995 1922 4046 incarna-

347 4095 506 4150 tionis
559 4091 745 4145 attixit.
793 4087 1125 4154 Causamque
1157 4085 1418 4154 protinus,
1451 4098 1546 4136 cur
1587 4083 1801 4136 lucerna
1833 4097 1923 4135 su-

353 4193 449 4254 per
469 4181 844 4237 candelabrum
879 4177 998 4247 poni
1026 4176 1276 4239 deberet,
1308 4174 1578 4227 insinuans
1625 4172 1922 4239 subjunxit,

351 4286 408 4331 ut
433 4276 519 4345 qni
551 4270 918 4339 ingrediuntur
963 4267 1140 4320 lumen
1187 4265 1420 4328 videant,
1450 4263 1500 4316 id
1525 4271 1605 4316 est
1641 4271 1695 4314 ut
1723 4259 1811 4330 qui
1844 4274 1926 4315 ec-

1992 1822 2187 1885 partem
2225 1813 2563 1878 tenebrarum,
2597 1816 2688 1867 erit
2719 1816 2942 1866 lucidum
2981 1822 3144 1867 totum
3172 1854 3187 1878 ,
3221 1824 3268 1866 et
3316 1815 3447 1866 sicut
3490 1815 3570 1868 lu-

1994 1904 2145 1956 cerna
2173 1904 2391 1974 {uigoris
2422 1905 2734 1957 ittuminabit
2774 1917 2850 1959 te.
2881 1905 3074 1958 Totum
3105 1918 3300 1972 corpus
3332 1915 3571 1958 nostrum

1995 1997 2170 2048 onn‘iia
2201 2011 2359 2062 opera
2402 1981 2583 2050 nostra
2615 1998 2765 2062 dicit,
2825 1997 2946 2065 quia
2979 2005 3036 2050 et
3068 1996 3354 2060 Apostolus
3404 2012 3576 2050 mctn-

1999 2089 2089 2140 bra
2121 2097 2298 2139 nostra
2341 2098 2611 2154 nuncupat
2642 2089 2888 2156 qnmtlam
2923 2102 3083 2152 Opera
3116 2103 3232 2154 qum
3264 2089 3529 2156 improbat
3558 2133 3571 2153 ,

1999 2188 2054 2233 et
2097 2180 2464 2232 mortificanda
2523 2183 2762 2246 prtccipit
2813 2178 3000 2232 dicens
3049 2195 3062 2230 :
3107 2177 3417 2244 Mortificate
3459 2195 3576 2249 ergo

1999 2270 2226 2323 membra
2255 2282 2415 2323 vestra
2442 2285 2555 2339 qutc
2597 2281 2716 2323 sunt
2741 2287 2891 2337 super
2913 2281 3100 2324 terram
3149 2271 3580 2341 fornicationem,

2002 2359 2413 2426 immunditiam,
2452 2361 2820 2424 libidinem,et
2847 2370 3038 2414 caetera
3074 2360 3222 2416 talia.

2072 2453 2126 2507 Si
2150 2451 2327 2523 igitur,
2368 2451 2538 2520 inquit
2579 2453 2715 2521 ipse,
2768 2453 2964 2506 bonum
2993 2453 3128 2507 bona
3159 2455 3452 2509 intentione
3483 2471 3578 2526 pa—

2005 2545 2224 2601 traveris
2255 2561 2358 2599 non
2388 2545 2592 2599 habens
2625 2549 2674 2599 in
2705 2556 2790 2599 tua
2818 2547 3142 2600 conscientia
3172 2547 3399 2616 aliquam
3453 2563 3571 2617 par-

2007 2648 2110 2692 tem
2150 2619 2447 2692 tencbrosze
2495 2638 2832 2705 cogitationis
2857 2680 2871 2703 ,
2925 2640 3134 2694 etiamsi
3176 2641 3456 2709 contigerit
3482 2641 3582 2694 ali-

2007 2745 2161 2800 quem
2208 2730 2574 2798 pt‘oximorum
2610 2736 2694 2781 tua
2743 2729 2879 2782 bona
2918 2734 3126 2783 actione
3169 2734 3382 2794 noceri:
3429 2733 3579 2786 verbi

2007 2819 2172 2891 gratia
2192 2860 2208 2884 ,
2249 2819 2292 2873 si
2335 2818 2401 2872 de
2429 2819 2651 2886 pecunia
2682 2831 2839 2886 quam
2871 2831 2899 2870 a
2943 2827 2992 2872 te
3032 2819 3272 2887 indigens
3303 2829 3584 2888 acceperat

2008 2910 2131 2966 mali
2157 2907 2352 2978 aliquid
2384 2907 2571 2962 fecerit
2595 2909 2672 2961 vel
2717 2923 2902 2976 passus
2931 2908 3105 2975 fuerit,
3131 2920 3221 2962 aut
3247 2911 3288 2963 si
3326 2910 3391 2963 de
3421 2913 3583 2964 verbo

2009 2999 2396 3054 exhortationis
2423 3040 2438 3064 ,
2474 3015 2578 3068 quo
2605 3008 2870 3052 errantem
2895 3000 3158 3066 corrigere
3189 3001 3418 3062 volebas,
3447 3001 3584 3056 forte

2011 3093 2356 3162 perniciosius
2410 3093 2684 3156 erraverit,
2733 3101 2963 3145 attamen
2997 3106 3092 3160 pro
3121 3103 3208 3145 tuo
3255 3093 3483 3162 simplici
3527 3105 3582 3147 et

2010 3185 2185 3239 lucido
2214 3185 2378 3238 corde
2425 3185 2512 3237 hic
2541 3194 2594 3238 et
2625 3185 2674 3236 in
2705 3184 2878 3236 futuro
2910 3185 3040 3237 lucis
3062 3185 3227 3253 gratia
3258 3185 3542 3240 donaberis
3563 3225 3581 3252 ,

2011 3286 2063 3331 et
2089 3276 2156 3330 de
2185 3277 2390 3344 fulgore
2422 3276 2652 3343 propria:
2681 3273 2909 3328 actionis
2960 3286 3174 3329 aeternae
3219 3277 3586 3330 retributionis

2012 3366 2308 3422 clarita'em
2341 3365 2617 3435 percipies.
2649 3366 2816 3428 Unde,
2847 3367 3036 3421 fratres
3058 3366 3342 3432 karissitni,
3374 3372 3590 3422 studea-

2015 3475 2133 3513 mus
2163 3469 2216 3513 et
2251 3459 2347 3526 ipsi
2379 3475 2474 3528 per
2504 3458 2600 3513 Dei
2631 3462 2852 3528 gratiam
2895 3459 3128 3514 lucerna:
3166 3475 3288 3516 esse
3317 3462 3588 3528 ardentes,

2018 3553 2216 3620 Deique
2265 3552 2486 3605 domum
2535 3551 2953 3618 ingredientibus
3007 3553 3264 3620 proximis
3325 3554 3588 3608 bonorum

2017 3645 2263 3712 exetnplo
2293 3643 2465 3698 lucem
2517 3645 2754 3709 praebere
2787 3658 2801 3695 :
2833 3644 3140 3695 Studeamus
3165 3654 3217 3697 et
3263 3643 3395 3698 lucis
3413 3647 3593 3714 operi-

2019 3739 2118 3794 bus
2157 3740 2436 3802 inservire,
2464 3747 2515 3792 et
2545 3739 2745 3792 sollerti
2777 3738 2954 3791 studio
2978 3755 3042 3792 ne
3071 3725 3344 3806 perversa'
3367 3739 3591 3792 intentio

2019 3834 2175 3890 bonis
2204 3846 2263 3888 se
2294 3833 2487 3886 nostris
2512 3830 2713 3885 aclibus
2744 3833 2961 3897 inserat,
2983 3841 3298 3898 praecavere.
3317 3831 3398 3887 Sit
3420 3833 3588 3886 nostri

2021 3921 2199 3977 cordis
2250 3921 2470 3975 intentio
2500 3937 2626 3988 pura
2682 3936 2894 3987 semper
2940 3929 2994 3974 et
3037 3921 3289 3988 simplex,
3344 3929 3398 3975 ut
3441 3922 3600 3975 totius

2024 4013 2188 4068 nostri
2220 4016 2398 4082 operis
2425 4015 2564 4066 actio
2605 4021 2660 4066 et
2703 4013 2844 4065 clara
2874 4013 3012 4082 apud
3045 4012 3311 4066 internum
3361 4013 3594 4081 judicetn

2024 4107 2198 4160 valeat
2263 4105 2547 4172 inveniri,
2606 4114 2660 4158 et
2723 4103 2897 4171 digna:
2965 4102 3408 4158 remunerationis
3481 4104 3598 4157 luce

2029 4199 2232 4252 vestiri;

2100 4289 2222 4343 Hec
2264 4290 2316 4342 in
2365 4288 2693 4356 expositione
2732 4288 2972 4343 lectionis
3011 4289 3332 4358 evangelica:
3361 4288 3598 4344 breviter

349 4373 567 4428 clesiam
599 4367 829 4421 lideliter
854 4363 1058 4460 ingredi
1083 4362 1367 4460 vol-tternint,
1394 4362 1572 4414 lumen
1600 4361 1836 4460 veritatis
1868 4368 1921 4412 ct
1955 4403 2004 4460 υ
2028 4381 2276 4434 diximus,
2311 4380 2427 4434 jam
2467 4395 2594 4432 ww
2613 4379 2730 4447 quia
2764 4379 2900 4432 beati
2933 4379 3096 4447 patris
3127 4380 3292 4434 nosm
3324 4378 3600 4435 Benedicti

353 4460 473 4514 ﬁdei
507 4458 678 4526 palam
726 4455 936 4507 valeant
987 4453 1204 4505 intueri.
1251 4451 1362 4516 Qua
1411 4449 1672 4503 sententia
1712 4439 1924 4503 Judaeu—

352 4565 467 4604 rum
499 4563 708 4619 quoque
755 4546 1041 4616 progenies
1065 4543 1468 4606 condemnatur,
1499 4545 1584 4611 qui
1617 4543 1741 4596 dum
1773 4545 1924 4610 signa

353 4649 596 4708 qurerunt
643 4638 894 4702 exterius,
938 4643 1178 4704 apertam
1225 4633 1352 4686 lucis
1380 4631 1595 4703 jauuam
1639 4635 1929 4686 noluerunt

354 4727 555 4782 intrare
584 4726 876 4780 credendo.

425 4835 532 4892 Sed
577 4835 695 4903 quia
754 4838 1096 4902 semetipsum
1161 4836 1306 4905 prius
1356 4835 1606 4889 Dominus
1654 4835 1926 4891 lucernam

357 4928 601 4997 dignatus
628 4932 712 4980 est
738 4939 1004 4989 asserere,
1035 4928 1306 4995 quomodo
1337 4928 1572 4982 lucernae
1607 4930 1925 4982 vocabulum

356 5023 516 5075 etiam
535 5019 730 5074 electis
750 5017 865 5085 ejus
894 5017 1060 5085 possit
1087 5020 1276 5085 aptari,
1309 5019 1586 5074 subdentlo
1605 5018 1925 5085 manifestat,

357 5127 477 5166 cum
507 5109 669 5164 dicit:
703 5107 936 5161 Lucerna
971 5110 1196 5176 corporis
1223 5109 1295 5161 tui
1323 5119 1394 5161 est
1430 5112 1605 5162 oculus
1626 5118 1762 5162 tuus.
1793 5109 1930 5165 Cor-

363 5217 459 5269 pus
486 5200 678 5270 quippe
727 5213 887 5266 opcra
920 5208 1100 5250 nostra
1128 5199 1238 5250 vult
1275 5199 1534 5268 intelligi,
1589 5215 1707 5268 quae
1761 5201 1932 5267 palam

361 5296 567 5348 cunctis
605 5303 858 5361 apparent
887 5309 900 5344 :
940 5292 1152 5344 oculum
1183 5307 1310 5345 vero
1350 5293 1519 5360 ipsam
1549 5294 1739 5347 mentis
1762 5295 1937 5348 inten-

365 5387 565 5436 tionem
595 5397 710 5450 quas
760 5390 1050 5449 operatur;
1107 5390 1160 5434 et
1205 5381 1274 5434 de
1323 5383 1476 5449 cujus
1524 5387 1713 5437 merito
1752 5385 1940 5438 eadem

365 5489 528 5544 opera
570 5474 702 5528 lucis
747 5489 813 5527 an
845 5473 1184 5527 tenebrarum
1224 5473 1331 5526 sint
1359 5489 1520 5544 opera
1549 5476 1940 5542 discernantur,

367 5569 504 5620 sicut
552 5567 665 5635 ipse
707 5579 1096 5636 consequenter
1139 5568 1382 5634 exposuit
1419 5569 1640 5625 dicens:
1669 5571 1731 5626 Si
1767 5572 1944 5626 acutus

369 5668 484 5712 tuus
515 5659 668 5726 fuerit
691 5657 912 5722 simplex
935 5696 950 5722 ,
985 5668 1146 5710 totum
1177 5675 1362 5729 corpus
1391 5670 1532 5715 tuum
1559 5662 1786 5716 lucidum
1811 5665 1943 5732 erit;

655 5771 927 5830 Ρλτιιοι..
960 5769 1144 5830 κεν.

2029 4471 2168 4530 diem
2199 4471 2614 4526 sacratissimum
2654 4473 2878 4524 colimus
2904 4513 2919 4537 ,
2963 4485 3068 4539 quo
3089 4470 3180 4525 ille
3221 4485 3447 4524 corusco
3485 4479 3596 4524 tra-

2028 4563 2159 4618 mite
2186 4563 2427 4632 migravit
2452 4563 2516 4616 ad
2547 4563 2730 4627 caelos,
2775 4563 3054 4618 videamus
3085 4578 3152 4617 an
3179 4563 3457 4630 prasentis
3490 4563 3602 4616 lec-

2032 4657 2191 4713 tionis
2243 4657 2432 4722 series,
2460 4655 2576 4725 ejus
2606 4656 2778 4709 valeat
2809 4656 2933 4709 vita:
2963 4655 3046 4709 vel
3073 4657 3277 4709 meritis
3293 4669 3604 4710 convemre.

2031 4749 2138 4805 Sed
2182 4749 2310 4803 libet
2360 4750 2505 4816 prius
2558 4762 2718 4815 pauca
2746 4751 2907 4800 etiam
2935 4745 3005 4801 de
3041 4747 3270 4800 Matthzei
3319 4745 3610 4812 Evangelia

2034 4853 2327 4902 assumere,
2362 4853 2479 4906 quae
2505 4838 2634 4889 satis
2664 4834 2790 4890 huic
2817 4844 3020 4889 certum
3051 4844 3134 4889 est
3169 4849 3462 4903 congruere
3491 4834 3606 4888 lec-

2036 4928 2186 4992 tioni,
2236 4937 2396 4997 atque
2425 4929 2580 4997 hujus
2615 4939 2720 4980 tam
2750 4926 2993 4981 sublimis
3019 4927 3120 4980 viri
3147 4927 3440 4995 astipulare
3472 4941 3608 4994 prae-

2035 5025 2226 5080 coniis.
2259 5023 2442 5080 Refert
2483 5037 2712 5090 namque
2753 5023 2940 5076 beatus
2965 5020 3288 5090 evangelista
3331 5021 3612 5075 Mattha-us

2039 5114 2235 5169 dixisse
2274 5117 2414 5168 inter
2440 5123 2617 5168 cetera
2665 5112 2946 5166 Dominum
2995 5111 3270 5180 discipulis
3304 5129 3318 5166 :
3354 5111 3456 5167 Vos
3485 5115 3607 5168 estis

2039 5204 2118 5258 sat
2169 5215 2352 5266 terra;
2407 5213 2459 5256 et
2506 5217 2765 5256 rursum:
2805 5201 2907 5256 Vos
2946 5202 3066 5255 estis
3114 5203 3208 5256 tua!
3236 5205 3436 5257 mundi.
3485 5204 3614 5270 Quis

2041 5293 2237 5362 potius,
2291 5293 2482 5346 fratres
2534 5291 2836 5356 tiaris-simi,
2889 5302 3009 5362 post
3055 5305 3268 5347 sanctos
3317 5293 3616 5362 apostolos,

2038 5399 2197 5453 quam
2238 5381 2325 5437 hic
2357 5383 2694 5437 beatissimus
2723 5385 2896 5436 ‘l‘ater
2945 5394 3146 5452 noster,
3179 5385 3306 5438 satis
3330 5385 3467 5438 valet
3515 5399 3616 5438 no-

2039 5473 2184 5527 tuine
2234 5472 2530 5542 appellari!
2560 5473 2646 5540 qui
2693 5473 2762 5527 ab
2808 5473 2937 5528 urbe
2980 5485 3287 5543 segregatus
3328 5471 3616 5539 Romulea,

2042 5577 2290 5637 tanquam
2329 5570 2398 5621 ab
2428 5568 2762 5621 instalnlibus
2790 5569 3093 5638 amarisquc
3123 5569 3294 5638 pelagi
3326 5566 3615 5632 ﬂuctibus,

2045 5662 2170 5718 dum
2211 5665 2346 5718 intra
2377 5677 2566 5732 specus
2591 5663 2670 5716 sui
2693 5677 2812 5717 sese
2842 5664 3098 5717 ambitum
3143 5662 3334 5724 tenuit,
3366 5659 3619 5728 quicquid

2990 5775 3065 5835 50
