4010 6334
438 335 576 389 ibi!)

1303 321 1502 378 PAULI
1543 317 1810 373 DIACO‘NI
1850 311 2002 368 OPP.
2046 309 2219 364 PARS
2260 309 2320 361 ΙΙ.
2364 337 2426 346 -
2466 301 2820 360 ASCETICA.

3559 274 3697 347 tsso

431 430 510 480 vel
545 424 806 478 modicum
839 437 901 473 ex
947 417 1223 471 mundanae
1250 413 1559 468 mobilitatis
1587 412 1790 478 liquore
1825 407 2019 458 habere
2049 409 2092 463 Λ
2123 399 2247 464 sita,
2308 407 2444 449 totas
2471 394 2675 449 occidui
2707 388 3006 461 provincias
3039 387 3301 441 radiavit?
3331 386 3460 450 Quae
3504 383 3550 438 si
3588 384 3694 437 for-

432 525 655 586 potcrat,
698 512 750 564 itt
803 510 930 564 salis
954 507 1277 561 soliditatem
1329 502 1696 567 rationemque
1741 494 1964 548 mutavit
1995 537 2008 559 ,

431 610 652 674 verique
703 604 832 656 solis
884 599 1048 654 radiis
1080 613 1172 665 per
1222 592 1482 648 castitatis
1534 591 1792 643 fervorem
1843 596 2013 638 torre-

429 701 452 751 f
460 709 627 758 actus,
671 693 735 747 ad
775 691 995 758 jttstitiar
1028 687 1320 741 candorem
1354 682 1593 749 pervenit
1621 697 1630 731 :
1663 679 1750 748 qtti
1797 691 1899 755 tton
1926 690 2016 728 so-

429 793 540 845 lt'tm
572 800 694 842 tunc
733 783 997 855 corporali
1047 780 1329 851 praesentia
1373 778 1660 830 multorum
1701 771 1801 841 piis
1831 768 2012 822 verbis

427 883 510 935 vel
540 880 747 933 actibus
795 877 955 929 vitam
985 873 1237 936 condivit,
1281 869 1374 923 sed
1401 881 1567 937 usque
1596 866 1658 918 ad
1693 871 2008 932 praesentem

427 973 566 1028 diem
617 985 850 1041 praesens
899 967 1088 1036 spiritu
1147 981 1250 1017 non
1315 970 1516 1014 tantum
1572 968 1809 1011 nostrum
1849 953 2013 1007 Colle-

425 1068 590 1132 gitttn,
639 1063 732 1116 sed
786 1077 878 1130 per
921 1069 1086 1111 totum
1120 1057 1348 1108 maxime
1375 1052 1714 1107 Occidentem
1752 1060 1878 1100 suos
1926 1056 2010 1096 sc-

425 1172 623 1225 quaces
662 1153 832 1208 erudit
867 1150 999 1220 :qni
1033 1163 1124 1216 per
1174 1147 1440 1201 salubrem
1502 1141 1826 1206 rationisque
1885 1135 2006 1202 ple-

427 1264 548 1301 nztm
579 1256 774 1298 sanctae
799 1240 1148 1296 institutionis
1177 1255 1285 1291 sua:
1329 1234 1562 1304 regulam
1617 1233 1772 1283 vitam
1806 1240 1998 1281 carna-

427 1341 564 1394 lium
616 1334 974 1390 dissolutionis
1007 1333 1122 1386 labe
1153 1330 1381 1384 tabidam
1434 1323 1800 1392 restringenda
1851 1332 2006 1373 revo-

428 1440 517 1485 cat
547 1431 609 1484 ad
641 1429 888 1482 salutem.
919 1426 1082 1494 CujUs
1135 1419 1469 1476 discretionis
1511 1430 1756 1477 censura,
1807 1413 1905 1464 etsi
1941 1420 1998 1463 ιιι

427 1522 553 1594 salis
596 1520 803 1588 species
849 1517 1012 1584 plagis
1050 1513 1254 1566 videtur
1298 1507 1730 1564 crndesccntibus
1760 1513 1994 1564 austera,

427 1623 630 1666 certum
664 1622 838 1662 tamen
869 1617 948 1661 cst
978 1604 1115 1675 quod
1153 1603 1373 1656 tolerata
1417 1597 1699 1668 patientius
1727 1594 1991 1647 caelestem

427 1702 668 1758 conferat
696 1697 1009 1754 medicinam
1040 1736 1052 1749 .
1750 1704 1752 1708 τ

499 1818 673 1878 Unde,
731 1814 921 1866 fratres
975 1806 1265 1868 karissimi,
1321 1803 1579 1872 siquando
1639 1801 1775 1854 forte
1825 1793 2002 1849 acrius
2037 1775 2078 1832 Β
2112 1767 2209 1878 Pus

424 1924 453 1962 a
497 1908 714 1976 praelato
764 1905 917 1959 nobis
948 1903 1103 1957 Patre
1130 1939 1146 1965 ,
1187 1915 1282 1954 seu
1313 1897 1377 1951 ab
1425 1897 1488 1949 iis
1517 1893 1605 1962 qui
1652 1893 1718 1945 ab
1756 1906 1820 1944 eo
1851 1888 2002 1942 nobis

427 2007 841 2066 prmponuntur,
901 1990 1214 2061 regulariter
1264 1990 1630 2056 castigantur,
1679 1990 1825 2034 tanto
1871 1979 2006 2030 hanc

428 2090 682 2144 humilius
711 2089 909 2142 illatam
941 2094 1211 2153 perpetuac
1233 2081 1419 2134 salutis
1442 2075 1705 2130 medelam
1726 2087 1821 2126 nos
1835 2067 2004 2122 susci-

431 2200 559 2252 pere
597 2183 882 2244 convenit,
926 2187 1124 2248 quanto
1173 2175 1290 2229 sine
1333 2171 1494 2225 dubio
1539 2167 1692 2221 nobis
1742 2160 2004 2218 credenda

423 2287 507 2329 cst
536 2275 796 2346 gehennae
837 2270 1103 2339 supplicia
1147 2267 1409 2335 mitigare.
1442 2261 1568 2328 Quis
1615 2257 1802 2326 magis,
1837 2265 1894 2307 ut
1923 2253 2006 2305 di-

425 2382 549 2422 cere
578 2379 915 2432 caaperamus
943 2405 958 2429 ,
1007 2377 1164 2431 quam
1200 2361 1284 2412 hic
1317 2356 1472 2409 index
1513 2351 1758 2404 arctiotis
1793 2348 1921 2408 viae,
1954 2354 2006 2397 ιιι

427 2461 560 2512 lucis
597 2458 774 2526 jubar,
807 2454 1006 2508 mundo
1039 2447 1412 2519 reSplcndutt?
1438 2447 1524 2512 qui
1577 2444 1696 2494 vitae
1730 2438 1930 2492 meritis
1957 2447 2011 2491 et

427 2550 802 2602 miraculorum
836 2544 1226 2613 multiplicitate
1259 2557 1366 2593 non
1411 2538 1582 2593 solum
1619 2547 1742 2588 tunc
1768 2531 2008 2592 cmiCuit,

424 2641 517 2692 Sed
555 2639 816 2693 hactenus
866 2638 1285 2702 circomquaque
1313 2626 1678 2684 excrescendo
1728 2623 2010 2678 clarescit?

427 2735 679 2790 Testatur
708 2735 808 2788 hoc
839 2732 978 2802 quod
1007 2730 1273 2798 loquimur
1305 2739 1493 2778 recens
1520 2720 1646 2774 illud
1674 2717 2010 2781 miraculum,

423 2831 565 2898 quod
597 2839 722 2880 ante
775 2829 875 2879 hoc
905 2824 1074 2878 ferme
1129 2819 1446 2875 decennium
1478 2824 1687 2885 gestum
1721 2811 2011 2878 multisque

427 2939 609 2977 verum
655 2931 736 2977 est
765 2922 1036 2990 cognitum
1069 2937 1077 2969 :
1110 2931 1312 2970 mututn
1345 2914 1550 2968 scilicet
1593 2921 1718 2966 ante
1751 2909 1852 2960 hoc
1891 2920 2012 2960 cur-

428 3031 528 3084 pus
553 3013 973 3070 sacratissimum
1019 3009 1184 3063 fuisse
1221 3008 1476 3060 locutum.
1513 3004 1631 3058 Mox
1655 3001 1798 3056 enim
1823 3006 1880 3051 ut
1905 2996 2013 3049 Be-

429 3108 624 3163 nedicti
653 3121 810 3176 opem
845 3103 969 3158 totis
995 3102 1131 3155 Votis
1176 3099 1418 3169 expetiit,
1465 3097 1656 3164 linguae
1686 3097 2007 3147 consecutus

426 3213 510 3256 est
537 3201 772 3255 cilicium
803 3215 818 3251 ι
847 3206 901 3251 et
935 3197 1022 3266 qni
1057 3194 1253 3247 nullum
1286 3207 1349 3246 ex
1389 3190 1478 3244 die
1505 3197 1655 3242 ortus
1681 3184 1764 3238 sui
1786 3183 2004 3237 verbum

426 3295 590 3349 edete
621 3300 866 3360 poterat,
898 3289 1037 3358 quod
1087 3295 1170 3340 est
1210 3280 1580 3338 admirandutn
1611 3275 2003 3338 vehementius,

430 3403 536 3439 non
590 3387 762 3439 solum
815 3382 1078 3449 loquelam
1123 3379 1388 3446 pr0priam
1416 3415 1430 3440 ,
1471 3373 1571 3425 hoc
1592 3379 1675 3426 est
1703 3367 2007 3428 barbaram,

428 3479 590 3546 cmpit
619 3475 787 3536 ell'ari,
823 3474 914 3525 sed
967 3473 1122 3524 simul
1155 3471 1312 3522 etiam
1341 3477 1395 3520 et
1433 3465 1670 3518 latinam.
1705 3461 1858 3514 Plura
1888 3464 2010 3510 sunt

429 3582 482 3622 et
503 3571 670 3624 relatu
705 3566 861 3631 digna
887 3607 898 3626 ,
935 3579 1051 3631 qua:
1095 3575 1187 3628 per
1217 3575 1336 3612 cutn
1381 3555 1579 3610 cotidie
1613 3551 1854 3606 Christus
1883 3548 2014 3602 efli-

427 3673 521 3727 ett,
550 3675 666 3727 quae
709 3655 942 3725 propria,
999 3652 1110 3706 Deo
1141 3649 1403 3719 praesule,
1456 3645 1598 3700 serie
1632 3651 1822 3696 vestra:
1881 3653 2010 3707 pan-

428 3755 604 3806 denda
631 3752 756 3805 suitt
781 3746 1014 3800 caritati.

501 3863 630 3931 Quis
675 3862 865 3930 igitur,
918 3867 974 3910 ιιι
1003 3864 1174 3923 erepta
1225 3863 1642 3921 persequamur,
1681 3843 2010 3913 simpliciore

429 3972 587 4025 quam
640 3957 738 4006 iste
781 3950 960 4014 oculo,
995 3948 1044 4000 id
1069 3957 1151 4001 est
1200 3945 1412 4013 puriore
1458 3942 1636 3995 cordis
1688 3936 2008 3998 intentione,

432 4049 596 4100 vitam
639 4040 938 4110 transegit?
977 4038 1064 4107 qui
1095 4048 1283 4091 ctmeta
1306 4048 1517 4100 semper
1551 4031 1783 4098 peritura
1835 4026 2017 4094 despi-

431 4139 598 4199 ciens,
632 4143 862 4188 tuentem
902 4133 953 4184 itt
983 4128 1284 4184 cmlestihus
1326 4123 1570 4178 solidavit
1603 4138 1615 4175 :
1647 4121 1845 4190 quique
1888 4119 2012 4174 ideo

431 4231 498 4284 ad
531 4230 578 4284 id
609 4227 748 4297 quod
780 4225 946 4279 voluit
991 4239 1110 4276 mox
1141 4221 1419 4275 exauditus
1447 4227 1559 4280 est,
1591 4217 1712 4284 quia
1759 4213 2016 4282 simplici-

435 4335 545 4376 tate
595 4321 790 4373 mentis
825 4319 932 4370 Deo
963 4315 1326 4383 complacens,
1377 4308 1698 4379 duplicitatis
1726 4321 1756 4360 a
1789 4321 1884 4360 sua
1935 4307 2015 4358 in-

437 4413 677 4468 tentione
728 4423 909 4479 rugam
948 4405 1194 4462 exclusit.
1243 4403 1378 4458 Hutc
1427 4417 1517 4471 per
1561 4399 1900 4453 Salomonem
1949 4397 2017 4450 de

2119 502 2256 542 tasse
2299 491 2432 542 intra
2471 487 2739 554 speluncae
2777 497 2888 536 suae
2922 495 3041 535 sese
3067 522 3083 545 ,
3131 488 3189 533 ut
3228 489 3488 546 cmperat,
3529 492 3700 543 angu-

2117 587 2247 638 stias
2293 583 2635 643 occuluissct,
2673 575 2942 631 videretur
2973 574 3156 639 utique
3187 575 3338 639 quasi
3371 571 3471 623 sub
3492 569 3698 633 modio,

2119 674 2216 727 hoc
2246 684 2328 728 est
2350 686 2588 726 censurae
2616 669 2842 738 propriae
2876 680 3124 718 mensura
3171 671 3402 727 retenta,
3435 669 3531 714 aut
3563 675 3702 728 pall-

2116 767 2305 818 risaut
2336 763 2496 816 nullis
2552 761 2775 830 fulgoris
2817 756 2960 812 rutili
3010 757 3188 810 crines
3240 767 3548 822 aspergere.
3595 749 3706 804 Sed

2118 857 2384 924 aspirante
2439 856 2546 907 Deo
2576 867 2735 920 supra
2769 849 3151 903 candelabrum
3183 844 3460 914 regiminis
3508 845 3704 909 posita,

2117 953 2325 1004 cunctis
2357 951 2568 1004 lustrari
2617 946 2921 1000 videntibus
2952 943 3266 1011 pra-clarum
3313 943 3500 994 lumen
3546 940 3705 992 exhi-

2118 1041 2228 1092 httit
2274 1058 2285 1091 ε
2331 1049 2384 1092 et
2433 1040 2503 1091 ita
2543 1037 2799 1095 exhibuit.
2831 1045 2884 1086 ιιι
2925 1032 3196 1100 hodieque
3224 1045 3316 1098 per
3346 1043 3538 1085 ontnes
3566 1041 3706 1096 pene

2116 1129 2423 1184 christianis
2468 1129 2695 1182 cultibus
2724 1127 2930 1180 deditas
2960 1125 3206 1193 regiones
3232 1163 3251 1189 ,
3297 1122 3491 1176 auditis
3523 1129 3706 1175 tanto-

2117 1237 2232 1276 rum
2275 1222 2651 1275 miraculorum
2696 1219 2950 1285 prodigiis
2977 1257 2991 1279 ,
3049 1215 3262 1278 cognito
3293 1222 3456 1266 tanta!
3501 1213 3705 1266 lumine

2114 1311 2426 1371 sanctitatis,
2479 1309 2846 1362 universorum
2883 1307 2946 1358 ad
2979 1318 3109 1373 quos
3142 1307 3254 1359 Ital'c
3289 1303 3571 1371 pervenire
3601 1318 3698 1355 va-

2116 1403 2217 1455 lent
2254 1401 2558 1454 fidelium‘itt
2589 1400 2780 1452 divinis
2807 1398 3048 1451 laudibus
3075 1411 3167 1450 ora
3199 1396 3483 1451 resultent.

2187 1492 2254 1546 Ut
2279 1494 2420 1546 enim
2447 1505 2612 1560 pauca
2642 1491 2708 1543 de
2739 1488 2915 1542 multis
2947 1489 3148 1552 loquar,
3182 1487 3299 1555 quis
3343 1503 3447 1539 non
3473 1486 3706 1538 miretur

2112 1585 2336 1637 audiens
2379 1584 2696 1651 pandentem
2729 1583 2778 1634 in
2812 1580 3090 1647 propatulo
3128 1578 3302 1630 abdita
3331 1619 3347 1640 ,
3402 1578 3711 1644 praedicen-

2116 1687 2223 1731 tem
2257 1677 2466 1731 futura?
2498 1677 2690 1731 Parere
2727 1674 2965 1744 jussibtts
2995 1672 3196 1735 latices,
3229 1672 3438 1738 prodire
3468 1670 3534 1722 de
3565 1670 3708 1736 rupi—

2240 1768 2436 1834 fontes,
2470 1766 2693 1835 perdere
2744 1765 2940 1818 totiens
2970 1765 3232 1816 elementa
3265 1773 3451 1814 natura
3475 1779 3529 1823 ιι,
3561 1772 3702 1828 prac-

2111 1864 2236 1912 berc
2270 1860 2511 1912 vulneres
2561 1857 2900 1926 obsequela-n
2936 1896 2950 1916 ,
2987 1867 3180 1908 terram
3214 1865 3512 1922 susceptum
3545 1852 3709 1906 cada-

2111 1966 2204 2005 ver
2240 1966 2527 2015 evomere,
2567 1948 2775 2003 cunctis
2835 1947 3106 2000 terribiles
3137 1946 3388 2012 pavidare
3419 1985 3432 2009 ,
3489 1947 3708 1996 morbos

2111 2041 2346 2110 imperiis
2375 2042 2586 2102 cedere,
2623 2049 2846 2092 mortem
2873 2039 2959 2105 jus
2988 2035 3210 2089 dominii
3248 2038 3491 2100 perdere,
3522 2049 3706 2085 secre-

2108 2140 2219 2184 tum
2245 2133 2424 2185 cordis
2451 2141 2728 2200 patescere
2758 2176 2772 2196 ,
2830 2128 3077 2182 claustris
3105 2135 3371 2181 retentum
3425 2126 3702 2193 corporeis

2111 2241 2216 2294 quo
2245 2225 2374 2278 velit
2401 2226 2588 2290 Spiritu
2620 2220 2946 2291 properare?
2999 2221 3278 2275 Postremo
3307 2220 3423 2288 quis
3452 2233 3554 2270 non
3589 2227 3708 2270 ηπ

2114 2323 2234 2383 peat
2263 2324 2429 2367 totum
2471 2315 2538 2367 ab
2583 2328 2688 2366 uno
2744 2313 2961 2366 homine
3015 2312 3266 2363 mundum
3322 2310 3552 2374 ctmspici
3581 2350 3594 2369 ,
3657 2308 3712 2358 in

2113 2408 2274 2460 terris
2305 2409 2535 2476 positum
2590 2406 2711 2459 ωεΙί
2745 2406 2891 2459 cives
2923 2405 3184 2473 aspicere,
3210 2419 3366 2456 carne
3394 2402 3568 2456 adhuc
3622 2418 3713 2454 rc-

2113 2503 2352 2553 vinctum
2381 2500 2676 2552 animarum
2712 2499 2897 2552 merita
2930 2497 3325 2565 contemplari?
3353 2496 3495 2561 llaec,
3531 2505 3584 2548 et
3617 2496 3710 2546 his

2117 2592 2282 2645 multa
2314 2592 2529 2654 similia,
2564 2591 2683 2658 quis
2714 2605 2843 2643 aure
2866 2589 3170 2659 percipiens
3200 2629 3216 2652 ,
3267 2586 3446 2641 nonin
3481 2587 3574 2640 Da-i
3607 2585 3713 2636 ι»..-

2118 2686 2218 2739 tris
2244 2687 2495 2740 continuo
2523 2684 2708 2739 laudes
2737 2693 3004 2752 erumpat,
3047 2684 3136 2752 qui
3187 2684 3298 2737 suis
3341 2684 3463 2735 talia
3495 2682 3709 2735 confert

2115 2779 2364 2844 servulis,
2393 2786 2447 2832 et
2505 2793 2664 2844 super
2695 2778 2809 2831 haec
2839 2779 3018 2830 omnia
3071 2791 3290 2846 regnum
3319 2775 3435 2830 sine
3479 2775 3714 2826 termino

2128 2871 2350 2939 largitur
2373 2869 2424 2922 in
2450 2871 2629 2923 caelis?
2669 2869 2772 2923 Sed
2831 2868 2972 2922 unde
3022 2867 3178 2921 Pater
3220 2867 3305 2920 hic
3335 2865 3562 2922 eximius
3611 2881 3712 2932 pa-

2123 2970 2270 3016 trare
2299 2963 2394 3015 ista
2424 2961 2737 3026 promeruit,
2776 2970 2830 3013 ttt
2880 2961 3049 3014 instar
3086 2969 3391 3012 sanctorum
3437 2958 3710 3022 ειιιοιιωιιι-

2126 3066 2242 3104 rum
2269 3059 2345 3104 tot
2366 3051 2664 3104 admirante
2691 3049 2889 3103 mundo
2918 3049 3188 3103 miraculis
3211 3056 3521 3102 corttscaret
3548 3091 3561 3110 ,
3608 3047 3710 3097 nisi

2036 3143 2082 3206 (ς
2113 3141 2233 3208 quia
2261 3141 2569 3194 eorttmdem
2600 3141 2962 3208 apostolorum
2990 3140 3152 3193 vitim
3179 3140 3368 3202 tenuit,
3397 3148 3444 3192 et
3466 3138 3596 3190 ca-le
3634 3140 3707 3188 tis

2116 3231 2352 3284 instituta
2395 3229 2736 3300 praeceptoris
2776 3243 2902 3282 aure
2951 3231 3182 3298 pectoris
3208 3237 3514 3282 scrvaturus
3543 3243 3704 3280 acce-

2116 3323 2226 3391 pit?
2251 3320 2364 3377 Non
2409 3323 2556 3375 illum
2585 3325 2761 3374 carnis
2791 3321 3034 3374 illecebra
3063 3362 3077 3383 ,
3136 3335 3237 3372 non
3293 3318 3471 3372 mundi
3508 3319 3703 3386 gaudia

2116 3415 2254 3468 male
2281 3412 2581 3477 suadentia,
2615 3428 2718 3465 non
2749 3412 2919 3466 hostis
2950 3422 3119 3464 astuta
3149 3412 3370 3465 consilia
3411 3410 3703 3461 valuerunt

2119 3509 2170 3561 in
2205 3505 2383 3573 aliquo
2410 3503 2624 3558 ﬂectere
2649 3504 2987 3571 anlte‘apaem
3012 3503 3075 3555 ad
3102 3503 3317 3571 praemia
3347 3501 3701 3568 sempiterna.

2187 3595 2459 3657 Proinde,
2519 3595 2709 3648 fratres
2769 3591 3076 3658 karissitni,
3137 3608 3232 3645 nos
3277 3608 3424 3661 qttte
3479 3591 3710 3644 diversis

2119 3690 2299 3742 mundi
2337 3687 2575 3756 partibus
2605 3687 2668 3739 ad
2697 3687 2812 3755 ejus
2845 3687 3248 3754 prOperatimus
3307 3683 3696 3754 magisterium,

2116 3778 2383 3834 discamus
2409 3793 2665 3845 spernere
2694 3778 2835 3848 quod
2869 3778 3101 3844 sprevit,
3159 3776 3428 3830 discamus
3479 3776 3707 3840 diligere

2119 3872 2257 3941 qunti
2285 3871 2464 3924 dilexit
2504 3890 2514 3924 :
2547 3871 2664 3925 etsi
2690 3871 2836 3934 sequi
2870 3886 2988 3923 ettm
3024 3880 3138 3937 post
3172 3870 3235 3921 ad
3281 3851 3503 3935 {gloriam
3552 3866 3710 3933 rupi-

2120 3975 2259 4022 mus,
2291 3959 2450 4013 tnodo
2483 3960 2647 4027 ipsius
2697 3959 2915 4024 vestigia
2975 3956 3230 4010 imitamlo
3280 3970 3606 4022 sequamur:
3641 3967 3718 4008 ne

2118 4051 2162 4104 si
2188 4066 2325 4104 nunc
2355 4051 2423 4103 ab
2452 4048 2567 4119 ejus
2600 4047 2930 4103 reatitudinis
2986 4063 3166 4099 norm‘t
3221 4047 3580 4106 deﬂectimus,
3645 4046 3717 4096 ah

2121 4139 2261 4193 iflius
2287 4141 2622 4207 postmo.‘um
2670 4139 2839 4192 CO:Cli
2869 4138 3140 4190 cottsurtin
3187 4137 3521 4190 dirimatnur.
3553 4131 3721 4188 Certe

2119 4231 2165 4284 si
2190 4246 2346 4300 quem
2379 4241 2621 4284 nostrum
2655 4231 2721 4284 de
2752 4230 2854 4284 hoc
2881 4232 3040 4283 etiam
3067 4239 3337 4282 conventu
3365 4228 3553 4295 aliquis
3585 4228 3719 4278 vio-

2123 4321 2298 4378 lentus
2322 4324 2386 4376 ad
2413 4337 2684 4377 carcerem
2721 4321 2989 4384 traheret,
3042 4337 3232 4390 magna
3287 4335 3466 4374 revera
3526 4321 3720 4382 illum,

2121 4414 2334 4482 quihoc
2381 4414 2961 4482 patereturconfusio,
3013 4413 3199 4477 ingens
3248 4411 3402 4467 simul
3457 4410 3720 4463 uta-stitia

437 4507 546 4559 Deo
593 4502 787 4558 dicitur
820 4517 833 4553 :
869 4499 1077 4552 Etcum
1120 4496 1431 4566 simplicibus
1476 4491 1834 4546 sermocinatio
1881 4491 2013 4557 eius.
2051 4514 2098 4574 π)
2125 4514 2410 4562 ροπιτιτθι,
2441 4507 2574 4574 Quid
2628 4515 2891 4575 putamus,
2927 4501 3192 4558 karissind
3219 4545 3236 4569 ,
3297 4504 3366 4559 ibi
3413 4512 3531 4556 tunc
3583 4516 3730 4558 esse

437 4598 542 4655 Sed
586 4605 640 4650 et
668 4595 840 4662 ipsum
869 4590 1214 4644 nihilominus
1265 4587 1500 4640 omnium
1543 4600 1663 4653 qua:
1711 4583 1846 4636 facta
1873 4591 2006 4634 sunt

436 4696 757 4752 creatorem,
807 4682 1063 4750 simplicis
1112 4680 1330 4734 omnino
1381 4679 1700 4733 cuntitemur
1753 4689 1872 4730 esse
1914 4689 2012 4728 na-

440 4791 592 4834 turae.
642 4777 815 4830 Tanto
869 4787 998 4842 ergo
1037 4772 1260 4841 quilibet
1306 4771 1574 4824 efﬁcacius
1618 4767 1902 4822 exauditur
1961 4769 2013 4820 in

440 4885 618 4940 prece,
648 4877 850 4939 quanto
898 4881 993 4932 per
1032 4864 1385 4918 intentionem
1433 4861 1756 4930 simplicem,
1815 4857 2012 4911 divini-

441 4965 564 5018 tatis
592 4963 743 5031 juxta
794 4958 1009 5013 modum
1063 4955 1334 5025 proprium
1385 4954 1793 5007 similitudinem
1845 4957 2009 5003 tenet.

438 5053 620 5122 Cujus,
651 5053 888 5122 inquam,
919 5065 1113 5118 corpus
1133 5089 1149 5113 ,
1183 5050 1322 5118 quod
1353 5063 1514 5116 Opera
1553 5042 1855 5113 significare
1881 5042 2016 5095 dixi-

439 5159 578 5210 mus,
625 5145 792 5211 magis
847 5157 1003 5210 quam
1051 5142 1202 5194 istius
1254 5141 1488 5194 lucidum
1548 5138 1779 5190 existere
1827 5133 2017 5201 potuit,

439 5237 528 5305 qui
587 5245 692 5288 tam
726 5233 903 5288 multis
952 5251 1043 5301 per
1071 5235 1191 5286 vitae
1237 5230 1612 5285 excellentiam
1655 5229 1835 5281 lumen
1868 5227 2018 5281 exhi-

437 5325 594 5381 buit?
627 5324 730 5376 Aut
760 5338 913 5392 quem
960 5323 1156 5393 potius,
1208 5336 1365 5390 quant
1395 5320 1553 5381 hunc,
1610 5318 1866 5387 splendor
1897 5333 2017 5386 pro-

441 5421 569 5485 priae
606 5418 864 5482 actionis,
899 5425 955 5470 ut
987 5418 1199 5470 lucerna
1230 5413 1478 5482 fulgoris,
1517 5413 1874 5466 illuminavit?
1927 5415 2018 5481 qui

440 5509 737 5566 innumeris
786 5508 1019 5562 exterius
1065 5506 1130 5558 ad
1185 5505 1370 5558 caelum
1411 5515 1593 5572 septtts
1642 5506 2014 5571 lampadibus,

443 5601 647 5668 potiora
681 5599 860 5664 utique
889 5597 955 5650 de
987 5597 1248 5649 creatoris
1276 5598 1477 5651 visione
1506 5597 1732 5651 interius
1792 5612 2015 5667 percep-
2055 5597 2068 5610 ’

447 5703 595 5744 turus
620 5689 881 5745 ascendit.
933 5688 1063 5758 Quae
1091 5690 1304 5744 lucerna
1336 5690 1532 5745 clarior
1563 5690 1661 5744 hoc
1684 5701 2018 5759 praeceptore

443 5786 695 5850 surrexit,
744 5803 862 5850 quae
903 5801 1062 5856 super
1089 5786 1466 5840 candelabrum
1519 5785 1725 5840 altioris
1779 5783 1897 5838 vitat-
1928 5798 2018 5851 ιιο-

2117 4598 2466 4664 (ποιιῐιιείυιιὶς,
2491 4599 2617 4669 quid
2652 4601 2871 4652 terroris
2921 4606 2976 4651 et
3005 4597 3284 4666 angustiam,
3317 4596 3361 4650 si
3390 4594 3672 4664 contingat
3699 4635 3722 4663 ,

2120 4690 2261 4756 quod
2295 4689 2437 4744 Deus
2470 4698 2696 4755 avertat,
2729 4689 2959 4756 aliquem
2994 4698 3234 4742 nostrum
3288 4687 3357 4740 ab
3405 4687 3498 4741 illo
3526 4687 3724 4753 splen-

2121 4783 2402 4836 didissimo
2429 4781 2600 4834 saneti
2633 4780 2790 4849 hujus
2813 4781 2979 4834 Patris
3012 4780 3183 4834 nostri
3209 4787 3270 4834 et
3297 4777 3725 4848 praecedentium

2123 4872 2348 4928 fratrum
2377 4872 2542 4926 choro
2572 4873 2624 4924 in
2654 4882 2970 4939 perpetuum
3001 4871 3263 4938 separari,
3307 4879 3365 4926 et
3390 4869 3610 4924 inﬁnitis
3639 4871 3733 4923 in-

2122 4977 2284 5031 Super
2335 4963 2616 5019 tormentis
2675 4962 2964 5029 immergit
3016 4963 3526 5030 Circumspiciamus
3577 4975 3728 5028 qua-

2125 5067 2360 5125 propter.
2395 5053 2758 5120 dilectissimi,
2813 5054 3048 5123 nndique
3095 5055 3256 5109 vitam
3285 5063 3568 5115 nostram;
3627 5070 3736 5107 ex-

2123 5149 2452 5202 cludamusa
2481 5147 2634 5200 nobis
2673 5157 2895 5202 cunctas
2939 5145 3126 5201 sordes
3177 5157 3504 5214 omnemque
3560 5144 3736 5195 mati-

2125 5240 2252 5293 tiam
2280 5256 2295 5304 ;
2341 5242 2511 5292 simus
2543 5238 2732 5304 mites,
2764 5237 3103 5294 continentes
3125 5247 3178 5293 et
3207 5237 3439 5292 humiles
3469 5282 3484 5306 ,
3541 5250 3738 5293 secte-

2125 5349 2245 5386 mur
2276 5348 2335 5386 ea
2375 5346 2494 5400 quae
2528 5333 2672 5400 pacis
2703 5345 2826 5386 sunt
2856 5343 2909 5386 et
2950 5331 3220 5397 caritatis;
3256 5339 3534 5386 teneamus
3559 5327 3744 5398 hujus

2125 5421 2298 5476 Patris
2326 5422 2492 5475 nostri
2519 5433 2806 5492 praecepta,
2834 5436 3119 5489 sequamur
3146 5423 3390 5490 vestigia,
3425 5430 3479 5474 ut
3507 5436 3634 5473 cum
3665 5437 3745 5477 eo

2126 5516 2322 5582 pariter
2348 5516 2538 5582 gaudia
2560 5529 2951 5583 consequamur
2993 5523 3224 5580 acterna;
3278 5522 3570 5584 praestante
3623 5514 3744 5566 do-

2127 5608 2272 5662 mino
2302 5616 2487 5660 nostro
2518 5607 2644 5662 Jesu
2674 5609 2888 5663 Christo
2919 5649 2934 5673 ,
2987 5607 3076 5676 qui
3123 5622 3245 5661 cum
3303 5607 3413 5661 Deo
3450 5605 3616 5660 Patre
3681 5616 3750 5664 et

2128 5699 2328 5764 spiritu
2360 5706 2546 5750 sancto
2579 5700 2706 5752 vivit
2736 5710 2788 5753 et
2820 5710 3006 5769 regnat
3055 5713 3156 5768 per
3181 5697 3363 5754 omnia
3392 5697 3596 5752 saecula
3623 5709 3754 5754 sa-

2127 5788 2390 5842 culorttm.
2421 5790 2612 5843 Amen.
