4010 6334
202 1369 212 1379 “
284 1356 478 1427 ‘logos,
505 1357 645 1426 togas
689 1354 834 1408 enim
866 1352 1072 1411 Graece,
1102 1346 1287 1402 Latine
1316 1343 1445 1397 ratio
1495 1340 1710 1394 dicitur.
1760 1337 1887 1391 Pro-

1763 338 2093 399 ιιυδιιωιε.
3411 324 3547 380 435.3

1893 464 1941 520 Α
1970 452 2130 518 cavit,
2154 449 2334 504 dicens
2362 466 2373 499 :
2410 443 2519 499 Fili
2546 486 2560 509 ,
2612 443 2883 498 recordare
2919 430 3039 510 quia
3070 438 3302 509 recepisti
3331 438 3463 491 bona
3490 439 3545 493 in

1954 544 2072 599 'vita
2100 554 2211 603 tua,
2241 552 2287 594 et
2322 542 2546 592 Lazarus
2576 536 2811 590 similiter
2837 536 2995 587 mata.
3028 533 3095 586 Et
3123 531 3370 585 similiter
3400 529 3550 585 dives

1976 635 2245 690 Abraham
2278 643 2477 701 patrem
2516 628 2844 689 nominavit,
2893 624 3156 680 dicendo:
3196 622 3349 676 Pater
3385 623 3551 676 Abra-

1975 731 2114 791 ham,
2139 739 2192 782 et
2224 728 2447 793 reliqua.
2480 723 2543 775 Et
2590 726 2891 790 quanquam
2941 718 3122 773 multis
3155 716 3327 770 modis
3362 714 3556 769 dicitur

1979 819 2137 879 illius,
2170 832 2379 884 semper
2405 815 2472 867 ibi
2506 821 2655 881 pater
2687 810 2845 865 etiam
2875 808 2917 861 si
2949 824 3053 861 non
3081 807 3147 859 sil
3173 808 3398 872 positus,
3429 804 3556 859 sub-

1980 907 2324 973 intelligitor:
2354 920 2419 957 co
2463 902 2598 970 quod
2630 900 2769 953 ii'ius
2816 914 2917 951 non
2965 904 3139 964 potest
3175 911 3294 949 esse
3324 896 3439 948 sine
3471 909 3561 963 pa-

1984 1008 2078 1052 tre.
2116 999 2168 1051 In
2199 998 2299 1051 hoc
2327 997 2466 1048 enim
2501 996 2616 1048 loco
2647 1002 2861 1046 sanctus
2901 989 3215 1042 Benedicms
3272 1002 3389 1038 cum
3433 986 3562 1038 dicit

1984 1085 2085 1152 ﬁli,
2117 1083 2450 1153 paternitatis
2480 1079 2752 1143 aiTectum,
2775 1080 2931 1144 atque
2970 1070 3203 1141 magistri
3232 1072 3562 1140 diSCiplinazn

1986 1192 2110 1242 erga
2147 1188 2195 1229 te
2219 1174 2471 1235 Ostendit,
2505 1184 2564 1225 se
2617 1170 2884 1223 habuisse.
2915 1166 2990 1220 Te
3035 1166 3160 1219 vero
3215 1180 3308 1218 sua
3358 1166 3562 1226 oratio,

1986 1281 2090 1334 qua
2119 1265 2310 1318 dicitur
2340 1264 2438 1328 ﬁli,
2466 1260 2772 1315 manifestat
2814 1258 2877 1310 ad
2910 1256 3031 1325 quid
3086 1254 3331 1316 adducat}
3364 1254 3413 1307 id
3440 1262 3522 1307 est
3550 1294 3565 1317 ,

1989 1355 2221 1408 ostendit
2252 1365 2301 1405 te
2344 1354 2539 1405 ducere
2567 1351 2629 1403 ad
2658 1348 2991 1416 paternitatis
3015 1346 3283 1410 aiiectum,
3314 1354 3368 1397 et
3407 1342 3574 1412 magi-

1991 1446 2135 1498 sterii
2166 1444 2497 1511 disciplinam
2533 1440 2946 1507 ευεοίρῖυηιιηιη.
2993 1439 3263 1505 Ρΐζῐέαὲρίἒὶ
3294 1434 3563 1498 dicuntur,

1994 1550 2055 1589 ei
2086 1535 2222 1603 quod
2257 1534 2529 1603 praemium
2560 1540 2770 1598 captent
2800 1570 2813 1591 ,
2868 1529 2991 1595 dum
3026 1528 3105 1579 Sui
3140 1536 3442 1580 servatores
3498 1541 3569 1579 ex

297 369 425 423 1381

902 452 1259 535 tcxrosirto
1380 534 1387 535 ί
1415 530 1580 535 Ἲῃ
1599 504 1703 535 --ᾧ

396 542 684 610 PROLOGI
725 532 1026 600 ιὶῐῑυυωΕ
1066 535 1307 593 SANCTI
1368 526 1755 588 BENEDICTI.

602 641 694 699 (Ex
720 638 872 695 'l'osti,
899 635 1056 683 Storia
1078 630 1208 680 delia
1232 627 1374 676 badia
1396 624 1579 682 Casio.)

366 728 500 781 Tres
545 723 686 777 enim
732 726 859 773 sunt
907 712 1287 769 ecclesiastica
1342 707 1673 772 disciplinae:
1708 700 1874 770 prima

299 819 540 890 physica,
570 814 621 867 id
652 822 733 866 est
763 808 1021 864 naturalis
1048 821 1063 870 ;
1094 801 1326 859 secunda
1356 798 1550 860 ethica,
1580 795 1630 849 id
1655 800 1737 847 est
1760 806 1875 846 mo-

303 884 460 973 ralis;
493 904 646 960 tertia
680 902 842 971 logica
874 939 889 962 ,
935 897 987 951 id
1034 905 1118 950 est
1162 890 1452 948 rationalis.
1484 888 1614 943 Nam
1663 884 1878 955 physica

300 998 573 1052 derivatur
596 993 663 1048 ab
691 1008 756 1047 eo
786 990 925 1059 quod
955 997 1037 1043 est
1066 984 1288 1055 physin;
1319 981 1504 1052 pltgsin
1549 977 1754 1036 Graice.
1780 975 1879 1026 Lao

305 1089 415 1142 tine
436 1097 614 1141 natura
639 1084 865 1145 dicitur;
921 1079 1096 1132 cthica
1144 1087 1321 1128 autem
1368 1071 1640 1125 derivatur
1691 1066 1761 1120 ab
1814 1079 1880 1118 eo

303 1179 445 1248 quod
473 1186 552 1232 est
581 1174 727 1229 ethin
757 1188 773 1227 :
806 1170 963 1224 Etltin
1006 1168 1199 1236 quippe
1226 1164 1416 1219 Griece
1438 1200 1453 1225 ,
1507 1159 1689 1213 Latine
1720 1170 1881 1207 mores

305 1244 573 1323 dicuntur.
606 1263 796 1331 Logica
850 1269 1027 1311 autem
1078 1254 1348 1310 derivatur
1403 1252 1470 1304 ab
1500 1264 1562 1302 eo
1614 1244 1753 1316 quod
1804 1252 1887 1299 est

314 1426 431 1514 pter
460 1446 553 1497 has
578 1444 705 1510 ergo
754 1454 861 1495 tres
888 1435 1195 1504 disciplinas
1222 1429 1607 1487 ecclesiasticas
1637 1426 1888 1481 Salomon

311 1513 735 1604 sapientissimus
794 1527 1032 1581 omnimn
1091 1538 1271 1592 regum
1322 1530 1429 1573 tres
1469 1519 1633 1571 libros
1686 1513 1888 1568 edidit:

316 1629 544 1695 primtnn
590 1625 781 1677 librum
833 1617 1116 1686 appellavit
1172 1614 1481 1667 l’arabolam
1517 1653 1531 1675 ,
1591 1608 1887 1663 secundum

317 1715 768 1775 Ecclesiasticum,
804 1712 1012 1763 tertium
1036 1706 1249 1760 Cantica
1274 1702 1627 1757 canticorum.
1675 1700 1885 1752 Primus

1999 1629 2105 1680 illis
2137 1626 2352 1694 pncmia
2378 1625 2609 1689 capiant.
2637 1623 2881 1690 Magister
2909 1630 3035 1673 veo
3066 1617 3257 1670 dicitur
3286 1616 3434 1684 quasi
3462 1631 3576 1668 uta-

1997 1721 2272 1786 gistratus,
2304 1716 2351 1768 id
2392 1724 2507 1777 est,
2544 1716 2713 1782 magis
2743 1712 2961 1775 doetus,
3019 1711 3157 1761 sicut
3178 1708 3371 1761 dicitur
3399 1708 3587 1760 disci-'

317 1810 529 1878 quidem
563 1806 695 1859 liber
724 1801 971 1855 convenit
1003 1796 1394 1865 parvulis,quia
1430 1793 1481 1844 in
1514 1806 1578 1843 eo
1606 1804 1748 1856 sirpe
1779 1803 1895 1853 par-

2022 1810 2157 1859 mlus
2185 1822 2211 1858 a
2240 1805 2516 1859 discendo.
2544 1803 2789 1865 Queritnr
2825 1801 3004 1864 etiam,
3038 1813 3200 1865 quare
3228 1810 3442 1850 sanc1us
3477 1796 3578 1849 lle-

322 1877 472 1951 v‘ulos
499 1894 646 1963 quasi
702 1892 837 1944 ﬁlios
869 1889 1157 1956 alloquitur
1180 1924 1194 1949 ,
1248 1884 1431 1937 dicens
1463 1900 1475 1934 :
1508 1880 1662 1943 Audi,
1698 1880 1777 1946 [ili
1808 1877 1895 1930 mi.

324 1986 463 2040 unde
484 1986 641 2039 etiam
678 1982 726 2034 in
764 1983 877 2049 ipso
921 1979 1052 2033 libro
1085 1977 1388 2045 frequenter
1418 1970 1616 2026 mentio
1646 1969 1899 2023 malarum

325 2076 502 2129 rerum
539 2073 617 2135 iit,
663 2066 714 2124 id
749 2080 847 2131 est,
878 2068 1215 2122 meretricum
1242 2072 1297 2118 et
1325 2061 1693 2116 hatreticorum
1722 2068 1772 2111 et
1798 2071 1902 2111 ete-

330 2174 567 2218 tcrarum
601 2163 682 2214 his
712 2160 987 2213 similium.
1044 2156 1319 2211 Secundus
1372 2164 1549 2207 autem
1584 2153 1716 2204 liher
1773 2150 1905 2203 bene

327 2252 574 2316 congruit
604 2247 914 2314 majoribus,
945 2243 1066 2310 quia‘
1094 2243 1144 2295 in
1176 2243 1289 2309 ipso
1311 2240 1417 2306 jam
1452 2237 1689 2305 majores
1715 2235 1905 2287 admo-

328 2348 521 2394 nentur
568 2338 829 2391 vanitates
885 2334 1066 2388 mundi
1113 2333 1410 2399 despicere.
1476 2328 1623 2382 Unde
1679 2327 1789 2394 ipse
1841 2325 1905 2377 ii-

330 2431 423 2486 ber
469 2445 498 2482 a
547 2430 775 2482 vanitate
824 2426 1052 2487 inchoat,
1098 2423 1323 2476 dicens:
1364 2420 1573 2473 Vanitas
1603 2418 1904 2479 vanitatum,

329 2524 460 2577 dixit
492 2519 845 2583 Ecclesiastes,
876 2517 1071 2569 vanitas
1098 2514 1373 2566 vanitatum
1419 2522 1464 2564 et
1493 2511 1662 2562 omnia
1687 2508 1903 2560 vanitas.

335 2615 550 2669 Tertius
584 2627 710 2666 vero
732 2610 863 2664 liber
885 2606 1131 2663 comenit
1170 2606 1415 2670 perfectis
1442 2639 1455 2661 ,
1508 2618 1572 2653 eo
1596 2600 1733 2665 quod
1768 2600 1815 2650 in
1848 2614 1911 2649 eo

335 2712 441 2759 non
463 2703 684 2755 adversa
708 2709 793 2753 aut
829 2697 993 2750 tristia
1018 2735 1033 2759 ,
1090 2694 1182 2748 sed
1204 2694 1318 2745 lana
1346 2692 1698 2758 reperiantur.
1760 2688 1912 2739 Istius

333 2799 477 2850 enim
505 2794 801 2850 Salomonis
840 2790 1080 2845 Ordinem
1136 2799 1322 2840 tenens
1364 2785 1563 2837 beatus.
1602 2782 1913 2833 Benedictus

332 2904 439 2943 non
472 2888 683 2955 ignarus
709 2879 1088 2937 ecclesiastica:
1118 2876 1411 2943 disciplinae
1441 2874 1607 2925 dixit:
1648 2872 1910 2933 Ubscnlta,

334 2996 366 3033 ο
399 2979 490 3045 ﬁli,
522 2984 770 3045 prwcepta
800 2972 1048 3041 magistri,
1081 2970 1131 3022 id
1177 2978 1299 3032 est,
1359 2968 1494 3019 sieut
1549 2965 1802 3019 Salomon
1862 2964 1912 3013 in

340 3070 507 3139 primo
529 3084 624 3123 suo
652 3068 786 3120 libro
833 3062 1080 3132 parvulos
1126 3060 1275 3129 quasi
1308 3059 1443 3111 tilios
1472 3057 1756 3125 alloquitur
1780 3094 1794 3117 ,
1846 3053 1915 3106 ita

2002 1898 2243 1951 nt-dictus
2277 1894 2426 1957 dixit,
2460 1892 2673 1954 inclina,
2707 1906 2826 1943 eum
2860 1887 3120 1954 potuisset
3164 1886 3343 1941 dicere
3367 1928 3381 1950 ,
3417 1885 3581 1954 aperi.

2002 1988 2290 2043 Sciendum
2324 1997 2426 2051 e5t,
2456 1984 2580 2053 quia
2612 1983 2759 2035 nmlti
2792 1980 3035 2047 aperiunt
3091 1991 3278 2043 aures,
3331 1976 3423 2031 sed
3476 1993 3582 2031 non

2005 2078 2279 2137 inclinant,
2316 2076 2469 2127 idest
2514 2072 2829 2133 itumiliant;
2864 2084 2984 2122 nam
3020 2066 3135 2120 ideo
3162 2067 3295 2119 dixit
3349 2067 3541 2119 inclina
3569 2106 3584 2129 ,

2005 2174 2153 2239 quasi
2184 2169 2384 2221 diceret
2417 2165 2657 2219 humilia.
2689 2163 2821 2228 Quia
2852 2163 2994 2214 en’m
3055 2160 3153 2213 nisi
3185 2176 3297 2223 supr
3320 2159 3398 2213 rbi
3433 2173 3589 2212 aures

2006 2272 2060 2315 et
2085 2270 2270 2314 cuncta
2298 2259 2532 2312 membra
2570 2267 2745 2308 erecta
2784 2256 3041 2308 haberent
3069 2265 3404 2320 neptaquazn
3451 2251 3589 2304 scri-

2010 2361 2160 2419 ptura
2188 2348 2393 2401 diceret
2416 2346 2595 2398 divina
2624 2362 2633 2395 :
2668 2343 2826 2396 Aures
2853 2358 3027 2395 eorum
3059 2358 3300 2412 aggrava,
3336 2350 3380 2394 et
3420 2346 3593 2393 oculos

1972 2505 1977 2510 _
2008 2440 2344 2503 superborum
2377 2433 2670 2485 humiliabis
2695 2447 2713 2484 .'
2740 2446 2805 2483 eo
2855 2431 2994 2499 quod
3028 2430 3242 2497 superbi
3272 2443 3477 2493 Sttltlg‘ef
3541 2429 3591 2482 itt

2011 2524 2149 2579 fastu
2204 2523 2465 2593 superbia:
2494 2520 2661 2575 erecti
2717 2530 2858 2571 sunt.
2897 2521 2957 2570 lit
3008 2519 3108 2571 hoc
3157 2530 3431 2572 sonantum
3478 2529 3595 2577 est.

2013 2617 2150 2687 quod
2178 2633 2279 2670 non
2315 2618 2382 2668 ita
2430 2614 2676 2666 dicuntur
2705 2612 2919 2677 Superbi
2954 2612 3062 2678 ip~a
3097 2614 3332 2663 membra
3368 2612 3596 2676 superba

2015 2706 2233 2770 habere,
2268 2714 2324 2757 ut
2380 2706 2489 2769 ipsa
2516 2702 2751 2755 membra
2779 2700 2886 2752 sint
2914 2701 3142 2767 superba
3179 2740 3193 2762 ,
3231 2699 3320 2751 si'd
3351 2700 3471 2768 quia
3514 2700 3597 2754 ol-

2018 2800 2130 2850 iicia
2162 2794 2523 2850 membrorum
2577 2791 2923 2861 superborum
2978 2801 3101 2844 sunt
3157 2791 3423 2860 superba,
3485 2791 3604 2843 ideo

2017 2887 2255 2941 membra
2310 2884 2558 2938 dicuntur
2612 2884 2861 2950 superba.
2928 2881 2991 2933 Et
3056 2895 3356 2947 quanquam
3413 2888 3604 2933 extera

2017 2978 2254 3031 membra
2289 2983 2504 3043 propter
2535 2973 2709 3027 oiticia
2752 2988 2842 3025 son
2875 2973 3116 3025 dicantur
3140 2972 3393 3040 superba,
3425 2982 3604 3026 tamen

2020 3069 2072 3121 in
2107 3067 2270 3120 oculis
2300 3066 2465 3132 magis
2495 3065 2628 3117 solet
2656 3063 2899 3132 cognosci
2949 3063 3219 3131 superbia.
3258 3062 3351 3114 Est
3382 3076 3599 3129 sensiis,

338 3170 393 3219 ‘et
420 3162 534 3230 ipse
561 3160 613 3214 in
660 3158 917 3228 principio
947 3156 1026 3209 sui
1062 3155 1178 3208 libri
1227 3152 1505 3221 parvulum
1553 3150 1704 3219 quasi
1760 3146 1922 3200 tilium

2037 3174 2158 3212 cum
2191 3158 2317 3211 dicit
2344 3174 2354 3208 :
2392 3154 2590 3208 lnclina
2623 3170 2778 3207 aures
2802 3196 2816 3219 ,
2863 3154 2959 3207 hoc
2990 3163 3069 3207 est
3101 3192 3115 3215 ,
3167 3153 3230 3203 ad
3262 3152 3607 3206 humilitatem

342 3251 653 3321 alloquitur,
686 3247 948 3302 dicendo:
982 3245 1229 3307 obsculta,
1263 3259 1292 3295 ο
1338 3242 1435 3309 ﬁli,
1467 3249 1716 3309 pracepta
1766 3236 1925 3305 magi-

342 3347 456 3410 stri,
486 3353 541 3398 et
568 3350 783 3396 caetera.
808 3339 938 3392 Nam
980 3337 1079 3390 hoc
1104 3334 1376 3388 sciendum
1407 3339 1489 3385 est
1534 3331 1659 3399 quia
1711 3328 1923 3396 quidatn

348 3435 468 3490 libri
502 3434 700 3486 habent
726 3430 978 3490 ausculta,
996 3428 1208 3495 quidam
1235 3439 1361 3479 vero
1392 3422 1616 3476 obsculta
1644 3437 1662 3473 :
1693 3419 1786 3473 sed
1814 3420 1929 3473 sive

348 3524 493 3577 dicas
514 3522 744 3575 ausculta
775 3536 866 3590 per
884 3535 970 3583 att,
1003 3519 1121 3573 sive
1144 3515 1380 3570 obsculta
1401 3528 1493 3585 per
1518 3513 1601 3576 ob,
1623 3512 1691 3563 nil
1721 3511 1926 3575 obstat;

349 3632 414 3669 co
440 3617 578 3683 quod
604 3615 893 3667 auscultare
913 3609 1266 3679 diciturquasi
1288 3608 1504 3663 auribus
1534 3606 1764 3660 scultare
1786 3644 1801 3668 ,
1835 3604 1933 3658 hoc

350 3719 452 3773 est,
484 3707 697 3759 auribus
727 3705 911 3757 audire
938 3721 951 3765 ;
993 3703 1275 3756 obscultarc
1305 3715 1432 3754 vero
1483 3708 1597 3761 est,
1628 3697 1932 3752 communi-

355 3809 435 3853 ter
464 3798 664 3861 audire,
682 3798 801 3864 quia
830 3796 889 3847 ob
919 3794 971 3847 in
1001 3795 1099 3846 hoc
1131 3794 1247 3845 loco
1275 3806 1366 3858 pro
1407 3790 1558 3841 simul
1589 3790 1821 3856 ponitur.

430 3890 579 3942 Nunc
603 3887 891 3939 videndum
908 3895 989 3937 est
1014 3898 1111 3949 qua
1147 3882 1352 3934 ratione
1373 3888 1591 3932 sanctus
1618 3877 1935 3930 Benedictus

362 3996 483 4034 cum
514 3979 689 4032 dixit:
720 3976 850 4042 Fili,
885 3974 1141 4045 prwtttisit
1168 3988 1231 4039 0;
1261 3987 1379 4026 cum
1419 3969 1718 4025 sutiecisset
1743 3966 1815 4021 illi
1847 3968 1935 4020 di-

366 4070 529 4137 xisse,
565 4068 640 4137 ﬁli
670 4077 905 4130 tantum;
938 4080 1000 4118 eo
1029 4063 1167 4133 quod
1196 4064 1248 4117 in
1280 4079 1343 4115 eo
1376 4061 1588 4114 nomine
1612 4099 1628 4124 ,
1686 4057 1825 4127 quod
1856 4064 1940 4110 est

364 4162 462 4229 iili,
503 4160 710 4214 vocatio
757 4157 1085 4226 intelligitur.
1115 4154 1218 4210 Sed
1252 4153 1523 4207 sciendum
1550 4160 1632 4204 est
1660 4152 1780 4219 quia
1806 4148 1942 4202 sicut

364 4256 534 4308 solent
560 4251 721 4304 multa
750 4251 962 4303 nomina
999 4265 1090 4317 pro
1136 4244 1544 4315 exaggeratione
1574 4282 1589 4307 ,
1620 4244 1667 4295 id
1698 4253 1775 4295 est
1806 4255 1935 4309 aug-

367 4345 710 4404 mentatione,
741 4340 1040 4393 intellectus
1083 4339 1162 4390 sui
1205 4338 1304 4390 sibi
1355 4350 1628 4388 assumere
1684 4332 1940 4401 quasdam

367 4438 695 4504 adjectiones
741 4433 1061 4503 syllabarum
1107 4448 1120 4482 :
1175 4429 1316 4482 verbi
1376 4427 1581 4495 gratia,
1634 4439 1752 4478 cun
1808 4422 1942 4475 dicis

2033 3248 2343 3304 discendam
2376 3247 2593 3300 auribus
2628 3246 2878 3299 submitte
2910 3288 2923 3311 ,
2978 3245 3095 3313 quia
3131 3244 3383 3297 inclinare
3412 3254 3491 3298 cst
3542 3243 3611 3298 ab

2029 3338 2415 3395 excelsioribus
2445 3337 2509 3390 ad
2540 3336 2757 3389 humilia
2797 3335 3058 3389 submitti.
3092 3336 3282 3389 lterum
3321 3337 3608 3389 videndum

2029 3440 2133 3495 est,
2165 3445 2327 3500 quate
2355 3443 2476 3483 cum
2505 3427 2634 3481 dicit
2662 3445 2673 3480 :
2705 3443 2881 3491 aures,
2924 3425 3195 3494 subjunxit
3220 3427 3345 3479 cord
3368 3444 3391 3479 ,ς
3414 3463 3432 3493 ,
3490 3442 3613 3479 cum

2034 3522 2329 3577 sutl‘ecisset
2358 3520 2429 3573 illi
2463 3520 2680 3585 dixisse,
2722 3533 2902 3582 aures,
2935 3518 3046 3571 sine
3075 3519 3373 3584 ail,ec.ione
3402 3515 3613 3580 cordis;

2033 3630 2098 3670 eo
2128 3614 2265 3682 quod
2292 3610 2552 3679 scriptura
2582 3611 2758 3663 divina
2788 3610 2874 3662 ubi
2899 3622 3059 3663 aures
3091 3608 3220 3662 dicit
3247 3648 3261 3673 ,
3308 3609 3485 3661 coidis
3516 3623 3614 3659 au—

2036 3721 2120 3759 res
2142 3703 2397 3772 requirit:
2432 3702 2571 3754 uudo
2604 3702 2856 3753 Dominus
2912 3701 2960 3750 in
3002 3699 3289 3768 Evangelia
3318 3699 3444 3752 dicit
3471 3712 3484 3751 :
3516 3700 3617 3764 Qui

2036 3794 2181 3847 liabet
2209 3808 2358 3845 aures
2386 3792 2628 3844 audiendi
2656 3791 2853 3842 audiat.
2884 3790 2955 3843 lbi
2987 3791 3125 3842 enim
3177 3805 3280 3842 non
3309 3791 3377 3853 de
3403 3791 3616 3843 auribas

2045 3886 2292 3955 Corporis
2322 3886 2453 3939 dicit
2487 3925 2501 3948 ,
2533 3885 2652 3952 quia
2691 3898 2878 3937 omnes
2908 3883 2996 3951 qui
3031 3884 3139 3935 illic
3193 3883 3416 3936 aderant
3465 3899 3619 3935 aures

2038 3992 2321 4045 corporeus
2350 3978 2644 4033 habebant:
2678 3989 2903 4030 etnemo
2922 3977 3045 4029 illuc
3071 3975 3300 4029 venisset
3320 3974 3383 4028 ad
3402 3975 3616 4029 audien-

2042 4069 2187 4131 dum,
2219 4067 2317 4119 nisi
2350 4078 2505 4120 aures
2553 4068 2793 4133 cei-poris
2824 4065 3116 4119 habuisset.
3149 4065 3252 4119 Sed
3288 4067 3411 4133 quia
3444 4067 3623 4119 Domi-

2047 4175 2146 4213 nus
2179 4174 2511 4225 cognoscens
2538 4160 2630 4229 (ut'
2652 4159 2787 4211 Deus
2818 4158 2969 4225 vidit)
3026 4157 3132 4209 illic
3164 4157 3359 4210 multos
3396 4173 3497 4209 non
3530 4175 3623 4208 an-

2044 4266 2128 4305 res
2155 4252 2328 4303 eordis
2361 4250 2629 4314 habuisse,
2663 4248 2782 4302 ideo
2808 4247 3071 4300 clamabat
3099 4265 3109 4297 :
3149 4247 3248 4311 Qui
3289 4246 3434 4299 habet
3473 4260 3622 4299 aures

2045 4343 2287 4393 audiendi
2325 4342 2501 4391 audiat
2533 4341 2726 4407 :quasi
2759 4340 2959 4391 diceret
2993 4379 3009 4405 ,
3062 4337 3179 4391 illos
3208 4338 3347 4391 enim
3380 4338 3624 4407 alloquor

2048 4432 2138 4500 qui
2171 4446 2324 4484 aures
2354 4429 2532 4484 cordis
2566 4428 2926 4483 liabent.l\'am
2955 4443 3112 4481 aures
3140 4427 3420 4482 exterioris
3448 4428 3624 4481 homi-

367 4531 633 4599 praetium,
660 4536 967 4596 prapotens,
999 4521 1246 4583 metens,
1288 4529 1341 4572 et
1385 4528 1577 4572 caetera
1606 4553 1620 4580 ,
1674 4524 1922 4581 assumpt:

2022 4520 2136 4579 ’nis
2162 4539 2350 4577 sonum
2383 4532 2583 4575 tantum
2618 4523 2837 4574 audiunt
2880 4522 2971 4575 sed
3025 4537 3127 4573 non
3175 4523 3510 4586 discernunt;
3562 4537 3627 4575 eo

377 4635 482 4685 pra!
514 4628 565 4670 et
588 4635 668 4680 ex,
696 4620 792 4670 hoe
824 4626 925 4681 est,
961 4614 1115 4667 valde
1143 4615 1310 4677 dives,
1345 4612 1497 4663 valde
1520 4623 1703 4677 potens
1733 4649 1746 4672 ,
1799 4609 1948 4661 valde

379 4710 583 4769 eelsns;
617 4710 685 4758 ita
718 4717 928 4758 sanctus
963 4704 1275 4757 Benedictus
1324 4711 1379 4754 ut
1421 4708 1765 4768 exaggerant
1796 4714 1949 4751 voca-

385 4797 577 4848 tionem
601 4810 749 4847 suam
785 4795 973 4848 iecisse
995 4790 1651 4861 cognoscitur,cumdixit,
1678 4790 1778 4855 ﬁli,
1813 4806 1950 4855 pra:-

387 4888 647 4941 tuittendo
673 4902 701 4937 o
726 4900 743 4937 :
770 4902 886 4937 nam
914 4898 944 4937 ο
972 4886 1070 4950 ﬁli,
1099 4886 1202 4936 duo
1233 4885 1472 4935 Vocativa
1512 4891 1655 4943 sunt,
1688 4880 1834 4946 quasi
1865 4878 1950 4930 di-'

382 4988 524 5031 reret
556 4995 567 5028 :
604 4976 721 5043 Fili,
757 4976 849 5027 liii.
875 4975 1031 5028 Filius
1048 4978 1188 5028 enim
1224 4975 1400 5027 multis
1433 4973 1603 5027 modis
1656 4973 1866 5034 dicitur,
1901 4970 1951 5022 id

383 5080 465 5123 est
498 5079 708 5131 natura,
730 5068 1032 5132 adoptione,
1067 5065 1378 5128 imitatione,
1403 5064 1665 5126 doctrina,
1696 5071 1748 5113 et
1776 5072 1951 5129 gente.

384 5163 577 5213 Natura
603 5171 774 5211 autem
802 5165 853 5208 et
888 5156 1167 5221 adoptione
1202 5156 1447 5207 munibus
1477 5163 1657 5204 notum
1689 5161 1801 5213 est;
1837 5149 1960 5201 imi-

387 5250 585 5301 talione
612 5248 821 5315 quidem
840 5244 1189 5309 dic.tur,qula
1221 5242 1358 5294 illius
1384 5253 1459 5295 est
1491 5243 1626 5293 illius
1651 5241 1788 5307 quis,
1813 5239 1962 5305 cujus

388 5354 545 5408 opera
573 5337 801 5388 imitatur
832 5352 845 5389 :
880 5336 1016 5386 unde
1053 5334 1303 5386 ltominus
1335 5334 1382 5384 in
1412 5333 1694 5401 lavangelio
1716 5328 1837 5380 dicit
1866 5328 1962 5381 Ju-

388 5434 518 5482 tl'.l3.S
545 5473 554 5481 .
592 5428 689 5481 Vos
714 5444 776 5480 ea:
805 5440 945 5493 patre
975 5426 1214 5478 diubotoe
1243 5428 1324 5487 tis,
1346 5426 1463 5493 quin
1492 5427 1598 5493 ejus
1622 5438 1776 5488 Opera
1804 5422 1968 5489 facere

391 5522 561 5572 ratiis.
589 5519 831 5571 Doctrina
851 5536 997 5586 vero,
1019 5523 1152 5571 sicut
1183 5518 1437 5589 dicuntur
1459 5520 1547 5570 lilii
1575 5517 1725 5584 positi
1744 5515 1967 5569 subma-

392 5612 591 5677 gistris.
640 5611 777 5664 unde
831 5611 1117 5679 Apostolus
1174 5611 1339 5664 dicit:
1400 5609 1507 5677 Ego
1552 5624 1636 5661 vos
1679 5607 1828 5677 gruui
1887 5622 1973 5673 per

399 5700 747 5768 iz't'angetinm.
773 5702 941 5755 Gente
963 5712 1139 5754 autem
1167 5705 1302 5755 sicut
1339 5702 1434 5753 luit
1479 5702 1566 5753 tl‘c
1597 5704 1743 5753 diVes
1774 5700 1972 5767 positus

400 5794 453 5845 iit
506 5792 710 5845 interno
739 5795 997 5846 Abrahm:
1035 5795 1174 5846 unde
1206 5808 1325 5846 eum
1364 5793 1625 5844 Ahzaham
1659 5792 1819 5843 tilium
1876 5806 1969 5843 vo-

2055 4614 2193 4682 quod
2226 4625 2407 4667 noster
2437 4617 2594 4666 homo
2621 4614 2855 4665 exterior
2882 4614 3181 4665 c0nimunis
3233 4623 3314 4667 est
3374 4629 3492 4667 enm
3534 4616 3625 4668 he-

2053 4706 2187 4768 stiis,
2226 4704 2383 4756 homo
2428 4719 2553 4758 vero
2593 4704 2817 4757 interior
2845 4706 3144 4757 Communis
3185 4712 3266 4756 est
3293 4718 3412 4757 eum
3445 4708 3625 4774 Angr-

2056 4797 2119 4852 lis
2147 4840 2159 4859 ,
2204 4798 2324 4865 quia
2381 4796 2492 4863 ipse
2518 4797 2580 4847 ad
2614 4796 2895 4864 imaginem
2940 4796 3028 4847 Dei
3087 4799 3374 4863 p‘aunatns
3422 4799 3537 4848 exis
3566 4798 3624 4847 it.

2057 4893 2285 4946 Sanctus
2320 4902 2446 4942 vero
2480 4890 2815 4953 Benedictus,
2849 4892 2969 4956 quia
3025 4888 3309 4942 humilibus
3354 4898 3401 4941 et
3435 4890 3635 4953 simpli-

2058 4983 2208 5036 cibus
2241 4981 2544 5034 hominibus
2592 4981 2907 5045 loquebatur
2939 5020 2953 5041 ,
3012 4992 3078 5032 ne
3127 4979 3301 5044 aliqua
3348 4978 3633 5032 difﬁcultas

2062 5087 2199 5129 esset
2234 5072 2567 5139 iuteilgendi
2596 5070 2663 5124 de
2691 5071 2883 5138 quibus
2907 5070 3120 5122 auribus
3140 5069 3359 5132 diceret,
3391 5068 3510 5121 ideo
3539 5071 3631 5119 ad-

2058 5164 2187 5231 jecit
2219 5204 2230 5225 ,
2262 5163 2449 5216 cordis.
2481 5166 2650 5215 Aures
2689 5172 2863 5214 autem
2900 5201 2912 5221 ,
2960 5159 3246 5213 secundum
3297 5160 3634 5226 antiquorum

2068 5255 2371 5319 sapientum
2400 5266 2638 5311 sensum,
2674 5253 2819 5318 quasi
2849 5252 3005 5303 audes
3033 5253 3184 5305 diota:
3215 5262 3368 5315 sunt;
3401 5266 3464 5304 eo
3496 5252 3635 5318 quod

2072 5342 2287 5392 audiunt
2314 5358 2327 5391 ε
2359 5340 2647 5391 secundum
2677 5350 2851 5392 autem
2884 5354 3099 5393 sensum
3132 5357 3386 5395 novorum
3429 5344 3641 5409 sapieno

2078 5442 2205 5491 tum,
2234 5446 2387 5482 aures
2411 5430 2652 5483 dicuntur
2675 5432 2741 5484 ab
2776 5431 3098 5495 hauriendo;
3132 5448 3198 5487 eo
3228 5436 3363 5502 quod
3390 5436 3640 5488 haurium

2078 5537 2281 5573 sonum.
2341 5520 2532 5573 Izerum
2582 5523 2740 5574 etiam
2786 5526 2950 5591 qumri
2990 5534 3157 5594 potest
3215 5541 3377 5593 quare
3431 5536 3646 5579 sanctus

2084 5608 2418 5671 lle'nmlictus,
2448 5623 2567 5661 cum
2613 5612 2763 5674 dixit,
2793 5616 2982 5676 eordis,
3034 5614 3304 5681 sttbjttnxit
3355 5616 3471 5677 tui,
3520 5628 3642 5669 cum

2082 5700 2157 5752 illi
2215 5703 2483 5753 sufﬁceret
2531 5702 2733 5756 dixisse
2760 5704 3098 5758 solummodo
3154 5706 3362 5758 cordis:
3394 5708 3485 5758 scd
3528 5707 3648 5760 ide't

2083 5793 2348 5859 sul-pinsit
2385 5792 2723 5861 itti,.pt'0plet'
2754 5797 3219 5865 exaggerationem
3253 5801 3451 5861 cordis,
3485 5798 3534 5853 id
3567 5798 3649 5853 est
