4010 6334
375 337 510 392 12385

1529 340 1769 393 SECTlU
1813 338 1825 389 I
1884 369 1949 377 -—-
1991 336 2342 391 l‘ll‘lSTOLzE

3473 327 3617 382 1586

372 453 553 509 pturas
584 441 825 510 legianos
856 443 1017 498 fuisse
1045 462 1055 493 :
1086 446 1179 498 sed
1214 456 1332 511 post
1361 447 1557 514 aliquot
1590 459 1826 512 tempora
1852 449 1951 500 hoc
1981 460 2026 514 Α
2056 448 2152 499 tttit
2186 446 2293 499 duo
2328 455 2477 500 cocta
2528 443 2879 513 pulmentaria
2930 448 2981 496 in
3028 441 3292 495 cotidia~a
3327 442 3623 494 refectione

373 536 671 586 ιιιδιιιιιιιιιιι
717 549 857 598 esse,
904 537 1013 587 sive
1052 552 1079 587 a
1113 537 1266 589 beato
1313 553 1445 605 papa
1497 538 1773 605 Gregorio,
1822 540 1952 601 sive,

373 635 426 673 ut
456 622 522 675 ab
552 624 669 675 aliis
701 625 1014 689 aflirmatur,
1046 627 1113 677 ab
1152 626 1404 679 llouorio.
1454 627 1565 693 Qua
1595 628 1662 681 de
1700 642 1763 680 re
1789 627 1954 681 nostri

374 715 607 783 majores
640 717 983 771 instituerunt
1010 729 1062 769 ιιι
1093 720 1176 772 Ιιὶε
1207 719 1262 777 in
1292 735 1444 773 sacro
1484 732 1667 774 ttostro
1695 723 1952 788 caaoovio,

370 807 514 873 quod
540 806 691 874 juxta
716 817 959 861 sanctum
994 809 1133 863 illius
1159 825 1348 877 corpus
1372 811 1666 863 institutum
1697 823 1799 872 est,
1842 821 1951 865 tres

370 895 651 950 cotidianis
672 896 880 961 diebus,
905 899 1089 951 aestivo
1112 900 1163 951 ni
1189 910 1447 967 tempore,
1472 916 1537 954 ex
1566 900 1738 954 Veteri
1765 901 1952 956 Testa-

371 996 553 1040 mento
583 989 836 1042 lectiones
864 991 912 1041 in
944 990 1128 1044 codice
1167 991 1428 1058 legantur,
1460 1007 1525 1045 ne
1552 1006 1580 1042 a
1622 1002 1805 1044 sancta
1847 992 1952 1045 Ro-

371 1092 524 1131 tuana
556 1077 794 1131 Ecclesia
822 1078 1129 1147 discrepare
1158 1080 1484 1134 viderentur.
1532 1081 1639 1135 Nec
1661 1080 1800 1135 enim
1830 1095 1949 1135 ere-

370 1169 597 1222 dendum
645 1180 726 1224 est
774 1171 872 1223 hoc
921 1179 1074 1224 beato
1119 1173 1258 1225 Patri
1310 1174 1597 1227 Benedicto
1642 1174 1947 1241 displicere,

370 1261 462 1315 sed
497 1263 670 1329 potius
699 1274 909 1329 gratum
942 1265 988 1316 ei
1016 1280 1155 1329 esse,
1185 1265 1225 1316 si
1259 1267 1377 1331 quis
1406 1281 1565 1329 supra
1601 1266 1648 1318 id
1678 1268 1816 1332 quod
1863 1267 1952 1320 ille

372 1351 422 1404 in
459 1350 550 1404 Dei
597 1352 841 1405 laudibus
890 1353 1138 1417 instituit,
1190 1365 1405 1421 propter
1459 1356 1548 1408 Dei
1590 1371 1824 1408 amorem
1856 1358 1949 1409 ad-

364 1444 652 1512 jiciendum
681 1459 802 1499 csse
827 1449 1110 1499 curaverit.
1146 1445 1275 1499 Nam
1308 1456 1361 1499 et
1404 1447 1472 1499 de
1516 1448 1835 1513 psalmorum
1864 1463 1951 1501 ca-

369 1537 664 1591 ucttdorum
715 1553 808 1603 per
856 1538 1094 1603 singulos
1139 1539 1450 1605 septimanae
1497 1538 1611 1591 dies
1669 1539 1946 1603 divisione,

367 1626 409 1679 si
443 1629 524 1681 cui
570 1628 758 1681 melius
810 1630 975 1681 visum
1030 1629 1183 1682 fuerit
1216 1644 1373 1697 quam
1409 1631 1519 1698 ipse
1563 1631 1747 1685 beatus
1798 1634 1950 1687 Pater

369 1717 611 1781 instituit,
642 1717 710 1771 ab
734 1718 847 1787 ipso
880 1719 1036 1773 habet
1079 1721 1367 1785 licentiam,
1402 1730 1459 1774 ut
1489 1722 1679 1775 melius
1711 1724 1946 1776 {estima-

2060 538 2309 592 fratribus
2358 536 2665 604 pra'parari,
2698 543 2752 589 et
2782 536 2991 589 tertium
3023 534 3089 587 de
3133 534 3473 599 lignminibus
3501 548 3627 585 cru.

2054 631 2157 695 dis,
2188 645 2321 697 aqua
2352 629 2561 683 infusis.
2589 628 2693 682 Nos
2735 642 2862 680 vero
2890 642 2967 680 ex.
2988 626 3318 679 institutione
3368 625 3627 692 majorum

2057 735 2404 785 nostrorum,
2468 724 2565 776 tria
2621 728 2769 773 cocta
2835 717 3183 784 pulmentaria
3251 715 3365 769 aliis
3417 714 3625 778 diebus.

2054 822 2240 882 quarta
2272 812 2423 876 feria,
2456 822 2511 865 et
2552 820 2699 864 sexta
2751 810 2900 871 feria,
2942 810 3047 861 duo
3094 817 3294 861 tantum
3329 805 3629 860 reficiendis

2056 902 2308 957 fratribus
2338 915 2719 971 prmparamus.
2776 898 3010 965 Excepto
3037 898 3175 966 quod
3222 898 3398 964 plures
3422 913 3487 951 ex
3520 898 3627 949 fra-

2060 997 2227 1050 tribus
2278 998 2476 1050 nostris
2530 1010 2664 1064 pane
2715 1003 2913 1047 tantum
2969 993 3049 1046 his
3105 994 3292 1049 diebus
3347 994 3630 1061 herbisque

2053 1085 2355 1137 ortensibns
2405 1095 2725 1137 vescuntur:
2774 1097 2997 1148 quorum
3047 1083 3282 1152 plerique
3326 1084 3483 1136 etiam
3530 1098 3630 1137 nec

2056 1176 2236 1228 vinum
2268 1176 2473 1229 bibunt.
2509 1175 2602 1227 Die
2627 1189 2752 1228 vero
2785 1173 3079 1237 Dominico,
3102 1185 3155 1225 et
3185 1174 3235 1227 in
3258 1174 3627 1228 festivitatibus

2054 1265 2377 1330 prcecipuis,
2429 1264 2590 1317 etiam
2657 1272 2903 1332 quartum
2970 1263 3215 1316 addimus
3276 1264 3620 1330 pulmentum.

2054 1354 2300 1421 Exceptis
2328 1354 2577 1416 secunda,
2608 1363 2811 1417 quarta,
2844 1362 2897 1405 ct
2927 1362 3075 1405 sexta
3106 1350 3257 1413 feria,
3287 1353 3405 1406 aliis
3436 1353 3625 1406 diebus

2053 1444 2432 1512 prandentibus
2473 1441 2751 1506 fratribus,
2792 1458 2912 1497 cum
2962 1442 3137 1494 vinum
3192 1443 3343 1495 nobis
3372 1442 3621 1505 abundat.

2049 1534 2281 1601 singulas
2310 1534 2456 1587 tiatas
2505 1533 2731 1587 miscere
2782 1532 3021 1586 facimus.
3056 1533 3107 1584 ln
3153 1533 3374 1587 summis
3417 1548 3625 1601 quoque

2052 1622 2454 1681 festivitatibus,
2486 1622 2584 1675 hoc
2613 1631 2694 1675 est
2722 1622 2773 1673 in
2826 1622 3111 1674 Nativitatc
3164 1619 3389 1685 Domini,
3422 1628 3477 1675 et
3508 1622 3626 1689 Epi-

2053 1710 2261 1777 phania,
2292 1710 2343 1763 in
2375 1710 2597 1774 Pascha,
2629 1720 2682 1764 et
2713 1712 2861 1764 tertia
2895 1710 3018 1765 feria
3051 1718 3164 1777 post
3210 1710 3428 1776 Pascha,
3461 1727 3625 1779 quan-

370 1809 523 1871 verit,
552 1824 767 1862 canere.
823 1810 927 1862 Nec
957 1810 1154 1864 debent
1196 1810 1310 1879 cogi
1353 1812 1618 1873 monachi,
1673 1812 1718 1865 si
1770 1822 1945 1867 tamen
1979 1811 2024 1870 Β
2050 1804 2117 1856 du
2140 1804 2290 1856 nobis
2321 1803 2536 1871 grandis
2567 1804 2820 1857 festivitas
2850 1813 2952 1869 est,
2988 1814 3041 1855 et
3068 1804 3117 1854 in
3169 1802 3539 1864 Pentecosteu,
3571 1814 3626 1856 et

368 1911 547 1955 vestro
574 1902 965 1969 sapientissimo
996 1904 1138 1959 cordi
1189 1905 1259 1957 ita
1295 1905 1485 1972 placet,
1531 1906 1621 1974 qui
1674 1923 1810 1959 nunc
1843 1907 1945 1962 Ro-

368 2006 524 2044 mano
580 2007 727 2044 more
785 1994 1052 2061 psallunt,
1117 1992 1270 2062 juxta
1337 1995 1724 2050 institutionem
1782 2013 1947 2052 sacrae

366 2085 522 2152 hujus
578 2085 791 2154 Regulie
844 2085 1078 2153 psalmos
1128 2086 1408 2141 dividere:
1463 2088 1556 2141 sed
1608 2098 1846 2157 possunt,
1903 2088 1947 2142 si

366 2176 515 2231 vobis
544 2176 617 2230 ita
642 2177 874 2241 videtur,
907 2178 1067 2231 solito
1088 2192 1242 2233 moue
1290 2188 1544 2235 canentes
1571 2182 1793 2235 actionis
1823 2183 1945 2235 vita:

366 2280 605 2322 normam
628 2266 917 2333 suscipere.
947 2267 1240 2321 Direximns
1260 2284 1468 2336 quoque
1498 2278 1521 2304 ο
1549 2271 1725 2338 pondo
1748 2272 1775 2310 δ
1797 2283 1944 2339 quat-

364 2367 483 2409 tuor
511 2356 788 2419 librarum,
833 2356 897 2410 ad
944 2358 1096 2426 cujus
1145 2359 1519 2426 aequalitatem-
1552 2362 1801 2428 ponderis
1857 2378 1945 2431 pa-

363 2445 443 2497 nis
487 2444 679 2498 debeat
726 2445 836 2498 fieri
869 2486 885 2510 ,
938 2449 1024 2514 qui
1078 2455 1098 2483 ε
1140 2458 1422 2516 quaternas
1478 2451 1710 2516 quadras
1761 2455 1944 2521 singu-

362 2534 529 2591 larum
560 2536 813 2597 librarum
840 2537 986 2605 juxta
1037 2553 1201 2593 sacra:
1249 2550 1452 2594 textum
1501 2541 1734 2608 Regulm,
1778 2548 1947 2611 possit

361 2628 544 2683 dividi.
577 2630 725 2696 Quod
759 2630 984 2698 pondus,
1016 2631 1241 2685 sicutab
1269 2632 1383 2698 ipso
1421 2630 1580 2687 Patre
1605 2642 1687 2688 est
1734 2634 1945 2688 institu-

363 2730 494 2786 tum,
523 2721 574 2776 in
599 2722 697 2782 hoc
725 2734 805 2777 est
834 2723 951 2777 loco
981 2732 1273 2792 repertum.
1318 2723 1559 2783 Misimus
1590 2725 1748 2780 etiam
1796 2741 1947 2780 incn-

360 2830 538 2869 suram
586 2824 763 2885 potus,
820 2831 935 2884 quae
992 2816 1218 2883 prandii,
1275 2829 1327 2867 ct
1373 2816 1556 2880 aliam,
1612 2831 1728 2885 quae
1778 2833 1945 2872 caena:

362 2918 602 2974 tempore
631 2907 816 2960 debeat
848 2908 1097 2960 fratribus
1123 2908 1344 2975 prmberi
1371 2924 1383 2960 :
1411 2904 1435 2943 ἀ
1480 2923 1610 2976 quas
1642 2908 1772 2962 duas
1799 2926 1944 2962 mcu-

361 3012 510 3051 suras
536 2999 931 3051 mstitnaverunt
977 2998 1206 3066 majores
1237 3000 1403 3052 nostri
1454 2998 1649 3052 eutinzn
1696 3015 1943 3053 nien~ura

363 3104 501 3143 csso.
560 3089 855 3141 Direximus
885 3088 1044 3141 etiam
1085 3098 1138 3141 et
1186 3103 1489 3143 mensuram
1542 3090 1696 3143 unius
1740 3091 1938 3152 colicis,

2050 1893 2104 1947 in
2134 1893 2610 1965 sanctiJobannis,
2643 1904 2698 1948 et
2744 1895 2794 1946 in
2843 1892 3009 1947 sancti
3054 1895 3212 1955 l'etri,
3261 1903 3313 1945 et
3362 1884 3411 1945 in
3458 1897 3624 1949 sancti

2052 1983 2344 2047 Laurentii,
2374 1994 2428 2038 et
2454 1984 2507 2038 in
2538 1993 2734 2038 sancta;
2765 1983 2962 2049 Mariae,
3011 1992 3062 2035 ct
3112 1983 3162 2035 in
3194 1983 3362 2036 sancti
3394 1981 3626 2047 Martini,

2050 2087 2102 2131 et
2133 2076 2270 2130 beati
2301 2077 2593 2142 Benedicti,
2644 2077 2799 2131 etiam
2855 2076 2936 2129 his
2968 2078 3030 2129 ad
3074 2076 3349 2142 prandium
3401 2078 3628 2133 miscere

2049 2168 2290 2222 facimus.
2323 2168 2522 2222 Praeter
2570 2169 2683 2222 hare
2727 2170 2884 2221 etiam
2923 2168 2940 2205 τ
2985 2170 3184 2224 azstatis
3229 2181 3466 2238 tempore
3512 2181 3631 2236 post

2050 2275 2269 2323 nonam,
2316 2259 2514 2326 aliquid
2560 2260 2603 2312 si
2636 2268 2717 2313 cst
2761 2259 2827 2313 de
2877 2261 3066 2327 pomis,
3113 2270 3169 2314 et
3215 2262 3448 2331 singulas
3479 2262 3627 2315 lialas

2050 2349 2246 2403 nostris
2297 2349 2550 2404 fratribus
2603 2350 2920 2418 pracbemus.
2982 2361 3004 2397 ε
3062 2351 3191 2404 Cum
3242 2368 3367 2406 vero
3421 2359 3629 2421 tempus

2046 2445 2299 2499 sectionis
2354 2443 2481 2498 fumi
2526 2453 2630 2509 est,
2681 2447 2840 2500 etiam
2876 2446 2903 2482 λ
2937 2448 3201 2515 potiorth
3245 2464 3311 2504 ex
3364 2449 3520 2505 melle
3562 2452 3629 2503 ad

2051 2545 2236 2599 horam
2266 2553 2505 2611 quartam
2548 2545 2911 2600 laborantibus
2962 2546 3213 2600 fratribus
3264 2550 3627 2617 propinamus.

2055 2633 2071 2672 ί
2119 2634 2362 2688 Volatilia
2414 2651 2722 2705 numquam,
2772 2636 2869 2689 nisi
2922 2636 3008 2690 die
3046 2637 3247 2691 Natalis
3303 2638 3533 2702 Domini,
3583 2641 3627 2693 si

2046 2737 2128 2782 est
2155 2729 2314 2788 unde.
2346 2744 2514 2796 usque
2551 2729 2615 2781 ad
2657 2728 2773 2782 dies
2824 2738 2943 2781 ιιειο
2984 2727 3336 2793 comedimus,
3385 2730 3630 2783 similiter

2046 2817 2206 2871 etiam
2238 2819 2511 2872 Paschalis
2556 2818 2675 2872 festi
2724 2819 2932 2882 diebus,
2965 2820 3058 2874 sed
3098 2820 3164 2873 de
3207 2835 3299 2874 esu
3332 2821 3626 2875 volatilimn

2050 2916 2152 2961 tam
2186 2919 2342 2963 caute
2393 2909 2833 2977 prudentissimus
2886 2910 3037 2963 Pater
3081 2918 3262 2963 noster
3302 2910 3351 2962 in
3399 2925 3493 2964 sua
3528 2912 3629 2965 lie-

2046 3002 2165 3069 gula
2211 3002 2430 3067 posuit;
2480 3011 2536 3053 ut
2584 3001 2624 3054 si
2678 3000 2840 3054 velint
2887 3001 3168 3064 comedere
3213 3002 3479 3067 monachi,
3507 3018 3625 3056 cum

2048 3103 2404 3158 Opportunum
2454 3100 2555 3154 est,
2607 3108 2710 3145 non
2751 3092 3059 3160 subjaceant
3110 3093 3317 3162 culpat:
3368 3094 3450 3147 sin
3500 3112 3628 3150 vero

360 3195 517 3249 quam
560 3189 584 3216 θ
626 3180 1002 3249 οὺεειιιιίίιιιηί.
1041 3181 1251 3247 fratres,
1309 3182 1458 3249 juxta
1505 3198 1672 3238 Sacra:
1724 3183 1935 3252 Regulae

2052 3185 2122 3236 eis
2164 3199 2191 3235 a
2235 3199 2332 3236 suo
2389 3184 2491 3238 tale
2519 3183 2750 3238 edulium
2796 3200 2898 3236 non
2959 3184 3256 3249 praebeatur
3303 3186 3514 3249 abbate,
3571 3198 3627 3239 ut

364 3283 586 3338 textum,
625 3274 807 3330 solent.
846 3274 1111 3343 accipere.
1162 3273 1355 3333 Beatus
1386 3275 1541 3329 Pater
1572 3286 1751 3331 noster
1783 3276 1935 3329 insd-

434 3418 459 3444 ο
503 3407 701 3462 Panda.
734 3408 847 3461 Non
890 3407 1221 3473 mutandum,
1264 3423 1383 3462 nam
1411 3418 1461 3463 et
1488 3409 1657 3479 pondo
1689 3421 1830 3465 recte
1858 3412 1936 3471 di-

364 3481 499 3531 citur
530 3490 581 3531 et
611 3481 832 3547 pondus.
1804 3496 1811 3505 °

433 3549 459 3587 b
494 3551 744 3614 Quattuor
791 3551 1053 3602 librarum.
1091 3568 1108 3600 ι
1149 3550 1241 3604 Ex.
1272 3550 1371 3605 hoc
1418 3550 1659 3605 fortassis
1703 3552 1874 3617 Capite
1913 3571 1930 3603 ι

363 3621 544 3687 (verba
578 3629 701 3675 sunt,
726 3619 972 3687 llwfteni)
1012 3638 1028 3669 ι
1066 3622 1365 3686 suSpicatur
1392 3621 1782 3674 eruditissimus
1828 3624 1936 3674 Me—

364 3688 557 3741 nardus
581 3691 855 3755 epistolam
882 3691 1013 3742 hanc
1042 3705 1146 3743 non
1174 3705 1291 3743 esse
1311 3690 1692 3752 Theodemari;
1722 3692 1763 3743 si
1793 3694 1936 3745 enim

365 3758 569 3826 pondus
602 3760 768 3821 librie,
802 3767 859 3809 ut
886 3758 934 3809 in
969 3762 1074 3810 suis
1120 3758 1567 3812 declarationibus
1600 3759 1746 3811 aiunt
1786 3761 1937 3812 Casio

365 3842 579 3891 ncnses,
612 3828 682 3880 sit
711 3830 983 3879 unciarum
1017 3828 1232 3894 triginta
1263 3829 1443 3893 trium,
1472 3839 1525 3881 et
1557 3830 1740 3891 semis,
1770 3844 1939 3895 eaque

365 3911 611 3951 mensura
638 3898 909 3951 nonnullis
938 3898 1172 3951 enormis
1201 3897 1473 3961 videatur;
1506 3898 1630 3963 quid
1653 3897 1935 3951 dicendum

365 3967 431 4019 de
465 3966 559 4019 hac
590 3968 937 4020 Ttieodemari
966 3977 1191 4035 quatuor
1214 3967 1486 4030 libratum,
1512 3968 1625 4021 sive
1657 3970 1935 4023 unciarum

365 4037 467 4100 H;
502 4036 572 4088 ita
618 4046 673 4089 ut
704 4037 916 4103 triginta
954 4039 1071 4088 dum
1115 4037 1358 4105 prandio,
1397 4052 1562 4091 coena:
1595 4052 1718 4091 vero
1749 4038 1939 4092 sexde-

369 4109 470 4159 cim
522 4107 882 4173 deputentur?
940 4107 1117 4159 Voluit
1163 4110 1302 4159 enim
1352 4118 1567 4161 sanctus
1625 4108 1938 4167 Benedictus

368 4178 576 4228 tertiam
610 4189 810 4242 partem
844 4177 1102 4229 reservari
1130 4180 1439 4231 cmuaturis.
1475 4197 1493 4228 ι
1520 4177 1733 4231 Certum
1759 4188 1935 4237 tamen

367 4247 519 4300 nobis
548 4255 651 4310 est,
692 4262 755 4300 ex
786 4248 989 4298 duobus
1032 4247 1351 4313 ponderibus
1399 4248 1575 4306 Casini
1607 4248 1780 4309 adhuc
1826 4264 1938 4301 ser-

366 4316 519 4379 vatis,
551 4317 917 4382 quotidianum
947 4318 1095 4384 panis
1124 4319 1459 4381 demensum,
1491 4333 1519 4370 a
1552 4329 1738 4370 sancto
1781 4319 1937 4374 Patre

364 4398 638 4451 statutum,
674 4394 765 4441 aut
808 4387 1017 4453 triginta
1068 4402 1279 4452 novem,
1323 4398 1412 4440 aut
1442 4389 1786 4455 quadraginta
1816 4402 1936 4442 orto

367 4458 635 4509 unciarum
670 4456 850 4510 fuisse.
886 4458 1066 4523 Neque
1096 4459 1331 4511 enormis
1371 4473 1431 4511 ea
1460 4473 1703 4512 mensura
1730 4459 1933 4513 videbi-

2040 3276 2189 3345 quasi
2220 3291 2282 3330 ex
2334 3276 2539 3340 debito,
2595 3276 2695 3329 hoc
2747 3291 2849 3329 non
2900 3276 3069 3343 possit
3113 3277 3403 3346 requirere.
3457 3280 3620 3341 Sane,

2041 3412 2179 3469 Lege
2216 3424 2333 3475 quae
2372 3409 2438 3464 de
2481 3409 2680 3480 quadra
2724 3409 2788 3463 ad
2837 3408 3089 3462 Moretum
3116 3409 3328 3478 scripsit
3358 3409 3621 3480 Scaliger,

2039 3491 2092 3535 et
2126 3480 2366 3532 Vossium
2399 3481 2451 3532 in
2484 3479 2697 3533 Levico.

2112 3549 2135 3587 ά
2170 3550 2306 3615 Quos
2333 3550 2463 3603 duas
2485 3566 2757 3602 mensuras-
2777 3586 2862 3603 ....
2887 3548 3329 3603 amiare-mensura
3356 3565 3483 3605 esse.
3516 3552 3622 3605 Alii

2042 3621 2223 3683 legunt
2265 3636 2595 3680 mensuram;
2646 3620 2737 3673 sed
2790 3629 3070 3683 utrumque
3125 3620 3375 3673 sustineri
3428 3630 3620 3680 potest.

2040 3690 2207 3741 Porro
2234 3689 2297 3741 de
2344 3690 2542 3755 etuina,
2587 3689 2705 3742 vide
2752 3687 3019 3741 laudatum
3053 3686 3383 3751 Ferrariuut,
3419 3690 3467 3741 in
3500 3705 3619 3758 cap.
3648 3732 3653 3739 .

2041 3760 2110 3813 40
2140 3759 2374 3817 Regulae.

2115 3836 2137 3862 °
2181 3828 2560 3894 Obsequiaturi.
2619 3827 2913 3880 Servitnres
2980 3836 3232 3879 vocantur
3285 3829 3334 3879 in
3393 3827 3616 3893 Regula,

2038 3911 2157 3963 cap.
2188 3896 2278 3961 38,
2310 3912 2498 3965 nempe
2525 3898 2611 3964 qui
2656 3913 2851 3950 mensa:
2905 3896 3198 3949 inserviunt
3230 3898 3311 3950 vel
3354 3901 3616 3965 coquinm.

2117 3987 2135 4025 τ
2170 3987 2393 4042 ἈΕκιαιὶε
2419 3996 2638 4056 tempore
2654 3998 2763 4056 post
2785 4004 2994 4047 nonum,
3021 3985 3085 4037 de
3107 3986 3289 4049 pomis,
3318 3997 3363 4039 et
3393 3989 3626 4053 singulas

2039 4058 2207 4127 ﬁalas,
2238 4067 2342 4111 etc.
2378 4058 2659 4124 Antiquom
2696 4059 2831 4109 hunc
2876 4072 3082 4109 morem
3118 4056 3326 4127 bibendi
3374 4067 3491 4122 post
3524 4077 3621 4110 no-

2038 4125 2159 4181 nam
2192 4129 2243 4182 in
2271 4138 2554 4189 conventu,
2575 4142 2691 4179 cum
2720 4128 2886 4192 pomis
2915 4136 3006 4177 aut
3028 4125 3423 4195 cucumeribus,
3451 4144 3621 4195 usque

2038 4198 2102 4253 ad
2136 4214 2312 4251 meant
2348 4196 2759 4251 adolescentiam
2802 4197 2852 4249 in
2885 4195 3297 4264 congregatione
3341 4194 3569 4250 Casincn
3605 4202 3619 4251 i

2039 4278 2302 4321 retentum
2329 4268 2436 4320 vidi
2470 4285 2482 4321 :
2512 4283 2653 4319 nunc
2694 4269 3045 4334 antiquatum.
3094 4265 3147 4318 In
3178 4266 3409 4331 antiquis
3438 4267 3619 4320 usibus

2037 4338 2464 4391 Cisterciensium
2514 4348 2670 4403 caput
2710 4337 2776 4389 δῖ
2820 4338 2897 4389 sic
2947 4335 3255 4390 inscribitur
3290 4352 3301 4388 :
3338 4335 3414 4388 De
3455 4337 3627 4391 bib.rc

2037 4416 2148 4477 post
2181 4424 2385 4460 nonam.
2426 4407 2555 4460 Vide
2588 4408 2914 4461 llml'tcnnm.

2114 4480 2137 4517 Β
2178 4477 2396 4545 Tempus
2433 4478 2669 4530 sectionis
2702 4478 2843 4545 finiti.
2881 4475 3120 4529 Pondera
3155 4476 3240 4529 hic
3270 4485 3507 4544 agrestes
3538 4477 3624 4528 la-

366 4536 450 4577 tm-
479 4529 849 4612 cpgitantibus,
897 4518 1005 4579 tum
1056 4528 1713 4612 variaspcomplettionesp
1742 4530 1930 4612 quibus

2054 4562 2216 4609 )OI‘CB,
2248 4518 2331 4599 utr
2352 4548 2529 4599 mirari
2581 4518 2795 4600 desiiias
2827 4560 3099 4599 enorntem
3133 4547 3281 4612 panis
3302 4518 3619 4599 ldemensum

367 4597 609 4649 omnibus
653 4599 959 4666 prospicere
987 4597 1187 4649 studuit
1225 4598 1588 4651 discretissimi
1618 4598 1930 4666 legislatoris

370 4667 720 4731 providentia,
751 4678 859 4725 tum
889 4667 1002 4736 agri
1050 4669 1279 4733 labores,
1309 4669 1499 4735 quibus
1533 4676 1655 4720 tunc
1685 4668 1928 4721 umnacbi

369 4736 753 4807 exercebantur
786 4754 797 4788 :
825 4748 931 4789 tum
969 4737 1197 4807 denique
1223 4737 1562 4807 obsoniorum
1597 4739 1927 4804 parcitatem,

369 4804 519 4875 panis
549 4806 861 4858 abundantia
895 4804 1173 4875 propterea
1202 4806 1675 4872 compensandam,
1704 4809 1930 4861 tinixinie

368 4872 559 4941 jugiter
584 4875 963 4940 jejunantibns.
992 4872 1235 4931 VConsule
1279 4878 1580 4931 Ferrariutn
1609 4888 1844 4933 nostrum
1878 4880 1930 4931 in

374 4944 621 5011 Hegulam
650 4960 763 5011 cap.
793 4944 880 5008 '55),
912 4946 995 4997 ubi
1024 4950 1191 5011 plura.

442 5023 464 5051 ο
508 5013 573 5065 lu
616 5025 884 5085 quaternas
933 5016 1173 5082 quadrua.
1234 5017 1288 5070 ln
1340 5026 1565 5085 quatuor
1611 5029 1787 5085 partes
1842 5032 1934 5071 sed

371 5094 641 5154 segmenta
670 5087 748 5137 vel
793 5083 1079 5153 fragmenta
1124 5087 1281 5139 dividi
1329 5083 1512 5154 possit.
1547 5083 1685 5140 Sane
1717 5090 1937 5141 Servius

372 5155 434 5204 ad
466 5153 591 5207 illud
640 5169 709 5206 νη
766 5154 977 5208 )Eueid.
1010 5170 1023 5207 :
1059 5154 1261 5210 Pniulis
1311 5153 1404 5209 nec
1455 5174 1661 5224 parcere
1708 5161 1935 5224 quadris,

371 5225 572 5286 scribit,
610 5241 628 5273 ι
663 5223 906 5288 Quadris,
937 5225 986 5278 id
1010 5237 1138 5284 est.
1168 5236 1258 5278 aut
1301 5232 1517 5291 mensis,
1565 5237 1656 5279 aut
1701 5228 1937 5294 ipiadrts,

373 5294 681 5363 fragmentis
709 5296 1018 5363 accipimus.
1053 5313 1071 5346 ι
1108 5295 1241 5349 llinc
1268 5297 1539 5351 Juvenalis
1569 5308 1672 5351 sat.
1700 5296 1733 5347 5
1765 5315 1776 5348 :

494 5407 555 5457 Ut
577 5408 701 5456 bona
722 5421 905 5457 summa
931 5416 1076 5471 putes
1099 5407 1256 5457 aliena
1282 5410 1447 5460 vivere
1471 5412 1671 5473 quadra.

372 5490 437 5545 Et
464 5491 646 5547 Horat.
679 5491 771 5545 lib.
802 5507 840 5556 ι,
869 5494 1024 5559 epist.
1052 5492 1118 5547 18
1144 5510 1157 5546 :

496 5584 554 5635 Et
572 5584 686 5633 mihi
710 5584 902 5633 dividuo
925 5585 1131 5636 findetur
1152 5599 1353 5635 munere
1380 5590 1579 5648 quadra.

373 5669 626 5724 Martialis
652 5684 858 5738 quoque
888 5670 979 5723 lib.
1012 5686 1086 5736 vr,
1121 5671 1288 5737 epigr.
1324 5672 1390 5723 75
1424 5687 1436 5723 :

494 5759 609 5808 Cum
632 5762 783 5810 mittis
804 5762 1055 5811 turdumve
1078 5763 1196 5813 mihi
1214 5762 1506 5823 quadramve
1530 5760 1779 5822 placentae.

2037 4617 2397 4740 “iurantibus
2429 4616 2770 4685 praefinitum.
2805 4616 2953 4669 llunc
2988 4616 3148 4669 etiam
3179 4616 3351 4671 locum
3384 4617 3615 4670 illustrat

2086 4703 2136 4739 (Β
2164 4698 2315 4739 tenus

2086 4698 2315 4739 inltcnus

2109 4774 2138 4812 ιι
2178 4776 2442 4829 Potiouem
2472 4793 2533 4830 ea:
2561 4777 2725 4838 melle,
2756 4783 2859 4829 ctc.
2892 4776 2969 4828 Ad
3009 4778 3146 4829 viros
3178 4774 3513 4837 reficiendas,
3546 4776 3620 4826 si-

2038 4847 2130 4900 tim
2162 4849 2448 4900 sedandam
2480 4847 2831 4915 leniendaque
2874 4849 3081 4901 viscera
3127 4856 3284 4911 atque
3316 4844 3618 4899 mulcenda.

2038 4918 2227 4969 Notum
2258 4917 2385 4970 illud
2424 4918 2585 4970 Asinii
2628 4918 2898 4977 Pollionis,
2930 4918 3044 4985 qui,
3076 4917 3427 4970 centesimum
3459 4928 3617 4965 exce-

2039 4987 2172 5040 dens
2201 4988 2372 5040 aetatis
2395 5003 2613 5050 annum,
2642 5002 2764 5040 cum
2796 4987 2863 5039 ab
2895 4988 3129 5051 Augusto
3159 4986 3367 5052 hospite
3401 4998 3615 5049 rogare-

2041 5067 2126 5111 tur
2162 5071 2392 5125 qnanam
2426 5058 2653 5111 tuaxime
2685 5056 2890 5110 ratione
2922 5056 3155 5125 vigorem
3189 5055 3335 5107 illum
3369 5057 3610 5125 corporis

2042 5123 2308 5190 animique
2352 5123 2997 5191 custodisset,respondit
3030 5141 3041 5177 :
3090 5123 3237 5176 Iutns
3276 5125 3457 5186 mulso,
3489 5123 3618 5192 faris

2048 5199 2177 5248 oleo.
2214 5197 2302 5248 Est
2329 5212 2452 5248 vero
2482 5198 2704 5251 mulsum
2734 5196 2873 5262 potio
2896 5209 2964 5246 ex
2996 5194 3153 5247 melle
3177 5203 3229 5245 et
3253 5195 3375 5246 vino
3401 5194 3620 5246 concin-

2048 5275 2202 5328 nata,
2252 5266 2329 5325 sic
2372 5276 2613 5319 vocatum
2665 5265 2805 5332 quod
2861 5279 3022 5319 venas
3069 5264 3286 5318 lenitate
3336 5279 3430 5317 sua
3483 5266 3621 5316 ntul-

2050 5345 2192 5389 ceat.

2123 5405 2135 5440 ί
2191 5403 2449 5467 Volatilia,
2479 5413 2583 5459 etc.
2625 5406 2819 5458 Locum
2866 5405 3025 5466 hunc,
3069 5411 3259 5468 przeter
3291 5402 3620 5467 Ferrarium,

2046 5474 2395 5528 disertissime
2438 5487 2651 5529 enarrat
2683 5476 2989 5537 llmftenus;
3020 5475 3167 5525 illum
3199 5473 3282 5525 adi
3326 5473 3391 5525 ad
3436 5473 3612 5538 pagin.

2046 5544 2149 5599 921i
2179 5556 2229 5598 et
2256 5558 2405 5612 seqq.
2431 5544 2586 5599 Certe
2616 5546 2951 5599 Theodemar
2977 5556 3027 5597 et
3061 5543 3275 5606 Paulus,
3304 5543 3618 5611 prioresque

2047 5617 2211 5669 nostri
2244 5616 2538 5678 Casinatcs,
2571 5618 2621 5668 in
2653 5631 2713 5670 ea
2745 5616 2956 5667 fuerunt
2983 5614 3231 5681 opinione
3261 5622 3372 5665 uta
3403 5613 3613 5678 legisla-

2048 5694 2160 5738 [Ore
2209 5686 2498 5738 volatiliunt
2541 5701 2663 5740 esus
2705 5686 2977 5739 monachis
3026 5683 3243 5739 omnino
3288 5682 3610 5738 interdictas

2047 5772 2148 5809 non
2179 5754 2353 5809 fuerit.
