  <div class='ocr_page' id='page_1' title='image "/cluster/home/n/w/nwhite01/storage/ocr_20150623/95/hvd.32044010719722/823.png"; bbox 0 0 4010 6334; ppageno 0'>
   <div class='ocr_carea' id='block_1_1' title="bbox 466 323 592 377">
    <p class='ocr_par' dir='ltr' id='par_1_1' title="bbox 466 323 592 377">
     <span class='ocr_line' id='line_1_1' title="bbox 466 323 592 377; baseline 0.024 -3"><span class='ocrx_word' id='word_1_1' title='bbox 466 323 522 374; x_wconf 66' lang='lat' dir='ltr'><strong>l3</strong></span> <span class='ocrx_word' id='word_1_2' title='bbox 542 324 592 377; x_wconf 74' lang='lat'><strong>~17</strong></span> 
     </span>
    </p>
   </div>
   <div class='ocr_carea' id='block_1_2' title="bbox 1078 325 3119 384">
    <p class='ocr_par' dir='ltr' id='par_1_2' title="bbox 1078 325 3119 384">
     <span class='ocr_line' id='line_1_2' title="bbox 1078 325 3119 384; baseline 0.001 -3"><span class='ocrx_word' id='word_1_3' title='bbox 1078 328 1277 382; x_wconf 62' lang='lat' dir='ltr'><strong>PAULI</strong></span> <span class='ocrx_word' id='word_1_4' title='bbox 1315 325 1579 380; x_wconf 74' lang='lat' dir='ltr'><strong>Dl.\G()Nl</strong></span> <span class='ocrx_word' id='word_1_5' title='bbox 1621 326 1771 380; x_wconf 86' lang='lat' dir='ltr'><strong>OPP.</strong></span> <span class='ocrx_word' id='word_1_6' title='bbox 1816 327 1989 381; x_wconf 72' lang='lat' dir='ltr'><strong>PARS</strong></span> <span class='ocrx_word' id='word_1_7' title='bbox 2031 327 2116 381; x_wconf 89' lang='lat' dir='ltr'><strong>Ill.</strong></span> <span class='ocrx_word' id='word_1_8' title='bbox 2162 358 2228 367; x_wconf 73' lang='grc' dir='ltr'><strong>ο·-</strong></span> <span class='ocrx_word' id='word_1_9' title='bbox 2267 326 2621 383; x_wconf 58' lang='lat' dir='ltr'><strong>EPISTOLJ&#39;.‘</strong></span> <span class='ocrx_word' id='word_1_10' title='bbox 2666 328 2750 383; x_wconf 84' lang='lat' dir='ltr'><strong>ET</strong></span> <span class='ocrx_word' id='word_1_11' title='bbox 2788 327 3119 384; x_wconf 73' lang='lat' dir='ltr'><strong>CARMINA.</strong></span> 
     </span>
    </p>
   </div>
   <div class='ocr_carea' id='block_1_3' title="bbox 3581 328 3725 385">
    <p class='ocr_par' dir='ltr' id='par_1_3' title="bbox 3581 328 3725 385">
     <span class='ocr_line' id='line_1_3' title="bbox 3581 328 3725 385; baseline -0.007 -2"><span class='ocrx_word' id='word_1_12' title='bbox 3581 328 3725 385; x_wconf 77' lang='grc'><strong>1588</strong></span> 
     </span>
    </p>
   </div>
   <div class='ocr_carea' id='block_1_4' title="bbox 457 440 3729 514">
    <p class='ocr_par' dir='ltr' id='par_1_4' title="bbox 457 440 3729 514">
     <span class='ocr_line' id='line_1_4' title="bbox 457 440 3729 514; baseline 0.003 -23"><span class='ocrx_word' id='word_1_13' title='bbox 457 446 574 509; x_wconf 76' lang='lat' dir='ltr'><strong>quia</strong></span> <span class='ocrx_word' id='word_1_14' title='bbox 608 440 907 509; x_wconf 65' lang='lat' dir='ltr'><strong>percontari</strong></span> <span class='ocrx_word' id='word_1_15' title='bbox 952 441 1146 509; x_wconf 75' lang='lat' dir='ltr'><strong>dignati</strong></span> <span class='ocrx_word' id='word_1_16' title='bbox 1188 442 1317 495; x_wconf 87' lang='lat' dir='ltr'><strong>estis</strong></span> <span class='ocrx_word' id='word_1_17' title='bbox 1353 442 1490 509; x_wconf 81' lang='lat' dir='ltr'><strong>quod</strong></span> <span class='ocrx_word' id='word_1_18' title='bbox 1541 443 1910 496; x_wconf 77' lang='lat' dir='ltr'><strong>vestimentum</strong></span> <span class='ocrx_word' id='word_1_19' title='bbox 1944 456 2038 495; x_wconf 84' lang='lat' dir='ltr'><strong>cu-</strong></span> <span class='ocrx_word' id='word_1_20' title='bbox 2066 450 2111 507; x_wconf 83' lang='grc' dir='ltr'><strong>Α</strong></span> <span class='ocrx_word' id='word_1_21' title='bbox 2146 442 2379 505; x_wconf 77' lang='lat' dir='ltr'><strong>labores,</strong></span> <span class='ocrx_word' id='word_1_22' title='bbox 2437 455 2544 497; x_wconf 77' lang='lat' dir='ltr'><strong>tres</strong></span> <span class='ocrx_word' id='word_1_23' title='bbox 2600 444 2806 497; x_wconf 75' lang='lat' dir='ltr'><strong>tunicas</strong></span> <span class='ocrx_word' id='word_1_24' title='bbox 2862 443 3099 510; x_wconf 88' lang='lat' dir='ltr'><strong>habere;</strong></span> <span class='ocrx_word' id='word_1_25' title='bbox 3154 442 3286 499; x_wconf 87' lang='lat' dir='ltr'><strong>duas</strong></span> <span class='ocrx_word' id='word_1_26' title='bbox 3327 447 3624 514; x_wconf 81' lang='lat' dir='ltr'><strong>grossiurcs</strong></span> <span class='ocrx_word' id='word_1_27' title='bbox 3673 447 3729 502; x_wconf 88' lang='lat' dir='ltr'><strong>in</strong></span> 
     </span>
    </p>
   </div>
   <div class='ocr_carea' id='block_1_5' title="bbox 456 532 2037 602">
    <p class='ocr_par' dir='ltr' id='par_1_5' title="bbox 456 532 2037 602">
     <span class='ocr_line' id='line_1_5' title="bbox 456 532 2037 602; baseline 0.001 -16"><span class='ocrx_word' id='word_1_28' title='bbox 456 533 594 586; x_wconf 84' lang='lat' dir='ltr'><strong>culla</strong></span> <span class='ocrx_word' id='word_1_29' title='bbox 627 532 816 586; x_wconf 97' lang='lat' dir='ltr'><strong>debeat</strong></span> <span class='ocrx_word' id='word_1_30' title='bbox 846 533 1091 602; x_wconf 76' lang='lat' dir='ltr'><strong>intelligi.</strong></span> <span class='ocrx_word' id='word_1_31' title='bbox 1124 540 1146 567; x_wconf 74' lang='grc' dir='ltr'>α</span> <span class='ocrx_word' id='word_1_32' title='bbox 1188 532 1460 586; x_wconf 79' lang='lat' dir='ltr'><strong>Ctteullam</strong></span> <span class='ocrx_word' id='word_1_33' title='bbox 1495 549 1590 586; x_wconf 89' lang='lat' dir='ltr'><strong>nos</strong></span> <span class='ocrx_word' id='word_1_34' title='bbox 1640 548 1756 587; x_wconf 71' lang='lat' dir='ltr'><strong>esse</strong></span> <span class='ocrx_word' id='word_1_35' title='bbox 1787 533 2037 601; x_wconf 86' lang='lat' dir='ltr'><strong>dicimus,</strong></span> 
     </span>
    </p>
   </div>
   <div class='ocr_carea' id='block_1_6' title="bbox 457 624 2043 695">
    <p class='ocr_par' dir='ltr' id='par_1_6' title="bbox 457 624 2043 695">
     <span class='ocr_line' id='line_1_6' title="bbox 457 624 2043 695; baseline 0.004 -20"><span class='ocrx_word' id='word_1_36' title='bbox 457 641 617 695; x_wconf 84' lang='lat' dir='ltr'><strong>quam</strong></span> <span class='ocrx_word' id='word_1_37' title='bbox 665 624 770 679; x_wconf 89' lang='lat' dir='ltr'><strong>alio</strong></span> <span class='ocrx_word' id='word_1_38' title='bbox 826 626 1040 680; x_wconf 79' lang='lat' dir='ltr'><strong>nomine</strong></span> <span class='ocrx_word' id='word_1_39' title='bbox 1087 627 1321 678; x_wconf 84' lang='lat' dir='ltr'><strong>casulam</strong></span> <span class='ocrx_word' id='word_1_40' title='bbox 1378 640 1647 680; x_wconf 86' lang='lat' dir='ltr'><strong>vocamus.</strong></span> <span class='ocrx_word' id='word_1_41' title='bbox 1704 628 1767 680; x_wconf 83' lang='lat' dir='ltr'><strong>Et</strong></span> <span class='ocrx_word' id='word_1_42' title='bbox 1809 627 1935 680; x_wconf 87' lang='lat' dir='ltr'><strong>inde</strong></span> <span class='ocrx_word' id='word_1_43' title='bbox 1963 638 2043 681; x_wconf 88' lang='lat' dir='ltr'><strong>est</strong></span> 
     </span>
    </p>
   </div>
   <div class='ocr_carea' id='block_1_7' title="bbox 458 716 2039 784">
    <p class='ocr_par' dir='ltr' id='par_1_7' title="bbox 458 716 2039 784">
     <span class='ocr_line' id='line_1_7' title="bbox 458 716 2039 784; baseline 0.003 -17"><span class='ocrx_word' id='word_1_44' title='bbox 458 716 601 784; x_wconf 89' lang='lat' dir='ltr'><strong>quod</strong></span> <span class='ocrx_word' id='word_1_45' title='bbox 634 716 808 770; x_wconf 88' lang='lat' dir='ltr'><strong>hieme</strong></span> <span class='ocrx_word' id='word_1_46' title='bbox 843 716 1110 783; x_wconf 87' lang='lat' dir='ltr'><strong>villusam,</strong></span> <span class='ocrx_word' id='word_1_47' title='bbox 1151 726 1336 770; x_wconf 80' lang='lat' dir='ltr'><strong>:eState</strong></span> <span class='ocrx_word' id='word_1_48' title='bbox 1383 731 1594 784; x_wconf 84' lang='lat' dir='ltr'><strong>puram,</strong></span> <span class='ocrx_word' id='word_1_49' title='bbox 1643 727 1734 771; x_wconf 90' lang='lat' dir='ltr'><strong>aut</strong></span> <span class='ocrx_word' id='word_1_50' title='bbox 1776 728 2039 771; x_wconf 88' lang='lat' dir='ltr'><strong>vetustam</strong></span> 
     </span>
    </p>
   </div>
   <div class='ocr_carea' id='block_1_8' title="bbox 464 806 2043 877">
    <p class='ocr_par' dir='ltr' id='par_1_8' title="bbox 464 806 2043 877">
     <span class='ocr_line' id='line_1_8' title="bbox 464 806 2043 877; baseline 0.001 -17"><span class='ocrx_word' id='word_1_51' title='bbox 464 809 651 863; x_wconf 87' lang='lat' dir='ltr'><strong>beatus</strong></span> <span class='ocrx_word' id='word_1_52' title='bbox 706 807 864 861; x_wconf 87' lang='lat' dir='ltr'><strong>Pater</strong></span> <span class='ocrx_word' id='word_1_53' title='bbox 914 807 1176 869; x_wconf 75' lang='lat' dir='ltr'><strong>instituit;</strong></span> <span class='ocrx_word' id='word_1_54' title='bbox 1229 807 1347 876; x_wconf 90' lang='lat' dir='ltr'><strong>quia</strong></span> <span class='ocrx_word' id='word_1_55' title='bbox 1387 806 1591 861; x_wconf 89' lang='lat' dir='ltr'><strong>scilicet</strong></span> <span class='ocrx_word' id='word_1_56' title='bbox 1625 809 1722 861; x_wconf 91' lang='lat' dir='ltr'><strong>hoc</strong></span> <span class='ocrx_word' id='word_1_57' title='bbox 1769 823 1935 877; x_wconf 82' lang='lat' dir='ltr'><strong>genus</strong></span> <span class='ocrx_word' id='word_1_58' title='bbox 1964 810 2043 861; x_wconf 85' lang='lat' dir='ltr'><strong>in—</strong></span> 
     </span>
    </p>
   </div>
   <div class='ocr_carea' id='block_1_9' title="bbox 463 898 2041 955">
    <p class='ocr_par' dir='ltr' id='par_1_9' title="bbox 463 898 2041 955">
     <span class='ocr_line' id='line_1_9' title="bbox 463 898 2041 955; baseline 0.003 -5"><span class='ocrx_word' id='word_1_59' title='bbox 463 899 701 953; x_wconf 91' lang='lat' dir='ltr'><strong>dnmenti</strong></span> <span class='ocrx_word' id='word_1_60' title='bbox 748 900 886 953; x_wconf 88' lang='lat' dir='ltr'><strong>solet</strong></span> <span class='ocrx_word' id='word_1_61' title='bbox 915 912 1034 953; x_wconf 90' lang='lat' dir='ltr'><strong>cum</strong></span> <span class='ocrx_word' id='word_1_62' title='bbox 1084 898 1223 952; x_wconf 86' lang='lat' dir='ltr'><strong>villis</strong></span> <span class='ocrx_word' id='word_1_63' title='bbox 1271 900 1453 953; x_wconf 70' lang='lat' dir='ltr'><strong>intexi.</strong></span> <span class='ocrx_word' id='word_1_64' title='bbox 1498 898 1627 954; x_wconf 88' lang='lat' dir='ltr'><strong>illud</strong></span> <span class='ocrx_word' id='word_1_65' title='bbox 1668 909 1843 954; x_wconf 90' lang='lat' dir='ltr'><strong>autem</strong></span> <span class='ocrx_word' id='word_1_66' title='bbox 1876 900 2041 955; x_wconf 84' lang='lat' dir='ltr'><strong>vesti-</strong></span> 
     </span>
    </p>
   </div>
   <div class='ocr_carea' id='block_1_10' title="bbox 463 990 2038 1060">
    <p class='ocr_par' dir='ltr' id='par_1_10' title="bbox 463 990 2038 1060">
     <span class='ocr_line' id='line_1_10' title="bbox 463 990 2038 1060; baseline 0.001 -16"><span class='ocrx_word' id='word_1_67' title='bbox 463 1000 723 1057; x_wconf 86' lang='lat' dir='ltr'><strong>mentum,</strong></span> <span class='ocrx_word' id='word_1_68' title='bbox 755 991 893 1060; x_wconf 90' lang='lat' dir='ltr'><strong>quod</strong></span> <span class='ocrx_word' id='word_1_69' title='bbox 927 1006 955 1045; x_wconf 92' lang='lat' dir='ltr'><strong>a</strong></span> <span class='ocrx_word' id='word_1_70' title='bbox 987 990 1275 1046; x_wconf 80' lang='lat' dir='ltr'><strong>Gallicanis</strong></span> <span class='ocrx_word' id='word_1_71' title='bbox 1300 992 1572 1045; x_wconf 86' lang='lat' dir='ltr'><strong>monachis</strong></span> <span class='ocrx_word' id='word_1_72' title='bbox 1593 992 1798 1046; x_wconf 91' lang='lat' dir='ltr'><strong>cuculla</strong></span> <span class='ocrx_word' id='word_1_73' title='bbox 1823 993 2038 1058; x_wconf 87' lang='lat' dir='ltr'><strong>dicitur,</strong></span> 
     </span>
    </p>
   </div>
   <div class='ocr_carea' id='block_1_11' title="bbox 462 1080 2040 1150">
    <p class='ocr_par' dir='ltr' id='par_1_11' title="bbox 462 1080 2040 1150">
     <span class='ocr_line' id='line_1_11' title="bbox 462 1080 2040 1150; baseline 0.001 -17"><span class='ocrx_word' id='word_1_74' title='bbox 462 1089 517 1133; x_wconf 89' lang='lat' dir='ltr'><strong>et</strong></span> <span class='ocrx_word' id='word_1_75' title='bbox 552 1095 647 1135; x_wconf 88' lang='lat' dir='ltr'><strong>nos</strong></span> <span class='ocrx_word' id='word_1_76' title='bbox 668 1095 887 1149; x_wconf 88' lang='lat' dir='ltr'><strong>cappam</strong></span> <span class='ocrx_word' id='word_1_77' title='bbox 919 1094 1192 1145; x_wconf 88' lang='lat' dir='ltr'><strong>vocamus,</strong></span> <span class='ocrx_word' id='word_1_78' title='bbox 1244 1080 1385 1149; x_wconf 92' lang='lat' dir='ltr'><strong>quod</strong></span> <span class='ocrx_word' id='word_1_79' title='bbox 1417 1081 1629 1150; x_wconf 87' lang='lat' dir='ltr'><strong>proprie</strong></span> <span class='ocrx_word' id='word_1_80' title='bbox 1659 1084 2040 1136; x_wconf 81' lang='lat' dir='ltr'><strong>monachorum</strong></span> 
     </span>
    </p>
   </div>
   <div class='ocr_carea' id='block_1_12' title="bbox 457 1170 2045 1240">
    <p class='ocr_par' dir='ltr' id='par_1_12' title="bbox 457 1170 2045 1240">
     <span class='ocr_line' id='line_1_12' title="bbox 457 1170 2045 1240; baseline 0.003 -18"><span class='ocrx_word' id='word_1_81' title='bbox 457 1170 706 1240; x_wconf 80' lang='lat' dir='ltr'><strong>designat</strong></span> <span class='ocrx_word' id='word_1_82' title='bbox 738 1170 999 1236; x_wconf 88' lang='lat' dir='ltr'><strong>habitum,</strong></span> <span class='ocrx_word' id='word_1_83' title='bbox 1030 1170 1278 1225; x_wconf 90' lang='lat' dir='ltr'><strong>melotem</strong></span> <span class='ocrx_word' id='word_1_84' title='bbox 1305 1172 1574 1240; x_wconf 88' lang='lat' dir='ltr'><strong>appellare</strong></span> <span class='ocrx_word' id='word_1_85' title='bbox 1601 1171 1879 1234; x_wconf 86' lang='lat' dir='ltr'><strong>debemus,</strong></span> <span class='ocrx_word' id='word_1_86' title='bbox 1908 1174 2045 1226; x_wconf 89' lang='lat' dir='ltr'><strong>sicut</strong></span> 
     </span>
    </p>
   </div>
   <div class='ocr_carea' id='block_1_13' title="bbox 457 1262 2038 1333">
    <p class='ocr_par' dir='ltr' id='par_1_13' title="bbox 457 1262 2038 1333">
     <span class='ocr_line' id='line_1_13' title="bbox 457 1262 2038 1333; baseline 0 -16"><span class='ocrx_word' id='word_1_87' title='bbox 457 1271 511 1317; x_wconf 92' lang='lat' dir='ltr'><strong>et</strong></span> <span class='ocrx_word' id='word_1_88' title='bbox 544 1264 800 1319; x_wconf 76' lang='lat' dir='ltr'><strong>hactenus</strong></span> <span class='ocrx_word' id='word_1_89' title='bbox 826 1263 879 1317; x_wconf 92' lang='lat' dir='ltr'><strong>in</strong></span> <span class='ocrx_word' id='word_1_90' title='bbox 916 1263 1013 1317; x_wconf 93' lang='lat' dir='ltr'><strong>hac</strong></span> <span class='ocrx_word' id='word_1_91' title='bbox 1045 1262 1314 1330; x_wconf 81' lang='lat' dir='ltr'><strong>provincia</strong></span> <span class='ocrx_word' id='word_1_92' title='bbox 1344 1278 1371 1317; x_wconf 91' lang='lat' dir='ltr'><strong>a</strong></span> <span class='ocrx_word' id='word_1_93' title='bbox 1422 1264 1735 1333; x_wconf 83' lang='lat' dir='ltr'><strong>quibusdam</strong></span> <span class='ocrx_word' id='word_1_94' title='bbox 1779 1273 1997 1319; x_wconf 75' lang='lat' dir='ltr'><strong>vocatur</strong></span> <span class='ocrx_word' id='word_1_95' title='bbox 2026 1282 2038 1317; x_wconf 88' lang='lat'><strong>:</strong></span> 
     </span>
    </p>
   </div>
   <div class='ocr_carea' id='block_1_14' title="bbox 455 1353 2036 1424">
    <p class='ocr_par' dir='ltr' id='par_1_14' title="bbox 455 1353 2036 1424">
     <span class='ocr_line' id='line_1_14' title="bbox 455 1353 2036 1424; baseline 0.002 -18"><span class='ocrx_word' id='word_1_96' title='bbox 455 1358 525 1408; x_wconf 88' lang='lat' dir='ltr'><strong>de</strong></span> <span class='ocrx_word' id='word_1_97' title='bbox 554 1367 658 1422; x_wconf 93' lang='lat' dir='ltr'><strong>quo</strong></span> <span class='ocrx_word' id='word_1_98' title='bbox 688 1353 825 1408; x_wconf 87' lang='lat' dir='ltr'><strong>sicut</strong></span> <span class='ocrx_word' id='word_1_99' title='bbox 866 1353 1057 1409; x_wconf 88' lang='lat' dir='ltr'><strong>beatus</strong></span> <span class='ocrx_word' id='word_1_100' title='bbox 1095 1353 1383 1424; x_wconf 89' lang='lat' dir='ltr'><strong>Gregorius</strong></span> <span class='ocrx_word' id='word_1_101' title='bbox 1431 1354 1618 1409; x_wconf 85' lang='lat' dir='ltr'><strong>scribit</strong></span> <span class='ocrx_word' id='word_1_102' title='bbox 1650 1355 1703 1409; x_wconf 91' lang='lat' dir='ltr'><strong>in</strong></span> <span class='ocrx_word' id='word_1_103' title='bbox 1756 1355 1890 1411; x_wconf 87' lang='lat' dir='ltr'><strong>libro</strong></span> <span class='ocrx_word' id='word_1_104' title='bbox 1916 1356 2036 1409; x_wconf 84' lang='lat' dir='ltr'><strong>Dia-</strong></span> 
     </span>
    </p>
   </div>
   <div class='ocr_carea' id='block_1_15' title="bbox 454 1445 2035 1514">
    <p class='ocr_par' dir='ltr' id='par_1_15' title="bbox 454 1445 2035 1514">
     <span class='ocr_line' id='line_1_15' title="bbox 454 1445 2035 1514; baseline -0.001 -15"><span class='ocrx_word' id='word_1_105' title='bbox 454 1445 608 1513; x_wconf 86' lang='lat' dir='ltr'><strong>logi:</strong></span> <span class='ocrx_word' id='word_1_106' title='bbox 659 1452 919 1511; x_wconf 76' lang='lat' dir='ltr'><strong>exceptus</strong></span> <span class='ocrx_word' id='word_1_107' title='bbox 969 1445 1036 1497; x_wconf 90' lang='lat' dir='ltr'><strong>ab</strong></span> <span class='ocrx_word' id='word_1_108' title='bbox 1085 1458 1221 1513; x_wconf 90' lang='lat' dir='ltr'><strong>aqua</strong></span> <span class='ocrx_word' id='word_1_109' title='bbox 1271 1459 1366 1514; x_wconf 91' lang='lat' dir='ltr'><strong>per</strong></span> <span class='ocrx_word' id='word_1_110' title='bbox 1420 1445 1659 1499; x_wconf 81' lang='lat' dir='ltr'><strong>Maurum</strong></span> <span class='ocrx_word' id='word_1_111' title='bbox 1715 1445 2035 1500; x_wconf 90' lang='lat' dir='ltr'><strong>monachum</strong></span> 
     </span>
    </p>
   </div>
   <div class='ocr_carea' id='block_1_16' title="bbox 456 1534 2041 1606">
    <p class='ocr_par' dir='ltr' id='par_1_16' title="bbox 456 1534 2041 1606">
     <span class='ocr_line' id='line_1_16' title="bbox 456 1534 2041 1606; baseline 0 -17"><span class='ocrx_word' id='word_1_112' title='bbox 456 1551 590 1606; x_wconf 88' lang='lat' dir='ltr'><strong>puer</strong></span> <span class='ocrx_word' id='word_1_113' title='bbox 620 1535 867 1591; x_wconf 89' lang='lat' dir='ltr'><strong>Placidus</strong></span> <span class='ocrx_word' id='word_1_114' title='bbox 909 1534 1062 1600; x_wconf 79' lang='lat' dir='ltr'><strong>dixit,</strong></span> <span class='ocrx_word' id='word_1_115' title='bbox 1098 1535 1227 1604; x_wconf 83' lang='lat' dir='ltr'><strong>Ego,</strong></span> <span class='ocrx_word' id='word_1_116' title='bbox 1270 1549 1390 1589; x_wconf 93' lang='lat' dir='ltr'><strong>cum</strong></span> <span class='ocrx_word' id='word_1_117' title='bbox 1418 1536 1484 1588; x_wconf 91' lang='lat' dir='ltr'><strong>ab</strong></span> <span class='ocrx_word' id='word_1_118' title='bbox 1514 1550 1647 1605; x_wconf 84' lang='lat' dir='ltr'><strong>aqua</strong></span> <span class='ocrx_word' id='word_1_119' title='bbox 1678 1535 2041 1602; x_wconf 90' lang='lat' dir='ltr'><strong>abstraherer,</strong></span> 
     </span>
    </p>
   </div>
   <div class='ocr_carea' id='block_1_17' title="bbox 452 1612 2046 1694">
    <p class='ocr_par' dir='ltr' id='par_1_17' title="bbox 452 1612 2046 1694">
     <span class='ocr_line' id='line_1_17' title="bbox 452 1612 2046 1694; baseline -0.001 -13"><span class='ocrx_word' id='word_1_120' title='bbox 452 1627 706 1681; x_wconf 87' lang='lat' dir='ltr'><strong>melotem</strong></span> <span class='ocrx_word' id='word_1_121' title='bbox 737 1640 899 1693; x_wconf 89' lang='lat' dir='ltr'><strong>super</strong></span> <span class='ocrx_word' id='word_1_122' title='bbox 946 1640 1030 1679; x_wconf 91' lang='lat' dir='ltr'><strong>me</strong></span> <span class='ocrx_word' id='word_1_123' title='bbox 1079 1625 1287 1679; x_wconf 76' lang='lat' dir='ltr'><strong>abbatis</strong></span> <span class='ocrx_word' id='word_1_124' title='bbox 1331 1625 1642 1689; x_wconf 86' lang='lat' dir='ltr'><strong>cernebam,</strong></span> <span class='ocrx_word' id='word_1_125' title='bbox 1688 1639 1914 1694; x_wconf 89' lang='lat' dir='ltr'><strong>eumque</strong></span> <span class='ocrx_word' id='word_1_126' title='bbox 1961 1612 2046 1680; x_wconf 88' lang='lat' dir='ltr'><strong>me</strong></span> 
     </span>
    </p>
   </div>
   <div class='ocr_carea' id='block_1_18' title="bbox 455 1716 2042 1788">
    <p class='ocr_par' dir='ltr' id='par_1_18' title="bbox 455 1716 2042 1788">
     <span class='ocr_line' id='line_1_18' title="bbox 455 1716 2042 1788; baseline 0 -17"><span class='ocrx_word' id='word_1_127' title='bbox 455 1718 525 1772; x_wconf 87' lang='lat' dir='ltr'><strong>ab</strong></span> <span class='ocrx_word' id='word_1_128' title='bbox 551 1718 703 1787; x_wconf 85' lang='lat' dir='ltr'><strong>aquis</strong></span> <span class='ocrx_word' id='word_1_129' title='bbox 734 1716 963 1772; x_wconf 79' lang='lat' dir='ltr'><strong>educere</strong></span> <span class='ocrx_word' id='word_1_130' title='bbox 1007 1717 1434 1772; x_wconf 81' lang='lat' dir='ltr'><strong>considerabam.</strong></span> <span class='ocrx_word' id='word_1_131' title='bbox 1483 1717 1636 1784; x_wconf 87' lang='lat' dir='ltr'><strong>Quod</strong></span> <span class='ocrx_word' id='word_1_132' title='bbox 1679 1726 2042 1788; x_wconf 84' lang='lat' dir='ltr'><strong>tegumentum</strong></span> 
     </span>
    </p>
   </div>
   <div class='ocr_carea' id='block_1_19' title="bbox 2147 532 3729 601">
    <p class='ocr_par' dir='ltr' id='par_1_19' title="bbox 2147 532 3729 601">
     <span class='ocr_line' id='line_1_19' title="bbox 2147 532 3729 601; baseline 0.007 -18"><span class='ocrx_word' id='word_1_133' title='bbox 2147 532 2339 589; x_wconf 85' lang='lat' dir='ltr'><strong>hieme.</strong></span> <span class='ocrx_word' id='word_1_134' title='bbox 2372 547 2527 587; x_wconf 89' lang='lat' dir='ltr'><strong>unant</strong></span> <span class='ocrx_word' id='word_1_135' title='bbox 2574 533 2909 587; x_wconf 90' lang='lat' dir='ltr'><strong>subtiliorem</strong></span> <span class='ocrx_word' id='word_1_136' title='bbox 2956 534 3006 588; x_wconf 90' lang='lat' dir='ltr'><strong>in</strong></span> <span class='ocrx_word' id='word_1_137' title='bbox 3055 542 3241 590; x_wconf 68' lang='lat' dir='ltr'><strong>testate</strong></span> <span class='ocrx_word' id='word_1_138' title='bbox 3271 552 3285 601; x_wconf 93' lang='lat'><strong>;</strong></span> <span class='ocrx_word' id='word_1_139' title='bbox 3318 536 3562 591; x_wconf 89' lang='lat' dir='ltr'><strong>similiter</strong></span> <span class='ocrx_word' id='word_1_140' title='bbox 3588 546 3644 594; x_wconf 87' lang='lat' dir='ltr'><strong>et</strong></span> <span class='ocrx_word' id='word_1_141' title='bbox 3676 540 3729 594; x_wconf 90' lang='lat' dir='ltr'><strong>in</strong></span> 
     </span>
    </p>
   </div>
   <div class='ocr_carea' id='block_1_20' title="bbox 2147 624 3730 694">
    <p class='ocr_par' dir='ltr' id='par_1_20' title="bbox 2147 624 3730 694">
     <span class='ocr_line' id='line_1_20' title="bbox 2147 624 3730 694; baseline 0.004 -18"><span class='ocrx_word' id='word_1_142' title='bbox 2147 627 2264 678; x_wconf 91' lang='lat' dir='ltr'><strong>loco</strong></span> <span class='ocrx_word' id='word_1_143' title='bbox 2295 624 2641 689; x_wconf 79' lang='lat' dir='ltr'><strong>cucullarutn,</strong></span> <span class='ocrx_word' id='word_1_144' title='bbox 2690 624 2845 687; x_wconf 88' lang='lat' dir='ltr'><strong>duos,</strong></span> <span class='ocrx_word' id='word_1_145' title='bbox 2893 640 3023 693; x_wconf 87' lang='lat' dir='ltr'><strong>quos</strong></span> <span class='ocrx_word' id='word_1_146' title='bbox 3054 640 3150 680; x_wconf 91' lang='lat' dir='ltr'><strong>nos</strong></span> <span class='ocrx_word' id='word_1_147' title='bbox 3201 628 3423 681; x_wconf 87' lang='lat' dir='ltr'><strong>dicimus</strong></span> <span class='ocrx_word' id='word_1_148' title='bbox 3454 635 3475 662; x_wconf 74' lang='grc' dir='ltr'><strong><em>ο</em></strong></span> <span class='ocrx_word' id='word_1_149' title='bbox 3520 644 3730 694; x_wconf 75' lang='lat' dir='ltr'><strong>manus,</strong></span> 
     </span>
    </p>
   </div>
   <div class='ocr_carea' id='block_1_21' title="bbox 2145 715 3731 784">
    <p class='ocr_par' dir='ltr' id='par_1_21' title="bbox 2145 715 3731 784">
     <span class='ocr_line' id='line_1_21' title="bbox 2145 715 3731 784; baseline 0.004 -17"><span class='ocrx_word' id='word_1_150' title='bbox 2145 716 2231 783; x_wconf 90' lang='lat' dir='ltr'><strong>qui</strong></span> <span class='ocrx_word' id='word_1_151' title='bbox 2262 731 2326 770; x_wconf 73' lang='lat' dir='ltr'><strong>ex</strong></span> <span class='ocrx_word' id='word_1_152' title='bbox 2355 716 2605 783; x_wconf 84' lang='lat' dir='ltr'><strong>grossiori</strong></span> <span class='ocrx_word' id='word_1_153' title='bbox 2638 730 2764 784; x_wconf 86' lang='lat' dir='ltr'><strong>sago</strong></span> <span class='ocrx_word' id='word_1_154' title='bbox 2798 715 2948 781; x_wconf 82' lang='lat' dir='ltr'><strong>fiunt,</strong></span> <span class='ocrx_word' id='word_1_155' title='bbox 2978 726 3025 769; x_wconf 89' lang='lat' dir='ltr'><strong>et</strong></span> <span class='ocrx_word' id='word_1_156' title='bbox 3058 733 3217 770; x_wconf 88' lang='lat' dir='ltr'><strong>unum</strong></span> <span class='ocrx_word' id='word_1_157' title='bbox 3250 717 3300 771; x_wconf 92' lang='lat' dir='ltr'><strong>in</strong></span> <span class='ocrx_word' id='word_1_158' title='bbox 3347 729 3529 773; x_wconf 54' lang='lat' dir='ltr'><strong>aestate</strong></span> <span class='ocrx_word' id='word_1_159' title='bbox 3558 722 3731 774; x_wconf 85' lang='lat' dir='ltr'><strong>subti-</strong></span> 
     </span>
    </p>
   </div>
   <div class='ocr_carea' id='block_1_22' title="bbox 2146 806 3735 875">
    <p class='ocr_par' dir='ltr' id='par_1_22' title="bbox 2146 806 3735 875">
     <span class='ocr_line' id='line_1_22' title="bbox 2146 806 3735 875; baseline 0.004 -16"><span class='ocrx_word' id='word_1_160' title='bbox 2146 806 2332 860; x_wconf 87' lang='lat' dir='ltr'><strong>liorem</strong></span> <span class='ocrx_word' id='word_1_161' title='bbox 2363 806 2777 875; x_wconf 87' lang='lat' dir='ltr'><strong>operimentum.</strong></span> <span class='ocrx_word' id='word_1_162' title='bbox 2827 807 3073 860; x_wconf 81' lang='lat' dir='ltr'><strong>Cucullas</strong></span> <span class='ocrx_word' id='word_1_163' title='bbox 3099 820 3274 862; x_wconf 90' lang='lat' dir='ltr'><strong>autem</strong></span> <span class='ocrx_word' id='word_1_164' title='bbox 3324 811 3442 864; x_wconf 64' lang='lat' dir='ltr'><strong>izleo</strong></span> <span class='ocrx_word' id='word_1_165' title='bbox 3490 827 3595 865; x_wconf 92' lang='lat' dir='ltr'><strong>non</strong></span> <span class='ocrx_word' id='word_1_166' title='bbox 3639 812 3735 866; x_wconf 86' lang='lat' dir='ltr'><strong>ha-</strong></span> 
     </span>
    </p>
   </div>
   <div class='ocr_carea' id='block_1_23' title="bbox 2118 895 3735 967">
    <p class='ocr_par' dir='ltr' id='par_1_23' title="bbox 2118 895 3735 967">
     <span class='ocr_line' id='line_1_23' title="bbox 2118 895 3735 967; baseline 0.004 -18"><span class='ocrx_word' id='word_1_167' title='bbox 2118 895 2353 958; x_wconf 79' lang='lat' dir='ltr'><strong>bemus,</strong></span> <span class='ocrx_word' id='word_1_168' title='bbox 2382 897 2500 964; x_wconf 86' lang='lat' dir='ltr'><strong>quia</strong></span> <span class='ocrx_word' id='word_1_169' title='bbox 2534 895 2749 963; x_wconf 82' lang='lat' dir='ltr'><strong>majoris</strong></span> <span class='ocrx_word' id='word_1_170' title='bbox 2779 906 2903 950; x_wconf 89' lang='lat' dir='ltr'><strong>sunt</strong></span> <span class='ocrx_word' id='word_1_171' title='bbox 2930 898 3121 966; x_wconf 73' lang='lat' dir='ltr'><strong>prmtii,</strong></span> <span class='ocrx_word' id='word_1_172' title='bbox 3147 909 3197 953; x_wconf 88' lang='lat' dir='ltr'><strong>et</strong></span> <span class='ocrx_word' id='word_1_173' title='bbox 3225 901 3347 967; x_wconf 87' lang='lat' dir='ltr'><strong>quia</strong></span> <span class='ocrx_word' id='word_1_174' title='bbox 3383 901 3534 953; x_wconf 90' lang='lat' dir='ltr'><strong>nobis</strong></span> <span class='ocrx_word' id='word_1_175' title='bbox 3571 902 3735 956; x_wconf 85' lang='lat' dir='ltr'><strong>Pater</strong></span> 
     </span>
    </p>
   </div>
   <div class='ocr_carea' id='block_1_24' title="bbox 2146 986 3735 1058">
    <p class='ocr_par' dir='ltr' id='par_1_24' title="bbox 2146 986 3735 1058">
     <span class='ocr_line' id='line_1_24' title="bbox 2146 986 3735 1058; baseline 0.004 -19"><span class='ocrx_word' id='word_1_176' title='bbox 2146 994 2331 1039; x_wconf 90' lang='lat' dir='ltr'><strong>noster</strong></span> <span class='ocrx_word' id='word_1_177' title='bbox 2353 986 2484 1038; x_wconf 90' lang='lat' dir='ltr'><strong>alias</strong></span> <span class='ocrx_word' id='word_1_178' title='bbox 2514 986 2787 1056; x_wconf 71' lang='lat' dir='ltr'><strong>prmcepit,</strong></span> <span class='ocrx_word' id='word_1_179' title='bbox 2815 987 2938 1040; x_wconf 88' lang='lat' dir='ltr'><strong>talia</strong></span> <span class='ocrx_word' id='word_1_180' title='bbox 2964 988 3279 1042; x_wconf 87' lang='lat' dir='ltr'><strong>vestimenta</strong></span> <span class='ocrx_word' id='word_1_181' title='bbox 3305 989 3521 1054; x_wconf 83' lang='lat' dir='ltr'><strong>habere,</strong></span> <span class='ocrx_word' id='word_1_182' title='bbox 3547 994 3735 1058; x_wconf 82' lang='lat' dir='ltr'><strong>quales</strong></span> 
     </span>
    </p>
   </div>
   <div class='ocr_carea' id='block_1_25' title="bbox 2145 1077 3732 1146">
    <p class='ocr_par' dir='ltr' id='par_1_25' title="bbox 2145 1077 3732 1146">
     <span class='ocr_line' id='line_1_25' title="bbox 2145 1077 3732 1146; baseline 0.005 -20"><span class='ocrx_word' id='word_1_183' title='bbox 2145 1085 2372 1146; x_wconf 88' lang='lat' dir='ltr'><strong>possunt</strong></span> <span class='ocrx_word' id='word_1_184' title='bbox 2428 1077 2479 1129; x_wconf 91' lang='lat' dir='ltr'><strong>in</strong></span> <span class='ocrx_word' id='word_1_185' title='bbox 2541 1078 2810 1143; x_wconf 78' lang='lat' dir='ltr'><strong>provincia</strong></span> <span class='ocrx_word' id='word_1_186' title='bbox 2876 1078 3033 1131; x_wconf 81' lang='lat' dir='ltr'><strong>vilius</strong></span> <span class='ocrx_word' id='word_1_187' title='bbox 3098 1079 3219 1132; x_wconf 88' lang='lat' dir='ltr'><strong>emi.</strong></span> <span class='ocrx_word' id='word_1_188' title='bbox 3283 1077 3491 1133; x_wconf 82' lang='lat' dir='ltr'><strong>Habent</strong></span> <span class='ocrx_word' id='word_1_189' title='bbox 3552 1093 3732 1135; x_wconf 78' lang='lat' dir='ltr'><strong>autem</strong></span> 
     </span>
    </p>
   </div>
   <div class='ocr_carea' id='block_1_26' title="bbox 2145 1166 3734 1236">
    <p class='ocr_par' dir='ltr' id='par_1_26' title="bbox 2145 1166 3734 1236">
     <span class='ocr_line' id='line_1_26' title="bbox 2145 1166 3734 1236; baseline 0.003 -15"><span class='ocrx_word' id='word_1_190' title='bbox 2145 1166 2336 1222; x_wconf 82' lang='lat' dir='ltr'><strong>fratres</strong></span> <span class='ocrx_word' id='word_1_191' title='bbox 2385 1167 2552 1222; x_wconf 87' lang='lat' dir='ltr'><strong>nostri</strong></span> <span class='ocrx_word' id='word_1_192' title='bbox 2597 1175 2650 1221; x_wconf 87' lang='lat' dir='ltr'><strong>et</strong></span> <span class='ocrx_word' id='word_1_193' title='bbox 2703 1168 2929 1236; x_wconf 88' lang='lat' dir='ltr'><strong>duplicia</strong></span> <span class='ocrx_word' id='word_1_194' title='bbox 2984 1169 3318 1224; x_wconf 70' lang='lat' dir='ltr'><strong>ftcntoralia:</strong></span> <span class='ocrx_word' id='word_1_195' title='bbox 3371 1171 3522 1225; x_wconf 89' lang='lat' dir='ltr'><strong>multi</strong></span> <span class='ocrx_word' id='word_1_196' title='bbox 3556 1183 3734 1226; x_wconf 81' lang='lat' dir='ltr'><strong>tamen</strong></span> 
     </span>
    </p>
   </div>
   <div class='ocr_carea' id='block_1_27' title="bbox 2146 1258 3737 1329">
    <p class='ocr_par' dir='ltr' id='par_1_27' title="bbox 2146 1258 3737 1329">
     <span class='ocr_line' id='line_1_27' title="bbox 2146 1258 3737 1329; baseline 0.003 -15"><span class='ocrx_word' id='word_1_197' title='bbox 2146 1274 2211 1314; x_wconf 81' lang='lat' dir='ltr'><strong>ex</strong></span> <span class='ocrx_word' id='word_1_198' title='bbox 2242 1260 2344 1319; x_wconf 86' lang='lat' dir='ltr'><strong>eis.</strong></span> <span class='ocrx_word' id='word_1_199' title='bbox 2394 1259 2505 1313; x_wconf 72' lang='lat' dir='ltr'><strong>Deo</strong></span> <span class='ocrx_word' id='word_1_200' title='bbox 2555 1258 2861 1328; x_wconf 70' lang='lat' dir='ltr'><strong>adiuvante,</strong></span> <span class='ocrx_word' id='word_1_201' title='bbox 2914 1261 2965 1314; x_wconf 91' lang='lat' dir='ltr'><strong>in</strong></span> <span class='ocrx_word' id='word_1_202' title='bbox 3000 1269 3202 1316; x_wconf 86' lang='lat' dir='ltr'><strong>tantum</strong></span> <span class='ocrx_word' id='word_1_203' title='bbox 3240 1277 3298 1317; x_wconf 90' lang='lat' dir='ltr'><strong>se</strong></span> <span class='ocrx_word' id='word_1_204' title='bbox 3347 1266 3641 1329; x_wconf 87' lang='lat' dir='ltr'><strong>continent,</strong></span> <span class='ocrx_word' id='word_1_205' title='bbox 3679 1276 3737 1318; x_wconf 88' lang='lat' dir='ltr'><strong>ut</strong></span> 
     </span>
    </p>
   </div>
   <div class='ocr_carea' id='block_1_28' title="bbox 2145 1349 3732 1425">
    <p class='ocr_par' dir='ltr' id='par_1_28' title="bbox 2145 1349 3732 1425">
     <span class='ocr_line' id='line_1_28' title="bbox 2145 1349 3732 1425; baseline 0.003 -20"><span class='ocrx_word' id='word_1_206' title='bbox 2145 1364 2317 1420; x_wconf 88' lang='lat' dir='ltr'><strong>neque</strong></span> <span class='ocrx_word' id='word_1_207' title='bbox 2373 1349 2666 1405; x_wconf 64' lang='lat' dir='ltr'><strong>fzemmalia</strong></span> <span class='ocrx_word' id='word_1_208' title='bbox 2723 1351 2975 1420; x_wconf 88' lang='lat' dir='ltr'><strong>habeant,</strong></span> <span class='ocrx_word' id='word_1_209' title='bbox 3046 1369 3217 1422; x_wconf 91' lang='lat' dir='ltr'><strong>neque</strong></span> <span class='ocrx_word' id='word_1_210' title='bbox 3283 1354 3514 1425; x_wconf 62' lang='lat' dir='ltr'><strong>amplius</strong></span> <span class='ocrx_word' id='word_1_211' title='bbox 3571 1371 3732 1424; x_wconf 88' lang='lat' dir='ltr'><strong>quam</strong></span> 
     </span>
    </p>
   </div>
   <div class='ocr_carea' id='block_1_29' title="bbox 2146 1441 3730 1511">
    <p class='ocr_par' dir='ltr' id='par_1_29' title="bbox 2146 1441 3730 1511">
     <span class='ocr_line' id='line_1_29' title="bbox 2146 1441 3730 1511; baseline 0.003 -18"><span class='ocrx_word' id='word_1_212' title='bbox 2146 1441 2403 1508; x_wconf 85' lang='lat' dir='ltr'><strong>duplicia,</strong></span> <span class='ocrx_word' id='word_1_213' title='bbox 2451 1441 2744 1495; x_wconf 89' lang='lat' dir='ltr'><strong>secundum</strong></span> <span class='ocrx_word' id='word_1_214' title='bbox 2796 1443 3088 1511; x_wconf 76' lang='lat' dir='ltr'><strong>regularem</strong></span> <span class='ocrx_word' id='word_1_215' title='bbox 3124 1452 3350 1507; x_wconf 82' lang='lat' dir='ltr'><strong>textum,</strong></span> <span class='ocrx_word' id='word_1_216' title='bbox 3401 1445 3730 1503; x_wconf 89' lang='lat' dir='ltr'><strong>indumenta.</strong></span> 
     </span>
    </p>
   </div>
   <div class='ocr_carea' id='block_1_30' title="bbox 2144 1531 3731 1603">
    <p class='ocr_par' dir='ltr' id='par_1_30' title="bbox 2144 1531 3731 1603">
     <span class='ocr_line' id='line_1_30' title="bbox 2144 1531 3731 1603; baseline 0.001 -15"><span class='ocrx_word' id='word_1_217' title='bbox 2144 1531 2343 1588; x_wconf 84' lang='lat' dir='ltr'><strong>Statuit</strong></span> <span class='ocrx_word' id='word_1_218' title='bbox 2372 1541 2548 1585; x_wconf 84' lang='lat' dir='ltr'><strong>autem</strong></span> <span class='ocrx_word' id='word_1_219' title='bbox 2574 1532 2887 1588; x_wconf 81' lang='lat' dir='ltr'><strong>venerabilis</strong></span> <span class='ocrx_word' id='word_1_220' title='bbox 2913 1533 3066 1587; x_wconf 87' lang='lat' dir='ltr'><strong>Pater</strong></span> <span class='ocrx_word' id='word_1_221' title='bbox 3081 1544 3135 1587; x_wconf 91' lang='lat' dir='ltr'><strong>ut</strong></span> <span class='ocrx_word' id='word_1_222' title='bbox 3159 1535 3463 1603; x_wconf 86' lang='lat' dir='ltr'><strong>scapulares</strong></span> <span class='ocrx_word' id='word_1_223' title='bbox 3482 1537 3731 1592; x_wconf 83' lang='lat' dir='ltr'><strong>monachi</strong></span> 
     </span>
    </p>
   </div>
   <div class='ocr_carea' id='block_1_31' title="bbox 2149 1622 3733 1693">
    <p class='ocr_par' dir='ltr' id='par_1_31' title="bbox 2149 1622 3733 1693">
     <span class='ocr_line' id='line_1_31' title="bbox 2149 1622 3733 1693; baseline 0.004 -19"><span class='ocrx_word' id='word_1_224' title='bbox 2149 1633 2370 1691; x_wconf 90' lang='lat' dir='ltr'><strong>propter</strong></span> <span class='ocrx_word' id='word_1_225' title='bbox 2399 1637 2562 1690; x_wconf 90' lang='lat' dir='ltr'><strong>upera</strong></span> <span class='ocrx_word' id='word_1_226' title='bbox 2592 1622 2842 1689; x_wconf 88' lang='lat' dir='ltr'><strong>habeant,</strong></span> <span class='ocrx_word' id='word_1_227' title='bbox 2875 1623 3014 1693; x_wconf 89' lang='lat' dir='ltr'><strong>quod</strong></span> <span class='ocrx_word' id='word_1_228' title='bbox 3041 1624 3109 1678; x_wconf 91' lang='lat' dir='ltr'><strong>ob</strong></span> <span class='ocrx_word' id='word_1_229' title='bbox 3147 1625 3249 1679; x_wconf 91' lang='lat' dir='ltr'><strong>hoc</strong></span> <span class='ocrx_word' id='word_1_230' title='bbox 3294 1626 3570 1693; x_wconf 85' lang='lat' dir='ltr'><strong>scapulare</strong></span> <span class='ocrx_word' id='word_1_231' title='bbox 3595 1626 3733 1680; x_wconf 82' lang='lat' dir='ltr'><strong>dici-</strong></span> 
     </span>
    </p>
   </div>
   <div class='ocr_carea' id='block_1_32' title="bbox 2150 1713 3734 1787">
    <p class='ocr_par' dir='ltr' id='par_1_32' title="bbox 2150 1713 3734 1787">
     <span class='ocr_line' id='line_1_32' title="bbox 2150 1713 3734 1787; baseline 0.003 -21"><span class='ocrx_word' id='word_1_232' title='bbox 2150 1724 2255 1778; x_wconf 91' lang='lat' dir='ltr'><strong>tur,</strong></span> <span class='ocrx_word' id='word_1_233' title='bbox 2289 1714 2430 1782; x_wconf 88' lang='lat' dir='ltr'><strong>quod</strong></span> <span class='ocrx_word' id='word_1_234' title='bbox 2460 1715 2704 1784; x_wconf 87' lang='lat' dir='ltr'><strong>scapulas</strong></span> <span class='ocrx_word' id='word_1_235' title='bbox 2747 1715 3010 1782; x_wconf 67' lang='lat' dir='ltr'><strong>praecipue</strong></span> <span class='ocrx_word' id='word_1_236' title='bbox 3035 1724 3196 1783; x_wconf 81' lang='lat' dir='ltr'><strong>tegat,</strong></span> <span class='ocrx_word' id='word_1_237' title='bbox 3226 1724 3282 1771; x_wconf 90' lang='lat' dir='ltr'><strong>et</strong></span> <span class='ocrx_word' id='word_1_238' title='bbox 3311 1713 3337 1753; x_wconf 69' lang='grc' dir='ltr'><strong><em>ἀ</em></strong></span> <span class='ocrx_word' id='word_1_239' title='bbox 3364 1716 3559 1786; x_wconf 86' lang='lat' dir='ltr'><strong>capud,</strong></span> <span class='ocrx_word' id='word_1_240' title='bbox 3588 1719 3734 1787; x_wconf 83' lang='lat' dir='ltr'><strong>quod</strong></span> 
     </span>
    </p>
   </div>
   <div class='ocr_carea' id='block_1_33' title="bbox 455 1804 3730 1878">
    <p class='ocr_par' dir='ltr' id='par_1_33' title="bbox 455 1804 3730 1878">
     <span class='ocr_line' id='line_1_33' title="bbox 455 1804 3730 1878; baseline 0 -17"><span class='ocrx_word' id='word_1_241' title='bbox 455 1808 576 1864; x_wconf 90' lang='lat' dir='ltr'><strong>ideo</strong></span> <span class='ocrx_word' id='word_1_242' title='bbox 603 1809 682 1864; x_wconf 90' lang='lat' dir='ltr'><strong>sic</strong></span> <span class='ocrx_word' id='word_1_243' title='bbox 722 1808 1043 1877; x_wconf 87' lang='lat' dir='ltr'><strong>appellatum</strong></span> <span class='ocrx_word' id='word_1_244' title='bbox 1096 1817 1179 1862; x_wconf 87' lang='lat' dir='ltr'><strong>est</strong></span> <span class='ocrx_word' id='word_1_245' title='bbox 1225 1809 1347 1878; x_wconf 89' lang='lat' dir='ltr'><strong>quia</strong></span> <span class='ocrx_word' id='word_1_246' title='bbox 1392 1808 1599 1861; x_wconf 86' lang='lat' dir='ltr'><strong>solebat</strong></span> <span class='ocrx_word' id='word_1_247' title='bbox 1646 1807 1937 1877; x_wconf 79' lang='lat' dir='ltr'><strong>antiquitus</strong></span> <span class='ocrx_word' id='word_1_248' title='bbox 1977 1808 2039 1862; x_wconf 89' lang='lat' dir='ltr'><strong>de</strong></span> <span class='ocrx_word' id='word_1_249' title='bbox 2074 1813 2117 1874; x_wconf 79' lang='grc' dir='ltr'><strong><em>Β</em></strong></span> <span class='ocrx_word' id='word_1_250' title='bbox 2150 1804 2524 1859; x_wconf 84' lang='lat' dir='ltr'><strong>vestimentum</strong></span> <span class='ocrx_word' id='word_1_251' title='bbox 2558 1820 2693 1874; x_wconf 89' lang='lat' dir='ltr'><strong>pene</strong></span> <span class='ocrx_word' id='word_1_252' title='bbox 2734 1821 2919 1859; x_wconf 87' lang='lat' dir='ltr'><strong>omnes</strong></span> <span class='ocrx_word' id='word_1_253' title='bbox 2947 1806 2998 1860; x_wconf 93' lang='lat' dir='ltr'><strong>in</strong></span> <span class='ocrx_word' id='word_1_254' title='bbox 3030 1805 3129 1860; x_wconf 85' lang='lat' dir='ltr'><strong>hac</strong></span> <span class='ocrx_word' id='word_1_255' title='bbox 3169 1817 3309 1862; x_wconf 84' lang='lat' dir='ltr'><strong>terra</strong></span> <span class='ocrx_word' id='word_1_256' title='bbox 3339 1809 3520 1863; x_wconf 86' lang='lat' dir='ltr'><strong>rustici</strong></span> <span class='ocrx_word' id='word_1_257' title='bbox 3569 1818 3730 1861; x_wconf 76' lang='lat' dir='ltr'><strong>utun-</strong></span> 
     </span>
    </p>
   </div>
   <div class='ocr_carea' id='block_1_34' title="bbox 453 1896 2042 1966">
    <p class='ocr_par' dir='ltr' id='par_1_34' title="bbox 453 1896 2042 1966">
     <span class='ocr_line' id='line_1_34' title="bbox 453 1896 2042 1966; baseline -0.002 -12"><span class='ocrx_word' id='word_1_258' title='bbox 453 1899 599 1954; x_wconf 84' lang='lat' dir='ltr'><strong>illius</strong></span> <span class='ocrx_word' id='word_1_259' title='bbox 652 1899 940 1955; x_wconf 86' lang='lat' dir='ltr'><strong>animantis</strong></span> <span class='ocrx_word' id='word_1_260' title='bbox 996 1898 1132 1966; x_wconf 88' lang='lat' dir='ltr'><strong>pelle</strong></span> <span class='ocrx_word' id='word_1_261' title='bbox 1188 1898 1299 1952; x_wconf 86' lang='lat' dir='ltr'><strong>lteri</strong></span> <span class='ocrx_word' id='word_1_262' title='bbox 1338 1896 1365 1936; x_wconf 72' lang='grc' dir='ltr'>δ</span> <span class='ocrx_word' id='word_1_263' title='bbox 1406 1897 1547 1965; x_wconf 87' lang='lat' dir='ltr'><strong>quod</strong></span> <span class='ocrx_word' id='word_1_264' title='bbox 1602 1898 1770 1952; x_wconf 81' lang='lat' dir='ltr'><strong>melos</strong></span> <span class='ocrx_word' id='word_1_265' title='bbox 1829 1907 2042 1966; x_wconf 84' lang='lat' dir='ltr'><strong>prepter</strong></span> 
     </span>
    </p>
   </div>
   <div class='ocr_carea' id='block_1_35' title="bbox 454 1990 2039 2061">
    <p class='ocr_par' dir='ltr' id='par_1_35' title="bbox 454 1990 2039 2061">
     <span class='ocr_line' id='line_1_35' title="bbox 454 1990 2039 2061; baseline -0.001 -14"><span class='ocrx_word' id='word_1_266' title='bbox 454 1991 750 2047; x_wconf 84' lang='lat' dir='ltr'><strong>nuditatem</strong></span> <span class='ocrx_word' id='word_1_267' title='bbox 781 1990 862 2045; x_wconf 83' lang='lat' dir='ltr'><strong>sui</strong></span> <span class='ocrx_word' id='word_1_268' title='bbox 903 1991 1143 2061; x_wconf 86' lang='lat' dir='ltr'><strong>corporis</strong></span> <span class='ocrx_word' id='word_1_269' title='bbox 1186 1990 1505 2061; x_wconf 86' lang='lat' dir='ltr'><strong>appellatur.</strong></span> <span class='ocrx_word' id='word_1_270' title='bbox 1553 1991 1703 2056; x_wconf 83' lang='lat' dir='ltr'><strong>Qund</strong></span> <span class='ocrx_word' id='word_1_271' title='bbox 1749 2006 1915 2058; x_wconf 84' lang='lat' dir='ltr'><strong>genus</strong></span> <span class='ocrx_word' id='word_1_272' title='bbox 1949 1990 2039 2045; x_wconf 84' lang='lat' dir='ltr'><strong>be-</strong></span> 
     </span>
    </p>
   </div>
   <div class='ocr_carea' id='block_1_36' title="bbox 453 2082 2042 2159">
    <p class='ocr_par' dir='ltr' id='par_1_36' title="bbox 453 2082 2042 2159">
     <span class='ocr_line' id='line_1_36' title="bbox 453 2082 2042 2159; baseline -0.002 -20"><span class='ocrx_word' id='word_1_273' title='bbox 453 2085 625 2139; x_wconf 66' lang='lat' dir='ltr'><strong>stiola:</strong></span> <span class='ocrx_word' id='word_1_274' title='bbox 671 2098 700 2137; x_wconf 89' lang='lat' dir='ltr'><strong>a</strong></span> <span class='ocrx_word' id='word_1_275' title='bbox 753 2082 1022 2138; x_wconf 88' lang='lat' dir='ltr'><strong>nonnullis</strong></span> <span class='ocrx_word' id='word_1_276' title='bbox 1077 2094 1230 2159; x_wconf 75' lang='lat' dir='ltr'><strong>taxus</strong></span> <span class='ocrx_word' id='word_1_277' title='bbox 1280 2093 1515 2137; x_wconf 83' lang='lat' dir='ltr'><strong>vocatur.</strong></span> <span class='ocrx_word' id='word_1_278' title='bbox 1576 2082 1650 2137; x_wconf 91' lang='lat' dir='ltr'><strong>De</strong></span> <span class='ocrx_word' id='word_1_279' title='bbox 1694 2097 1799 2152; x_wconf 90' lang='lat' dir='ltr'><strong>quo</strong></span> <span class='ocrx_word' id='word_1_280' title='bbox 1846 2094 2042 2150; x_wconf 80' lang='lat' dir='ltr'><strong>genere</strong></span> 
     </span>
    </p>
   </div>
   <div class='ocr_carea' id='block_1_37' title="bbox 456 2174 2040 2243">
    <p class='ocr_par' dir='ltr' id='par_1_37' title="bbox 456 2174 2040 2243">
     <span class='ocr_line' id='line_1_37' title="bbox 456 2174 2040 2243; baseline -0.001 -14"><span class='ocrx_word' id='word_1_281' title='bbox 456 2176 749 2243; x_wconf 80' lang='lat' dir='ltr'><strong>tegumenti</strong></span> <span class='ocrx_word' id='word_1_282' title='bbox 798 2174 959 2230; x_wconf 92' lang='lat' dir='ltr'><strong>nichil</strong></span> <span class='ocrx_word' id='word_1_283' title='bbox 1014 2174 1204 2229; x_wconf 83' lang='lat' dir='ltr'><strong>beatus</strong></span> <span class='ocrx_word' id='word_1_284' title='bbox 1256 2174 1576 2229; x_wconf 86' lang='lat' dir='ltr'><strong>Benedictus</strong></span> <span class='ocrx_word' id='word_1_285' title='bbox 1631 2175 1683 2228; x_wconf 92' lang='lat' dir='ltr'><strong>in</strong></span> <span class='ocrx_word' id='word_1_286' title='bbox 1740 2188 1849 2228; x_wconf 67' lang='lat' dir='ltr'><strong>sua:</strong></span> <span class='ocrx_word' id='word_1_287' title='bbox 1897 2181 2040 2239; x_wconf 79' lang='lat' dir='ltr'><strong>textu</strong></span> 
     </span>
    </p>
   </div>
   <div class='ocr_carea' id='block_1_38' title="bbox 456 2263 2042 2333">
    <p class='ocr_par' dir='ltr' id='par_1_38' title="bbox 456 2263 2042 2333">
     <span class='ocr_line' id='line_1_38' title="bbox 456 2263 2042 2333; baseline 0 -15"><span class='ocrx_word' id='word_1_288' title='bbox 456 2264 675 2333; x_wconf 77' lang='lat' dir='ltr'><strong>Regula:</strong></span> <span class='ocrx_word' id='word_1_289' title='bbox 708 2265 915 2319; x_wconf 91' lang='lat' dir='ltr'><strong>locutus</strong></span> <span class='ocrx_word' id='word_1_290' title='bbox 945 2273 1071 2329; x_wconf 82' lang='lat' dir='ltr'><strong>est;</strong></span> <span class='ocrx_word' id='word_1_291' title='bbox 1120 2263 1190 2318; x_wconf 91' lang='lat' dir='ltr'><strong>ob</strong></span> <span class='ocrx_word' id='word_1_292' title='bbox 1240 2264 1341 2317; x_wconf 83' lang='lat' dir='ltr'><strong>hoc</strong></span> <span class='ocrx_word' id='word_1_293' title='bbox 1391 2265 1614 2332; x_wconf 87' lang='lat' dir='ltr'><strong>scilicet,</strong></span> <span class='ocrx_word' id='word_1_294' title='bbox 1669 2275 1727 2318; x_wconf 92' lang='lat' dir='ltr'><strong>ut</strong></span> <span class='ocrx_word' id='word_1_295' title='bbox 1774 2264 2042 2333; x_wconf 68' lang='lat' dir='ltr'><strong>conjicere</strong></span> 
     </span>
    </p>
   </div>
   <div class='ocr_carea' id='block_1_39' title="bbox 453 2356 2043 2424">
    <p class='ocr_par' dir='ltr' id='par_1_39' title="bbox 453 2356 2043 2424">
     <span class='ocr_line' id='line_1_39' title="bbox 453 2356 2043 2424; baseline 0 -16"><span class='ocrx_word' id='word_1_296' title='bbox 453 2369 765 2424; x_wconf 83' lang='lat' dir='ltr'><strong>possumus,</strong></span> <span class='ocrx_word' id='word_1_297' title='bbox 794 2356 916 2424; x_wconf 87' lang='lat' dir='ltr'><strong>quia</strong></span> <span class='ocrx_word' id='word_1_298' title='bbox 947 2356 1161 2409; x_wconf 87' lang='lat' dir='ltr'><strong>diverso</strong></span> <span class='ocrx_word' id='word_1_299' title='bbox 1212 2356 1371 2410; x_wconf 91' lang='lat' dir='ltr'><strong>modo</strong></span> <span class='ocrx_word' id='word_1_300' title='bbox 1403 2356 1502 2409; x_wconf 91' lang='lat' dir='ltr'><strong>hoc</strong></span> <span class='ocrx_word' id='word_1_301' title='bbox 1534 2356 1664 2409; x_wconf 81' lang='lat' dir='ltr'><strong>vidit</strong></span> <span class='ocrx_word' id='word_1_302' title='bbox 1692 2372 1718 2408; x_wconf 90' lang='lat' dir='ltr'><strong>a</strong></span> <span class='ocrx_word' id='word_1_303' title='bbox 1773 2356 2043 2423; x_wconf 82' lang='lat' dir='ltr'><strong>plerisque</strong></span> 
     </span>
    </p>
   </div>
   <div class='ocr_carea' id='block_1_40' title="bbox 457 2445 2040 2515">
    <p class='ocr_par' dir='ltr' id='par_1_40' title="bbox 457 2445 2040 2515">
     <span class='ocr_line' id='line_1_40' title="bbox 457 2445 2040 2515; baseline 0 -14"><span class='ocrx_word' id='word_1_304' title='bbox 457 2447 734 2501; x_wconf 77' lang='lat' dir='ltr'><strong>monachis</strong></span> <span class='ocrx_word' id='word_1_305' title='bbox 764 2446 838 2500; x_wconf 89' lang='lat' dir='ltr'><strong>uti</strong></span> <span class='ocrx_word' id='word_1_306' title='bbox 867 2455 1249 2515; x_wconf 77' lang='lat' dir='ltr'><strong>tegumentum.</strong></span> <span class='ocrx_word' id='word_1_307' title='bbox 1281 2445 1414 2501; x_wconf 83' lang='lat' dir='ltr'><strong>Nam</strong></span> <span class='ocrx_word' id='word_1_308' title='bbox 1454 2446 1743 2501; x_wconf 81' lang='lat' dir='ltr'><strong>Galliarum</strong></span> <span class='ocrx_word' id='word_1_309' title='bbox 1793 2446 2040 2501; x_wconf 91' lang='lat' dir='ltr'><strong>monachi</strong></span> 
     </span>
    </p>
   </div>
   <div class='ocr_carea' id='block_1_41' title="bbox 458 2535 2041 2604">
    <p class='ocr_par' dir='ltr' id='par_1_41' title="bbox 458 2535 2041 2604">
     <span class='ocr_line' id='line_1_41' title="bbox 458 2535 2041 2604; baseline 0 -14"><span class='ocrx_word' id='word_1_310' title='bbox 458 2536 759 2596; x_wconf 74' lang='lat' dir='ltr'><strong>hoclaxius</strong></span> <span class='ocrx_word' id='word_1_311' title='bbox 807 2543 864 2590; x_wconf 87' lang='lat' dir='ltr'><strong>et</strong></span> <span class='ocrx_word' id='word_1_312' title='bbox 910 2535 1168 2604; x_wconf 82' lang='lat' dir='ltr'><strong>prolixius</strong></span> <span class='ocrx_word' id='word_1_313' title='bbox 1218 2536 1549 2600; x_wconf 88' lang='lat' dir='ltr'><strong>induuntur;</strong></span> <span class='ocrx_word' id='word_1_314' title='bbox 1601 2536 1712 2590; x_wconf 90' lang='lat' dir='ltr'><strong>Itali</strong></span> <span class='ocrx_word' id='word_1_315' title='bbox 1764 2551 1890 2591; x_wconf 69' lang='lat' dir='ltr'><strong>vero</strong></span> <span class='ocrx_word' id='word_1_316' title='bbox 1920 2551 2041 2590; x_wconf 88' lang='lat' dir='ltr'><strong>mo-</strong></span> 
     </span>
    </p>
   </div>
   <div class='ocr_carea' id='block_1_42' title="bbox 462 2625 2042 2695">
    <p class='ocr_par' dir='ltr' id='par_1_42' title="bbox 462 2625 2042 2695">
     <span class='ocr_line' id='line_1_42' title="bbox 462 2625 2042 2695; baseline -0.001 -12"><span class='ocrx_word' id='word_1_317' title='bbox 462 2628 639 2692; x_wconf 89' lang='lat' dir='ltr'><strong>nachi,</strong></span> <span class='ocrx_word' id='word_1_318' title='bbox 672 2628 811 2682; x_wconf 88' lang='lat' dir='ltr'><strong>sicut</strong></span> <span class='ocrx_word' id='word_1_319' title='bbox 835 2626 1025 2691; x_wconf 86' lang='lat' dir='ltr'><strong>nostis,</strong></span> <span class='ocrx_word' id='word_1_320' title='bbox 1056 2625 1267 2682; x_wconf 86' lang='lat' dir='ltr'><strong>brevius</strong></span> <span class='ocrx_word' id='word_1_321' title='bbox 1318 2627 1683 2695; x_wconf 90' lang='lat' dir='ltr'><strong>hujuscemodi</strong></span> <span class='ocrx_word' id='word_1_322' title='bbox 1711 2635 1763 2682; x_wconf 91' lang='lat' dir='ltr'><strong>et</strong></span> <span class='ocrx_word' id='word_1_323' title='bbox 1808 2628 2042 2684; x_wconf 85' lang='lat' dir='ltr'><strong>strictius</strong></span> 
     </span>
    </p>
   </div>
   <div class='ocr_carea' id='block_1_43' title="bbox 458 2718 2041 2789">
    <p class='ocr_par' dir='ltr' id='par_1_43' title="bbox 458 2718 2041 2789">
     <span class='ocr_line' id='line_1_43' title="bbox 458 2718 2041 2789; baseline 0.003 -17"><span class='ocrx_word' id='word_1_324' title='bbox 458 2723 833 2775; x_wconf 84' lang='lat' dir='ltr'><strong>vestimentum</strong></span> <span class='ocrx_word' id='word_1_325' title='bbox 887 2719 1126 2774; x_wconf 87' lang='lat' dir='ltr'><strong>habent:</strong></span> <span class='ocrx_word' id='word_1_326' title='bbox 1182 2718 1350 2774; x_wconf 72' lang='lat' dir='ltr'><strong>Grasci</strong></span> <span class='ocrx_word' id='word_1_327' title='bbox 1408 2733 1557 2783; x_wconf 89' lang='lat' dir='ltr'><strong>vero,</strong></span> <span class='ocrx_word' id='word_1_328' title='bbox 1617 2726 1809 2788; x_wconf 64' lang='lat' dir='ltr'><strong>praeter</strong></span> <span class='ocrx_word' id='word_1_329' title='bbox 1861 2719 2041 2789; x_wconf 86' lang='lat' dir='ltr'><strong>operi-</strong></span> 
     </span>
    </p>
   </div>
   <div class='ocr_carea' id='block_1_44' title="bbox 460 2812 2042 2881">
    <p class='ocr_par' dir='ltr' id='par_1_44' title="bbox 460 2812 2042 2881">
     <span class='ocr_line' id='line_1_44' title="bbox 460 2812 2042 2881; baseline -0.001 -14"><span class='ocrx_word' id='word_1_330' title='bbox 460 2823 702 2868; x_wconf 66' lang='lat' dir='ltr'><strong>ruentum</strong></span> <span class='ocrx_word' id='word_1_331' title='bbox 753 2813 971 2881; x_wconf 90' lang='lat' dir='ltr'><strong>capitis,</strong></span> <span class='ocrx_word' id='word_1_332' title='bbox 1029 2812 1294 2866; x_wconf 88' lang='lat' dir='ltr'><strong>modicum</strong></span> <span class='ocrx_word' id='word_1_333' title='bbox 1352 2812 1605 2881; x_wconf 83' lang='lat' dir='ltr'><strong>quiddam</strong></span> <span class='ocrx_word' id='word_1_334' title='bbox 1662 2821 1865 2865; x_wconf 90' lang='lat' dir='ltr'><strong>tantum</strong></span> <span class='ocrx_word' id='word_1_335' title='bbox 1918 2822 2042 2867; x_wconf 90' lang='lat' dir='ltr'><strong>ante</strong></span> 
     </span>
    </p>
   </div>
   <div class='ocr_carea' id='block_1_45' title="bbox 458 2892 2041 2974">
    <p class='ocr_par' dir='ltr' id='par_1_45' title="bbox 458 2892 2041 2974">
     <span class='ocr_line' id='line_1_45' title="bbox 458 2892 2041 2974; baseline 0.001 -16"><span class='ocrx_word' id='word_1_336' title='bbox 458 2915 642 2974; x_wconf 81' lang='lat' dir='ltr'><strong>peetus</strong></span> <span class='ocrx_word' id='word_1_337' title='bbox 681 2915 735 2961; x_wconf 90' lang='lat' dir='ltr'><strong>et</strong></span> <span class='ocrx_word' id='word_1_338' title='bbox 781 2918 809 2957; x_wconf 88' lang='lat' dir='ltr'><strong>a</strong></span> <span class='ocrx_word' id='word_1_339' title='bbox 858 2904 1018 2959; x_wconf 82' lang='lat' dir='ltr'><strong>dorso</strong></span> <span class='ocrx_word' id='word_1_340' title='bbox 1066 2892 1421 2971; x_wconf 86' lang='lat' dir='ltr'><strong>dependens;</strong></span> <span class='ocrx_word' id='word_1_341' title='bbox 1471 2904 1833 2959; x_wconf 87' lang='lat' dir='ltr'><strong>Transmariui</strong></span> <span class='ocrx_word' id='word_1_342' title='bbox 1863 2915 2041 2960; x_wconf 88' lang='lat' dir='ltr'><strong>autem</strong></span> 
     </span>
    </p>
   </div>
   <div class='ocr_carea' id='block_1_46' title="bbox 459 2996 2037 3065">
    <p class='ocr_par' dir='ltr' id='par_1_46' title="bbox 459 2996 2037 3065">
     <span class='ocr_line' id='line_1_46' title="bbox 459 2996 2037 3065; baseline 0.002 -18"><span class='ocrx_word' id='word_1_343' title='bbox 459 2998 709 3059; x_wconf 81' lang='lat' dir='ltr'><strong>monachi</strong></span> <span class='ocrx_word' id='word_1_344' title='bbox 740 2997 1046 3065; x_wconf 76' lang='lat' dir='ltr'><strong>huiusmodi</strong></span> <span class='ocrx_word' id='word_1_345' title='bbox 1079 2997 1472 3062; x_wconf 88' lang='lat' dir='ltr'><strong>operimentum</strong></span> <span class='ocrx_word' id='word_1_346' title='bbox 1506 2996 1771 3064; x_wconf 90' lang='lat' dir='ltr'><strong>pelliciunt</strong></span> <span class='ocrx_word' id='word_1_347' title='bbox 1821 2996 2037 3051; x_wconf 89' lang='lat' dir='ltr'><strong>habent.</strong></span> 
     </span>
    </p>
   </div>
   <div class='ocr_carea' id='block_1_47' title="bbox 463 3086 2040 3157">
    <p class='ocr_par' dir='ltr' id='par_1_47' title="bbox 463 3086 2040 3157">
     <span class='ocr_line' id='line_1_47' title="bbox 463 3086 2040 3157; baseline 0.002 -17"><span class='ocrx_word' id='word_1_348' title='bbox 463 3087 605 3157; x_wconf 82' lang='lat' dir='ltr'><strong>Ergo</strong></span> <span class='ocrx_word' id='word_1_349' title='bbox 638 3131 653 3156; x_wconf 95' lang='lat'><strong>,</strong></span> <span class='ocrx_word' id='word_1_350' title='bbox 685 3088 806 3156; x_wconf 79' lang='lat' dir='ltr'><strong>quia</strong></span> <span class='ocrx_word' id='word_1_351' title='bbox 836 3095 1037 3141; x_wconf 88' lang='lat' dir='ltr'><strong>tantam</strong></span> <span class='ocrx_word' id='word_1_352' title='bbox 1064 3087 1114 3141; x_wconf 88' lang='lat' dir='ltr'><strong>itt</strong></span> <span class='ocrx_word' id='word_1_353' title='bbox 1162 3086 1475 3141; x_wconf 87' lang='lat' dir='ltr'><strong>monachico</strong></span> <span class='ocrx_word' id='word_1_354' title='bbox 1505 3088 1813 3142; x_wconf 90' lang='lat' dir='ltr'><strong>indumento</strong></span> <span class='ocrx_word' id='word_1_355' title='bbox 1857 3089 2040 3143; x_wconf 85' lang='lat' dir='ltr'><strong>beatus</strong></span> 
     </span>
    </p>
   </div>
   <div class='ocr_carea' id='block_1_48' title="bbox 2151 1895 3733 1967">
    <p class='ocr_par' dir='ltr' id='par_1_48' title="bbox 2151 1895 3733 1967">
     <span class='ocr_line' id='line_1_48' title="bbox 2151 1895 3733 1967; baseline 0.001 -17"><span class='ocrx_word' id='word_1_356' title='bbox 2151 1905 2252 1950; x_wconf 90' lang='lat' dir='ltr'><strong>tur.</strong></span> <span class='ocrx_word' id='word_1_357' title='bbox 2307 1895 2409 1951; x_wconf 86' lang='lat' dir='ltr'><strong>Pro</strong></span> <span class='ocrx_word' id='word_1_358' title='bbox 2459 1911 2564 1966; x_wconf 87' lang='lat' dir='ltr'><strong>quo</strong></span> <span class='ocrx_word' id='word_1_359' title='bbox 2613 1907 2922 1966; x_wconf 84' lang='lat' dir='ltr'><strong>legumento</strong></span> <span class='ocrx_word' id='word_1_360' title='bbox 2970 1913 3068 1952; x_wconf 92' lang='lat' dir='ltr'><strong>nos</strong></span> <span class='ocrx_word' id='word_1_361' title='bbox 3098 1913 3127 1952; x_wconf 92' lang='lat' dir='ltr'><strong>e</strong></span> <span class='ocrx_word' id='word_1_362' title='bbox 3165 1898 3420 1967; x_wconf 83' lang='lat' dir='ltr'><strong>grossiori</strong></span> <span class='ocrx_word' id='word_1_363' title='bbox 3470 1908 3613 1953; x_wconf 77' lang='lat' dir='ltr'><strong>textu</strong></span> <span class='ocrx_word' id='word_1_364' title='bbox 3664 1900 3733 1952; x_wconf 83' lang='lat' dir='ltr'><strong>ad</strong></span> 
     </span>
    </p>
   </div>
   <div class='ocr_carea' id='block_1_49' title="bbox 2150 1989 3737 2059">
    <p class='ocr_par' dir='ltr' id='par_1_49' title="bbox 2150 1989 3737 2059">
     <span class='ocr_line' id='line_1_49' title="bbox 2150 1989 3737 2059; baseline 0.003 -17"><span class='ocrx_word' id='word_1_365' title='bbox 2150 1989 2362 2044; x_wconf 90' lang='lat' dir='ltr'><strong>melotis</strong></span> <span class='ocrx_word' id='word_1_366' title='bbox 2400 1989 2803 2044; x_wconf 82' lang='lat' dir='ltr'><strong>similitudinem</strong></span> <span class='ocrx_word' id='word_1_367' title='bbox 2848 1991 3239 2059; x_wconf 88' lang='lat' dir='ltr'><strong>uperimentum</strong></span> <span class='ocrx_word' id='word_1_368' title='bbox 3288 1993 3580 2047; x_wconf 80' lang='lat' dir='ltr'><strong>habemus:</strong></span> <span class='ocrx_word' id='word_1_369' title='bbox 3632 1994 3737 2047; x_wconf 83' lang='lat' dir='ltr'><strong>nisi</strong></span> 
     </span>
    </p>
   </div>
   <div class='ocr_carea' id='block_1_50' title="bbox 2151 2078 3737 2152">
    <p class='ocr_par' dir='ltr' id='par_1_50' title="bbox 2151 2078 3737 2152">
     <span class='ocr_line' id='line_1_50' title="bbox 2151 2078 3737 2152; baseline 0.004 -20"><span class='ocrx_word' id='word_1_370' title='bbox 2151 2078 2295 2149; x_wconf 90' lang='lat' dir='ltr'><strong>quod</strong></span> <span class='ocrx_word' id='word_1_371' title='bbox 2327 2080 2550 2133; x_wconf 74' lang='lat' dir='ltr'><strong>manicae</strong></span> <span class='ocrx_word' id='word_1_372' title='bbox 2591 2080 2643 2133; x_wconf 92' lang='lat' dir='ltr'><strong>in</strong></span> <span class='ocrx_word' id='word_1_373' title='bbox 2693 2080 2794 2134; x_wconf 92' lang='lat' dir='ltr'><strong>hoc</strong></span> <span class='ocrx_word' id='word_1_374' title='bbox 2839 2096 3009 2151; x_wconf 88' lang='lat' dir='ltr'><strong>usque</strong></span> <span class='ocrx_word' id='word_1_375' title='bbox 3037 2082 3102 2136; x_wconf 85' lang='lat' dir='ltr'><strong>ad</strong></span> <span class='ocrx_word' id='word_1_376' title='bbox 3152 2098 3342 2137; x_wconf 87' lang='lat' dir='ltr'><strong>manus</strong></span> <span class='ocrx_word' id='word_1_377' title='bbox 3375 2085 3737 2152; x_wconf 83' lang='lat' dir='ltr'><strong>pertingeutes</strong></span> 
     </span>
    </p>
   </div>
   <div class='ocr_carea' id='block_1_51' title="bbox 2153 2170 3742 2242">
    <p class='ocr_par' dir='ltr' id='par_1_51' title="bbox 2153 2170 3742 2242">
     <span class='ocr_line' id='line_1_51' title="bbox 2153 2170 3742 2242; baseline 0.003 -20"><span class='ocrx_word' id='word_1_378' title='bbox 2153 2170 2437 2225; x_wconf 89' lang='lat' dir='ltr'><strong>habentur.</strong></span> <span class='ocrx_word' id='word_1_379' title='bbox 2494 2170 2697 2226; x_wconf 80' lang='lat' dir='ltr'><strong>Praeter</strong></span> <span class='ocrx_word' id='word_1_380' title='bbox 2742 2171 2986 2227; x_wconf 87' lang='lat' dir='ltr'><strong>addimus</strong></span> <span class='ocrx_word' id='word_1_381' title='bbox 3035 2173 3320 2241; x_wconf 87' lang='lat' dir='ltr'><strong>unicuique</strong></span> <span class='ocrx_word' id='word_1_382' title='bbox 3348 2175 3482 2227; x_wconf 91' lang='lat' dir='ltr'><strong>sicut</strong></span> <span class='ocrx_word' id='word_1_383' title='bbox 3511 2174 3558 2228; x_wconf 90' lang='lat' dir='ltr'><strong>ei</strong></span> <span class='ocrx_word' id='word_1_384' title='bbox 3597 2188 3742 2242; x_wconf 80' lang='lat' dir='ltr'><strong>opus</strong></span> 
     </span>
    </p>
   </div>
   <div class='ocr_carea' id='block_1_52' title="bbox 2151 2262 3739 2333">
    <p class='ocr_par' dir='ltr' id='par_1_52' title="bbox 2151 2262 3739 2333">
     <span class='ocr_line' id='line_1_52' title="bbox 2151 2262 3739 2333; baseline 0.001 -17"><span class='ocrx_word' id='word_1_385' title='bbox 2151 2273 2227 2316; x_wconf 89' lang='lat' dir='ltr'><strong>est</strong></span> <span class='ocrx_word' id='word_1_386' title='bbox 2257 2281 2267 2314; x_wconf 88' lang='lat'>:</span> <span class='ocrx_word' id='word_1_387' title='bbox 2303 2278 2421 2314; x_wconf 89' lang='lat' dir='ltr'><strong>nam</strong></span> <span class='ocrx_word' id='word_1_388' title='bbox 2455 2262 2671 2316; x_wconf 88' lang='lat' dir='ltr'><strong>senibus</strong></span> <span class='ocrx_word' id='word_1_389' title='bbox 2718 2264 2916 2317; x_wconf 84' lang='lat' dir='ltr'><strong>nostris</strong></span> <span class='ocrx_word' id='word_1_390' title='bbox 2949 2273 2972 2301; x_wconf 75' lang='grc' dir='ltr'><strong>ι·</strong></span> <span class='ocrx_word' id='word_1_391' title='bbox 3010 2280 3215 2333; x_wconf 89' lang='lat' dir='ltr'><strong>gunnas</strong></span> <span class='ocrx_word' id='word_1_392' title='bbox 3261 2265 3496 2332; x_wconf 85' lang='lat' dir='ltr'><strong>pellicias</strong></span> <span class='ocrx_word' id='word_1_393' title='bbox 3544 2265 3739 2329; x_wconf 80' lang='lat' dir='ltr'><strong>tribui-</strong></span> 
     </span>
    </p>
   </div>
   <div class='ocr_carea' id='block_1_53' title="bbox 2150 2354 3745 2425">
    <p class='ocr_par' dir='ltr' id='par_1_53' title="bbox 2150 2354 3745 2425">
     <span class='ocr_line' id='line_1_53' title="bbox 2150 2354 3745 2425; baseline 0.001 -18"><span class='ocrx_word' id='word_1_394' title='bbox 2150 2368 2290 2417; x_wconf 88' lang='lat' dir='ltr'><strong>mus,</strong></span> <span class='ocrx_word' id='word_1_395' title='bbox 2325 2354 2564 2407; x_wconf 81' lang='lat' dir='ltr'><strong>inﬁrmus</strong></span> <span class='ocrx_word' id='word_1_396' title='bbox 2612 2355 2792 2419; x_wconf 83' lang='lat' dir='ltr'><strong>etiam,</strong></span> <span class='ocrx_word' id='word_1_397' title='bbox 2845 2366 2894 2409; x_wconf 90' lang='lat' dir='ltr'><strong>et</strong></span> <span class='ocrx_word' id='word_1_398' title='bbox 2938 2358 2988 2409; x_wconf 93' lang='lat' dir='ltr'><strong>in</strong></span> <span class='ocrx_word' id='word_1_399' title='bbox 3033 2357 3240 2409; x_wconf 77' lang='lat' dir='ltr'><strong>culcit?s</strong></span> <span class='ocrx_word' id='word_1_400' title='bbox 3283 2355 3459 2425; x_wconf 84' lang='lat' dir='ltr'><strong>jacere</strong></span> <span class='ocrx_word' id='word_1_401' title='bbox 3510 2356 3745 2424; x_wconf 82' lang='lat' dir='ltr'><strong>permit-</strong></span> 
     </span>
    </p>
   </div>
   <div class='ocr_carea' id='block_1_54' title="bbox 2155 2446 3742 2515">
    <p class='ocr_par' dir='ltr' id='par_1_54' title="bbox 2155 2446 3742 2515">
     <span class='ocr_line' id='line_1_54' title="bbox 2155 2446 3742 2515; baseline 0 -15"><span class='ocrx_word' id='word_1_402' title='bbox 2155 2446 2337 2511; x_wconf 88' lang='lat' dir='ltr'><strong>timus,</strong></span> <span class='ocrx_word' id='word_1_403' title='bbox 2368 2455 2423 2500; x_wconf 92' lang='lat' dir='ltr'><strong>et</strong></span> <span class='ocrx_word' id='word_1_404' title='bbox 2453 2447 2738 2515; x_wconf 89' lang='lat' dir='ltr'><strong>unicuique</strong></span> <span class='ocrx_word' id='word_1_405' title='bbox 2764 2447 3004 2510; x_wconf 91' lang='lat' dir='ltr'><strong>omnino,</strong></span> <span class='ocrx_word' id='word_1_406' title='bbox 3057 2448 3192 2501; x_wconf 88' lang='lat' dir='ltr'><strong>sicut</strong></span> <span class='ocrx_word' id='word_1_407' title='bbox 3236 2461 3326 2499; x_wconf 89' lang='lat' dir='ltr'><strong>sua</strong></span> <span class='ocrx_word' id='word_1_408' title='bbox 3367 2447 3606 2514; x_wconf 78' lang='lat' dir='ltr'><strong>evposcit</strong></span> <span class='ocrx_word' id='word_1_409' title='bbox 3641 2463 3742 2500; x_wconf 86' lang='lat' dir='ltr'><strong>ne-</strong></span> 
     </span>
    </p>
   </div>
   <div class='ocr_carea' id='block_1_55' title="bbox 2150 2538 3740 2606">
    <p class='ocr_par' dir='ltr' id='par_1_55' title="bbox 2150 2538 3740 2606">
     <span class='ocr_line' id='line_1_55' title="bbox 2150 2538 3740 2606; baseline -0.001 -12"><span class='ocrx_word' id='word_1_410' title='bbox 2150 2540 2375 2594; x_wconf 88' lang='lat' dir='ltr'><strong>cessitas</strong></span> <span class='ocrx_word' id='word_1_411' title='bbox 2424 2540 2741 2606; x_wconf 60' lang='lat' dir='ltr'><strong>prabemus.</strong></span> <span class='ocrx_word' id='word_1_412' title='bbox 2791 2538 3113 2593; x_wconf 86' lang='lat' dir='ltr'><strong>Concessum</strong></span> <span class='ocrx_word' id='word_1_413' title='bbox 3144 2548 3225 2593; x_wconf 90' lang='lat' dir='ltr'><strong>est</strong></span> <span class='ocrx_word' id='word_1_414' title='bbox 3270 2541 3425 2593; x_wconf 87' lang='lat' dir='ltr'><strong>etiam</strong></span> <span class='ocrx_word' id='word_1_415' title='bbox 3477 2538 3740 2593; x_wconf 89' lang='lat' dir='ltr'><strong>fratribus</strong></span> 
     </span>
    </p>
   </div>
   <div class='ocr_carea' id='block_1_56' title="bbox 2151 2630 3733 2700">
    <p class='ocr_par' dir='ltr' id='par_1_56' title="bbox 2151 2630 3733 2700">
     <span class='ocr_line' id='line_1_56' title="bbox 2151 2630 3733 2700; baseline 0 -15"><span class='ocrx_word' id='word_1_416' title='bbox 2151 2630 2347 2685; x_wconf 89' lang='lat' dir='ltr'><strong>nostris</strong></span> <span class='ocrx_word' id='word_1_417' title='bbox 2377 2630 2576 2685; x_wconf 88' lang='lat' dir='ltr'><strong>habere</strong></span> <span class='ocrx_word' id='word_1_418' title='bbox 2625 2632 2974 2700; x_wconf 86' lang='lat' dir='ltr'><strong>manutergia,</strong></span> <span class='ocrx_word' id='word_1_419' title='bbox 3024 2633 3139 2686; x_wconf 86' lang='lat' dir='ltr'><strong>sive</strong></span> <span class='ocrx_word' id='word_1_420' title='bbox 3185 2632 3250 2685; x_wconf 90' lang='lat' dir='ltr'><strong>ad</strong></span> <span class='ocrx_word' id='word_1_421' title='bbox 3301 2640 3531 2685; x_wconf 68' lang='lat' dir='ltr'><strong>tonsura:</strong></span> <span class='ocrx_word' id='word_1_422' title='bbox 3569 2631 3733 2685; x_wconf 81' lang='lat' dir='ltr'><strong>obsc-</strong></span> 
     </span>
    </p>
   </div>
   <div class='ocr_carea' id='block_1_57' title="bbox 2126 2719 3742 2792">
    <p class='ocr_par' dir='ltr' id='par_1_57' title="bbox 2126 2719 3742 2792">
     <span class='ocr_line' id='line_1_57' title="bbox 2126 2719 3742 2792; baseline -0.001 -15"><span class='ocrx_word' id='word_1_423' title='bbox 2126 2719 2352 2789; x_wconf 91' lang='lat' dir='ltr'><strong>quium,</strong></span> <span class='ocrx_word' id='word_1_424' title='bbox 2385 2720 2499 2774; x_wconf 83' lang='lat' dir='ltr'><strong>sive</strong></span> <span class='ocrx_word' id='word_1_425' title='bbox 2528 2719 2592 2774; x_wconf 91' lang='lat' dir='ltr'><strong>ad</strong></span> <span class='ocrx_word' id='word_1_426' title='bbox 2623 2720 2835 2776; x_wconf 90' lang='lat' dir='ltr'><strong>codices</strong></span> <span class='ocrx_word' id='word_1_427' title='bbox 2857 2735 2989 2791; x_wconf 88' lang='lat' dir='ltr'><strong>quos</strong></span> <span class='ocrx_word' id='word_1_428' title='bbox 3030 2722 3094 2776; x_wconf 91' lang='lat' dir='ltr'><strong>ad</strong></span> <span class='ocrx_word' id='word_1_429' title='bbox 3128 2722 3405 2792; x_wconf 81' lang='lat' dir='ltr'><strong>legendum</strong></span> <span class='ocrx_word' id='word_1_430' title='bbox 3433 2721 3742 2791; x_wconf 86' lang='lat' dir='ltr'><strong>suscipiunt</strong></span> 
     </span>
    </p>
   </div>
   <div class='ocr_carea' id='block_1_58' title="bbox 2152 2813 2519 2867">
    <p class='ocr_par' dir='ltr' id='par_1_58' title="bbox 2152 2813 2519 2867">
     <span class='ocr_line' id='line_1_58' title="bbox 2152 2813 2519 2867; baseline 0 -1"><span class='ocrx_word' id='word_1_431' title='bbox 2152 2813 2519 2867; x_wconf 89' lang='lat' dir='ltr'><strong>involvendus.</strong></span> 
     </span>
    </p>
   </div>
   <div class='ocr_carea' id='block_1_59' title="bbox 2223 2898 3741 2977">
    <p class='ocr_par' dir='ltr' id='par_1_59' title="bbox 2223 2898 3741 2977">
     <span class='ocr_line' id='line_1_59' title="bbox 2223 2898 3741 2977; baseline 0.001 -19"><span class='ocrx_word' id='word_1_432' title='bbox 2223 2903 2424 2960; x_wconf 67' lang='lat' dir='ltr'><strong>Praeter</strong></span> <span class='ocrx_word' id='word_1_433' title='bbox 2453 2906 2713 2976; x_wconf 80' lang='lat' dir='ltr'><strong>regularia</strong></span> <span class='ocrx_word' id='word_1_434' title='bbox 2767 2898 2997 2976; x_wconf 80' lang='lat' dir='ltr'><strong>quoque</strong></span> <span class='ocrx_word' id='word_1_435' title='bbox 3018 2905 3241 2976; x_wconf 63' lang='lat' dir='ltr'><strong>jejunis,</strong></span> <span class='ocrx_word' id='word_1_436' title='bbox 3287 2906 3340 2961; x_wconf 91' lang='lat' dir='ltr'><strong>in</strong></span> <span class='ocrx_word' id='word_1_437' title='bbox 3372 2905 3563 2977; x_wconf 82' lang='lat' dir='ltr'><strong>vigiliis</strong></span> <span class='ocrx_word' id='word_1_438' title='bbox 3595 2919 3741 2974; x_wconf 44' lang='lat' dir='ltr'><strong>pres</strong></span> 
     </span>
    </p>
   </div>
   <div class='ocr_carea' id='block_1_60' title="bbox 2151 2995 3741 3069">
    <p class='ocr_par' dir='ltr' id='par_1_60' title="bbox 2151 2995 3741 3069">
     <span class='ocr_line' id='line_1_60' title="bbox 2151 2995 3741 3069; baseline 0.004 -22"><span class='ocrx_word' id='word_1_439' title='bbox 2151 2995 2427 3063; x_wconf 89' lang='lat' dir='ltr'><strong>cipuarum</strong></span> <span class='ocrx_word' id='word_1_440' title='bbox 2479 2997 2827 3068; x_wconf 87' lang='lat' dir='ltr'><strong>festivitatum</strong></span> <span class='ocrx_word' id='word_1_441' title='bbox 2880 3014 3045 3068; x_wconf 89' lang='lat' dir='ltr'><strong>usque</strong></span> <span class='ocrx_word' id='word_1_442' title='bbox 3096 2999 3160 3052; x_wconf 88' lang='lat' dir='ltr'><strong>ad</strong></span> <span class='ocrx_word' id='word_1_443' title='bbox 3211 3014 3485 3067; x_wconf 87' lang='lat' dir='ltr'><strong>vesperam</strong></span> <span class='ocrx_word' id='word_1_444' title='bbox 3520 2998 3741 3069; x_wconf 79' lang='lat' dir='ltr'><strong>jejuna-</strong></span> 
     </span>
    </p>
   </div>
   <div class='ocr_carea' id='block_1_61' title="bbox 2152 3088 3743 3157">
    <p class='ocr_par' dir='ltr' id='par_1_61' title="bbox 2152 3088 3743 3157">
     <span class='ocr_line' id='line_1_61' title="bbox 2152 3088 3743 3157; baseline 0.003 -18"><span class='ocrx_word' id='word_1_445' title='bbox 2152 3100 2309 3150; x_wconf 87' lang='lat' dir='ltr'><strong>mus;</strong></span> <span class='ocrx_word' id='word_1_446' title='bbox 2336 3095 2389 3140; x_wconf 92' lang='lat' dir='ltr'><strong>et</strong></span> <span class='ocrx_word' id='word_1_447' title='bbox 2431 3102 2458 3141; x_wconf 89' lang='lat' dir='ltr'><strong>a</strong></span> <span class='ocrx_word' id='word_1_448' title='bbox 2488 3102 2709 3156; x_wconf 87' lang='lat' dir='ltr'><strong>vespera</strong></span> <span class='ocrx_word' id='word_1_449' title='bbox 2737 3088 3033 3157; x_wconf 83' lang='lat' dir='ltr'><strong>vigiliarum</strong></span> <span class='ocrx_word' id='word_1_450' title='bbox 3068 3102 3160 3155; x_wconf 84' lang='lat' dir='ltr'><strong>per</strong></span> <span class='ocrx_word' id='word_1_451' title='bbox 3210 3096 3373 3142; x_wconf 92' lang='lat' dir='ltr'><strong>totam</strong></span> <span class='ocrx_word' id='word_1_452' title='bbox 3419 3098 3650 3154; x_wconf 90' lang='lat' dir='ltr'><strong>noctem,</strong></span> <span class='ocrx_word' id='word_1_453' title='bbox 3679 3099 3743 3143; x_wconf 65' lang='lat' dir='ltr'><strong>es</strong></span> 
     </span>
    </p>
   </div>
   <div class='ocr_carea' id='block_1_62' title="bbox 458 3159 3735 3249">
    <p class='ocr_par' dir='ltr' id='par_1_62' title="bbox 458 3159 3735 3249">
     <span class='ocr_line' id='line_1_62' title="bbox 458 3159 3735 3249; baseline -0 -14"><span class='ocrx_word' id='word_1_454' title='bbox 458 3182 779 3235; x_wconf 83' lang='lat' dir='ltr'><strong>Benedictus</strong></span> <span class='ocrx_word' id='word_1_455' title='bbox 810 3179 1169 3235; x_wconf 88' lang='lat' dir='ltr'><strong>diversitatem</strong></span> <span class='ocrx_word' id='word_1_456' title='bbox 1220 3178 1374 3245; x_wconf 90' lang='lat' dir='ltr'><strong>vidit,</strong></span> <span class='ocrx_word' id='word_1_457' title='bbox 1427 3180 1710 3249; x_wconf 90' lang='lat' dir='ltr'><strong>unicuique</strong></span> <span class='ocrx_word' id='word_1_458' title='bbox 1755 3159 2117 3234; x_wconf 56' lang='lat' dir='ltr'><strong>monachoaC</strong></span> <span class='ocrx_word' id='word_1_459' title='bbox 2151 3178 2291 3232; x_wconf 88' lang='lat' dir='ltr'><strong>diem</strong></span> <span class='ocrx_word' id='word_1_460' title='bbox 2351 3178 2671 3239; x_wconf 81' lang='lat' dir='ltr'><strong>feStivitatis,</strong></span> <span class='ocrx_word' id='word_1_461' title='bbox 2731 3193 2899 3245; x_wconf 91' lang='lat' dir='ltr'><strong>usque</strong></span> <span class='ocrx_word' id='word_1_462' title='bbox 2949 3178 3012 3232; x_wconf 90' lang='lat' dir='ltr'><strong>ad</strong></span> <span class='ocrx_word' id='word_1_463' title='bbox 3064 3179 3395 3247; x_wconf 82' lang='lat' dir='ltr'><strong>completorii</strong></span> <span class='ocrx_word' id='word_1_464' title='bbox 3440 3179 3675 3234; x_wconf 82' lang='lat' dir='ltr'><strong>officium</strong></span> <span class='ocrx_word' id='word_1_465' title='bbox 3710 3179 3735 3218; x_wconf 72' lang='grc' dir='ltr'>ί</span> 
     </span>
    </p>
   </div>
   <div class='ocr_carea' id='block_1_63' title="bbox 455 3271 2047 3343">
    <p class='ocr_par' dir='ltr' id='par_1_63' title="bbox 455 3271 2047 3343">
     <span class='ocr_line' id='line_1_63' title="bbox 455 3271 2047 3343; baseline -0.001 -14"><span class='ocrx_word' id='word_1_466' title='bbox 455 3287 596 3335; x_wconf 85' lang='lat' dir='ltr'><strong>rum,</strong></span> <span class='ocrx_word' id='word_1_467' title='bbox 627 3272 768 3341; x_wconf 91' lang='lat' dir='ltr'><strong>quod</strong></span> <span class='ocrx_word' id='word_1_468' title='bbox 813 3286 878 3326; x_wconf 72' lang='lat' dir='ltr'><strong>ea</strong></span> <span class='ocrx_word' id='word_1_469' title='bbox 925 3271 1006 3325; x_wconf 92' lang='lat' dir='ltr'><strong>his</strong></span> <span class='ocrx_word' id='word_1_470' title='bbox 1047 3272 1222 3339; x_wconf 81' lang='lat' dir='ltr'><strong>potius</strong></span> <span class='ocrx_word' id='word_1_471' title='bbox 1272 3273 1470 3342; x_wconf 89' lang='lat' dir='ltr'><strong>eligere</strong></span> <span class='ocrx_word' id='word_1_472' title='bbox 1519 3273 1664 3338; x_wconf 89' lang='lat' dir='ltr'><strong>velit,</strong></span> <span class='ocrx_word' id='word_1_473' title='bbox 1721 3273 1935 3343; x_wconf 87' lang='lat' dir='ltr'><strong>proprio</strong></span> <span class='ocrx_word' id='word_1_474' title='bbox 1962 3288 2047 3327; x_wconf 88' lang='lat' dir='ltr'><strong>ar—</strong></span> 
     </span>
    </p>
   </div>
   <div class='ocr_carea' id='block_1_64' title="bbox 457 3354 2047 3434">
    <p class='ocr_par' dir='ltr' id='par_1_64' title="bbox 457 3354 2047 3434">
     <span class='ocr_line' id='line_1_64' title="bbox 457 3354 2047 3434; baseline 0 -17"><span class='ocrx_word' id='word_1_475' title='bbox 457 3354 616 3417; x_wconf 88' lang='lat' dir='ltr'><strong>bitrio</strong></span> <span class='ocrx_word' id='word_1_476' title='bbox 668 3362 977 3431; x_wconf 89' lang='lat' dir='ltr'><strong>dereliquit.</strong></span> <span class='ocrx_word' id='word_1_477' title='bbox 1038 3361 1111 3415; x_wconf 89' lang='lat' dir='ltr'><strong>De</strong></span> <span class='ocrx_word' id='word_1_478' title='bbox 1167 3377 1391 3417; x_wconf 92' lang='lat' dir='ltr'><strong>numero</strong></span> <span class='ocrx_word' id='word_1_479' title='bbox 1441 3371 1617 3418; x_wconf 89' lang='lat' dir='ltr'><strong>autem</strong></span> <span class='ocrx_word' id='word_1_480' title='bbox 1676 3372 1732 3418; x_wconf 90' lang='lat' dir='ltr'><strong>et</strong></span> <span class='ocrx_word' id='word_1_481' title='bbox 1788 3364 2047 3434; x_wconf 89' lang='lat' dir='ltr'><strong>qualitate</strong></span> 
     </span>
    </p>
   </div>
   <div class='ocr_carea' id='block_1_65' title="bbox 2143 3267 3741 3339">
    <p class='ocr_par' dir='ltr' id='par_1_65' title="bbox 2143 3267 3741 3339">
     <span class='ocr_line' id='line_1_65' title="bbox 2143 3267 3741 3339; baseline 0.003 -16"><span class='ocrx_word' id='word_1_482' title='bbox 2143 3267 2305 3336; x_wconf 83' lang='lat' dir='ltr'><strong>jetttta</strong></span> <span class='ocrx_word' id='word_1_483' title='bbox 2340 3284 2443 3322; x_wconf 88' lang='lat' dir='ltr'><strong>non</strong></span> <span class='ocrx_word' id='word_1_484' title='bbox 2476 3269 2760 3323; x_wconf 78' lang='lat' dir='ltr'><strong>ﬂeetimus.</strong></span> <span class='ocrx_word' id='word_1_485' title='bbox 2812 3269 3104 3323; x_wconf 87' lang='lat' dir='ltr'><strong>Dominicis</strong></span> <span class='ocrx_word' id='word_1_486' title='bbox 3146 3285 3355 3339; x_wconf 76' lang='lat' dir='ltr'><strong>quoque</strong></span> <span class='ocrx_word' id='word_1_487' title='bbox 3385 3271 3591 3336; x_wconf 88' lang='lat' dir='ltr'><strong>diebus,</strong></span> <span class='ocrx_word' id='word_1_488' title='bbox 3626 3282 3679 3325; x_wconf 71' lang='lat' dir='ltr'><strong>et</strong></span> <span class='ocrx_word' id='word_1_489' title='bbox 3706 3289 3741 3327; x_wconf 79' lang='lat' dir='ltr'><strong>a</strong></span> 
     </span>
    </p>
   </div>
   <div class='ocr_carea' id='block_1_66' title="bbox 2150 3357 3740 3428">
    <p class='ocr_par' dir='ltr' id='par_1_66' title="bbox 2150 3357 3740 3428">
     <span class='ocr_line' id='line_1_66' title="bbox 2150 3357 3740 3428; baseline 0.004 -18"><span class='ocrx_word' id='word_1_490' title='bbox 2150 3357 2361 3412; x_wconf 68' lang='lat' dir='ltr'><strong>[lumini</strong></span> <span class='ocrx_word' id='word_1_491' title='bbox 2420 3360 2701 3414; x_wconf 75' lang='lat' dir='ltr'><strong>Nativitate</strong></span> <span class='ocrx_word' id='word_1_492' title='bbox 2734 3400 2748 3423; x_wconf 92' lang='lat'><strong>,</strong></span> <span class='ocrx_word' id='word_1_493' title='bbox 2817 3376 2983 3428; x_wconf 81' lang='lat' dir='ltr'><strong>usque</strong></span> <span class='ocrx_word' id='word_1_494' title='bbox 3034 3360 3097 3415; x_wconf 89' lang='lat' dir='ltr'><strong>ad</strong></span> <span class='ocrx_word' id='word_1_495' title='bbox 3153 3373 3397 3416; x_wconf 85' lang='lat' dir='ltr'><strong>octavum</strong></span> <span class='ocrx_word' id='word_1_496' title='bbox 3455 3362 3591 3415; x_wconf 79' lang='lat' dir='ltr'><strong>diem</strong></span> <span class='ocrx_word' id='word_1_497' title='bbox 3639 3381 3655 3423; x_wconf 73' lang='grc' dir='ltr'>ς</span> <span class='ocrx_word' id='word_1_498' title='bbox 3709 3380 3740 3417; x_wconf 81' lang='lat' dir='ltr'><strong>a</strong></span> 
     </span>
    </p>
   </div>
   <div class='ocr_carea' id='block_1_67' title="bbox 458 3448 3742 3520">
    <p class='ocr_par' dir='ltr' id='par_1_67' title="bbox 458 3448 3742 3520">
     <span class='ocr_line' id='line_1_67' title="bbox 458 3448 3742 3520; baseline 0.001 -15"><span class='ocrx_word' id='word_1_499' title='bbox 458 3453 898 3507; x_wconf 68' lang='lat' dir='ltr'><strong>vestimentorum</strong></span> <span class='ocrx_word' id='word_1_500' title='bbox 941 3452 1018 3506; x_wconf 92' lang='lat' dir='ltr'><strong>sic</strong></span> <span class='ocrx_word' id='word_1_501' title='bbox 1064 3453 1249 3508; x_wconf 88' lang='lat' dir='ltr'><strong>beatus</strong></span> <span class='ocrx_word' id='word_1_502' title='bbox 1298 3452 1457 3509; x_wconf 88' lang='lat' dir='ltr'><strong>Pater</strong></span> <span class='ocrx_word' id='word_1_503' title='bbox 1487 3463 1667 3509; x_wconf 87' lang='lat' dir='ltr'><strong>noster</strong></span> <span class='ocrx_word' id='word_1_504' title='bbox 1700 3456 1752 3508; x_wconf 93' lang='lat' dir='ltr'><strong>in</strong></span> <span class='ocrx_word' id='word_1_505' title='bbox 1798 3471 1892 3509; x_wconf 86' lang='lat' dir='ltr'><strong>sua</strong></span> <span class='ocrx_word' id='word_1_506' title='bbox 1944 3455 2047 3510; x_wconf 80' lang='lat' dir='ltr'><strong>Re-</strong></span> <span class='ocrx_word' id='word_1_507' title='bbox 2149 3448 2348 3503; x_wconf 86' lang='lat' dir='ltr'><strong>Paseha</strong></span> <span class='ocrx_word' id='word_1_508' title='bbox 2380 3466 2587 3517; x_wconf 61' lang='lat' dir='ltr'><strong>quoque</strong></span> <span class='ocrx_word' id='word_1_509' title='bbox 2624 3465 2791 3520; x_wconf 88' lang='lat' dir='ltr'><strong>usque</strong></span> <span class='ocrx_word' id='word_1_510' title='bbox 2832 3452 2897 3506; x_wconf 89' lang='lat' dir='ltr'><strong>ad</strong></span> <span class='ocrx_word' id='word_1_511' title='bbox 2941 3451 3288 3507; x_wconf 82' lang='lat' dir='ltr'><strong>Pentecostcn</strong></span> <span class='ocrx_word' id='word_1_512' title='bbox 3318 3453 3561 3508; x_wconf 85' lang='lat' dir='ltr'><strong>similiter</strong></span> <span class='ocrx_word' id='word_1_513' title='bbox 3602 3455 3629 3492; x_wconf 74' lang='grc' dir='ltr'>ε</span> <span class='ocrx_word' id='word_1_514' title='bbox 3671 3455 3742 3508; x_wconf 83' lang='lat' dir='ltr'><strong>ad</strong></span> 
     </span>
    </p>
   </div>
   <div class='ocr_carea' id='block_1_68' title="bbox 456 3542 2044 3617">
    <p class='ocr_par' dir='ltr' id='par_1_68' title="bbox 456 3542 2044 3617">
     <span class='ocr_line' id='line_1_68' title="bbox 456 3542 2044 3617; baseline 0.004 -24"><span class='ocrx_word' id='word_1_515' title='bbox 456 3542 580 3609; x_wconf 71' lang='lat' dir='ltr'><strong>quia</strong></span> <span class='ocrx_word' id='word_1_516' title='bbox 614 3543 809 3611; x_wconf 88' lang='lat' dir='ltr'><strong>posuit,</strong></span> <span class='ocrx_word' id='word_1_517' title='bbox 846 3550 1123 3617; x_wconf 88' lang='lat' dir='ltr'><strong>ut_tamen</strong></span> <span class='ocrx_word' id='word_1_518' title='bbox 1171 3542 1504 3609; x_wconf 73' lang='lat' dir='ltr'><strong>proludentia</strong></span> <span class='ocrx_word' id='word_1_519' title='bbox 1559 3543 1631 3597; x_wconf 86' lang='lat' dir='ltr'><strong>sit</strong></span> <span class='ocrx_word' id='word_1_520' title='bbox 1677 3543 1885 3599; x_wconf 87' lang='lat' dir='ltr'><strong>abbatis</strong></span> <span class='ocrx_word' id='word_1_521' title='bbox 1914 3561 2044 3613; x_wconf 87' lang='lat' dir='ltr'><strong>quo-</strong></span> 
     </span>
    </p>
   </div>
   <div class='ocr_carea' id='block_1_69' title="bbox 459 3632 2044 3704">
    <p class='ocr_par' dir='ltr' id='par_1_69' title="bbox 459 3632 2044 3704">
     <span class='ocr_line' id='line_1_69' title="bbox 459 3632 2044 3704; baseline 0.004 -18"><span class='ocrx_word' id='word_1_522' title='bbox 459 3633 622 3687; x_wconf 90' lang='lat' dir='ltr'><strong>modo</strong></span> <span class='ocrx_word' id='word_1_523' title='bbox 651 3632 843 3687; x_wconf 84' lang='lat' dir='ltr'><strong>debeat</strong></span> <span class='ocrx_word' id='word_1_524' title='bbox 890 3647 987 3703; x_wconf 89' lang='lat' dir='ltr'><strong>pro</strong></span> <span class='ocrx_word' id='word_1_525' title='bbox 1032 3648 1123 3687; x_wconf 89' lang='lat' dir='ltr'><strong>sua</strong></span> <span class='ocrx_word' id='word_1_526' title='bbox 1168 3634 1452 3704; x_wconf 89' lang='lat' dir='ltr'><strong>unicuique</strong></span> <span class='ocrx_word' id='word_1_527' title='bbox 1498 3633 1819 3703; x_wconf 84' lang='lat' dir='ltr'><strong>distribuere</strong></span> <span class='ocrx_word' id='word_1_528' title='bbox 1859 3652 2044 3692; x_wconf 86' lang='lat' dir='ltr'><strong>neces-</strong></span> 
     </span>
    </p>
   </div>
   <div class='ocr_carea' id='block_1_70' title="bbox 454 3725 2043 3798">
    <p class='ocr_par' dir='ltr' id='par_1_70' title="bbox 454 3725 2043 3798">
     <span class='ocr_line' id='line_1_70' title="bbox 454 3725 2043 3798; baseline 0.003 -19"><span class='ocrx_word' id='word_1_529' title='bbox 454 3725 651 3791; x_wconf 84' lang='lat' dir='ltr'><strong>sitate;</strong></span> <span class='ocrx_word' id='word_1_530' title='bbox 699 3725 795 3780; x_wconf 91' lang='lat' dir='ltr'><strong>sed</strong></span> <span class='ocrx_word' id='word_1_531' title='bbox 843 3735 895 3780; x_wconf 88' lang='lat' dir='ltr'><strong>et</strong></span> <span class='ocrx_word' id='word_1_532' title='bbox 940 3725 1054 3794; x_wconf 88' lang='lat' dir='ltr'><strong>ipse</strong></span> <span class='ocrx_word' id='word_1_533' title='bbox 1103 3726 1259 3783; x_wconf 79' lang='lat' dir='ltr'><strong>Pater</strong></span> <span class='ocrx_word' id='word_1_534' title='bbox 1302 3728 1435 3782; x_wconf 83' lang='lat' dir='ltr'><strong>dixit</strong></span> <span class='ocrx_word' id='word_1_535' title='bbox 1464 3728 1583 3796; x_wconf 89' lang='lat' dir='ltr'><strong>quia</strong></span> <span class='ocrx_word' id='word_1_536' title='bbox 1636 3728 1685 3781; x_wconf 92' lang='lat' dir='ltr'><strong>in</strong></span> <span class='ocrx_word' id='word_1_537' title='bbox 1737 3731 2043 3798; x_wconf 86' lang='lat' dir='ltr'><strong>temperatis</strong></span> 
     </span>
    </p>
   </div>
   <div class='ocr_carea' id='block_1_71' title="bbox 454 3818 2042 3888">
    <p class='ocr_par' dir='ltr' id='par_1_71' title="bbox 454 3818 2042 3888">
     <span class='ocr_line' id='line_1_71' title="bbox 454 3818 2042 3888; baseline 0.002 -17"><span class='ocrx_word' id='word_1_538' title='bbox 454 3818 766 3886; x_wconf 84' lang='lat' dir='ltr'><strong>regionibus</strong></span> <span class='ocrx_word' id='word_1_539' title='bbox 820 3818 1015 3885; x_wconf 87' lang='lat' dir='ltr'><strong>minus,</strong></span> <span class='ocrx_word' id='word_1_540' title='bbox 1071 3820 1122 3872; x_wconf 91' lang='lat' dir='ltr'><strong>in</strong></span> <span class='ocrx_word' id='word_1_541' title='bbox 1181 3819 1384 3888; x_wconf 82' lang='lat' dir='ltr'><strong>frigidis</strong></span> <span class='ocrx_word' id='word_1_542' title='bbox 1441 3819 1557 3888; x_wconf 88' lang='lat' dir='ltr'><strong>plus</strong></span> <span class='ocrx_word' id='word_1_543' title='bbox 1610 3819 1922 3876; x_wconf 87' lang='lat' dir='ltr'><strong>vestimenta</strong></span> <span class='ocrx_word' id='word_1_544' title='bbox 1977 3822 2042 3874; x_wconf 86' lang='lat' dir='ltr'><strong>sit</strong></span> 
     </span>
    </p>
   </div>
   <div class='ocr_carea' id='block_1_72' title="bbox 455 3907 2041 3981">
    <p class='ocr_par' dir='ltr' id='par_1_72' title="bbox 455 3907 2041 3981">
     <span class='ocr_line' id='line_1_72' title="bbox 455 3907 2041 3981; baseline 0.004 -20"><span class='ocrx_word' id='word_1_545' title='bbox 455 3922 590 3976; x_wconf 90' lang='lat' dir='ltr'><strong>opus</strong></span> <span class='ocrx_word' id='word_1_546' title='bbox 621 3907 821 3962; x_wconf 88' lang='lat' dir='ltr'><strong>haberi.</strong></span> <span class='ocrx_word' id='word_1_547' title='bbox 856 3909 1108 3965; x_wconf 86' lang='lat' dir='ltr'><strong>Settlores</strong></span> <span class='ocrx_word' id='word_1_548' title='bbox 1139 3919 1316 3963; x_wconf 87' lang='lat' dir='ltr'><strong>tamen</strong></span> <span class='ocrx_word' id='word_1_549' title='bbox 1364 3912 1529 3965; x_wconf 66' lang='grc' dir='ltr'>ηοω-ἱ</span> <span class='ocrx_word' id='word_1_550' title='bbox 1570 3919 1626 3965; x_wconf 90' lang='lat' dir='ltr'><strong>et</strong></span> <span class='ocrx_word' id='word_1_551' title='bbox 1669 3912 1920 3981; x_wconf 75' lang='lat' dir='ltr'><strong>praeteriti</strong></span> <span class='ocrx_word' id='word_1_552' title='bbox 1948 3913 2041 3968; x_wconf 85' lang='lat' dir='ltr'><strong>ab-</strong></span> 
     </span>
    </p>
   </div>
   <div class='ocr_carea' id='block_1_73' title="bbox 454 4000 2040 4077">
    <p class='ocr_par' dir='ltr' id='par_1_73' title="bbox 454 4000 2040 4077">
     <span class='ocr_line' id='line_1_73' title="bbox 454 4000 2040 4077; baseline 0.003 -23"><span class='ocrx_word' id='word_1_553' title='bbox 454 4001 606 4055; x_wconf 80' lang='lat' dir='ltr'><strong>bates</strong></span> <span class='ocrx_word' id='word_1_554' title='bbox 637 4000 981 4055; x_wconf 90' lang='lat' dir='ltr'><strong>instituerunt</strong></span> <span class='ocrx_word' id='word_1_555' title='bbox 1012 4000 1263 4055; x_wconf 81' lang='lat' dir='ltr'><strong>fratribus</strong></span> <span class='ocrx_word' id='word_1_556' title='bbox 1298 4001 1516 4071; x_wconf 86' lang='lat' dir='ltr'><strong>nostris,</strong></span> <span class='ocrx_word' id='word_1_557' title='bbox 1550 4010 1767 4077; x_wconf 90' lang='lat' dir='ltr'><strong>propter</strong></span> <span class='ocrx_word' id='word_1_558' title='bbox 1797 4002 2040 4058; x_wconf 89' lang='lat' dir='ltr'><strong>diversos</strong></span> 
     </span>
    </p>
   </div>
   <div class='ocr_carea' id='block_1_74' title="bbox 524 4130 2035 4202">
    <p class='ocr_par' dir='ltr' id='par_1_74' title="bbox 524 4130 2035 4202">
     <span class='ocr_line' id='line_1_74' title="bbox 524 4130 2035 4202; baseline 0.005 -20"><span class='ocrx_word' id='word_1_559' title='bbox 524 4131 944 4202; x_wconf 6' lang='lat' dir='ltr'><strong>qujttcullam....</strong></span> <span class='ocrx_word' id='word_1_560' title='bbox 976 4130 1262 4191; x_wconf 82' lang='lat' dir='ltr'><strong>Cusullnm,</strong></span> <span class='ocrx_word' id='word_1_561' title='bbox 1292 4143 1394 4184; x_wconf 76' lang='lat' dir='ltr'><strong>etc.</strong></span> <span class='ocrx_word' id='word_1_562' title='bbox 1427 4132 1605 4195; x_wconf 76' lang='lat' dir='ltr'><strong>Codex</strong></span> <span class='ocrx_word' id='word_1_563' title='bbox 1646 4135 1814 4188; x_wconf 85' lang='lat' dir='ltr'><strong>sancti</strong></span> <span class='ocrx_word' id='word_1_564' title='bbox 1853 4135 2035 4202; x_wconf 80' lang='lat' dir='ltr'><strong>Angeli</strong></span> 
     </span>
    </p>
   </div>
   <div class='ocr_carea' id='block_1_75' title="bbox 451 4201 2041 4265">
    <p class='ocr_par' dir='ltr' id='par_1_75' title="bbox 451 4201 2041 4265">
     <span class='ocr_line' id='line_1_75' title="bbox 451 4201 2041 4265; baseline 0.003 -10"><span class='ocrx_word' id='word_1_565' title='bbox 451 4202 517 4255; x_wconf 88' lang='lat' dir='ltr'><strong>ad</strong></span> <span class='ocrx_word' id='word_1_566' title='bbox 549 4201 788 4261; x_wconf 76' lang='lat' dir='ltr'><strong>Furnius,</strong></span> <span class='ocrx_word' id='word_1_567' title='bbox 822 4202 869 4253; x_wconf 85' lang='lat' dir='ltr'><strong>in</strong></span> <span class='ocrx_word' id='word_1_568' title='bbox 903 4203 1117 4253; x_wconf 80' lang='lat' dir='ltr'><strong>archivu</strong></span> <span class='ocrx_word' id='word_1_569' title='bbox 1145 4202 1420 4256; x_wconf 79' lang='lat' dir='ltr'><strong>Casincusi</strong></span> <span class='ocrx_word' id='word_1_570' title='bbox 1468 4213 1790 4265; x_wconf 80' lang='lat' dir='ltr'><strong>asservatus,</strong></span> <span class='ocrx_word' id='word_1_571' title='bbox 1822 4201 2041 4259; x_wconf 69' lang='lat' dir='ltr'><strong>exhibet</strong></span> 
     </span>
    </p>
   </div>
   <div class='ocr_carea' id='block_1_76' title="bbox 452 4270 2039 4338">
    <p class='ocr_par' dir='ltr' id='par_1_76' title="bbox 452 4270 2039 4338">
     <span class='ocr_line' id='line_1_76' title="bbox 452 4270 2039 4338; baseline 0.003 -13"><span class='ocrx_word' id='word_1_572' title='bbox 452 4270 734 4338; x_wconf 73' lang='lat' dir='ltr'><strong>imaginem</strong></span> <span class='ocrx_word' id='word_1_573' title='bbox 777 4271 1030 4324; x_wconf 80' lang='lat' dir='ltr'><strong>Desiderii</strong></span> <span class='ocrx_word' id='word_1_574' title='bbox 1078 4272 1284 4326; x_wconf 86' lang='lat' dir='ltr'><strong>abbatis</strong></span> <span class='ocrx_word' id='word_1_575' title='bbox 1326 4273 1574 4326; x_wconf 89' lang='lat' dir='ltr'><strong>cucullati</strong></span> <span class='ocrx_word' id='word_1_576' title='bbox 1606 4288 1618 4325; x_wconf 91' lang='lat'><strong>:</strong></span> <span class='ocrx_word' id='word_1_577' title='bbox 1652 4276 1802 4328; x_wconf 77' lang='lat' dir='ltr'><strong>talari</strong></span> <span class='ocrx_word' id='word_1_578' title='bbox 1836 4275 2039 4329; x_wconf 82' lang='lat' dir='ltr'><strong>scilicet</strong></span> 
     </span>
    </p>
   </div>
   <div class='ocr_carea' id='block_1_77' title="bbox 452 4341 2029 4411">
    <p class='ocr_par' dir='ltr' id='par_1_77' title="bbox 452 4341 2029 4411">
     <span class='ocr_line' id='line_1_77' title="bbox 452 4341 2029 4411; baseline 0.004 -20"><span class='ocrx_word' id='word_1_579' title='bbox 452 4344 796 4403; x_wconf 86' lang='lat' dir='ltr'><strong>vestimento,</strong></span> <span class='ocrx_word' id='word_1_580' title='bbox 824 4341 1056 4406; x_wconf 80' lang='lat' dir='ltr'><strong>undique</strong></span> <span class='ocrx_word' id='word_1_581' title='bbox 1095 4344 1297 4404; x_wconf 78' lang='lat' dir='ltr'><strong>clauso,</strong></span> <span class='ocrx_word' id='word_1_582' title='bbox 1331 4359 1429 4396; x_wconf 86' lang='lat' dir='ltr'><strong>nec</strong></span> <span class='ocrx_word' id='word_1_583' title='bbox 1465 4344 1751 4397; x_wconf 88' lang='lat' dir='ltr'><strong>admodum</strong></span> <span class='ocrx_word' id='word_1_584' title='bbox 1786 4345 2029 4411; x_wconf 81' lang='lat' dir='ltr'><strong>sinuoso,</strong></span> 
     </span>
    </p>
   </div>
   <div class='ocr_carea' id='block_1_78' title="bbox 450 4412 2034 4484">
    <p class='ocr_par' dir='ltr' id='par_1_78' title="bbox 450 4412 2034 4484">
     <span class='ocr_line' id='line_1_78' title="bbox 450 4412 2034 4484; baseline 0.003 -19"><span class='ocrx_word' id='word_1_585' title='bbox 450 4413 673 4484; x_wconf 87' lang='lat' dir='ltr'><strong>manicis</strong></span> <span class='ocrx_word' id='word_1_586' title='bbox 704 4428 807 4484; x_wconf 69' lang='lat' dir='ltr'><strong>nun</strong></span> <span class='ocrx_word' id='word_1_587' title='bbox 854 4412 1085 4484; x_wconf 86' lang='lat' dir='ltr'><strong>amplis;</strong></span> <span class='ocrx_word' id='word_1_588' title='bbox 1119 4424 1169 4484; x_wconf 83' lang='lat' dir='ltr'><strong>et</strong></span> <span class='ocrx_word' id='word_1_589' title='bbox 1212 4413 1323 4465; x_wconf 61' lang='lat' dir='ltr'><strong>hec</strong></span> <span class='ocrx_word' id='word_1_590' title='bbox 1355 4413 1509 4480; x_wconf 90' lang='lat' dir='ltr'><strong>plane</strong></span> <span class='ocrx_word' id='word_1_591' title='bbox 1551 4429 1644 4479; x_wconf 87' lang='lat' dir='ltr'><strong>per</strong></span> <span class='ocrx_word' id='word_1_592' title='bbox 1690 4428 1750 4466; x_wconf 89' lang='lat' dir='ltr'><strong>ea</strong></span> <span class='ocrx_word' id='word_1_593' title='bbox 1794 4425 2034 4484; x_wconf 86' lang='lat' dir='ltr'><strong>tempora</strong></span> 
     </span>
    </p>
   </div>
   <div class='ocr_carea' id='block_1_79' title="bbox 450 4479 2036 4553">
    <p class='ocr_par' dir='ltr' id='par_1_79' title="bbox 450 4479 2036 4553">
     <span class='ocr_line' id='line_1_79' title="bbox 450 4479 2036 4553; baseline 0.004 -18"><span class='ocrx_word' id='word_1_594' title='bbox 450 4483 672 4535; x_wconf 77' lang='lat' dir='ltr'><strong>cnculla:</strong></span> <span class='ocrx_word' id='word_1_595' title='bbox 726 4479 917 4553; x_wconf 81' lang='lat' dir='ltr'><strong>forma.</strong></span> <span class='ocrx_word' id='word_1_596' title='bbox 950 4479 1277 4547; x_wconf 27' lang='lat' dir='ltr'><strong>‘Anteriuris</strong></span> <span class='ocrx_word' id='word_1_597' title='bbox 1331 4479 1501 4549; x_wconf 70' lang='lat' dir='ltr'><strong>aetatis</strong></span> <span class='ocrx_word' id='word_1_598' title='bbox 1556 4484 1697 4537; x_wconf 88' lang='lat' dir='ltr'><strong>nulla</strong></span> <span class='ocrx_word' id='word_1_599' title='bbox 1746 4479 2036 4553; x_wconf 35' lang='lat' dir='ltr'><strong>apud—nus</strong></span> 
     </span>
    </p>
   </div>
   <div class='ocr_carea' id='block_1_80' title="bbox 448 4552 2031 4621">
    <p class='ocr_par' dir='ltr' id='par_1_80' title="bbox 448 4552 2031 4621">
     <span class='ocr_line' id='line_1_80' title="bbox 448 4552 2031 4621; baseline 0.008 -20"><span class='ocrx_word' id='word_1_600' title='bbox 448 4562 618 4602; x_wconf 72' lang='lat' dir='ltr'><strong>exstat</strong></span> <span class='ocrx_word' id='word_1_601' title='bbox 651 4552 874 4621; x_wconf 66' lang='lat' dir='ltr'><strong>cucullzc</strong></span> <span class='ocrx_word' id='word_1_602' title='bbox 902 4553 980 4607; x_wconf 90' lang='lat' dir='ltr'><strong>vel</strong></span> <span class='ocrx_word' id='word_1_603' title='bbox 1033 4555 1254 4615; x_wconf 80' lang='lat' dir='ltr'><strong>pictura,</strong></span> <span class='ocrx_word' id='word_1_604' title='bbox 1286 4555 1362 4605; x_wconf 83' lang='lat' dir='ltr'><strong>vel</strong></span> <span class='ocrx_word' id='word_1_605' title='bbox 1416 4553 1670 4621; x_wconf 87' lang='lat' dir='ltr'><strong>graphica</strong></span> <span class='ocrx_word' id='word_1_606' title='bbox 1718 4552 2031 4621; x_wconf 61' lang='lat' dir='ltr'><strong>descripti&quot;.</strong></span> 
     </span>
    </p>
   </div>
   <div class='ocr_carea' id='block_1_81' title="bbox 455 4620 2031 4695">
    <p class='ocr_par' dir='ltr' id='par_1_81' title="bbox 455 4620 2031 4695">
     <span class='ocr_line' id='line_1_81' title="bbox 455 4620 2031 4695; baseline 0.005 -24"><span class='ocrx_word' id='word_1_607' title='bbox 455 4621 517 4671; x_wconf 71' lang='lat' dir='ltr'><strong>Et</strong></span> <span class='ocrx_word' id='word_1_608' title='bbox 552 4620 788 4687; x_wconf 77' lang='lat' dir='ltr'><strong>prufeCIo</strong></span> <span class='ocrx_word' id='word_1_609' title='bbox 832 4637 933 4673; x_wconf 88' lang='lat' dir='ltr'><strong>non</strong></span> <span class='ocrx_word' id='word_1_610' title='bbox 965 4622 1151 4695; x_wconf 81' lang='lat' dir='ltr'><strong>eadem</strong></span> <span class='ocrx_word' id='word_1_611' title='bbox 1183 4623 1326 4695; x_wconf 77' lang='lat' dir='ltr'><strong>omni</strong></span> <span class='ocrx_word' id='word_1_612' title='bbox 1349 4694 1353 4695; x_wconf 17' lang='grc' dir='ltr'><em>ν</em></span> <span class='ocrx_word' id='word_1_613' title='bbox 1377 4620 1491 4676; x_wconf 64' lang='lat' dir='ltr'><strong>arvo</strong></span> <span class='ocrx_word' id='word_1_614' title='bbox 1519 4620 1745 4679; x_wconf 72' lang='lat' dir='ltr'><strong>cucullze</strong></span> <span class='ocrx_word' id='word_1_615' title='bbox 1783 4620 2031 4695; x_wconf 79' lang='lat' dir='ltr'><strong>formula,</strong></span> 
     </span>
    </p>
   </div>
   <div class='ocr_carea' id='block_1_82' title="bbox 449 4691 2036 4766">
    <p class='ocr_par' dir='ltr' id='par_1_82' title="bbox 449 4691 2036 4766">
     <span class='ocr_line' id='line_1_82' title="bbox 449 4691 2036 4766; baseline 0.008 -26"><span class='ocrx_word' id='word_1_616' title='bbox 449 4706 750 4766; x_wconf 69' lang='lat' dir='ltr'><strong>quatiquati)</strong></span> <span class='ocrx_word' id='word_1_617' title='bbox 776 4707 878 4744; x_wconf 87' lang='lat' dir='ltr'><strong>nort</strong></span> <span class='ocrx_word' id='word_1_618' title='bbox 897 4692 1120 4766; x_wconf 60' lang='lat' dir='ltr'><strong>omnino</strong></span> <span class='ocrx_word' id='word_1_619' title='bbox 1142 4708 1169 4744; x_wconf 88' lang='lat' dir='ltr'><strong>a</strong></span> <span class='ocrx_word' id='word_1_620' title='bbox 1203 4691 1519 4763; x_wconf 82' lang='lat' dir='ltr'><strong>primigenia</strong></span> <span class='ocrx_word' id='word_1_621' title='bbox 1542 4695 1873 4766; x_wconf 79' lang='lat' dir='ltr'><strong>discrepans.</strong></span> <span class='ocrx_word' id='word_1_622' title='bbox 1904 4691 2036 4753; x_wconf 74' lang='lat' dir='ltr'><strong>Vide</strong></span> 
     </span>
    </p>
   </div>
   <div class='ocr_carea' id='block_1_83' title="bbox 450 4761 1221 4825">
    <p class='ocr_par' dir='ltr' id='par_1_83' title="bbox 450 4761 1221 4825">
     <span class='ocr_line' id='line_1_83' title="bbox 450 4761 1221 4825; baseline 0.003 -12"><span class='ocrx_word' id='word_1_623' title='bbox 450 4761 778 4825; x_wconf 68' lang='lat' dir='ltr'><strong>llaeftenunt,</strong></span> <span class='ocrx_word' id='word_1_624' title='bbox 812 4773 862 4815; x_wconf 88' lang='lat' dir='ltr'><strong>et</strong></span> <span class='ocrx_word' id='word_1_625' title='bbox 895 4761 1221 4816; x_wconf 83' lang='lat' dir='ltr'><strong>Ferrarium.</strong></span> 
     </span>
    </p>
   </div>
   <div class='ocr_carea' id='block_1_84' title="bbox 523 4854 2029 4927">
    <p class='ocr_par' dir='ltr' id='par_1_84' title="bbox 523 4854 2029 4927">
     <span class='ocr_line' id='line_1_84' title="bbox 523 4854 2029 4927; baseline 0.009 -24"><span class='ocrx_word' id='word_1_626' title='bbox 523 4858 547 4896; x_wconf 84' lang='lat' dir='ltr'><strong>b</strong></span> <span class='ocrx_word' id='word_1_627' title='bbox 582 4854 733 4927; x_wconf 73' lang='lat' dir='ltr'><strong>Quod</strong></span> <span class='ocrx_word' id='word_1_628' title='bbox 764 4854 917 4907; x_wconf 78' lang='lat' dir='ltr'><strong>melos</strong></span> <span class='ocrx_word' id='word_1_629' title='bbox 961 4865 1168 4925; x_wconf 80' lang='lat' dir='ltr'><strong>prapter</strong></span> <span class='ocrx_word' id='word_1_630' title='bbox 1197 4857 1498 4925; x_wconf 79' lang='lat' dir='ltr'><strong>nuditatem,</strong></span> <span class='ocrx_word' id='word_1_631' title='bbox 1530 4869 1637 4915; x_wconf 84' lang='lat' dir='ltr'><strong>etc.</strong></span> <span class='ocrx_word' id='word_1_632' title='bbox 1674 4859 1898 4927; x_wconf 80' lang='lat' dir='ltr'><strong>Propter</strong></span> <span class='ocrx_word' id='word_1_633' title='bbox 1942 4878 2029 4917; x_wconf 85' lang='lat' dir='ltr'><strong>ro-</strong></span> 
     </span>
    </p>
   </div>
   <div class='ocr_carea' id='block_1_85' title="bbox 447 4925 2030 4997">
    <p class='ocr_par' dir='ltr' id='par_1_85' title="bbox 447 4925 2030 4997">
     <span class='ocr_line' id='line_1_85' title="bbox 447 4925 2030 4997; baseline 0.004 -20"><span class='ocrx_word' id='word_1_634' title='bbox 447 4925 745 4997; x_wconf 69' lang='lat' dir='ltr'><strong>tunditatem</strong></span> <span class='ocrx_word' id='word_1_635' title='bbox 780 4926 1057 4997; x_wconf 78' lang='lat' dir='ltr'><strong>legendum</strong></span> <span class='ocrx_word' id='word_1_636' title='bbox 1094 4942 1108 4978; x_wconf 90' lang='lat'><strong>:</strong></span> <span class='ocrx_word' id='word_1_637' title='bbox 1146 4942 1262 4979; x_wconf 90' lang='lat' dir='ltr'><strong>nam</strong></span> <span class='ocrx_word' id='word_1_638' title='bbox 1299 4930 1471 4994; x_wconf 87' lang='lat' dir='ltr'><strong>melis,</strong></span> <span class='ocrx_word' id='word_1_639' title='bbox 1502 4930 1698 4983; x_wconf 88' lang='lat' dir='ltr'><strong>animal</strong></span> <span class='ocrx_word' id='word_1_640' title='bbox 1730 4925 1795 4982; x_wconf 84' lang='lat' dir='ltr'><strong>de</strong></span> <span class='ocrx_word' id='word_1_641' title='bbox 1834 4945 2030 4997; x_wconf 85' lang='lat' dir='ltr'><strong>genere</strong></span> 
     </span>
    </p>
   </div>
   <div class='ocr_carea' id='block_1_86' title="bbox 446 4996 2031 5065">
    <p class='ocr_par' dir='ltr' id='par_1_86' title="bbox 446 4996 2031 5065">
     <span class='ocr_line' id='line_1_86' title="bbox 446 4996 2031 5065; baseline 0.006 -22"><span class='ocrx_word' id='word_1_642' title='bbox 446 4996 732 5065; x_wconf 79' lang='lat' dir='ltr'><strong>agrestium</strong></span> <span class='ocrx_word' id='word_1_643' title='bbox 784 4996 986 5060; x_wconf 72' lang='lat' dir='ltr'><strong>lenium,</strong></span> <span class='ocrx_word' id='word_1_644' title='bbox 1043 5000 1265 5051; x_wconf 78' lang='lat' dir='ltr'><strong>fortasse</strong></span> <span class='ocrx_word' id='word_1_645' title='bbox 1314 5000 1452 5065; x_wconf 88' lang='lat' dir='ltr'><strong>qttod</strong></span> <span class='ocrx_word' id='word_1_646' title='bbox 1503 5010 1675 5051; x_wconf 72' lang='lat' dir='ltr'><strong>tarum</strong></span> <span class='ocrx_word' id='word_1_647' title='bbox 1719 4996 1931 5064; x_wconf 78' lang='lat' dir='ltr'><strong>vocant,</strong></span> <span class='ocrx_word' id='word_1_648' title='bbox 1975 5010 2031 5053; x_wconf 76' lang='grc' dir='ltr'><strong>ιιι</strong></span> 
     </span>
    </p>
   </div>
   <div class='ocr_carea' id='block_1_87' title="bbox 443 5063 2030 5138">
    <p class='ocr_par' dir='ltr' id='par_1_87' title="bbox 443 5063 2030 5138">
     <span class='ocr_line' id='line_1_87' title="bbox 443 5063 2030 5138; baseline 0.004 -21"><span class='ocrx_word' id='word_1_649' title='bbox 443 5063 581 5138; x_wconf 77' lang='lat' dir='ltr'><strong>idem</strong></span> <span class='ocrx_word' id='word_1_650' title='bbox 616 5064 807 5117; x_wconf 81' lang='lat' dir='ltr'><strong>Paulus</strong></span> <span class='ocrx_word' id='word_1_651' title='bbox 840 5069 1035 5132; x_wconf 88' lang='lat' dir='ltr'><strong>prodit,</strong></span> <span class='ocrx_word' id='word_1_652' title='bbox 1061 5083 1087 5117; x_wconf 88' lang='lat' dir='ltr'><strong>a</strong></span> <span class='ocrx_word' id='word_1_653' title='bbox 1120 5066 1306 5120; x_wconf 68' lang='lat' dir='ltr'><strong>GI‘JH&#39;O</strong></span> <span class='ocrx_word' id='word_1_654' title='bbox 1333 5063 1502 5120; x_wconf 44' lang='lat' dir='ltr'><strong>&#39;melon</strong></span> <span class='ocrx_word' id='word_1_655' title='bbox 1529 5071 1739 5131; x_wconf 81' lang='lat' dir='ltr'><strong>dlCilllf‘,</strong></span> <span class='ocrx_word' id='word_1_656' title='bbox 1773 5063 2030 5138; x_wconf 85' lang='lat' dir='ltr'><strong>quodest</strong></span> 
     </span>
    </p>
   </div>
   <div class='ocr_carea' id='block_1_88' title="bbox 445 5134 2024 5204">
    <p class='ocr_par' dir='ltr' id='par_1_88' title="bbox 445 5134 2024 5204">
     <span class='ocr_line' id='line_1_88' title="bbox 445 5134 2024 5204; baseline 0.006 -19"><span class='ocrx_word' id='word_1_657' title='bbox 445 5134 659 5191; x_wconf 72' lang='grc' dir='ltr'><strong>υμιίαυι.</strong></span> <span class='ocrx_word' id='word_1_658' title='bbox 694 5151 757 5187; x_wconf 86' lang='lat' dir='ltr'><strong>eo</strong></span> <span class='ocrx_word' id='word_1_659' title='bbox 794 5139 931 5204; x_wconf 79' lang='lat' dir='ltr'><strong>quod</strong></span> <span class='ocrx_word' id='word_1_660' title='bbox 966 5139 1132 5192; x_wconf 58' lang='lat' dir='ltr'><strong>ittsizll&#39;</strong></span> <span class='ocrx_word' id='word_1_661' title='bbox 1175 5138 1300 5190; x_wconf 81' lang='lat' dir='ltr'><strong>ntali</strong></span> <span class='ocrx_word' id='word_1_662' title='bbox 1350 5151 1542 5204; x_wconf 85' lang='lat' dir='ltr'><strong>corpus</strong></span> <span class='ocrx_word' id='word_1_663' title='bbox 1596 5134 1802 5194; x_wconf 52' lang='lat' dir='ltr'><strong>habeat&#39;</strong></span> <span class='ocrx_word' id='word_1_664' title='bbox 1836 5151 2024 5195; x_wconf 78' lang='lat' dir='ltr'><strong>rotun-</strong></span> 
     </span>
    </p>
   </div>
   <div class='ocr_carea' id='block_1_89' title="bbox 444 5204 1540 5270">
    <p class='ocr_par' dir='ltr' id='par_1_89' title="bbox 444 5204 1540 5270">
     <span class='ocr_line' id='line_1_89' title="bbox 444 5204 1540 5270; baseline 0.004 -12"><span class='ocrx_word' id='word_1_665' title='bbox 444 5204 591 5258; x_wconf 84' lang='lat' dir='ltr'><strong>dtttu.</strong></span> <span class='ocrx_word' id='word_1_666' title='bbox 626 5205 753 5257; x_wconf 75' lang='lat' dir='ltr'><strong>“lth</strong></span> <span class='ocrx_word' id='word_1_667' title='bbox 788 5208 984 5260; x_wconf 60' lang='lat' dir='ltr'><strong>milium</strong></span> <span class='ocrx_word' id='word_1_668' title='bbox 1015 5208 1197 5270; x_wconf 80' lang='lat' dir='ltr'><strong>vestis,</strong></span> <span class='ocrx_word' id='word_1_669' title='bbox 1232 5217 1281 5260; x_wconf 84' lang='lat' dir='ltr'><strong>ct</strong></span> <span class='ocrx_word' id='word_1_670' title='bbox 1315 5209 1540 5262; x_wconf 78' lang='lat' dir='ltr'><strong>meloles.</strong></span> 
     </span>
    </p>
   </div>
   <div class='ocr_carea' id='block_1_90' title="bbox 517 5294 2029 5368">
    <p class='ocr_par' dir='ltr' id='par_1_90' title="bbox 517 5294 2029 5368">
     <span class='ocr_line' id='line_1_90' title="bbox 517 5294 2029 5368; baseline 0.004 -21"><span class='ocrx_word' id='word_1_671' title='bbox 517 5305 537 5333; x_wconf 74' lang='grc' dir='ltr'>ε</span> <span class='ocrx_word' id='word_1_672' title='bbox 581 5294 793 5352; x_wconf 74' lang='lat' dir='ltr'><strong>Mallos.</strong></span> <span class='ocrx_word' id='word_1_673' title='bbox 824 5298 922 5353; x_wconf 85' lang='lat' dir='ltr'><strong>Alii</strong></span> <span class='ocrx_word' id='word_1_674' title='bbox 957 5301 1135 5368; x_wconf 76' lang='lat' dir='ltr'><strong>legunt</strong></span> <span class='ocrx_word' id='word_1_675' title='bbox 1166 5308 1365 5351; x_wconf 74' lang='lat' dir='ltr'><strong>maritos</strong></span> <span class='ocrx_word' id='word_1_676' title='bbox 1393 5301 1470 5354; x_wconf 84' lang='lat' dir='ltr'><strong>vel</strong></span> <span class='ocrx_word' id='word_1_677' title='bbox 1504 5317 1722 5356; x_wconf 77' lang='lat' dir='ltr'><strong>manias.</strong></span> <span class='ocrx_word' id='word_1_678' title='bbox 1759 5303 1915 5355; x_wconf 77' lang='lat' dir='ltr'><strong>Malia</strong></span> <span class='ocrx_word' id='word_1_679' title='bbox 1953 5311 2029 5355; x_wconf 81' lang='lat' dir='ltr'><strong>te-</strong></span> 
     </span>
    </p>
   </div>
   <div class='ocr_carea' id='block_1_91' title="bbox 481 5372 2025 5433">
    <p class='ocr_par' dir='ltr' id='par_1_91' title="bbox 481 5372 2025 5433">
     <span class='ocr_line' id='line_1_91' title="bbox 481 5372 2025 5433; baseline 0.002 -11"><span class='ocrx_word' id='word_1_680' title='bbox 481 5376 642 5422; x_wconf 83' lang='lat' dir='ltr'><strong>esest</strong></span> <span class='ocrx_word' id='word_1_681' title='bbox 672 5372 751 5423; x_wconf 87' lang='lat' dir='ltr'><strong>vel</strong></span> <span class='ocrx_word' id='word_1_682' title='bbox 811 5381 1010 5431; x_wconf 78' lang='lat' dir='ltr'><strong>sturea,</strong></span> <span class='ocrx_word' id='word_1_683' title='bbox 1043 5385 1094 5419; x_wconf 84' lang='lat' dir='ltr'><strong>tu</strong></span> <span class='ocrx_word' id='word_1_684' title='bbox 1146 5384 1247 5433; x_wconf 84' lang='lat' dir='ltr'><strong>qua</strong></span> <span class='ocrx_word' id='word_1_685' title='bbox 1301 5372 1550 5425; x_wconf 84' lang='lat' dir='ltr'><strong>monachi</strong></span> <span class='ocrx_word' id='word_1_686' title='bbox 1610 5376 1807 5427; x_wconf 83' lang='lat' dir='ltr'><strong>cubare</strong></span> <span class='ocrx_word' id='word_1_687' title='bbox 1862 5374 2025 5427; x_wconf 89' lang='lat' dir='ltr'><strong>soliti.</strong></span> 
     </span>
    </p>
   </div>
   <div class='ocr_carea' id='block_1_92' title="bbox 493 5440 2027 5507">
    <p class='ocr_par' dir='ltr' id='par_1_92' title="bbox 493 5440 2027 5507">
     <span class='ocr_line' id='line_1_92' title="bbox 493 5440 2027 5507; baseline 0.006 -18"><span class='ocrx_word' id='word_1_688' title='bbox 493 5440 711 5491; x_wconf 85' lang='lat' dir='ltr'><strong>ortassis</strong></span> <span class='ocrx_word' id='word_1_689' title='bbox 738 5456 863 5507; x_wconf 77' lang='lat' dir='ltr'><strong>ergo</strong></span> <span class='ocrx_word' id='word_1_690' title='bbox 910 5447 1068 5492; x_wconf 77' lang='lat' dir='ltr'><strong>malm</strong></span> <span class='ocrx_word' id='word_1_691' title='bbox 1116 5448 1298 5492; x_wconf 77' lang='lat' dir='ltr'><strong>vocata</strong></span> <span class='ocrx_word' id='word_1_692' title='bbox 1346 5452 1426 5494; x_wconf 89' lang='lat' dir='ltr'><strong>est</strong></span> <span class='ocrx_word' id='word_1_693' title='bbox 1495 5443 1573 5497; x_wconf 89' lang='lat' dir='ltr'><strong>vel</strong></span> <span class='ocrx_word' id='word_1_694' title='bbox 1630 5454 1816 5498; x_wconf 73' lang='lat' dir='ltr'><strong>manus</strong></span> <span class='ocrx_word' id='word_1_695' title='bbox 1864 5444 2027 5499; x_wconf 83' lang='lat' dir='ltr'><strong>vestis</strong></span> 
     </span>
    </p>
   </div>
   <div class='ocr_carea' id='block_1_93' title="bbox 444 5508 1346 5563">
    <p class='ocr_par' dir='ltr' id='par_1_93' title="bbox 444 5508 1346 5563">
     <span class='ocr_line' id='line_1_93' title="bbox 444 5508 1346 5563; baseline 0.002 -1"><span class='ocrx_word' id='word_1_696' title='bbox 444 5517 665 5562; x_wconf 74' lang='lat' dir='ltr'><strong>texturae</strong></span> <span class='ocrx_word' id='word_1_697' title='bbox 686 5509 885 5563; x_wconf 81' lang='lat' dir='ltr'><strong>rudturi</strong></span> <span class='ocrx_word' id='word_1_698' title='bbox 916 5518 1104 5560; x_wconf 76' lang='lat' dir='ltr'><strong>sturca:</strong></span> <span class='ocrx_word' id='word_1_699' title='bbox 1139 5508 1346 5563; x_wconf 81' lang='lat' dir='ltr'><strong>similis.</strong></span> 
     </span>
    </p>
   </div>
   <div class='ocr_carea' id='block_1_94' title="bbox 513 5598 2021 5669">
    <p class='ocr_par' dir='ltr' id='par_1_94' title="bbox 513 5598 2021 5669">
     <span class='ocr_line' id='line_1_94' title="bbox 513 5598 2021 5669; baseline 0.003 -14"><span class='ocrx_word' id='word_1_700' title='bbox 513 5598 537 5635; x_wconf 71' lang='grc' dir='ltr'>ἀ</span> <span class='ocrx_word' id='word_1_701' title='bbox 571 5602 769 5669; x_wconf 83' lang='lat' dir='ltr'><strong>Capud.</strong></span> <span class='ocrx_word' id='word_1_702' title='bbox 803 5601 1140 5655; x_wconf 89' lang='lat' dir='ltr'><strong>Gommutata</strong></span> <span class='ocrx_word' id='word_1_703' title='bbox 1172 5602 1401 5656; x_wconf 84' lang='lat' dir='ltr'><strong>invicem</strong></span> <span class='ocrx_word' id='word_1_704' title='bbox 1436 5604 1547 5657; x_wconf 73' lang='lat' dir='ltr'><strong>lucc</strong></span> <span class='ocrx_word' id='word_1_705' title='bbox 1579 5604 1841 5659; x_wconf 87' lang='lat' dir='ltr'><strong>elementa</strong></span> <span class='ocrx_word' id='word_1_706' title='bbox 1873 5607 1905 5659; x_wconf 75' lang='lat' dir='ltr'><strong>tl</strong></span> <span class='ocrx_word' id='word_1_707' title='bbox 1928 5615 2021 5661; x_wconf 80' lang='lat' dir='ltr'><strong>ett</strong></span> 
     </span>
    </p>
   </div>
   <div class='ocr_carea' id='block_1_95' title="bbox 440 5669 1032 5727">
    <p class='ocr_par' dir='ltr' id='par_1_95' title="bbox 440 5669 1032 5727">
     <span class='ocr_line' id='line_1_95' title="bbox 440 5669 1032 5727; baseline 0.008 -5"><span class='ocrx_word' id='word_1_708' title='bbox 440 5669 563 5724; x_wconf 83' lang='lat' dir='ltr'><strong>alibi</strong></span> <span class='ocrx_word' id='word_1_709' title='bbox 590 5672 743 5726; x_wconf 88' lang='lat' dir='ltr'><strong>nobis</strong></span> <span class='ocrx_word' id='word_1_710' title='bbox 773 5681 1032 5727; x_wconf 85' lang='lat' dir='ltr'><strong>notatum.</strong></span> 
     </span>
    </p>
   </div>
   <div class='ocr_carea' id='block_1_96' title="bbox 516 5740 2013 5817">
    <p class='ocr_par' dir='ltr' id='par_1_96' title="bbox 516 5740 2013 5817">
     <span class='ocr_line' id='line_1_96' title="bbox 516 5740 2013 5817; baseline 0.008 -26"><span class='ocrx_word' id='word_1_711' title='bbox 516 5754 536 5777; x_wconf 73' lang='grc' dir='ltr'><strong>υ</strong></span> <span class='ocrx_word' id='word_1_712' title='bbox 576 5740 784 5817; x_wconf 72' lang='lat' dir='ltr'><strong>Gunuas</strong></span> <span class='ocrx_word' id='word_1_713' title='bbox 815 5743 1062 5812; x_wconf 78' lang='lat' dir='ltr'><strong>pellicias.</strong></span> <span class='ocrx_word' id='word_1_714' title='bbox 1092 5741 1328 5797; x_wconf 73' lang='lat' dir='ltr'><strong>Geminus</strong></span> <span class='ocrx_word' id='word_1_715' title='bbox 1354 5743 1619 5809; x_wconf 75' lang='lat' dir='ltr'><strong>pelliculas</strong></span> <span class='ocrx_word' id='word_1_716' title='bbox 1670 5744 1796 5816; x_wconf 83' lang='lat' dir='ltr'><strong>legit</strong></span> <span class='ocrx_word' id='word_1_717' title='bbox 1850 5746 2013 5803; x_wconf 85' lang='lat' dir='ltr'><strong>Breu-</strong></span> 
     </span>
    </p>
   </div>
   <div class='ocr_carea' id='block_1_97' title="bbox 2140 3539 3321 3610">
    <p class='ocr_par' dir='ltr' id='par_1_97' title="bbox 2140 3539 3321 3610">
     <span class='ocr_line' id='line_1_97' title="bbox 2140 3539 3321 3610; baseline 0.004 -17"><span class='ocrx_word' id='word_1_718' title='bbox 2140 3541 2412 3608; x_wconf 25' lang='lat' dir='ltr'><strong>rp0plicutn</strong></span> <span class='ocrx_word' id='word_1_719' title='bbox 2443 3539 2677 3595; x_wconf 83' lang='lat' dir='ltr'><strong>officium</strong></span> <span class='ocrx_word' id='word_1_720' title='bbox 2706 3541 2865 3610; x_wconf 89' lang='lat' dir='ltr'><strong>jenua</strong></span> <span class='ocrx_word' id='word_1_721' title='bbox 2899 3558 3002 3596; x_wconf 91' lang='lat' dir='ltr'><strong>non</strong></span> <span class='ocrx_word' id='word_1_722' title='bbox 3035 3542 3321 3598; x_wconf 84' lang='lat' dir='ltr'><strong>flectimus.</strong></span> 
     </span>
    </p>
   </div>
   <div class='ocr_carea' id='block_1_98' title="bbox 2218 3626 3742 3704">
    <p class='ocr_par' dir='ltr' id='par_1_98' title="bbox 2218 3626 3742 3704">
     <span class='ocr_line' id='line_1_98' title="bbox 2218 3626 3742 3704; baseline 0.002 -17"><span class='ocrx_word' id='word_1_723' title='bbox 2218 3628 2246 3667; x_wconf 76' lang='grc' dir='ltr'><strong>¹ι</strong></span> <span class='ocrx_word' id='word_1_724' title='bbox 2284 3632 2509 3687; x_wconf 85' lang='lat' dir='ltr'><strong>Textum</strong></span> <span class='ocrx_word' id='word_1_725' title='bbox 2562 3648 2774 3703; x_wconf 88' lang='lat' dir='ltr'><strong>quoque</strong></span> <span class='ocrx_word' id='word_1_726' title='bbox 2827 3634 3235 3702; x_wconf 77' lang='lat' dir='ltr'><strong>promissionis,</strong></span> <span class='ocrx_word' id='word_1_727' title='bbox 3278 3649 3383 3704; x_wconf 88' lang='lat' dir='ltr'><strong>quo</strong></span> <span class='ocrx_word' id='word_1_728' title='bbox 3429 3626 3742 3690; x_wconf 42' lang='lat' dir='ltr'><strong>ordine&#39;so-</strong></span> 
     </span>
    </p>
   </div>
   <div class='ocr_carea' id='block_1_99' title="bbox 2152 3722 3739 3795">
    <p class='ocr_par' dir='ltr' id='par_1_99' title="bbox 2152 3722 3739 3795">
     <span class='ocr_line' id='line_1_99' title="bbox 2152 3722 3739 3795; baseline 0.005 -20"><span class='ocrx_word' id='word_1_729' title='bbox 2152 3722 2333 3778; x_wconf 87' lang='lat' dir='ltr'><strong>lebant</strong></span> <span class='ocrx_word' id='word_1_730' title='bbox 2378 3723 2676 3778; x_wconf 91' lang='lat' dir='ltr'><strong>anteriores</strong></span> <span class='ocrx_word' id='word_1_731' title='bbox 2706 3725 2949 3779; x_wconf 87' lang='lat' dir='ltr'><strong>monachi</strong></span> <span class='ocrx_word' id='word_1_732' title='bbox 2984 3725 3236 3795; x_wconf 68' lang='lat' dir='ltr'><strong>[tegulam</strong></span> <span class='ocrx_word' id='word_1_733' title='bbox 3266 3737 3503 3781; x_wconf 86' lang='lat' dir='ltr'><strong>sanctam</strong></span> <span class='ocrx_word' id='word_1_734' title='bbox 3534 3729 3584 3782; x_wconf 89' lang='lat' dir='ltr'><strong>in</strong></span> <span class='ocrx_word' id='word_1_735' title='bbox 3631 3728 3739 3783; x_wconf 72' lang='lat' dir='ltr'><strong>hoc</strong></span> 
     </span>
    </p>
   </div>
   <div class='ocr_carea' id='block_1_100' title="bbox 2144 3811 3739 3885">
    <p class='ocr_par' dir='ltr' id='par_1_100' title="bbox 2144 3811 3739 3885">
     <span class='ocr_line' id='line_1_100' title="bbox 2144 3811 3739 3885; baseline 0.004 -21"><span class='ocrx_word' id='word_1_736' title='bbox 2144 3811 2263 3865; x_wconf 88' lang='lat' dir='ltr'><strong>luco</strong></span> <span class='ocrx_word' id='word_1_737' title='bbox 2291 3815 2621 3881; x_wconf 87' lang='lat' dir='ltr'><strong>promittere,</strong></span> <span class='ocrx_word' id='word_1_738' title='bbox 2655 3828 2780 3869; x_wconf 86' lang='lat' dir='ltr'><strong>ecce</strong></span> <span class='ocrx_word' id='word_1_739' title='bbox 2819 3816 2952 3869; x_wconf 78' lang='lat' dir='ltr'><strong>intra</strong></span> <span class='ocrx_word' id='word_1_740' title='bbox 2989 3816 3122 3870; x_wconf 87' lang='lat' dir='ltr'><strong>hanc</strong></span> <span class='ocrx_word' id='word_1_741' title='bbox 3163 3816 3443 3885; x_wconf 84' lang='lat' dir='ltr'><strong>epistolam</strong></span> <span class='ocrx_word' id='word_1_742' title='bbox 3491 3817 3545 3870; x_wconf 91' lang='lat' dir='ltr'><strong>in</strong></span> <span class='ocrx_word' id='word_1_743' title='bbox 3577 3816 3739 3871; x_wconf 85' lang='lat' dir='ltr'><strong>brevi</strong></span> 
     </span>
    </p>
   </div>
   <div class='ocr_carea' id='block_1_101' title="bbox 2145 3904 3741 3977">
    <p class='ocr_par' dir='ltr' id='par_1_101' title="bbox 2145 3904 3741 3977">
     <span class='ocr_line' id='line_1_101' title="bbox 2145 3904 3741 3977; baseline 0.004 -22"><span class='ocrx_word' id='word_1_744' title='bbox 2145 3904 2385 3972; x_wconf 66' lang='lat' dir='ltr'><strong>paginola</strong></span> <span class='ocrx_word' id='word_1_745' title='bbox 2417 3914 2690 3959; x_wconf 81' lang='lat' dir='ltr'><strong>exaratum</strong></span> <span class='ocrx_word' id='word_1_746' title='bbox 2740 3905 3030 3962; x_wconf 74' lang='lat' dir='ltr'><strong>direximus</strong></span> <span class='ocrx_word' id='word_1_747' title='bbox 3066 3907 3234 3961; x_wconf 87' lang='lat' dir='ltr'><strong>vobis.</strong></span> <span class='ocrx_word' id='word_1_748' title='bbox 3272 3910 3287 3946; x_wconf 79' lang='grc' dir='ltr'><strong>ί</strong></span> <span class='ocrx_word' id='word_1_749' title='bbox 3332 3906 3494 3961; x_wconf 84' lang='lat' dir='ltr'><strong>Joseb</strong></span> <span class='ocrx_word' id='word_1_750' title='bbox 3516 3923 3741 3977; x_wconf 84' lang='lat' dir='ltr'><strong>quoque</strong></span> 
     </span>
    </p>
   </div>
   <div class='ocr_carea' id='block_1_102' title="bbox 2142 3997 3732 4070">
    <p class='ocr_par' dir='ltr' id='par_1_102' title="bbox 2142 3997 3732 4070">
     <span class='ocr_line' id='line_1_102' title="bbox 2142 3997 3732 4070; baseline 0.003 -21"><span class='ocrx_word' id='word_1_751' title='bbox 2142 3997 2304 4050; x_wconf 86' lang='lat' dir='ltr'><strong>frater</strong></span> <span class='ocrx_word' id='word_1_752' title='bbox 2334 4008 2539 4062; x_wconf 89' lang='lat' dir='ltr'><strong>noster,</strong></span> <span class='ocrx_word' id='word_1_753' title='bbox 2571 4012 2749 4068; x_wconf 89' lang='lat' dir='ltr'><strong>quem,</strong></span> <span class='ocrx_word' id='word_1_754' title='bbox 2781 4006 2839 4053; x_wconf 91' lang='lat' dir='ltr'><strong>ut</strong></span> <span class='ocrx_word' id='word_1_755' title='bbox 2863 3999 3098 4055; x_wconf 79' lang='lat' dir='ltr'><strong>scribere</strong></span> <span class='ocrx_word' id='word_1_756' title='bbox 3146 4000 3298 4054; x_wconf 92' lang='lat' dir='ltr'><strong>nobis</strong></span> <span class='ocrx_word' id='word_1_757' title='bbox 3326 3999 3523 4070; x_wconf 85' lang='lat' dir='ltr'><strong>dignati</strong></span> <span class='ocrx_word' id='word_1_758' title='bbox 3568 4000 3732 4063; x_wconf 87' lang='lat' dir='ltr'><strong>estis,</strong></span> 
     </span>
    </p>
   </div>
   <div class='ocr_carea' id='block_1_103' title="bbox 2142 4131 3738 4206">
    <p class='ocr_par' dir='ltr' id='par_1_103' title="bbox 2142 4131 3738 4206">
     <span class='ocr_line' id='line_1_103' title="bbox 2142 4131 3738 4206; baseline 0.006 -21"><span class='ocrx_word' id='word_1_759' title='bbox 2142 4131 2264 4186; x_wconf 90' lang='lat' dir='ltr'><strong>lius.</strong></span> <span class='ocrx_word' id='word_1_760' title='bbox 2295 4132 2485 4188; x_wconf 77' lang='lat' dir='ltr'><strong>Nostra</strong></span> <span class='ocrx_word' id='word_1_761' title='bbox 2526 4132 2684 4188; x_wconf 88' lang='lat' dir='ltr'><strong>lectio</strong></span> <span class='ocrx_word' id='word_1_762' title='bbox 2711 4135 2933 4191; x_wconf 90' lang='lat' dir='ltr'><strong>omnino</strong></span> <span class='ocrx_word' id='word_1_763' title='bbox 2962 4134 3313 4206; x_wconf 76' lang='lat' dir='ltr'><strong>praeferenda.</strong></span> <span class='ocrx_word' id='word_1_764' title='bbox 3350 4136 3480 4193; x_wconf 80' lang='lat' dir='ltr'><strong>Vide</strong></span> <span class='ocrx_word' id='word_1_765' title='bbox 3524 4136 3738 4194; x_wconf 75' lang='grc' dir='ltr'><strong>ιιωηε-</strong></span> 
     </span>
    </p>
   </div>
   <div class='ocr_carea' id='block_1_104' title="bbox 2140 4218 2287 4257">
    <p class='ocr_par' dir='ltr' id='par_1_104' title="bbox 2140 4218 2287 4257">
     <span class='ocr_line' id='line_1_104' title="bbox 2140 4218 2287 4257; baseline -0.007 0"><span class='ocrx_word' id='word_1_766' title='bbox 2140 4218 2287 4257; x_wconf 87' lang='lat' dir='ltr'><strong>nunt.</strong></span> 
     </span>
    </p>
   </div>
   <div class='ocr_carea' id='block_1_105' title="bbox 2216 4271 3747 4345">
    <p class='ocr_par' dir='ltr' id='par_1_105' title="bbox 2216 4271 3747 4345">
     <span class='ocr_line' id='line_1_105' title="bbox 2216 4271 3747 4345; baseline 0.009 -19"><span class='ocrx_word' id='word_1_767' title='bbox 2216 4271 2234 4310; x_wconf 68' lang='grc' dir='ltr'><em>τ</em></span> <span class='ocrx_word' id='word_1_768' title='bbox 2262 4274 2444 4345; x_wconf 76' lang='lat' dir='ltr'><strong>Jenua</strong></span> <span class='ocrx_word' id='word_1_769' title='bbox 2473 4290 2573 4327; x_wconf 86' lang='lat' dir='ltr'><strong>non</strong></span> <span class='ocrx_word' id='word_1_770' title='bbox 2600 4276 2872 4343; x_wconf 74' lang='lat' dir='ltr'><strong>ﬂectimus.</strong></span> <span class='ocrx_word' id='word_1_771' title='bbox 2914 4276 3000 4331; x_wconf 91' lang='lat' dir='ltr'><strong>Sic</strong></span> <span class='ocrx_word' id='word_1_772' title='bbox 3028 4275 3400 4345; x_wconf 86' lang='lat' dir='ltr'><strong>loquebantur,</strong></span> <span class='ocrx_word' id='word_1_773' title='bbox 3443 4280 3747 4341; x_wconf 21' lang='lat' dir='ltr'><strong>mollienda.</strong></span> 
     </span>
    </p>
   </div>
   <div class='ocr_carea' id='block_1_106' title="bbox 2140 4344 3743 4415">
    <p class='ocr_par' dir='ltr' id='par_1_106' title="bbox 2140 4344 3743 4415">
     <span class='ocr_line' id='line_1_106' title="bbox 2140 4344 3743 4415; baseline 0.006 -17"><span class='ocrx_word' id='word_1_774' title='bbox 2140 4344 2378 4413; x_wconf 75' lang='lat' dir='ltr'><strong>septimae</strong></span> <span class='ocrx_word' id='word_1_775' title='bbox 2410 4346 2600 4400; x_wconf 63' lang='lat' dir='ltr'><strong>litterae</strong></span> <span class='ocrx_word' id='word_1_776' title='bbox 2627 4347 2896 4400; x_wconf 87' lang='lat' dir='ltr'><strong>duriorem</strong></span> <span class='ocrx_word' id='word_1_777' title='bbox 2933 4344 3439 4415; x_wconf 84' lang='lat' dir='ltr'><strong>pronuntiationem,</strong></span> <span class='ocrx_word' id='word_1_778' title='bbox 3470 4361 3527 4404; x_wconf 91' lang='lat' dir='ltr'><strong>ut</strong></span> <span class='ocrx_word' id='word_1_779' title='bbox 3551 4355 3743 4407; x_wconf 65' lang='lat' dir='ltr'><strong>tertia</strong></span> 
     </span>
    </p>
   </div>
   <div class='ocr_carea' id='block_1_107' title="bbox 2142 4415 3745 4487">
    <p class='ocr_par' dir='ltr' id='par_1_107' title="bbox 2142 4415 3745 4487">
     <span class='ocr_line' id='line_1_107' title="bbox 2142 4415 3745 4487; baseline 0.007 -21"><span class='ocrx_word' id='word_1_780' title='bbox 2142 4415 2314 4487; x_wconf 76' lang='lat' dir='ltr'><strong>vocali</strong></span> <span class='ocrx_word' id='word_1_781' title='bbox 2369 4429 2502 4487; x_wconf 88' lang='lat' dir='ltr'><strong>pene</strong></span> <span class='ocrx_word' id='word_1_782' title='bbox 2558 4425 2879 4471; x_wconf 67' lang='lat' dir='ltr'><strong>consonaret</strong></span> <span class='ocrx_word' id='word_1_783' title='bbox 2930 4435 2943 4469; x_wconf 86' lang='lat'>:</span> <span class='ocrx_word' id='word_1_784' title='bbox 3002 4419 3227 4487; x_wconf 89' lang='lat' dir='ltr'><strong>ideoque</strong></span> <span class='ocrx_word' id='word_1_785' title='bbox 3271 4421 3348 4473; x_wconf 82' lang='lat' dir='ltr'><strong>sic</strong></span> <span class='ocrx_word' id='word_1_786' title='bbox 3399 4422 3745 4477; x_wconf 80' lang='lat' dir='ltr'><strong>scribebant.</strong></span> 
     </span>
    </p>
   </div>
   <div class='ocr_carea' id='block_1_108' title="bbox 2143 4485 3743 4557">
    <p class='ocr_par' dir='ltr' id='par_1_108' title="bbox 2143 4485 3743 4557">
     <span class='ocr_line' id='line_1_108' title="bbox 2143 4485 3743 4557; baseline 0.006 -20"><span class='ocrx_word' id='word_1_787' title='bbox 2143 4485 2503 4547; x_wconf 78' lang='lat' dir='ltr'><strong>Contra,dum</strong></span> <span class='ocrx_word' id='word_1_788' title='bbox 2533 4487 2882 4541; x_wconf 90' lang='lat' dir='ltr'><strong>barbarurum</strong></span> <span class='ocrx_word' id='word_1_789' title='bbox 2909 4485 3157 4557; x_wconf 79' lang='lat' dir='ltr'><strong>contagio</strong></span> <span class='ocrx_word' id='word_1_790' title='bbox 3189 4490 3302 4544; x_wconf 89' lang='lat' dir='ltr'><strong>Itali</strong></span> <span class='ocrx_word' id='word_1_791' title='bbox 3335 4492 3535 4545; x_wconf 83' lang='lat' dir='ltr'><strong>tertiam</strong></span> <span class='ocrx_word' id='word_1_792' title='bbox 3568 4506 3743 4545; x_wconf 59' lang='lat' dir='ltr'><strong>voca-</strong></span> 
     </span>
    </p>
   </div>
   <div class='ocr_carea' id='block_1_109' title="bbox 2143 4556 3743 4627">
    <p class='ocr_par' dir='ltr' id='par_1_109' title="bbox 2143 4556 3743 4627">
     <span class='ocr_line' id='line_1_109' title="bbox 2143 4556 3743 4627; baseline 0.007 -19"><span class='ocrx_word' id='word_1_793' title='bbox 2143 4556 2244 4608; x_wconf 80' lang='lat' dir='ltr'><strong>lem</strong></span> <span class='ocrx_word' id='word_1_794' title='bbox 2298 4557 2540 4627; x_wconf 87' lang='lat' dir='ltr'><strong>asperius</strong></span> <span class='ocrx_word' id='word_1_795' title='bbox 2587 4558 2779 4627; x_wconf 10' lang='lat' dir='ltr'><strong>elferrﬁe</strong></span> <span class='ocrx_word' id='word_1_796' title='bbox 2819 4556 3175 4624; x_wconf 75' lang='lat' dir='ltr'><strong>didicissent,</strong></span> <span class='ocrx_word' id='word_1_797' title='bbox 3224 4561 3616 4627; x_wconf 76' lang='lat' dir='ltr'><strong>degenerarunt</strong></span> <span class='ocrx_word' id='word_1_798' title='bbox 3672 4563 3743 4619; x_wconf 83' lang='lat' dir='ltr'><strong>in</strong></span> 
     </span>
    </p>
   </div>
   <div class='ocr_carea' id='block_1_110' title="bbox 2139 4626 3739 4699">
    <p class='ocr_par' dir='ltr' id='par_1_110' title="bbox 2139 4626 3739 4699">
     <span class='ocr_line' id='line_1_110' title="bbox 2139 4626 3739 4699; baseline 0.006 -23"><span class='ocrx_word' id='word_1_799' title='bbox 2139 4640 2325 4699; x_wconf 75' lang='lat' dir='ltr'><strong>sonum</strong></span> <span class='ocrx_word' id='word_1_800' title='bbox 2368 4644 2422 4699; x_wconf 81' lang='lat' dir='ltr'><strong>g,</strong></span> <span class='ocrx_word' id='word_1_801' title='bbox 2466 4636 2524 4699; x_wconf 74' lang='lat' dir='ltr'><strong>ut</strong></span> <span class='ocrx_word' id='word_1_802' title='bbox 2577 4642 2671 4695; x_wconf 91' lang='lat' dir='ltr'><strong>pro</strong></span> <span class='ocrx_word' id='word_1_803' title='bbox 2724 4626 2875 4691; x_wconf 61' lang='lat' dir='ltr'><strong>Iesu,</strong></span> <span class='ocrx_word' id='word_1_804' title='bbox 2915 4630 3049 4699; x_wconf 86' lang='lat' dir='ltr'><strong>jam,</strong></span> <span class='ocrx_word' id='word_1_805' title='bbox 3078 4626 3324 4696; x_wconf 64' lang='lat' dir='ltr'><strong>Joannes,</strong></span> <span class='ocrx_word' id='word_1_806' title='bbox 3359 4633 3739 4699; x_wconf 79' lang='lat' dir='ltr'><strong>pronuntient,</strong></span> 
     </span>
    </p>
   </div>
   <div class='ocr_carea' id='block_1_111' title="bbox 2141 4693 3732 4765">
    <p class='ocr_par' dir='ltr' id='par_1_111' title="bbox 2141 4693 3732 4765">
     <span class='ocr_line' id='line_1_111' title="bbox 2141 4693 3732 4765; baseline 0.006 -17"><span class='ocrx_word' id='word_1_807' title='bbox 2141 4693 2293 4759; x_wconf 69' lang='lat' dir='ltr'><strong>Gem,</strong></span> <span class='ocrx_word' id='word_1_808' title='bbox 2326 4693 2428 4765; x_wconf 74' lang='lat' dir='ltr'><strong>giu,</strong></span> <span class='ocrx_word' id='word_1_809' title='bbox 2458 4693 2730 4751; x_wconf 21' lang='lat' dir='ltr'><strong>(iiut-Vanui.</strong></span> <span class='ocrx_word' id='word_1_810' title='bbox 2780 4693 2931 4764; x_wconf 81' lang='lat' dir='ltr'><strong>Quod</strong></span> <span class='ocrx_word' id='word_1_811' title='bbox 2966 4700 3156 4753; x_wconf 88' lang='lat' dir='ltr'><strong>attinet</strong></span> <span class='ocrx_word' id='word_1_812' title='bbox 3203 4703 3269 4754; x_wconf 87' lang='lat' dir='ltr'><strong>ad</strong></span> <span class='ocrx_word' id='word_1_813' title='bbox 3310 4693 3477 4755; x_wconf 75' lang='lat' dir='ltr'><strong>ritum</strong></span> <span class='ocrx_word' id='word_1_814' title='bbox 3526 4693 3732 4759; x_wconf 62' lang='lat' dir='ltr'><strong>veteris</strong></span> 
     </span>
    </p>
   </div>
   <div class='ocr_carea' id='block_1_112' title="bbox 2139 4766 3735 4841">
    <p class='ocr_par' dir='ltr' id='par_1_112' title="bbox 2139 4766 3735 4841">
     <span class='ocr_line' id='line_1_112' title="bbox 2139 4766 3735 4841; baseline 0.006 -21"><span class='ocrx_word' id='word_1_815' title='bbox 2139 4766 2413 4841; x_wconf 61' lang='lat' dir='ltr'><strong>Eccjesize,</strong></span> <span class='ocrx_word' id='word_1_816' title='bbox 2448 4783 2564 4823; x_wconf 89' lang='lat' dir='ltr'><strong>mos</strong></span> <span class='ocrx_word' id='word_1_817' title='bbox 2600 4768 2694 4821; x_wconf 86' lang='lat' dir='ltr'><strong>fuit</strong></span> <span class='ocrx_word' id='word_1_818' title='bbox 2734 4768 2821 4841; x_wconf 80' lang='lat' dir='ltr'><strong>die</strong></span> <span class='ocrx_word' id='word_1_819' title='bbox 2855 4768 3150 4833; x_wconf 90' lang='lat' dir='ltr'><strong>Duminico,</strong></span> <span class='ocrx_word' id='word_1_820' title='bbox 3178 4782 3228 4825; x_wconf 89' lang='lat' dir='ltr'><strong>et</strong></span> <span class='ocrx_word' id='word_1_821' title='bbox 3257 4787 3285 4823; x_wconf 89' lang='lat' dir='ltr'><strong>a</strong></span> <span class='ocrx_word' id='word_1_822' title='bbox 3324 4770 3528 4828; x_wconf 83' lang='lat' dir='ltr'><strong>Pascha</strong></span> <span class='ocrx_word' id='word_1_823' title='bbox 3556 4788 3735 4841; x_wconf 80' lang='lat' dir='ltr'><strong>usque</strong></span> 
     </span>
    </p>
   </div>
   <div class='ocr_carea' id='block_1_113' title="bbox 2141 4836 3738 4909">
    <p class='ocr_par' dir='ltr' id='par_1_113' title="bbox 2141 4836 3738 4909">
     <span class='ocr_line' id='line_1_113' title="bbox 2141 4836 3738 4909; baseline 0.007 -22"><span class='ocrx_word' id='word_1_824' title='bbox 2141 4836 2203 4888; x_wconf 81' lang='lat' dir='ltr'><strong>ad</strong></span> <span class='ocrx_word' id='word_1_825' title='bbox 2232 4836 2725 4909; x_wconf 82' lang='lat' dir='ltr'><strong>Pentecosteu,non</strong></span> <span class='ocrx_word' id='word_1_826' title='bbox 2760 4840 2811 4909; x_wconf 77' lang='lat' dir='ltr'><strong>iu</strong></span> <span class='ocrx_word' id='word_1_827' title='bbox 2842 4854 3010 4907; x_wconf 80' lang='lat' dir='ltr'><strong>genua</strong></span> <span class='ocrx_word' id='word_1_828' title='bbox 3046 4844 3372 4909; x_wconf 82' lang='lat' dir='ltr'><strong>provolutus,</strong></span> <span class='ocrx_word' id='word_1_829' title='bbox 3394 4846 3489 4897; x_wconf 86' lang='lat' dir='ltr'><strong>sed</strong></span> <span class='ocrx_word' id='word_1_830' title='bbox 3517 4836 3738 4898; x_wconf 72' lang='lat' dir='ltr'><strong>statties</strong></span> 
     </span>
    </p>
   </div>
   <div class='ocr_carea' id='block_1_114' title="bbox 2140 4906 3742 4980">
    <p class='ocr_par' dir='ltr' id='par_1_114' title="bbox 2140 4906 3742 4980">
     <span class='ocr_line' id='line_1_114' title="bbox 2140 4906 3742 4980; baseline 0.008 -25"><span class='ocrx_word' id='word_1_831' title='bbox 2140 4921 2314 4968; x_wconf 84' lang='lat' dir='ltr'><strong>orare,</strong></span> <span class='ocrx_word' id='word_1_832' title='bbox 2342 4908 2390 4960; x_wconf 91' lang='lat' dir='ltr'><strong>in</strong></span> <span class='ocrx_word' id='word_1_833' title='bbox 2423 4912 2732 4963; x_wconf 80' lang='lat' dir='ltr'><strong>memoriam</strong></span> <span class='ocrx_word' id='word_1_834' title='bbox 2758 4906 2951 4963; x_wconf 73' lang='lat' dir='ltr'><strong>causa</strong></span> <span class='ocrx_word' id='word_1_835' title='bbox 2977 4906 3409 4967; x_wconf 77' lang='lat' dir='ltr'><strong>resitrrectiouis.</strong></span> <span class='ocrx_word' id='word_1_836' title='bbox 3442 4914 3637 4980; x_wconf 85' lang='lat' dir='ltr'><strong>Deqna</strong></span> <span class='ocrx_word' id='word_1_837' title='bbox 3673 4928 3742 4968; x_wconf 83' lang='lat' dir='ltr'><strong>re</strong></span> 
     </span>
    </p>
   </div>
   <div class='ocr_carea' id='block_1_115' title="bbox 2137 4981 3744 5050">
    <p class='ocr_par' dir='ltr' id='par_1_115' title="bbox 2137 4981 3744 5050">
     <span class='ocr_line' id='line_1_115' title="bbox 2137 4981 3744 5050; baseline 0.007 -23"><span class='ocrx_word' id='word_1_838' title='bbox 2137 4987 2351 5050; x_wconf 66' lang='lat' dir='ltr'><strong>exstant</strong></span> <span class='ocrx_word' id='word_1_839' title='bbox 2381 4995 2613 5033; x_wconf 57' lang='lat' dir='ltr'><strong>canones</strong></span> <span class='ocrx_word' id='word_1_840' title='bbox 2645 4981 2705 5034; x_wconf 81' lang='lat' dir='ltr'><strong>Si</strong></span> <span class='ocrx_word' id='word_1_841' title='bbox 2748 4982 2862 5048; x_wconf 84' lang='lat' dir='ltr'><strong>quis</strong></span> <span class='ocrx_word' id='word_1_842' title='bbox 2916 4981 3203 5050; x_wconf 61' lang='lat' dir='ltr'><strong>presbyter,</strong></span> <span class='ocrx_word' id='word_1_843' title='bbox 3236 4982 3363 5037; x_wconf 89' lang='lat' dir='ltr'><strong>dist.</strong></span> <span class='ocrx_word' id='word_1_844' title='bbox 3412 4983 3517 5045; x_wconf 75' lang='lat'><strong>30;</strong></span> <span class='ocrx_word' id='word_1_845' title='bbox 3577 4984 3744 5039; x_wconf 81' lang='lat' dir='ltr'><strong>Scire</strong></span> 
     </span>
    </p>
   </div>
   <div class='ocr_carea' id='block_1_116' title="bbox 2137 5049 3540 5116">
    <p class='ocr_par' dir='ltr' id='par_1_116' title="bbox 2137 5049 3540 5116">
     <span class='ocr_line' id='line_1_116' title="bbox 2137 5049 3540 5116; baseline 0.009 -21"><span class='ocrx_word' id='word_1_846' title='bbox 2137 5049 2304 5110; x_wconf 72' lang='lat' dir='ltr'><strong>debet,</strong></span> <span class='ocrx_word' id='word_1_847' title='bbox 2341 5050 2464 5102; x_wconf 84' lang='lat' dir='ltr'><strong>dist.</strong></span> <span class='ocrx_word' id='word_1_848' title='bbox 2497 5050 2600 5113; x_wconf 81' lang='lat'><strong>76;</strong></span> <span class='ocrx_word' id='word_1_849' title='bbox 2646 5050 2920 5116; x_wconf 85' lang='lat' dir='ltr'><strong>Quoniam,</strong></span> <span class='ocrx_word' id='word_1_850' title='bbox 2944 5055 3010 5104; x_wconf 80' lang='lat' dir='ltr'><strong>de</strong></span> <span class='ocrx_word' id='word_1_851' title='bbox 3040 5049 3307 5116; x_wconf 87' lang='lat' dir='ltr'><strong>cunsecr.,</strong></span> <span class='ocrx_word' id='word_1_852' title='bbox 3332 5053 3459 5107; x_wconf 85' lang='lat' dir='ltr'><strong>dist.</strong></span> <span class='ocrx_word' id='word_1_853' title='bbox 3483 5056 3540 5108; x_wconf 81' lang='lat'><strong>3.</strong></span> 
     </span>
    </p>
   </div>
   <div class='ocr_carea' id='block_1_117' title="bbox 2212 5116 3740 5193">
    <p class='ocr_par' dir='ltr' id='par_1_117' title="bbox 2212 5116 3740 5193">
     <span class='ocr_line' id='line_1_117' title="bbox 2212 5116 3740 5193; baseline 0.007 -25"><span class='ocrx_word' id='word_1_854' title='bbox 2212 5119 2233 5154; x_wconf 76' lang='grc' dir='ltr'>ε</span> <span class='ocrx_word' id='word_1_855' title='bbox 2258 5116 2883 5193; x_wconf 7' lang='lat' dir='ltr'><strong>Adipuplicumrofﬁcium.</strong></span> <span class='ocrx_word' id='word_1_856' title='bbox 2899 5118 3144 5174; x_wconf 76' lang='lat' dir='ltr'><strong>Publicus</strong></span> <span class='ocrx_word' id='word_1_857' title='bbox 3170 5124 3295 5177; x_wconf 88' lang='lat' dir='ltr'><strong>ulitn</strong></span> <span class='ocrx_word' id='word_1_858' title='bbox 3324 5122 3417 5176; x_wconf 78' lang='lat' dir='ltr'><strong>fuit</strong></span> <span class='ocrx_word' id='word_1_859' title='bbox 3434 5124 3740 5193; x_wconf 74' lang='lat' dir='ltr'><strong>populicus,</strong></span> 
     </span>
    </p>
   </div>
   <div class='ocr_carea' id='block_1_118' title="bbox 2136 5190 3741 5258">
    <p class='ocr_par' dir='ltr' id='par_1_118' title="bbox 2136 5190 3741 5258">
     <span class='ocr_line' id='line_1_118' title="bbox 2136 5190 3741 5258; baseline 0.007 -22"><span class='ocrx_word' id='word_1_860' title='bbox 2136 5199 2181 5237; x_wconf 79' lang='lat' dir='ltr'><strong>et</strong></span> <span class='ocrx_word' id='word_1_861' title='bbox 2214 5190 2442 5255; x_wconf 76' lang='lat' dir='ltr'><strong>puplicus</strong></span> <span class='ocrx_word' id='word_1_862' title='bbox 2479 5192 2824 5257; x_wconf 74' lang='lat' dir='ltr'><strong>qttuchstat</strong></span> <span class='ocrx_word' id='word_1_863' title='bbox 2871 5191 2923 5244; x_wconf 90' lang='lat' dir='ltr'><strong>in</strong></span> <span class='ocrx_word' id='word_1_864' title='bbox 2976 5193 3140 5246; x_wconf 88' lang='lat' dir='ltr'><strong>veteri</strong></span> <span class='ocrx_word' id='word_1_865' title='bbox 3190 5190 3539 5258; x_wconf 80' lang='lat' dir='ltr'><strong>inscriptione</strong></span> <span class='ocrx_word' id='word_1_866' title='bbox 3577 5196 3741 5257; x_wconf 79' lang='lat' dir='ltr'><strong>apud</strong></span> 
     </span>
    </p>
   </div>
   <div class='ocr_carea' id='block_1_119' title="bbox 2139 5258 3739 5335">
    <p class='ocr_par' dir='ltr' id='par_1_119' title="bbox 2139 5258 3739 5335">
     <span class='ocr_line' id='line_1_119' title="bbox 2139 5258 3739 5335; baseline 0.006 -27"><span class='ocrx_word' id='word_1_867' title='bbox 2139 5258 2445 5335; x_wconf 67' lang='lat' dir='ltr'><strong>timuerunt,</strong></span> <span class='ocrx_word' id='word_1_868' title='bbox 2489 5275 2607 5335; x_wconf 73' lang='lat' dir='ltr'><strong>pag.</strong></span> <span class='ocrx_word' id='word_1_869' title='bbox 2632 5261 2779 5335; x_wconf 70' lang='lat' dir='ltr'><strong>inihi</strong></span> <span class='ocrx_word' id='word_1_870' title='bbox 2830 5259 2962 5335; x_wconf 79' lang='lat' dir='ltr'><strong>l5t)_:</strong></span> <span class='ocrx_word' id='word_1_871' title='bbox 3013 5264 3154 5335; x_wconf 85' lang='lat' dir='ltr'><strong>venit</strong></span> <span class='ocrx_word' id='word_1_872' title='bbox 3185 5265 3383 5333; x_wconf 86' lang='lat' dir='ltr'><strong>quippe</strong></span> <span class='ocrx_word' id='word_1_873' title='bbox 3413 5280 3442 5318; x_wconf 86' lang='lat' dir='ltr'><strong>a</strong></span> <span class='ocrx_word' id='word_1_874' title='bbox 3475 5264 3739 5335; x_wconf 71' lang='lat' dir='ltr'><strong>papulas.</strong></span> 
     </span>
    </p>
   </div>
   <div class='ocr_carea' id='block_1_120' title="bbox 2134 5327 3214 5397">
    <p class='ocr_par' dir='ltr' id='par_1_120' title="bbox 2134 5327 3214 5397">
     <span class='ocr_line' id='line_1_120' title="bbox 2134 5327 3214 5397; baseline 0.006 -19"><span class='ocrx_word' id='word_1_875' title='bbox 2134 5327 2259 5397; x_wconf 79' lang='lat' dir='ltr'><strong>lude</strong></span> <span class='ocrx_word' id='word_1_876' title='bbox 2288 5329 2523 5383; x_wconf 69' lang='lat' dir='ltr'><strong>Valerius</strong></span> <span class='ocrx_word' id='word_1_877' title='bbox 2549 5332 2815 5386; x_wconf 84' lang='lat' dir='ltr'><strong>Publicola</strong></span> <span class='ocrx_word' id='word_1_878' title='bbox 2846 5346 2894 5383; x_wconf 89' lang='lat' dir='ltr'><strong>et</strong></span> <span class='ocrx_word' id='word_1_879' title='bbox 2928 5327 3214 5397; x_wconf 65' lang='lat' dir='ltr'><strong>Poplicola.</strong></span> 
     </span>
    </p>
   </div>
   <div class='ocr_carea' id='block_1_121' title="bbox 2204 5395 3746 5471">
    <p class='ocr_par' dir='ltr' id='par_1_121' title="bbox 2204 5395 3746 5471">
     <span class='ocr_line' id='line_1_121' title="bbox 2204 5395 3746 5471; baseline 0.006 -22"><span class='ocrx_word' id='word_1_880' title='bbox 2204 5395 2228 5433; x_wconf 69' lang='grc' dir='ltr'>δ</span> <span class='ocrx_word' id='word_1_881' title='bbox 2271 5397 2489 5457; x_wconf 62' lang='lat' dir='ltr'><strong>Teanum</strong></span> <span class='ocrx_word' id='word_1_882' title='bbox 2545 5417 2743 5471; x_wconf 76' lang='lat' dir='ltr'><strong>quoque</strong></span> <span class='ocrx_word' id='word_1_883' title='bbox 2783 5395 3151 5471; x_wconf 77' lang='lat' dir='ltr'><strong>promissionis.</strong></span> <span class='ocrx_word' id='word_1_884' title='bbox 3203 5402 3259 5457; x_wconf 81' lang='lat' dir='ltr'><strong>In</strong></span> <span class='ocrx_word' id='word_1_885' title='bbox 3304 5403 3487 5459; x_wconf 86' lang='lat' dir='ltr'><strong>codice</strong></span> <span class='ocrx_word' id='word_1_886' title='bbox 3535 5413 3746 5459; x_wconf 84' lang='lat' dir='ltr'><strong>nostro</strong></span> 
     </span>
    </p>
   </div>
   <div class='ocr_carea' id='block_1_122' title="bbox 2134 5470 3751 5543">
    <p class='ocr_par' dir='ltr' id='par_1_122' title="bbox 2134 5470 3751 5543">
     <span class='ocr_line' id='line_1_122' title="bbox 2134 5470 3751 5543; baseline 0.007 -23"><span class='ocrx_word' id='word_1_887' title='bbox 2134 5470 2563 5543; x_wconf 39' lang='lat' dir='ltr'><strong>nonuliabemus&#39;</strong></span> <span class='ocrx_word' id='word_1_888' title='bbox 2597 5470 2901 5541; x_wconf 68' lang='lat' dir='ltr'><strong>exemplum</strong></span> <span class='ocrx_word' id='word_1_889' title='bbox 2953 5471 3112 5540; x_wconf 87' lang='lat' dir='ltr'><strong>hujus</strong></span> <span class='ocrx_word' id='word_1_890' title='bbox 3153 5472 3418 5538; x_wconf 64' lang='lat' dir='ltr'><strong>formula,</strong></span> <span class='ocrx_word' id='word_1_891' title='bbox 3441 5474 3585 5543; x_wconf 88' lang='lat' dir='ltr'><strong>quod</strong></span> <span class='ocrx_word' id='word_1_892' title='bbox 3640 5474 3751 5532; x_wconf 80' lang='lat' dir='ltr'><strong>hic</strong></span> 
     </span>
    </p>
   </div>
   <div class='ocr_carea' id='block_1_123' title="bbox 2129 5539 2635 5611">
    <p class='ocr_par' dir='ltr' id='par_1_123' title="bbox 2129 5539 2635 5611">
     <span class='ocr_line' id='line_1_123' title="bbox 2129 5539 2635 5611; baseline 0.008 -20"><span class='ocrx_word' id='word_1_893' title='bbox 2129 5539 2313 5611; x_wconf 73' lang='lat' dir='ltr'><strong>retulit</strong></span> <span class='ocrx_word' id='word_1_894' title='bbox 2340 5540 2635 5595; x_wconf 72' lang='lat' dir='ltr'><strong>limiteuus.</strong></span> 
     </span>
    </p>
   </div>
   <div class='ocr_carea' id='block_1_124' title="bbox 2207 5607 3751 5681">
    <p class='ocr_par' dir='ltr' id='par_1_124' title="bbox 2207 5607 3751 5681">
     <span class='ocr_line' id='line_1_124' title="bbox 2207 5607 3751 5681; baseline 0.008 -23"><span class='ocrx_word' id='word_1_895' title='bbox 2207 5607 2221 5643; x_wconf 69' lang='grc' dir='ltr'>ί</span> <span class='ocrx_word' id='word_1_896' title='bbox 2282 5607 2430 5662; x_wconf 77' lang='lat' dir='ltr'><strong>Joseb</strong></span> <span class='ocrx_word' id='word_1_897' title='bbox 2483 5613 2795 5667; x_wconf 84' lang='lat' dir='ltr'><strong>Plutarchus</strong></span> <span class='ocrx_word' id='word_1_898' title='bbox 2859 5614 2909 5666; x_wconf 88' lang='lat' dir='ltr'><strong>in</strong></span> <span class='ocrx_word' id='word_1_899' title='bbox 2982 5612 3267 5668; x_wconf 81' lang='lat' dir='ltr'><strong>llclieuicis</strong></span> <span class='ocrx_word' id='word_1_900' title='bbox 3325 5612 3751 5681; x_wconf 75' lang='lat' dir='ltr'><strong>Quaestiunibus</strong></span> 
     </span>
    </p>
   </div>
   <div class='ocr_carea' id='block_1_125' title="bbox 2127 5684 3751 5753">
    <p class='ocr_par' dir='ltr' id='par_1_125' title="bbox 2127 5684 3751 5753">
     <span class='ocr_line' id='line_1_125' title="bbox 2127 5684 3751 5753; baseline 0.007 -24"><span class='ocrx_word' id='word_1_901' title='bbox 2127 5686 2311 5753; x_wconf 72' lang='lat' dir='ltr'><strong>auctor</strong></span> <span class='ocrx_word' id='word_1_902' title='bbox 2339 5690 2450 5743; x_wconf 83' lang='lat' dir='ltr'><strong>est,</strong></span> <span class='ocrx_word' id='word_1_903' title='bbox 2482 5684 2796 5737; x_wconf 73' lang='lat' dir='ltr'><strong>Macednues</strong></span> <span class='ocrx_word' id='word_1_904' title='bbox 2845 5685 2872 5735; x_wconf 85' lang='lat' dir='ltr'><strong>b</strong></span> <span class='ocrx_word' id='word_1_905' title='bbox 2905 5699 3187 5745; x_wconf 64' lang='lat' dir='ltr'><strong>usurpasse</strong></span> <span class='ocrx_word' id='word_1_906' title='bbox 3245 5701 3337 5751; x_wconf 87' lang='lat' dir='ltr'><strong>pro</strong></span> <span class='ocrx_word' id='word_1_907' title='bbox 3381 5689 3469 5753; x_wconf 79' lang='lat' dir='ltr'><strong>ph,</strong></span> <span class='ocrx_word' id='word_1_908' title='bbox 3512 5695 3568 5739; x_wconf 86' lang='lat' dir='ltr'><strong>et</strong></span> <span class='ocrx_word' id='word_1_909' title='bbox 3628 5699 3751 5752; x_wconf 83' lang='lat' dir='ltr'><strong>pro</strong></span> 
     </span>
    </p>
   </div>
   <div class='ocr_carea' id='block_1_126' title="bbox 2133 5747 3746 5826">
    <p class='ocr_par' dir='ltr' id='par_1_126' title="bbox 2133 5747 3746 5826">
     <span class='ocr_line' id='line_1_126' title="bbox 2133 5747 3746 5826; baseline 0.01 -29"><span class='ocrx_word' id='word_1_910' title='bbox 2133 5747 2399 5819; x_wconf 70' lang='lat' dir='ltr'><strong>Philippos</strong></span> <span class='ocrx_word' id='word_1_911' title='bbox 2429 5753 2627 5807; x_wconf 74' lang='lat' dir='ltr'><strong>dixi~se</strong></span> <span class='ocrx_word' id='word_1_912' title='bbox 2662 5754 2911 5823; x_wconf 78' lang='lat' dir='ltr'><strong>Uibppos.</strong></span> <span class='ocrx_word' id='word_1_913' title='bbox 2946 5755 3046 5809; x_wconf 65' lang='lat' dir='ltr'><strong>rius</strong></span> <span class='ocrx_word' id='word_1_914' title='bbox 3086 5756 3136 5808; x_wconf 91' lang='lat' dir='ltr'><strong>in</strong></span> <span class='ocrx_word' id='word_1_915' title='bbox 3175 5747 3491 5826; x_wconf 83' lang='lat' dir='ltr'><strong>quibusdam</strong></span> <span class='ocrx_word' id='word_1_916' title='bbox 3524 5747 3746 5813; x_wconf 68' lang='lat' dir='ltr'><strong>imiimi</strong></span> 
     </span>
    </p>
   </div>
  </div>
