  <div class='ocr_page' id='page_1' title='image "/cluster/home/n/w/nwhite01/storage/ocr_20150623/95/hvd.32044010719722/824.png"; bbox 0 0 4010 6334; ppageno 0'>
   <div class='ocr_carea' id='block_1_1' title="bbox 0 308 10 754">
    <p class='ocr_par' dir='ltr' id='par_1_1' title="bbox 0 308 10 662">
     <span class='ocr_line' id='line_1_1' title="bbox 0 308 6 358; baseline 0 0"><span class='ocrx_word' id='word_1_1' title='bbox 0 308 6 358; x_wconf 81' lang='lat' dir='ltr'><strong>i</strong></span> 
     </span>
     <span class='ocr_line' id='line_1_2' title="bbox 0 427 10 479; baseline 0 0"><span class='ocrx_word' id='word_1_2' title='bbox 0 427 10 479; x_wconf 71' lang='grc' dir='ltr'><strong>ι</strong></span> 
     </span>
     <span class='ocr_line' id='line_1_3' title="bbox 1 521 10 572; baseline 0 0"><span class='ocrx_word' id='word_1_3' title='bbox 1 521 10 572; x_wconf 78' lang='grc' dir='ltr'><strong>ι</strong></span> 
     </span>
     <span class='ocr_line' id='line_1_4' title="bbox 0 630 10 662; baseline 0 0"><span class='ocrx_word' id='word_1_4' title='bbox 0 630 10 662; x_wconf 79' lang='grc' dir='ltr'><strong>ι</strong></span> 
     </span>
    </p>
   </div>
   <div class='ocr_carea' id='block_1_2' title="bbox 353 365 3614 439">
    <p class='ocr_par' dir='ltr' id='par_1_2' title="bbox 353 365 3614 439">
     <span class='ocr_line' id='line_1_5' title="bbox 353 365 3614 439; baseline -0.001 -15"><span class='ocrx_word' id='word_1_5' title='bbox 353 371 488 426; x_wconf 70' lang='grc' dir='ltr'><strong>15ὶ9</strong></span> <span class='ocrx_word' id='word_1_6' title='bbox 700 371 709 380; x_wconf 86' lang='grc'><strong>’</strong></span> <span class='ocrx_word' id='word_1_7' title='bbox 1451 429 1463 439; x_wconf 40' lang='grc' dir='ltr'><strong><em>ρ</em></strong></span> <span class='ocrx_word' id='word_1_8' title='bbox 1564 370 1806 425; x_wconf 72' lang='lat' dir='ltr'><strong>SEC&#39;I‘IO</strong></span> <span class='ocrx_word' id='word_1_9' title='bbox 1847 369 1884 423; x_wconf 93' lang='lat' dir='ltr'><strong>I.</strong></span> <span class='ocrx_word' id='word_1_10' title='bbox 1932 399 1996 410; x_wconf 90' lang='lat'><strong>—-</strong></span> <span class='ocrx_word' id='word_1_11' title='bbox 2039 369 2428 435; x_wconf 69' lang='lat' dir='ltr'><strong>EPISTOL/E.</strong></span> <span class='ocrx_word' id='word_1_12' title='bbox 3474 365 3614 421; x_wconf 66' lang='lat'><strong>1590</strong></span> 
     </span>
    </p>
   </div>
   <div class='ocr_carea' id='block_1_3' title="bbox 347 451 3617 550">
    <p class='ocr_par' dir='ltr' id='par_1_3' title="bbox 347 481 3617 550">
     <span class='ocr_line' id='line_1_6' title="bbox 347 481 3617 550; baseline 0 -16"><span class='ocrx_word' id='word_1_13' title='bbox 347 483 618 550; x_wconf 66' lang='lat' dir='ltr'><strong>praelii-ere</strong></span> <span class='ocrx_word' id='word_1_14' title='bbox 659 491 723 532; x_wconf 89' lang='lat' dir='ltr'><strong>au</strong></span> <span class='ocrx_word' id='word_1_15' title='bbox 769 481 1055 550; x_wconf 81' lang='lat' dir='ltr'><strong>regendum</strong></span> <span class='ocrx_word' id='word_1_16' title='bbox 1115 483 1495 534; x_wconf 85' lang='lat' dir='ltr'><strong>monasterium</strong></span> <span class='ocrx_word' id='word_1_17' title='bbox 1545 482 1644 534; x_wconf 92' lang='lat' dir='ltr'><strong>sub</strong></span> <span class='ocrx_word' id='word_1_18' title='bbox 1707 481 1917 550; x_wconf 68' lang='lat' dir='ltr'><strong>llegulte</strong></span> <span class='ocrx_word' id='word_1_19' title='bbox 1953 485 1996 542; x_wconf 74' lang='grc' dir='ltr'><strong>Α</strong></span> <span class='ocrx_word' id='word_1_20' title='bbox 2097 481 2364 548; x_wconf 79' lang='lat' dir='ltr'><strong>Augusuts</strong></span> <span class='ocrx_word' id='word_1_21' title='bbox 2397 483 2546 535; x_wconf 83' lang='lat' dir='ltr'><strong>locus</strong></span> <span class='ocrx_word' id='word_1_22' title='bbox 2571 490 2821 545; x_wconf 87' lang='lat' dir='ltr'><strong>sanctus,</strong></span> <span class='ocrx_word' id='word_1_23' title='bbox 2857 483 3056 548; x_wconf 30' lang='lat' dir='ltr'><strong>etch.</strong></span> <span class='ocrx_word' id='word_1_24' title='bbox 3091 481 3203 535; x_wconf 78' lang='lat' dir='ltr'><strong>Hoc</strong></span> <span class='ocrx_word' id='word_1_25' title='bbox 3236 481 3617 536; x_wconf 77' lang='lat' dir='ltr'><strong>vocabulart&#39;um</strong></span> 
     </span>
    </p>
   </div>
   <div class='ocr_carea' id='block_1_4' title="bbox 347 571 1926 636">
    <p class='ocr_par' dir='ltr' id='par_1_4' title="bbox 347 571 1926 636">
     <span class='ocr_line' id='line_1_7' title="bbox 347 571 1926 636; baseline -0.003 -8"><span class='ocrx_word' id='word_1_26' title='bbox 347 575 554 628; x_wconf 84' lang='lat' dir='ltr'><strong>tramite</strong></span> <span class='ocrx_word' id='word_1_27' title='bbox 582 573 884 636; x_wconf 69' lang='lat' dir='ltr'><strong>destinatis,</strong></span> <span class='ocrx_word' id='word_1_28' title='bbox 930 571 1090 625; x_wconf 76' lang='lat' dir='ltr'><strong>habet</strong></span> <span class='ocrx_word' id='word_1_29' title='bbox 1130 571 1419 624; x_wconf 85' lang='lat' dir='ltr'><strong>secundum</strong></span> <span class='ocrx_word' id='word_1_30' title='bbox 1458 586 1730 624; x_wconf 82' lang='lat' dir='ltr'><strong>sacrorum</strong></span> <span class='ocrx_word' id='word_1_31' title='bbox 1761 585 1926 624; x_wconf 81' lang='lat' dir='ltr'><strong>carto-</strong></span> 
     </span>
    </p>
   </div>
   <div class='ocr_carea' id='block_1_5' title="bbox 345 650 1927 732">
    <p class='ocr_par' dir='ltr' id='par_1_5' title="bbox 345 650 1927 732">
     <span class='ocr_line' id='line_1_8' title="bbox 345 650 1927 732; baseline -0.002 -13"><span class='ocrx_word' id='word_1_32' title='bbox 345 683 470 719; x_wconf 89' lang='lat' dir='ltr'><strong>num</strong></span> <span class='ocrx_word' id='word_1_33' title='bbox 525 665 768 719; x_wconf 84' lang='lat' dir='ltr'><strong>instituta</strong></span> <span class='ocrx_word' id='word_1_34' title='bbox 820 665 1077 732; x_wconf 89' lang='lat' dir='ltr'><strong>largitatis</strong></span> <span class='ocrx_word' id='word_1_35' title='bbox 1131 650 1450 728; x_wconf 73' lang='lat' dir='ltr'><strong>facultatem,</strong></span> <span class='ocrx_word' id='word_1_36' title='bbox 1502 675 1558 716; x_wconf 91' lang='lat' dir='ltr'><strong>ut</strong></span> <span class='ocrx_word' id='word_1_37' title='bbox 1610 663 1711 716; x_wconf 90' lang='lat' dir='ltr'><strong>hoc</strong></span> <span class='ocrx_word' id='word_1_38' title='bbox 1761 664 1927 732; x_wconf 88' lang='lat' dir='ltr'><strong>possit</strong></span> 
     </span>
    </p>
   </div>
   <div class='ocr_carea' id='block_1_6' title="bbox 345 755 1925 823">
    <p class='ocr_par' dir='ltr' id='par_1_6' title="bbox 345 755 1925 823">
     <span class='ocr_line' id='line_1_9' title="bbox 345 755 1925 823; baseline 0.001 -16"><span class='ocrx_word' id='word_1_39' title='bbox 345 759 544 820; x_wconf 82' lang='lat' dir='ltr'><strong>facere,</strong></span> <span class='ocrx_word' id='word_1_40' title='bbox 573 770 694 823; x_wconf 68' lang='lat' dir='ltr'><strong>quas</strong></span> <span class='ocrx_word' id='word_1_41' title='bbox 735 755 1002 810; x_wconf 70' lang='lat' dir='ltr'><strong>licentiam</strong></span> <span class='ocrx_word' id='word_1_42' title='bbox 1042 755 1320 810; x_wconf 81' lang='lat' dir='ltr'><strong>monachis</strong></span> <span class='ocrx_word' id='word_1_43' title='bbox 1351 755 1608 818; x_wconf 88' lang='lat' dir='ltr'><strong>tribuunt,</strong></span> <span class='ocrx_word' id='word_1_44' title='bbox 1639 755 1797 807; x_wconf 86' lang='lat' dir='ltr'><strong>etiam</strong></span> <span class='ocrx_word' id='word_1_45' title='bbox 1840 769 1925 808; x_wconf 85' lang='lat' dir='ltr'><strong>ec-</strong></span> 
     </span>
    </p>
   </div>
   <div class='ocr_carea' id='block_1_7' title="bbox 343 845 1924 916">
    <p class='ocr_par' dir='ltr' id='par_1_7' title="bbox 343 845 1924 916">
     <span class='ocr_line' id='line_1_10' title="bbox 343 845 1924 916; baseline -0.001 -16"><span class='ocrx_word' id='word_1_46' title='bbox 343 846 654 900; x_wconf 87' lang='lat' dir='ltr'><strong>clesiasticis</strong></span> <span class='ocrx_word' id='word_1_47' title='bbox 683 845 938 916; x_wconf 81' lang='lat' dir='ltr'><strong>gradibus</strong></span> <span class='ocrx_word' id='word_1_48' title='bbox 988 845 1285 904; x_wconf 85' lang='lat' dir='ltr'><strong>sublimari.</strong></span> <span class='ocrx_word' id='word_1_49' title='bbox 1337 845 1521 898; x_wconf 83' lang='lat' dir='ltr'><strong>\lideat</strong></span> <span class='ocrx_word' id='word_1_50' title='bbox 1553 855 1729 898; x_wconf 88' lang='lat' dir='ltr'><strong>tamen</strong></span> <span class='ocrx_word' id='word_1_51' title='bbox 1763 846 1852 898; x_wconf 90' lang='lat' dir='ltr'><strong>ille</strong></span> <span class='ocrx_word' id='word_1_52' title='bbox 1880 846 1924 900; x_wconf 92' lang='lat' dir='ltr'><strong>si</strong></span> 
     </span>
    </p>
   </div>
   <div class='ocr_carea' id='block_1_8' title="bbox 347 935 1928 1004">
    <p class='ocr_par' dir='ltr' id='par_1_8' title="bbox 347 935 1928 1004">
     <span class='ocr_line' id='line_1_11' title="bbox 347 935 1928 1004; baseline 0 -15"><span class='ocrx_word' id='word_1_53' title='bbox 347 937 432 990; x_wconf 88' lang='lat' dir='ltr'><strong>sic</strong></span> <span class='ocrx_word' id='word_1_54' title='bbox 460 950 520 990; x_wconf 90' lang='lat' dir='ltr'><strong>se</strong></span> <span class='ocrx_word' id='word_1_55' title='bbox 543 944 716 1004; x_wconf 89' lang='lat' dir='ltr'><strong>potest</strong></span> <span class='ocrx_word' id='word_1_56' title='bbox 742 946 987 989; x_wconf 88' lang='lat' dir='ltr'><strong>coartare</strong></span> <span class='ocrx_word' id='word_1_57' title='bbox 1018 944 1074 988; x_wconf 91' lang='lat' dir='ltr'><strong>ut</strong></span> <span class='ocrx_word' id='word_1_58' title='bbox 1100 936 1266 1004; x_wconf 85' lang='lat' dir='ltr'><strong>possit</strong></span> <span class='ocrx_word' id='word_1_59' title='bbox 1289 950 1386 990; x_wconf 83' lang='lat' dir='ltr'><strong>suo</strong></span> <span class='ocrx_word' id='word_1_60' title='bbox 1407 936 1653 1004; x_wconf 77' lang='lat' dir='ltr'><strong>exemplo</strong></span> <span class='ocrx_word' id='word_1_61' title='bbox 1673 935 1928 994; x_wconf 82' lang='lat' dir='ltr'><strong>fratribus</strong></span> 
     </span>
    </p>
   </div>
   <div class='ocr_carea' id='block_1_9' title="bbox 344 1026 1928 1096">
    <p class='ocr_par' dir='ltr' id='par_1_9' title="bbox 344 1026 1928 1096">
     <span class='ocr_line' id='line_1_12' title="bbox 344 1026 1928 1096; baseline 0 -14"><span class='ocrx_word' id='word_1_62' title='bbox 344 1028 614 1096; x_wconf 84' lang='lat' dir='ltr'><strong>prodesse.</strong></span> <span class='ocrx_word' id='word_1_63' title='bbox 669 1026 900 1083; x_wconf 85' lang='lat' dir='ltr'><strong>Grandis</strong></span> <span class='ocrx_word' id='word_1_64' title='bbox 943 1027 1232 1096; x_wconf 86' lang='lat' dir='ltr'><strong>siquidem,</strong></span> <span class='ocrx_word' id='word_1_65' title='bbox 1280 1036 1334 1083; x_wconf 92' lang='lat' dir='ltr'><strong>et</strong></span> <span class='ocrx_word' id='word_1_66' title='bbox 1381 1028 1552 1096; x_wconf 91' lang='lat' dir='ltr'><strong>prima</strong></span> <span class='ocrx_word' id='word_1_67' title='bbox 1611 1036 1695 1082; x_wconf 91' lang='lat' dir='ltr'><strong>est</strong></span> <span class='ocrx_word' id='word_1_68' title='bbox 1743 1028 1794 1082; x_wconf 93' lang='lat' dir='ltr'><strong>in</strong></span> <span class='ocrx_word' id='word_1_69' title='bbox 1827 1027 1928 1082; x_wconf 91' lang='lat' dir='ltr'><strong>hoc</strong></span> 
     </span>
    </p>
   </div>
   <div class='ocr_carea' id='block_1_10' title="bbox 344 1117 1924 1186">
    <p class='ocr_par' dir='ltr' id='par_1_10' title="bbox 344 1117 1924 1186">
     <span class='ocr_line' id='line_1_13' title="bbox 344 1117 1924 1186; baseline -0.001 -12"><span class='ocrx_word' id='word_1_70' title='bbox 344 1119 651 1183; x_wconf 65' lang='lat' dir='ltr'><strong>monachis,</strong></span> <span class='ocrx_word' id='word_1_71' title='bbox 699 1126 754 1172; x_wconf 91' lang='lat' dir='ltr'><strong>et</strong></span> <span class='ocrx_word' id='word_1_72' title='bbox 817 1129 844 1160; x_wconf 75' lang='grc' dir='ltr'>ει</span> <span class='ocrx_word' id='word_1_73' title='bbox 884 1127 1069 1172; x_wconf 87' lang='lat' dir='ltr'><strong>contra</strong></span> <span class='ocrx_word' id='word_1_74' title='bbox 1119 1117 1334 1186; x_wconf 68' lang='lat' dir='ltr'><strong>Regulae</strong></span> <span class='ocrx_word' id='word_1_75' title='bbox 1376 1117 1569 1174; x_wconf 85' lang='lat' dir='ltr'><strong>seriem</strong></span> <span class='ocrx_word' id='word_1_76' title='bbox 1619 1118 1924 1185; x_wconf 78' lang='lat' dir='ltr'><strong>districtio;</strong></span> 
     </span>
    </p>
   </div>
   <div class='ocr_carea' id='block_1_11' title="bbox 342 1209 1923 1280">
    <p class='ocr_par' dir='ltr' id='par_1_11' title="bbox 342 1209 1923 1280">
     <span class='ocr_line' id='line_1_14' title="bbox 342 1209 1923 1280; baseline -0.002 -15"><span class='ocrx_word' id='word_1_77' title='bbox 342 1211 627 1267; x_wconf 78' lang='lat' dir='ltr'><strong>sicissine</strong></span> <span class='ocrx_word' id='word_1_78' title='bbox 651 1224 748 1264; x_wconf 86' lang='lat' dir='ltr'><strong>sua</strong></span> <span class='ocrx_word' id='word_1_79' title='bbox 777 1209 1039 1265; x_wconf 80' lang='lat' dir='ltr'><strong>electione</strong></span> <span class='ocrx_word' id='word_1_80' title='bbox 1065 1219 1318 1264; x_wconf 75' lang='lat' dir='ltr'><strong>externus</strong></span> <span class='ocrx_word' id='word_1_81' title='bbox 1343 1211 1534 1280; x_wconf 77' lang='lat' dir='ltr'><strong>aliquis</strong></span> <span class='ocrx_word' id='word_1_82' title='bbox 1565 1219 1923 1280; x_wconf 75' lang='lat' dir='ltr'><strong>prreponatur,</strong></span> 
     </span>
    </p>
   </div>
   <div class='ocr_carea' id='block_1_12' title="bbox 345 1302 1924 1372">
    <p class='ocr_par' dir='ltr' id='par_1_12' title="bbox 345 1302 1924 1372">
     <span class='ocr_line' id='line_1_15' title="bbox 345 1302 1924 1372; baseline 0.004 -20"><span class='ocrx_word' id='word_1_83' title='bbox 345 1310 514 1365; x_wconf 75' lang='lat' dir='ltr'><strong>vestra</strong></span> <span class='ocrx_word' id='word_1_84' title='bbox 546 1313 718 1360; x_wconf 84' lang='lat' dir='ltr'><strong>tamen</strong></span> <span class='ocrx_word' id='word_1_85' title='bbox 746 1317 906 1372; x_wconf 80' lang='lat' dir='ltr'><strong>sagax</strong></span> <span class='ocrx_word' id='word_1_86' title='bbox 960 1302 1284 1371; x_wconf 84' lang='lat' dir='ltr'><strong>providaque</strong></span> <span class='ocrx_word' id='word_1_87' title='bbox 1319 1304 1610 1366; x_wconf 70' lang='lat' dir='ltr'><strong>subtilitas,</strong></span> <span class='ocrx_word' id='word_1_88' title='bbox 1642 1305 1778 1357; x_wconf 80' lang='lat' dir='ltr'><strong>sicut</strong></span> <span class='ocrx_word' id='word_1_89' title='bbox 1809 1318 1924 1358; x_wconf 79' lang='lat' dir='ltr'><strong>ca:-</strong></span> 
     </span>
    </p>
   </div>
   <div class='ocr_carea' id='block_1_13' title="bbox 340 1392 1925 1462">
    <p class='ocr_par' dir='ltr' id='par_1_13' title="bbox 340 1392 1925 1462">
     <span class='ocr_line' id='line_1_16' title="bbox 340 1392 1925 1462; baseline 0.001 -15"><span class='ocrx_word' id='word_1_90' title='bbox 340 1395 726 1453; x_wconf 84' lang='lat' dir='ltr'><strong>litus._mentem</strong></span> <span class='ocrx_word' id='word_1_91' title='bbox 755 1392 978 1457; x_wconf 86' lang='lat' dir='ltr'><strong>auserit,</strong></span> <span class='ocrx_word' id='word_1_92' title='bbox 1029 1394 1098 1446; x_wconf 91' lang='lat' dir='ltr'><strong>ita</strong></span> <span class='ocrx_word' id='word_1_93' title='bbox 1135 1392 1401 1461; x_wconf 84' lang='lat' dir='ltr'><strong>disponat.</strong></span> <span class='ocrx_word' id='word_1_94' title='bbox 1439 1393 1512 1448; x_wconf 87' lang='lat' dir='ltr'><strong>De</strong></span> <span class='ocrx_word' id='word_1_95' title='bbox 1541 1395 1732 1462; x_wconf 85' lang='lat' dir='ltr'><strong>Optato</strong></span> <span class='ocrx_word' id='word_1_96' title='bbox 1758 1407 1925 1448; x_wconf 89' lang='lat' dir='ltr'><strong>vene-</strong></span> 
     </span>
    </p>
   </div>
   <div class='ocr_carea' id='block_1_14' title="bbox 344 1480 1926 1550">
    <p class='ocr_par' dir='ltr' id='par_1_14' title="bbox 344 1480 1926 1550">
     <span class='ocr_line' id='line_1_17' title="bbox 344 1480 1926 1550; baseline 0.001 -16"><span class='ocrx_word' id='word_1_97' title='bbox 344 1481 516 1535; x_wconf 86' lang='lat' dir='ltr'><strong>rabile</strong></span> <span class='ocrx_word' id='word_1_98' title='bbox 560 1485 822 1536; x_wconf 84' lang='lat' dir='ltr'><strong>monacho</strong></span> <span class='ocrx_word' id='word_1_99' title='bbox 869 1491 1052 1534; x_wconf 89' lang='lat' dir='ltr'><strong>nostro</strong></span> <span class='ocrx_word' id='word_1_100' title='bbox 1100 1480 1396 1535; x_wconf 82' lang='lat' dir='ltr'><strong>summissis</strong></span> <span class='ocrx_word' id='word_1_101' title='bbox 1442 1483 1713 1550; x_wconf 86' lang='lat' dir='ltr'><strong>precibus,</strong></span> <span class='ocrx_word' id='word_1_102' title='bbox 1769 1483 1926 1536; x_wconf 84' lang='lat' dir='ltr'><strong>obse-</strong></span> 
     </span>
    </p>
   </div>
   <div class='ocr_carea' id='block_1_15' title="bbox 343 1573 1923 1643">
    <p class='ocr_par' dir='ltr' id='par_1_15' title="bbox 343 1573 1923 1643">
     <span class='ocr_line' id='line_1_18' title="bbox 343 1573 1923 1643; baseline 0.001 -16"><span class='ocrx_word' id='word_1_103' title='bbox 343 1587 580 1638; x_wconf 86' lang='lat' dir='ltr'><strong>cramus,</strong></span> <span class='ocrx_word' id='word_1_104' title='bbox 630 1581 690 1626; x_wconf 92' lang='lat' dir='ltr'><strong>ut</strong></span> <span class='ocrx_word' id='word_1_105' title='bbox 735 1573 860 1642; x_wconf 91' lang='lat' dir='ltr'><strong>quia</strong></span> <span class='ocrx_word' id='word_1_106' title='bbox 909 1587 1004 1640; x_wconf 89' lang='lat' dir='ltr'><strong>per</strong></span> <span class='ocrx_word' id='word_1_107' title='bbox 1055 1573 1403 1643; x_wconf 74' lang='lat' dir='ltr'><strong>ignorantiam</strong></span> <span class='ocrx_word' id='word_1_108' title='bbox 1454 1575 1628 1628; x_wconf 71' lang='lat' dir='ltr'><strong>aetatis</strong></span> <span class='ocrx_word' id='word_1_109' title='bbox 1675 1574 1923 1640; x_wconf 82' lang='lat' dir='ltr'><strong>excessit,</strong></span> 
     </span>
    </p>
   </div>
   <div class='ocr_carea' id='block_1_16' title="bbox 349 1663 1930 1735">
    <p class='ocr_par' dir='ltr' id='par_1_16' title="bbox 349 1663 1930 1735">
     <span class='ocr_line' id='line_1_19' title="bbox 349 1663 1930 1735; baseline 0.003 -20"><span class='ocrx_word' id='word_1_110' title='bbox 349 1673 543 1723; x_wconf 75' lang='lat' dir='ltr'><strong>vestra</strong></span> <span class='ocrx_word' id='word_1_111' title='bbox 580 1672 850 1720; x_wconf 75' lang='lat' dir='ltr'><strong>tuereatur</strong></span> <span class='ocrx_word' id='word_1_112' title='bbox 903 1663 1183 1717; x_wconf 87' lang='lat' dir='ltr'><strong>clementia</strong></span> <span class='ocrx_word' id='word_1_113' title='bbox 1238 1665 1487 1720; x_wconf 80' lang='lat' dir='ltr'><strong>relaxari.</strong></span> <span class='ocrx_word' id='word_1_114' title='bbox 1549 1663 1642 1720; x_wconf 86' lang='lat' dir='ltr'><strong>llis</strong></span> <span class='ocrx_word' id='word_1_115' title='bbox 1705 1667 1930 1735; x_wconf 83' lang='lat' dir='ltr'><strong>expletis</strong></span> 
     </span>
    </p>
   </div>
   <div class='ocr_carea' id='block_1_17' title="bbox 342 1752 1930 1823">
    <p class='ocr_par' dir='ltr' id='par_1_17' title="bbox 342 1752 1930 1823">
     <span class='ocr_line' id='line_1_20' title="bbox 342 1752 1930 1823; baseline 0 -15"><span class='ocrx_word' id='word_1_116' title='bbox 342 1752 366 1789; x_wconf 68' lang='grc' dir='ltr'>ιλ</span> <span class='ocrx_word' id='word_1_117' title='bbox 395 1752 830 1810; x_wconf 88' lang='lat' dir='ltr'><strong>commendamus</strong></span> <span class='ocrx_word' id='word_1_118' title='bbox 875 1765 972 1808; x_wconf 91' lang='lat' dir='ltr'><strong>uos</strong></span> <span class='ocrx_word' id='word_1_119' title='bbox 1011 1767 1176 1807; x_wconf 71' lang='lat' dir='ltr'><strong>sacrae</strong></span> <span class='ocrx_word' id='word_1_120' title='bbox 1195 1763 1404 1820; x_wconf 65' lang='lat' dir='ltr'><strong>vestrae,</strong></span> <span class='ocrx_word' id='word_1_121' title='bbox 1437 1765 1718 1823; x_wconf 89' lang='lat' dir='ltr'><strong>poscentes</strong></span> <span class='ocrx_word' id='word_1_122' title='bbox 1751 1755 1930 1809; x_wconf 90' lang='lat' dir='ltr'><strong>Domi-</strong></span> 
     </span>
    </p>
   </div>
   <div class='ocr_carea' id='block_1_18' title="bbox 2027 572 3253 643">
    <p class='ocr_par' dir='ltr' id='par_1_18' title="bbox 2027 572 3253 643">
     <span class='ocr_line' id='line_1_21' title="bbox 2027 572 3253 643; baseline 0 -17"><span class='ocrx_word' id='word_1_123' title='bbox 2027 575 2209 628; x_wconf 78' lang='lat' dir='ltr'><strong>desim‘t</strong></span> <span class='ocrx_word' id='word_1_124' title='bbox 2240 575 2290 628; x_wconf 81' lang='lat' dir='ltr'><strong>in</strong></span> <span class='ocrx_word' id='word_1_125' title='bbox 2321 573 2417 628; x_wconf 84' lang='lat' dir='ltr'><strong>hac</strong></span> <span class='ocrx_word' id='word_1_126' title='bbox 2445 590 2564 628; x_wconf 81' lang='lat' dir='ltr'><strong>voce</strong></span> <span class='ocrx_word' id='word_1_127' title='bbox 2591 574 2768 627; x_wconf 75' lang='lat' dir='ltr'><strong>littera:</strong></span> <span class='ocrx_word' id='word_1_128' title='bbox 2801 573 2873 628; x_wconf 89' lang='lat' dir='ltr'><strong>N.</strong></span> <span class='ocrx_word' id='word_1_129' title='bbox 2901 572 3253 643; x_wconf 77' lang='lat' dir='ltr'><strong>Nequiquam.</strong></span> 
     </span>
    </p>
   </div>
   <div class='ocr_carea' id='block_1_19' title="bbox 2572 662 3088 716">
    <p class='ocr_par' dir='ltr' id='par_1_19' title="bbox 2572 662 3088 716">
     <span class='ocr_line' id='line_1_22' title="bbox 2572 662 3088 716; baseline 0 0"><span class='ocrx_word' id='word_1_130' title='bbox 2572 676 2593 702; x_wconf 72' lang='grc' dir='ltr'>ε</span> <span class='ocrx_word' id='word_1_131' title='bbox 2627 662 2962 716; x_wconf 85' lang='lat' dir='ltr'><strong>EPISTULA</strong></span> <span class='ocrx_word' id='word_1_132' title='bbox 3005 663 3088 716; x_wconf 89' lang='lat' dir='ltr'><strong>Ill.</strong></span> 
     </span>
    </p>
   </div>
   <div class='ocr_carea' id='block_1_20' title="bbox 2243 769 3395 813">
    <p class='ocr_par' dir='ltr' id='par_1_20' title="bbox 2243 769 3395 813">
     <span class='ocr_line' id='line_1_23' title="bbox 2243 769 3395 813; baseline 0.002 -3"><span class='ocrx_word' id='word_1_133' title='bbox 2243 773 2309 813; x_wconf 77' lang='lat' dir='ltr'><strong>AD</strong></span> <span class='ocrx_word' id='word_1_134' title='bbox 2349 771 2703 809; x_wconf 68' lang='lat' dir='ltr'><strong>AllllALARDUaI</strong></span> <span class='ocrx_word' id='word_1_135' title='bbox 2733 769 2971 806; x_wconf 71' lang='lat' dir='ltr'><strong>ABBATEM</strong></span> <span class='ocrx_word' id='word_1_136' title='bbox 3005 769 3395 812; x_wconf 65' lang='lat' dir='ltr'><strong>CORBE‘IENSEH.</strong></span> 
     </span>
    </p>
   </div>
   <div class='ocr_carea' id='block_1_21' title="bbox 2585 845 3116 906">
    <p class='ocr_par' dir='ltr' id='par_1_21' title="bbox 2585 845 3116 906">
     <span class='ocr_line' id='line_1_24' title="bbox 2585 845 3116 906; baseline 0 -12"><span class='ocrx_word' id='word_1_137' title='bbox 2585 847 2675 905; x_wconf 72' lang='lat' dir='ltr'><strong>tux</strong></span> <span class='ocrx_word' id='word_1_138' title='bbox 2702 845 2904 906; x_wconf 58' lang='grc' dir='ltr'>ιιεεςιιιη</span> <span class='ocrx_word' id='word_1_139' title='bbox 2929 846 3067 906; x_wconf 84' lang='lat' dir='ltr'><strong>ibid.)</strong></span> <span class='ocrx_word' id='word_1_140' title='bbox 3110 845 3116 853; x_wconf 85' lang='lat'><strong><em>&#39;</em></strong></span> 
     </span>
    </p>
   </div>
   <div class='ocr_carea' id='block_1_22' title="bbox 2098 931 3618 997">
    <p class='ocr_par' dir='ltr' id='par_1_22' title="bbox 2098 931 3618 997">
     <span class='ocr_line' id='line_1_25' title="bbox 2098 931 3618 997; baseline -0.001 -10"><span class='ocrx_word' id='word_1_141' title='bbox 2098 933 2424 987; x_wconf 79' lang='lat' dir='ltr'><strong>Clrarissimo</strong></span> <span class='ocrx_word' id='word_1_142' title='bbox 2467 932 2614 986; x_wconf 82' lang='lat' dir='ltr'><strong>fratri</strong></span> <span class='ocrx_word' id='word_1_143' title='bbox 2655 943 2709 986; x_wconf 91' lang='lat' dir='ltr'><strong>et</strong></span> <span class='ocrx_word' id='word_1_144' title='bbox 2748 932 2966 985; x_wconf 89' lang='lat' dir='ltr'><strong>domino</strong></span> <span class='ocrx_word' id='word_1_145' title='bbox 3009 931 3277 986; x_wconf 76' lang='lat' dir='ltr'><strong>Adalardo</strong></span> <span class='ocrx_word' id='word_1_146' title='bbox 3321 933 3434 986; x_wconf 90' lang='lat' dir='ltr'><strong>viro</strong></span> <span class='ocrx_word' id='word_1_147' title='bbox 3485 931 3618 997; x_wconf 89' lang='lat' dir='ltr'><strong>Dei,</strong></span> 
     </span>
    </p>
   </div>
   <div class='ocr_carea' id='block_1_23' title="bbox 2029 1025 2505 1094">
    <p class='ocr_par' dir='ltr' id='par_1_23' title="bbox 2029 1025 2505 1094">
     <span class='ocr_line' id='line_1_26' title="bbox 2029 1025 2505 1094; baseline -0.004 -14"><span class='ocrx_word' id='word_1_148' title='bbox 2029 1025 2224 1086; x_wconf 79' lang='lat' dir='ltr'><strong>Paulus</strong></span> <span class='ocrx_word' id='word_1_149' title='bbox 2254 1027 2505 1094; x_wconf 79' lang='lat' dir='ltr'><strong>supplex.</strong></span> 
     </span>
    </p>
   </div>
   <div class='ocr_carea' id='block_1_24' title="bbox 2101 1113 3620 1181">
    <p class='ocr_par' dir='ltr' id='par_1_24' title="bbox 2101 1113 3620 1181">
     <span class='ocr_line' id='line_1_27' title="bbox 2101 1113 3620 1181; baseline -0.001 -14"><span class='ocrx_word' id='word_1_150' title='bbox 2101 1113 2385 1180; x_wconf 86' lang='lat' dir='ltr'><strong>Cupieram</strong></span> <span class='ocrx_word' id='word_1_151' title='bbox 2406 1156 2418 1180; x_wconf 96' lang='lat'><strong>,</strong></span> <span class='ocrx_word' id='word_1_152' title='bbox 2453 1114 2646 1168; x_wconf 85' lang='lat' dir='ltr'><strong>dilecte</strong></span> <span class='ocrx_word' id='word_1_153' title='bbox 2678 1115 2746 1168; x_wconf 91' lang='lat' dir='ltr'><strong>mi</strong></span> <span class='ocrx_word' id='word_1_154' title='bbox 2769 1157 2784 1180; x_wconf 90' lang='lat'><strong>,</strong></span> <span class='ocrx_word' id='word_1_155' title='bbox 2817 1122 2999 1168; x_wconf 71' lang='lat' dir='ltr'><strong>testate</strong></span> <span class='ocrx_word' id='word_1_156' title='bbox 3029 1114 3294 1181; x_wconf 64' lang='lat' dir='ltr'><strong>praeterita</strong></span> <span class='ocrx_word' id='word_1_157' title='bbox 3329 1113 3510 1168; x_wconf 88' lang='lat' dir='ltr'><strong>videre</strong></span> <span class='ocrx_word' id='word_1_158' title='bbox 3540 1114 3620 1166; x_wconf 87' lang='lat' dir='ltr'><strong>fa-</strong></span> 
     </span>
    </p>
   </div>
   <div class='ocr_carea' id='block_1_25' title="bbox 2029 1203 3621 1278">
    <p class='ocr_par' dir='ltr' id='par_1_25' title="bbox 2029 1203 3621 1278">
     <span class='ocr_line' id='line_1_28' title="bbox 2029 1203 3621 1278; baseline 0.001 -20"><span class='ocrx_word' id='word_1_159' title='bbox 2029 1206 2164 1259; x_wconf 70' lang='lat' dir='ltr'><strong>ciem</strong></span> <span class='ocrx_word' id='word_1_160' title='bbox 2195 1213 2334 1257; x_wconf 88' lang='lat' dir='ltr'><strong>tnatu</strong></span> <span class='ocrx_word' id='word_1_161' title='bbox 2357 1246 2371 1269; x_wconf 94' lang='lat'><strong>,</strong></span> <span class='ocrx_word' id='word_1_162' title='bbox 2403 1203 2619 1272; x_wconf 84' lang='lat' dir='ltr'><strong>quando</strong></span> <span class='ocrx_word' id='word_1_163' title='bbox 2644 1204 2752 1278; x_wconf 80' lang='lat' dir='ltr'><strong>illis</strong></span> <span class='ocrx_word' id='word_1_164' title='bbox 2781 1205 2832 1258; x_wconf 91' lang='lat' dir='ltr'><strong>in</strong></span> <span class='ocrx_word' id='word_1_165' title='bbox 2872 1205 3113 1270; x_wconf 90' lang='lat' dir='ltr'><strong>partibus</strong></span> <span class='ocrx_word' id='word_1_166' title='bbox 3153 1204 3258 1258; x_wconf 90' lang='lat' dir='ltr'><strong>fui!</strong></span> <span class='ocrx_word' id='word_1_167' title='bbox 3291 1205 3384 1257; x_wconf 88' lang='lat' dir='ltr'><strong>sed</strong></span> <span class='ocrx_word' id='word_1_168' title='bbox 3417 1220 3621 1272; x_wconf 69' lang='grc' dir='ltr'><strong>ιιι-ωρο-</strong></span> 
     </span>
    </p>
   </div>
   <div class='ocr_carea' id='block_1_26' title="bbox 2028 1295 3622 1364">
    <p class='ocr_par' dir='ltr' id='par_1_26' title="bbox 2028 1295 3622 1364">
     <span class='ocr_line' id='line_1_29' title="bbox 2028 1295 3622 1364; baseline -0.003 -14"><span class='ocrx_word' id='word_1_169' title='bbox 2028 1296 2169 1350; x_wconf 88' lang='lat' dir='ltr'><strong>ditus</strong></span> <span class='ocrx_word' id='word_1_170' title='bbox 2212 1295 2526 1349; x_wconf 74' lang='lat' dir='ltr'><strong>lassitudine</strong></span> <span class='ocrx_word' id='word_1_171' title='bbox 2567 1295 2920 1363; x_wconf 89' lang='lat' dir='ltr'><strong>sonipedum,</strong></span> <span class='ocrx_word' id='word_1_172' title='bbox 2966 1295 3032 1347; x_wconf 86' lang='lat' dir='ltr'><strong>ad</strong></span> <span class='ocrx_word' id='word_1_173' title='bbox 3081 1304 3131 1348; x_wconf 89' lang='lat' dir='ltr'><strong>te</strong></span> <span class='ocrx_word' id='word_1_174' title='bbox 3179 1295 3360 1350; x_wconf 89' lang='lat' dir='ltr'><strong>venire</strong></span> <span class='ocrx_word' id='word_1_175' title='bbox 3397 1311 3622 1364; x_wconf 89' lang='lat' dir='ltr'><strong>nou_po-</strong></span> 
     </span>
    </p>
   </div>
   <div class='ocr_carea' id='block_1_27' title="bbox 2031 1383 3622 1454">
    <p class='ocr_par' dir='ltr' id='par_1_27' title="bbox 2031 1383 3622 1454">
     <span class='ocr_line' id='line_1_30' title="bbox 2031 1383 3622 1454; baseline -0.001 -16"><span class='ocrx_word' id='word_1_176' title='bbox 2031 1387 2129 1438; x_wconf 90' lang='lat' dir='ltr'><strong>tui.</strong></span> <span class='ocrx_word' id='word_1_177' title='bbox 2161 1383 2505 1438; x_wconf 72' lang='lat' dir='ltr'><strong>lttlerioribtts</strong></span> <span class='ocrx_word' id='word_1_178' title='bbox 2537 1395 2714 1440; x_wconf 89' lang='lat' dir='ltr'><strong>tamen</strong></span> <span class='ocrx_word' id='word_1_179' title='bbox 2746 1383 3154 1454; x_wconf 84' lang='lat' dir='ltr'><strong>oculis.qnibns</strong></span> <span class='ocrx_word' id='word_1_180' title='bbox 3177 1385 3305 1438; x_wconf 91' lang='lat' dir='ltr'><strong>solis</strong></span> <span class='ocrx_word' id='word_1_181' title='bbox 3330 1387 3497 1450; x_wconf 82' lang='lat' dir='ltr'><strong>valeo,</strong></span> <span class='ocrx_word' id='word_1_182' title='bbox 3518 1394 3622 1438; x_wconf 76' lang='lat' dir='ltr'><strong>tua:</strong></span> 
     </span>
    </p>
   </div>
   <div class='ocr_carea' id='block_1_28' title="bbox 2031 1474 3618 1544">
    <p class='ocr_par' dir='ltr' id='par_1_28' title="bbox 2031 1474 3618 1544">
     <span class='ocr_line' id='line_1_31' title="bbox 2031 1474 3618 1544; baseline 0.001 -18"><span class='ocrx_word' id='word_1_183' title='bbox 2031 1474 2378 1528; x_wconf 78' lang='lat' dir='ltr'><strong>fraternitatis</strong></span> <span class='ocrx_word' id='word_1_184' title='bbox 2401 1474 2738 1529; x_wconf 86' lang='lat' dir='ltr'><strong>dulcedinem</strong></span> <span class='ocrx_word' id='word_1_185' title='bbox 2765 1476 3066 1544; x_wconf 88' lang='lat' dir='ltr'><strong>frequenter</strong></span> <span class='ocrx_word' id='word_1_186' title='bbox 3089 1475 3310 1544; x_wconf 81' lang='lat' dir='ltr'><strong>aspicio.</strong></span> <span class='ocrx_word' id='word_1_187' title='bbox 3342 1475 3618 1529; x_wconf 79' lang='lat' dir='ltr'><strong>Volueram</strong></span> 
     </span>
    </p>
   </div>
   <div class='ocr_carea' id='block_1_29' title="bbox 2031 1565 3621 1636">
    <p class='ocr_par' dir='ltr' id='par_1_29' title="bbox 2031 1565 3621 1636">
     <span class='ocr_line' id='line_1_32' title="bbox 2031 1565 3621 1636; baseline 0.002 -17"><span class='ocrx_word' id='word_1_188' title='bbox 2031 1565 2275 1634; x_wconf 84' lang='lat' dir='ltr'><strong>equidem</strong></span> <span class='ocrx_word' id='word_1_189' title='bbox 2311 1565 2413 1619; x_wconf 91' lang='lat' dir='ltr'><strong>tuis</strong></span> <span class='ocrx_word' id='word_1_190' title='bbox 2442 1565 2678 1634; x_wconf 88' lang='lat' dir='ltr'><strong>imperiis</strong></span> <span class='ocrx_word' id='word_1_191' title='bbox 2696 1566 2807 1636; x_wconf 85' lang='lat' dir='ltr'><strong>jam</strong></span> <span class='ocrx_word' id='word_1_192' title='bbox 2838 1573 2962 1621; x_wconf 89' lang='lat' dir='ltr'><strong>ante</strong></span> <span class='ocrx_word' id='word_1_193' title='bbox 2994 1581 3179 1635; x_wconf 87' lang='lat' dir='ltr'><strong>parere</strong></span> <span class='ocrx_word' id='word_1_194' title='bbox 3211 1584 3222 1619; x_wconf 95' lang='lat'><strong>:</strong></span> <span class='ocrx_word' id='word_1_195' title='bbox 3252 1567 3344 1620; x_wconf 84' lang='lat' dir='ltr'><strong>sed</strong></span> <span class='ocrx_word' id='word_1_196' title='bbox 3368 1607 3380 1630; x_wconf 95' lang='lat'><strong>,</strong></span> <span class='ocrx_word' id='word_1_197' title='bbox 3417 1576 3474 1619; x_wconf 91' lang='lat' dir='ltr'><strong>ut</strong></span> <span class='ocrx_word' id='word_1_198' title='bbox 3499 1578 3621 1635; x_wconf 87' lang='lat' dir='ltr'><strong>pote</strong></span> 
     </span>
    </p>
   </div>
   <div class='ocr_carea' id='block_1_30' title="bbox 2035 1656 3621 1726">
    <p class='ocr_par' dir='ltr' id='par_1_30' title="bbox 2035 1656 3621 1726">
     <span class='ocr_line' id='line_1_33' title="bbox 2035 1656 3621 1726; baseline 0.002 -15"><span class='ocrx_word' id='word_1_199' title='bbox 2035 1672 2256 1725; x_wconf 85' lang='lat' dir='ltr'><strong>pauper,</strong></span> <span class='ocrx_word' id='word_1_200' title='bbox 2287 1666 2345 1710; x_wconf 35' lang='lat' dir='ltr'><strong>et.</strong></span> <span class='ocrx_word' id='word_1_201' title='bbox 2379 1658 2462 1712; x_wconf 91' lang='lat' dir='ltr'><strong>cui</strong></span> <span class='ocrx_word' id='word_1_202' title='bbox 2492 1656 2686 1713; x_wconf 90' lang='lat' dir='ltr'><strong>desunt</strong></span> <span class='ocrx_word' id='word_1_203' title='bbox 2716 1657 2948 1723; x_wconf 87' lang='lat' dir='ltr'><strong>librarii,</strong></span> <span class='ocrx_word' id='word_1_204' title='bbox 2983 1658 3128 1726; x_wconf 87' lang='lat' dir='ltr'><strong>prius</strong></span> <span class='ocrx_word' id='word_1_205' title='bbox 3167 1658 3267 1712; x_wconf 93' lang='lat' dir='ltr'><strong>hoc</strong></span> <span class='ocrx_word' id='word_1_206' title='bbox 3308 1660 3480 1713; x_wconf 90' lang='lat' dir='ltr'><strong>facere</strong></span> <span class='ocrx_word' id='word_1_207' title='bbox 3523 1674 3621 1714; x_wconf 90' lang='lat' dir='ltr'><strong>ne-</strong></span> 
     </span>
    </p>
   </div>
   <div class='ocr_carea' id='block_1_31' title="bbox 2034 1747 3621 1816">
    <p class='ocr_par' dir='ltr' id='par_1_31' title="bbox 2034 1747 3621 1816">
     <span class='ocr_line' id='line_1_34' title="bbox 2034 1747 3621 1816; baseline -0.001 -15"><span class='ocrx_word' id='word_1_208' title='bbox 2034 1749 2176 1814; x_wconf 87' lang='lat' dir='ltr'><strong>quivi</strong></span> <span class='ocrx_word' id='word_1_209' title='bbox 2208 1766 2219 1800; x_wconf 94' lang='lat'>:</span> <span class='ocrx_word' id='word_1_210' title='bbox 2257 1747 2486 1801; x_wconf 84' lang='lat' dir='ltr'><strong>maxime</strong></span> <span class='ocrx_word' id='word_1_211' title='bbox 2515 1761 2636 1800; x_wconf 89' lang='lat' dir='ltr'><strong>cum</strong></span> <span class='ocrx_word' id='word_1_212' title='bbox 2667 1762 2751 1801; x_wconf 91' lang='lat' dir='ltr'><strong>me</strong></span> <span class='ocrx_word' id='word_1_213' title='bbox 2784 1757 2890 1801; x_wconf 90' lang='lat' dir='ltr'><strong>tam</strong></span> <span class='ocrx_word' id='word_1_214' title='bbox 2922 1748 3124 1816; x_wconf 83' lang='lat' dir='ltr'><strong>prolixa</strong></span> <span class='ocrx_word' id='word_1_215' title='bbox 3155 1748 3391 1801; x_wconf 87' lang='lat' dir='ltr'><strong>valitudo</strong></span> <span class='ocrx_word' id='word_1_216' title='bbox 3420 1749 3621 1801; x_wconf 87' lang='lat' dir='ltr'><strong>contri-</strong></span> 
     </span>
    </p>
   </div>
   <div class='ocr_carea' id='block_1_32' title="bbox 346 1826 3622 1913">
    <p class='ocr_par' dir='ltr' id='par_1_32' title="bbox 346 1826 3622 1913">
     <span class='ocr_line' id='line_1_35' title="bbox 346 1826 3622 1913; baseline 0.003 -17"><span class='ocrx_word' id='word_1_217' title='bbox 346 1859 468 1896; x_wconf 90' lang='lat' dir='ltr'><strong>num</strong></span> <span class='ocrx_word' id='word_1_218' title='bbox 501 1851 743 1897; x_wconf 89' lang='lat' dir='ltr'><strong>nostrum</strong></span> <span class='ocrx_word' id='word_1_219' title='bbox 779 1853 885 1896; x_wconf 88' lang='lat' dir='ltr'><strong>tam</strong></span> <span class='ocrx_word' id='word_1_220' title='bbox 915 1844 1121 1910; x_wconf 86' lang='lat' dir='ltr'><strong>publice</strong></span> <span class='ocrx_word' id='word_1_221' title='bbox 1151 1859 1307 1913; x_wconf 87' lang='lat' dir='ltr'><strong>quam</strong></span> <span class='ocrx_word' id='word_1_222' title='bbox 1360 1846 1579 1912; x_wconf 85' lang='lat' dir='ltr'><strong>private,</strong></span> <span class='ocrx_word' id='word_1_223' title='bbox 1613 1855 1668 1899; x_wconf 92' lang='lat' dir='ltr'><strong>ut</strong></span> <span class='ocrx_word' id='word_1_224' title='bbox 1698 1856 1926 1902; x_wconf 89' lang='lat' dir='ltr'><strong>vestram</strong></span> <span class='ocrx_word' id='word_1_225' title='bbox 1958 1826 2004 1888; x_wconf 73' lang='grc' dir='ltr'><strong>Β</strong></span> <span class='ocrx_word' id='word_1_226' title='bbox 2033 1837 2168 1890; x_wconf 62' lang='lat' dir='ltr'><strong>VC?“</strong></span> <span class='ocrx_word' id='word_1_227' title='bbox 2189 1879 2203 1902; x_wconf 67' lang='grc' dir='ltr'><strong>ν</strong></span> <span class='ocrx_word' id='word_1_228' title='bbox 2242 1845 2298 1889; x_wconf 75' lang='grc' dir='ltr'><strong>ιιι</strong></span> <span class='ocrx_word' id='word_1_229' title='bbox 2335 1849 2364 1888; x_wconf 77' lang='grc'><strong>³</strong></span> <span class='ocrx_word' id='word_1_230' title='bbox 2396 1850 2580 1890; x_wconf 72' lang='lat' dir='ltr'><strong>mense</strong></span> <span class='ocrx_word' id='word_1_231' title='bbox 2615 1835 2955 1904; x_wconf 55' lang='lat' dir='ltr'><strong>Septembr“)</strong></span> <span class='ocrx_word' id='word_1_232' title='bbox 2997 1853 3130 1907; x_wconf 71' lang='grc' dir='ltr'><strong>Ὼθηθ</strong></span> <span class='ocrx_word' id='word_1_233' title='bbox 3169 1853 3337 1906; x_wconf 70' lang='lat' dir='ltr'><strong>“S‘l&#39;le</strong></span> <span class='ocrx_word' id='word_1_234' title='bbox 3385 1839 3448 1892; x_wconf 63' lang='lat' dir='ltr'><strong>ad</strong></span> <span class='ocrx_word' id='word_1_235' title='bbox 3480 1841 3622 1894; x_wconf 71' lang='grc' dir='ltr'><strong>ἀέθηὶ</strong></span> 
     </span>
    </p>
   </div>
   <div class='ocr_carea' id='block_1_33' title="bbox 353 1933 1928 2004">
    <p class='ocr_par' dir='ltr' id='par_1_33' title="bbox 353 1933 1928 2004">
     <span class='ocr_line' id='line_1_36' title="bbox 353 1933 1928 2004; baseline 0.003 -18"><span class='ocrx_word' id='word_1_236' title='bbox 353 1933 504 1986; x_wconf 85' lang='lat' dir='ltr'><strong>nobis</strong></span> <span class='ocrx_word' id='word_1_237' title='bbox 556 1943 964 2001; x_wconf 85' lang='lat' dir='ltr'><strong>vestrorumque</strong></span> <span class='ocrx_word' id='word_1_238' title='bbox 1023 1934 1247 1988; x_wconf 88' lang='lat' dir='ltr'><strong>salutem</strong></span> <span class='ocrx_word' id='word_1_239' title='bbox 1311 1936 1533 2004; x_wconf 80' lang='lat' dir='ltr'><strong>prolixis</strong></span> <span class='ocrx_word' id='word_1_240' title='bbox 1599 1935 1928 2002; x_wconf 86' lang='lat' dir='ltr'><strong>temporibus</strong></span> 
     </span>
    </p>
   </div>
   <div class='ocr_carea' id='block_1_34' title="bbox 346 2026 1926 2100">
    <p class='ocr_par' dir='ltr' id='par_1_34' title="bbox 346 2026 1926 2100">
     <span class='ocr_line' id='line_1_37' title="bbox 346 2026 1926 2100; baseline 0.006 -23"><span class='ocrx_word' id='word_1_241' title='bbox 346 2026 623 2088; x_wconf 64' lang='lat' dir='ltr'><strong>concedat,</strong></span> <span class='ocrx_word' id='word_1_242' title='bbox 672 2027 968 2096; x_wconf 73' lang='lat' dir='ltr'><strong>etubique</strong></span> <span class='ocrx_word' id='word_1_243' title='bbox 1019 2037 1246 2084; x_wconf 87' lang='lat' dir='ltr'><strong>vestram</strong></span> <span class='ocrx_word' id='word_1_244' title='bbox 1294 2029 1537 2099; x_wconf 81' lang='lat' dir='ltr'><strong>gloriam.</strong></span> <span class='ocrx_word' id='word_1_245' title='bbox 1603 2045 1926 2100; x_wconf 83' lang='lat' dir='ltr'><strong>semperque</strong></span> 
     </span>
    </p>
   </div>
   <div class='ocr_carea' id='block_1_35' title="bbox 345 2114 910 2188">
    <p class='ocr_par' dir='ltr' id='par_1_35' title="bbox 345 2114 910 2188">
     <span class='ocr_line' id='line_1_38' title="bbox 345 2114 910 2188; baseline 0 -16"><span class='ocrx_word' id='word_1_246' title='bbox 345 2117 627 2172; x_wconf 77' lang='lat' dir='ltr'><strong>citstodiat.</strong></span> <span class='ocrx_word' id='word_1_247' title='bbox 659 2114 910 2188; x_wconf 69' lang='lat' dir='ltr'><strong>Explicil.</strong></span> 
     </span>
    </p>
   </div>
   <div class='ocr_carea' id='block_1_36' title="bbox 915 2211 1349 2276">
    <p class='ocr_par' dir='ltr' id='par_1_36' title="bbox 915 2211 1349 2276">
     <span class='ocr_line' id='line_1_39' title="bbox 915 2211 1349 2276; baseline 0.002 -11"><span class='ocrx_word' id='word_1_248' title='bbox 915 2211 1262 2276; x_wconf 62' lang='lat' dir='ltr'><strong>liP-IS&#39;I‘OLA</strong></span> <span class='ocrx_word' id='word_1_249' title='bbox 1292 2213 1349 2266; x_wconf 94' lang='lat' dir='ltr'><strong>ll.</strong></span> 
     </span>
    </p>
   </div>
   <div class='ocr_carea' id='block_1_37' title="bbox 814 2319 1442 2360">
    <p class='ocr_par' dir='ltr' id='par_1_37' title="bbox 814 2319 1442 2360">
     <span class='ocr_line' id='line_1_40' title="bbox 814 2319 1442 2360; baseline -0.002 -1"><span class='ocrx_word' id='word_1_250' title='bbox 814 2322 881 2359; x_wconf 75' lang='grc' dir='ltr'><strong>λι)</strong></span> <span class='ocrx_word' id='word_1_251' title='bbox 921 2319 1163 2357; x_wconf 65' lang='grc' dir='ltr'>ελιιιιιυιι</span> <span class='ocrx_word' id='word_1_252' title='bbox 1206 2319 1442 2360; x_wconf 69' lang='lat' dir='ltr'><strong>IIAGNUM.</strong></span> 
     </span>
    </p>
   </div>
   <div class='ocr_carea' id='block_1_38' title="bbox 626 2392 1636 2464">
    <p class='ocr_par' dir='ltr' id='par_1_38' title="bbox 626 2392 1636 2464">
     <span class='ocr_line' id='line_1_41' title="bbox 626 2392 1636 2464; baseline 0.001 -16"><span class='ocrx_word' id='word_1_253' title='bbox 626 2392 718 2448; x_wconf 82' lang='lat' dir='ltr'><strong>Illi</strong></span> <span class='ocrx_word' id='word_1_254' title='bbox 759 2395 1150 2448; x_wconf 80' lang='lat' dir='ltr'><strong>Vocobnlarium</strong></span> <span class='ocrx_word' id='word_1_255' title='bbox 1175 2412 1324 2448; x_wconf 83' lang='lat' dir='ltr'><strong>suum</strong></span> <span class='ocrx_word' id='word_1_256' title='bbox 1355 2408 1636 2464; x_wconf 81' lang='lat' dir='ltr'><strong>nuncupat.</strong></span> 
     </span>
    </p>
   </div>
   <div class='ocr_carea' id='block_1_39' title="bbox 803 2487 1469 2552">
    <p class='ocr_par' dir='ltr' id='par_1_39' title="bbox 803 2487 1469 2552">
     <span class='ocr_line' id='line_1_42' title="bbox 803 2487 1469 2552; baseline 0.005 -15"><span class='ocrx_word' id='word_1_257' title='bbox 803 2487 894 2549; x_wconf 75' lang='lat' dir='ltr'><strong>(Ex</strong></span> <span class='ocrx_word' id='word_1_258' title='bbox 926 2487 1105 2538; x_wconf 76' lang='lat' dir='ltr'><strong>Mabill.</strong></span> <span class='ocrx_word' id='word_1_259' title='bbox 1135 2489 1228 2539; x_wconf 75' lang='lat' dir='ltr'><strong>An.</strong></span> <span class='ocrx_word' id='word_1_260' title='bbox 1253 2489 1469 2552; x_wconf 82' lang='lat' dir='ltr'><strong>Bened.)</strong></span> 
     </span>
    </p>
   </div>
   <div class='ocr_carea' id='block_1_40' title="bbox 406 2570 1923 2642">
    <p class='ocr_par' dir='ltr' id='par_1_40' title="bbox 406 2570 1923 2642">
     <span class='ocr_line' id='line_1_43' title="bbox 406 2570 1923 2642; baseline 0.001 -18"><span class='ocrx_word' id='word_1_261' title='bbox 406 2570 686 2640; x_wconf 84' lang='lat' dir='ltr'><strong>Largitatis</strong></span> <span class='ocrx_word' id='word_1_262' title='bbox 711 2587 930 2626; x_wconf 89' lang='lat' dir='ltr'><strong>munere</strong></span> <span class='ocrx_word' id='word_1_263' title='bbox 955 2573 1212 2640; x_wconf 88' lang='lat' dir='ltr'><strong>sapientia</strong></span> <span class='ocrx_word' id='word_1_264' title='bbox 1240 2573 1579 2642; x_wconf 78' lang='lat' dir='ltr'><strong>potentiaque</strong></span> <span class='ocrx_word' id='word_1_265' title='bbox 1609 2574 1923 2642; x_wconf 75' lang='lat' dir='ltr'><strong>pra2fu|gido</strong></span> 
     </span>
    </p>
   </div>
   <div class='ocr_carea' id='block_1_41' title="bbox 333 2660 1922 2733">
    <p class='ocr_par' dir='ltr' id='par_1_41' title="bbox 333 2660 1922 2733">
     <span class='ocr_line' id='line_1_44' title="bbox 333 2660 1922 2733; baseline 0.003 -18"><span class='ocrx_word' id='word_1_266' title='bbox 333 2660 552 2715; x_wconf 87' lang='lat' dir='ltr'><strong>domino</strong></span> <span class='ocrx_word' id='word_1_267' title='bbox 582 2664 692 2730; x_wconf 86' lang='lat' dir='ltr'><strong>regi</strong></span> <span class='ocrx_word' id='word_1_268' title='bbox 720 2661 935 2728; x_wconf 86' lang='lat' dir='ltr'><strong>Carolo,</strong></span> <span class='ocrx_word' id='word_1_269' title='bbox 967 2678 1146 2732; x_wconf 86' lang='lat' dir='ltr'><strong>regum</strong></span> <span class='ocrx_word' id='word_1_270' title='bbox 1179 2664 1424 2718; x_wconf 80' lang='lat' dir='ltr'><strong>sublimis</strong></span> <span class='ocrx_word' id='word_1_271' title='bbox 1460 2663 1594 2733; x_wconf 72' lang='lat' dir='ltr'><strong>imo,</strong></span> <span class='ocrx_word' id='word_1_272' title='bbox 1625 2664 1816 2718; x_wconf 84' lang='lat' dir='ltr'><strong>Paulus</strong></span> <span class='ocrx_word' id='word_1_273' title='bbox 1844 2666 1922 2720; x_wconf 90' lang='lat' dir='ltr'><strong>ul-</strong></span> 
     </span>
    </p>
   </div>
   <div class='ocr_carea' id='block_1_42' title="bbox 335 2753 778 2808">
    <p class='ocr_par' dir='ltr' id='par_1_42' title="bbox 335 2753 778 2808">
     <span class='ocr_line' id='line_1_45' title="bbox 335 2753 778 2808; baseline 0.009 -3"><span class='ocrx_word' id='word_1_274' title='bbox 335 2753 494 2806; x_wconf 85' lang='lat' dir='ltr'><strong>timus</strong></span> <span class='ocrx_word' id='word_1_275' title='bbox 514 2754 778 2808; x_wconf 80' lang='lat' dir='ltr'><strong>servulus.</strong></span> 
     </span>
    </p>
   </div>
   <div class='ocr_carea' id='block_1_43' title="bbox 405 2841 1920 2914">
    <p class='ocr_par' dir='ltr' id='par_1_43' title="bbox 405 2841 1920 2914">
     <span class='ocr_line' id='line_1_46' title="bbox 405 2841 1920 2914; baseline 0.002 -19"><span class='ocrx_word' id='word_1_276' title='bbox 405 2841 638 2910; x_wconf 90' lang='lat' dir='ltr'><strong>Cupiens</strong></span> <span class='ocrx_word' id='word_1_277' title='bbox 661 2844 858 2912; x_wconf 90' lang='lat' dir='ltr'><strong>aliquid</strong></span> <span class='ocrx_word' id='word_1_278' title='bbox 885 2845 1072 2898; x_wconf 84' lang='lat' dir='ltr'><strong>vesu-is</strong></span> <span class='ocrx_word' id='word_1_279' title='bbox 1095 2843 1431 2898; x_wconf 85' lang='lat' dir='ltr'><strong>bibliothecis</strong></span> <span class='ocrx_word' id='word_1_280' title='bbox 1457 2843 1655 2898; x_wconf 84' lang='lat' dir='ltr'><strong>addere</strong></span> <span class='ocrx_word' id='word_1_281' title='bbox 1675 2886 1687 2907; x_wconf 87' lang='lat'><strong>,</strong></span> <span class='ocrx_word' id='word_1_282' title='bbox 1711 2845 1834 2914; x_wconf 89' lang='lat' dir='ltr'><strong>quia</strong></span> <span class='ocrx_word' id='word_1_283' title='bbox 1857 2861 1920 2899; x_wconf 75' lang='lat' dir='ltr'><strong>ex</strong></span> 
     </span>
    </p>
   </div>
   <div class='ocr_carea' id='block_1_44' title="bbox 333 2934 1921 3003">
    <p class='ocr_par' dir='ltr' id='par_1_44' title="bbox 333 2934 1921 3003">
     <span class='ocr_line' id='line_1_47' title="bbox 333 2934 1921 3003; baseline 0.004 -17"><span class='ocrx_word' id='word_1_284' title='bbox 333 2935 548 3001; x_wconf 70' lang='lat' dir='ltr'><strong>paoprio</strong></span> <span class='ocrx_word' id='word_1_285' title='bbox 587 2951 864 3003; x_wconf 83' lang='lat' dir='ltr'><strong>perparqu</strong></span> <span class='ocrx_word' id='word_1_286' title='bbox 908 2937 1085 2999; x_wconf 85' lang='lat' dir='ltr'><strong>valeo,</strong></span> <span class='ocrx_word' id='word_1_287' title='bbox 1126 2939 1428 2990; x_wconf 88' lang='lat' dir='ltr'><strong>necessario</strong></span> <span class='ocrx_word' id='word_1_288' title='bbox 1476 2951 1541 2990; x_wconf 81' lang='lat' dir='ltr'><strong>ex</strong></span> <span class='ocrx_word' id='word_1_289' title='bbox 1582 2934 1756 2988; x_wconf 87' lang='lat' dir='ltr'><strong>alieno</strong></span> <span class='ocrx_word' id='word_1_290' title='bbox 1807 2952 1921 2992; x_wconf 90' lang='lat' dir='ltr'><strong>tnu-</strong></span> 
     </span>
    </p>
   </div>
   <div class='ocr_carea' id='block_1_45' title="bbox 336 3027 1922 3098">
    <p class='ocr_par' dir='ltr' id='par_1_45' title="bbox 336 3027 1922 3098">
     <span class='ocr_line' id='line_1_48' title="bbox 336 3027 1922 3098; baseline 0.002 -18"><span class='ocrx_word' id='word_1_291' title='bbox 336 3027 498 3080; x_wconf 83' lang='lat' dir='ltr'><strong>luavi.</strong></span> <span class='ocrx_word' id='word_1_292' title='bbox 554 3028 739 3082; x_wconf 72' lang='lat' dir='ltr'><strong>Festus</strong></span> <span class='ocrx_word' id='word_1_293' title='bbox 783 3030 1012 3098; x_wconf 81' lang='lat' dir='ltr'><strong>denique</strong></span> <span class='ocrx_word' id='word_1_294' title='bbox 1061 3031 1380 3098; x_wconf 82' lang='lat' dir='ltr'><strong>Pompeius,</strong></span> <span class='ocrx_word' id='word_1_295' title='bbox 1431 3029 1685 3086; x_wconf 78' lang='lat' dir='ltr'><strong>Romanis</strong></span> <span class='ocrx_word' id='word_1_296' title='bbox 1732 3029 1922 3084; x_wconf 86' lang='lat' dir='ltr'><strong>studiis</strong></span> 
     </span>
    </p>
   </div>
   <div class='ocr_carea' id='block_1_46' title="bbox 333 3119 1918 3192">
    <p class='ocr_par' dir='ltr' id='par_1_46' title="bbox 333 3119 1918 3192">
     <span class='ocr_line' id='line_1_49' title="bbox 333 3119 1918 3192; baseline 0.002 -21"><span class='ocrx_word' id='word_1_297' title='bbox 333 3119 533 3172; x_wconf 78' lang='lat' dir='ltr'><strong>affatim</strong></span> <span class='ocrx_word' id='word_1_298' title='bbox 585 3119 855 3185; x_wconf 73' lang='lat' dir='ltr'><strong>eruditus,</strong></span> <span class='ocrx_word' id='word_1_299' title='bbox 909 3132 1017 3174; x_wconf 88' lang='lat' dir='ltr'><strong>tam</strong></span> <span class='ocrx_word' id='word_1_300' title='bbox 1063 3138 1368 3176; x_wconf 86' lang='lat' dir='ltr'><strong>sermonum</strong></span> <span class='ocrx_word' id='word_1_301' title='bbox 1413 3121 1715 3177; x_wconf 89' lang='lat' dir='ltr'><strong>abditorum</strong></span> <span class='ocrx_word' id='word_1_302' title='bbox 1762 3136 1918 3192; x_wconf 86' lang='lat' dir='ltr'><strong>quam</strong></span> 
     </span>
    </p>
   </div>
   <div class='ocr_carea' id='block_1_47' title="bbox 2035 1927 3623 1998">
    <p class='ocr_par' dir='ltr' id='par_1_47' title="bbox 2035 1927 3623 1998">
     <span class='ocr_line' id='line_1_50' title="bbox 2035 1927 3623 1998; baseline 0.001 -16"><span class='ocrx_word' id='word_1_303' title='bbox 2035 1929 2324 1982; x_wconf 77' lang='lat' dir='ltr'><strong>nativitatis</strong></span> <span class='ocrx_word' id='word_1_304' title='bbox 2351 1927 2559 1982; x_wconf 85' lang='lat' dir='ltr'><strong>Domini</strong></span> <span class='ocrx_word' id='word_1_305' title='bbox 2577 1928 2769 1982; x_wconf 89' lang='lat' dir='ltr'><strong>lectulo</strong></span> <span class='ocrx_word' id='word_1_306' title='bbox 2791 1928 3038 1983; x_wconf 86' lang='lat' dir='ltr'><strong>detentus</strong></span> <span class='ocrx_word' id='word_1_307' title='bbox 3060 1929 3158 1982; x_wconf 87' lang='lat' dir='ltr'><strong>sint</strong></span> <span class='ocrx_word' id='word_1_308' title='bbox 3185 1947 3197 1982; x_wconf 92' lang='lat'><strong>:</strong></span> <span class='ocrx_word' id='word_1_309' title='bbox 3223 1945 3394 1998; x_wconf 85' lang='lat' dir='ltr'><strong>neque</strong></span> <span class='ocrx_word' id='word_1_310' title='bbox 3414 1933 3623 1984; x_wconf 88' lang='lat' dir='ltr'><strong>licuerit</strong></span> 
     </span>
    </p>
   </div>
   <div class='ocr_carea' id='block_1_48' title="bbox 2033 2019 3620 2090">
    <p class='ocr_par' dir='ltr' id='par_1_48' title="bbox 2033 2019 3620 2090">
     <span class='ocr_line' id='line_1_51' title="bbox 2033 2019 3620 2090; baseline 0 -14"><span class='ocrx_word' id='word_1_311' title='bbox 2033 2021 2290 2076; x_wconf 91' lang='lat' dir='ltr'><strong>clericulo</strong></span> <span class='ocrx_word' id='word_1_312' title='bbox 2309 2020 2405 2084; x_wconf 92' lang='lat' dir='ltr'><strong>illi,</strong></span> <span class='ocrx_word' id='word_1_313' title='bbox 2424 2021 2514 2090; x_wconf 89' lang='lat' dir='ltr'><strong>qui</strong></span> <span class='ocrx_word' id='word_1_314' title='bbox 2528 2019 2642 2075; x_wconf 60' lang='lat' dir='ltr'><strong>haec</strong></span> <span class='ocrx_word' id='word_1_315' title='bbox 2664 2020 2848 2074; x_wconf 87' lang='lat' dir='ltr'><strong>eadem</strong></span> <span class='ocrx_word' id='word_1_316' title='bbox 2869 2031 3136 2090; x_wconf 88' lang='lat' dir='ltr'><strong>utcunque</strong></span> <span class='ocrx_word' id='word_1_317' title='bbox 3153 2024 3386 2089; x_wconf 83' lang='lat' dir='ltr'><strong>scripsit,</strong></span> <span class='ocrx_word' id='word_1_318' title='bbox 3405 2038 3620 2076; x_wconf 90' lang='lat' dir='ltr'><strong>manum</strong></span> 
     </span>
    </p>
   </div>
   <div class='ocr_carea' id='block_1_49' title="bbox 2032 2113 3622 2184">
    <p class='ocr_par' dir='ltr' id='par_1_49' title="bbox 2032 2113 3622 2184">
     <span class='ocr_line' id='line_1_52' title="bbox 2032 2113 3622 2184; baseline 0.003 -19"><span class='ocrx_word' id='word_1_319' title='bbox 2032 2115 2094 2165; x_wconf 90' lang='lat' dir='ltr'><strong>ad</strong></span> <span class='ocrx_word' id='word_1_320' title='bbox 2139 2114 2579 2166; x_wconf 87' lang='lat' dir='ltr'><strong>alramentarium</strong></span> <span class='ocrx_word' id='word_1_321' title='bbox 2611 2113 2856 2166; x_wconf 79' lang='lat' dir='ltr'><strong>mittere.‘</strong></span> <span class='ocrx_word' id='word_1_322' title='bbox 2877 2114 3099 2182; x_wconf 89' lang='lat' dir='ltr'><strong>Suscipe</strong></span> <span class='ocrx_word' id='word_1_323' title='bbox 3131 2125 3337 2177; x_wconf 72' lang='lat' dir='ltr'><strong>tamen,</strong></span> <span class='ocrx_word' id='word_1_324' title='bbox 3375 2117 3622 2184; x_wconf 86' lang='lat' dir='ltr'><strong>quamvis</strong></span> 
     </span>
    </p>
   </div>
   <div class='ocr_carea' id='block_1_50' title="bbox 2030 2204 3622 2272">
    <p class='ocr_par' dir='ltr' id='par_1_50' title="bbox 2030 2204 3622 2272">
     <span class='ocr_line' id='line_1_53' title="bbox 2030 2204 3622 2272; baseline 0.001 -15"><span class='ocrx_word' id='word_1_325' title='bbox 2030 2219 2183 2268; x_wconf 90' lang='lat' dir='ltr'><strong>sero,</strong></span> <span class='ocrx_word' id='word_1_326' title='bbox 2227 2204 2483 2271; x_wconf 83' lang='lat' dir='ltr'><strong>epistolas</strong></span> <span class='ocrx_word' id='word_1_327' title='bbox 2530 2220 2662 2272; x_wconf 90' lang='lat' dir='ltr'><strong>quas</strong></span> <span class='ocrx_word' id='word_1_328' title='bbox 2704 2205 3020 2258; x_wconf 65' lang='lat' dir='ltr'><strong>desiderasti</strong></span> <span class='ocrx_word' id='word_1_329' title='bbox 3060 2222 3074 2259; x_wconf 90' lang='lat'><strong>:</strong></span> <span class='ocrx_word' id='word_1_330' title='bbox 3107 2215 3158 2258; x_wconf 87' lang='lat' dir='ltr'><strong>et</strong></span> <span class='ocrx_word' id='word_1_331' title='bbox 3204 2204 3325 2270; x_wconf 86' lang='lat' dir='ltr'><strong>quia</strong></span> <span class='ocrx_word' id='word_1_332' title='bbox 3361 2207 3490 2259; x_wconf 89' lang='lat' dir='ltr'><strong>mihi</strong></span> <span class='ocrx_word' id='word_1_333' title='bbox 3529 2221 3622 2259; x_wconf 89' lang='lat' dir='ltr'><strong>eas</strong></span> 
     </span>
    </p>
   </div>
   <div class='ocr_carea' id='block_1_51' title="bbox 2032 2294 3622 2366">
    <p class='ocr_par' dir='ltr' id='par_1_51' title="bbox 2032 2294 3622 2366">
     <span class='ocr_line' id='line_1_54' title="bbox 2032 2294 3622 2366; baseline 0.003 -19"><span class='ocrx_word' id='word_1_334' title='bbox 2032 2294 2271 2362; x_wconf 83' lang='lat' dir='ltr'><strong>relegere</strong></span> <span class='ocrx_word' id='word_1_335' title='bbox 2307 2311 2412 2360; x_wconf 68' lang='lat' dir='ltr'><strong>pra:</strong></span> <span class='ocrx_word' id='word_1_336' title='bbox 2450 2295 2800 2363; x_wconf 84' lang='lat' dir='ltr'><strong>occupatione</strong></span> <span class='ocrx_word' id='word_1_337' title='bbox 2842 2306 2977 2349; x_wconf 87' lang='lat' dir='ltr'><strong>totas</strong></span> <span class='ocrx_word' id='word_1_338' title='bbox 3024 2312 3126 2350; x_wconf 90' lang='lat' dir='ltr'><strong>non</strong></span> <span class='ocrx_word' id='word_1_339' title='bbox 3172 2297 3351 2365; x_wconf 64' lang='lat' dir='ltr'><strong>liruit,</strong></span> <span class='ocrx_word' id='word_1_340' title='bbox 3406 2295 3622 2366; x_wconf 83' lang='lat' dir='ltr'><strong>triginta</strong></span> 
     </span>
    </p>
   </div>
   <div class='ocr_carea' id='block_1_52' title="bbox 2029 2373 3666 2455">
    <p class='ocr_par' dir='ltr' id='par_1_52' title="bbox 2029 2373 3666 2455">
     <span class='ocr_line' id='line_1_55' title="bbox 2029 2373 3666 2455; baseline 0.005 -19"><span class='ocrx_word' id='word_1_341' title='bbox 2029 2395 2255 2452; x_wconf 81' lang='lat' dir='ltr'><strong>quatnOr</strong></span> <span class='ocrx_word' id='word_1_342' title='bbox 2281 2400 2344 2439; x_wconf 83' lang='lat' dir='ltr'><strong>ex</strong></span> <span class='ocrx_word' id='word_1_343' title='bbox 2375 2373 2452 2439; x_wconf 82' lang='lat' dir='ltr'><strong>eis</strong></span> <span class='ocrx_word' id='word_1_344' title='bbox 2481 2386 2617 2438; x_wconf 87' lang='lat' dir='ltr'><strong>scito</strong></span> <span class='ocrx_word' id='word_1_345' title='bbox 2642 2387 2896 2452; x_wconf 88' lang='lat' dir='ltr'><strong>reiectas,</strong></span> <span class='ocrx_word' id='word_1_346' title='bbox 2930 2397 2982 2441; x_wconf 92' lang='lat' dir='ltr'><strong>et</strong></span> <span class='ocrx_word' id='word_1_347' title='bbox 3009 2429 3023 2453; x_wconf 92' lang='lat'><strong>,</strong></span> <span class='ocrx_word' id='word_1_348' title='bbox 3049 2398 3202 2455; x_wconf 89' lang='lat' dir='ltr'><strong>prout</strong></span> <span class='ocrx_word' id='word_1_349' title='bbox 3229 2389 3402 2455; x_wconf 89' lang='lat' dir='ltr'><strong>potui,</strong></span> <span class='ocrx_word' id='word_1_350' title='bbox 3438 2403 3624 2442; x_wconf 84' lang='lat' dir='ltr'><strong>emen-</strong></span> <span class='ocrx_word' id='word_1_351' title='bbox 3664 2442 3666 2444; x_wconf 74' lang='grc'>,</span> 
     </span>
    </p>
   </div>
   <div class='ocr_carea' id='block_1_53' title="bbox 2029 2473 3621 2543">
    <p class='ocr_par' dir='ltr' id='par_1_53' title="bbox 2029 2473 3621 2543">
     <span class='ocr_line' id='line_1_56' title="bbox 2029 2473 3621 2543; baseline 0.001 -17"><span class='ocrx_word' id='word_1_352' title='bbox 2029 2474 2180 2528; x_wconf 88' lang='lat' dir='ltr'><strong>datas</strong></span> <span class='ocrx_word' id='word_1_353' title='bbox 2214 2489 2366 2538; x_wconf 87' lang='lat' dir='ltr'><strong>esse,</strong></span> <span class='ocrx_word' id='word_1_354' title='bbox 2410 2484 2603 2542; x_wconf 81' lang='lat' dir='ltr'><strong>praeter</strong></span> <span class='ocrx_word' id='word_1_355' title='bbox 2644 2490 2805 2541; x_wconf 86' lang='lat' dir='ltr'><strong>pauca</strong></span> <span class='ocrx_word' id='word_1_356' title='bbox 2840 2476 2952 2528; x_wconf 90' lang='lat' dir='ltr'><strong>loca</strong></span> <span class='ocrx_word' id='word_1_357' title='bbox 2973 2516 2986 2538; x_wconf 93' lang='lat'><strong>,</strong></span> <span class='ocrx_word' id='word_1_358' title='bbox 3020 2473 3072 2528; x_wconf 90' lang='lat' dir='ltr'><strong>in</strong></span> <span class='ocrx_word' id='word_1_359' title='bbox 3103 2476 3293 2543; x_wconf 82' lang='lat' dir='ltr'><strong>quibus</strong></span> <span class='ocrx_word' id='word_1_360' title='bbox 3335 2476 3508 2529; x_wconf 92' lang='lat' dir='ltr'><strong>minus</strong></span> <span class='ocrx_word' id='word_1_361' title='bbox 3541 2476 3621 2530; x_wconf 87' lang='lat' dir='ltr'><strong>in—</strong></span> 
     </span>
    </p>
   </div>
   <div class='ocr_carea' id='block_1_54' title="bbox 2030 2555 3623 2635">
    <p class='ocr_par' dir='ltr' id='par_1_54' title="bbox 2030 2555 3623 2635">
     <span class='ocr_line' id='line_1_57' title="bbox 2030 2555 3623 2635; baseline 0.005 -20"><span class='ocrx_word' id='word_1_362' title='bbox 2030 2565 2182 2627; x_wconf 83' lang='lat' dir='ltr'><strong>veni,</strong></span> <span class='ocrx_word' id='word_1_363' title='bbox 2216 2555 2269 2618; x_wconf 88' lang='lat' dir='ltr'><strong>et</strong></span> <span class='ocrx_word' id='word_1_364' title='bbox 2303 2577 2477 2619; x_wconf 90' lang='lat' dir='ltr'><strong>tamen</strong></span> <span class='ocrx_word' id='word_1_365' title='bbox 2516 2581 2636 2618; x_wconf 79' lang='lat' dir='ltr'><strong>meo</strong></span> <span class='ocrx_word' id='word_1_366' title='bbox 2665 2582 2724 2618; x_wconf 81' lang='lat' dir='ltr'><strong>ea</strong></span> <span class='ocrx_word' id='word_1_367' title='bbox 2760 2581 2918 2620; x_wconf 89' lang='lat' dir='ltr'><strong>sensu</strong></span> <span class='ocrx_word' id='word_1_368' title='bbox 2954 2567 3202 2635; x_wconf 88' lang='lat' dir='ltr'><strong>supplere</strong></span> <span class='ocrx_word' id='word_1_369' title='bbox 3234 2567 3408 2631; x_wconf 89' lang='lat' dir='ltr'><strong>nolui,</strong></span> <span class='ocrx_word' id='word_1_370' title='bbox 3443 2585 3510 2622; x_wconf 91' lang='lat' dir='ltr'><strong>ne</strong></span> <span class='ocrx_word' id='word_1_371' title='bbox 3546 2571 3623 2623; x_wconf 89' lang='lat' dir='ltr'><strong>vi-</strong></span> 
     </span>
    </p>
   </div>
   <div class='ocr_carea' id='block_1_55' title="bbox 2027 2657 3618 2726">
    <p class='ocr_par' dir='ltr' id='par_1_55' title="bbox 2027 2657 3618 2726">
     <span class='ocr_line' id='line_1_58' title="bbox 2027 2657 3618 2726; baseline 0.003 -17"><span class='ocrx_word' id='word_1_372' title='bbox 2027 2657 2184 2710; x_wconf 89' lang='lat' dir='ltr'><strong>derer</strong></span> <span class='ocrx_word' id='word_1_373' title='bbox 2224 2658 2350 2709; x_wconf 91' lang='lat' dir='ltr'><strong>tanti</strong></span> <span class='ocrx_word' id='word_1_374' title='bbox 2384 2657 2621 2710; x_wconf 84' lang='lat' dir='ltr'><strong>doctoris</strong></span> <span class='ocrx_word' id='word_1_375' title='bbox 2652 2659 2806 2710; x_wconf 84' lang='lat' dir='ltr'><strong>verba</strong></span> <span class='ocrx_word' id='word_1_376' title='bbox 2843 2661 3136 2724; x_wconf 81' lang='lat' dir='ltr'><strong>imputare;</strong></span> <span class='ocrx_word' id='word_1_377' title='bbox 3167 2659 3358 2726; x_wconf 85' lang='lat' dir='ltr'><strong>quibus</strong></span> <span class='ocrx_word' id='word_1_378' title='bbox 3405 2660 3454 2712; x_wconf 93' lang='lat' dir='ltr'><strong>in</strong></span> <span class='ocrx_word' id='word_1_379' title='bbox 3487 2660 3618 2714; x_wconf 87' lang='lat' dir='ltr'><strong>locis</strong></span> 
     </span>
    </p>
   </div>
   <div class='ocr_carea' id='block_1_56' title="bbox 2028 2747 3615 2822">
    <p class='ocr_par' dir='ltr' id='par_1_56' title="bbox 2028 2747 3615 2822">
     <span class='ocr_line' id='line_1_59' title="bbox 2028 2747 3615 2822; baseline 0.001 -20"><span class='ocrx_word' id='word_1_380' title='bbox 2028 2757 2080 2802; x_wconf 89' lang='lat' dir='ltr'><strong>et</strong></span> <span class='ocrx_word' id='word_1_381' title='bbox 2110 2747 2404 2802; x_wconf 75' lang='lat' dir='ltr'><strong>forinsecus</strong></span> <span class='ocrx_word' id='word_1_382' title='bbox 2432 2749 2496 2801; x_wconf 87' lang='lat' dir='ltr'><strong>ad</strong></span> <span class='ocrx_word' id='word_1_383' title='bbox 2534 2765 2683 2802; x_wconf 89' lang='lat' dir='ltr'><strong>oram</strong></span> <span class='ocrx_word' id='word_1_384' title='bbox 2723 2760 2923 2814; x_wconf 79' lang='lat' dir='ltr'><strong>zetam,</strong></span> <span class='ocrx_word' id='word_1_385' title='bbox 2957 2751 3094 2820; x_wconf 92' lang='lat' dir='ltr'><strong>quod</strong></span> <span class='ocrx_word' id='word_1_386' title='bbox 3127 2760 3209 2804; x_wconf 88' lang='lat' dir='ltr'><strong>est</strong></span> <span class='ocrx_word' id='word_1_387' title='bbox 3237 2751 3345 2804; x_wconf 87' lang='lat' dir='ltr'><strong>vitii</strong></span> <span class='ocrx_word' id='word_1_388' title='bbox 3381 2752 3615 2822; x_wconf 85' lang='lat' dir='ltr'><strong>signum,</strong></span> 
     </span>
    </p>
   </div>
   <div class='ocr_carea' id='block_1_57' title="bbox 2025 2838 3618 2908">
    <p class='ocr_par' dir='ltr' id='par_1_57' title="bbox 2025 2838 3618 2908">
     <span class='ocr_line' id='line_1_60' title="bbox 2025 2838 3618 2908; baseline 0.003 -17"><span class='ocrx_word' id='word_1_389' title='bbox 2025 2847 2264 2907; x_wconf 88' lang='lat' dir='ltr'><strong>apposui.</strong></span> <span class='ocrx_word' id='word_1_390' title='bbox 2301 2841 2408 2892; x_wconf 89' lang='lat' dir='ltr'><strong>Tua</strong></span> <span class='ocrx_word' id='word_1_391' title='bbox 2451 2840 2626 2908; x_wconf 90' lang='lat' dir='ltr'><strong>itaque</strong></span> <span class='ocrx_word' id='word_1_392' title='bbox 2657 2838 2998 2903; x_wconf 81' lang='lat' dir='ltr'><strong>fraternitas,</strong></span> <span class='ocrx_word' id='word_1_393' title='bbox 3028 2841 3070 2894; x_wconf 89' lang='lat' dir='ltr'><strong>si</strong></span> <span class='ocrx_word' id='word_1_394' title='bbox 3110 2857 3168 2895; x_wconf 88' lang='lat' dir='ltr'><strong>se</strong></span> <span class='ocrx_word' id='word_1_395' title='bbox 3209 2841 3426 2895; x_wconf 79' lang='lat' dir='ltr'><strong>facultas</strong></span> <span class='ocrx_word' id='word_1_396' title='bbox 3457 2839 3618 2896; x_wconf 89' lang='lat' dir='ltr'><strong>dede-</strong></span> 
     </span>
    </p>
   </div>
   <div class='ocr_carea' id='block_1_58' title="bbox 2027 2931 3614 3000">
    <p class='ocr_par' dir='ltr' id='par_1_58' title="bbox 2027 2931 3614 3000">
     <span class='ocr_line' id='line_1_61' title="bbox 2027 2931 3614 3000; baseline -0.002 -14"><span class='ocrx_word' id='word_1_397' title='bbox 2027 2932 2130 2996; x_wconf 93' lang='lat' dir='ltr'><strong>rit,</strong></span> <span class='ocrx_word' id='word_1_398' title='bbox 2165 2931 2391 3000; x_wconf 80' lang='lat' dir='ltr'><strong>reliquas</strong></span> <span class='ocrx_word' id='word_1_399' title='bbox 2418 2931 2672 2999; x_wconf 86' lang='lat' dir='ltr'><strong>epistolas</strong></span> <span class='ocrx_word' id='word_1_400' title='bbox 2701 2933 2765 2984; x_wconf 90' lang='lat' dir='ltr'><strong>ad</strong></span> <span class='ocrx_word' id='word_1_401' title='bbox 2795 2932 3212 2986; x_wconf 85' lang='lat' dir='ltr'><strong>emendatiorem</strong></span> <span class='ocrx_word' id='word_1_402' title='bbox 3245 2932 3478 3000; x_wconf 87' lang='lat' dir='ltr'><strong>relegere</strong></span> <span class='ocrx_word' id='word_1_403' title='bbox 3501 2939 3614 2984; x_wconf 88' lang='lat' dir='ltr'><strong>stu-</strong></span> 
     </span>
    </p>
   </div>
   <div class='ocr_carea' id='block_1_59' title="bbox 2027 3021 3614 3092">
    <p class='ocr_par' dir='ltr' id='par_1_59' title="bbox 2027 3021 3614 3092">
     <span class='ocr_line' id='line_1_62' title="bbox 2027 3021 3614 3092; baseline -0.001 -16"><span class='ocrx_word' id='word_1_404' title='bbox 2027 3021 2148 3076; x_wconf 88' lang='lat' dir='ltr'><strong>deat</strong></span> <span class='ocrx_word' id='word_1_405' title='bbox 2182 3023 2454 3086; x_wconf 89' lang='lat' dir='ltr'><strong>codicem,</strong></span> <span class='ocrx_word' id='word_1_406' title='bbox 2491 3022 2583 3077; x_wconf 91' lang='lat' dir='ltr'><strong>sed</strong></span> <span class='ocrx_word' id='word_1_407' title='bbox 2611 3031 2666 3076; x_wconf 90' lang='lat' dir='ltr'><strong>et</strong></span> <span class='ocrx_word' id='word_1_408' title='bbox 2695 3023 2810 3076; x_wconf 86' lang='lat' dir='ltr'><strong>loca</strong></span> <span class='ocrx_word' id='word_1_409' title='bbox 2830 3066 2844 3089; x_wconf 91' lang='lat'><strong>,</strong></span> <span class='ocrx_word' id='word_1_410' title='bbox 2877 3024 2928 3076; x_wconf 89' lang='lat' dir='ltr'><strong>in</strong></span> <span class='ocrx_word' id='word_1_411' title='bbox 2953 3024 3143 3092; x_wconf 86' lang='lat' dir='ltr'><strong>quibus</strong></span> <span class='ocrx_word' id='word_1_412' title='bbox 3169 3021 3344 3076; x_wconf 89' lang='lat' dir='ltr'><strong>minus</strong></span> <span class='ocrx_word' id='word_1_413' title='bbox 3367 3022 3614 3086; x_wconf 88' lang='lat' dir='ltr'><strong>habetur,</strong></span> 
     </span>
    </p>
   </div>
   <div class='ocr_carea' id='block_1_60' title="bbox 2025 3109 3616 3182">
    <p class='ocr_par' dir='ltr' id='par_1_60' title="bbox 2025 3109 3616 3182">
     <span class='ocr_line' id='line_1_63' title="bbox 2025 3109 3616 3182; baseline 0.002 -16"><span class='ocrx_word' id='word_1_414' title='bbox 2025 3113 2290 3182; x_wconf 84' lang='lat' dir='ltr'><strong>supplere.</strong></span> <span class='ocrx_word' id='word_1_415' title='bbox 2338 3114 2447 3168; x_wconf 76' lang='lat' dir='ltr'><strong>l-loc</strong></span> <span class='ocrx_word' id='word_1_416' title='bbox 2477 3124 2650 3169; x_wconf 88' lang='lat' dir='ltr'><strong>tamen</strong></span> <span class='ocrx_word' id='word_1_417' title='bbox 2690 3116 2956 3168; x_wconf 88' lang='lat' dir='ltr'><strong>sanctitati</strong></span> <span class='ocrx_word' id='word_1_418' title='bbox 2999 3126 3100 3169; x_wconf 74' lang='lat' dir='ltr'><strong>ture</strong></span> <span class='ocrx_word' id='word_1_419' title='bbox 3137 3109 3365 3179; x_wconf 82' lang='lat' dir='ltr'><strong>suadeo,</strong></span> <span class='ocrx_word' id='word_1_420' title='bbox 3399 3131 3464 3168; x_wconf 88' lang='lat' dir='ltr'><strong>ne</strong></span> <span class='ocrx_word' id='word_1_421' title='bbox 3497 3130 3616 3182; x_wconf 90' lang='lat' dir='ltr'><strong>pas-</strong></span> 
     </span>
    </p>
   </div>
   <div class='ocr_carea' id='block_1_61' title="bbox 335 3190 3617 3282">
    <p class='ocr_par' dir='ltr' id='par_1_61' title="bbox 335 3190 3617 3282">
     <span class='ocr_line' id='line_1_64' title="bbox 335 3190 3617 3282; baseline -0.001 -22"><span class='ocrx_word' id='word_1_422' title='bbox 335 3209 496 3264; x_wconf 88' lang='lat' dir='ltr'><strong>etiam</strong></span> <span class='ocrx_word' id='word_1_423' title='bbox 530 3210 877 3278; x_wconf 89' lang='lat' dir='ltr'><strong>quarumdam</strong></span> <span class='ocrx_word' id='word_1_424' title='bbox 911 3226 1190 3268; x_wconf 89' lang='lat' dir='ltr'><strong>causarum</strong></span> <span class='ocrx_word' id='word_1_425' title='bbox 1219 3211 1450 3281; x_wconf 76' lang='lat' dir='ltr'><strong>Origines</strong></span> <span class='ocrx_word' id='word_1_426' title='bbox 1477 3213 1755 3282; x_wconf 89' lang='lat' dir='ltr'><strong>aperiens,</strong></span> <span class='ocrx_word' id='word_1_427' title='bbox 1781 3190 1919 3281; x_wconf 79' lang='lat' dir='ltr'><strong>opus</strong></span> <span class='ocrx_word' id='word_1_428' title='bbox 1950 3190 1994 3250; x_wconf 79' lang='lat' dir='ltr'><strong>C</strong></span> <span class='ocrx_word' id='word_1_429' title='bbox 2025 3205 2124 3257; x_wconf 79' lang='lat' dir='ltr'><strong>Sim</strong></span> <span class='ocrx_word' id='word_1_430' title='bbox 2151 3247 2165 3270; x_wconf 86' lang='lat'><strong>,</strong></span> <span class='ocrx_word' id='word_1_431' title='bbox 2204 3215 2416 3272; x_wconf 82' lang='lat' dir='ltr'><strong>propter</strong></span> <span class='ocrx_word' id='word_1_432' title='bbox 2457 3205 2628 3272; x_wconf 81' lang='lat' dir='ltr'><strong>aliqua</strong></span> <span class='ocrx_word' id='word_1_433' title='bbox 2659 3221 2775 3274; x_wconf 74' lang='lat' dir='ltr'><strong>qum</strong></span> <span class='ocrx_word' id='word_1_434' title='bbox 2803 3209 2853 3258; x_wconf 91' lang='lat' dir='ltr'><strong>in</strong></span> <span class='ocrx_word' id='word_1_435' title='bbox 2881 3207 2958 3260; x_wconf 87' lang='lat' dir='ltr'><strong>eis</strong></span> <span class='ocrx_word' id='word_1_436' title='bbox 2997 3206 3173 3260; x_wconf 89' lang='lat' dir='ltr'><strong>minus</strong></span> <span class='ocrx_word' id='word_1_437' title='bbox 3199 3193 3418 3260; x_wconf 87' lang='lat' dir='ltr'><strong>idoneos</strong></span> <span class='ocrx_word' id='word_1_438' title='bbox 3451 3206 3617 3260; x_wconf 89' lang='lat' dir='ltr'><strong>latere</strong></span> 
     </span>
    </p>
   </div>
   <div class='ocr_carea' id='block_1_62' title="bbox 331 3303 1920 3376">
    <p class='ocr_par' dir='ltr' id='par_1_62' title="bbox 331 3303 1920 3376">
     <span class='ocr_line' id='line_1_65' title="bbox 331 3303 1920 3376; baseline 0.001 -18"><span class='ocrx_word' id='word_1_439' title='bbox 331 3320 485 3358; x_wconf 88' lang='lat' dir='ltr'><strong>suum</strong></span> <span class='ocrx_word' id='word_1_440' title='bbox 529 3303 593 3356; x_wconf 88' lang='lat' dir='ltr'><strong>ad</strong></span> <span class='ocrx_word' id='word_1_441' title='bbox 633 3305 813 3373; x_wconf 76' lang='lat' dir='ltr'><strong>viginti</strong></span> <span class='ocrx_word' id='word_1_442' title='bbox 862 3305 1064 3372; x_wconf 77' lang='lat' dir='ltr'><strong>prolixa</strong></span> <span class='ocrx_word' id='word_1_443' title='bbox 1104 3307 1370 3359; x_wconf 86' lang='lat' dir='ltr'><strong>volumina</strong></span> <span class='ocrx_word' id='word_1_444' title='bbox 1413 3305 1671 3361; x_wconf 77' lang='lat' dir='ltr'><strong>extendit.</strong></span> <span class='ocrx_word' id='word_1_445' title='bbox 1711 3305 1785 3359; x_wconf 80' lang='lat' dir='ltr'><strong>Ex</strong></span> <span class='ocrx_word' id='word_1_446' title='bbox 1816 3321 1920 3376; x_wconf 89' lang='lat' dir='ltr'><strong>quo</strong></span> 
     </span>
    </p>
   </div>
   <div class='ocr_carea' id='block_1_63' title="bbox 333 3383 1918 3471">
    <p class='ocr_par' dir='ltr' id='par_1_63' title="bbox 333 3383 1918 3471">
     <span class='ocr_line' id='line_1_66' title="bbox 333 3383 1918 3471; baseline 0.003 -25"><span class='ocrx_word' id='word_1_447' title='bbox 333 3408 433 3462; x_wconf 81' lang='lat' dir='ltr'><strong>ego</strong></span> <span class='ocrx_word' id='word_1_448' title='bbox 466 3393 770 3460; x_wconf 75' lang='lat' dir='ltr'><strong>prolixitatc</strong></span> <span class='ocrx_word' id='word_1_449' title='bbox 795 3395 1056 3463; x_wconf 85' lang='lat' dir='ltr'><strong>superflua</strong></span> <span class='ocrx_word' id='word_1_450' title='bbox 1083 3411 1304 3466; x_wconf 74' lang='lat' dir='ltr'><strong>qumque</strong></span> <span class='ocrx_word' id='word_1_451' title='bbox 1332 3407 1387 3451; x_wconf 89' lang='lat' dir='ltr'><strong>et</strong></span> <span class='ocrx_word' id='word_1_452' title='bbox 1417 3396 1591 3451; x_wconf 91' lang='lat' dir='ltr'><strong>minus</strong></span> <span class='ocrx_word' id='word_1_453' title='bbox 1620 3383 1918 3471; x_wconf 73' lang='lat' dir='ltr'><strong>necessaria</strong></span> 
     </span>
    </p>
   </div>
   <div class='ocr_carea' id='block_1_64' title="bbox 333 3484 1920 3556">
    <p class='ocr_par' dir='ltr' id='par_1_64' title="bbox 333 3484 1920 3556">
     <span class='ocr_line' id='line_1_67' title="bbox 333 3484 1920 3556; baseline 0.004 -23"><span class='ocrx_word' id='word_1_454' title='bbox 333 3484 806 3551; x_wconf 58' lang='lat' dir='ltr'><strong>pra&#39;tergrediens,</strong></span> <span class='ocrx_word' id='word_1_455' title='bbox 857 3495 911 3540; x_wconf 90' lang='lat' dir='ltr'><strong>et</strong></span> <span class='ocrx_word' id='word_1_456' title='bbox 955 3486 1194 3555; x_wconf 77' lang='lat' dir='ltr'><strong>quaedam</strong></span> <span class='ocrx_word' id='word_1_457' title='bbox 1245 3487 1488 3540; x_wconf 87' lang='lat' dir='ltr'><strong>abstrusa</strong></span> <span class='ocrx_word' id='word_1_458' title='bbox 1533 3487 1742 3556; x_wconf 87' lang='lat' dir='ltr'><strong>penitus</strong></span> <span class='ocrx_word' id='word_1_459' title='bbox 1780 3486 1920 3556; x_wconf 78' lang='lat' dir='ltr'><strong>style</strong></span> 
     </span>
    </p>
   </div>
   <div class='ocr_carea' id='block_1_65' title="bbox 329 3577 1914 3646">
    <p class='ocr_par' dir='ltr' id='par_1_65' title="bbox 329 3577 1914 3646">
     <span class='ocr_line' id='line_1_68' title="bbox 329 3577 1914 3646; baseline 0.001 -20"><span class='ocrx_word' id='word_1_460' title='bbox 329 3577 551 3644; x_wconf 88' lang='lat' dir='ltr'><strong>proprio</strong></span> <span class='ocrx_word' id='word_1_461' title='bbox 599 3578 917 3642; x_wconf 87' lang='lat' dir='ltr'><strong>enucleans,</strong></span> <span class='ocrx_word' id='word_1_462' title='bbox 971 3579 1039 3630; x_wconf 90' lang='lat' dir='ltr'><strong>ita</strong></span> <span class='ocrx_word' id='word_1_463' title='bbox 1087 3585 1145 3631; x_wconf 91' lang='lat' dir='ltr'><strong>ut</strong></span> <span class='ocrx_word' id='word_1_464' title='bbox 1185 3588 1335 3631; x_wconf 88' lang='lat' dir='ltr'><strong>erant</strong></span> <span class='ocrx_word' id='word_1_465' title='bbox 1383 3577 1535 3646; x_wconf 89' lang='lat' dir='ltr'><strong>positi</strong></span> <span class='ocrx_word' id='word_1_466' title='bbox 1577 3578 1914 3646; x_wconf 85' lang='lat' dir='ltr'><strong>relinquens,</strong></span> 
     </span>
    </p>
   </div>
   <div class='ocr_carea' id='block_1_66' title="bbox 334 3667 1916 3742">
    <p class='ocr_par' dir='ltr' id='par_1_66' title="bbox 334 3667 1916 3742">
     <span class='ocr_line' id='line_1_69' title="bbox 334 3667 1916 3742; baseline -0.002 -22"><span class='ocrx_word' id='word_1_467' title='bbox 334 3668 433 3721; x_wconf 91' lang='lat' dir='ltr'><strong>hoc</strong></span> <span class='ocrx_word' id='word_1_468' title='bbox 463 3676 654 3720; x_wconf 75' lang='lat' dir='ltr'><strong>vestra:</strong></span> <span class='ocrx_word' id='word_1_469' title='bbox 693 3668 997 3721; x_wconf 83' lang='lat' dir='ltr'><strong>celsitudini</strong></span> <span class='ocrx_word' id='word_1_470' title='bbox 1038 3668 1320 3735; x_wconf 88' lang='lat' dir='ltr'><strong>legendum</strong></span> <span class='ocrx_word' id='word_1_471' title='bbox 1361 3667 1676 3742; x_wconf 81' lang='lat' dir='ltr'><strong>eompendip</strong></span> <span class='ocrx_word' id='word_1_472' title='bbox 1713 3667 1916 3732; x_wconf 82' lang='lat' dir='ltr'><strong>obtuli,</strong></span> 
     </span>
    </p>
   </div>
   <div class='ocr_carea' id='block_1_67' title="bbox 333 3755 1916 3836">
    <p class='ocr_par' dir='ltr' id='par_1_67' title="bbox 333 3755 1916 3836">
     <span class='ocr_line' id='line_1_70' title="bbox 333 3755 1916 3836; baseline -0.001 -26"><span class='ocrx_word' id='word_1_473' title='bbox 333 3760 387 3810; x_wconf 90' lang='lat' dir='ltr'><strong>in</strong></span> <span class='ocrx_word' id='word_1_474' title='bbox 431 3755 582 3825; x_wconf 87' lang='lat' dir='ltr'><strong>cujus</strong></span> <span class='ocrx_word' id='word_1_475' title='bbox 622 3757 795 3820; x_wconf 89' lang='lat' dir='ltr'><strong>serie,</strong></span> <span class='ocrx_word' id='word_1_476' title='bbox 837 3755 883 3808; x_wconf 89' lang='lat' dir='ltr'><strong>si</strong></span> <span class='ocrx_word' id='word_1_477' title='bbox 927 3765 1104 3809; x_wconf 88' lang='lat' dir='ltr'><strong>tamen</strong></span> <span class='ocrx_word' id='word_1_478' title='bbox 1133 3757 1330 3836; x_wconf 75' lang='lat' dir='ltr'><strong>lectum</strong></span> <span class='ocrx_word' id='word_1_479' title='bbox 1359 3756 1436 3810; x_wconf 89' lang='lat' dir='ltr'><strong>ire</strong></span> <span class='ocrx_word' id='word_1_480' title='bbox 1466 3772 1570 3809; x_wconf 90' lang='lat' dir='ltr'><strong>non</strong></span> <span class='ocrx_word' id='word_1_481' title='bbox 1603 3756 1916 3823; x_wconf 77' lang='lat' dir='ltr'><strong>dedignabi-</strong></span> 
     </span>
    </p>
   </div>
   <div class='ocr_carea' id='block_1_68' title="bbox 331 3842 2006 3915">
    <p class='ocr_par' dir='ltr' id='par_1_68' title="bbox 331 3842 2006 3915">
     <span class='ocr_line' id='line_1_71' title="bbox 331 3842 2006 3915; baseline -0.002 -15"><span class='ocrx_word' id='word_1_482' title='bbox 331 3846 490 3910; x_wconf 90' lang='lat' dir='ltr'><strong>mini,</strong></span> <span class='ocrx_word' id='word_1_483' title='bbox 521 3846 762 3914; x_wconf 81' lang='lat' dir='ltr'><strong>quaedam</strong></span> <span class='ocrx_word' id='word_1_484' title='bbox 795 3846 1086 3900; x_wconf 82' lang='lat' dir='ltr'><strong>secundum</strong></span> <span class='ocrx_word' id='word_1_485' title='bbox 1115 3856 1317 3915; x_wconf 88' lang='lat' dir='ltr'><strong>artem,</strong></span> <span class='ocrx_word' id='word_1_486' title='bbox 1349 3846 1590 3915; x_wconf 82' lang='lat' dir='ltr'><strong>quaedam</strong></span> <span class='ocrx_word' id='word_1_487' title='bbox 1618 3845 1767 3914; x_wconf 78' lang='lat' dir='ltr'><strong>juxta</strong></span> <span class='ocrx_word' id='word_1_488' title='bbox 1799 3855 1918 3915; x_wconf 82' lang='lat' dir='ltr'><strong>ety-</strong></span> <span class='ocrx_word' id='word_1_489' title='bbox 2003 3842 2006 3846; x_wconf 79' lang='grc'><strong>’</strong></span> 
     </span>
    </p>
   </div>
   <div class='ocr_carea' id='block_1_69' title="bbox 332 3935 1920 4003">
    <p class='ocr_par' dir='ltr' id='par_1_69' title="bbox 332 3935 1920 4003">
     <span class='ocr_line' id='line_1_72' title="bbox 332 3935 1920 4003; baseline 0.001 -15"><span class='ocrx_word' id='word_1_490' title='bbox 332 3935 615 4002; x_wconf 85' lang='lat' dir='ltr'><strong>mologiam</strong></span> <span class='ocrx_word' id='word_1_491' title='bbox 669 3937 835 4003; x_wconf 89' lang='lat' dir='ltr'><strong>posita</strong></span> <span class='ocrx_word' id='word_1_492' title='bbox 887 3950 992 3989; x_wconf 91' lang='lat' dir='ltr'><strong>non</strong></span> <span class='ocrx_word' id='word_1_493' title='bbox 1039 3936 1472 3992; x_wconf 88' lang='lat' dir='ltr'><strong>inconvenienter</strong></span> <span class='ocrx_word' id='word_1_494' title='bbox 1510 3936 1825 4001; x_wconf 82' lang='lat' dir='ltr'><strong>invenietis,</strong></span> <span class='ocrx_word' id='word_1_495' title='bbox 1865 3943 1920 3990; x_wconf 91' lang='lat' dir='ltr'><strong>et</strong></span> 
     </span>
    </p>
   </div>
   <div class='ocr_carea' id='block_1_70' title="bbox 333 4025 1918 4095">
    <p class='ocr_par' dir='ltr' id='par_1_70' title="bbox 333 4025 1918 4095">
     <span class='ocr_line' id='line_1_73' title="bbox 333 4025 1918 4095; baseline 0.001 -17"><span class='ocrx_word' id='word_1_496' title='bbox 333 4025 602 4094; x_wconf 69' lang='lat' dir='ltr'><strong>prazcipue</strong></span> <span class='ocrx_word' id='word_1_497' title='bbox 629 4025 858 4081; x_wconf 86' lang='lat' dir='ltr'><strong>civitatis</strong></span> <span class='ocrx_word' id='word_1_498' title='bbox 891 4034 1080 4081; x_wconf 70' lang='lat' dir='ltr'><strong>vestra:</strong></span> <span class='ocrx_word' id='word_1_499' title='bbox 1119 4027 1418 4092; x_wconf 68' lang='lat' dir='ltr'><strong>Romuleae,</strong></span> <span class='ocrx_word' id='word_1_500' title='bbox 1456 4035 1758 4095; x_wconf 87' lang='lat' dir='ltr'><strong>portarum,</strong></span> <span class='ocrx_word' id='word_1_501' title='bbox 1797 4027 1918 4079; x_wconf 87' lang='lat' dir='ltr'><strong>via-</strong></span> 
     </span>
    </p>
   </div>
   <div class='ocr_carea' id='block_1_71' title="bbox 330 4117 1914 4186">
    <p class='ocr_par' dir='ltr' id='par_1_71' title="bbox 330 4117 1914 4186">
     <span class='ocr_line' id='line_1_74' title="bbox 330 4117 1914 4186; baseline 0.002 -18"><span class='ocrx_word' id='word_1_502' title='bbox 330 4131 486 4183; x_wconf 88' lang='lat' dir='ltr'><strong>rum,</strong></span> <span class='ocrx_word' id='word_1_503' title='bbox 524 4117 821 4183; x_wconf 91' lang='lat' dir='ltr'><strong>montium,</strong></span> <span class='ocrx_word' id='word_1_504' title='bbox 867 4117 1100 4172; x_wconf 89' lang='lat' dir='ltr'><strong>locorum</strong></span> <span class='ocrx_word' id='word_1_505' title='bbox 1146 4118 1482 4186; x_wconf 85' lang='lat' dir='ltr'><strong>tribuumque</strong></span> <span class='ocrx_word' id='word_1_506' title='bbox 1529 4117 1784 4171; x_wconf 89' lang='lat' dir='ltr'><strong>vocabula</strong></span> <span class='ocrx_word' id='word_1_507' title='bbox 1831 4117 1914 4171; x_wconf 78' lang='lat' dir='ltr'><strong>di~</strong></span> 
     </span>
    </p>
   </div>
   <div class='ocr_carea' id='block_1_72' title="bbox 329 4211 1917 4281">
    <p class='ocr_par' dir='ltr' id='par_1_72' title="bbox 329 4211 1917 4281">
     <span class='ocr_line' id='line_1_75' title="bbox 329 4211 1917 4281; baseline -0.001 -15"><span class='ocrx_word' id='word_1_508' title='bbox 329 4222 471 4267; x_wconf 84' lang='lat' dir='ltr'><strong>serta</strong></span> <span class='ocrx_word' id='word_1_509' title='bbox 505 4211 780 4280; x_wconf 89' lang='lat' dir='ltr'><strong>reperietis</strong></span> <span class='ocrx_word' id='word_1_510' title='bbox 817 4229 828 4262; x_wconf 90' lang='lat'>:</span> <span class='ocrx_word' id='word_1_511' title='bbox 869 4211 1000 4264; x_wconf 90' lang='lat' dir='ltr'><strong>ritus</strong></span> <span class='ocrx_word' id='word_1_512' title='bbox 1032 4219 1285 4279; x_wconf 86' lang='lat' dir='ltr'><strong>praeterea</strong></span> <span class='ocrx_word' id='word_1_513' title='bbox 1313 4211 1588 4281; x_wconf 82' lang='lat' dir='ltr'><strong>gentilium</strong></span> <span class='ocrx_word' id='word_1_514' title='bbox 1616 4221 1670 4266; x_wconf 91' lang='lat' dir='ltr'><strong>et</strong></span> <span class='ocrx_word' id='word_1_515' title='bbox 1691 4225 1917 4265; x_wconf 77' lang='lat' dir='ltr'><strong>consue~</strong></span> 
     </span>
    </p>
   </div>
   <div class='ocr_carea' id='block_1_73' title="bbox 329 4303 1918 4373">
    <p class='ocr_par' dir='ltr' id='par_1_73' title="bbox 329 4303 1918 4373">
     <span class='ocr_line' id='line_1_76' title="bbox 329 4303 1918 4373; baseline -0.001 -14"><span class='ocrx_word' id='word_1_516' title='bbox 329 4307 541 4360; x_wconf 65' lang='lat' dir='ltr'><strong>tudines</strong></span> <span class='ocrx_word' id='word_1_517' title='bbox 570 4303 769 4358; x_wconf 89' lang='lat' dir='ltr'><strong>varias.</strong></span> <span class='ocrx_word' id='word_1_518' title='bbox 815 4303 1085 4358; x_wconf 89' lang='lat' dir='ltr'><strong>Dietiones</strong></span> <span class='ocrx_word' id='word_1_519' title='bbox 1123 4319 1334 4373; x_wconf 89' lang='lat' dir='ltr'><strong>quoque</strong></span> <span class='ocrx_word' id='word_1_520' title='bbox 1367 4307 1536 4373; x_wconf 81' lang='lat' dir='ltr'><strong>poetis</strong></span> <span class='ocrx_word' id='word_1_521' title='bbox 1573 4315 1626 4359; x_wconf 92' lang='lat' dir='ltr'><strong>et</strong></span> <span class='ocrx_word' id='word_1_522' title='bbox 1667 4303 1918 4357; x_wconf 89' lang='lat' dir='ltr'><strong>historio-</strong></span> 
     </span>
    </p>
   </div>
   <div class='ocr_carea' id='block_1_74' title="bbox 325 4393 1916 4465">
    <p class='ocr_par' dir='ltr' id='par_1_74' title="bbox 325 4393 1916 4465">
     <span class='ocr_line' id='line_1_77' title="bbox 325 4393 1916 4465; baseline -0.002 -15"><span class='ocrx_word' id='word_1_523' title='bbox 325 4397 541 4465; x_wconf 84' lang='lat' dir='ltr'><strong>grapltis</strong></span> <span class='ocrx_word' id='word_1_524' title='bbox 563 4394 880 4461; x_wconf 89' lang='lat' dir='ltr'><strong>familiares,</strong></span> <span class='ocrx_word' id='word_1_525' title='bbox 915 4409 1046 4464; x_wconf 90' lang='lat' dir='ltr'><strong>quas</strong></span> <span class='ocrx_word' id='word_1_526' title='bbox 1073 4394 1123 4447; x_wconf 92' lang='lat' dir='ltr'><strong>in</strong></span> <span class='ocrx_word' id='word_1_527' title='bbox 1155 4396 1266 4447; x_wconf 90' lang='lat' dir='ltr'><strong>suis</strong></span> <span class='ocrx_word' id='word_1_528' title='bbox 1288 4393 1560 4462; x_wconf 88' lang='lat' dir='ltr'><strong>opusculis</strong></span> <span class='ocrx_word' id='word_1_529' title='bbox 1587 4393 1916 4463; x_wconf 80' lang='lat' dir='ltr'><strong>frequentius</strong></span> 
     </span>
    </p>
   </div>
   <div class='ocr_carea' id='block_1_75' title="bbox 2025 3295 3618 3364">
    <p class='ocr_par' dir='ltr' id='par_1_75' title="bbox 2025 3295 3618 3364">
     <span class='ocr_line' id='line_1_78' title="bbox 2025 3295 3618 3364; baseline 0.003 -16"><span class='ocrx_word' id='word_1_530' title='bbox 2025 3295 2194 3364; x_wconf 81' lang='lat' dir='ltr'><strong>magis</strong></span> <span class='ocrx_word' id='word_1_531' title='bbox 2219 3310 2378 3363; x_wconf 89' lang='lat' dir='ltr'><strong>quam</strong></span> <span class='ocrx_word' id='word_1_532' title='bbox 2412 3297 2549 3350; x_wconf 89' lang='lat' dir='ltr'><strong>scire</strong></span> <span class='ocrx_word' id='word_1_533' title='bbox 2572 3302 2850 3362; x_wconf 85' lang='lat' dir='ltr'><strong>convenit,</strong></span> <span class='ocrx_word' id='word_1_534' title='bbox 2881 3297 3233 3364; x_wconf 77' lang='lat' dir='ltr'><strong>publicentur.</strong></span> <span class='ocrx_word' id='word_1_535' title='bbox 3263 3298 3423 3364; x_wconf 86' lang='lat' dir='ltr'><strong>Vale,</strong></span> <span class='ocrx_word' id='word_1_536' title='bbox 3451 3299 3618 3352; x_wconf 85' lang='lat' dir='ltr'><strong>frater</strong></span> 
     </span>
    </p>
   </div>
   <div class='ocr_carea' id='block_1_76' title="bbox 2022 3387 3613 3456">
    <p class='ocr_par' dir='ltr' id='par_1_76' title="bbox 2022 3387 3613 3456">
     <span class='ocr_line' id='line_1_79' title="bbox 2022 3387 3613 3456; baseline 0.001 -16"><span class='ocrx_word' id='word_1_537' title='bbox 2022 3387 2292 3451; x_wconf 74' lang='lat' dir='ltr'><strong>amabilis,</strong></span> <span class='ocrx_word' id='word_1_538' title='bbox 2327 3403 2540 3451; x_wconf 76' lang='lat' dir='ltr'><strong>seraper</strong></span> <span class='ocrx_word' id='word_1_539' title='bbox 2580 3389 2628 3440; x_wconf 91' lang='lat' dir='ltr'><strong>in</strong></span> <span class='ocrx_word' id='word_1_540' title='bbox 2665 3387 2815 3442; x_wconf 90' lang='lat' dir='ltr'><strong>bonis</strong></span> <span class='ocrx_word' id='word_1_541' title='bbox 2840 3389 3072 3456; x_wconf 83' lang='lat' dir='ltr'><strong>gliscens</strong></span> <span class='ocrx_word' id='word_1_542' title='bbox 3103 3407 3114 3441; x_wconf 89' lang='lat'>:</span> <span class='ocrx_word' id='word_1_543' title='bbox 3149 3397 3202 3442; x_wconf 92' lang='lat' dir='ltr'><strong>et</strong></span> <span class='ocrx_word' id='word_1_544' title='bbox 3231 3403 3349 3443; x_wconf 90' lang='lat' dir='ltr'><strong>cum</strong></span> <span class='ocrx_word' id='word_1_545' title='bbox 3383 3397 3613 3443; x_wconf 89' lang='lat' dir='ltr'><strong>mentem</strong></span> 
     </span>
    </p>
   </div>
   <div class='ocr_carea' id='block_1_77' title="bbox 2021 3480 3147 3547">
    <p class='ocr_par' dir='ltr' id='par_1_77' title="bbox 2021 3480 3147 3547">
     <span class='ocr_line' id='line_1_80' title="bbox 2021 3480 3147 3547; baseline 0.001 -13"><span class='ocrx_word' id='word_1_546' title='bbox 2021 3482 2084 3534; x_wconf 85' lang='lat' dir='ltr'><strong>ad</strong></span> <span class='ocrx_word' id='word_1_547' title='bbox 2113 3495 2339 3547; x_wconf 90' lang='lat' dir='ltr'><strong>superna</strong></span> <span class='ocrx_word' id='word_1_548' title='bbox 2375 3480 2692 3545; x_wconf 74' lang='lat' dir='ltr'><strong>teteudet-is,</strong></span> <span class='ocrx_word' id='word_1_549' title='bbox 2725 3489 2994 3534; x_wconf 88' lang='lat' dir='ltr'><strong>memento</strong></span> <span class='ocrx_word' id='word_1_550' title='bbox 3021 3481 3147 3535; x_wconf 90' lang='lat' dir='ltr'><strong>mei.</strong></span> 
     </span>
    </p>
   </div>
   <div class='ocr_carea' id='block_1_78' title="bbox 2097 3570 3464 3639">
    <p class='ocr_par' dir='ltr' id='par_1_78' title="bbox 2097 3570 3464 3639">
     <span class='ocr_line' id='line_1_81' title="bbox 2097 3570 3464 3639; baseline -0.001 -13"><span class='ocrx_word' id='word_1_551' title='bbox 2097 3571 2231 3626; x_wconf 85' lang='lat' dir='ltr'><strong>Ante</strong></span> <span class='ocrx_word' id='word_1_552' title='bbox 2258 3586 2382 3623; x_wconf 86' lang='lat' dir='ltr'><strong>suos</strong></span> <span class='ocrx_word' id='word_1_553' title='bbox 2417 3571 2614 3623; x_wconf 85' lang='lat' dir='ltr'><strong>refluus</strong></span> <span class='ocrx_word' id='word_1_554' title='bbox 2649 3570 2864 3623; x_wconf 77' lang='lat' dir='ltr'><strong>llltenus</strong></span> <span class='ocrx_word' id='word_1_555' title='bbox 2895 3571 3170 3639; x_wconf 85' lang='lat' dir='ltr'><strong>repedabit</strong></span> <span class='ocrx_word' id='word_1_556' title='bbox 3196 3571 3260 3622; x_wconf 88' lang='lat' dir='ltr'><strong>ad</strong></span> <span class='ocrx_word' id='word_1_557' title='bbox 3290 3580 3464 3636; x_wconf 85' lang='lat' dir='ltr'><strong>ortus,</strong></span> 
     </span>
    </p>
   </div>
   <div class='ocr_carea' id='block_1_79' title="bbox 2169 3660 3350 3726">
    <p class='ocr_par' dir='ltr' id='par_1_79' title="bbox 2169 3660 3350 3726">
     <span class='ocr_line' id='line_1_82' title="bbox 2169 3660 3350 3726; baseline -0.001 -13"><span class='ocrx_word' id='word_1_558' title='bbox 2169 3662 2305 3713; x_wconf 87' lang='lat' dir='ltr'><strong>Ante</strong></span> <span class='ocrx_word' id='word_1_559' title='bbox 2325 3669 2480 3726; x_wconf 61' lang='lat' dir='ltr'><strong>petet</strong></span> <span class='ocrx_word' id='word_1_560' title='bbox 2509 3662 2705 3713; x_wconf 89' lang='lat' dir='ltr'><strong>fontem</strong></span> <span class='ocrx_word' id='word_1_561' title='bbox 2737 3660 2878 3712; x_wconf 88' lang='lat' dir='ltr'><strong>clara</strong></span> <span class='ocrx_word' id='word_1_562' title='bbox 2912 3661 3128 3714; x_wconf 83' lang='lat' dir='ltr'><strong>Mosella</strong></span> <span class='ocrx_word' id='word_1_563' title='bbox 3159 3675 3313 3713; x_wconf 89' lang='lat' dir='ltr'><strong>suum</strong></span> <span class='ocrx_word' id='word_1_564' title='bbox 3336 3703 3350 3726; x_wconf 90' lang='lat'><strong>,</strong></span> 
     </span>
    </p>
   </div>
   <div class='ocr_carea' id='block_1_80' title="bbox 2091 3749 3610 3818">
    <p class='ocr_par' dir='ltr' id='par_1_80' title="bbox 2091 3749 3610 3818">
     <span class='ocr_line' id='line_1_83' title="bbox 2091 3749 3610 3818; baseline 0.001 -16"><span class='ocrx_word' id='word_1_565' title='bbox 2091 3749 2254 3816; x_wconf 85' lang='lat' dir='ltr'><strong>Quam</strong></span> <span class='ocrx_word' id='word_1_566' title='bbox 2289 3757 2410 3801; x_wconf 88' lang='lat' dir='ltr'><strong>tuus</strong></span> <span class='ocrx_word' id='word_1_567' title='bbox 2437 3765 2466 3800; x_wconf 88' lang='lat' dir='ltr'><strong>e</strong></span> <span class='ocrx_word' id='word_1_568' title='bbox 2495 3757 2677 3801; x_wconf 90' lang='lat' dir='ltr'><strong>nostro</strong></span> <span class='ocrx_word' id='word_1_569' title='bbox 2703 3749 2919 3802; x_wconf 87' lang='lat' dir='ltr'><strong>charum</strong></span> <span class='ocrx_word' id='word_1_570' title='bbox 2945 3765 3006 3803; x_wconf 89' lang='lat' dir='ltr'><strong>ac</strong></span> <span class='ocrx_word' id='word_1_571' title='bbox 3032 3750 3376 3803; x_wconf 81' lang='lat' dir='ltr'><strong>memorabile</strong></span> <span class='ocrx_word' id='word_1_572' title='bbox 3395 3763 3610 3818; x_wconf 90' lang='lat' dir='ltr'><strong>semper</strong></span> 
     </span>
    </p>
   </div>
   <div class='ocr_carea' id='block_1_81' title="bbox 2165 3839 3438 3909">
    <p class='ocr_par' dir='ltr' id='par_1_81' title="bbox 2165 3839 3438 3909">
     <span class='ocr_line' id='line_1_84' title="bbox 2165 3839 3438 3909; baseline 0.002 -16"><span class='ocrx_word' id='word_1_573' title='bbox 2165 3839 2328 3894; x_wconf 90' lang='lat' dir='ltr'><strong>Dulce</strong></span> <span class='ocrx_word' id='word_1_574' title='bbox 2359 3839 2589 3892; x_wconf 87' lang='lat' dir='ltr'><strong>Adalard</strong></span> <span class='ocrx_word' id='word_1_575' title='bbox 2621 3855 2810 3894; x_wconf 87' lang='lat' dir='ltr'><strong>nomen</strong></span> <span class='ocrx_word' id='word_1_576' title='bbox 2843 3848 3058 3909; x_wconf 90' lang='lat' dir='ltr'><strong>pectore</strong></span> <span class='ocrx_word' id='word_1_577' title='bbox 3089 3841 3242 3894; x_wconf 89' lang='lat' dir='ltr'><strong>cedat</strong></span> <span class='ocrx_word' id='word_1_578' title='bbox 3267 3854 3438 3895; x_wconf 91' lang='lat' dir='ltr'><strong>amor.</strong></span> 
     </span>
    </p>
   </div>
   <div class='ocr_carea' id='block_1_82' title="bbox 2093 3930 3457 4001">
    <p class='ocr_par' dir='ltr' id='par_1_82' title="bbox 2093 3930 3457 4001">
     <span class='ocr_line' id='line_1_85' title="bbox 2093 3930 3457 4001; baseline 0.002 -15"><span class='ocrx_word' id='word_1_579' title='bbox 2093 3933 2170 3986; x_wconf 85' lang='lat' dir='ltr'><strong>Tu</strong></span> <span class='ocrx_word' id='word_1_580' title='bbox 2199 3947 2432 4001; x_wconf 90' lang='lat' dir='ltr'><strong>quoque,</strong></span> <span class='ocrx_word' id='word_1_581' title='bbox 2458 3930 2501 3984; x_wconf 92' lang='lat' dir='ltr'><strong>si</strong></span> <span class='ocrx_word' id='word_1_582' title='bbox 2531 3931 2653 3986; x_wconf 77' lang='lat' dir='ltr'><strong>felix</strong></span> <span class='ocrx_word' id='word_1_583' title='bbox 2688 3933 2865 4001; x_wconf 84' lang='lat' dir='ltr'><strong>vigeas</strong></span> <span class='ocrx_word' id='word_1_584' title='bbox 2892 3933 2960 3987; x_wconf 90' lang='lat' dir='ltr'><strong>de</strong></span> <span class='ocrx_word' id='word_1_585' title='bbox 2989 3949 3210 3988; x_wconf 90' lang='lat' dir='ltr'><strong>munere</strong></span> <span class='ocrx_word' id='word_1_586' title='bbox 3234 3935 3457 4000; x_wconf 88' lang='lat' dir='ltr'><strong>Christi,</strong></span> 
     </span>
    </p>
   </div>
   <div class='ocr_carea' id='block_1_83' title="bbox 2165 4020 3354 4090">
    <p class='ocr_par' dir='ltr' id='par_1_83' title="bbox 2165 4020 3354 4090">
     <span class='ocr_line' id='line_1_86' title="bbox 2165 4020 3354 4090; baseline 0.003 -15"><span class='ocrx_word' id='word_1_587' title='bbox 2165 4020 2292 4078; x_wconf 89' lang='lat' dir='ltr'><strong>Esto</strong></span> <span class='ocrx_word' id='word_1_588' title='bbox 2320 4033 2528 4076; x_wconf 89' lang='lat' dir='ltr'><strong>memor</strong></span> <span class='ocrx_word' id='word_1_589' title='bbox 2559 4021 2705 4075; x_wconf 82' lang='lat' dir='ltr'><strong>Pauli</strong></span> <span class='ocrx_word' id='word_1_590' title='bbox 2737 4033 2944 4090; x_wconf 86' lang='lat' dir='ltr'><strong>tempus</strong></span> <span class='ocrx_word' id='word_1_591' title='bbox 2977 4022 3028 4076; x_wconf 91' lang='lat' dir='ltr'><strong>in</strong></span> <span class='ocrx_word' id='word_1_592' title='bbox 3060 4037 3218 4079; x_wconf 87' lang='lat' dir='ltr'><strong>omne</strong></span> <span class='ocrx_word' id='word_1_593' title='bbox 3257 4023 3354 4079; x_wconf 91' lang='lat' dir='ltr'><strong>tui.</strong></span> 
     </span>
    </p>
   </div>
   <div class='ocr_carea' id='block_1_84' title="bbox 2582 4111 3042 4168">
    <p class='ocr_par' dir='ltr' id='par_1_84' title="bbox 2582 4111 3042 4168">
     <span class='ocr_line' id='line_1_87' title="bbox 2582 4111 3042 4168; baseline 0.007 -4"><span class='ocrx_word' id='word_1_594' title='bbox 2582 4111 2914 4168; x_wconf 77' lang='lat' dir='ltr'><strong>EPISTULA</strong></span> <span class='ocrx_word' id='word_1_595' title='bbox 2955 4113 3042 4167; x_wconf 64' lang='lat' dir='ltr'><strong>IV.</strong></span> 
     </span>
    </p>
   </div>
   <div class='ocr_carea' id='block_1_85' title="bbox 2412 4221 3221 4260">
    <p class='ocr_par' dir='ltr' id='par_1_85' title="bbox 2412 4221 3221 4260">
     <span class='ocr_line' id='line_1_88' title="bbox 2412 4221 3221 4260; baseline -0.005 0"><span class='ocrx_word' id='word_1_596' title='bbox 2412 4223 2480 4260; x_wconf 71' lang='lat' dir='ltr'><strong>AD</strong></span> <span class='ocrx_word' id='word_1_597' title='bbox 2518 4221 2915 4260; x_wconf 63' lang='lat' dir='ltr'><strong>TIIEUDESIARUM</strong></span> <span class='ocrx_word' id='word_1_598' title='bbox 2959 4221 3221 4260; x_wconf 72' lang='grc' dir='ltr'><strong>ΛΒΒΛΤΕΙΙ.</strong></span> 
     </span>
    </p>
   </div>
   <div class='ocr_carea' id='block_1_86' title="bbox 2090 4296 3603 4364">
    <p class='ocr_par' dir='ltr' id='par_1_86' title="bbox 2090 4296 3603 4364">
     <span class='ocr_line' id='line_1_89' title="bbox 2090 4296 3603 4364; baseline 0 -14"><span class='ocrx_word' id='word_1_599' title='bbox 2090 4296 2430 4350; x_wconf 83' lang='lat' dir='ltr'><strong>Atuahillimo</strong></span> <span class='ocrx_word' id='word_1_600' title='bbox 2459 4307 2510 4351; x_wconf 93' lang='lat' dir='ltr'><strong>et</strong></span> <span class='ocrx_word' id='word_1_601' title='bbox 2539 4297 2661 4350; x_wconf 87' lang='lat' dir='ltr'><strong>totis</strong></span> <span class='ocrx_word' id='word_1_602' title='bbox 2689 4296 2815 4349; x_wconf 87' lang='lat' dir='ltr'><strong>mihi</strong></span> <span class='ocrx_word' id='word_1_603' title='bbox 2849 4297 3155 4364; x_wconf 70' lang='lat' dir='ltr'><strong>praecordiis</strong></span> <span class='ocrx_word' id='word_1_604' title='bbox 3184 4297 3378 4351; x_wconf 89' lang='lat' dir='ltr'><strong>dilecto</strong></span> <span class='ocrx_word' id='word_1_605' title='bbox 3403 4297 3603 4351; x_wconf 90' lang='lat' dir='ltr'><strong>domno</strong></span> 
     </span>
    </p>
   </div>
   <div class='ocr_carea' id='block_1_87' title="bbox 2021 4386 3599 4457">
    <p class='ocr_par' dir='ltr' id='par_1_87' title="bbox 2021 4386 3599 4457">
     <span class='ocr_line' id='line_1_90' title="bbox 2021 4386 3599 4457; baseline 0.002 -17"><span class='ocrx_word' id='word_1_606' title='bbox 2021 4402 2139 4441; x_wconf 91' lang='lat' dir='ltr'><strong>meo</strong></span> <span class='ocrx_word' id='word_1_607' title='bbox 2169 4387 2309 4441; x_wconf 88' lang='lat' dir='ltr'><strong>Patri</strong></span> <span class='ocrx_word' id='word_1_608' title='bbox 2343 4387 2520 4442; x_wconf 86' lang='lat' dir='ltr'><strong>abbati</strong></span> <span class='ocrx_word' id='word_1_609' title='bbox 2549 4386 2925 4452; x_wconf 82' lang='lat' dir='ltr'><strong>Thendemari,</strong></span> <span class='ocrx_word' id='word_1_610' title='bbox 2960 4386 3174 4455; x_wconf 91' lang='lat' dir='ltr'><strong>Paulus,</strong></span> <span class='ocrx_word' id='word_1_611' title='bbox 3209 4387 3430 4457; x_wconf 88' lang='lat' dir='ltr'><strong>pusillus</strong></span> <span class='ocrx_word' id='word_1_612' title='bbox 3461 4387 3599 4443; x_wconf 84' lang='lat' dir='ltr'><strong>filius</strong></span> 
     </span>
    </p>
   </div>
   <div class='ocr_carea' id='block_1_88' title="bbox 328 4480 2255 4583">
    <p class='ocr_par' dir='ltr' id='par_1_88' title="bbox 328 4480 2255 4583">
     <span class='ocr_line' id='line_1_91' title="bbox 328 4480 2255 4583; baseline -0.002 -47"><span class='ocrx_word' id='word_1_613' title='bbox 328 4502 573 4554; x_wconf 89' lang='lat' dir='ltr'><strong>posuere.</strong></span> <span class='ocrx_word' id='word_1_614' title='bbox 614 4486 764 4553; x_wconf 83' lang='lat' dir='ltr'><strong>Quod</strong></span> <span class='ocrx_word' id='word_1_615' title='bbox 805 4485 1110 4554; x_wconf 77' lang='lat' dir='ltr'><strong>exiguitatis</strong></span> <span class='ocrx_word' id='word_1_616' title='bbox 1146 4499 1279 4538; x_wconf 71' lang='lat' dir='ltr'><strong>mete</strong></span> <span class='ocrx_word' id='word_1_617' title='bbox 1320 4484 1720 4549; x_wconf 84' lang='lat' dir='ltr'><strong>munusculum,</strong></span> <span class='ocrx_word' id='word_1_618' title='bbox 1750 4486 1793 4537; x_wconf 91' lang='lat' dir='ltr'><strong>si</strong></span> <span class='ocrx_word' id='word_1_619' title='bbox 1821 4498 1912 4538; x_wconf 75' lang='lat' dir='ltr'><strong>sa-</strong></span> <span class='ocrx_word' id='word_1_620' title='bbox 1939 4524 1991 4583; x_wconf 75' lang='lat' dir='ltr'><strong><em>D</em></strong></span> <span class='ocrx_word' id='word_1_621' title='bbox 2017 4480 2255 4546; x_wconf 83' lang='lat' dir='ltr'><strong>supplex.</strong></span> 
     </span>
    </p>
   </div>
   <div class='ocr_carea' id='block_1_89' title="bbox 325 4576 1909 4645">
    <p class='ocr_par' dir='ltr' id='par_1_89' title="bbox 325 4576 1909 4645">
     <span class='ocr_line' id='line_1_92' title="bbox 325 4576 1909 4645; baseline 0.001 -18"><span class='ocrx_word' id='word_1_622' title='bbox 325 4591 426 4645; x_wconf 81' lang='lat' dir='ltr'><strong>gax</strong></span> <span class='ocrx_word' id='word_1_623' title='bbox 468 4585 521 4629; x_wconf 92' lang='lat' dir='ltr'><strong>et</strong></span> <span class='ocrx_word' id='word_1_624' title='bbox 557 4576 964 4632; x_wconf 90' lang='lat' dir='ltr'><strong>subtilissimum</strong></span> <span class='ocrx_word' id='word_1_625' title='bbox 1007 4584 1239 4630; x_wconf 87' lang='lat' dir='ltr'><strong>vestrum</strong></span> <span class='ocrx_word' id='word_1_626' title='bbox 1281 4576 1546 4642; x_wconf 85' lang='lat' dir='ltr'><strong>ingenium</strong></span> <span class='ocrx_word' id='word_1_627' title='bbox 1578 4590 1682 4628; x_wconf 89' lang='lat' dir='ltr'><strong>non</strong></span> <span class='ocrx_word' id='word_1_628' title='bbox 1713 4590 1909 4642; x_wconf 86' lang='lat' dir='ltr'><strong>usque-</strong></span> 
     </span>
    </p>
   </div>
   <div class='ocr_carea' id='block_1_90' title="bbox 327 4667 1909 4736">
    <p class='ocr_par' dir='ltr' id='par_1_90' title="bbox 327 4667 1909 4736">
     <span class='ocr_line' id='line_1_93' title="bbox 327 4667 1909 4736; baseline 0.003 -19"><span class='ocrx_word' id='word_1_629' title='bbox 327 4680 534 4734; x_wconf 90' lang='lat' dir='ltr'><strong>quaque</strong></span> <span class='ocrx_word' id='word_1_630' title='bbox 574 4668 867 4736; x_wconf 89' lang='lat' dir='ltr'><strong>repulerit,</strong></span> <span class='ocrx_word' id='word_1_631' title='bbox 909 4669 1218 4723; x_wconf 86' lang='lat' dir='ltr'><strong>tenuitatem</strong></span> <span class='ocrx_word' id='word_1_632' title='bbox 1257 4681 1428 4724; x_wconf 90' lang='lat' dir='ltr'><strong>meam</strong></span> <span class='ocrx_word' id='word_1_633' title='bbox 1460 4667 1569 4725; x_wconf 88' lang='lat' dir='ltr'><strong>vita</strong></span> <span class='ocrx_word' id='word_1_634' title='bbox 1608 4668 1803 4722; x_wconf 78' lang='lat' dir='ltr'><strong>cernite</strong></span> <span class='ocrx_word' id='word_1_635' title='bbox 1843 4667 1909 4721; x_wconf 89' lang='lat' dir='ltr'><strong>ad</strong></span> 
     </span>
    </p>
   </div>
   <div class='ocr_carea' id='block_1_91' title="bbox 328 4755 834 4824">
    <p class='ocr_par' dir='ltr' id='par_1_91' title="bbox 328 4755 834 4824">
     <span class='ocr_line' id='line_1_94' title="bbox 328 4755 834 4824; baseline 0.004 -16"><span class='ocrx_word' id='word_1_636' title='bbox 328 4755 532 4824; x_wconf 90' lang='lat' dir='ltr'><strong>potiora</strong></span> <span class='ocrx_word' id='word_1_637' title='bbox 557 4756 834 4812; x_wconf 79' lang='lat' dir='ltr'><strong>excitabit.</strong></span> 
     </span>
    </p>
   </div>
   <div class='ocr_carea' id='block_1_92' title="bbox 325 4909 1902 4979">
    <p class='ocr_par' dir='ltr' id='par_1_92' title="bbox 325 4909 1902 4979">
     <span class='ocr_line' id='line_1_95' title="bbox 325 4909 1902 4979; baseline 0.003 -16"><span class='ocrx_word' id='word_1_638' title='bbox 325 4909 662 4979; x_wconf 83' lang='lat' dir='ltr'><strong>suntLatini,</strong></span> <span class='ocrx_word' id='word_1_639' title='bbox 691 4909 1034 4979; x_wconf 81' lang='lat' dir='ltr'><strong>ctsignanter</strong></span> <span class='ocrx_word' id='word_1_640' title='bbox 1057 4913 1111 4967; x_wconf 89' lang='lat' dir='ltr'><strong>in</strong></span> <span class='ocrx_word' id='word_1_641' title='bbox 1143 4913 1352 4968; x_wconf 90' lang='lat' dir='ltr'><strong>nomine</strong></span> <span class='ocrx_word' id='word_1_642' title='bbox 1385 4913 1670 4968; x_wconf 73' lang='lat' dir='ltr'><strong>Berenices.</strong></span> <span class='ocrx_word' id='word_1_643' title='bbox 1728 4913 1800 4966; x_wconf 86' lang='lat' dir='ltr'><strong>lta</strong></span> <span class='ocrx_word' id='word_1_644' title='bbox 1853 4916 1902 4969; x_wconf 94' lang='lat' dir='ltr'><strong>in</strong></span> 
     </span>
    </p>
   </div>
   <div class='ocr_carea' id='block_1_93' title="bbox 325 4978 1895 5050">
    <p class='ocr_par' dir='ltr' id='par_1_93' title="bbox 325 4978 1895 5050">
     <span class='ocr_line' id='line_1_96' title="bbox 325 4978 1895 5050; baseline 0.003 -16"><span class='ocrx_word' id='word_1_645' title='bbox 325 4982 568 5050; x_wconf 62' lang='lat' dir='ltr'><strong>praesenti</strong></span> <span class='ocrx_word' id='word_1_646' title='bbox 599 4978 754 5034; x_wconf 76' lang='lat' dir='ltr'><strong>Joreb</strong></span> <span class='ocrx_word' id='word_1_647' title='bbox 785 4978 878 5046; x_wconf 88' lang='lat' dir='ltr'><strong>pro</strong></span> <span class='ocrx_word' id='word_1_648' title='bbox 904 4980 1123 5050; x_wconf 82' lang='lat' dir='ltr'><strong>Joseph.</strong></span> <span class='ocrx_word' id='word_1_649' title='bbox 1152 5014 1220 5023; x_wconf 91' lang='lat'><strong>—-</strong></span> <span class='ocrx_word' id='word_1_650' title='bbox 1249 4987 1377 5050; x_wconf 79' lang='lat' dir='ltr'><strong>Qtne</strong></span> <span class='ocrx_word' id='word_1_651' title='bbox 1411 4985 1532 5038; x_wconf 89' lang='lat' dir='ltr'><strong>hinc</strong></span> <span class='ocrx_word' id='word_1_652' title='bbox 1555 4991 1610 5037; x_wconf 91' lang='lat' dir='ltr'><strong>et</strong></span> <span class='ocrx_word' id='word_1_653' title='bbox 1641 4984 1895 5050; x_wconf 87' lang='lat' dir='ltr'><strong>deinceps</strong></span> 
     </span>
    </p>
   </div>
   <div class='ocr_carea' id='block_1_94' title="bbox 326 5049 1896 5118">
    <p class='ocr_par' dir='ltr' id='par_1_94' title="bbox 326 5049 1896 5118">
     <span class='ocr_line' id='line_1_97' title="bbox 326 5049 1896 5118; baseline 0.003 -15"><span class='ocrx_word' id='word_1_654' title='bbox 326 5049 726 5118; x_wconf 67' lang='lat' dir='ltr'><strong>praefertcodex-</strong></span> <span class='ocrx_word' id='word_1_655' title='bbox 749 5051 1090 5117; x_wconf 83' lang='lat' dir='ltr'><strong>&#39;Casinensis,</strong></span> <span class='ocrx_word' id='word_1_656' title='bbox 1118 5049 1488 5114; x_wconf 81' lang='lat' dir='ltr'><strong>desiderantur</strong></span> <span class='ocrx_word' id='word_1_657' title='bbox 1536 5055 1588 5106; x_wconf 93' lang='lat' dir='ltr'><strong>in</strong></span> <span class='ocrx_word' id='word_1_658' title='bbox 1634 5055 1812 5116; x_wconf 80' lang='lat' dir='ltr'><strong>editis,</strong></span> <span class='ocrx_word' id='word_1_659' title='bbox 1837 5049 1896 5108; x_wconf 88' lang='lat' dir='ltr'><strong>ut</strong></span> 
     </span>
    </p>
   </div>
   <div class='ocr_carea' id='block_1_95' title="bbox 325 5121 1888 5191">
    <p class='ocr_par' dir='ltr' id='par_1_95' title="bbox 325 5121 1888 5191">
     <span class='ocr_line' id='line_1_98' title="bbox 325 5121 1888 5191; baseline 0.003 -19"><span class='ocrx_word' id='word_1_660' title='bbox 325 5123 405 5173; x_wconf 88' lang='lat' dir='ltr'><strong>vel</strong></span> <span class='ocrx_word' id='word_1_661' title='bbox 438 5121 558 5191; x_wconf 76' lang='lat' dir='ltr'><strong>hinc</strong></span> <span class='ocrx_word' id='word_1_662' title='bbox 587 5130 824 5191; x_wconf 78' lang='lat' dir='ltr'><strong>nostrum</strong></span> <span class='ocrx_word' id='word_1_663' title='bbox 851 5123 1150 5188; x_wconf 81' lang='lat' dir='ltr'><strong>exemplum</strong></span> <span class='ocrx_word' id='word_1_664' title='bbox 1178 5125 1562 5187; x_wconf 72' lang='lat' dir='ltr'><strong>praeferendum</strong></span> <span class='ocrx_word' id='word_1_665' title='bbox 1603 5138 1888 5191; x_wconf 82' lang='lat' dir='ltr'><strong>agnoscas.</strong></span> 
     </span>
    </p>
   </div>
   <div class='ocr_carea' id='block_1_96' title="bbox 396 5189 1894 5260">
    <p class='ocr_par' dir='ltr' id='par_1_96' title="bbox 396 5189 1894 5260">
     <span class='ocr_line' id='line_1_99' title="bbox 396 5189 1894 5260; baseline 0.003 -18"><span class='ocrx_word' id='word_1_666' title='bbox 396 5193 421 5260; x_wconf 62' lang='grc' dir='ltr'>ξι</span> <span class='ocrx_word' id='word_1_667' title='bbox 461 5189 648 5260; x_wconf 79' lang='lat' dir='ltr'><strong>Contra</strong></span> <span class='ocrx_word' id='word_1_668' title='bbox 712 5189 916 5258; x_wconf 74' lang='lat' dir='ltr'><strong>Regula:</strong></span> <span class='ocrx_word' id='word_1_669' title='bbox 946 5192 1142 5248; x_wconf 81' lang='lat' dir='ltr'><strong>seriem.</strong></span> <span class='ocrx_word' id='word_1_670' title='bbox 1168 5193 1337 5260; x_wconf 88' lang='lat' dir='ltr'><strong>Caput</strong></span> <span class='ocrx_word' id='word_1_671' title='bbox 1387 5193 1455 5246; x_wconf 74' lang='lat'><strong>(32</strong></span> <span class='ocrx_word' id='word_1_672' title='bbox 1516 5211 1529 5246; x_wconf 93' lang='lat'><strong>:</strong></span> <span class='ocrx_word' id='word_1_673' title='bbox 1592 5211 1610 5244; x_wconf 81' lang='grc' dir='ltr'><strong>ι</strong></span> <span class='ocrx_word' id='word_1_674' title='bbox 1642 5189 1728 5247; x_wconf 64' lang='grc' dir='ltr'><strong>’Βὶ</strong></span> <span class='ocrx_word' id='word_1_675' title='bbox 1777 5194 1894 5258; x_wconf 89' lang='lat' dir='ltr'><strong>quis</strong></span> 
     </span>
    </p>
   </div>
   <div class='ocr_carea' id='block_1_97' title="bbox 325 5258 1894 5330">
    <p class='ocr_par' dir='ltr' id='par_1_97' title="bbox 325 5258 1894 5330">
     <span class='ocr_line' id='line_1_100' title="bbox 325 5258 1894 5330; baseline 0.003 -18"><span class='ocrx_word' id='word_1_676' title='bbox 325 5258 487 5330; x_wconf 88' lang='lat' dir='ltr'><strong>abbas</strong></span> <span class='ocrx_word' id='word_1_677' title='bbox 507 5259 608 5312; x_wconf 89' lang='lat' dir='ltr'><strong>sibi</strong></span> <span class='ocrx_word' id='word_1_678' title='bbox 630 5261 1019 5330; x_wconf 78' lang='lat' dir='ltr'><strong>presbyterum,</strong></span> <span class='ocrx_word' id='word_1_679' title='bbox 1045 5261 1126 5316; x_wconf 88' lang='lat' dir='ltr'><strong>vel</strong></span> <span class='ocrx_word' id='word_1_680' title='bbox 1154 5258 1430 5318; x_wconf 86' lang='lat' dir='ltr'><strong>diaconem</strong></span> <span class='ocrx_word' id='word_1_681' title='bbox 1457 5263 1694 5318; x_wconf 89' lang='lat' dir='ltr'><strong>ordinari</strong></span> <span class='ocrx_word' id='word_1_682' title='bbox 1726 5262 1894 5330; x_wconf 84' lang='lat' dir='ltr'><strong>petie—</strong></span> 
     </span>
    </p>
   </div>
   <div class='ocr_carea' id='block_1_98' title="bbox 323 5329 898 5398">
    <p class='ocr_par' dir='ltr' id='par_1_98' title="bbox 323 5329 898 5398">
     <span class='ocr_line' id='line_1_101' title="bbox 323 5329 898 5398; baseline 0.002 -16"><span class='ocrx_word' id='word_1_683' title='bbox 323 5331 414 5391; x_wconf 85' lang='lat' dir='ltr'><strong>rit,</strong></span> <span class='ocrx_word' id='word_1_684' title='bbox 440 5329 508 5398; x_wconf 84' lang='lat' dir='ltr'><strong>de</strong></span> <span class='ocrx_word' id='word_1_685' title='bbox 531 5331 640 5381; x_wconf 90' lang='lat' dir='ltr'><strong>suis</strong></span> <span class='ocrx_word' id='word_1_686' title='bbox 663 5329 838 5398; x_wconf 81' lang='lat' dir='ltr'><strong>eligat.</strong></span> <span class='ocrx_word' id='word_1_687' title='bbox 877 5349 898 5382; x_wconf 77' lang='grc' dir='ltr'><strong>ι</strong></span> 
     </span>
    </p>
   </div>
   <div class='ocr_carea' id='block_1_99' title="bbox 461 5397 1894 5470">
    <p class='ocr_par' dir='ltr' id='par_1_99' title="bbox 461 5397 1894 5470">
     <span class='ocr_line' id='line_1_102' title="bbox 461 5397 1894 5470; baseline 0.004 -20"><span class='ocrx_word' id='word_1_688' title='bbox 461 5397 882 5454; x_wconf 77' lang='lat' dir='ltr'><strong>Commendamus</strong></span> <span class='ocrx_word' id='word_1_689' title='bbox 925 5416 1014 5457; x_wconf 73' lang='lat' dir='ltr'><strong>nos</strong></span> <span class='ocrx_word' id='word_1_690' title='bbox 1049 5416 1206 5455; x_wconf 72' lang='lat' dir='ltr'><strong>sacra:</strong></span> <span class='ocrx_word' id='word_1_691' title='bbox 1249 5411 1446 5458; x_wconf 67' lang='lat' dir='ltr'><strong>vestrm.</strong></span> <span class='ocrx_word' id='word_1_692' title='bbox 1498 5401 1730 5457; x_wconf 87' lang='lat' dir='ltr'><strong>Subaudi</strong></span> <span class='ocrx_word' id='word_1_693' title='bbox 1780 5418 1894 5470; x_wconf 58' lang='lat' dir='ltr'><strong>wr-</strong></span> 
     </span>
    </p>
   </div>
   <div class='ocr_carea' id='block_1_100' title="bbox 320 5470 1890 5540">
    <p class='ocr_par' dir='ltr' id='par_1_100' title="bbox 320 5470 1890 5540">
     <span class='ocr_line' id='line_1_103' title="bbox 320 5470 1890 5540; baseline 0.002 -18"><span class='ocrx_word' id='word_1_694' title='bbox 320 5482 478 5540; x_wconf 65' lang='lat' dir='ltr'><strong>sonte,</strong></span> <span class='ocrx_word' id='word_1_695' title='bbox 502 5470 786 5540; x_wconf 66' lang='lat' dir='ltr'><strong>majestati,</strong></span> <span class='ocrx_word' id='word_1_696' title='bbox 811 5479 916 5526; x_wconf 89' lang='lat' dir='ltr'><strong>etc.</strong></span> <span class='ocrx_word' id='word_1_697' title='bbox 966 5471 1130 5524; x_wconf 85' lang='lat' dir='ltr'><strong>Sacra</strong></span> <span class='ocrx_word' id='word_1_698' title='bbox 1158 5486 1366 5540; x_wconf 91' lang='lat' dir='ltr'><strong>quoque</strong></span> <span class='ocrx_word' id='word_1_699' title='bbox 1408 5484 1620 5525; x_wconf 89' lang='lat' dir='ltr'><strong>vocatur</strong></span> <span class='ocrx_word' id='word_1_700' title='bbox 1667 5473 1890 5536; x_wconf 87' lang='lat' dir='ltr'><strong>epistola</strong></span> 
     </span>
    </p>
   </div>
   <div class='ocr_carea' id='block_1_101' title="bbox 323 5538 1888 5660">
    <p class='ocr_par' dir='ltr' id='par_1_101' title="bbox 323 5538 1888 5660">
     <span class='ocr_line' id='line_1_104' title="bbox 323 5538 1888 5660; baseline 0.003 -70"><span class='ocrx_word' id='word_1_701' title='bbox 323 5538 498 5660; x_wconf 52' lang='grc' dir='ltr'><strong>ἶιέῗίἓὸ</strong></span> <span class='ocrx_word' id='word_1_702' title='bbox 517 5539 791 5594; x_wconf 88' lang='lat' dir='ltr'><strong>Subneetit</strong></span> <span class='ocrx_word' id='word_1_703' title='bbox 819 5541 1092 5596; x_wconf 73' lang='lat' dir='ltr'><strong>llmftenus</strong></span> <span class='ocrx_word' id='word_1_704' title='bbox 1115 5538 1187 5596; x_wconf 70' lang='lat' dir='ltr'><strong>ex</strong></span> <span class='ocrx_word' id='word_1_705' title='bbox 1212 5542 1405 5596; x_wconf 89' lang='lat' dir='ltr'><strong>Codice</strong></span> <span class='ocrx_word' id='word_1_706' title='bbox 1436 5542 1748 5598; x_wconf 84' lang='lat' dir='ltr'><strong>Trevirensi</strong></span> <span class='ocrx_word' id='word_1_707' title='bbox 1776 5542 1888 5595; x_wconf 88' lang='lat' dir='ltr'><strong>dis-</strong></span> 
     </span>
     <span class='ocr_line' id='line_1_105' title="bbox 343 5624 546 5660; baseline 0 0"><span class='ocrx_word' id='word_1_708' title='bbox 343 5624 359 5660; x_wconf 84' lang='lat' dir='ltr'><strong>l</strong></span> <span class='ocrx_word' id='word_1_709' title='bbox 413 5625 426 5660; x_wconf 78' lang='grc' dir='ltr'><strong>Ι</strong></span> <span class='ocrx_word' id='word_1_710' title='bbox 529 5624 546 5660; x_wconf 75' lang='grc' dir='ltr'>ζ</span> 
     </span>
    </p>
   </div>
   <div class='ocr_carea' id='block_1_102' title="bbox 321 5609 546 5664">
    <p class='ocr_par' dir='ltr' id='par_1_102' title="bbox 321 5609 546 5664">
     <span class='ocr_line' id='line_1_106' title="bbox 321 5609 546 5664; baseline -0.004 0"><span class='ocrx_word' id='word_1_711' title='bbox 321 5609 498 5664; x_wconf 87' lang='lat' dir='ltr'><strong>tichon</strong></span> <span class='ocrx_word' id='word_1_712' title='bbox 529 5624 546 5662; x_wconf 88' lang='lat'><strong>:</strong></span> 
     </span>
    </p>
   </div>
   <div class='ocr_carea' id='block_1_103' title="bbox 395 5700 1815 5772">
    <p class='ocr_par' dir='ltr' id='par_1_103' title="bbox 395 5700 1815 5772">
     <span class='ocr_line' id='line_1_107' title="bbox 395 5700 1815 5772; baseline 0.001 -17"><span class='ocrx_word' id='word_1_713' title='bbox 395 5700 519 5772; x_wconf 82' lang='lat' dir='ltr'><strong>Vale</strong></span> <span class='ocrx_word' id='word_1_714' title='bbox 541 5701 684 5756; x_wconf 83' lang='lat' dir='ltr'><strong>salus</strong></span> <span class='ocrx_word' id='word_1_715' title='bbox 712 5701 919 5772; x_wconf 68' lang='lat' dir='ltr'><strong>patriae,</strong></span> <span class='ocrx_word' id='word_1_716' title='bbox 951 5702 1256 5768; x_wconf 88' lang='lat' dir='ltr'><strong>lumenque,</strong></span> <span class='ocrx_word' id='word_1_717' title='bbox 1287 5701 1560 5770; x_wconf 87' lang='lat' dir='ltr'><strong>decusque</strong></span> <span class='ocrx_word' id='word_1_718' title='bbox 1585 5711 1815 5770; x_wconf 84' lang='lat' dir='ltr'><strong>tuorum,</strong></span> 
     </span>
    </p>
   </div>
   <div class='ocr_carea' id='block_1_104' title="bbox 458 5771 1698 5843">
    <p class='ocr_par' dir='ltr' id='par_1_104' title="bbox 458 5771 1698 5843">
     <span class='ocr_line' id='line_1_108' title="bbox 458 5771 1698 5843; baseline 0 -17"><span class='ocrx_word' id='word_1_719' title='bbox 458 5771 683 5829; x_wconf 85' lang='lat' dir='ltr'><strong>Maxime</strong></span> <span class='ocrx_word' id='word_1_720' title='bbox 709 5783 1040 5843; x_wconf 85' lang='lat' dir='ltr'><strong>regnantum,</strong></span> <span class='ocrx_word' id='word_1_721' title='bbox 1076 5778 1254 5829; x_wconf 86' lang='lat' dir='ltr'><strong>noster</strong></span> <span class='ocrx_word' id='word_1_722' title='bbox 1283 5781 1336 5828; x_wconf 83' lang='lat' dir='ltr'><strong>et</strong></span> <span class='ocrx_word' id='word_1_723' title='bbox 1361 5774 1499 5827; x_wconf 80' lang='lat' dir='ltr'><strong>altus</strong></span> <span class='ocrx_word' id='word_1_724' title='bbox 1526 5787 1698 5827; x_wconf 90' lang='lat' dir='ltr'><strong>amor.</strong></span> 
     </span>
    </p>
   </div>
   <div class='ocr_carea' id='block_1_105' title="bbox 2091 4571 3593 4642">
    <p class='ocr_par' dir='ltr' id='par_1_105' title="bbox 2091 4571 3593 4642">
     <span class='ocr_line' id='line_1_109' title="bbox 2091 4571 3593 4642; baseline 0.005 -19"><span class='ocrx_word' id='word_1_725' title='bbox 2091 4571 2341 4638; x_wconf 84' lang='lat' dir='ltr'><strong>Quamvis</strong></span> <span class='ocrx_word' id='word_1_726' title='bbox 2385 4572 2586 4640; x_wconf 82' lang='lat' dir='ltr'><strong>prolixa</strong></span> <span class='ocrx_word' id='word_1_727' title='bbox 2619 4582 2879 4627; x_wconf 85' lang='lat' dir='ltr'><strong>terrarum</strong></span> <span class='ocrx_word' id='word_1_728' title='bbox 2925 4575 3093 4640; x_wconf 84' lang='lat' dir='ltr'><strong>spatia</strong></span> <span class='ocrx_word' id='word_1_729' title='bbox 3125 4588 3349 4642; x_wconf 88' lang='lat' dir='ltr'><strong>corpore</strong></span> <span class='ocrx_word' id='word_1_730' title='bbox 3380 4584 3534 4630; x_wconf 90' lang='lat' dir='ltr'><strong>tenus</strong></span> <span class='ocrx_word' id='word_1_731' title='bbox 3562 4590 3593 4630; x_wconf 83' lang='lat' dir='ltr'><strong>tt</strong></span> 
     </span>
    </p>
   </div>
   <div class='ocr_carea' id='block_1_106' title="bbox 2020 4667 3592 4737">
    <p class='ocr_par' dir='ltr' id='par_1_106' title="bbox 2020 4667 3592 4737">
     <span class='ocr_line' id='line_1_110' title="bbox 2020 4667 3592 4737; baseline 0.002 -19"><span class='ocrx_word' id='word_1_732' title='bbox 2020 4677 2196 4722; x_wconf 83' lang='lat' dir='ltr'><strong>\estro</strong></span> <span class='ocrx_word' id='word_1_733' title='bbox 2223 4668 2490 4726; x_wconf 87' lang='lat' dir='ltr'><strong>consortio</strong></span> <span class='ocrx_word' id='word_1_734' title='bbox 2518 4667 2772 4736; x_wconf 87' lang='lat' dir='ltr'><strong>dividant,</strong></span> <span class='ocrx_word' id='word_1_735' title='bbox 2809 4667 2974 4737; x_wconf 82' lang='lat' dir='ltr'><strong>tangit</strong></span> <span class='ocrx_word' id='word_1_736' title='bbox 3001 4684 3087 4722; x_wconf 92' lang='lat' dir='ltr'><strong>me</strong></span> <span class='ocrx_word' id='word_1_737' title='bbox 3118 4677 3290 4721; x_wconf 90' lang='lat' dir='ltr'><strong>tamen</strong></span> <span class='ocrx_word' id='word_1_738' title='bbox 3322 4677 3592 4736; x_wconf 84' lang='lat' dir='ltr'><strong>utcunque</strong></span> 
     </span>
    </p>
   </div>
   <div class='ocr_carea' id='block_1_107' title="bbox 2017 4762 3596 4832">
    <p class='ocr_par' dir='ltr' id='par_1_107' title="bbox 2017 4762 3596 4832">
     <span class='ocr_line' id='line_1_111' title="bbox 2017 4762 3596 4832; baseline 0.003 -20"><span class='ocrx_word' id='word_1_739' title='bbox 2017 4771 2192 4814; x_wconf 65' lang='lat' dir='ltr'><strong>vestro</strong></span> <span class='ocrx_word' id='word_1_740' title='bbox 2231 4762 2390 4814; x_wconf 65' lang='lat' dir='ltr'><strong>coetui</strong></span> <span class='ocrx_word' id='word_1_741' title='bbox 2435 4771 2589 4816; x_wconf 84' lang='lat' dir='ltr'><strong>tenax</strong></span> <span class='ocrx_word' id='word_1_742' title='bbox 2628 4772 2678 4815; x_wconf 90' lang='lat' dir='ltr'><strong>et</strong></span> <span class='ocrx_word' id='word_1_743' title='bbox 2718 4777 2836 4832; x_wconf 74' lang='lat' dir='ltr'><strong>qua:</strong></span> <span class='ocrx_word' id='word_1_744' title='bbox 2879 4762 3047 4816; x_wconf 90' lang='lat' dir='ltr'><strong>dividi</strong></span> <span class='ocrx_word' id='word_1_745' title='bbox 3095 4777 3361 4832; x_wconf 88' lang='lat' dir='ltr'><strong>nunquam</strong></span> <span class='ocrx_word' id='word_1_746' title='bbox 3399 4765 3596 4831; x_wconf 90' lang='lat' dir='ltr'><strong>poterit</strong></span> 
     </span>
    </p>
   </div>
   <div class='ocr_carea' id='block_1_108' title="bbox 2020 4915 3591 4982">
    <p class='ocr_par' dir='ltr' id='par_1_108' title="bbox 2020 4915 3591 4982">
     <span class='ocr_line' id='line_1_112' title="bbox 2020 4915 3591 4982; baseline 0.003 -15"><span class='ocrx_word' id='word_1_747' title='bbox 2020 4915 2178 4969; x_wconf 89' lang='lat' dir='ltr'><strong>Deest</strong></span> <span class='ocrx_word' id='word_1_748' title='bbox 2205 4915 2257 4968; x_wconf 90' lang='lat' dir='ltr'><strong>in</strong></span> <span class='ocrx_word' id='word_1_749' title='bbox 2291 4921 2492 4967; x_wconf 87' lang='lat' dir='ltr'><strong>nostro.</strong></span> <span class='ocrx_word' id='word_1_750' title='bbox 2535 4915 2650 4979; x_wconf 86' lang='lat' dir='ltr'><strong>Quo</strong></span> <span class='ocrx_word' id='word_1_751' title='bbox 2696 4926 2871 4968; x_wconf 85' lang='lat' dir='ltr'><strong>autem</strong></span> <span class='ocrx_word' id='word_1_752' title='bbox 2912 4930 3160 4969; x_wconf 89' lang='lat' dir='ltr'><strong>successu</strong></span> <span class='ocrx_word' id='word_1_753' title='bbox 3210 4915 3434 4982; x_wconf 89' lang='lat' dir='ltr'><strong>epistola</strong></span> <span class='ocrx_word' id='word_1_754' title='bbox 3475 4915 3591 4971; x_wconf 64' lang='lat' dir='ltr'><strong>haec</strong></span> 
     </span>
    </p>
   </div>
   <div class='ocr_carea' id='block_1_109' title="bbox 2010 4985 3589 5054">
    <p class='ocr_par' dir='ltr' id='par_1_109' title="bbox 2010 4985 3589 5054">
     <span class='ocr_line' id='line_1_113' title="bbox 2010 4985 3589 5054; baseline 0.002 -17"><span class='ocrx_word' id='word_1_755' title='bbox 2010 4987 2205 5052; x_wconf 88' lang='lat' dir='ltr'><strong>scripta</strong></span> <span class='ocrx_word' id='word_1_756' title='bbox 2229 4985 2414 5043; x_wconf 90' lang='lat' dir='ltr'><strong>fuerit.</strong></span> <span class='ocrx_word' id='word_1_757' title='bbox 2444 4995 2500 5038; x_wconf 90' lang='lat' dir='ltr'><strong>et</strong></span> <span class='ocrx_word' id='word_1_758' title='bbox 2526 4986 2768 5040; x_wconf 91' lang='lat' dir='ltr'><strong>monachi</strong></span> <span class='ocrx_word' id='word_1_759' title='bbox 2801 4987 2851 5040; x_wconf 91' lang='lat' dir='ltr'><strong>in</strong></span> <span class='ocrx_word' id='word_1_760' title='bbox 2881 4985 3078 5040; x_wconf 88' lang='lat' dir='ltr'><strong>Gallias</strong></span> <span class='ocrx_word' id='word_1_761' title='bbox 3128 4985 3297 5050; x_wconf 88' lang='lat' dir='ltr'><strong>missi,</strong></span> <span class='ocrx_word' id='word_1_762' title='bbox 3350 4994 3470 5054; x_wconf 89' lang='lat' dir='ltr'><strong>pete</strong></span> <span class='ocrx_word' id='word_1_763' title='bbox 3519 4986 3589 5041; x_wconf 88' lang='lat' dir='ltr'><strong>ab</strong></span> 
     </span>
    </p>
   </div>
   <div class='ocr_carea' id='block_1_110' title="bbox 2001 5055 2615 5122">
    <p class='ocr_par' dir='ltr' id='par_1_110' title="bbox 2001 5055 2615 5122">
     <span class='ocr_line' id='line_1_114' title="bbox 2001 5055 2615 5122; baseline 0.002 -14"><span class='ocrx_word' id='word_1_764' title='bbox 2001 5055 2273 5117; x_wconf 72' lang='lat' dir='ltr'><strong>Hcef&#39;teno,</strong></span> <span class='ocrx_word' id='word_1_765' title='bbox 2305 5070 2419 5122; x_wconf 82' lang='lat' dir='ltr'><strong>pag.</strong></span> <span class='ocrx_word' id='word_1_766' title='bbox 2455 5055 2615 5109; x_wconf 77' lang='grc'><strong>1090.</strong></span> 
     </span>
    </p>
   </div>
   <div class='ocr_carea' id='block_1_111' title="bbox 2072 5143 3578 5214">
    <p class='ocr_par' dir='ltr' id='par_1_111' title="bbox 2072 5143 3578 5214">
     <span class='ocr_line' id='line_1_115' title="bbox 2072 5143 3578 5214; baseline -0.001 -15"><span class='ocrx_word' id='word_1_767' title='bbox 2072 5157 2094 5184; x_wconf 76' lang='grc' dir='ltr'><strong>ο</strong></span> <span class='ocrx_word' id='word_1_768' title='bbox 2143 5147 2324 5214; x_wconf 85' lang='lat' dir='ltr'><strong>Magna</strong></span> <span class='ocrx_word' id='word_1_769' title='bbox 2376 5146 2593 5199; x_wconf 88' lang='lat' dir='ltr'><strong>Paulum</strong></span> <span class='ocrx_word' id='word_1_770' title='bbox 2640 5145 2777 5197; x_wconf 87' lang='lat' dir='ltr'><strong>inter</strong></span> <span class='ocrx_word' id='word_1_771' title='bbox 2817 5153 2872 5199; x_wconf 87' lang='lat' dir='ltr'><strong>et</strong></span> <span class='ocrx_word' id='word_1_772' title='bbox 2923 5144 3280 5199; x_wconf 83' lang='lat' dir='ltr'><strong>Adalhardum</strong></span> <span class='ocrx_word' id='word_1_773' title='bbox 3331 5143 3578 5198; x_wconf 90' lang='lat' dir='ltr'><strong>abbatem</strong></span> 
     </span>
    </p>
   </div>
   <div class='ocr_carea' id='block_1_112' title="bbox 1997 5214 3580 5277">
    <p class='ocr_par' dir='ltr' id='par_1_112' title="bbox 1997 5214 3580 5277">
     <span class='ocr_line' id='line_1_116' title="bbox 1997 5214 3580 5277; baseline 0.001 -10"><span class='ocrx_word' id='word_1_774' title='bbox 1997 5214 2379 5268; x_wconf 90' lang='lat' dir='ltr'><strong>Corbeiensem</strong></span> <span class='ocrx_word' id='word_1_775' title='bbox 2412 5215 2709 5267; x_wconf 85' lang='lat' dir='ltr'><strong>intercessit</strong></span> <span class='ocrx_word' id='word_1_776' title='bbox 2743 5214 3091 5277; x_wconf 85' lang='lat' dir='ltr'><strong>familiaritas,</strong></span> <span class='ocrx_word' id='word_1_777' title='bbox 3129 5217 3262 5268; x_wconf 88' lang='lat' dir='ltr'><strong>forte</strong></span> <span class='ocrx_word' id='word_1_778' title='bbox 3291 5218 3340 5268; x_wconf 93' lang='lat' dir='ltr'><strong>in</strong></span> <span class='ocrx_word' id='word_1_779' title='bbox 3363 5229 3580 5268; x_wconf 88' lang='lat' dir='ltr'><strong>secessu</strong></span> 
     </span>
    </p>
   </div>
   <div class='ocr_carea' id='block_1_113' title="bbox 1995 5284 3574 5351">
    <p class='ocr_par' dir='ltr' id='par_1_113' title="bbox 1995 5284 3574 5351">
     <span class='ocr_line' id='line_1_117' title="bbox 1995 5284 3574 5351; baseline 0.002 -16"><span class='ocrx_word' id='word_1_780' title='bbox 1995 5285 2276 5338; x_wconf 79' lang='lat' dir='ltr'><strong>Casineusi</strong></span> <span class='ocrx_word' id='word_1_781' title='bbox 2323 5292 2614 5337; x_wconf 85' lang='lat' dir='ltr'><strong>contracta.</strong></span> <span class='ocrx_word' id='word_1_782' title='bbox 2669 5285 2995 5351; x_wconf 82' lang='lat' dir='ltr'><strong>Argumento</strong></span> <span class='ocrx_word' id='word_1_783' title='bbox 3039 5293 3123 5340; x_wconf 90' lang='lat' dir='ltr'><strong>est</strong></span> <span class='ocrx_word' id='word_1_784' title='bbox 3171 5285 3396 5350; x_wconf 87' lang='lat' dir='ltr'><strong>epistola</strong></span> <span class='ocrx_word' id='word_1_785' title='bbox 3443 5284 3574 5348; x_wconf 83' lang='lat' dir='ltr'><strong>illa,</strong></span> 
     </span>
    </p>
   </div>
   <div class='ocr_carea' id='block_1_114' title="bbox 1995 5353 3578 5422">
    <p class='ocr_par' dir='ltr' id='par_1_114' title="bbox 1995 5353 3578 5422">
     <span class='ocr_line' id='line_1_118' title="bbox 1995 5353 3578 5422; baseline 0.002 -15"><span class='ocrx_word' id='word_1_786' title='bbox 1995 5371 2152 5417; x_wconf 85' lang='lat' dir='ltr'><strong>quam</strong></span> <span class='ocrx_word' id='word_1_787' title='bbox 2186 5353 2379 5407; x_wconf 84' lang='lat' dir='ltr'><strong>Paulus</strong></span> <span class='ocrx_word' id='word_1_788' title='bbox 2409 5353 2625 5419; x_wconf 88' lang='lat' dir='ltr'><strong>scripsit</strong></span> <span class='ocrx_word' id='word_1_789' title='bbox 2652 5353 2953 5407; x_wconf 86' lang='lat' dir='ltr'><strong>Adalhardo</strong></span> <span class='ocrx_word' id='word_1_790' title='bbox 2977 5397 2991 5418; x_wconf 91' lang='lat'><strong>,</strong></span> <span class='ocrx_word' id='word_1_791' title='bbox 3031 5355 3117 5422; x_wconf 88' lang='lat' dir='ltr'><strong>qui</strong></span> <span class='ocrx_word' id='word_1_792' title='bbox 3158 5354 3225 5408; x_wconf 90' lang='lat' dir='ltr'><strong>ab</strong></span> <span class='ocrx_word' id='word_1_793' title='bbox 3264 5356 3378 5422; x_wconf 89' lang='lat' dir='ltr'><strong>ipso</strong></span> <span class='ocrx_word' id='word_1_794' title='bbox 3403 5355 3578 5410; x_wconf 88' lang='lat' dir='ltr'><strong>sancti</strong></span> 
     </span>
    </p>
   </div>
   <div class='ocr_carea' id='block_1_115' title="bbox 1999 5423 3576 5495">
    <p class='ocr_par' dir='ltr' id='par_1_115' title="bbox 1999 5423 3576 5495">
     <span class='ocr_line' id='line_1_119' title="bbox 1999 5423 3576 5495; baseline 0.003 -21"><span class='ocrx_word' id='word_1_795' title='bbox 1999 5423 2252 5495; x_wconf 81' lang='lat' dir='ltr'><strong>Gregorii</strong></span> <span class='ocrx_word' id='word_1_796' title='bbox 2277 5423 2534 5490; x_wconf 82' lang='lat' dir='ltr'><strong>epistolas</strong></span> <span class='ocrx_word' id='word_1_797' title='bbox 2557 5423 2799 5495; x_wconf 81' lang='lat' dir='ltr'><strong>petierat.</strong></span> <span class='ocrx_word' id='word_1_798' title='bbox 2835 5424 2910 5477; x_wconf 81' lang='lat' dir='ltr'><strong>Ex</strong></span> <span class='ocrx_word' id='word_1_799' title='bbox 2951 5425 3033 5478; x_wconf 86' lang='lat' dir='ltr'><strong>his</strong></span> <span class='ocrx_word' id='word_1_800' title='bbox 3073 5433 3273 5495; x_wconf 83' lang='lat' dir='ltr'><strong>tantum</strong></span> <span class='ocrx_word' id='word_1_801' title='bbox 3314 5426 3576 5495; x_wconf 82' lang='lat' dir='ltr'><strong>quinqua-</strong></span> 
     </span>
    </p>
   </div>
   <div class='ocr_carea' id='block_1_116' title="bbox 1993 5493 3577 5563">
    <p class='ocr_par' dir='ltr' id='par_1_116' title="bbox 1993 5493 3577 5563">
     <span class='ocr_line' id='line_1_120' title="bbox 1993 5493 3577 5563; baseline 0.003 -18"><span class='ocrx_word' id='word_1_802' title='bbox 1993 5495 2141 5560; x_wconf 84' lang='lat' dir='ltr'><strong>ginta</strong></span> <span class='ocrx_word' id='word_1_803' title='bbox 2169 5494 2404 5563; x_wconf 89' lang='lat' dir='ltr'><strong>quinqne</strong></span> <span class='ocrx_word' id='word_1_804' title='bbox 2435 5493 2864 5546; x_wconf 82' lang='lat' dir='ltr'><strong>transcribendas</strong></span> <span class='ocrx_word' id='word_1_805' title='bbox 2888 5495 3094 5548; x_wconf 86' lang='lat' dir='ltr'><strong>curavit</strong></span> <span class='ocrx_word' id='word_1_806' title='bbox 3130 5493 3344 5558; x_wconf 68' lang='lat' dir='ltr'><strong>Paulus;</strong></span> <span class='ocrx_word' id='word_1_807' title='bbox 3374 5507 3577 5563; x_wconf 85' lang='lat' dir='ltr'><strong>easque</strong></span> 
     </span>
    </p>
   </div>
   <div class='ocr_carea' id='block_1_117' title="bbox 1997 5563 3572 5630">
    <p class='ocr_par' dir='ltr' id='par_1_117' title="bbox 1997 5563 3572 5630">
     <span class='ocr_line' id='line_1_121' title="bbox 1997 5563 3572 5630; baseline 0.001 -14"><span class='ocrx_word' id='word_1_808' title='bbox 1997 5566 2188 5630; x_wconf 88' lang='lat' dir='ltr'><strong>partim</strong></span> <span class='ocrx_word' id='word_1_809' title='bbox 2229 5579 2323 5617; x_wconf 90' lang='lat' dir='ltr'><strong>sua</strong></span> <span class='ocrx_word' id='word_1_810' title='bbox 2369 5579 2528 5616; x_wconf 89' lang='lat' dir='ltr'><strong>manu</strong></span> <span class='ocrx_word' id='word_1_811' title='bbox 2569 5563 2878 5617; x_wconf 88' lang='lat' dir='ltr'><strong>emendatas</strong></span> <span class='ocrx_word' id='word_1_812' title='bbox 2927 5565 3100 5618; x_wconf 86' lang='lat' dir='ltr'><strong>amico</strong></span> <span class='ocrx_word' id='word_1_813' title='bbox 3141 5565 3410 5628; x_wconf 86' lang='lat' dir='ltr'><strong>submisit,</strong></span> <span class='ocrx_word' id='word_1_814' title='bbox 3449 5578 3572 5618; x_wconf 90' lang='lat' dir='ltr'><strong>cum</strong></span> 
     </span>
    </p>
   </div>
   <div class='ocr_carea' id='block_1_118' title="bbox 1990 5633 3566 5702">
    <p class='ocr_par' dir='ltr' id='par_1_118' title="bbox 1990 5633 3566 5702">
     <span class='ocr_line' id='line_1_122' title="bbox 1990 5633 3566 5702; baseline 0.001 -15"><span class='ocrx_word' id='word_1_815' title='bbox 1990 5636 2194 5702; x_wconf 70' lang='lat' dir='ltr'><strong>pra-rio</strong></span> <span class='ocrx_word' id='word_1_816' title='bbox 2223 5633 2494 5700; x_wconf 87' lang='lat' dir='ltr'><strong>epistolio,</strong></span> <span class='ocrx_word' id='word_1_817' title='bbox 2525 5648 2629 5701; x_wconf 91' lang='lat' dir='ltr'><strong>quo</strong></span> <span class='ocrx_word' id='word_1_818' title='bbox 2669 5634 2872 5702; x_wconf 88' lang='lat' dir='ltr'><strong>nullum</strong></span> <span class='ocrx_word' id='word_1_819' title='bbox 2920 5635 3177 5688; x_wconf 88' lang='lat' dir='ltr'><strong>illustrius</strong></span> <span class='ocrx_word' id='word_1_820' title='bbox 3223 5636 3392 5690; x_wconf 92' lang='lat' dir='ltr'><strong>ntutui</strong></span> <span class='ocrx_word' id='word_1_821' title='bbox 3429 5634 3566 5690; x_wconf 89' lang='lat' dir='ltr'><strong>inter</strong></span> 
     </span>
    </p>
   </div>
   <div class='ocr_carea' id='block_1_119' title="bbox 1995 5701 3201 5774">
    <p class='ocr_par' dir='ltr' id='par_1_119' title="bbox 1995 5701 3201 5774">
     <span class='ocr_line' id='line_1_123' title="bbox 1995 5701 3201 5774; baseline 0.003 -18"><span class='ocrx_word' id='word_1_822' title='bbox 1995 5701 2274 5774; x_wconf 86' lang='lat' dir='ltr'><strong>utrumque</strong></span> <span class='ocrx_word' id='word_1_823' title='bbox 2303 5705 2498 5760; x_wconf 89' lang='lat' dir='ltr'><strong>amoris</strong></span> <span class='ocrx_word' id='word_1_824' title='bbox 2522 5704 2772 5760; x_wconf 87' lang='lat' dir='ltr'><strong>iudicium</strong></span> <span class='ocrx_word' id='word_1_825' title='bbox 2802 5701 2978 5759; x_wconf 84' lang='lat' dir='ltr'><strong>aﬂ&#39;erri</strong></span> <span class='ocrx_word' id='word_1_826' title='bbox 3011 5712 3201 5774; x_wconf 87' lang='lat' dir='ltr'><strong>potest.</strong></span> 
     </span>
    </p>
   </div>
  </div>
