4010 6334
481 349 609 403 κως

1079 355 1276 411 PAULI
1321 357 1586 412 IHACONI
1628 359 1775 412 UPI’.
1822 357 1993 413 PARS
2034 358 2116 412 III.
2160 388 2226 398 —
2270 358 2623 414 EPISTOIJE
2666 358 2753 413 ET
2792 355 3124 413 CAMIINL

3602 359 3748 413 ἰδίει).

480 465 732 528 Charitas,
752 472 1035 537 tantusque
1062 469 1279 538 singulis
1306 485 1437 537 pene
1470 471 1751 524 momentis
1773 485 1856 524 me
1884 482 2060 525 vester
2092 475 2136 533 Α
2163 471 2386 524 etnercri
2412 470 2729 539 promissum
2752 512 2766 533 ,
2802 484 2922 523 mox
2964 469 3028 522 ad
3075 475 3246 522 vestra
3287 468 3555 522 consortia
3602 472 3749 523 nulla

480 569 833 625 meorumque
877 558 1148 611 seniorum
1194 570 1245 611 ct
1294 562 1509 613 fratrum
1560 576 1709 614 amor
1752 562 2055 626 excruciat,

480 661 735 718 quantum
770 668 869 707 nec
899 654 1201 718 epistolaris
1232 656 1369 707 valet
1397 655 1581 720 religio
1609 670 1705 709 nec
1736 656 2058 724 pagellarum

481 759 752 812 exponere
792 745 1046 800 brevitas.
1089 747 1219 800 Cum
1259 750 1399 801 enim
1448 749 1609 803 menti
1646 749 1873 815 subeunt
1901 764 2054 805 occuo

481 846 605 900 pata
641 842 845 889 tantum
896 836 947 890 in
988 837 1181 892 divinis
1211 842 1460 907 Operihus
1498 841 1601 896 otia
1642 858 1705 897 ac
1749 845 1852 897 mei
1899 845 2061 899 statio

483 928 752 999 hospitioli
781 932 1118 1000 gratissima;
1149 947 1268 989 cum
1301 946 1476 989 vester
1527 937 1643 1001 pius
1683 946 1735 991 et
1784 937 2060 1009 religiosus

482 1017 734 1083 affectus,
766 1034 885 1073 cum
920 1030 1103 1077 sancta
1144 1030 1411 1093 tantorum
1448 1023 1646 1078 Christi
1685 1024 1939 1089 militum,
1979 1025 2060 1080 di-

482 1109 620 1163 vinis
650 1110 877 1165 cultibus
908 1110 1161 1166 insudans
1182 1124 1393 1179 caterva
1413 1158 1426 1178 ,
1455 1131 1574 1177 cum
1607 1117 1933 1186 singulorum
1960 1117 2057 1172 fra-

482 1211 619 1254 trum
639 1201 874 1256 indivisis
898 1202 1180 1257 virtutibus
1202 1207 1441 1271 exempla
1460 1206 1730 1275 fulgentia,
1749 1188 1869 1276 cum
1884 1207 2055 1263 dulcia

478 1310 726 1360 supernm
758 1294 942 1361 patriae
967 1295 1350 1365 perfectionum
1374 1297 1633 1366 colloquia
1655 1342 1667 1363 ,
1696 1298 1872 1352 haereo
1891 1341 1905 1364 ,
1938 1308 2053 1353 stu-

479 1400 605 1455 peo,
627 1386 870 1455 langueo,
891 1402 988 1442 nec
1005 1389 1142 1442 inter
1162 1389 1267 1443 imo
1293 1398 1507 1467 pectore
1532 1400 1696 1443 tracta
1719 1390 1945 1458 suspiria
1972 1407 2055 1446 re-

479 1478 649 1533 tinere
678 1481 939 1551 lacrymas
955 1498 1190 1552 possum.
1210 1484 1349 1539 Inter
1372 1485 1663 1538 catholicos
1676 1485 2054 1540 etCltristianis

475 1572 709 1627 cultibus
748 1573 956 1627 deditos
988 1589 1168 1629 versor
1201 1593 1212 1628 :
1247 1577 1381 1630 bene
1416 1591 1500 1629 me
1538 1590 1724 1629 omnes
1764 1576 2051 1643 accipiunt,

478 1662 778 1730 benigniter
802 1664 929 1720 mihi
953 1652 1150 1720 affatim
1173 1680 1353 1719 amore
1386 1666 1550 1719 nostri
1583 1665 1755 1719 Patris
1780 1665 2051 1720 Benedicti

476 1764 528 1807 et
561 1759 750 1810 vestris
781 1759 982 1830 meritis
1012 1758 1329 1823 exhibetur;
1374 1759 1465 1831 sed
1508 1759 1572 1811 ad
1600 1759 2048 1824 comparationem

2165 560 2289 624 alia,
2316 561 2422 613 vita
2448 562 2665 626 comite,
2693 561 2939 613 detentus
2960 560 3241 613 occasione
3270 560 3552 625 repedabo.
3578 560 3751 615 Nullae

2163 666 2365 706 me.....
2409 652 2635 719 divitiae,
2665 654 2865 705 nullum
2898 651 3185 719 praedium,
3229 652 3367 704 nulla
3410 652 3611 705 arentis
3641 669 3751 707 me-

2164 743 2273 797 talli
2312 745 2487 810 copia,
2519 744 2692 797 nullus
2723 742 3083 812 quorumlibet
3123 742 3344 797 affectus
3372 758 3402 794 a
3434 752 3612 798 vestro
3649 759 3750 813 po-

2162 833 2287 887 terit
2314 848 2562 903 separare
2599 833 2844 901 collegio.

2233 924 2436 994 Itaque,
2467 925 2620 979 Pater
2648 926 2978 988 dulcissime,
3007 939 3226 995 vosque,
3252 940 3286 978 ο
3313 925 3614 981 charissimi
3645 927 3753 979 Pa-

2161 1025 2270 1072 tres
2296 1028 2351 1073 et
2378 1017 2586 1083 fratres,
2613 1020 2840 1087 imploro
2863 1033 2956 1087 pro
2985 1035 3069 1073 me
3094 1021 3346 1075 continue
3376 1022 3745 1075 beatissimum

2160 1123 2496 1163 communem
2544 1109 2755 1165 Patrem
2795 1121 2850 1164 et
2886 1120 3266 1180 praeceptorem
3298 1126 3519 1180 poscere
3556 1111 3747 1179 digne-

2160 1198 2291 1252 mini
2343 1200 2716 1263 Benedictum,
2760 1211 2815 1253 ut
2865 1201 2974 1255 suis
3014 1200 3151 1268 apud
3184 1201 3455 1255 Christum
3502 1202 3749 1254 obtineat

2159 1292 2396 1357 meritis,
2427 1302 2482 1345 ut
2526 1307 2608 1345 me
2637 1292 2953 1361 quantocius
3000 1293 3251 1361 d'gnetur
3299 1292 3526 1346 reddere
3564 1292 3745 1345 vobis.

2158 1382 2327 1451 Spero
2351 1383 2597 1452 equidem
2628 1383 2678 1436 in
2714 1383 2823 1436 Deo
2853 1394 3036 1437 nostro
3065 1383 3153 1450 qui
3187 1398 3452 1453 nunquam
3495 1383 3545 1436 in
3590 1383 3750 1437 bonis

2160 1479 2355 1545 patitur
2382 1476 2667 1532 desideriis
2697 1492 3016 1546 quemquam
3065 1477 3322 1541 fraudari,
3362 1477 3505 1540 quod
3534 1492 3618 1529 me
3653 1490 3747 1531 se-

2156 1570 2388 1624 cundum
2413 1569 2714 1623 anhelantis
2736 1571 2838 1621 mei
2865 1567 3042 1623 cordis
3065 1569 3389 1623 desiderium
3411 1567 3559 1622 vobis
3581 1568 3746 1622 citius

2155 1660 2401 1714 restituat
2429 1673 2550 1712 cum
2593 1672 2829 1727 congruo
2860 1659 3051 1712 fructu.
3086 1659 3425 1726 Superﬁuum
3459 1660 3607 1712 vobis
3636 1674 3747 1713 tes-

2159 1755 2288 1808 timo
2313 1761 2371 1807 ut
2397 1752 2682 1807 effundatis
2714 1767 2897 1820 preces
2921 1768 3017 1822 pro
3041 1753 3241 1806 nostris
3261 1752 3495 1806 dominis
3517 1767 3744 1807 eorum-

476 1848 639 1914 vestri
673 1848 900 1903 coenobii
931 1849 1055 1901 mihi
1088 1848 1341 1917 palatium
1373 1864 1552 1911 carcer
1582 1856 1689 1912 est,
1718 1848 1783 1901 ad
1810 1847 2050 1901 coltatio-
2084 1850 2126 1909 Β
2152 1861 2253 1915 que
2300 1847 2535 1901 exercitu
2589 1846 2853 1909 scribere,
2900 1862 3018 1899 cum
3058 1847 3221 1899 sciam
3266 1861 3363 1901 vos
3403 1848 3451 1899 in
3492 1846 3593 1901 hoc
3621 1846 3749 1914 ipso

477 1953 598 1991 nem
628 1947 787 1993 tanta:
817 1953 934 2012 quae
960 1939 1098 2011 apud
1125 1955 1217 2009 vos
1247 1950 1328 1999 est
1356 1940 1549 2009 quietis
1588 1939 1672 1994 hic
1704 1939 1835 1993 mihi
1866 1937 2057 2016 degere

479 2038 767 2105 tempestas
797 2041 911 2095 est;
954 2032 1069 2105 solo
1102 2032 1170 2087 ab
1211 2032 1309 2086 hac
1341 2032 1505 2099 patria
1537 2030 1695 2085 debili
1739 2029 2057 2097 corpuscqu

476 2130 687 2187 teneor,
720 2131 835 2193 tota
859 2139 958 2192 qua
992 2124 1159 2177 solum
1190 2122 1340 2177 valeo
1376 2130 1553 2175 mente
1589 2121 1859 2175 vobiscum
1891 2133 2008 2173 sum
2041 2135 2052 2171 :

476 2213 767 2283 videorque
803 2215 929 2269 mihi
971 2232 1106 2269 nunc
1137 2216 1385 2270 anavibus
1416 2213 1633 2267 nimium
1664 2212 1857 2266 vestris
1890 2213 2056 2266 inter-

477 2320 602 2361 esse
632 2305 1006 2369 concentibus;
1039 2320 1177 2358 nuuc
1203 2304 1495 2358 consedere
1530 2301 1782 2355 satiandis
1824 2303 1874 2355 in
1904 2317 2056 2357 omna

479 2399 597 2465 plus
636 2410 858 2469 corpore
886 2411 1043 2464 quam
1084 2396 1234 2459 cibo,
1266 2410 1403 2448 nunc
1441 2395 1768 2465 singulorum
1812 2394 2059 2450 conside-

479 2500 601 2541 rare
644 2485 696 2553 in
741 2485 964 2539 diversis
1003 2485 1191 2538 ofﬁciis
1235 2483 1444 2548 studia,
1489 2499 1629 2536 nunc
1664 2483 1901 2555 gravium
1946 2483 2055 2552 jam

476 2577 631 2645 senio
654 2591 745 2629 seu
774 2575 1139 2646 languidorum
1181 2575 1446 2642 quomodo
1476 2575 1696 2645 quisque
1728 2573 1900 2627 valeat
1928 2589 2058 2640 per-

475 2667 682 2737 discere
708 2680 915 2732 causas,
950 2681 1086 2719 nunc
1115 2665 1181 2720 ad
1215 2666 1379 2719 instar
1420 2665 1548 2718 mihi
1598 2664 1825 2733 paradisi
1864 2664 2056 2735 dilecta

475 2767 777 2811 sanctorum
794 2765 967 2813 terere
981 2758 1182 2813 limina.
1200 2758 1393 2821 Crede,
1414 2757 1568 2812 Pater
1582 2769 1633 2819 et
1650 2759 1884 2820 domine,
1899 2756 2057 2813 crede

475 2863 631 2917 sacra
656 2859 709 2903 et
740 2849 1056 2904 venerabilis
1091 2851 1313 2918 phalanx
1345 2851 1460 2904 solo
1488 2865 1572 2921 me
1601 2858 1816 2917 aspectu
1850 2848 2054 2904 miseri-

476 2939 693 3001 cordize,
725 2939 856 2993 solis
880 2940 1090 3007 pietatis
1123 2940 1434 3005 visceribus,
1468 2941 1596 2995 solis
1634 2942 1930 2995 animarum
1971 2939 2056 2993 hic

478 3027 801 3099 profectibus
831 3029 895 3083 ad
921 3039 1128 3101 tempus
1158 3032 1421 3096 detineri,
1460 3040 1512 3086 et
1539 3032 1678 3103 quod
1719 3031 1801 3086 his
1826 3040 1908 3086 est
1943 3046 2057 3085 am-

477 3120 646 3201 plius,
699 3121 964 3189 tranquilli
1016 3122 1183 3177 nostri
1234 3125 1371 3193 regis
1415 3133 1468 3178 et
1516 3122 1717 3178 domini
1773 3131 2053 3191 poteSIate.

2157 1952 2369 2007 semper
2397 1937 2663 1993 insistere.
2700 1937 2802 1991 Pro
2828 1941 3024 1992 domno
3048 1938 3124 1995 ill.
3157 1939 3348 1993 abbate
3375 1940 3509 1993 sicut
3531 1951 3585 1994 et
3610 1940 3745 1994 faci-

2158 2030 2226 2084 tis
2255 2028 2524 2084 Christum
2556 2028 2851 2097 deposcite,
2873 2027 3026 2097 cujus
3060 2029 3143 2083 Itic
3168 2030 3423 2097 singuiari
3458 2041 3571 2099 post
3593 2032 3748 2099 prin-

2156 2121 2379 2188 cipalem
2413 2120 2827 2175 munificentiam
2858 2120 3062 2174 nutrior
3095 2120 3359 2190 largitate.
3384 2122 3551 2175 Tanta
3581 2122 3743 2185 mihi,

2157 2214 2477 2279 charissimi,
2511 2226 2682 2269 vestra
2715 2216 2838 2271 illuc
2860 2217 3013 2283 copia
3044 2215 3228 2271 existit
3248 2257 3263 2280 ,
3296 2225 3353 2268 ut
3380 2217 3422 2268 si
3452 2216 3606 2269 velim
3640 2230 3748 2270 vos

2156 2306 2500 2375 singulariter
2527 2321 2833 2375 nuncupare
2859 2346 2874 2369 ,
2905 2314 3014 2360 tota
3058 2306 3171 2360 haec
3202 2307 3391 2361 vestris
3432 2307 3748 2360 nominibus

2157 2401 2347 2469 pagina
2376 2414 2478 2453 non
2507 2398 2672 2467 possit
2697 2398 2962 2453 sufﬁcere.
3010 2398 3162 2453 Unde
3200 2397 3514 2466 generaliter
3551 2399 3743 2450 omni-

2157 2490 2256 2544 bus
2283 2499 2335 2545 et
2356 2499 2482 2559 opto
2510 2499 2565 2544 et
2589 2489 2766 2545 scribo
2794 2490 3041 2561 salutem,
3072 2490 3357 2543 obsecrans
3379 2496 3433 2540 ut
3459 2503 3565 2541 non
3591 2489 3743 2542 obli-

2156 2580 2433 2637 viscamini
2463 2580 2588 2635 mei.
2612 2581 2691 2635 Tu
2715 2596 2862 2646 vero,
2893 2583 2961 2633 mi
2988 2582 3197 2636 domine
3227 2581 3540 2636 venerabilis
3568 2580 3744 2634 abbas

2156 2685 2249 2726 seu
2280 2686 2597 2740 quocunque
2635 2687 2693 2726 es
2733 2674 2946 2726 nomine
2982 2673 3326 2742 praepositus.
3368 2683 3491 2740 peto
3521 2681 3579 2724 ut
3605 2672 3747 2724 mihi

2155 2764 2313 2817 scribi
2346 2762 2550 2818 faciatis
2574 2765 2641 2820 de
2667 2774 2840 2818 vestra
2872 2765 3200 2831 fratrumque
3227 2765 3417 2829 salute,
3441 2763 3530 2816 vel.
3550 2764 3745 2831 quales

2156 2854 2306 2909 vobis
2347 2852 2549 2908 fructus
2590 2870 2825 2923 prteseus
2863 2869 3032 2909 annus
3070 2853 3308 2908 attulerit
3349 2864 3509 2921 utque
3546 2868 3740 2907 eorum

2158 2943 2377 2998 fratrum
2410 2945 2536 2998 mihi
2568 2946 2807 3015 dirigatis
2835 2962 2956 3001 cum
2987 2947 3292 3000 nominibus
3318 2961 3618 3005 numerum,
3646 2944 3743 3012 qui

2159 3035 2436 3088 mundanis
2458 3036 2601 3089 exuti
2626 3037 2849 3091 vinculis
2877 3037 3166 3105 migrarunt
3191 3038 3256 3089 ad
3285 3036 3570 3090 Christum.
3602 3036 3743 3087 Nam

2156 3126 2415 3193 plurimos
2442 3124 2639 3181 obiisse
2669 3127 2850 3193 audio,
2890 3128 2984 3182 sed
3019 3127 3330 3201 nominatim
3373 3127 3615 3195 Nomium
3656 3125 3671 3176 i
3702 3126 3742 3176 l.

475 3210 741 3275 Caeterum
772 3227 928 3280 quam
962 3213 1188 3281 primum
1221 3213 1437 3268 valuero
1466 3222 1521 3268 et
1555 3213 1683 3287 mihi
1715 3214 1837 3269 caeli
1866 3214 2055 3267 Domi-
2079 3206 2128 3268 (Ξ
2158 3221 2308 3288 Quod
2340 3221 2384 3274 si
2415 3235 2542 3275 vere
2570 3222 2636 3281 ita
2669 3227 2768 3287 est,
2812 3221 2915 3273 mei
2952 3218 3128 3274 cordis
3168 3230 3367 3283 partem
3414 3232 3517 3269 non
3566 3216 3745 3268 modi—

478 3316 579 3369 nus
608 3316 698 3367 per
741 3301 881 3369 pium
927 3303 1218 3371 principem
1261 3314 1468 3358 noctem
1517 3304 1785 3367 mmroris,
1817 3302 2055 3372 meisque

475 3391 697 3461 captivis
720 3392 843 3461 juga
874 3394 1102 3448 miseria:
1131 3394 1440 3462 demiserit,
1474 3396 1518 3450 si
1549 3405 1726 3451 tamen
1754 3397 2052 3464 quomodo-

476 3498 687 3564 cunque
734 3483 1129 3540 clementissimi
1187 3486 1439 3555 principis
1488 3487 1778 3555 jocundum
1833 3486 2051 3555 quivero

2159 3326 2274 3364 eam
2307 3311 2523 3364 abstulit
2553 3325 2753 3365 secum.
2790 3310 2939 3374 Vale,
2974 3319 3122 3379 pater
3150 3311 3505 3375 sanctissime,
3538 3319 3595 3363 et
3625 3323 3745 3362 me.

2158 3415 2276 3455 mor
2304 3416 2423 3457 esse
2448 3401 2667 3471 dignare
2696 3402 2839 3455 ﬁlioli
2869 3402 2966 3454 tui.

478 3596 3745 3621 Μ

1255 3664 1633 3761 SECTIO
1680 3663 2196 3741 SECUNDA.
2257 3691 2313 3717 -
2367 3669 2914 3743 CARMINA.

970 3874 1250 3929 CARMEN
1290 3874 1568 3931 PRIMUM.

825 3980 946 4019 VJ'I'A
969 3979 1154 4019 SANCTI
1186 3980 1461 4020 BENEDICTI
1490 3979 1726 4021 ABBATIS.

477 4072 638 4149 (Vide
659 4073 745 4130 lib.
780 4091 793 4129 t
821 4074 1068 4129 Historia:
1092 4076 1565 4149 Langobardorum,
1588 4094 1702 4146 cap.
1728 4077 1815 4143 ‘26,
1837 4079 2051 4147 hujusce

1044 4149 1166 4200 fonti
1192 4147 1289 4200 col.
1316 4147 1468 4219 468.)

1061 4238 1340 4295 CARMEN
1381 4239 1444 4293 Il.

658 4341 685 4391 ἢ
716 4347 924 4393 ιιγιικυε
953 4347 1018 4386 DE
1049 4346 1328 4401 ιμιυλευιιε
1357 4348 1543 4389 SASCTI
1576 4348 1872 4404 υεωβυιςτι.

882 4420 971 4481 (Ex
998 4421 1249 4475 Thesauro
1271 4423 1648 4486 hymnologico.)

836 4502 1073 4568 Fratres,
1108 4502 1269 4564 alacri
1302 4512 1553 4581 pectore,

766 4594 956 4657 Yenite
981 4599 1239 4665 concentu
1267 4594 1378 4662 pari
1405 4613 1417 4647 :

763 4683 1025 4759 [fruamur
1059 4684 1216 4755 hujus
1249 4684 1461 4761 inclytae

765 4774 1090 4832 Festivitatis
1122 4775 1352 4844 gaudiis.

831 4864 940 4930 Hac
967 4864 1284 4921 Benedictus
1314 4878 1479 4923 aurea

757 4958 1010 5013 Ostensor
1037 4958 1166 5009 arcti
1194 4954 1440 5019 tramitis,

759 5047 844 5103 Ad
871 5060 1039 5117 regna
1062 5046 1373 5109 conscendit
1402 5046 1557 5100 Pater

762 5138 990 5207 Captans
1020 5136 1258 5191 laborum
1292 5135 1526 5204 praemia.

834 5229 1045 5285 Eﬁ'ulsit
1075 5240 1131 5284 ut
1161 5230 1309 5285 sidus
1329 5245 1531 5297 novum

766 5321 1023 5377 Mundana
1058 5320 1261 5389 pellens
1289 5319 1489 5374 nubila.

763 5414 959 5473 litatis
986 5413 1101 5482 ipso
1133 5413 1319 5467 limine

765 5507 1018 5575 Despexit
1047 5505 1143 5560 sevi
1174 5502 1380 5558 ﬂorida.

557 5650 583 5679 ⁸
613 5640 770 5695 Teste
795 5636 1122 5709 Rambachio
1154 5636 1506 5709 hoccarmen
1527 5648 1619 5702 per
1644 5631 1804 5709 multa
1847 5632 2045 5709 smcula

489 5712 662 5765 cantui
698 5704 1055 5763 ecclesiastico
1086 5706 1341 5770 iuserviit,
1373 5704 1508 5770 quod
1538 5704 1779 5771 equidem
1817 5704 1901 5755 vix
1931 5719 2044 5757 cre—

494 5782 733 5849 diderim.
777 5779 955 5847 Neque
987 5779 1038 5830 in
1080 5791 1184 5829 uno
1226 5776 1358 5835 libro
1389 5777 1643 5845 hymnum
1687 5773 1865 5826 inveni
1913 5792 1923 5824 :
1967 5781 2045 5826 ta-

2505 3875 2873 3930 Miraculorum
2906 3884 3229 3947 prapotens,

2439 3966 2665 4020 Afﬁatus
2694 3967 2787 4019 alti
2814 3965 3049 4028 ﬂamine,

2435 4056 2785 4130 Bespleuduit
2811 4055 3063 4125 prodigiis

2443 4148 2680 4203 Venturo
2702 4148 2863 4202 smclo
2891 4145 3204 4214 praecinens.

2503 4260 2729 4315 Laturus
2756 4277 2907 4316 esum
2935 4258 3199 4339 pluribus,

2433 4351 2592 4419 Panis
2622 4352 2911 4408 reformant
2941 4355 3244 4422 vasculum,

2433 4442 2655 4503 Arctum
2686 4451 2875 4514 petens
2896 4445 3250 4516 ergastulum,

2438 4533 2706 4601 ExSIinxit
2735 4533 2883 4604 ignes
2914 4533 3142 4603 ignibus.

2514 4645 2700 4714 Fregit
2731 4647 2921 4700 veneni
2954 4644 3187 4714 bajulam

2444 4736 2634 4791 Crucis
2665 4751 2760 4805 per
2791 4751 2938 4791 arma
2969 4736 3234 4807 cymbiam
3255 4754 3280 4803 ι

2436 4826 2683 4881 Coercuit
2713 4838 2953 4882 mentem
2983 4843 3175 4899 vagam

2441 4917 2571 4989 Leni
2605 4918 2813 4991 ﬂagello
2845 4921 3107 4989 corporis.

2515 5032 2830 5089 Funduntur
2857 5048 3048 5090 omnes
3076 5033 3322 5104 rupibus,

2444 5127 2603 5199 Redit
2624 5128 2806 5198 calybs
2834 5142 2865 5199 e
2892 5129 3118 5198 gurgite,

2440 5219 2620 5272 Currit
2647 5233 2741 5287 per
2773 5218 2941 5283 undas
2970 5202 3298 5289 obsequens;

2446 5310 2607 5377 Peplo
2646 5325 2776 5379 puer
2803 5312 2927 5364 vitat
2959 5325 3167 5365 necem.

2522 5412 2677 5467 Virus
2707 5413 2929 5481 patescit
2959 5410 3221 5478 abditum,

2454 5505 2698 5575 Mandata
2727 5518 2931 5574 przepes
2953 5502 3142 5573 efﬁcit,

2152 5653 2272 5706 mon
2301 5635 2443 5709 doct.
2467 5636 2581 5709 viri
2599 5637 2861 5692 sententia
2891 5644 3184 5709 permotus,
3206 5633 3397 5709 adieci.
3431 5633 3640 5709 Lucem
3664 5630 3750 5687 ai-

2154 5709 2320 5761 luudit
2344 5706 2583 5776 plurimis
2618 5708 2744 5762 locis
2778 5708 2944 5760 sancti
2980 5706 3249 5759 Benedicti
3282 5708 3548 5772 Legenda.
