4010 6334
328 388 351 441 1
363 385 463 440 595

333 3918 379 3976 0
409 3917 684 3975 benedicta
710 3932 866 3974 soror
892 3917 1164 3973 Benedicti
1195 3919 1416 3973 nomine
1437 3915 1662 3982 Christi,

1515 373 1755 433 SECTIO
1792 372 1856 428 ll.
1896 398 1964 410 ——
2003 366 2328 424 CARMINA.
3429 353 3566 410 ιδῃ

605 497 816 552 lluslem
841 493 992 549 ruina
1023 493 1277 556 conterit;

605 587 757 644 Cedit
785 587 1015 640 fremens
1046 585 1128 639 leo
1152 597 1330 653 grave.

679 681 733 734 ln
765 681 872 734 into
901 680 958 731 fit
986 679 1153 731 moles
1186 676 1350 736 levis,

611 772 787 838 Rogus
819 769 1008 837 migrat
1031 765 1393 835 pltantasticus
1411 801 1426 827 ,

606 859 851 915 Fractum
880 857 1060 912 revisit
1085 856 1335 918 sospitas,

581 955 868 1008 'Excessus
897 951 1175 1006 absentum
1207 953 1370 1016 patet.

676 1043 867 1104 ﬂector
897 1041 1042 1094 vafer
1065 1036 1430 1107 deprenderis,

597 1132 780 1200 Inique
808 1144 1082 1201 possessor
1107 1127 1278 1196 fugis;

611 1224 804 1280 Futura
835 1217 1234 1289 praenoscemini

603 1315 806 1367 Arcana
835 1324 927 1366 cor
957 1325 1059 1363 non
1089 1306 1331 1374 contigit.

686 1403 992 1462 Fundantur
1023 1400 1162 1454 :ndes
1183 1397 1434 1466 somniis,

607 1495 787 1550 Tellus
805 1493 976 1558 'vom'tt
1002 1492 1285 1554 cadavera,

605 1588 844 1654 Dracone
874 1583 1110 1648 frenatur
1136 1581 1291 1651 fugax
1315 1597 1330 1644 ;

606 1677 798 1734 Ether
827 1675 958 1744 pluit
987 1672 1335 1728 numismata.

683 1767 887 1820 Vitrum
914 1764 1114 1818 resisut
1141 1762 1406 1829 cautibus,

607 1858 823 1921 Manent
851 1854 992 1910 olivo
1017 1853 1182 1917 dolia,

613 1951 855 2005 Vinctum
887 1947 1106 2000 resolvit
1129 1945 1282 2002 visio,

606 2042 777 2106 Vitam
807 2046 1081 2105 receptant
1114 2037 1320 2098 funera.

678 2136 834 2207 Tanti
864 2141 1096 2204 potestas
1118 2131 1338 2193 luminis

613 2229 748 2282 Voto
778 2227 978 2282 sororis
1007 2224 1236 2279 vincitur
1263 2239 1278 2286 ;

608 2321 724 2387 Quo
763 2319 878 2389 plus
905 2325 1047 2370 amat
1074 2315 1192 2383 quis
1224 2313 1338 2382 plus
1371 2312 1534 2375 valet,

615 2410 792 2466 Enare
818 2423 974 2478 quem
1000 2407 1169 2460 cernit
1198 2405 1398 2473 polum.

680 2501 794 2555 Non
816 2508 942 2553 ante
969 2497 1140 2552 saeclis
1169 2494 1442 2562 cognitum

609 2590 778 2647 Noctu
800 2590 956 2658 jubar
983 2587 1286 2655 eﬂulgurat,

609 2682 728 2750 Quo
759 2690 898 2735 totus
929 2680 1078 2732 orbis
1104 2678 1312 2731 cernitu

611 2771 970 2839 Flammisque
999 2767 1224 2824 subvehi
1254 2766 1394 2834 pius.

687 2865 812 2925 Haec
835 2863 974 2917 inter
998 2861 1164 2915 instar
1195 2856 1429 2914 nectaris

615 2957 855 3013 Miranda
885 2955 1088 3026 plectru
1115 2953 1341 3018 claruit;

611 3049 746 3104 Nam
778 3047 947 3117 pinxit
970 3054 1095 3115 apte
1124 3045 1296 3099 lineas

611 3139 748 3195 Vitae
772 3153 944 3193 sacrae
972 3136 1316 3206 sequacibus.

683 3229 801 3283 Jam
831 3228 937 3282 dux
968 3226 1169 3280 alumni
1199 3233 1282 3280 sat
1313 3231 1502 3294 potens

609 3319 770 3376 Adsis
797 3319 974 3389 gregis
995 3317 1261 3388 suspiriis,

617 3410 818 3468 Gliscat
845 3410 1000 3466 bonis
1027 3409 1254 3479 hydrum
1283 3422 1478 3464 carens

613 3501 698 3569 Sit
726 3501 878 3559 callis
905 3509 964 3558 ut
991 3515 1194 3570 sequax
1235 3501 1350 3556 tibi.

921 3613 1204 3670 CARMEN
1236 3613 1326 3668 Ill.

770 3723 838 3762 DE
866 3721 1070 3762 SANCTA
1100 3715 1474 3760 εοιιοιλέτιολ.

691 3814 786 3880 (Ex
811 3816 1009 3865 Arnoldi
1035 3813 1171 3876 Vyon
1197 3814 1352 3876 Ligno
1377 3812 1544 3874 Vitae.)

410 4009 712 4080 Eximiique
740 4009 914 4064 Patris
943 4025 976 4065 ο
1007 4010 1284 4065 benedicta
1313 4025 1488 4065 soror.

333 4100 482 4157 Seria
511 4101 754 4166 consilio,
775 4100 883 4170 jam
908 4109 1034 4155 tunc
1057 4101 1368 4171 virguncula
1389 4102 1630 4172 quamvis

408 4195 672 4251 Calcatrix
698 4197 888 4262 cosmi,
921 4197 1060 4250 seria
1085 4197 1336 4261 consilio,

334 4287 539 4360 Sponsa
569 4290 760 4343 decora
785 4288 900 4354 Dei,
929 4288 1098 4343 niveis
1125 4296 1178 4341 tu
1209 4295 1420 4358 compta
1452 4285 1650 4356 lapillis

404 4381 539 4435 Lilia
567 4395 718 4436 sacra
743 4379 904 4450 feres,
932 4394 1128 4448 sponsa
1149 4379 1340 4434 decora
1371 4377 1487 4440 Dei.

331 4472 554 4542 Appetis
581 4471 686 4526 alta
716 4469 844 4541 poli,
873 4471 1133 4540 tempsisti
1163 4470 1336 4524 dulcia
1366 4469 1535 4534 saecli,

407 4566 649 4620 Dindima
680 4563 920 4633 perpetui
945 4563 1150 4632 appetis
1177 4563 1282 4615 alta
1311 4561 1440 4630 poli.

334 4655 540 4722 Cuncta
565 4670 753 4725 perosa
782 4655 901 4724 tibi,
929 4653 1116 4710 Plttnbi
1149 4653 1248 4706 sub
1281 4651 1482 4707 lumine
1509 4645 1740 4726 [iubare]
1765 4657 1915 4702 uosta
1969 4697 1982 4708 ,

407 4745 474 4799 Ει
502 4744 640 4798 male
667 4744 832 4798 suada
864 4744 984 4808 soli,
1017 4752 1200 4798 cuncta
1235 4757 1419 4811 perosa
1451 4743 1566 4794 tibi.

335 4833 630 4891 Castalides
657 4849 904 4900 proceres
933 4837 1158 4903 prteibas
1192 4835 1399 4903 concita
1432 4833 1677 4903 pratdux,

406 4923 712 4978 llluminata
739 4937 928 4996 ovans,
953 4923 1251 4982 Castalides
1283 4939 1557 4993 proceres.

335 5012 574 5083 Vitginal
594 5025 722 5076 ecce
751 5019 967 5066 tuum...
1001 5021 1053 5079 α,
1079 5014 1432 5082 conjunxeras
1455 5014 1582 5081 redi,

403 5088 583 5158 Staret
610 5102 950 5174 utinvulsum
980 5102 1203 5173 virginal
1231 5119 1357 5160 ecce
1386 5083 1585 5172 tuum.‘

339 5195 608 5264 Unguibus
635 5209 663 5248 a
697 5193 911 5256 teneris,
939 5206 1148 5248 mutans
1171 5211 1398 5264 superna
1430 5195 1667 5262 caducis,

405 5284 802 5355 Victoriamque
833 5295 1003 5350 tenes,
1034 5286 1299 5355 unguibus
1327 5301 1355 5340 a
1386 5287 1609 5342 teneris.

334 5375 524 5446 Ampla
546 5385 744 5444 tropica
774 5374 964 5440 refers,
997 5387 1192 5440 arctes,
1221 5379 1464 5446 spudela,
1494 5377 1731 5445 satelles,

402 5465 536 5521 Filia
563 5466 716 5535 virgo
735 5465 888 5531 Sion,
915 5467 1090 5535 ampla
1115 5477 1314 5535 tropaea
1339 5468 1531 5524 refers.

333 5555 590 5612 Versibus
617 5555 875 5624 heroicis,
905 5556 1038 5612 alias
1062 5557 1357 5612 castissima
1389 5558 1596 5624 laudes,

403 5650 728 5721 Scripsimus
753 5665 879 5708 ecce
903 5651 1018 5719 tibi,
1050 5651 1292 5706 versibus
1316 5650 1566 5713 heroicis.

403 5776 430 5804 ι
459 5761 822 5834 Supplendum
847 5763 984 5828 forte
1006 5761 1200 5826 Citriin
1223 5761 1310 5822 vel
1335 5761 1527 5832 [rati-Es.

1920 486 1970 544 Α
1995 479 2123 546 Quis
2151 475 2344 549 [queis]
2375 474 2574 543 liquido
2606 474 2788 543 patuit,
2825 470 3361 526 meritorum'lnmine
3393 477 3560 536 tacto,

2066 567 2364 621 Perfectum
2387 566 2611 629 cunctis,
2645 565 2765 632 quis
2793 561 2994 633 [queis]
3020 562 3221 631 liquido
3251 561 3423 630 patuit

1993 662 2231 717 Sufficiat
2263 659 2527 727 precibus,
2555 673 2869 728 germanum
2902 658 3116 710 vincere
3142 665 3344 718 votum,

2068 753 2321 806 Invictum
2354 751 2581 813 cunctis,
2610 748 2838 803 sufﬁciat
2865 748 3131 818 precibus.

1995 846 2239 902 Scribere
2268 859 2406 897 nunc
2435 843 2696 908 superest,
2730 843 2956 895 natalem
2994 839 3210 894 volvere
3240 853 3410 908 penna
3434 880 3450 903 ,

2067 935 2332 988 Scandere
2359 947 2464 1002 quo
2486 931 2633 1001 jussa
2663 946 2740 995 es,
2772 931 3004 986 scribere
3036 946 3176 984 nunc
3203 941 3470 998 superest.

2000 1027 2159 1093 Virgo
2187 1025 2336 1079 beata
2366 1024 2454 1078 die
2479 1015 2664 1077 subisti
2695 1021 2890 1074 Iumina
2921 1021 3063 1083 cmli,

2041 1116 2250 1185 .lllcnse
2274 1113 2457 1168 Numa:
2487 1115 2538 1167 in
2571 1112 2802 1179 decimo,
2823 1111 2973 1180 virgo
3002 1111 3152 1164 beata
3183 1110 3286 1164 die.
3319 1112 3505 1165 Amen.

2003 1207 2122 1276 (llis
2143 1207 2418 1276 adjunctus
2443 1214 2548 1258 erat
2569 1204 2794 1276 senarius
2819 1203 3087 1276 cujusdam
3111 1201 3356 1276 germani
3376 1201 3576 1276 in_fuu-

1973 1307 1978 1310 -
2009 1270 2019 1276 ’
2072 1270 2431 1343 άεηιὲῙιιεάευι
2455 1275 2660 1342 uirginis
2687 1290 2800 1326 cum
2826 1270 2892 1324 ad
2915 1273 3093 1332 limina
3119 1270 3182 1327 Β.
3217 1271 3279 1343 I’.
3309 1271 3376 1343 .
3411 1270 3578 1343 Bene-

2073 1349 2191 1398 dicti
2215 1341 2279 1398 ea:
2307 1341 2582 1400 Germania
2607 1345 2839 1412 venisset,
2859 1343 3184 1410 compositus,
3219 1342 3290 1394 sic
3313 1341 3531 1395 habens:
3557 1342 3574 1409 )

2007 1440 2182 1496 Dulcis
2213 1439 2403 1491 adesto
2430 1437 2586 1503 meis,
2619 1436 2875 1506 pratclara
2907 1449 3151 1491 canimua
3186 1434 3412 1500 labellis,

2082 1531 2464 1598 Pcrtnixtisque
2499 1528 2668 1582 modis
2694 1527 2866 1581 dulcis
2897 1527 3079 1580 adesto
3103 1526 3255 1580 meis.

2007 1623 2256 1677 Promere
2282 1635 2384 1688 quo
2416 1619 2641 1686 valeam,
2672 1632 2885 1686 semper
2912 1616 3027 1670 sine
3055 1614 3157 1672 fine
3181 1615 3410 1675 beatam,

2084 1714 2492 1787 Virgineumque
2518 1711 2705 1780 decus,
2734 1723 2980 1779 promere
3009 1723 3114 1778 quo
3143 1707 3368 1760 valeam.

1936 1826 1984 1886 Β
2010 1805 2264 1869 Pneuma,
2290 1804 2544 1858 Columba
2569 1803 2731 1866 volat,
2767 1815 2865 1854 nec
2897 1814 3000 1853 non
3030 1798 3120 1850 tibi
3155 1811 3372 1851 munere
3396 1793 3583 1861 Spirat,

2080 1892 2304 1963 Prodiga
2334 1893 2472 1948 dona
2502 1891 2698 1956 ferens,
2734 1890 2968 1952 Pneuma
3001 1886 3254 1942 Columba
3285 1885 3450 1939 volat.

2596 1989 2877 2044 CARMEN
2920 1986 3012 2042 IV.

2403 2098 2520 2136 \‘l'l‘A
2553 2096 2731 2135 SANCTI
2763 2094 2925 2134 MAUBI
2957 2092 3194 2139 ΑΒΒΔτις,

2367 2170 2460 2234 (Ex
2483 2171 2662 2220 Mabill.
2689 2171 2794 2220 Act.
2821 2169 2923 2219 0rd.
2948 2170 2999 2218 Β.
3025 2166 3238 2230 Bened.)

2013 2257 2154 2322 Dus,
2189 2254 2295 2322 via,
2332 2257 2462 2319 vita,
2494 2255 2621 2318 tuis,
2655 2253 2819 2308 decus
2849 2263 2901 2307 et
2932 2253 3068 2314 laus,
3099 2250 3290 2320 gloria,
3323 2248 3518 2310 vit-tus,

2080 2350 2208 2405 Jesu
2243 2350 2327 2402 lux
2360 2348 2512 2413 lucis,
2537 2349 2667 2415 dux,
2693 2348 2800 2413 via,
2831 2345 2936 2400 vita
2968 2346 3095 2399 tuis.

2011 2441 2088 2506 Tu
2121 2442 2250 2496 facis
2277 2441 2616 2509 omnipotens
2646 2439 2892 2493 animalia
2926 2448 3066 2492 muta
3100 2435 3321 2505 profari,

2081 2532 2230 2600 Quod
2263 2532 2350 2586 tibi
2383 2547 2589 2603 cunque
2621 2531 2812 2602 placet,
2848 2538 2902 2582 tu
2934 2529 3060 2582 facis
3087 2528 3448 2594 omnipotens.

2015 2624 2088 2678 Da
2123 2637 2310 2692 precor
2340 2631 2396 2675 ut
2426 2624 2646 2683 referam
2677 2621 2844 2674 sancti
2870 2617 3126 2687 magnalizt
3159 2618 3348 2681 Mauri,

2085 2713 2213 2779 Quae
2244 2727 2335 2780 per
2365 2721 2415 2765 te
2443 2712 2626 2780 gessit,
2658 2711 2723 2771 da
2764 2725 2950 2778 precor
2979 2722 3032 2762 ut
3064 2707 3314 2765 referam.

2014 2803 2150 2860 Cum
2178 2804 2470 2860 duodennis
2495 2810 2626 2864 erat.
2659 2800 2945 2856 Benedicto
2977 2808 3058 2854 est
3088 2798 3308 2854 traditus
3338 2795 3502 2860 almo,

2089 2883 2416 2964 Contempsit
2448 2894 2704 2949 mundum
2735 2907 2854 2946 cum
2885 2891 3180 2944 duodenuis
3211 2896 3346 2942 erat.

2018 2988 2226 3043 Desinit
2251 3001 2372 3042 esse
2403 3001 2552 3056 puer,
2587 2984 2878 3039 monachus
2912 2991 3195 3051 postquam
3224 2979 3406 3047 incipit
3433 2993 3571 3052 esse,

2091 3077 2344 3146 Moribus,
2378 3075 2517 3130 haud
2549 3090 2683 3140 aevo,
2709 3073 3054 3128 desiuit'esse
3086 3085 3216 3138 puer

1945 3193 1992 3257 ο
2022 3170 2148 3238 Quis
2174 3184 2301 3238 rogo
2326 3180 2428 3222 non
2461 3175 2671 3236 stupeat
2700 3164 2896 3242 ieiunia
2928 3160 3266 3218 continuata?

2095 3261 2392 3314 Exsomues
2417 3267 2602 3312 noctes
2631 3257 2749 3326 quis
2774 3271 2902 3325 rogo
2933 3270 3036 3308 non
3063 3253 3313 3322 SlUpeul?

2021 3349 2066 3404 Ο
2098 3350 2376 3420 lacrymas,
2408 3347 2656 3420 gemitus,
2688 3362 2719 3400 o
2752 3346 2904 3414 longa
2935 3345 3168 3410 silentia,
3203 3343 3389 3411 frigus,

2097 3441 2284 3495 Calcea
2311 3450 2498 3506 strata,
2527 3453 2733 3508 sagum,
2765 3453 2795 3491 ο
2820 3439 3101 3506 lacrymas,
3134 3433 3385 3503 gemitus.

2025 3532 2228 3586 Emicat
2256 3546 2284 3582 a
2315 3543 2479 3598 puero
2514 3529 2767 3584 virtutum
2799 3527 3000 3582 lumine
3038 3525 3275 3592 Maurus,

2099 3621 2321 3676 Eximiis
2353 3621 2518 3690 signis
2547 3621 2740 3676 emicat
2769 3637 2797 3672 a
2825 3634 3012 3688 puero.

2024 3714 2157 3780 Quis
2189 3713 2364 3766 trahat
2394 3712 2510 3765 aede
2540 3726 2727 3778 vagum
2759 3719 2941 3764 sancta
2974 3709 3128 3763 Pater
3153 3706 3348 3776 aspicit
3373 3706 3564 3768 almus,

2096 3805 2300 3872 Aspicit
2331 3813 2383 3857 ct
2408 3804 2619 3857 lllanrus
2648 3804 2767 3872 quis
2802 3803 2970 3856 trahat
3001 3803 3115 3856 {ede
3144 3817 3356 3869 vagum.

2024 3891 2185 3946 Pusio
2211 3893 2388 3959 lapsus
2414 3893 2564 3958 aquis
2593 3891 2874 3944 Benedicto
2900 3898 3078 3944 mente
3108 3888 3338 3961 videtur,

2097 3984 2139 4036 A
2176 3983 2356 4036 Mauro
2385 3982 2607 4050 eripitur
2639 3982 2789 4050 pusio
2812 3981 2990 4050 lapsus
3019 3981 3189 4048 aquis.

2026 4075 2321 4142 Obstupeat
2350 4074 2486 4128 ratio
2517 4072 2732 4127 Maurus
2760 4072 2900 4142 quod
2932 4073 2983 4126 in
3012 4087 3168 4126 amne
3197 4071 3456 4136 cucurrit,

2098 4171 2174 4224 En
2204 4166 2394 4222 Petrus
2424 4167 2559 4220 alter
2585 4167 2757 4232 adest,
2787 4165 3069 4233 obstupeat
3099 4167 3254 4220 ratio.

2025 4261 2329 4325 Gressibus,
2360 4260 2576 4328 eloquio
2605 4272 2812 4314 cassum
2841 4258 3022 4310 luxere
3053 4266 3320 4325 parentes,

2095 4354 2190 4410 llic
2220 4367 2379 4422 prece
2407 4353 2570 4406 donat
2597 4365 2716 4404 cum
2749 4349 3039 4419 gressibus,
3073 4349 3306 4418 eloquio.

2025 4447 2151 4501 Post
2183 4445 2352 4499 Patris
2385 4445 2526 4498 hunc
2553 4442 2755 4497 obitum
2787 4440 3039 4507 sperabat
3061 4440 3257 4494 hab.:re
3289 4439 3537 4502 Casinus,

1944 4541 1995 4601 D
2093 4537 2322 4608 Optabat
2349 4536 2560 4591 Patrem
2596 4543 2716 4604 post
2741 4531 2911 4587 Patris
2941 4531 3083 4586 hunc
3109 4534 3331 4599 obitum,

2025 4630 2330 4687 Glannafoli
2359 4629 2514 4684 Pater
2541 4636 2622 4682 est
2647 4625 2865 4680 nimium
2893 4634 3149 4681 mtercntc
3175 4625 3388 4693 Casina,

2097 4725 2372 4792 Praecepto
2403 4721 2564 4791 patris
2596 4719 2891 4775 Glannal‘oli
2923 4717 3076 4771 Pater
3106 4727 3206 4772 est.

2022 4817 2067 4872 0
2095 4817 2372 4871 benedicte
2403 4823 2523 4869 tuus
2556 4813 2724 4881 replet
2750 4813 2927 4864 omnia
2952 4825 3157 4888 rumor,
3185 4809 3431 4869 alumnus

2095 4913 2139 4964 A
2171 4907 2337 4964 Gallis
2363 4907 2556 4977 petitur
2585 4921 2617 4959 o
2650 4903 2932 4960 Beuedicte
2954 4910 3094 4956 tuus.

2024 5005 2224 5061 Concio
2254 5011 2358 5060 tota
2389 5003 2533 5059 dolet
2558 5001 2698 5071 quod
2733 4999 2900 5054 Gallia
2933 4996 3161 5066 postulet
3184 4995 3356 5056 illum,

2094 5095 2245 5164 Quod
2271 5109 2330 5149 se
2359 5094 2609 5148 destituat
2638 5091 2824 5148 concio
2857 5095 2964 5141 tota
2993 5086 3154 5140 dolet.

2025 5189 2122 5244 Dat
2153 5188 2468 5243 Benedictus
2495 5186 2540 5238 ei
2579 5183 2789 5246 libram,
2820 5195 2912 5234 vas
2942 5189 3102 5246 atque
3131 5175 3382 5240 libellum,

2093 5279 2283 5334 Oscula
2311 5277 2438 5330 dant
2466 5275 2705 5340 Fratres,
2729 5271 2819 5325 dat
2845 5267 3162 5323 Benedictus
3190 5265 3261 5321 ei.

2023 5370 2366 5438 Prosequitur
2394 5381 2550 5436 super
2575 5365 2685 5418 haec
2714 5363 2778 5415 ad
2804 5369 3014 5431 portam
3035 5357 3444 5428 digredientem,

2097 5463 2404 5531 Digressum
2433 5457 2584 5512 donis
2620 5455 2958 5526 prosequitur
2985 5466 3144 5518 super
3169 5451 3304 5504 haec.

2025 5554 2266 5610 Destinat
2295 5552 2470 5605 almus
2497 5548 2544 5604 ei
2573 5562 2723 5602 sacra
2750 5543 2900 5598 xenia
2925 5540 3305 5611 relliquiarum,

2091 5642 2287 5710 llisquc
2317 5639 2515 5695 docens
2545 5635 2718 5692 verbis
2743 5633 2973 5689 destinat
2999 5629 3166 5686 almus
3197 5629 3268 5682 ei.
