4010 6334
420 309 556 372 {595

418 431 630 498 Accipe,
658 440 779 480 care
811 423 962 485 mibi,
997 436 1135 475 nunc
1163 420 1345 472 ultima
1375 417 1512 474 dona
1543 415 1806 485 magistri,

487 524 764 577 Extremm
794 517 970 584 apices
999 515 1197 580 accipe,
1233 526 1354 564 care
1382 508 1533 560 mibi.

417 613 545 668 llaec
571 612 688 676 tibi,
713 611 783 663 mi
812 608 1042 668 soboles,
1071 613 1305 656 nostrum
1333 607 1592 654 testentur
1620 610 1882 658 amorem,

487 704 758 758 Munimen
786 706 1034 767 prmStent
1062 697 1172 747 bare
1199 693 1313 757 tibi,
1347 691 1414 744 mi
1443 689 1679 745 soboles.

413 798 547 853 Octo
576 795 868 860 dt'cemque
899 799 1083 857 quater
1108 784 1400 852 complebis
1431 793 1664 848 tempora
1703 778 1884 842 terris,

488 886 642 940 ASIra
668 893 812 950 petes
841 883 973 934 actis
1001 888 1119 931 octo
1148 878 1440 942 decemque
1470 881 1678 939 quater.

412 979 528 1033 Jam
559 977 737 1028 valeas
765 973 966 1032 abiens,
995 968 1261 1022 contraria
1297 965 1631 1032 perpetieris,

487 1068 714 1134 Prostier
743 1065 842 1118 erit
874 1063 1149 1122 Dominus,
1179 1057 1292 1127 jam
1327 1057 1499 1109 valeas
1532 1057 1738 1110 abiens.

413 1158 648 1214 Plurima
670 1154 795 1207 dum
820 1151 1062 1220 graditur
1086 1151 1214 1200 fiunt
1239 1150 1500 1201 contraria
1531 1147 1739 1215 Mauro,

484 1250 641 1318 Signa
673 1245 793 1299 facit
823 1243 1032 1297 Maurus
1063 1240 1290 1311 plttrima
1323 1239 1446 1291 dum
1475 1238 1736 1306 graditur.

414 1345 632 1399 Fructus
657 1341 726 1393 ab
753 1354 873 1393 arce
907 1354 1066 1391 ruens
1100 1338 1244 1390 nullo
1273 1338 1568 1389 medicante
1601 1335 1846 1400 valescit;

486 1437 596 1490 lloc
622 1443 807 1488 orante
835 1434 971 1486 valet
1002 1430 1200 1482 fractus
1231 1430 1296 1482 ab
1319 1445 1441 1482 arce
1468 1443 1646 1490 ruens,

411 1531 543 1584 0:53
574 1524 721 1593 pedis
749 1524 927 1577 subito
955 1536 1111 1575 casus
1144 1520 1383 1574 distorsit
1411 1519 1694 1586 equestris,

482 1625 642 1679 Torta
675 1623 808 1693 regit
839 1622 1050 1676 Maurus
1080 1635 1198 1672 ossa
1230 1617 1378 1686 pedis
1407 1617 1605 1669 subito.

413 1715 651 1770 Luminis
679 1714 914 1768 ofﬁciunt
941 1711 1106 1780 poscit
1133 1709 1236 1763 sibi
1266 1724 1438 1762 camus
1467 1708 1532 1760 ab
1560 1719 1703 1774 ortu,

484 1807 548 1860 Et
577 1806 763 1875 recipit
787 1814 926 1858 tactu
958 1803 1170 1856 luminis
1201 1801 1453 1856 officium.

409 1898 742 1950 Semincretn
778 1910 998 1964 puerum
1028 1893 1119 1947 flet
1146 1902 1334 1954 mater,
1360 1900 1416 1946 et
1446 1892 1542 1964 iste
1566 1887 1751 1943 dolens
1783 1889 1893 1945 ﬂet.

483 1991 602 2041 Mos
643 2003 800 2056 prece
824 1989 915 2040 dat
941 1994 1186 2056 vegetum
1220 1984 1539 2036 seminecem
1569 1997 1811 2050 puerum.

410 2081 557 2147 Quod
588 2081 744 2133 Pater
772 2089 912 2132 astra
941 2087 1100 2146 petat,
1136 2076 1280 2129 videt
1310 2077 1524 2140 absens,
1556 2074 1689 2127 dixit
1721 2082 1776 2124 ut
1807 2072 1918 2136 ille,

483 2173 711 2241 Angelus
741 2171 863 2224 huic
891 2178 1154 2224 monstrat
1179 2167 1315 2235 quod
1352 2167 1509 2220 Pater
1542 2177 1680 2220 astra
1717 2175 1894 2234 petat;

409 2263 452 2314 ο
483 2261 762 2314 Benedicto
786 2262 869 2313 via
899 2260 1216 2313 consceudis
1247 2260 1308 2310 ad
1335 2260 1532 2312 :etltera
1558 2259 1708 2320 mira,

483 2355 586 2407 Fac
618 2355 716 2406 iter
741 2355 838 2406 bac
870 2353 1045 2414 nobis,
1075 2367 1107 2402 ο
1143 2351 1446 2416 llenedicte,
1481 2351 1583 2403 via.

412 2447 625 2500 Corruit
653 2447 878 2499 aedituus
907 2454 1108 2498 structo
1131 2444 1242 2511 jam
1275 2444 1473 2510 pariete
1502 2443 1738 2510 quidam,

485 2537 623 2588 Pene
654 2536 766 2589 obit
791 2535 836 2589 is
867 2544 1143 2602 postquam
1175 2535 1377 2588 corruit
1406 2534 1649 2588 mdiluus.

413 2624 565 2679 Hunc
595 2623 749 2678 Pater
775 2625 1021 2694 egregius
1050 2623 1292 2692 deportat
1316 2623 1382 2675 ad
1414 2623 1546 2677 ostia
1579 2623 1754 2690 templi

481 2717 712 2784 Sospitat
741 2726 795 2770 et
827 2717 1073 2784 precibus
1101 2716 1239 2769 hunc
1274 2715 1426 2768 Pater
1455 2716 1719 2784 egregius.

413 2806 629 2860 Validus
652 2805 947 2872 obstupuit,
981 2805 1069 2874 qui
1103 2807 1307 2859 venerit
1338 2806 1536 2860 inscius
1565 2807 1707 2870 illuc,

482 2900 632 2966 Quod
665 2901 839 2954 subito
869 2901 1047 2954 valeat
1077 2899 1282 2953 validus
1310 2899 1605 2968 obstupuit.
1751 2891 1756 2896 ’

427 2989 713 3058 Spiritibus
742 2989 954 3043 Satanae
988 3000 1095 3044 tres
1122 2990 1208 3042 dat
1241 2990 1498 3044 detractio
1532 2988 1733 3056 fabros,

488 3080 594 3134 llos
623 3080 805 3133 adimit
832 3080 1044 3133 Maurus
1074 3081 1352 3148 spiritibus
1382 3079 1618 3134 Satanas.

419 3172 493 3228 Es
531 3173 698 3226 tribus
727 3171 918 3241 eripuit
952 3171 1111 3225 vitam
1147 3171 1318 3225 malus
1353 3171 1574 3239 angelus
1600 3171 1710 3237 uni,

486 3263 640 3318 Morti
668 3278 826 3316 unum
857 3261 1068 3315 Maurus
1092 3276 1154 3315 ex
1187 3261 1355 3314 tribus
1386 3261 1602 3328 eripuit.

418 3356 512 3411 Vir
540 3355 852 3410 benedictus
882 3353 947 3406 ab
978 3353 1078 3407 hoc
1109 3352 1348 3420 septenni
1378 3368 1440 3406 ex
1473 3351 1624 3406 clade
1649 3352 1892 3419 valescit,

487 3447 606 3502 Mox
633 3446 800 3514 surgit
831 3457 1014 3510 s03pes
1047 3444 1128 3496 vir
1157 3441 1466 3496 benedictus
1493 3443 1558 3499 ab
1591 3443 1711 3497 hoc.

426 3539 564 3593 Vase
597 3553 801 3592 merum
834 3535 1070 3601 magelit,
1097 3549 1286 3588 manus
1317 3533 1474 3600 bujus
1505 3533 1644 3602 quod
1679 3532 1970 3599 benedicit,

491 3631 714 3700 Quoque
743 3628 910 3698 magis
935 3627 1132 3681 bibitur
1168 3640 1294 3680 vase
1323 3640 1526 3679 merum
1558 3625 1792 3695 magelit.

425 3723 680 3779 Canceris
711 3720 858 3774 ulcus
887 3719 1091 3772 babens
1119 3733 1304 3770 nasum
1337 3716 1478 3770 labra
1513 3717 1813 3785 perdiderat
1839 3715 1968 3786 jam,

500 3811 607 3864 lloc
634 3791 1046 3878 signante-valet
1084 3795 1324 3861 canceris
1353 3806 1499 3859 ulcus
1531 3805 1752 3860 habens.

416 3903 559 3958 Ostia
591 3902 824 3956 basilicm
854 3916 971 3954 cum
1001 3907 1158 3953 noctu
1191 3899 1389 3951 intrare
1422 3908 1659 3962 pararet,

492 3998 630 4050 Ante
657 3994 804 4048 stetit
829 3993 1052 4047 Satanas
1076 3990 1210 4044 osda
1243 3987 1500 4042 basilicae.

423 4087 600 4142 Maure
626 4085 853 4156 agedum
896 4082 1125 4152 prepriis
1149 4079 1298 4135 soliis
1331 4095 1427 4133 nos
1460 4078 1659 4148 pellere
1687 4091 1892 4147 speras,

491 4179 722 4233 Consule
743 4178 788 4231 si
820 4177 1000 4230 valeas
1029 4175 1207 4230 .‘llaure
1237 4173 1463 4240 agedum
1495 4171 1747 4240 propriis.

421 4272 523 4330 Vix
551 4272 670 4336 tibi,
695 4270 780 4324 vix
811 4265 974 4338 aliqui
1008 4266 1359 4320 remanebunt
1387 4280 1453 4317 cx
1478 4278 1636 4332 grege
1669 4271 1836 4329 tanto,

492 4366 691 4420 Omnes
716 4371 838 4416 sunt
867 4358 1059 4425 nostri,
1093 4359 1177 4411 vix
1211 4357 1322 4422 tibi,
1357 4357 1442 4408 vix
1472 4355 1658 4423 aliqui.

427 4459 492 4514 Ut
515 4459 722 4512 libitum
756 4457 931 4520 fuerit,
959 4454 1148 4508 ducam
1178 4453 1243 4506 de
1272 4453 1368 4506 hac
1394 4453 1549 4520 plebe
1580 4451 1899 4522 triumphos,

491 4549 762 4613 Occidam,
790 4557 1047 4611 sternant,
1077 4554 1133 4598 ut
1161 4545 1365 4598 libitum
1399 4544 1576 4599 fuerit.

421 4641 664 4707 lncrepet
688 4638 1044 4706 omnipotens,
1083 4637 1274 4705 inquit,
1308 4636 1523 4702 Satana,
1564 4635 1705 4692 Deus
1741 4634 1790 4689 in
1823 4645 1896 4700 te,

497 4731 660 4798 Inque
683 4730 787 4782 tuis
819 4728 994 4782 verbis
1024 4727 1263 4795 increpet
1285 4727 1645 4796 omnipotens.

425 4824 549 4878 llaec
580 4823 665 4876 ubi
695 4821 853 4876 verba
881 4821 1050 4887 dedit,
1081 4819 1309 4876 Satanas
1340 4823 1484 4874 velut
1511 4837 1636 4875 aura
1673 4820 1896 4886 recedit,

496 4916 677 4967 Introit
706 4913 820 4982 ipse
845 4912 1059 4966 domum
1090 4912 1204 4965 haec
1231 4913 1315 4964 ubi
1349 4913 1506 4966 verba
1539 4911 1706 4964 dedit.

426 5006 560 5060 Dum
587 5005 780 5071 rogitat
814 5003 1116 5067 Dominum,
1149 5002 1335 5056 solatia
1369 5003 1582 5055 emlitus
1611 5001 1824 5064 adsunt,

499 5098 731 5168 Angelus
759 5104 900 5152 astat
925 5097 971 5151 ei
1001 5097 1129 5150 dum
1155 5096 1349 5165 rogitat
1372 5093 1676 5146 Dominum.

502 5285 528 5312 η
561 5272 999 5328 Glannafoliense
1030 5270 1410 5327 monasterium
1452 5285 1480 5323 a
1514 5269 1760 5325 Gaidulfo
1799 5269 2006 5324 Raven-

428 5354 576 5409 nate,
605 5345 690 5398 rui
731 5359 759 5394 a
805 5344 990 5412 Pipino
1020 5341 1366 5395 commissum
1413 5340 1602 5406 fuerat,
1637 5341 1828 5412 misere
1852 5341 2003 5412 dire-

429 5426 576 5483 ptum
625 5414 820 5484 llorigo
866 5409 1332 5468 Andecavensium
1379 5425 1558 5484 comes
1603 5419 1658 5464 et
1703 5409 2010 5484 Bilecliildis

430 5481 598 5554 ipsius
627 5481 775 5538 uxor'
787 5495 1088 5538 restaurare
1108 5491 1406 5550 casperant.
1431 5482 1572 5554 pum
1605 5496 1727 5554 vero
1754 5481 2011 5554 in_c(epto

431 5549 595 5622 opere
625 5555 1004 5621 aliquantisper
1037 5549 1397 5624 tepescerent,
1423 5549 1585 5604 Jaeob
1607 5549 2013 5624 abbnstJortna-

434 5619 654 5680 ticetisis
686 5619 822 5692 apud
862 5619 1106 5678 Turanes
1147 5622 1314 5677 semel
1348 5622 1646 5692 iterumque
1677 5620 1890 5692 caelitus
1921 5619 2013 5671 ad-

434 5695 663 5748 monitus
688 5689 810 5747 dum
836 5709 928 5749 eos
956 5694 1020 5748 ad
1039 5711 1170 5762 opus
1187 5706 1381 5760 urgere
1404 5690 1719 5762 dissimulat,
1744 5689 1803 5744 S.
1832 5690 2014 5762 Mauro

444 5777 628 5833 punias
658 5765 772 5820 luit.
806 5765 926 5821 [hcc
958 5761 1242 5836 repetenda
1277 5774 1400 5818 sunt
1431 5777 1494 5819 ex
1527 5761 1742 5815 historia
1775 5761 2010 5814 eversio-

1018 302 1219 358 PAULI
1261 299 1535 356 DIACONI
1571 297 1722 350 OPP.
1766 293 1942 348 PARS
1983 293 1994 346 1

2123 321 2180 331 -
2221 291 2575 348 EPISTOL/E
2619 292 2704 346 ET
2743 290 3069 346 CARMINA.

2013 412 2059 466 Α
2094 404 2286 458 Desere
2316 405 2607 471 tristitiam,
2645 404 2868 458 Domine
2897 402 3240 468 cltarissimc,
3265 403 3447 472 jussus

3536 294 3680 353 1596

2172 506 2407 560 Prodidit
2437 507 2549 560 lizec
2581 509 2825 570 Satanas,
2855 503 3045 559 desere
3070 503 3363 558 tristitiam.

2095 605 2356 672 Tempore
2385 607 2579 674 quippe
2613 605 2758 658 brevi
2785 612 3017 657 vestrum
3051 617 3173 670 pars
3197 603 3369 672 major
3393 603 3586 668 obibit,

2167 707 2255 768 Tu
2277 721 2485 774 quoque
2512 720 2730 760 summa,
2752 714 2902 772 petes
2932 711 3176 770 tempore
3203 702 3399 773 quippe
3437 704 3602 758 brevi.

2095 808 2171 862 Ne
2205 821 2404 861 metuas
2431 807 2569 876 quod
2591 809 2663 859 ait
2693 817 2984 860 Straturum
3012 820 3071 859 se
3104 805 3218 858 fore
3244 813 3487 869 cunctos,

2171 900 2297 968 Ejus
2326 900 2502 953 nullus
2533 899 2654 962 erit,
2689 913 2753 950 ne
2785 909 2990 950 metuas
3017 897 3160 963 quod
3192 897 3286 950 ait.

2099 994 2222 1046 lla‘c
2248 993 2400 1045 Pater
2421 992 2646 1044 eximius
2677 990 2942 1056 prmscivit
2974 1005 3193 1044 munere
3217 987 3439 1054 Cltristi,

2171 1083 2442 1138 Fratribus
2465 1083 2683 1148 exponit
2710 1081 2822 1136 haec
2853 1081 3013 1135 Pater
3037 1080 3286 1135 eximius.

2097 1179 2250 1229 Astra
2285 1185 2467 1241 petens
2495 1172 2628 1224 obiit
2655 1187 2817 1239 parvo
2853 1185 2974 1241 pars
3005 1170 3233 1224 maxima
3261 1168 3510 1237 fratrum,

2171 1269 2388 1336 Ipseque
2421 1277 2537 1335 post
2566 1281 2750 1318 oumes
2777 1276 2918 1317 astra
2949 1275 3134 1332 petens
3161 1263 3315 1318 obiit.

2096 1358 2352 1411 Conditus
2375 1357 2425 1408 in
2452 1356 2654 1409 tumulo
2687 1354 2957 1421 signorum
2982 1356 3098 1408 luce
3125 1364 3392 1419 coruscat,

2171 1449 2221 1500 ltt
2244 1448 2394 1500 caelis
2418 1455 2602 1511 regnat
2626 1445 2871 1496 conditus
2903 1445 2952 1496 in
2982 1423 3210 1500 tumulo.

2099 1539 2222 1594 Inde
2252 1555 2378 1592 suos
2410 1538 2638 1592 fanmlos
2671 1535 2894 1590 Domino
2929 1537 3192 1588 tribuente
3223 1542 3420 1600 tuetur,

2175 1630 2380 1691 \‘isitat,
2413 1641 2568 1696 atque
2596 1628 2740 1682 fovet
2763 1629 2888 1680 inde
2912 1642 3036 1680 suas
3064 1627 3312 1684 famulos.

2100 1721 2279 1774 'l‘estis
2310 1721 2461 1772 adest
2491 1735 2653 1787 super
2681 1720 2780 1771 hoc
2803 1715 2981 1771 'czesus
3011 1733 3102 1783 per
3128 1717 3336 1770 somnia
3367 1725 3394 1753 ⁸
3422 1715 3610 1782 Jacob,

2170 1813 2379 1874 llillteil,
2410 1829 2470 1867 ac
2499 1812 2702 1881 Rorigo
2741 1813 2892 1864 testis
2921 1811 3070 1862 adest
3098 1825 3258 1871 super
3284 1807 3407 1864 hoc.

2092 1905 2266 1959 TeallS
2292 1906 2441 1958 adest
2473 1919 2633 1972 super
2661 1905 2758 1956 boc
2789 1902 3013 1956 Gaidulli
3048 1901 3304 1956 terribilis
3323 1904 3498 1965 mors,

2165 1996 2188 2032 ι)
2225 1996 2561 2065 Anuguareib
2599 1995 2742 2048 visus
2772 1994 2920 2046 testis
2951 1993 3097 2045 adest
3123 2007 3290 2059 super
3317 1992 3440 2046 boc.

2095 2081 2294 2149 impius
2320 2081 2408 2134 ille
2431 2077 2754 2151 [Gaidulfusj
2781 2078 2926 2131 ferox
2951 2077 3177 2131 famulos
3197 2079 3522 2132 distraxerat
3545 2079 3692 2148 tjllS.

2171 2172 2296 2242 lijus
2325 2172 2473 2225 calce
2506 2172 2639 2240 perit
2671 2169 2863 2238 impius
2897 2169 2984 2223 ille
3015 2169 3186 2226 ferox.

2099 2261 2191 2314 llu;
2211 2261 2320 2325 ilius
2336 2259 2726 2333 [Anaguaretb'l
2740 2274 2800 2310 ac
2816 2273 3067 2311 reverens
3087 2260 3252 2326 ipsius
3265 2257 3664 2314 adiverataedes

2169 2355 2342 2420 lpsum
2371 2363 2570 2422 spectat
2605 2353 2723 2408 inus
2747 2355 2830 2407 ltic
2856 2354 2971 2422 pius
3001 2369 3064 2406 ac
3092 2368 3360 2407 reverens.

2095 2446 2335 2510 (Iantiei,
2362 2454 2504 2510 vota,
2539 2459 2744 2512 preces,
2774 2445 2864 2497 tibi
2899 2452 3024 2498 tunc
3057 2445 3236 2507 dabat,
3271 2444 3487 2511 Angele,
3522 2442 3682 2496 Man.

2169 2536 2350 2605 Tuque
2371 2535 2537 2590 dabas
2570 2537 2793 2590 Domino
2812 2537 3204 2600 eantica,vota,
3233 2549 3436 2600 preces.
3548 2536 3690 2606 [rus,

2104 2625 2332 2692 Saepius,
2377 2627 2566 2694 inquit,
2599 2642 2699 2693 ego
2729 2627 2854 2694 quid
2882 2641 3058 2695 agant,
3087 2627 3391 2692 speculatus
3419 2641 3479 2682 es
3506 2627 3690 2689 isthic.

2178 2715 2300 2769 Viso
2333 2731 2479 2769 meos
2512 2716 2736 2769 famulos
2764 2718 2980 2782 sepius,
3017 2717 3206 2785 inquit,
3239 2732 3361 2785 ego.

2106 2807 2197 2861 llis
2227 2823 2318 2860 sua
2342 2809 2430 2876 qui
2459 2810 2668 2874 rapiunt
2693 2808 3000 2862 inhibentur
3031 2810 3242 2863 coalitus
3272 2809 3476 2875 hostes,

2175 2899 2432 2952 Amentes
2465 2899 2594 2951 littnt
2624 2899 2704 2951 Itis
2733 2914 2825 2952 sua
2849 2901 2935 2968 qui
2971 2901 3200 2967 rapiunt.

2108 2987 2196 3041 Bis
2225 2988 2478 3041 famulum
2514 2990 2782 3057 perimens
2817 2991 3070 3044 famulum
3101 2993 3216 3046 vice
3247 2990 3477 3048 reddidit
3505 2989 3650 3062 ejus,

2179 3079 2285 3135 Sed
2317 3081 2512 3134 misere
2538 3081 2692 3148 periit
2721 3081 2802 3135 bis
2830 3084 3080 3136 tumidum
3110 3085 3397 3151 perimens.
3543 3061 3558 3065 γ’

2108 3172 2234 3242 Ejus
2259 3174 2398 3243 apud
2434 3175 2690 3227 tumulum
2725 3177 2978 3228 miracula
3011 3177 3237 3245 plurima
3267 3178 3416 3243 fiunt,

2177 3263 2369 3318 Caelica
2399 3265 2550 3317 turba
2583 3265 2725 3318 canit
2753 3263 2871 3332 ejus
2895 3268 3030 3332 apud
3056 3268 3338 3321 tumulum.

2105 3351 2235 3421 Ejus
2269 3355 2406 3421 apud
2435 3357 2691 3407 tumulum
2722 3355 2911 3422 repetit
2935 3357 3082 3424 pedis
3103 3358 3240 3411 actio
3269 3359 3506 3429 claudos,

2184 3445 2278 3497 Est
2304 3445 2422 3497 data
2456 3445 2547 3497 lux
2577 3445 2732 3499 ciet-is
2760 3446 2876 3515 ejus
2909 3447 3045 3515 apud
3082 3450 3363 3506 tumulum.

2110 3537 2235 3606 Ejus
2264 3537 2404 3604 apud
2436 3538 2695 3591 tuntttlum
2726 3538 2884 3591 valuit
2917 3539 3241 3609 paralyticus
3270 3555 3394 3608 una,

2180 3631 2278 3684 Est
2301 3630 2421 3684 data
2453 3645 2554 3684 vox
2586 3633 2747 3685 mutis
2777 3632 2896 3701 ejus
2928 3633 3066 3702 apud
3103 3633 3385 3688 tumulum.

2107 3722 2238 3776 Octo
2269 3720 2415 3775 fuere
2443 3721 2601 3774 simul
2634 3723 2778 3776 vario
2803 3723 3058 3792 languore
3088 3726 3319 3794 gravati,

2183 3813 2482 3867 Incolumes
2513 3813 2616 3866 illic
2641 3822 2764 3866 octo
2795 3811 2944 3869 fuere
2968 3814 3148 3869 simul.

2108 3904 2297 3959 Omnia
2345 3903 2387 3957 si
2423 3902 2648 3958 referam
2697 3915 2902 3972 tempus
2934 3920 3018 3958 me
3045 3905 3255 3960 deseret
3285 3902 3484 3974 ipsum,

2187 3997 2296 4052 Vox
2328 4012 2414 4051 me
2443 3993 2655 4052 deficiet
2679 3998 2852 4051 omnia
2881 3999 2924 4052 si
2959 3996 3206 4052 referam.

2113 4089 2229 4159 Ipse
2254 4089 2485 4144 Casinus
2514 4099 2636 4142 atat
2667 4089 2873 4157 potiens
2903 4089 3236 4158 magnalibus
3265 4085 3406 4158 ejus,

2183 4180 2308 4250 Ejus
2335 4190 2390 4234 et
2423 4192 2444 4217 ο
2479 4182 2682 4235 exuviis
2731 4181 2842 4250 ipse
2868 4182 3092 4235 Casinus
3121 4191 3264 4235 ovat.

2113 4272 2280 4342 Ipsius
2312 4273 2395 4324 hic
2427 4272 2632 4326 meritis
2662 4271 2840 4326 multis
2869 4272 3025 4325 datur
3046 4287 3166 4326 esse
3197 4270 3454 4332 valentes.

2186 4363 2468 4415 Salvanlur
2499 4363 2672 4430 plures
2706 4363 2868 4430 ipsius
2901 4363 2986 4416 hic
3015 4364 3240 4417 meritis.

2037 4478 2082 4534 η
2118 4455 2210 4508 llic
2240 4451 2396 4506 Pater
2424 4455 2564 4508 alme
2590 4455 2690 4507 tuis
2718 4469 2949 4522 prasens
2977 4453 3351 4508 famulantibus
3372 4462 3503 4521 esto,

2185 4546 2446 4598 Auxilium
2477 4544 2662 4598 confer
2691 4544 2776 4598 ltic
2806 4546 2960 4599 Pater
2990 4549 3126 4599 alme
3158 4546 3282 4602 tuis.

2111 4635 2206 4692 llic
2238 4637 2390 4690 Pater
2416 4637 2554 4690 alme
2585 4636 2655 4689 tui
2682 4651 2885 4689 memor
2909 4638 3049 4689 adsis
3075 4635 3444 4706 discipulatus,

2182 4727 2352 4780 Patris
2382 4725 2568 4779 adesto
2596 4741 2775 4779 comes
2802 4727 2885 4780 liic
2919 4725 3070 4781 Pater
3097 4729 3234 4782 alme
3266 4731 3360 4784 tui.

2113 4817 2217 4872 Fac
2249 4831 2427 4885 prece,
2462 4816 2542 4869 fac
2574 4817 2778 4869 n'teritis
2811 4819 3013 4870 hostem
3043 4834 3354 4886 superemus
3379 4819 3641 4888 iniquum,

2183 4907 2290 4960 Nos
2321 4908 2466 4960 vobis
2495 4906 2668 4959 soeios
2705 4907 2780 4959 fac
2815 4925 2988 4974 prece,
3025 4908 3106 4961 fac
3133 4911 3358 4963 meritis.

2114 4997 2190 5052 Te
2220 4997 2374 5050 Patre
2401 4998 2577 5050 nostra
2602 4998 2793 5050 cohors
2821 5010 2936 5064 post
2969 4997 3174 5053 Patrem
3205 5013 3357 5052 cassa
3385 4997 3619 5062 dolebat,

2186 5087 2318 5143 Cum
2349 5085 2506 5142 Patre
2537 5087 2746 5142 laetetur
2773 5099 2822 5142 te
2853 5087 3010 5142 Patre
3049 5097 3231 5143 nostra
3260 5087 3476 5143 cohors.

2025 1769 2066 1825 Β

2025 3128 2071 3190 C

2116 5268 2199 5324 nis
2228 5281 2290 5321 ac
2316 5263 2724 5319 restaurationis
2749 5260 3197 5317 Glannafoliensis
3225 5274 3385 5331 quam
3415 5257 3611 5314 satculo
3642 5273 3697 5312 tv

2122 5338 2469 5393 Benedictino
2499 5335 2812 5388 referemus.

2183 5406 2208 5443 ι’
2256 5405 2599 5472 Anaguareth
2649 5404 2791 5457 Brito
2841 5402 2972 5457 mira
3006 5402 3070 5456 ad
3103 5399 3162 5455 S.
3190 5398 3358 5455 Mauri
3386 5397 3692 5469 sepulcrum

2115 5478 2266 5542 vidit,
2300 5493 2364 5528 ex
2396 5476 2584 5528 eadem
2611 5473 2861 5528 llistoria.

2193 5560 2214 5585 ε
2254 5533 2461 5600 Άιιςιοι·
2501 5560 2649 5615 agt-re
2695 5544 2901 5597 videtur
2933 5541 3020 5596 hic
3047 5541 3114 5595 de
3142 5537 3440 5615 brachio_S.
3470 5533 3698 5615 Mauri-3

2119 5621 2173 5671 ὃ.
2203 5618 2426 5670 Oddone
2450 5614 2515 5666 ad
2533 5605 2850 5668 Cassiuates
2888 5615 3222 5676 transmisso,
3273 5620 3330 5662 ut
3369 5609 3480 5664 Leo
3506 5605 3697 5661 Marci-

2117 5705 2278 5742 Canus
2308 5689 2358 5740 in
2393 5685 2481 5739 lib.
2519 5699 2556 5738 tt
2584 5685 2785 5738 Cbrou.
2808 5683 3042 5752 (ltissim,
3073 5696 3190 5750 cap.
3222 5680 3312 5744 55,
3344 5677 3544 5736 scribit.
