4010 6334
286 342 419 396 15ϋῖ

282 463 398 518 Sint
426 474 585 529 supra
611 468 753 515 astra
777 459 884 531 poli
910 475 1039 531 grex
1068 475 1187 516 cum
1216 461 1514 530 pastoribus
1537 463 1734 532 omnis,

354 554 485 612 Cum
516 569 675 624 grege
702 561 945 624 pastores
975 555 1081 608 sint
1110 570 1273 623 super
1303 564 1445 611 astra
1475 553 1605 623 poli.

875 645 1155 701 CARMEN
1198 646 1262 700 V.

603 749 628 777 ⁸
670 753 735 792 DE
774 751 975 793 SANCTO
1012 752 1208 791 JOANNB
1247 749 1526 791 BAPTISTA.

693 826 783 889 (Ex
806 828 1056 877 Thesauro
1078 827 1457 889 hymnolngico.)

467 910 553 965 UT
579 920 776 979 queant
801 913 933 966 laxis
967 912 1251 966 ltEsonare
1282 913 1426 966 fibris

463 1002 594 1055 Mira
622 1014 823 1070 gesturi
841 1019 891 1056 ιη
923 1004 1141 1057 FAmuli
1174 1015 1405 1069 tuorum,

463 1092 653 1147 SOLve
683 1094 862 1160 polluti
895 1093 1067 1148 LABli
1096 1108 1321 1160 reatum,

642 1186 833 1239 Sancte
857 1187 1114 1241 Joannes.

464 1278 695 1333 Nuncius
722 1279 865 1332 celso
905 1281 1124 1333 veniens
1152 1280 1388 1351 olympo,

464 1370 539 1423 Te
568 1370 706 1424 Patri
740 1387 986 1441 magnum
1018 1371 1129 1426 fore
1156 1373 1507 1443 nasciturum,

461 1461 660 1514 Nomen
691 1473 742 1516 et
776 1462 896 1515 vitm
925 1462 1117 1516 seriem
1146 1462 1392 1532 gerendas

639 1550 837 1604 Ordine
866 1552 1081 1620 promit.

464 1638 554 1693 ille
582 1642 827 1707 promissi
863 1642 1054 1697 dubius
1080 1643 1335 1712 superni,

467 1726 696 1784 Perdidit
721 1720 977 1800 prompta:
1007 1736 1251 1790 modulus
1281 1736 1525 1805 loquelw,

464 1820 565 1876 Sed
599 1822 897 1879 rcformasti
926 1829 1134 1894 genitus
1164 1840 1450 1898 perempta:

640 1915 849 1983 Organa
882 1920 1047 1972 vocis.

470 2002 680 2058 Ventris
708 2008 959 2063 obstrnso
987 2010 1188 2078 positus
1216 2012 1396 2079 cubili,

462 2094 717 2148 Senseras
748 2112 924 2166 regem
960 2100 1194 2154 thalamo
1224 2114 1523 2159 manentem

463 2185 594 2239 lliuc
625 2202 815 2254 parcns
853 2189 957 2241 nati
991 2190 1196 2245 meritis
1223 2204 1444 2263 uterque

632 2270 820 2331 Abdita
854 2283 1049 2353 pangit.

463 2373 626 2425 Antra
659 2374 857 2430 deserti
890 2379 1087 2431 teneris
1118 2380 1217 2435 sub
1245 2382 1419 2446 annis,

464 2462 670 2518 Civium
706 2476 905 2524 turmas
936 2470 1164 2541 fugiens,
1197 2475 1396 2540 petisti,

476 2554 553 2608 Ne
580 2556 680 2610 levi
708 2559 892 2612 saltem
926 2562 1193 2617 maculare
1215 2566 1374 2617 vitam

640 2649 709 2701 Fa
720 2650 860 2704 mine
891 2667 1092 2720 posses.

467 2734 702 2794 Prrebuit
733 2741 927 2797 hirtum
953 2746 1181 2814 tegimen
1220 2749 1477 2813 camelos,

462 2830 700 2895 Artubus
724 2836 891 2887 sacris
917 2839 1212 2905 Strophium
1242 2840 1503 2908 bidentes,

462 2920 556 2977 Cui
588 2924 726 2977 latex
760 2925 1030 2994 haustum,
1062 2932 1264 2984 sociata
1296 2941 1507 3000 pastum

643 3015 799 3069 Mella
827 3016 1065 3080 locustis.

460 3102 655 3158 Carteri
683 3113 886 3160 tantum
916 3110 1160 3164 cecinere
1185 3118 1362 3165 vatum

459 3188 632 3245 Corde
658 3208 895 3264 praesago
916 3194 1073 3263 jubar
1101 3198 1433 3271 adfuturum,

459 3282 536 3337 Tu
568 3285 780 3353 quidem
813 3287 993 3341 mundi
1021 3291 1194 3344 scelus
1224 3290 1553 3348 auferentem

641 3376 816 3431 Indice
848 3378 1047 3446 prodis.

452 3466 567 3522 Non
600 3467 697 3522 fuit
726 3472 859 3523 vasti
890 3473 1118 3539 spatium
1159 3487 1251 3541 per
1281 3473 1430 3529 orbis

456 3558 700 3613 Sanctior
727 3562 1002 3631 quisquam
1033 3562 1239 3631 genitus
1263 3563 1489 3635 Joanne,

457 3648 557 3715 Qui
582 3650 730 3703 nefas
759 3653 901 3706 sazcli
925 3656 1117 3706 meruit
1142 3656 1401 3710 lavantem

634 3741 861 3809 Tingere
886 3743 1135 3812 lyrnphin

457 3829 500 3884 Ο
532 3830 689 3883 nimis
723 3832 843 3885 felix
879 3834 1161 3900 meritique
1190 3835 1340 3903 celsi,

457 3924 713 3978 Nesciens
742 3924 910 3977 labem
945 3927 1081 3979 nivei
1119 3930 1357 3994 pudoris,

457 4012 765 4082 Pra-potens
792 4024 993 4084 martyr
1022 4017 1292 4087 cremique
1322 4019 1514 4089 cultor,

634 4106 862 4160 Maxime
891 4116 1088 4161 vatum.

449 4200 600 4255 Serta
627 4207 706 4253 ter
733 4199 882 4253 denis
912 4200 1047 4253 alios
1075 4212 1335 4257 coronant

451 4294 618 4344 Aucta
647 4290 957 4357 crementis,
989 4291 1251 4359 duplicata
1283 4292 1541 4360 quosdam

457 4379 618 4436 Trina
648 4392 873 4435 centeno
903 4383 1170 4436 cumulata
1201 4384 1372 4439 fructu

621 4474 697 4528 Te
726 4488 878 4528 sacer
907 4484 1119 4531 ornant.

450 4566 597 4627 Nunc
623 4576 808 4636 potens
838 4571 1003 4621 nostri
1029 4568 1231 4623 meritis
1256 4570 1449 4637 opimis

451 4655 688 4712 Pectoris
717 4659 878 4711 duros
908 4658 1110 4727 lapides
1133 4659 1357 4728 repelle,

454 4745 713 4815 ASperum
740 4750 959 4815 planans
987 4750 1108 4816 iter,
1144 4759 1198 4806 et
1224 4750 1454 4807 reﬂexos

619 4838 792 4908 Dirige
820 4843 999 4896 calles.

448 4925 516 4982 Ut
547 4929 660 4996 pius
693 4932 871 4985 mundi
899 4944 1044 4986 sator
1066 4942 1120 4989 et
1143 4936 1473 5006 redemptor,

447 5019 712 5074 Mentibus
738 5023 885 5089 pulsa
910 5024 1102 5080 livione
1128 5029 1294 5093 puris,

450 5114 569 5168 Rite
598 5114 848 5182 dignetur
877 5117 1093 5171 veniens
1113 5130 1354 5177 sacratos

627 5203 830 5259 Ponere
858 5222 1093 5276 gressus.

339 5346 364 5373 ἰ
395 5336 597 5407 Ubique
637 5349 839 5405 positus
886 5350 966 5394 est
1002 5343 1227 5409 hymnus
1264 5345 1312 5396 in
1352 5344 1635 5400 Nativitate
1674 5347 1841 5400 sancti

270 5408 508 5472 Joannis,
546 5411 596 5459 in
633 5410 871 5474 plurimis
914 5408 1047 5462 vero
1074 5412 1221 5465 libris
1265 5414 1581 5469 distributus
1627 5418 1677 5469 in
1710 5417 1841 5469 duas

268 5478 344 5529 vel
380 5486 492 5554 tres.
527 5486 701 5554 partes
743 5480 818 5554 ad
857 5480 1186 5554 matutinum,
1233 5483 1436 5537 Laudes
1483 5498 1535 5539 et
1584 5486 1842 5554 V'eSperas

267 5548 585 5623 mutandas;
631 5548 679 5601 in
711 5550 1031 5623 quibusdam
1052 5552 1372 5623 diminutas.
1406 5548 1729 5623 Explicatur—it
1759 5566 1842 5610 est

264 5631 479 5688 carmen
524 5616 710 5685 (usque
732 5616 800 5671 ad
834 5634 974 5675 vers.
1005 5620 1094 5688 5'2)
1138 5623 1345 5687 prolixo
1377 5616 1758 5678 commentario
1789 5630 1839 5679 in

266 5686 892 5759 Weitziidlleortologio,
931 5691 1016 5753 qui
1064 5686 1186 5759 quid
1230 5693 1417 5747 habeat
1453 5696 1582 5747 artis
1624 5697 1839 5751 musicae

262 5755 590 5811 amatoribus
630 5755 902 5827 graviiatis
943 5770 996 5815 et
1043 5755 1316 5816 suavitatis
1383 5766 1449 5818 ita
1494 5777 1832 5833 pucutonet;

1505 342 1743 398 SECTIO
1786 345 1847 399 ΙΙ.
1887 374 1958 385 —
1996 341 2320 397 CARMINA.

1891 468 1938 525 Δ

3405 335 3545 404 1598

2145 460 2412 515 Laudibus
2440 459 2583 514 cives
2613 458 2887 513 celebrant
2915 454 3133 524 superni

2141 552 2218 607 Te
2247 553 2385 605 Dens
2408 552 2633 619 simplex
2663 552 2964 619 pariterque
2994 548 3155 613 trine,

2147 642 2425 713 Supplices
2450 653 2503 696 et
2531 658 2626 697 nos
2654 642 2861 695 veniam
2893 652 3194 708 precamur,

2323 733 2484 787 Parce
2515 732 2823 798 redemptis.

2151 824 2386 879 Gloriam
2418 824 2565 878 Patri
2597 838 2910 878 resonemus
2937 836 3144 889 omnes,

2144 918 2210 972 Et
2237 917 2327 971 tibi
2355 916 2570 971 Christe
2598 919 2772 986 genite
2801 930 3057 984 superne,

2142 1007 2273 1061 Cum
2303 1008 2494 1076 quibus
2530 1019 2749 1062 sanctus
2781 1008 2937 1062 simul
2968 1015 3021 1061 et
3050 1013 3259 1060 creator

2326 1100 2557 1168 Spiritus
2587 1106 2796 1167 regnat.

2549 1234 2825 1289 CARMEN
2868 1234 2956 1288 Vl.

2446 1347 2513 1384 AD
2553 1346 2765 1384 PETRUM
2808 1342 3055 1383 PISANUM-

2030 1441 2122 1503 (Ex
2140 1439 2363 1501 Lehmuf,
2379 1440 2578 1490 Dissert.
2602 1453 2686 1491 sur
2710 1438 2787 1489 l‘ll
2798 1439 2873 1489 ist.
2899 1436 3022 1488 eccl.
3038 1442 3082 1487 et
3101 1436 3195 1487 civ.
3220 1435 3281 1486 de
3301 1435 3491 1492 Paris.)

1967 1545 2222 1609 Candide,
2256 1544 2529 1598 lumhil‘ido
2560 1545 2880 1614 proscissum
2911 1557 3128 1597 vomere
3154 1558 3398 1610 campum

1968 1637 2094 1690 \‘isu
2126 1645 2178 1690 et
2203 1637 2499 1690 restricias.
2523 1674 2569 1690 ..
2602 1636 2859 1689 lustrante
2892 1649 2984 1704 per
3007 1648 3162 1689 occas

1968 1728 2220 1782 Omnium
2252 1727 2371 1780 felix
2404 1727 2772 1781 conscendens
2805 1728 2988 1794 igneus
3015 1740 3169 1780 axem

1898 1806 1945 1866 Β
1972 1820 2247 1875 Perfundit
2273 1819 2436 1873 radiis
2465 1820 2616 1889 cujus
2639 1819 2880 1873 florentia
2904 1834 3029 1873 rura

1973 1913 2256 1982 Cynthius,
2289 1922 2342 1966 et
2370 1912 2593 1966 nebulas
2623 1912 2829 1965 ardenti
2856 1912 3056 1966 vertice
3083 1908 3319 1974 frenans,

1974 2005 2211 2059 Gliscere
2234 2005 2326 2058 dul
2353 2004 2554 2058 fructus
2586 2013 3029 2073 tempestatesque
3058 2016 3299 2069 serenas,

1972 2098 2121 2152 Illum
2151 2097 2381 2151 delectat
2405 2096 2542 2150 dulci
2572 2111 2824 2150 resonare
2849 2111 3089 2151 cammua

1975 2188 2223 2241 Condere
2252 2200 2307 2243 et
2334 2189 2625 2243 altisonum
2656 2190 2835 2259 gracili
2871 2191 2971 2242 sub
3015 2187 3273 2244 arundine
3312 2201 3551 2250 carmen,

1973 2276 2162 2333 infelix
2188 2279 2273 2333 ille
2296 2288 2378 2333 est
2404 2279 2552 2333 tetris
2582 2281 2664 2333 cui
2699 2280 2925 2334 nubibus
2952 2279 3120 2334 aether

1971 2368 2239 2433 Imminet,
2268 2378 2325 2431 et
2348 2371 2571 2423 miseros
2603 2371 2864 2424 discursat
2891 2370 3093 2439 grando
3120 2384 3214 2439 per
3251 2383 3446 2438 agros,

1975 2459 2371 2527 Subruiturque
2400 2459 2591 2513 domus
2617 2460 2794 2529 gelida
2819 2462 3074 2529 pertlante
3104 2460 3357 2528 procella,

1974 2551 2090 2609 Non
2125 2551 2254 2605 libet
2282 2552 2423 2606 hunc
2455 2552 2613 2607 talem
2636 2553 2898 2606 calamum
2930 2551 3118 2606 inﬂare
3147 2551 3345 2606 labello

1974 2644 2080 2698 Sed
2111 2645 2287 2712 potius
2319 2659 2544 2713 pronum
2572 2647 2708 2699 male
2732 2644 3039 2713 singultaria
3070 2645 3230 2700 verba

1971 2735 2165 2799 Edere,
2189 2744 2243 2788 et
2273 2735 2445 2790 uberti
2474 2734 2791 2803 perfundere
2815 2735 3057 2804 gramina
3083 2734 3231 2789 ﬂetu.

1970 2826 2014 2879 Ο
2043 2826 2175 2880 mihi
2204 2827 2245 2878 si
2275 2825 2488 2893 juvenis
2516 2840 2673 2894 quem
2704 2835 2877 2879 tecum
2910 2826 3092 2880 ludere
3115 2840 3325 2892 narras,

1970 2917 2132 2986 Cujus
2162 2919 2260 2972 vite
2292 2918 2495 2985 palmas
2525 2927 2578 2972 et
2605 2918 2799 2972 odoras
2831 2919 3061 2986 pandere
3086 2918 3266 2974 lauros

1969 3008 2259 3064 Miuciades
2286 3021 2490 3078 poterat
2521 3010 2844 3079 Stuzmyrne
2872 3027 2995 3065 rure
3017 3012 3211 3066 creatis

1970 3102 2213 3170 Tangere
2241 3102 2400 3161 colla,
2435 3102 2623 3170 pedem
2652 3102 2900 3172 dignatus
2924 3100 3109 3168 vellet,
3136 3110 3191 3155 et
3210 3108 3354 3157 esset

1889 3164 1935 3226 ο
1970 3176 2083 3246 Non
2111 3203 2214 3245 tam
2245 3190 2524 3246 dissimilis
2553 3192 2689 3245 sicut
2719 3202 2798 3245 est
2826 3199 2907 3244 tua
2939 3204 3096 3244 causa
3116 3231 3132 3256 ,

1968 3284 2212 3351 Aspicies
2243 3284 2379 3336 tristi
2414 3298 2499 3336 me
2523 3297 2752 3350 pangere
2773 3282 3007 3334 carmina
3033 3295 3188 3335 versu
3210 3320 3227 3347 ,

1968 3373 2200 3441 lieplere
2231 3381 2285 3426 et
2314 3373 2509 3427 densas
2536 3373 2685 3427 suavi
2720 3371 3080 3427 modulamine
3104 3372 3295 3437 silvas,

1965 3464 2133 3534 Hujus
2166 3474 2219 3519 et
2246 3465 2344 3518 hoc
2370 3466 2537 3534 ipsum
2566 3474 2647 3519 est
2677 3466 2816 3519 tenui
2842 3465 2979 3533 quod
3008 3473 3165 3518 canto
3189 3478 3431 3528 susurro,

1969 3555 2257 3622 Postquam
2295 3571 2380 3609 me
2413 3556 2611 3623 proprii
2646 3556 2871 3623 perfudit
2899 3556 3096 3609 lumine
3118 3555 3297 3608 vultus

1971 3647 2164 3700 Elicuit
2195 3647 2320 3700 muti
2351 3663 2693 3717 quascunque
2714 3664 2742 3702 e
2772 3659 2980 3716 guttere
3011 3662 3170 3700 voces

1965 3738 2129 3807 Cujus
2160 3739 2333 3791 adhuc
2365 3740 2531 3792 ﬁdens
2559 3739 2624 3793 de
2650 3754 2742 3805 spe
2770 3739 3021 3792 sustollor
3050 3737 3206 3791 herili

1963 3831 2104 3898 Spes
2136 3844 2286 3882 sacra
2314 3846 2472 3900 regna
2504 3832 2609 3899 puli
2646 3831 2848 3895 tribuit,
2878 3844 3001 3896 spcs
3026 3830 3203 3882 omnia
3224 3828 3450 3885 confert.

1962 3921 2203 3974 Mortuus
2239 3930 2318 3974 est
2350 3922 2590 3990 quisquis
2621 3921 2685 3975 de
2717 3936 2809 3987 spe
2844 3920 3121 3973 titubando
3147 3919 3399 3986 tepescit,

1964 4014 2100 4081 lii-gn
2130 4029 2226 4083 age
2256 4015 2541 4082 perplexos
2570 4013 2689 4067 forti
2724 4012 3033 4082 religamine
3060 4011 3231 4065 nodos

1960 4108 2201 4163 Pandere
2232 4109 2541 4161 multimoda
2574 4108 2875 4161 narratione
2910 4122 3002 4175 per
3025 4120 3182 4160 auras

1961 4203 2108 4258 Unus
2140 4219 2242 4256 non
2268 4203 2479 4271 genitor
2509 4202 2647 4271 quod
2677 4216 2734 4255 se
2761 4217 2864 4255 non
2894 4201 3056 4257 sentit
3086 4198 3284 4255 habere

1957 4292 2086 4345 Nam
2120 4308 2232 4346 mas
2257 4294 2540 4348 femineum
2569 4293 2659 4347 dat
2685 4292 2847 4359 prolis
2875 4306 3099 4357 corpore
3123 4305 3309 4345 sexum

1958 4386 2212 4440 Proditor
2236 4386 2541 4453 androgeno
2573 4400 2968 4452 nonnumquam
2996 4397 3155 4436 sexus
3185 4391 3409 4451 uterque

1852 4530 1853 4533 η
1881 4518 1930 4576 D
1958 4480 2054 4535 llic
2076 4480 2192 4533 sine
2220 4480 2507 4533 luminibus
2540 4480 2715 4532 lumen
2745 4478 2856 4543 dat,
2893 4477 3106 4530 naribus
3128 4475 3216 4529 ille

1825 4620 1831 4626 .
1881 4564 1925 4576 ”
1961 4571 2073 4625 Seu
2110 4570 2329 4636 pedibus
2357 4570 2707 4637 manibusque
2732 4581 2920 4622 carens
2945 4582 3037 4621 seu
3070 4576 3216 4635 parte
3239 4564 3429 4621 resecti

1957 4660 2203 4728 Qualibet
2234 4660 2507 4730 integrum
2531 4670 2751 4729 generat
2773 4659 2890 4714 sine
2920 4658 3037 4713 labe
3064 4658 3321 4726 puellum,

1954 4752 2112 4821 Saepe
2143 4768 2303 4821 pecus
2332 4753 2576 4806 mittilum
2610 4754 2766 4811 bruto
2799 4753 2888 4806 dat
2915 4767 3112 4809 cornua
3143 4762 3269 4805 nato

1952 4845 2042 4899 Sic
2068 4854 2215 4913 patre
2241 4854 2451 4898 curtato
2478 4844 2722 4899 cauditns
2742 4845 2971 4913 gignitur
3000 4858 3203 4911 agnus;

1954 4938 2218 4992 Pravterea
2247 4947 2300 4991 et
2323 4949 2498 4992 rerum
2531 4935 2739 5006 species
2765 4937 2971 4990 diversa
3003 4950 3095 5003 per
3119 4933 3304 4988 orbem

1958 5032 2031 5083 Ex
2056 5046 2114 5084 se
2142 5030 2380 5084 nascenti
2412 5030 2596 5083 tribuit
2627 5029 2766 5096 quod
2802 5044 2904 5082 non
2938 5028 3094 5082 habet
3125 5028 3280 5097 ipsa:

1956 5119 2067 5173 lloc
2082 5136 2252 5183 mare,
2272 5120 2371 5174 hoc
2386 5120 2561 5184 tellus,
2580 5134 2762 5173 conca:
2780 5133 2991 5187 quoque
3006 5132 3149 5185 saepe
3165 5114 3526 5186 frequentant.

1952 5209 2221 5264 Hactenus
2244 5210 2507 5263 incassum
2535 5219 2748 5263 certans
2775 5208 2821 5262 si
2844 5208 2980 5263 forte
3004 5207 3215 5262 cucurri

1958 5363 1977 5395 r
2014 5345 2202 5398 Notata
2234 5345 2451 5410 dignum
2484 5353 2565 5397 est
2593 5344 2731 5412 quod
2782 5343 2953 5397 Guido
2998 5342 3265 5406 Aretinus,
3311 5339 3526 5396 musicae

1946 5416 2135 5484 peritia
2165 5417 2301 5468 inter
2325 5415 2422 5467 arvi
2454 5416 2533 5468 sui
2562 5416 2760 5482 primus
2790 5416 2910 5480 (sub
2937 5413 3164 5467 Henrico
3190 5412 3254 5466 lll
3284 5414 3519 5484 impera-

1948 5482 2061 5540 tore
2092 5486 2266 5547 vixit),
2300 5500 2392 5538 sex
2417 5493 2569 5539 notas
2598 5486 2901 5553 syllabicas,
2934 5483 3127 5539 senarii
3156 5482 3363 5537 numeri
3399 5494 3517 5548 per-

1945 5555 2174 5609 fectione
2197 5556 2489 5608 delectatus
2514 5556 2794 5610 introduxit
2822 5571 2834 5607 :
2865 5570 2951 5619 υτ,
2975 5569 3063 5620 ne,
3087 5569 3142 5607 nt
3179 5570 3263 5618 ra,
3292 5565 3515 5616 sor..u,

1944 5642 2078 5689 quas
2108 5641 2170 5679 ex
2206 5626 2402 5693 hymno
2450 5624 2549 5677 hoc
2589 5635 2856 5679 mutuatus
2905 5634 2986 5678 est
3027 5635 3187 5691 atque
3228 5620 3517 5693 transtulit.

1941 5696 2193 5749 Natarum
2223 5691 2369 5747 illum
2411 5709 2685 5749 numerum
2730 5696 2877 5747 auxit
2911 5705 2965 5747 et
3001 5695 3145 5748 senis
3176 5691 3402 5762 receptis
3426 5702 3523 5747 eo-

1942 5768 2120 5822 mitcm
2152 5780 2308 5821 uuam
2335 5763 2527 5834 adjecit
2556 5780 2621 5821 ex
2648 5765 2834 5823 eodem
2868 5775 3050 5821 nostro
3081 5766 3276 5837 hymno
3307 5776 3378 5818 BI.
3401 5777 3424 5814 ι
3531 5770 3538 5780 ’
