4010 6334
514 310 650 365 I593
1103 310 1305 365 PAULI
1350 311 1617 367 DIACONI
1659 312 1809 366 Ol‘l’.
1856 314 2033 368 I‘AIIS
2075 314 2158 369 III.
2198 347 2267 358 —
2308 316 2665 375 ΕΡιδτοωΕ
2709 320 2793 376 ΕΤ
2822 320 3148 377 CABMINA.
3620 332 3763 386 Ιϐὓο

513 422 646 473 Cum
672 418 866 486 pietate
894 420 1029 475 doce
1054 422 1272 487 ﬂexum,
1297 437 1412 477 sunt
1443 426 1578 479 scire
1604 436 1846 495 paratus:

518 509 738 562 Vatibus
767 509 1021 579 antiquis,
1055 527 1214 578 parva
1243 519 1354 569 tunc
1375 515 1623 578 dissolve,
1657 533 1758 570 non
1788 517 1957 584 impar
1983 536 1996 570 :

517 602 629 663 Dic,
659 616 806 668 rogo,
837 602 954 670 quis
986 604 1194 670 genitor
1222 606 1426 659 cunctis
1453 606 1733 672 despectus
1765 608 1814 660 in
1843 609 1970 661 orbe
1992 650 2005 674 ,

514 697 618 750 Seu
648 706 849 751 castate
877 710 1070 751 carens
1100 699 1294 764 ingenti
1324 700 1516 753 robore
1546 713 1725 754 natum

515 786 787 851 Procreat,
820 787 1091 854 egregium
1125 789 1296 842 nullus
1323 792 1405 842 cui
1434 792 1622 844 sistere
1643 800 1828 843 contra

512 874 825 942 Praevaleat,
855 877 1145 947 mundique
1168 879 1321 932 simul
1352 896 1508 948 quem
1541 898 1703 952 regna
1735 892 2039 950 pavescant.

1085 988 1364 1042 CAIlMEN
1404 990 1509 1044 VII.

1144 1096 1211 1133 AD
1251 1096 1445 1135 REGEI.

1043 1168 1135 1229 (t2:
1162 1168 1381 1228 Lebmuf,
1410 1171 1550 1232 ibid.)

512 1266 757 1322 Cintltius
785 1268 1037 1325 occiduas
1056 1272 1252 1340 rapidis
1282 1274 1520 1330 declivus
1547 1275 1739 1332 adoras

507 1358 623 1416 Jatn
649 1358 904 1417 volitabat
930 1364 1104 1430 equis,
1134 1364 1243 1431 jam
1273 1380 1373 1419 nox
1405 1380 1462 1420 se
1488 1368 1689 1420 cmrula
1722 1366 1912 1437 pallam

509 1447 780 1515 Stilligero
803 1452 931 1505 varii
960 1454 1133 1507 cultus
1160 1454 1361 1522 fulgore
1388 1458 1668 1511 micantem

511 1536 908 1610 “orantemque
933 1544 1090 1597 simul
1121 1546 1275 1599 citius
1305 1546 1501 1600 vestire
1530 1549 1770 1613 parabat,

505 1627 635 1681 Cum
674 1631 848 1684 subito
877 1643 1050 1686 vestra
1081 1633 1254 1687 clarus
1279 1634 1404 1687 milii
1433 1637 1625 1689 missus
1654 1636 1721 1691 ab
1747 1636 1865 1691 aula

508 1720 707 1775 Detulit
733 1722 927 1791 ignitas
952 1726 1100 1794 quasi
1129 1727 1244 1794 puri
1275 1728 1508 1782 muneris
1533 1729 1698 1783 instar

505 1810 734 1881 Antiquo
763 1823 817 1866 et
837 1827 964 1867 caro
985 1816 1147 1868 corda
1174 1818 1416 1871 mittente
1446 1818 1646 1883 sodale,

508 1901 701 1957 Intima
727 1911 783 1957 et
809 1905 1011 1959 ventris
1041 1914 1379 1973 penetrantes
1408 1921 1577 1976 usque
1602 1909 1839 1977 sagittas.

506 1993 657 2050 Mane
680 2011 818 2051 novo
845 1997 910 2051 ad
936 2008 1142 2052 vestras
1179 2014 1335 2067 quam
1369 2001 1773 2069 properavimus
1800 2001 1964 2065 :cdes,

505 2085 571 2140 Et
592 2086 779 2155 spatiis
809 2102 941 2154 pene
967 2088 1175 2157 estjam
1209 2090 1295 2143 lux
1328 2090 1561 2144 revoluta
1585 2082 1788 2145 diurnis

501 2177 616 2231 Non
637 2178 763 2233 sivit
788 2178 1018 2234 brevitas
1044 2188 1136 2232 aut
1164 2180 1321 2249 digne
1344 2181 1615 2249 obponere
1644 2181 1870 2236 Petrum.

507 2265 799 2321 Missilibus
828 2277 1039 2334 contra,
1063 2269 1317 2337 Spatiose,
1345 2281 1435 2324 aut
1466 2270 1648 2325 ludere
1681 2271 1816 2325 telis.

498 2358 746 2413 Crastina
778 2362 1067 2435 conspicuo
1090 2377 1207 2415 cum
1238 2363 1323 2416 lux
1351 2362 1577 2431 fulgebat
1607 2361 1738 2429 Eoo,

502 2454 745 2509 Tinxerit
767 2465 821 2510 et
853 2457 1107 2511 tremulus
1131 2458 1339 2511 Titania
1365 2470 1593 2526 purpura
1616 2459 1806 2511 lluctus

499 2544 816 2616 Erravitque
846 2546 989 2615 vagis
1018 2548 1117 2601 late
1144 2548 1304 2601 rubor
1329 2562 1519 2602 aureus
1547 2549 1722 2611 undis,

496 2635 699 2689 Cuncta
727 2647 780 2691 et
813 2638 1066 2692 videbunt
1092 2638 1290 2693 Ριιωὺυ
1319 2638 1555 2693 radiante
1585 2652 1677 2707 per
1705 2637 1901 2692 urbem

497 2726 686 2796 Expiet
717 2739 901 2783 tenues
928 2746 1052 2784 arco
1081 2731 1312 2799 pellente
1342 2733 1561 2800 sagittas

500 2819 600 2885 Qui
632 2834 814 2874 carum
847 2833 902 2875 ut
931 2823 1135 2876 hostem
1158 2824 1348 2891 jaculis
1372 2823 1588 2879 conﬁxit
1612 2824 1799 2877 acutis.

446 2954 447 2957 η
500 2910 663 2965 Miror
685 2926 789 2979 qua
820 2914 1023 2967 numeri
1057 2924 1253 2967 textum
1277 2930 1382 2969 non
1409 2914 1629 2983 contigit
1652 2925 1779 2968 arte.

498 3001 752 3056 Extremo
780 3015 1020 3056 nostrum
1047 3007 1211 3059 tenuit
1240 3007 1377 3075 quod
1403 3006 1587 3060 limine
1611 3019 1826 3060 carmen

498 3092 672 3146 Ardua
706 3092 888 3148 divino
918 3094 1188 3164 nitidoque
1219 3097 1383 3167 fulget
1409 3097 1460 3151 in
1491 3098 1664 3152 horto.

492 3182 662 3237 Cedre
687 3185 821 3250 vale,
846 3193 900 3238 et
924 3186 1097 3240 celsos
1123 3190 1360 3258 pertingc
1383 3190 1659 3245 cacumine
1681 3189 1890 3244 nimbos

497 3275 573 3330 Tu
597 3292 805 3347 quoque
832 3293 950 3333 eum
982 3281 1173 3346 fructu,
1208 3282 1326 3336 felix
1351 3284 1642 3354 cyparisse,
1672 3298 1769 3353 per
1791 3297 1996 3337 arvum.

1049 3395 1331 3448 CARMEN
1376 3396 1505 3450 VIII.

890 3496 1013 3536 ITBH
1054 3499 1120 3536 AD
1161 3499 1330 3537 REGEM
1368 3499 1657 3538 PBECANDO.

1012 3572 1107 3632 (Ex
1136 3573 1356 3637 Lelitrttf,
1384 3577 1524 3636 ibid.)

498 3650 667 3705 Verba
694 3650 766 3705 tui
790 3652 990 3719 famuli,
1021 3672 1109 3709 rex
1142 3673 1372 3724 summe,
1399 3661 1613 3715 attende
1635 3676 1856 3719 serenus

568 3743 788 3811 Respice
818 3753 871 3798 et
901 3743 965 3797 ad
997 3745 1176 3799 ﬂetum
1206 3762 1326 3801 cum
1358 3749 1551 3815 pietate
1580 3767 1777 3807 meum.

495 3828 625 3886 Sum
657 3833 841 3897 miser,
871 3843 928 3887 ut
956 3849 1184 3899 mereor,
1213 3847 1574 3907 quantumque
1598 3842 1732 3895 ullus
1759 3844 1807 3897 in
1836 3846 1964 3900 orbe
1983 3857 2064 3901 est

567 3921 793 3992 Semper
822 3922 957 3978 inest
988 3924 1177 3992 luctus,
1214 3926 1383 3981 tristis
1411 3936 1463 3982 et
1494 3929 1646 3997 hora,
1678 3933 1828 3988 milii.

495 4012 765 4079 Septimus
790 4029 958 4070 annus
980 4017 1133 4071 adest
1162 4032 1224 4071 ex
1256 4035 1361 4088 quo
1393 4030 1476 4074 tua
1500 4037 1655 4077 causa
1689 4024 1899 4081 dolores

567 4104 884 4173 Multiplices
912 4118 1129 4177 generat
1154 4117 1210 4163 et
1240 4126 1354 4164 mea
1385 4113 1540 4166 corda
1568 4116 1756 4182 quatit.

496 4192 749 4262 Captivus
775 4199 965 4251 vestris
988 4213 1051 4251 ex
1082 4208 1205 4252 tunc
1230 4215 1512 4269 germanus
1540 4204 1591 4257 in
1613 4205 1723 4259 oris

569 4283 663 4338 Est
689 4300 838 4339 meus
869 4286 1063 4341 alllicto
1094 4300 1326 4355 pectore,
1358 4292 1550 4357 nudus,
1577 4309 1760 4361 egens.

492 4373 639 4428 Illius
666 4375 719 4428 in
749 4376 915 4443 patria
942 4378 1139 4447 conjux
1168 4381 1465 4435 miseranda
1491 4399 1585 4451 per
1608 4402 1794 4441 omnes

567 4464 828 4519 Mendicat
852 4468 1070 4534 plateas,
1105 4486 1199 4524 ore
1227 4479 1503 4539 tremente,
1534 4476 1701 4530 cibos.

492 4552 755 4619 Quattuor
782 4554 894 4609 haec
925 4559 1005 4610 vir
1037 4573 1126 4624 per
1154 4561 1347 4615 mixtos
1374 4574 1632 4618 sustentat
1656 4566 1723 4620 ab
1749 4576 1865 4623 arte

562 4644 707 4710 Quos
732 4645 817 4699 vix
850 4650 1131 4715 pannuciis
1161 4652 1410 4718 praevalet
1436 4655 1523 4709 illa
1552 4658 1673 4725 tegi.

500 4736 596 4790 Est
624 4736 753 4791 mibi
780 4753 898 4807 quze
930 4740 1112 4808 primis
1143 4743 1355 4798 Christo
1385 4755 1591 4800 sacrata
1629 4748 1727 4802 sub
1751 4750 1904 4805 annis

570 4828 806 4883 Excubat
826 4833 1034 4899 egregia
1064 4833 1408 4900 simplicitate
1435 4850 1607 4891 soror.

493 4917 617 4972 Ilzec
647 4918 745 4972 sub
768 4932 914 4974 sorte
937 4936 1057 4989 pars
1089 4923 1290 4977 lucrum
1322 4926 1436 4980 sine
1465 4928 1568 4981 fine
1600 4938 1873 4982 retentans

569 5008 772 5061 Privata
802 5017 888 5063 est
912 5010 1076 5064 oculis
1100 5011 1207 5081 jam
1238 5030 1401 5084 prope
1427 5017 1603 5070 ﬂendo
1626 5018 1755 5073 suis.

493 5099 968 5170 Quantulacunque
999 5102 1095 5157 fuit
1121 5104 1322 5173 direpta
1350 5118 1431 5160 est
1460 5117 1639 5161 nostra
1663 5110 1901 5175 supellex

562 5191 672 5244 Nec
697 5199 801 5257 est,
833 5192 968 5247 Iteul
996 5196 1206 5249 miseris
1233 5198 1320 5265 qui
1350 5196 1480 5250 ferat
1513 5198 1651 5253 ullus
1678 5214 1857 5267 opem.

488 5281 696 5353 Cunjux
730 5293 812 5339 est
834 5286 1012 5341 fratris
1044 5287 1203 5341 rebus
1223 5287 1433 5341 exclusa
1461 5292 1713 5356 paternis,

562 5375 787 5443 Jamque
814 5390 999 5431 sumus
1029 5376 1197 5431 servis
1228 5378 1522 5434 rusticitate
1555 5398 1727 5447 pares.

493 5462 754 5518 Nobilitas
776 5467 952 5534 periit,
986 5468 1193 5521 miseris
1223 5469 1449 5524 accessit
1472 5480 1701 5541 egestas,

563 5555 849 5611 Debuimus
880 5555 1052 5613 fateor
1076 5558 1346 5628 asperiora
1372 5563 1495 5631 pati.

566 5723 588 5749 ει
633 5714 873 5771 Dubium.

2109 429 2157 487 Α
2184 426 2283 481 Sed
2309 431 2579 499 miserere,
2614 442 2802 502 potens
2824 446 3022 501 rector,
3049 439 3335 501 miserere,
3364 456 3677 509 precamur,

2256 520 2318 572 Et
2358 521 2570 576 tandem
2604 525 2761 578 linem
2802 528 2901 589 bis,
2933 529 3041 595 pie,
3074 545 3209 595 pone
3237 533 3407 585 malis.

2187 613 2460 680 Captivum
2495 620 2678 684 patria:
2708 621 2870 674 redde
2898 630 2951 674 et
2972 623 3215 675 civilibus
3245 626 3419 688 arvis;

2252 704 2382 759 Cum
2410 710 2633 761 modicis
2666 711 2822 764 rebus
2852 712 3082 767 culmina
3114 713 3278 767 redde
3303 714 3481 771 simnI.

2182 796 2328 849 Mens
2363 809 2542 851 nostra
2579 808 2634 851 ut
2665 802 2878 855 Christo
2909 802 3088 863 Iaudes
3113 802 3163 855 in
3186 803 3325 856 secla
3354 805 3654 870 frequentet

2257 889 2496 942 lleddere
2524 890 2611 957 qui
2640 890 2785 947 solos
2814 894 3028 957 praemia
3060 894 3217 958 digna
3250 901 3441 959 potest.

2760 980 3039 1034 CARMEN
3081 983 3167 1037 IX.

2185 1066 2423 1136 Hymnus
2456 1068 2607 1120 Pauli
2645 1069 2847 1123 diaconi
2891 1074 2940 1122 in
2988 1074 3372 1127 translationem
3411 1074 3770 1129 Beneventum

2482 1140 2710 1204 corporis
2738 1141 2867 1192 beati
2905 1141 3148 1194 Mercurii
3183 1145 3443 1213 martyris.

2425 1233 2601 1290 (Petro
2625 1234 2857 1299 I’iperno,
2883 1238 2948 1285 de
2971 1236 3237 1286 Ell‘ectibus
3256 1241 3501 1303 magicis.)

2393 1313 2592 1385 Martyr
2618 1318 2863 1383 Mercuri,
2892 1320 3071 1371 sarculi
3106 1321 3264 1374 futuri

2460 1408 2670 1474 Perpeti
2699 1409 2833 1461 dona
2861 1412 3043 1480 glorias
3076 1428 3274 1467 corona

2461 1498 2560 1564 Qui
2590 1508 2730 1552 tuam
2761 1502 2885 1552 totis
2915 1514 3235 1557 venerantur
3264 1506 3401 1559 votis

2744 1589 3182 1645 Translationern.

2392 1674 2489 1739 Qui
2521 1676 2714 1729 dudum
2747 1678 2948 1744 Itonim,
2982 1680 3140 1733 Decio
3163 1683 3415 1738 dictante.

2470 1765 2627 1819 Multa
2664 1783 2755 1834 pro
2781 1769 2995 1822 Christo
3024 1787 3231 1837 passus,
3269 1773 3381 1842 ipso
3404 1774 3591 1835 dante.

2463 1858 2517 1911 In
2548 1874 2777 1913 cresarea
2810 1862 2888 1914 vir
2918 1862 3108 1916 virtute
3137 1878 3283 1929 ante,

2741 1950 2920 2007 Victor
2956 1954 3248 2007 occumbis.

2383 2036 2550 2102 Quem
2576 2038 2753 2092 Caesar
2782 2040 3046 2095 Constans
3070 2044 3237 2098 instar
3266 2060 3669 2112 prmcessorum

2464 2127 2715 2183 ltefcrens
2746 2145 2924 2185 secum
2956 2132 3086 2187 fines
3111 2134 3460 2203 Appulorum,

2458 2216 2686 2272 Proterit
2716 2221 2919 2273 intrans
2948 2237 3097 2276 more
3127 2233 3495 2294 tyrannorum,

2732 2313 2931 2366 Cuncta
2959 2328 3297 2369 consumens.

2401 2401 2620 2459 Interim
2647 2405 2826 2459 urbem
2860 2417 3028 2459 vastat
3054 2409 3355 2476 opulentam

2452 2491 2723 2545 Samnium
2744 2493 2907 2559 justa,
2943 2509 3066 2549 vero
3094 2497 3439 2564 loculentam,

2467 2583 2629 2652 Cujus
2658 2583 2862 2638 ruinam
2891 2586 3029 2641 Dens
3050 2588 3359 2654 violentam,

2768 2677 2841 2731 Ita
2870 2680 3094 2734 solatur.

2384 2766 2519 2820 Tres
2551 2768 2853 2834 emnobitm,
2887 2776 3049 2835 graue
3079 2767 3188 2823 Deo
3220 2770 3357 2835 vitae,

2456 2857 2555 2909 Ista
2582 2857 2841 2924 dolentes,
2877 2859 3056 2913 triSIes
3084 2870 3135 2913 et
3164 2871 3476 2926 mmrentes,

2460 2947 2665 3015 Corpus
2692 2948 2923 3014 beatum,
2959 2950 3057 3003 sibi
3084 2953 3531 3015 commendatum,

2699 3038 2928 3092 Hurnant
2960 3041 3176 3095 ibidem.

2388 3123 2527 3180 Urbs
2555 3126 2816 3193 desolata,
2846 3130 2915 3182 ita
2947 3132 3241 3196 consolata,

2460 3218 2629 3286 Super
2661 3218 2874 3272 humata
2898 3224 3136 3289 Corporis
3168 3224 3319 3277 beata

2453 3311 2583 3364 Ossa
2620 3323 2853 3379 prorata,
2887 3314 2956 3367 sit
2984 3316 3035 3367 vi
3063 3313 3218 3387 [ut?]
3251 3317 3355 3370 Deo
3377 3328 3537 3387 grata

2670 3400 2946 3458 Construit
2970 3408 3242 3473 templum.

2382 3491 2562 3546 Ca-sar
2590 3507 2909 3563 progressus
2936 3497 3085 3549 venit
3117 3496 3498 3567 Beneventum,

2453 3580 2559 3635 Sed
2588 3582 2637 3635 vi
2666 3596 2945 3651 repressus
2969 3584 3065 3637 sibi
3090 3585 3456 3651 resistentem,

2451 3673 2671 3727 llomam
2702 3675 2935 3737 festinat,
2967 3674 3179 3729 Samuia
3208 3676 3441 3732 declinat

2731 3764 3159 3833 Bellipotenlent.

2387 3855 2511 3909 Post
2534 3857 2709 3925 plures
2735 3872 2903 3913 annos
2928 3861 3170 3923 Arecbis,
3200 3861 3420 3932 insignis

2450 3948 2681 4002 Samnis:
2710 3949 2974 4017 princeps,
3008 3952 3189 4005 multis
3219 3962 3392 4007 motus
3413 3954 3623 4022 signis,

2453 4039 2697 4109 Martyris
2727 4054 2939 4110 corpus,
2975 4042 3213 4096 laudibus
3241 4046 3543 4115 condignis,

2666 4131 2937 4185 Samniam
2971 4134 3241 4199 transfert,

2380 4217 2423 4271 D
2450 4234 2593 4271 ‘nans
2623 4220 2671 4273 id
2695 4236 2786 4274 ara
2814 4222 2978 4276 nobili
3004 4223 3274 4290 prteclara,

2452 4309 2615 4377 Cujus
2640 4321 2851 4377 precatu
2880 4316 3022 4367 omni
3048 4329 3144 4369 nos
3174 4326 3319 4370 reatu

2455 4400 2704 4469 I’wugnia
2737 4404 2949 4457 beatum
2983 4414 3191 4473 purget,
3220 4419 3275 4461 et
3301 4416 3533 4476 optatum

2691 4495 2936 4551 Conferat
2967 4507 3181 4552 statum.

2380 4583 2562 4637 Honor
2590 4593 2643 4638 et
2675 4586 2863 4651 virtus,
2896 4602 3112 4657 regnum
3138 4599 3192 4643 et
3221 4600 3470 4655 potestas,

2446 4674 2527 4728 Sit
2554 4675 2693 4729 Deus
2724 4685 2907 4732 uoster
2940 4680 3057 4745 tibi,
3085 4682 3173 4748 qui
3204 4681 3279 4735 sic
3305 4694 3523 4751 praestas

2448 4764 2589 4819 Tuos
2618 4768 2786 4819 attolli
2814 4780 2997 4823 contra
3029 4786 3114 4825 res
3141 4773 3362 4827 infestas

2620 4856 2783 4924 Opem
2810 4857 3046 4913 ferendo.
3078 4863 3267 4917 Amen.

2719 4953 2744 4979 “
2785 4949 3056 5003 CARIIEN
3101 4952 3163 5005 Χ.

2434 5034 2547 5097 [(Ex
2571 5037 2726 5100 Tosti,
2747 5039 2902 5087 Storia
2927 5039 3211 5089 dellabadia
3233 5042 3463 5103 Cassio.)-

2160 5118 2314 5172 Clara
2336 5118 2477 5174 beati
2506 5134 2798 5189 agnoscere
2827 5123 2971 5177 Pauli
3001 5124 3244 5194 dogmata
3268 5128 3354 5195 qui
3388 5128 3495 5179 vult

2164 5206 2388 5263 Volvere
2412 5211 2551 5264 hunc
2576 5211 2788 5266 studeat
2816 5229 2934 5267 curn
2964 5229 3152 5283 magna
3176 5216 3421 5286 indagine
3452 5218 3680 5271 librum.

2158 5295 2384 5352 Carmen
2414 5299 2558 5354 enim
2590 5302 2712 5354 vitae
2746 5303 2939 5356 retinet
2966 5306 3268 5375 pariterque
3295 5308 3578 5375 gehennae,

2162 5388 2418 5443 Ecclesia:
2450 5393 2679 5459 pretiosa
2710 5395 2797 5447 Dei
2828 5397 3041 5449 tnunilia
3066 5406 3258 5466 gestat.

2163 5482 2257 5537 llic
2285 5496 2493 5551 quoque
2516 5486 2783 5552 repperiet
2813 5486 2980 5540 lecmr
3016 5487 3279 5542 frumenta
3305 5489 3608 5543 animarum

2163 5573 2224 5627 lit
2250 5572 2449 5631 saliens
2475 5573 2591 5633 siue
2619 5574 2829 5631 fastidio
2862 5577 3203 5649 requiemque
3226 5580 3453 5634 beatam.
