4010 6334
268 345 397 399 1601

265 457 551 525 Scriptoris
576 455 621 511 si
651 456 786 511 torte
815 454 985 510 velles
1014 468 1338 522 cognoscere
1371 471 1587 518 nomen,

264 546 465 600 Paulus
502 546 759 599 diaconus
781 545 1043 599 vocitatur
1066 555 1117 599 et
1147 548 1257 613 ipse
1285 547 1575 601 monachus
1598 565 1611 598 :

266 638 377 691 Iloc
408 652 542 702 opus
574 636 863 690 auxiliante
894 636 1004 689 Deo
1024 634 1278 704 perfecit,
1308 644 1363 690 et
1391 636 1479 690 ille

263 727 430 794 Ipsius
460 728 524 779 ad
556 726 764 779 laudem
788 736 841 780 et
869 728 1036 780 sancti
1067 727 1368 795 archangeli
1393 727 1691 781 Michaelis.

263 821 371 870 ()ro
398 832 467 870 ne
497 816 780 871 Dominum
804 831 1001 881 cesses,
1030 818 1214 882 lector,
1244 818 1493 887 rogitare,

262 908 480 959 Gratum
513 917 565 959 ut
596 909 822 972 accipiat
853 908 1128 974 scriptoris
1150 917 1329 962 votum
1358 918 1412 961 et
1438 910 1553 976 ipse

261 996 960 1064 Aliusinccpitt'gtiliniltil.
1007 1035 1020 1049 .
1064 1036 1079 1051 .
1125 1035 1139 1049 .
1184 1036 1198 1048 .
1242 1036 1258 1051 .
1301 1035 1316 1049 .
1363 1037 1375 1049 .
1420 1033 1436 1050 .
1482 1033 1498 1050 .

838 1108 1115 1164 CARMEN
1157 1110 1248 1165 XI.

464 1201 792 1271 Epitaphium
819 1201 1085 1255 Rothaidis
1113 1204 1236 1270 ﬁlia:
1269 1204 1454 1272 Pipini
1478 1207 1635 1274 πρῖε.

445 1290 538 1352 (Ex
564 1291 832 1351 Ducbesu.,
860 1291 981 1340 llist.
1012 1292 1179 1342 Franc.
1199 1296 1389 1355 script.,
1417 1301 1531 1343 tom.
1562 1295 1651 1359 ll.)

262 1368 362 1423 Hic
384 1383 486 1438 ego
519 1388 636 1439 quas
660 1373 815 1440 jaceo
844 1373 1054 1426 ltotaith
1080 1373 1403 1445 [ltothaidis]
1429 1378 1643 1428 nomine
1666 1376 1835 1442 dicor,

267 1461 395 1526 Quae
419 1475 590 1531 genus
616 1464 826 1517 excelso
852 1464 1072 1517 nimium
1099 1466 1166 1519 de
1188 1466 1423 1533 germine
1449 1468 1607 1521 ducti.

262 1550 391 1604 Nam
423 1553 549 1606 mihi
580 1568 860 1622 germanus
892 1562 1074 1620 gentes
1099 1555 1181 1618 qui
1212 1554 1442 1608 subdidit
1471 1555 1638 1609 armis

264 1644 552 1707 Ausonias,
582 1642 749 1697 fretus
772 1644 988 1697 Carolus
1017 1645 1211 1699 virtute
1236 1643 1516 1713 Tonantis,

262 1734 480 1800 Pipinus
512 1745 658 1803 pater
681 1745 763 1789 est
791 1733 982 1788 Carolo
1012 1736 1078 1789 de
1102 1736 1339 1805 principe
1368 1745 1566 1800 cretus,

1470 343 1707 397 SECTlO
1747 341 1810 397 ll.
1853 372 1921 382 -—
1958 340 2284 399 CARMINA.

3381 345 3517 406 1832

1868 460 1913 516 Α
1945 455 2082 509 llttic
2110 464 2214 508 tam
2240 456 2380 509 clara
2408 455 2502 509 fuit
2531 458 2769 512 ﬂorentis
2792 460 2957 527 gratia
2986 460 3189 526 formae,

2013 547 2126 611 Qua
2159 562 2261 599 non
2291 549 2515 602 occiduo
2544 550 2817 618 pulchrior
2844 552 2945 604 ulla
2980 551 3115 605 foret

1942 636 2103 704 Cujus
2135 638 2269 689 haud
2303 647 2546 692 tenerum
2576 649 2800 708 possant
2826 650 3037 709 aiqnare
3064 641 3313 697 decorem

2012 725 2277 778 Sardonix
2313 729 2481 792 pario,
2508 728 2613 780 lilia
2648 729 2807 781 mixta
2838 730 2995 786 rosis.

1941 816 2187 870 Attamen
2221 817 2356 870 lianc
2389 819 2620 884 Speciem
2652 823 2975 888 superabant
2997 822 3191 876 lumina
3217 824 3414 890 cordis,

2011 908 2439 976 Simplicitasque
2468 910 2684 977 anima),
2720 912 3042 981 interiorque
3069 914 3251 967 decor.

1940 996 2019 1050 Tu
2052 998 2213 1059 mitis,
2238 1001 2470 1066 sapiens,
2497 1000 2702 1059 sollers.
2726 1000 2955 1067 jucunda
2983 1002 3149 1069 fuisti,

2014 1089 2244 1157 Dapsilis
2274 1099 2327 1143 et
2355 1092 2560 1145 cunctis
2590 1093 2944 1146 condecorata
2976 1094 3150 1147 bonis.

1944 1180 2049 1237 Sed
2081 1182 2207 1250 quid
2237 1182 2388 1249 plura
2422 1182 2614 1248 feram,
2639 1200 2759 1238 cum
2785 1202 2889 1239 non
2916 1187 2982 1239 sit
3009 1188 3258 1255 grandior
3280 1189 3383 1243 ulla

2013 1273 2151 1327 Laus
2182 1276 2294 1337 tibi,
2320 1290 2475 1344 quam
2504 1284 2653 1330 tanto
2683 1279 3072 1342 complacuisse
3105 1282 3239 1333 viro.

1939 1363 2180 1433 Cumque
2215 1366 2295 1419 \‘ir
2319 1368 2649 1433 armipotens
2678 1372 2901 1433 sceptris
2928 1369 3191 1438 junxisset
3219 1372 3372 1424 avitis

2014 1454 2414 1525 Lioiferumque
2448 1456 2666 1524 l’adttm,
2696 1459 3121 1530 Romuleamque
3155 1462 3179 1499 ι)
3212 1461 3412 1515 Tibrim
3442 1482 3451 1513 ε

1941 1546 2018 1600 'l‘u
2046 1547 2155 1601 sola
2188 1549 2397 1603 inventa
2425 1565 2505 1611 es.
2540 1551 2703 1605 fueris
2734 1568 2852 1621 quae
2879 1556 3035 1621 digna
3070 1562 3254 1609 tenero

2019 1637 2323 1707 Multiplicis
2354 1642 2499 1709 regni
2527 1649 2689 1697 attrea
2718 1654 2927 1711 sceptra
2955 1656 3140 1697 manu.

1936 1724 2002 1798 1°
2030 1728 2179 1782 Alter
2208 1731 2274 1783 ab
2304 1732 2583 1786 undecimo
2602 1732 2710 1801 jam
2743 1742 2793 1786 te
2819 1742 3128 1801 susceperat
3159 1747 3351 1799 annus,

262 1831 560 1895 Agarcuum
592 1827 779 1879 stravit
810 1841 994 1894 magna
1020 1825 1107 1894 qui
1135 1827 1281 1880 caede
1306 1826 1499 1899 [clade]
1529 1832 1833 1897 tyrannum.
1869 1812 1916 1871 Β
2011 1822 2143 1874 Cum
2180 1834 2272 1875 VOS
2303 1822 2593 1878 melliﬂuus
2614 1825 2939 1878 consociavit
2962 1823 3176 1896 amon]

264 1920 485 1987 Pipinus
518 1934 765 1987 proavus,
798 1935 901 1985 quo
929 1936 1030 1971 nun
1059 1920 1312 1973 audacior
1339 1920 1500 1976 ullus.

263 2015 361 2063 Ast
391 2012 591 2064 abavus
622 2010 885 2063 Anschise
916 2020 1119 2078 potens,
1156 2012 1242 2078 qui
1276 2010 1419 2063 ducit
1445 2011 1512 2064 ab
1544 2010 1634 2065 illo

263 2101 497 2169 Trojano
522 2102 750 2154 Anchisa
783 2101 938 2169 longo
968 2111 1084 2168 post
1109 2112 1346 2166 tempore
1371 2115 1583 2154 nomen.

265 2191 413 2244 Ilunc
444 2191 625 2260 genuit
656 2200 804 2259 pater
829 2191 927 2243 iste
958 2205 1111 2243 sacer
1135 2190 1430 2258 prmsulqne
1456 2191 1663 2255 beatus,

261 2283 592 2351 Arnulphus,
619 2282 767 2335 mlris
791 2282 953 2348 gestis
985 2282 1074 2348 qui
1109 2280 1270 2350 fulget
1302 2281 1519 2348 ubique,

263 2374 356 2425 llic
388 2389 471 2427 nte
498 2388 593 2441 spe
614 2374 765 2440 Cujus
790 2373 909 2426 freti
945 2386 1170 2438 posuere
1204 2381 1477 2440 parentes.

828 2486 1107 2540 CARMEN
1148 2487 1262 2541 XII.

436 2574 569 2629 Item
593 2576 909 2645 epitaphium
930 2579 1140 2630 alterius
1165 2578 1293 2645 ﬁlia:
1319 2575 1642 2630 Adlielaidis.

766 2669 856 2727 (Ex
889 2669 1153 2730 liuchesa.,
1181 2668 1324 2729 ibid.)

214 2816 225 2825 ﬁ
263 2753 591 2822 Perpetnalis
613 2768 762 2806 amor
788 2753 1057 2821 rapiendae
1087 2761 1140 2806 et
1164 2767 1322 2806 causa
1349 2750 1532 2806 salutis

338 2844 564 2901 Portare
590 2862 745 2915 quem
780 2845 920 2913 vigili
949 2846 1049 2898 huc
1079 2859 1362 2913 properare
1384 2844 1526 2897 facit.

260 2937 427 2990 Nosse
459 2939 610 3004 cupis
632 2952 726 2988 cur
755 2934 902 2988 busta
934 2950 1084 2989 sacer
1107 2949 1392 2988 numerosa
1424 2942 1650 2989 retentet

334 3029 430 3081 llic
461 3028 628 3092 locus,
656 3026 896 3095 astrigeri
918 3041 1022 3094 qua
1053 3035 1194 3094 patet
1220 3028 1336 3079 aula
1365 3025 1511 3094 poli?

263 3117 364 3169 Istc
393 3130 544 3169 sacer
569 3114 771 3168 Domini
803 3114 889 3182 qui
924 3123 1041 3182 post
1071 3115 1302 3168 servavit
1332 3114 1471 3170 ovile

336 3206 581 3275 Legitimi
610 3205 780 3258 fuerat
810 3204 1063 3273 genuinis
1092 3208 1215 3258 ante
1238 3214 1409 3274 pater.

260 3294 425 3362 Cujus
456 3296 741 3363 posteritas
766 3308 921 3345 atavo
951 3294 1152 3347 conlisa
1183 3303 1433 3363 patrono,

335 3384 445 3437 Hoc
474 3385 619 3453 cupit
652 3387 701 3435 in
733 3394 917 3436 sancto
948 3398 1144 3447 ponere
1175 3384 1409 3437 membra
1446 3383 1586 3438 loco.

265 3475 433 3542 i’ipini
467 3474 552 3527 hic
586 3474 763 3543 proles
792 3473 1050 3527 Adheleid
1085 3476 1165 3542 pia
1194 3475 1342 3543 virgo
1372 3475 1623 3543 quiescit,

335 3570 502 3631 Quam
530 3565 687 3618 simul
717 3573 770 3617 et
799 3564 1032 3631 reliquas
1060 3574 1241 3618 sancte
1266 3576 1415 3620 tuere
1446 3565 1623 3619 Pater.

825 3652 1106 3706 CABMEN
1150 3652 1284 3707 Xill.

266 3755 289 3781 ει
327 3741 658 3812 Epitaphium
687 3739 1018 3808 llildegardis
1040 3741 1231 3810 regina:
1253 3741 1423 3793 Caroli
1450 3738 1628 3809 Magni
1645 3740 1834 3792 uxoris.

267 3832 360 3895 (Ex
377 3835 517 3881 variis
535 3830 864 3887 Edit.Baron.,
880 3829 1147 3892 Duehesu.,
1170 3831 1407 3891 Bouquet.
1427 3838 1478 3877 et
1496 3829 1839 3891 ms.Meteusi.)

268 3925 447 3970 Aurea
476 3930 596 3985 qua:
619 3915 773 3967 lnlvis
796 3915 1013 3967 rutilant
1042 3915 1301 3969 elementa
1332 3914 1532 3984 ﬁguris,

340 4009 506 4075 Quam
532 4009 674 4059 clara
702 4007 1004 4060 exstiterint
1028 4007 1264 4059 membra
1294 4007 1502 4074 sepulta
1528 4006 1741 4061 docent.

269 4101 363 4156 Hic
386 4101 563 4169 regina
587 4099 749 4168 jacet,
774 4098 882 4167 regi
915 4098 1166 4168 praecelsa
1199 4099 1399 4165 potenti

342 4191 626 4259 Ilildegard
651 4190 841 4243 Carolo
868 4205 984 4259 qua:
1012 4189 1147 4243 bene
1185 4198 1343 4257 nupta
1377 4187 1506 4254 fuit;

266 4282 394 4350 Qua:
422 4289 627 4333 tantum
655 4281 813 4333 clarge
847 4280 1173 4332 transcendit
1204 4280 1387 4347 stirpis
1412 4268 1685 4343 alumnos,

338 4374 625 4438 Quantum,
657 4386 761 4439 quo
790 4370 965 4439 genita
991 4382 1103 4434 est,
1136 4370 1306 4423 indica
1333 4384 1542 4439 gemma
1571 4370 1766 4424 solum.

1859 3161 1906 3221 C

1942 1909 2095 1965 Alter
2122 1912 2191 1966 ab
2222 1911 2248 1947 ά
2284 1914 2566 1968 undecimo
2594 1932 2805 1969 rursum
2831 1924 2885 1970 te
2909 1916 3122 1970 sustulit
3144 1930 3334 1979 annus,

2012 2001 2128 2056 lleu
2158 2003 2385 2071 genitrix
2420 2019 2600 2074 regum
2628 2008 2639 2058 !
2668 2006 2779 2059 lleu
2806 2006 2968 2061 decus
2989 2016 3146 2075 atque
3173 2003 3351 2060 dolor!

1940 2095 2018 2149 Te
2042 2095 2297 2160 Francus,
2331 2098 2563 2162 Snevus,
2592 2100 2888 2153 Germanus
2914 2112 2967 2154 et
2997 2103 3109 2170 ipse
3137 2101 3437 2164 Britannus,

2012 2185 2251 2255 Cumque
2274 2187 2419 2243 Getis
2456 2190 2600 2242 duris
2630 2190 2829 2258 plangit
2864 2201 2886 2227 ε
2914 2191 3120 2261 llybera
3153 2193 3347 2244 cohors

1942 2277 2134 2331 Accola
2168 2288 2216 2330 te
2238 2278 2461 2347 Ligeris,
2499 2291 2549 2333 te
2578 2276 2740 2335 deﬂet
2764 2292 2814 2334 et
2846 2283 2970 2335 Itala
3005 2284 3182 2348 tellus,

2014 2365 2242 2436 Ipsaque
2265 2381 2436 2424 morte
2469 2379 2553 2423 tua
2584 2374 2737 2424 anxia
2774 2374 2936 2425 ltoma
2967 2373 3151 2440 gemit.

1940 2457 2149 2511 lloviSIi
2178 2458 2243 2511 ad
2272 2459 2429 2512 lletus
2460 2470 2514 2513 et
2541 2462 2693 2513 fortia
2726 2465 2884 2514 corda
2911 2462 3141 2515 virorum
3168 2479 3181 2515 :

2015 2547 2093 2600 En
2126 2548 2375 2617 lacrymaa
2408 2550 2628 2619 clypeos
2661 2552 2795 2604 inter
2825 2563 2875 2605 et
2908 2568 3051 2605 arma
3078 2554 3292 2609 cadunt.

1941 2639 2075 2703 lleu,
2116 2638 2134 2677 ί
2165 2644 2378 2709 quantis
2402 2645 2613 2709 sapiens
2635 2656 2689 2695 et
2713 2645 2919 2696 lirmum
2960 2647 3151 2699 robore
3181 2651 3389 2713 semper

2014 2729 2204 2784 Ussiin
2234 2731 2463 2784 ﬂammis
2494 2741 2676 2799 peetus
2710 2733 2874 2786 herile
2899 2734 3024 2787 viri!

1939 2818 2156 2876 Solatur
2187 2827 2408 2872 cunctos
2440 2834 2563 2887 spes
2595 2822 2724 2880 hac,
2756 2820 2849 2873 sed
2880 2831 3043 2886 certa,
3068 2821 3329 2889 dolentes,

2011 2911 2114 2966 Pro
2137 2911 2311 2981 dignis
2342 2912 2492 2967 lactis
2520 2912 2658 2982 quod
2686 2927 2836 2967 sacra
2864 2928 3020 2983 regna
3054 2923 3221 2969 tenes.

2013 3094 2325 3165 Participem
2352 3095 2464 3150 ﬁeri
2497 3096 2632 3151 hanc
2665 3097 2821 3151 Pater
2851 3099 2987 3151 alme
3022 3099 3126 3151 tuis

2491 3258 2768 3315 CARMEN
2824 3254 2957 3317 XIV.

1941 3395 2275 3467 Epitaphium
2313 3388 2639 3464 llildcgardis
2686 3394 2860 3449 Caroli
2894 3406 2939 3449 et
2984 3386 3317 3466 Hildegardis
3361 3388 3513 3465 ﬁlim.

1940 3530 2255 3601 llildegardl
2284 3530 2455 3599 rapuit
2481 3529 2655 3584 subito
2684 3537 2734 3583 te
2767 3529 2921 3583 funus
2949 3530 3224 3595 acerbum,

2009 3626 2119 3678 Ceu
2148 3632 2321 3691 raptat
2352 3624 2550 3676 Boreas
2576 3637 2700 3676 vere
2725 3623 2941 3689 ligustra
2971 3637 3127 3676 novo.

1945 3714 2188 3782 Explevit
2219 3713 2444 3767 necdum
2467 3715 2586 3765 vita:
2617 3713 2709 3765 tibi
2738 3714 2967 3765 circulus
2992 3728 3210 3779 annum,

2012 3812 2200 3861 Annua
2232 3820 2330 3859 nec
2362 3806 2507 3858 venit
2534 3804 2620 3856 lux
2652 3804 2916 3873 geminata
2950 3805 3065 3857 tibi.

1943 3896 2165 3951 Parvula
2195 3910 2297 3947 non
2330 3909 2549 3963 parvum
2578 3893 2766 3961 linquis
2795 3894 3096 3961 virguncula
3126 3894 3346 3961 luctum,

2016 3988 2533 4053 Conlodiensjaculo
2564 3989 2702 4053 regia
2728 3986 2885 4037 corda
2920 3987 3108 4039 Patris.

1944 4079 2125 4133 Matris
2152 4081 2355 4130 habens
2380 4091 2572 4129 nomen
2601 4091 2824 4129 renovas
2853 4079 2876 4116 Β
2914 4079 2971 4129 ‘e
3004 4086 3172 4131 morte
3194 4077 3451 4143 dolorem,

2014 4170 2299 4238 POStqnam
2330 4168 2504 4221 vixisti
2533 4170 2617 4220 vix
2651 4170 2991 4237 quadraginta
3019 4169 3154 4222 dies.

1944 4282 2164 4337 Pectore
2196 4295 2291 4333 nos
2318 4289 2507 4333 maesto
2538 4280 2888 4347 lacrytnarum
2924 4278 3193 4334 fundimus
3222 4295 3431 4347 amnes,

2013 4373 2092 4427 Tu
2123 4372 2340 4426 nimium
2373 4370 2495 4424 lelix
2524 4370 2709 4439 gaudia
2744 4371 2893 4437 longa
2928 4370 3078 4439 petis.

340 4516 366 4544 ι
408 4502 597 4557 Paulus
640 4500 1007 4575 Waruehidus
1030 4542 1045 4567 ,
1097 4501 1147 4554 in
1180 4502 1313 4575 libro
1340 4474 1697 4575 dc_episcopis
1718 4466 1829 4558 δίε·
1869 4515 1919 4575 ι)
1942 4504 2116 4559 eidem
2149 4502 2231 4555 hic
2257 4500 2403 4554 Pauli
2436 4499 2754 4575 Warnefridi
2781 4504 2924 4554 locus
2952 4502 3289 4566 innotuisset,
3315 4504 3495 4558 Alcni-

273 4575 435 4627 tensis
466 4574 733 4637 Ecclesiae,
763 4575 898 4641 apud
929 4572 1203 4625 Ducncsne
1233 4573 1366 4627 llist.
1394 4573 1584 4626 Franc.
1619 4578 1832 4640 script.,

275 4653 405 4695 tum.
441 4643 502 4707 ll,
527 4658 645 4711 pag.
678 4642 802 4708 202,
827 4652 882 4696 et
908 4644 1162 4709 liouquet.
1184 4681 1197 4704 ,
1234 4653 1358 4697 tum.
1407 4642 1443 4695 γ
1478 4645 1672 4711 Script.
1708 4646 1831 4702 lter.

273 4713 441 4775 Call.,
474 4728 589 4779 pag.
630 4712 757 4774 199.,
803 4728 860 4764 se
889 4723 1158 4766 auctorem
1190 4728 1309 4765 esse
1343 4713 1491 4765 istius
1521 4726 1571 4765 et
1604 4731 1833 4783 seque-no

277 4784 405 4835 tiutu
429 4782 818 4847 epitaphiorum
852 4784 929 4833 Itis
966 4783 1141 4835 verbis
1171 4784 1470 4850 signiticat:
1503 4801 1523 4835 ‹
1557 4783 1833 4853 ιΙὶΙιΙαεειτά

274 4853 409 4919 apud
439 4854 620 4906 urbem
654 4852 934 4904 Metensem
966 4853 1014 4903 in
1047 4854 1185 4905 beati
1219 4855 1422 4905 Arnulli
1468 4852 1837 4907 oratorio’re-

275 4923 516 4989 quiescit.
562 4919 662 4973 Pro
710 4934 773 4973 eo
811 4920 1036 4985 denique
1075 4924 1214 4989 quod
1242 4939 1269 4974 a
1303 4928 1456 4976 beato
1488 4924 1832 4990 Arnull‘ojam

275 4992 366 5044 lati
400 5007 549 5057 reges
575 4990 829 5058 originem
868 4992 1152 5056 ducerent,
1198 5007 1417 5046 suorum
1448 4994 1516 5045 ibi
1546 5004 1829 5048 cnarornm

276 5060 518 5115 defuncta
545 5074 764 5125 corpora
800 5073 1038 5125 posuere.
1068 5061 1195 5113 Nam
1222 5065 1290 5115 ibi
1315 5065 1543 5116 humane
1569 5075 1690 5116 sunt
1710 5066 1828 5119 duae

276 5147 415 5200 regis
460 5132 660 5200 Pippini
708 5130 847 5193 tiliae,
900 5144 1118 5197 quarum
1169 5147 1268 5183 una
1313 5134 1607 5196 Bodtliaid,
1661 5135 1827 5187 altera

278 5200 497 5254 Adelaid
541 5202 800 5267 appellata
844 5210 944 5271 est.
998 5201 1069 5253 lbi
1094 5216 1301 5268 quoque
1333 5211 1390 5256 et
1422 5202 1648 5271 junioris
1686 5205 1825 5269 regis

276 5270 449 5324 Caroli
476 5272 593 5323 dua:
615 5270 958 5323 nihilominus
983 5272 1256 5322 tumulata:
1279 5280 1401 5324 sunt
1430 5270 1597 5336 naue,
1624 5273 1824 5326 scilicet

278 5342 493 5395 Adelaid
527 5353 580 5395 et
610 5340 903 5404 Hildigard.
944 5342 1072 5405 Qua:
1110 5340 1375 5408 llildigard
1410 5355 1647 5396 materno
1688 5359 1822 5396 nono

277 5423 471 5479 cupata
493 5413 706 5464 nomine
734 5423 956 5463 matrem
1000 5414 1315 5462 morientem
1371 5415 1524 5465 citius
1554 5414 1831 5467 subsecuta

278 5491 376 5536 est.
418 5484 648 5548 Quarum
693 5482 869 5532 omnia
917 5480 1182 5552 cpitapbia
1225 5496 1254 5531 a
1304 5482 1454 5534 nobis
1493 5486 1646 5548 jussu
1693 5488 1833 5552 regis

278 5553 451 5606 Caroli
488 5565 802 5618 composita.
828 5587 843 5602 .
866 5593 879 5603 .
902 5585 916 5601 .
966 5550 1145 5602 subter
1178 5552 1431 5604 adnotare
1457 5554 1656 5605 curavi.
1690 5571 1710 5603 ι
1756 5550 1830 5605 Ex

280 5625 468 5690 quibus
495 5636 845 5691 perspicuum
877 5622 1190 5691 estcadem
1229 5620 1497 5691 epitapbia
1549 5626 1772 5688 primum
1802 5638 1831 5675 a

285 5687 525 5753 (Samnio,
560 5687 687 5743 Ioui.
724 5689 790 5742 IX
823 5689 1039 5751 Annal.,
1068 5690 1132 5740 ad
1174 5704 1365 5740 annum
1398 5687 1523 5749 786,
1551 5687 1668 5757 pag.
1702 5694 1826 5752 53:2,

284 5766 471 5816 deinde
500 5778 621 5815 vero
654 5762 716 5813 ab
751 5776 862 5828 ipso
890 5771 1047 5813 etiam
1107 5759 1165 5811 υ.
1209 5758 1504 5824 chhesne,
1548 5777 1828 5830 antequam

1945 4590 2013 4628 no
2034 4577 2263 4642 Opermn
2293 4588 2408 4640 pag.
2442 4571 2574 4624 1757
2610 4572 3104 4641 fuissesupposita.
3165 4575 3501 4629 Contulimus

1941 4646 2041 4697 hoc
2069 4658 2281 4697 carmen
2324 4657 2444 4696 cum
2493 4656 2591 4694 ms.
2641 4642 2892 4705 Meteusi,
2942 4646 3079 4708 quod
3112 4645 3174 4695 ad
3210 4660 3306 4698 nos
3362 4650 3506 4699 misit

1940 4715 2003 4767 D.
2054 4713 2362 4766 Franciseus
2411 4712 2529 4765 0rd.
2584 4712 2639 4765 ὃ.
2703 4715 2830 4765 lien.
2880 4729 3064 4783 congr.
3111 4719 3207 4766 δύο
3243 4715 3412 4768 Vitout
3451 4731 3504 4769 et

1942 4784 2235 4850 lltldulphi,
2270 4786 2347 4834 vir
2373 4784 2559 4835 doctus
2580 4818 2594 4843 ,
2636 4782 2785 4849 cujus
2817 4799 2859 4834 et
2878 4785 3053 4836 tiditus
3081 4786 3318 4836 calamus
3347 4801 3501 4839 occu-

1942 4866 2093 4923 patur
2121 4856 2172 4906 in
2201 4854 2565 4905 concinnanda
2594 4862 2646 4904 et
2675 4854 3032 4905 continuando
3066 4854 3291 4906 llistoria
3319 4858 3504 4907 citnta-

1943 4922 2009 4978 tis
2040 4924 2304 4985 Metensis,
2328 4925 2392 4975 ad
2416 4922 2741 4975 eruditorum
2772 4932 2888 4975 vota
2918 4926 3059 4976 brevi
3091 4928 3431 4991 complenda.

2015 4994 2039 5031 ι’
2084 4996 2179 5047 Ms.
2209 4994 2460 5058 Meteuse,
2487 4992 2715 5044 'l'ibrum.

2014 5070 2038 5099 ο
2082 5065 2190 5116 lloc
2222 5065 2443 5115 disticou
2482 5066 2809 5115 restituimus
2837 5078 2899 5116 ex
2927 5076 3025 5114 ms.
3054 5062 3291 5117 lletensi.

2013 5135 2037 5171 ἀ
2079 5135 2224 5188 Multi
2267 5134 2678 5199 interpretantur
2725 5148 2916 5184 annum
2963 5133 3229 5186 decimum
3268 5134 3503 5199 tertium,

1939 5206 2073 5257 adeo
2121 5214 2177 5255 ut
2227 5202 2558 5270 Hddegardis
2618 5204 2868 5254 tredecim
2926 5218 3093 5254 annos
3142 5213 3261 5256 nata
3312 5204 3504 5257 Carmo

1940 5275 2194 5339 nupserit,
2223 5286 2274 5325 et
2303 5288 2423 5324 cum
2444 5284 2510 5323 eo
2535 5271 2751 5322 totidem
2780 5286 2946 5325 annos
2969 5272 3178 5326 vixerit.
3202 5275 3294 5326 Ubi
3321 5284 3341 5326 t
3368 5288 3504 5325 anno

1940 5345 2062 5397 7.53.
2110 5341 2647 5408 Bonouer.(Cousulc
2685 5341 2881 5395 Mabdl.
2925 5352 3050 5395 tutu.
3093 5345 3137 5397 ll
3162 5345 3380 5407 Annal.,
3414 5345 3488 5396 lib

1939 5429 2063 5485 μιν,
2106 5428 2223 5485 pag.
2260 5413 2395 5485 eos.
2444 5411 2756 5474 Ducibesne,
2797 5415 2863 5466 de
2905 5412 3099 5483 Script.
3129 5414 3345 5485 t’rauc.,
3375 5426 3483 5468 tom

1940 5484 2006 5545 ll,
2037 5499 2153 5550 pag.
2186 5480 2340 5549 2115.)

2020 5557 2041 5583 ε
2086 5557 2194 5615 AL,
2233 5555 2399 5603 lbera.

2016 5618 2034 5656 ί
2079 5624 2173 5674 Ms.
2213 5623 2356 5682 Illct.,
2391 5619 2530 5689 Heu,
2561 5632 2825 5691 quantum.

2012 5702 2036 5736 κ
2082 5696 2186 5753 ΔΙ..
2218 5694 2279 5744 de
2304 5696 2476 5745 corde.
