  <div class='ocr_page' id='page_1' title='image "/cluster/home/n/w/nwhite01/storage/ocr_20150623/95/hvd.32044010719722/874.png"; bbox 0 0 4010 6334; ppageno 0'>
   <div class='ocr_carea' id='block_1_1' title="bbox 222 228 388 342">
    <p class='ocr_par' dir='ltr' id='par_1_1' title="bbox 222 228 388 342">
     <span class='ocr_line' id='line_1_1' title="bbox 222 228 388 342; baseline -0.018 0"><span class='ocrx_word' id='word_1_1' title='bbox 222 228 225 229; x_wconf 9' lang='grc' dir='ltr'><em>ν</em></span> <span class='ocrx_word' id='word_1_2' title='bbox 271 279 388 342; x_wconf 73' lang='grc'><strong>1689</strong></span> 
     </span>
    </p>
   </div>
   <div class='ocr_carea' id='block_1_2' title="bbox 1454 272 2341 335">
    <p class='ocr_par' dir='ltr' id='par_1_2' title="bbox 1454 272 2341 335">
     <span class='ocr_line' id='line_1_2' title="bbox 1454 272 2341 335; baseline -0.003 0"><span class='ocrx_word' id='word_1_3' title='bbox 1454 274 1512 335; x_wconf 91' lang='lat' dir='ltr'><strong>S.</strong></span> <span class='ocrx_word' id='word_1_4' title='bbox 1552 276 1616 334; x_wconf 83' lang='lat' dir='ltr'><strong>P.</strong></span> <span class='ocrx_word' id='word_1_5' title='bbox 1655 272 1852 333; x_wconf 83' lang='lat' dir='ltr'><strong>FESTI</strong></span> <span class='ocrx_word' id='word_1_6' title='bbox 1890 274 2341 334; x_wconf 75' lang='lat' dir='ltr'><strong>FRAGMENTA.</strong></span> 
     </span>
    </p>
   </div>
   <div class='ocr_carea' id='block_1_3' title="bbox 3367 268 3512 336">
    <p class='ocr_par' dir='ltr' id='par_1_3' title="bbox 3367 268 3512 336">
     <span class='ocr_line' id='line_1_3' title="bbox 3367 268 3512 336; baseline 0.048 -7"><span class='ocrx_word' id='word_1_7' title='bbox 3367 268 3512 336; x_wconf 76' lang='lat' dir='ltr'><strong>I690</strong></span> 
     </span>
    </p>
   </div>
   <div class='ocr_carea' id='block_1_4' title="bbox 268 399 3511 435">
    <p class='ocr_par' dir='ltr' id='par_1_4' title="bbox 268 399 3511 435">
     <span class='ocr_line' id='line_1_4' title="bbox 268 399 3511 435; baseline -0 -6"><span class='ocrx_word' id='word_1_8' title='bbox 268 399 3511 435; x_wconf 43' lang='lat' dir='ltr'><strong>MM“</strong></span> 
     </span>
    </p>
   </div>
   <div class='ocr_carea' id='block_1_5' title="bbox 1665 493 2081 558">
    <p class='ocr_par' dir='ltr' id='par_1_5' title="bbox 1665 493 2081 558">
     <span class='ocr_line' id='line_1_5' title="bbox 1665 493 2081 558; baseline -0.002 -2"><span class='ocrx_word' id='word_1_9' title='bbox 1665 493 2081 558; x_wconf 73' lang='lat' dir='ltr'><strong>SCHED/E</strong></span> 
     </span>
    </p>
   </div>
   <div class='ocr_carea' id='block_1_6' title="bbox 1790 635 1932 688">
    <p class='ocr_par' dir='ltr' id='par_1_6' title="bbox 1790 635 1932 688">
     <span class='ocr_line' id='line_1_6' title="bbox 1790 635 1932 688; baseline 0 -11"><span class='ocrx_word' id='word_1_10' title='bbox 1790 635 1932 688; x_wconf 65' lang='lat' dir='ltr'><strong>om;</strong></span> 
     </span>
    </p>
   </div>
   <div class='ocr_carea' id='block_1_7' title="bbox 817 736 2921 822">
    <p class='ocr_par' dir='ltr' id='par_1_7' title="bbox 817 736 2921 822">
     <span class='ocr_line' id='line_1_7' title="bbox 817 736 2921 822; baseline -0.005 -17"><span class='ocrx_word' id='word_1_11' title='bbox 817 745 1059 822; x_wconf 85' lang='lat' dir='ltr'><strong>[FESTI</strong></span> <span class='ocrx_word' id='word_1_12' title='bbox 1087 739 1507 803; x_wconf 80' lang='lat' dir='ltr'><strong>FRAGMENTO</strong></span> <span class='ocrx_word' id='word_1_13' title='bbox 1538 736 1949 804; x_wconf 67' lang='lat' dir='ltr'><strong>DETRACTAE,</strong></span> <span class='ocrx_word' id='word_1_14' title='bbox 1984 738 2165 795; x_wconf 83' lang='lat' dir='ltr'><strong>APUD</strong></span> <span class='ocrx_word' id='word_1_15' title='bbox 2201 739 2597 799; x_wconf 80' lang='lat' dir='ltr'><strong>POMPONIUM</strong></span> <span class='ocrx_word' id='word_1_16' title='bbox 2634 740 2921 812; x_wconf 58' lang='lat' dir='ltr'><strong>LIETUMI</strong></span> 
     </span>
    </p>
   </div>
   <div class='ocr_carea' id='block_1_8' title="bbox 1636 851 2012 924">
    <p class='ocr_par' dir='ltr' id='par_1_8' title="bbox 1636 851 2012 924">
     <span class='ocr_line' id='line_1_8' title="bbox 1636 851 2012 924; baseline 0.005 -19"><span class='ocrx_word' id='word_1_17' title='bbox 1636 851 2012 924; x_wconf 69' lang='lat' dir='ltr'><strong>[EXS‘I‘ABAN&#39;L]</strong></span> 
     </span>
    </p>
   </div>
   <div class='ocr_carea' id='block_1_9' title="bbox 1464 965 2284 1049">
    <p class='ocr_par' dir='ltr' id='par_1_9' title="bbox 1464 965 2284 1049">
     <span class='ocr_line' id='line_1_9' title="bbox 1464 965 2284 1049; baseline 0.005 -26"><span class='ocrx_word' id='word_1_18' title='bbox 1464 969 1545 1023; x_wconf 78' lang='lat' dir='ltr'><strong>Ea:</strong></span> <span class='ocrx_word' id='word_1_19' title='bbox 1576 965 1873 1049; x_wconf 50' lang='lat' dir='ltr'><strong>bibliothe‘ca</strong></span> <span class='ocrx_word' id='word_1_20' title='bbox 1908 966 2058 1022; x_wconf 82' lang='lat' dir='ltr'><strong>Fulvi</strong></span> <span class='ocrx_word' id='word_1_21' title='bbox 2089 969 2284 1027; x_wconf 78' lang='lat' dir='ltr'><strong>Ursini.</strong></span> 
     </span>
    </p>
   </div>
   <div class='ocr_carea' id='block_1_10' title="bbox 1004 1127 3515 1232">
    <p class='ocr_par' dir='ltr' id='par_1_10' title="bbox 1004 1127 3515 1232">
     <span class='ocr_line' id='line_1_10' title="bbox 1004 1127 3515 1232; baseline -0.001 1"><span class='ocrx_word' id='word_1_22' title='bbox 1004 1134 1053 1188; x_wconf 72' lang='grc' dir='ltr'><em>Μ</em></span> <span class='ocrx_word' id='word_1_23' title='bbox 1852 1127 1902 1187; x_wconf 72' lang='grc' dir='ltr'>Α</span> <span class='ocrx_word' id='word_1_24' title='bbox 1930 1131 2451 1232; x_wconf 50' lang='lat' dir='ltr'><strong>aranearum&quot;;</strong></span> <span class='ocrx_word' id='word_1_25' title='bbox 2494 1130 2650 1232; x_wconf 60' lang='lat' dir='ltr'><strong>amri.</strong></span> <span class='ocrx_word' id='word_1_26' title='bbox 2680 1130 2806 1232; x_wconf 62' lang='lat'><strong>3&#39;2&#39;1&#39;</strong></span> <span class='ocrx_word' id='word_1_27' title='bbox 2837 1131 2904 1232; x_wconf 66' lang='lat'><strong>3&#39;:</strong></span> <span class='ocrx_word' id='word_1_28' title='bbox 2926 1132 3279 1232; x_wconf 58' lang='lat' dir='ltr'><strong>assam.&quot;</strong></span> <span class='ocrx_word' id='word_1_29' title='bbox 3314 1133 3515 1191; x_wconf 68' lang='grc' dir='ltr'><strong>ἀίουηηι</strong></span> 
     </span>
    </p>
   </div>
   <div class='ocr_carea' id='block_1_11' title="bbox 883 1203 1819 1343">
    <p class='ocr_par' dir='ltr' id='par_1_11' title="bbox 883 1226 1184 1299">
     <span class='ocr_line' id='line_1_11' title="bbox 883 1226 1184 1299; baseline -0.01 -18"><span class='ocrx_word' id='word_1_30' title='bbox 883 1228 1008 1299; x_wconf 86' lang='lat' dir='ltr'><strong>Pag.</strong></span> <span class='ocrx_word' id='word_1_31' title='bbox 1062 1226 1184 1280; x_wconf 77' lang='lat' dir='ltr'><strong>m7.</strong></span> 
     </span>
    </p>
   </div>
   <div class='ocr_carea' id='block_1_12' title="bbox 1923 1203 3519 1343">
    <p class='ocr_par' dir='ltr' id='par_1_12' title="bbox 1928 1203 3519 1343">
     <span class='ocr_line' id='line_1_12' title="bbox 1928 1203 3514 1271; baseline 0.002 -15"><span class='ocrx_word' id='word_1_32' title='bbox 1928 1212 2010 1256; x_wconf 88' lang='lat' dir='ltr'><strong>est</strong></span> <span class='ocrx_word' id='word_1_33' title='bbox 2038 1203 2174 1269; x_wconf 82' lang='lat' dir='ltr'><strong>apud</strong></span> <span class='ocrx_word' id='word_1_34' title='bbox 2209 1215 2473 1267; x_wconf 87' lang='lat' dir='ltr'><strong>auctores,</strong></span> <span class='ocrx_word' id='word_1_35' title='bbox 2510 1203 2531 1232; x_wconf 83' lang='grc'><strong>⁸</strong></span> <span class='ocrx_word' id='word_1_36' title='bbox 2562 1203 2650 1264; x_wconf 87' lang='lat' dir='ltr'><strong>qui</strong></span> <span class='ocrx_word' id='word_1_37' title='bbox 2680 1211 2897 1256; x_wconf 79' lang='lat' dir='ltr'><strong>monent</strong></span> <span class='ocrx_word' id='word_1_38' title='bbox 2926 1204 3210 1259; x_wconf 84' lang='lat' dir='ltr'><strong>histriones</strong></span> <span class='ocrx_word' id='word_1_39' title='bbox 3236 1204 3288 1258; x_wconf 89' lang='lat' dir='ltr'><strong>iu</strong></span> <span class='ocrx_word' id='word_1_40' title='bbox 3317 1221 3514 1271; x_wconf 68' lang='lat' dir='ltr'><strong>Semita,</strong></span> 
     </span>
     <span class='ocr_line' id='line_1_13' title="bbox 1928 1272 3519 1343; baseline 0.003 -17"><span class='ocrx_word' id='word_1_41' title='bbox 1928 1275 2019 1327; x_wconf 86' lang='lat' dir='ltr'><strong>sed</strong></span> <span class='ocrx_word' id='word_1_42' title='bbox 2065 1276 2224 1326; x_wconf 89' lang='lat' dir='ltr'><strong>etiam</strong></span> <span class='ocrx_word' id='word_1_43' title='bbox 2277 1274 2363 1326; x_wconf 87' lang='lat' dir='ltr'><strong>tibi</strong></span> <span class='ocrx_word' id='word_1_44' title='bbox 2413 1274 2719 1327; x_wconf 85' lang='lat' dir='ltr'><strong>adiciuntur</strong></span> <span class='ocrx_word' id='word_1_45' title='bbox 2749 1272 2768 1302; x_wconf 74' lang='grc' dir='ltr'>θ</span> <span class='ocrx_word' id='word_1_46' title='bbox 2801 1276 3192 1327; x_wconf 86' lang='lat' dir='ltr'><strong>commentarii.</strong></span> <span class='ocrx_word' id='word_1_47' title='bbox 3250 1275 3276 1343; x_wconf 94' lang='lat'><strong>1</strong></span> <span class='ocrx_word' id='word_1_48' title='bbox 3323 1276 3519 1331; x_wconf 81' lang='lat' dir='ltr'><strong>Monile</strong></span> 
     </span>
    </p>
   </div>
   <div class='ocr_carea' id='block_1_13' title="bbox 256 1318 1816 1384">
    <p class='ocr_par' dir='ltr' id='par_1_13' title="bbox 256 1318 1816 1384">
     <span class='ocr_line' id='line_1_14' title="bbox 256 1318 1816 1384; baseline -0.008 -3"><span class='ocrx_word' id='word_1_49' title='bbox 256 1325 497 1382; x_wconf 57' lang='lat' dir='ltr'><strong>Manubiae</strong></span> <span class='ocrx_word' id='word_1_50' title='bbox 543 1322 688 1377; x_wconf 84' lang='lat' dir='ltr'><strong>Jovis</strong></span> <span class='ocrx_word' id='word_1_51' title='bbox 736 1327 844 1373; x_wconf 88' lang='lat' dir='ltr'><strong>tres</strong></span> <span class='ocrx_word' id='word_1_52' title='bbox 892 1318 1183 1373; x_wconf 87' lang='lat' dir='ltr'><strong>creduntur</strong></span> <span class='ocrx_word' id='word_1_53' title='bbox 1230 1331 1373 1381; x_wconf 78' lang='lat' dir='ltr'><strong>esse,</strong></span> <span class='ocrx_word' id='word_1_54' title='bbox 1420 1331 1642 1384; x_wconf 88' lang='lat' dir='ltr'><strong>quarum</strong></span> <span class='ocrx_word' id='word_1_55' title='bbox 1695 1330 1816 1369; x_wconf 75' lang='lat' dir='ltr'><strong>una:</strong></span> 
     </span>
    </p>
   </div>
   <div class='ocr_carea' id='block_1_14' title="bbox 254 1387 1823 1457">
    <p class='ocr_par' dir='ltr' id='par_1_14' title="bbox 254 1387 1823 1457">
     <span class='ocr_line' id='line_1_15' title="bbox 254 1387 1823 1457; baseline -0.006 -7"><span class='ocrx_word' id='word_1_56' title='bbox 254 1403 343 1452; x_wconf 79' lang='lat' dir='ltr'><strong>sint</strong></span> <span class='ocrx_word' id='word_1_57' title='bbox 400 1394 651 1455; x_wconf 71' lang='lat' dir='ltr'><strong>minimae,</strong></span> <span class='ocrx_word' id='word_1_58' title='bbox 709 1406 827 1457; x_wconf 69' lang='lat' dir='ltr'><strong>qua:</strong></span> <span class='ocrx_word' id='word_1_59' title='bbox 882 1400 1134 1443; x_wconf 83' lang='lat' dir='ltr'><strong>moneant</strong></span> <span class='ocrx_word' id='word_1_60' title='bbox 1204 1389 1482 1455; x_wconf 66' lang='lat' dir='ltr'><strong>plicatam.</strong></span> <span class='ocrx_word' id='word_1_61' title='bbox 1535 1389 1683 1450; x_wconf 89' lang='lat' dir='ltr'><strong>sint;</strong></span> <span class='ocrx_word' id='word_1_62' title='bbox 1746 1387 1823 1440; x_wconf 82' lang='lat' dir='ltr'><strong>al-</strong></span> 
     </span>
    </p>
   </div>
   <div class='ocr_carea' id='block_1_15' title="bbox 258 1459 1818 1533">
    <p class='ocr_par' dir='ltr' id='par_1_15' title="bbox 258 1459 1818 1533">
     <span class='ocr_line' id='line_1_16' title="bbox 258 1459 1818 1533; baseline -0.005 -14"><span class='ocrx_word' id='word_1_63' title='bbox 258 1478 367 1520; x_wconf 77' lang='lat' dir='ltr'><strong>tcrze</strong></span> <span class='ocrx_word' id='word_1_64' title='bbox 395 1465 510 1526; x_wconf 61' lang='lat' dir='ltr'><strong>qum</strong></span> <span class='ocrx_word' id='word_1_65' title='bbox 548 1464 780 1533; x_wconf 85' lang='lat' dir='ltr'><strong>majores</strong></span> <span class='ocrx_word' id='word_1_66' title='bbox 831 1472 973 1533; x_wconf 84' lang='lat' dir='ltr'><strong>sunt,</strong></span> <span class='ocrx_word' id='word_1_67' title='bbox 1023 1475 1086 1513; x_wconf 91' lang='lat' dir='ltr'><strong>ac</strong></span> <span class='ocrx_word' id='word_1_68' title='bbox 1135 1459 1349 1513; x_wconf 79' lang='lat' dir='ltr'><strong>veniant</strong></span> <span class='ocrx_word' id='word_1_69' title='bbox 1404 1475 1525 1533; x_wconf 78' lang='lat' dir='ltr'><strong>cum</strong></span> <span class='ocrx_word' id='word_1_70' title='bbox 1585 1460 1818 1533; x_wconf 81' lang='lat' dir='ltr'><strong>fragore,</strong></span> 
     </span>
    </p>
   </div>
   <div class='ocr_carea' id='block_1_16' title="bbox 254 1529 1821 1601">
    <p class='ocr_par' dir='ltr' id='par_1_16' title="bbox 254 1529 1821 1601">
     <span class='ocr_line' id='line_1_17' title="bbox 254 1529 1821 1601; baseline -0.008 -8"><span class='ocrx_word' id='word_1_71' title='bbox 254 1529 765 1601; x_wconf 39' lang='lat' dir='ltr'><strong>disciuiautque&#39;aut</strong></span> <span class='ocrx_word' id='word_1_72' title='bbox 818 1532 1091 1593; x_wconf 88' lang='lat' dir='ltr'><strong>divellant,</strong></span> <span class='ocrx_word' id='word_1_73' title='bbox 1153 1546 1271 1597; x_wconf 58' lang='lat' dir='ltr'><strong>qua;</strong></span> <span class='ocrx_word' id='word_1_74' title='bbox 1318 1546 1348 1583; x_wconf 90' lang='lat' dir='ltr'><strong>a</strong></span> <span class='ocrx_word' id='word_1_75' title='bbox 1397 1529 1530 1584; x_wconf 82' lang='lat' dir='ltr'><strong>Jove</strong></span> <span class='ocrx_word' id='word_1_76' title='bbox 1584 1532 1821 1601; x_wconf 27' lang='lat' dir='ltr'><strong>sintpet</strong></span> 
     </span>
    </p>
   </div>
   <div class='ocr_carea' id='block_1_17' title="bbox 254 1600 1821 1666">
    <p class='ocr_par' dir='ltr' id='par_1_17' title="bbox 254 1600 1821 1666">
     <span class='ocr_line' id='line_1_18' title="bbox 254 1600 1821 1666; baseline -0.006 -4"><span class='ocrx_word' id='word_1_77' title='bbox 254 1607 459 1662; x_wconf 78' lang='lat' dir='ltr'><strong>consilio</strong></span> <span class='ocrx_word' id='word_1_78' title='bbox 509 1606 728 1659; x_wconf 88' lang='lat' dir='ltr'><strong>deorum</strong></span> <span class='ocrx_word' id='word_1_79' title='bbox 806 1603 939 1655; x_wconf 87' lang='lat' dir='ltr'><strong>mitti</strong></span> <span class='ocrx_word' id='word_1_80' title='bbox 1014 1602 1445 1666; x_wconf 69' lang='lat' dir='ltr'><strong>existimentur;</strong></span> <span class='ocrx_word' id='word_1_81' title='bbox 1518 1603 1686 1654; x_wconf 76' lang='lat' dir='ltr'><strong>tertiae</strong></span> <span class='ocrx_word' id='word_1_82' title='bbox 1739 1600 1821 1653; x_wconf 87' lang='lat' dir='ltr'><strong>his</strong></span> 
     </span>
    </p>
   </div>
   <div class='ocr_carea' id='block_1_18' title="bbox 250 1673 1817 1743">
    <p class='ocr_par' dir='ltr' id='par_1_18' title="bbox 250 1673 1817 1743">
     <span class='ocr_line' id='line_1_19' title="bbox 250 1673 1817 1743; baseline -0.005 -12"><span class='ocrx_word' id='word_1_83' title='bbox 250 1680 541 1743; x_wconf 72' lang='lat' dir='ltr'><strong>ampliores,</strong></span> <span class='ocrx_word' id='word_1_84' title='bbox 594 1692 710 1742; x_wconf 75' lang='lat' dir='ltr'><strong>qua-</strong></span> <span class='ocrx_word' id='word_1_85' title='bbox 759 1688 879 1726; x_wconf 86' lang='lat' dir='ltr'><strong>cum</strong></span> <span class='ocrx_word' id='word_1_86' title='bbox 930 1673 1050 1742; x_wconf 83' lang='lat' dir='ltr'><strong>igne</strong></span> <span class='ocrx_word' id='word_1_87' title='bbox 1101 1674 1365 1726; x_wconf 61' lang='lat' dir='ltr'><strong>veiilnnt:</strong></span> <span class='ocrx_word' id='word_1_88' title='bbox 1420 1681 1474 1724; x_wconf 86' lang='lat' dir='ltr'><strong>et</strong></span> <span class='ocrx_word' id='word_1_89' title='bbox 1513 1684 1817 1743; x_wconf 65' lang='lat' dir='ltr'><strong>quanquam</strong></span> 
     </span>
    </p>
   </div>
   <div class='ocr_carea' id='block_1_19' title="bbox 253 1740 1821 1813">
    <p class='ocr_par' dir='ltr' id='par_1_19' title="bbox 253 1740 1821 1813">
     <span class='ocr_line' id='line_1_20' title="bbox 253 1740 1821 1813; baseline -0.005 -11"><span class='ocrx_word' id='word_1_90' title='bbox 253 1740 437 1802; x_wconf 87' lang='lat' dir='ltr'><strong>nullum</strong></span> <span class='ocrx_word' id='word_1_91' title='bbox 496 1740 622 1800; x_wconf 86' lang='lat' dir='ltr'><strong>sine</strong></span> <span class='ocrx_word' id='word_1_92' title='bbox 663 1746 783 1811; x_wconf 85' lang='lat' dir='ltr'><strong>igne</strong></span> <span class='ocrx_word' id='word_1_93' title='bbox 833 1740 1004 1813; x_wconf 78' lang='lat' dir='ltr'><strong>fulgur</strong></span> <span class='ocrx_word' id='word_1_94' title='bbox 1057 1744 1144 1809; x_wconf 92' lang='lat' dir='ltr'><strong>sit,</strong></span> <span class='ocrx_word' id='word_1_95' title='bbox 1206 1742 1287 1795; x_wconf 72' lang='lat' dir='ltr'><strong>Itrc</strong></span> <span class='ocrx_word' id='word_1_96' title='bbox 1340 1744 1603 1809; x_wconf 84' lang='lat' dir='ltr'><strong>pmpriain</strong></span> <span class='ocrx_word' id='word_1_97' title='bbox 1666 1740 1821 1813; x_wconf 71' lang='lat' dir='ltr'><strong>diffe-</strong></span> 
     </span>
    </p>
   </div>
   <div class='ocr_carea' id='block_1_20' title="bbox 251 1811 1817 1882">
    <p class='ocr_par' dir='ltr' id='par_1_20' title="bbox 251 1811 1817 1882">
     <span class='ocr_line' id='line_1_21' title="bbox 251 1811 1817 1882; baseline -0.009 -8"><span class='ocrx_word' id='word_1_98' title='bbox 251 1820 460 1874; x_wconf 83' lang='lat' dir='ltr'><strong>rentiam</strong></span> <span class='ocrx_word' id='word_1_99' title='bbox 529 1818 780 1879; x_wconf 82' lang='lat' dir='ltr'><strong>habeant,</strong></span> <span class='ocrx_word' id='word_1_100' title='bbox 834 1811 952 1882; x_wconf 67' lang='lat' dir='ltr'><strong>qua:</strong></span> <span class='ocrx_word' id='word_1_101' title='bbox 1024 1822 1115 1866; x_wconf 88' lang='lat' dir='ltr'><strong>aut</strong></span> <span class='ocrx_word' id='word_1_102' title='bbox 1178 1814 1422 1877; x_wconf 87' lang='lat' dir='ltr'><strong>adurant,</strong></span> <span class='ocrx_word' id='word_1_103' title='bbox 1480 1824 1570 1866; x_wconf 87' lang='lat' dir='ltr'><strong>aut</strong></span> <span class='ocrx_word' id='word_1_104' title='bbox 1639 1811 1817 1877; x_wconf 77' lang='lat' dir='ltr'><strong>fuligi-</strong></span> 
     </span>
    </p>
   </div>
   <div class='ocr_carea' id='block_1_21' title="bbox 251 1885 1821 1949">
    <p class='ocr_par' dir='ltr' id='par_1_21' title="bbox 251 1885 1821 1949">
     <span class='ocr_line' id='line_1_22' title="bbox 251 1885 1821 1949; baseline -0.006 -6"><span class='ocrx_word' id='word_1_105' title='bbox 251 1907 311 1945; x_wconf 88' lang='lat' dir='ltr'><strong>ne</strong></span> <span class='ocrx_word' id='word_1_106' title='bbox 352 1889 667 1949; x_wconf 89' lang='lat' dir='ltr'><strong>deforment,</strong></span> <span class='ocrx_word' id='word_1_107' title='bbox 721 1896 809 1938; x_wconf 90' lang='lat' dir='ltr'><strong>aut</strong></span> <span class='ocrx_word' id='word_1_108' title='bbox 840 1885 1154 1943; x_wconf 82' lang='lat' dir='ltr'><strong>accendant.</strong></span> <span class='ocrx_word' id='word_1_109' title='bbox 1203 1900 1319 1949; x_wconf 73' lang='lat' dir='ltr'><strong>quin</strong></span> <span class='ocrx_word' id='word_1_110' title='bbox 1374 1893 1568 1937; x_wconf 87' lang='lat' dir='ltr'><strong>statum</strong></span> <span class='ocrx_word' id='word_1_111' title='bbox 1612 1890 1821 1936; x_wconf 71' lang='lat' dir='ltr'><strong>mittunt</strong></span> 
     </span>
    </p>
   </div>
   <div class='ocr_carea' id='block_1_22' title="bbox 249 1952 1818 2023">
    <p class='ocr_par' dir='ltr' id='par_1_22' title="bbox 249 1952 1818 2023">
     <span class='ocr_line' id='line_1_23' title="bbox 249 1952 1818 2023; baseline -0.007 -9"><span class='ocrx_word' id='word_1_112' title='bbox 249 1961 454 2014; x_wconf 85' lang='lat' dir='ltr'><strong>deorum</strong></span> <span class='ocrx_word' id='word_1_113' title='bbox 487 1959 711 2011; x_wconf 87' lang='lat' dir='ltr'><strong>consilio</strong></span> <span class='ocrx_word' id='word_1_114' title='bbox 761 1959 1116 2023; x_wconf 89' lang='lat' dir='ltr'><strong>superiorum.</strong></span> <span class='ocrx_word' id='word_1_115' title='bbox 1147 1952 1175 2023; x_wconf 89' lang='lat'><strong>1</strong></span> <span class='ocrx_word' id='word_1_116' title='bbox 1204 1955 1399 2007; x_wconf 78' lang='lat' dir='ltr'><strong>Manias</strong></span> <span class='ocrx_word' id='word_1_117' title='bbox 1449 1956 1631 2008; x_wconf 80' lang='lat' dir='ltr'><strong>Aelius</strong></span> <span class='ocrx_word' id='word_1_118' title='bbox 1680 1955 1818 2007; x_wconf 81' lang='lat' dir='ltr'><strong>Stilo</strong></span> 
     </span>
    </p>
   </div>
   <div class='ocr_carea' id='block_1_23' title="bbox 248 2026 1813 2096">
    <p class='ocr_par' dir='ltr' id='par_1_23' title="bbox 248 2026 1813 2096">
     <span class='ocr_line' id='line_1_24' title="bbox 248 2026 1813 2096; baseline -0.004 -13"><span class='ocrx_word' id='word_1_119' title='bbox 248 2031 362 2084; x_wconf 88' lang='lat' dir='ltr'><strong>dicit</strong></span> <span class='ocrx_word' id='word_1_120' title='bbox 408 2029 526 2083; x_wconf 83' lang='lat' dir='ltr'><strong>ﬁcta</strong></span> <span class='ocrx_word' id='word_1_121' title='bbox 578 2045 697 2096; x_wconf 65' lang='lat' dir='ltr'><strong>qua:</strong></span> <span class='ocrx_word' id='word_1_122' title='bbox 742 2028 757 2057; x_wconf 89' lang='grc'>¹</span> <span class='ocrx_word' id='word_1_123' title='bbox 808 2044 872 2080; x_wconf 72' lang='lat' dir='ltr'><strong>ex</strong></span> <span class='ocrx_word' id='word_1_124' title='bbox 930 2027 1095 2079; x_wconf 87' lang='lat' dir='ltr'><strong>farina</strong></span> <span class='ocrx_word' id='word_1_125' title='bbox 1153 2026 1205 2078; x_wconf 93' lang='lat' dir='ltr'><strong>in</strong></span> <span class='ocrx_word' id='word_1_126' title='bbox 1264 2027 1538 2078; x_wconf 87' lang='lat' dir='ltr'><strong>hominum</strong></span> <span class='ocrx_word' id='word_1_127' title='bbox 1596 2026 1813 2087; x_wconf 74' lang='lat' dir='ltr'><strong>figuras,</strong></span> 
     </span>
    </p>
   </div>
   <div class='ocr_carea' id='block_1_24' title="bbox 252 2096 1813 2168">
    <p class='ocr_par' dir='ltr' id='par_1_24' title="bbox 252 2096 1813 2168">
     <span class='ocr_line' id='line_1_25' title="bbox 252 2096 1813 2168; baseline -0.004 -15"><span class='ocrx_word' id='word_1_128' title='bbox 252 2102 360 2168; x_wconf 87' lang='lat' dir='ltr'><strong>quia</strong></span> <span class='ocrx_word' id='word_1_129' title='bbox 416 2110 595 2164; x_wconf 91' lang='lat' dir='ltr'><strong>turpes</strong></span> <span class='ocrx_word' id='word_1_130' title='bbox 656 2096 821 2163; x_wconf 82' lang='lat' dir='ltr'><strong>fiant;</strong></span> <span class='ocrx_word' id='word_1_131' title='bbox 878 2110 1009 2165; x_wconf 76' lang='lat' dir='ltr'><strong>quas</strong></span> <span class='ocrx_word' id='word_1_132' title='bbox 1060 2098 1146 2148; x_wconf 90' lang='lat' dir='ltr'><strong>alii</strong></span> <span class='ocrx_word' id='word_1_133' title='bbox 1204 2098 1463 2150; x_wconf 85' lang='lat' dir='ltr'><strong>mattiolas</strong></span> <span class='ocrx_word' id='word_1_134' title='bbox 1523 2096 1813 2168; x_wconf 72' lang='lat' dir='ltr'><strong>appellent.</strong></span> 
     </span>
    </p>
   </div>
   <div class='ocr_carea' id='block_1_25' title="bbox 251 2165 1818 2236">
    <p class='ocr_par' dir='ltr' id='par_1_25' title="bbox 251 2165 1818 2236">
     <span class='ocr_line' id='line_1_26' title="bbox 251 2165 1818 2236; baseline -0.006 -8"><span class='ocrx_word' id='word_1_135' title='bbox 251 2165 437 2228; x_wconf 63' lang='lat' dir='ltr'><strong>Haiiias</strong></span> <span class='ocrx_word' id='word_1_136' title='bbox 492 2179 691 2232; x_wconf 89' lang='lat' dir='ltr'><strong>autem,</strong></span> <span class='ocrx_word' id='word_1_137' title='bbox 742 2183 873 2236; x_wconf 86' lang='lat' dir='ltr'><strong>quas</strong></span> <span class='ocrx_word' id='word_1_138' title='bbox 933 2167 1165 2221; x_wconf 82' lang='lat' dir='ltr'><strong>nutrices</strong></span> <span class='ocrx_word' id='word_1_139' title='bbox 1221 2168 1533 2219; x_wconf 78' lang='lat' dir='ltr'><strong>minitentur</strong></span> <span class='ocrx_word' id='word_1_140' title='bbox 1586 2165 1818 2233; x_wconf 81' lang='lat' dir='ltr'><strong>parvulis</strong></span> 
     </span>
    </p>
   </div>
   <div class='ocr_carea' id='block_1_26' title="bbox 245 2237 1821 2311">
    <p class='ocr_par' dir='ltr' id='par_1_26' title="bbox 245 2237 1821 2311">
     <span class='ocr_line' id='line_1_27' title="bbox 245 2237 1821 2311; baseline -0.003 -19"><span class='ocrx_word' id='word_1_141' title='bbox 245 2243 430 2311; x_wconf 89' lang='lat' dir='ltr'><strong>pueris,</strong></span> <span class='ocrx_word' id='word_1_142' title='bbox 457 2239 795 2311; x_wconf 13' lang='lat' dir='ltr'><strong>esseilirvas,</strong></span> <span class='ocrx_word' id='word_1_143' title='bbox 820 2238 869 2290; x_wconf 92' lang='lat' dir='ltr'><strong>id</strong></span> <span class='ocrx_word' id='word_1_144' title='bbox 894 2247 995 2301; x_wconf 85' lang='lat' dir='ltr'><strong>est,</strong></span> <span class='ocrx_word' id='word_1_145' title='bbox 1021 2237 1202 2290; x_wconf 82' lang='lat' dir='ltr'><strong>Manes</strong></span> <span class='ocrx_word' id='word_1_146' title='bbox 1227 2238 1359 2311; x_wconf 77' lang='lat' dir='ltr'><strong>deos</strong></span> <span class='ocrx_word' id='word_1_147' title='bbox 1383 2238 1592 2311; x_wconf 85' lang='lat' dir='ltr'><strong>deasq.,</strong></span> <span class='ocrx_word' id='word_1_148' title='bbox 1613 2240 1700 2304; x_wconf 90' lang='lat' dir='ltr'><strong>qui</strong></span> <span class='ocrx_word' id='word_1_149' title='bbox 1726 2244 1821 2288; x_wconf 86' lang='lat' dir='ltr'><strong>aut</strong></span> 
     </span>
    </p>
   </div>
   <div class='ocr_carea' id='block_1_27' title="bbox 241 2307 1816 2374">
    <p class='ocr_par' dir='ltr' id='par_1_27' title="bbox 241 2307 1816 2374">
     <span class='ocr_line' id='line_1_28' title="bbox 241 2307 1816 2374; baseline -0.006 -9"><span class='ocrx_word' id='word_1_150' title='bbox 241 2307 305 2365; x_wconf 81' lang='lat' dir='ltr'><strong>ab</strong></span> <span class='ocrx_word' id='word_1_151' title='bbox 329 2312 506 2366; x_wconf 80' lang='lat' dir='ltr'><strong>inferis</strong></span> <span class='ocrx_word' id='word_1_152' title='bbox 536 2310 601 2362; x_wconf 92' lang='lat' dir='ltr'><strong>ad</strong></span> <span class='ocrx_word' id='word_1_153' title='bbox 632 2325 857 2374; x_wconf 87' lang='lat' dir='ltr'><strong>superos</strong></span> <span class='ocrx_word' id='word_1_154' title='bbox 907 2319 1143 2369; x_wconf 82' lang='lat' dir='ltr'><strong>manant,</strong></span> <span class='ocrx_word' id='word_1_155' title='bbox 1175 2318 1264 2359; x_wconf 85' lang='lat' dir='ltr'><strong>aut</strong></span> <span class='ocrx_word' id='word_1_156' title='bbox 1316 2307 1480 2359; x_wconf 77' lang='lat' dir='ltr'><strong>Munia</strong></span> <span class='ocrx_word' id='word_1_157' title='bbox 1515 2318 1595 2361; x_wconf 84' lang='lat' dir='ltr'><strong>est</strong></span> <span class='ocrx_word' id='word_1_158' title='bbox 1628 2321 1816 2359; x_wconf 90' lang='lat' dir='ltr'><strong>eorum</strong></span> 
     </span>
    </p>
   </div>
   <div class='ocr_carea' id='block_1_28' title="bbox 241 2377 1817 2442">
    <p class='ocr_par' dir='ltr' id='par_1_28' title="bbox 241 2377 1817 2442">
     <span class='ocr_line' id='line_1_29' title="bbox 241 2377 1817 2442; baseline -0.007 -6"><span class='ocrx_word' id='word_1_159' title='bbox 241 2384 346 2437; x_wconf 87' lang='lat' dir='ltr'><strong>avia</strong></span> <span class='ocrx_word' id='word_1_160' title='bbox 376 2392 612 2434; x_wconf 90' lang='lat' dir='ltr'><strong>materna</strong></span> <span class='ocrx_word' id='word_1_161' title='bbox 650 2398 660 2431; x_wconf 93' lang='lat'><strong>:</strong></span> <span class='ocrx_word' id='word_1_162' title='bbox 710 2389 835 2433; x_wconf 88' lang='lat' dir='ltr'><strong>sunt</strong></span> <span class='ocrx_word' id='word_1_163' title='bbox 878 2379 1017 2430; x_wconf 91' lang='lat' dir='ltr'><strong>enim</strong></span> <span class='ocrx_word' id='word_1_164' title='bbox 1052 2377 1277 2440; x_wconf 86' lang='lat' dir='ltr'><strong>utriusq.</strong></span> <span class='ocrx_word' id='word_1_165' title='bbox 1329 2378 1597 2442; x_wconf 85' lang='lat' dir='ltr'><strong>opinionis</strong></span> <span class='ocrx_word' id='word_1_166' title='bbox 1631 2385 1817 2428; x_wconf 90' lang='lat' dir='ltr'><strong>aucto-</strong></span> 
     </span>
    </p>
   </div>
   <div class='ocr_carea' id='block_1_29' title="bbox 243 2445 1813 2520">
    <p class='ocr_par' dir='ltr' id='par_1_29' title="bbox 243 2445 1813 2520">
     <span class='ocr_line' id='line_1_30' title="bbox 243 2445 1813 2520; baseline -0.004 -13"><span class='ocrx_word' id='word_1_167' title='bbox 243 2467 343 2507; x_wconf 79' lang='lat' dir='ltr'><strong>res.</strong></span> <span class='ocrx_word' id='word_1_168' title='bbox 424 2450 451 2520; x_wconf 98' lang='lat'><strong>1</strong></span> <span class='ocrx_word' id='word_1_169' title='bbox 498 2450 1153 2520; x_wconf 54' lang='lat' dir='ltr'><strong>Mamercusprienomeu</strong></span> <span class='ocrx_word' id='word_1_170' title='bbox 1211 2445 1408 2520; x_wconf 63' lang='lat' dir='ltr'><strong>Oscum</strong></span> <span class='ocrx_word' id='word_1_171' title='bbox 1461 2448 1813 2520; x_wconf 63' lang='lat' dir='ltr'><strong>est,_ab__eo</strong></span> 
     </span>
    </p>
   </div>
   <div class='ocr_carea' id='block_1_30' title="bbox 244 2516 1517 2591">
    <p class='ocr_par' dir='ltr' id='par_1_30' title="bbox 244 2516 1517 2591">
     <span class='ocr_line' id='line_1_31' title="bbox 244 2516 1517 2591; baseline -0.005 -14"><span class='ocrx_word' id='word_1_172' title='bbox 244 2523 375 2591; x_wconf 87' lang='lat' dir='ltr'><strong>quod</strong></span> <span class='ocrx_word' id='word_1_173' title='bbox 422 2516 474 2574; x_wconf 80' lang='lat' dir='ltr'><strong>lii</strong></span> <span class='ocrx_word' id='word_1_174' title='bbox 521 2521 738 2574; x_wconf 81' lang='lat' dir='ltr'><strong>Martem</strong></span> <span class='ocrx_word' id='word_1_175' title='bbox 790 2518 1097 2591; x_wconf 72' lang='lat' dir='ltr'><strong>Mamertetn</strong></span> <span class='ocrx_word' id='word_1_176' title='bbox 1144 2517 1435 2591; x_wconf 65' lang='lat' dir='ltr'><strong>appellapt.</strong></span> <span class='ocrx_word' id='word_1_177' title='bbox 1469 2516 1517 2591; x_wconf 82' lang='lat'><strong>_1</strong></span> 
     </span>
    </p>
   </div>
   <div class='ocr_carea' id='block_1_31' title="bbox 248 2586 1853 2657">
    <p class='ocr_par' dir='ltr' id='par_1_31' title="bbox 248 2586 1853 2657">
     <span class='ocr_line' id='line_1_32' title="bbox 248 2586 1853 2657; baseline -0.005 -10"><span class='ocrx_word' id='word_1_178' title='bbox 248 2586 354 2647; x_wconf 73' lang='lat' dir='ltr'><strong>rum</strong></span> <span class='ocrx_word' id='word_1_179' title='bbox 397 2592 591 2645; x_wconf 81' lang='lat' dir='ltr'><strong>familia</strong></span> <span class='ocrx_word' id='word_1_180' title='bbox 643 2592 916 2657; x_wconf 72' lang='lat' dir='ltr'><strong>progenita</strong></span> <span class='ocrx_word' id='word_1_181' title='bbox 946 2587 1060 2640; x_wconf 81' lang='lat' dir='ltr'><strong>sit’</strong></span> <span class='ocrx_word' id='word_1_182' title='bbox 1095 2604 1123 2640; x_wconf 88' lang='lat' dir='ltr'><strong>a</strong></span> <span class='ocrx_word' id='word_1_183' title='bbox 1178 2586 1407 2640; x_wconf 85' lang='lat' dir='ltr'><strong>Mamilia</strong></span> <span class='ocrx_word' id='word_1_184' title='bbox 1468 2588 1721 2652; x_wconf 76' lang='lat' dir='ltr'><strong>Telegoni</strong></span> <span class='ocrx_word' id='word_1_185' title='bbox 1757 2588 1819 2639; x_wconf 73' lang='grc' dir='ltr'><strong>ιι-</strong></span> <span class='ocrx_word' id='word_1_186' title='bbox 1850 2646 1853 2647; x_wconf 22' lang='grc' dir='ltr'><em>ν</em></span> 
     </span>
    </p>
   </div>
   <div class='ocr_carea' id='block_1_32' title="bbox 240 2657 1816 2731">
    <p class='ocr_par' dir='ltr' id='par_1_32' title="bbox 240 2657 1816 2731">
     <span class='ocr_line' id='line_1_33' title="bbox 240 2657 1816 2731; baseline -0.006 -14"><span class='ocrx_word' id='word_1_187' title='bbox 240 2664 327 2727; x_wconf 82' lang='lat' dir='ltr'><strong>Iia,</strong></span> <span class='ocrx_word' id='word_1_188' title='bbox 356 2678 508 2731; x_wconf 85' lang='lat' dir='ltr'><strong>quam</strong></span> <span class='ocrx_word' id='word_1_189' title='bbox 556 2660 770 2714; x_wconf 86' lang='lat' dir='ltr'><strong>Tusculi</strong></span> <span class='ocrx_word' id='word_1_190' title='bbox 802 2658 1146 2731; x_wconf 20' lang='lat' dir='ltr'><strong>iprocrcavit,</strong></span> <span class='ocrx_word' id='word_1_191' title='bbox 1198 2657 1413 2725; x_wconf 86' lang='lat' dir='ltr'><strong>quando</strong></span> <span class='ocrx_word' id='word_1_192' title='bbox 1462 2659 1512 2710; x_wconf 89' lang='lat' dir='ltr'><strong>id</strong></span> <span class='ocrx_word' id='word_1_193' title='bbox 1562 2658 1816 2731; x_wconf 58' lang='lat' dir='ltr'><strong>oppidum</strong></span> 
     </span>
    </p>
   </div>
   <div class='ocr_carea' id='block_1_33' title="bbox 240 2726 1819 2799">
    <p class='ocr_par' dir='ltr' id='par_1_33' title="bbox 240 2726 1819 2799">
     <span class='ocr_line' id='line_1_34' title="bbox 240 2726 1819 2799; baseline -0.006 -11"><span class='ocrx_word' id='word_1_194' title='bbox 240 2726 346 2798; x_wconf 85' lang='lat' dir='ltr'><strong>ipse</strong></span> <span class='ocrx_word' id='word_1_195' title='bbox 374 2726 740 2786; x_wconf 44' lang='lat' dir='ltr'><strong>condidissiit.</strong></span> <span class='ocrx_word' id='word_1_196' title='bbox 792 2730 1104 2799; x_wconf 65' lang='lat' dir='ltr'><strong>1;“:Illlill‘e,</strong></span> <span class='ocrx_word' id='word_1_197' title='bbox 1156 2742 1299 2793; x_wconf 63' lang='lat' dir='ltr'><strong>smpe</strong></span> <span class='ocrx_word' id='word_1_198' title='bbox 1355 2742 1591 2799; x_wconf 62' lang='lat' dir='ltr'><strong>manere.</strong></span> <span class='ocrx_word' id='word_1_199' title='bbox 1646 2726 1819 2781; x_wconf 60' lang='lat' dir='ltr'><strong>Circi-</strong></span> 
     </span>
    </p>
   </div>
   <div class='ocr_carea' id='block_1_34' title="bbox 240 2796 1818 2869">
    <p class='ocr_par' dir='ltr' id='par_1_34' title="bbox 240 2796 1818 2869">
     <span class='ocr_line' id='line_1_35' title="bbox 240 2796 1818 2869; baseline -0.004 -12"><span class='ocrx_word' id='word_1_200' title='bbox 240 2796 335 2857; x_wconf 88' lang='lat' dir='ltr'><strong>Iius</strong></span> <span class='ocrx_word' id='word_1_201' title='bbox 382 2805 434 2856; x_wconf 91' lang='lat' dir='ltr'><strong>in</strong></span> <span class='ocrx_word' id='word_1_202' title='bbox 482 2801 760 2869; x_wconf 83' lang='lat' dir='ltr'><strong>Epistula:</strong></span> <span class='ocrx_word' id='word_1_203' title='bbox 808 2796 927 2855; x_wconf 76' lang='lat' dir='ltr'><strong>Jam</strong></span> <span class='ocrx_word' id='word_1_204' title='bbox 974 2814 1039 2853; x_wconf 90' lang='lat' dir='ltr'><strong>ne</strong></span> <span class='ocrx_word' id='word_1_205' title='bbox 1068 2798 1249 2851; x_wconf 70' lang='lat' dir='ltr'><strong>3adeo</strong></span> <span class='ocrx_word' id='word_1_206' title='bbox 1298 2810 1496 2851; x_wconf 90' lang='lat' dir='ltr'><strong>manta.</strong></span> <span class='ocrx_word' id='word_1_207' title='bbox 1550 2796 1665 2851; x_wconf 84' lang='lat' dir='ltr'><strong>Jam</strong></span> <span class='ocrx_word' id='word_1_208' title='bbox 1718 2802 1818 2851; x_wconf 88' lang='lat' dir='ltr'><strong>boc</strong></span> 
     </span>
    </p>
   </div>
   <div class='ocr_carea' id='block_1_35' title="bbox 238 2870 1819 2939">
    <p class='ocr_par' dir='ltr' id='par_1_35' title="bbox 238 2870 1819 2939">
     <span class='ocr_line' id='line_1_36' title="bbox 238 2870 1819 2939; baseline -0.004 -12"><span class='ocrx_word' id='word_1_209' title='bbox 238 2876 373 2939; x_wconf 90' lang='lat' dir='ltr'><strong>vide,</strong></span> <span class='ocrx_word' id='word_1_210' title='bbox 423 2886 596 2925; x_wconf 69' lang='lat' dir='ltr'><strong>creetis</strong></span> <span class='ocrx_word' id='word_1_211' title='bbox 651 2872 886 2926; x_wconf 89' lang='lat' dir='ltr'><strong>animum</strong></span> <span class='ocrx_word' id='word_1_212' title='bbox 934 2909 950 2925; x_wconf 97' lang='lat'><strong>.</strong></span> <span class='ocrx_word' id='word_1_213' title='bbox 1029 2912 1042 2924; x_wconf 94' lang='lat'><strong>.</strong></span> <span class='ocrx_word' id='word_1_214' title='bbox 1122 2906 1137 2921; x_wconf 94' lang='lat'><strong>.</strong></span> <span class='ocrx_word' id='word_1_215' title='bbox 1214 2908 1229 2921; x_wconf 95' lang='lat'><strong>.</strong></span> <span class='ocrx_word' id='word_1_216' title='bbox 1311 2908 1324 2922; x_wconf 91' lang='lat'><strong>.</strong></span> <span class='ocrx_word' id='word_1_217' title='bbox 1406 2870 1665 2923; x_wconf 86' lang='lat' dir='ltr'><strong>adventus</strong></span> <span class='ocrx_word' id='word_1_218' title='bbox 1722 2882 1819 2921; x_wconf 90' lang='lat' dir='ltr'><strong>au-</strong></span> 
     </span>
    </p>
   </div>
   <div class='ocr_carea' id='block_1_36' title="bbox 236 2940 1813 3014">
    <p class='ocr_par' dir='ltr' id='par_1_36' title="bbox 236 2940 1813 3014">
     <span class='ocr_line' id='line_1_37' title="bbox 236 2940 1813 3014; baseline -0.004 -17"><span class='ocrx_word' id='word_1_219' title='bbox 236 2944 329 3013; x_wconf 82' lang='lat' dir='ltr'><strong>git.</strong></span> <span class='ocrx_word' id='word_1_220' title='bbox 403 2942 857 3014; x_wconf 77' lang='lat' dir='ltr'><strong>1Mauticularum</strong></span> <span class='ocrx_word' id='word_1_221' title='bbox 910 2954 1037 2995; x_wconf 88' lang='lat' dir='ltr'><strong>usus</strong></span> <span class='ocrx_word' id='word_1_222' title='bbox 1091 2940 1410 3014; x_wconf 72' lang='lat' dir='ltr'><strong>pauperibus</strong></span> <span class='ocrx_word' id='word_1_223' title='bbox 1443 2940 1813 3014; x_wconf 19' lang='lat' dir='ltr'><strong>_in»numinis</strong></span> 
     </span>
    </p>
   </div>
   <div class='ocr_carea' id='block_1_37' title="bbox 238 3008 1819 3079">
    <p class='ocr_par' dir='ltr' id='par_1_37' title="bbox 238 3008 1819 3079">
     <span class='ocr_line' id='line_1_38' title="bbox 238 3008 1819 3079; baseline -0.006 -9"><span class='ocrx_word' id='word_1_224' title='bbox 238 3008 606 3079; x_wconf 63' lang='lat' dir='ltr'><strong>recondeudis,</strong></span> <span class='ocrx_word' id='word_1_225' title='bbox 658 3012 768 3069; x_wconf 71' lang='lat' dir='ltr'><strong>etii</strong></span> <span class='ocrx_word' id='word_1_226' title='bbox 799 3024 980 3066; x_wconf 67' lang='lat' dir='ltr'><strong>nosuo</strong></span> <span class='ocrx_word' id='word_1_227' title='bbox 1031 3012 1226 3064; x_wconf 66' lang='lat' dir='ltr'><strong>saeculo</strong></span> <span class='ocrx_word' id='word_1_228' title='bbox 1270 3008 1385 3062; x_wconf 79' lang='lat' dir='ltr'><strong>fuit.</strong></span> <span class='ocrx_word' id='word_1_229' title='bbox 1443 3010 1594 3064; x_wconf 90' lang='lat' dir='ltr'><strong>Unde</strong></span> <span class='ocrx_word' id='word_1_230' title='bbox 1625 3008 1819 3063; x_wconf 80' lang='lat' dir='ltr'><strong>manti—</strong></span> 
     </span>
    </p>
   </div>
   <div class='ocr_carea' id='block_1_38' title="bbox 244 3080 1816 3151">
    <p class='ocr_par' dir='ltr' id='par_1_38' title="bbox 244 3080 1816 3151">
     <span class='ocr_line' id='line_1_39' title="bbox 244 3080 1816 3151; baseline -0.002 -13"><span class='ocrx_word' id='word_1_231' title='bbox 244 3086 405 3140; x_wconf 84' lang='lat' dir='ltr'><strong>culari</strong></span> <span class='ocrx_word' id='word_1_232' title='bbox 459 3086 793 3149; x_wconf 86' lang='lat' dir='ltr'><strong>dicebantur,</strong></span> <span class='ocrx_word' id='word_1_233' title='bbox 849 3082 938 3151; x_wconf 86' lang='lat' dir='ltr'><strong>qui</strong></span> <span class='ocrx_word' id='word_1_234' title='bbox 1011 3080 1221 3135; x_wconf 83' lang='lat' dir='ltr'><strong>furandi</strong></span> <span class='ocrx_word' id='word_1_235' title='bbox 1273 3081 1441 3149; x_wconf 88' lang='lat' dir='ltr'><strong>gratia</strong></span> <span class='ocrx_word' id='word_1_236' title='bbox 1496 3080 1816 3135; x_wconf 75' lang='lat' dir='ltr'><strong>mantii-iilas</strong></span> 
     </span>
    </p>
   </div>
   <div class='ocr_carea' id='block_1_39' title="bbox 237 3151 1815 3222">
    <p class='ocr_par' dir='ltr' id='par_1_39' title="bbox 237 3151 1815 3222">
     <span class='ocr_line' id='line_1_40' title="bbox 237 3151 1815 3222; baseline -0.003 -12"><span class='ocrx_word' id='word_1_237' title='bbox 237 3157 607 3211; x_wconf 80' lang='lat' dir='ltr'><strong>attrectabatit.</strong></span> <span class='ocrx_word' id='word_1_238' title='bbox 665 3154 795 3209; x_wconf 89' lang='lat' dir='ltr'><strong>Inde</strong></span> <span class='ocrx_word' id='word_1_239' title='bbox 826 3166 996 3222; x_wconf 66' lang='lat' dir='ltr'><strong>poetae</strong></span> <span class='ocrx_word' id='word_1_240' title='bbox 1056 3168 1148 3218; x_wconf 90' lang='lat' dir='ltr'><strong>pro</strong></span> <span class='ocrx_word' id='word_1_241' title='bbox 1201 3152 1386 3222; x_wconf 71' lang='lat' dir='ltr'><strong>dolose</strong></span> <span class='ocrx_word' id='word_1_242' title='bbox 1436 3151 1559 3219; x_wconf 85' lang='lat' dir='ltr'><strong>quid</strong></span> <span class='ocrx_word' id='word_1_243' title='bbox 1608 3151 1815 3216; x_wconf 82' lang='lat' dir='ltr'><strong>agendo</strong></span> 
     </span>
    </p>
   </div>
   <div class='ocr_carea' id='block_1_40' title="bbox 237 3220 1815 3281">
    <p class='ocr_par' dir='ltr' id='par_1_40' title="bbox 237 3220 1815 3281">
     <span class='ocr_line' id='line_1_41' title="bbox 237 3220 1815 3281; baseline -0.003 -1"><span class='ocrx_word' id='word_1_244' title='bbox 237 3228 315 3281; x_wconf 88' lang='lat' dir='ltr'><strong>nsi</strong></span> <span class='ocrx_word' id='word_1_245' title='bbox 345 3235 468 3281; x_wconf 87' lang='lat' dir='ltr'><strong>sunt</strong></span> <span class='ocrx_word' id='word_1_246' title='bbox 517 3242 583 3279; x_wconf 92' lang='lat' dir='ltr'><strong>eo</strong></span> <span class='ocrx_word' id='word_1_247' title='bbox 629 3220 838 3279; x_wconf 21' lang='lat' dir='ltr'><strong>verbo.‘</strong></span> <span class='ocrx_word' id='word_1_248' title='bbox 872 3225 1175 3278; x_wconf 83' lang='lat' dir='ltr'><strong>Pacuvius:</strong></span> <span class='ocrx_word' id='word_1_249' title='bbox 1226 3220 1307 3276; x_wconf 88' lang='lat' dir='ltr'><strong>Ad</strong></span> <span class='ocrx_word' id='word_1_250' title='bbox 1361 3222 1815 3275; x_wconf 85' lang='lat' dir='ltr'><strong>manticulanduin</strong></span> 
     </span>
    </p>
   </div>
   <div class='ocr_carea' id='block_1_41' title="bbox 237 3293 1877 3367">
    <p class='ocr_par' dir='ltr' id='par_1_41' title="bbox 237 3293 1877 3367">
     <span class='ocr_line' id='line_1_42' title="bbox 237 3293 1877 3367; baseline -0.005 -17"><span class='ocrx_word' id='word_1_251' title='bbox 237 3308 352 3351; x_wconf 89' lang='lat' dir='ltr'><strong>astu</strong></span> <span class='ocrx_word' id='word_1_252' title='bbox 383 3298 709 3367; x_wconf 76' lang='lat' dir='ltr'><strong>aggreditur,</strong></span> <span class='ocrx_word' id='word_1_253' title='bbox 758 3297 860 3350; x_wconf 86' lang='lat' dir='ltr'><strong>scit</strong></span> <span class='ocrx_word' id='word_1_254' title='bbox 904 3297 1043 3367; x_wconf 90' lang='lat' dir='ltr'><strong>enim</strong></span> <span class='ocrx_word' id='word_1_255' title='bbox 1095 3293 1611 3367; x_wconf 76' lang='lat' dir='ltr'><strong>quid_proineruerit</strong></span> <span class='ocrx_word' id='word_1_256' title='bbox 1644 3309 1813 3367; x_wconf 88' lang='lat' dir='ltr'><strong>:_ino-</strong></span> <span class='ocrx_word' id='word_1_257' title='bbox 1864 3352 1877 3356; x_wconf 37' lang='grc' dir='ltr'><em>ι</em></span> 
     </span>
    </p>
   </div>
   <div class='ocr_carea' id='block_1_42' title="bbox 233 3363 1812 3433">
    <p class='ocr_par' dir='ltr' id='par_1_42' title="bbox 233 3363 1812 3433">
     <span class='ocr_line' id='line_1_43' title="bbox 233 3363 1812 3433; baseline -0.003 -12"><span class='ocrx_word' id='word_1_258' title='bbox 233 3363 755 3429; x_wconf 61' lang='grc' dir='ltr'><strong>ἁὶςίῐηῆἷιῐίοιιιειιιτ,</strong></span> <span class='ocrx_word' id='word_1_259' title='bbox 840 3404 856 3420; x_wconf 92' lang='grc'><strong>.</strong></span> <span class='ocrx_word' id='word_1_260' title='bbox 930 3404 945 3421; x_wconf 92' lang='grc'><strong>.</strong></span> <span class='ocrx_word' id='word_1_261' title='bbox 999 3366 1071 3419; x_wconf 86' lang='lat' dir='ltr'><strong>Ita</strong></span> <span class='ocrx_word' id='word_1_262' title='bbox 1104 3380 1188 3418; x_wconf 91' lang='lat' dir='ltr'><strong>ine</strong></span> <span class='ocrx_word' id='word_1_263' title='bbox 1221 3364 1340 3418; x_wconf 78' lang='lat' dir='ltr'><strong>facti</strong></span> <span class='ocrx_word' id='word_1_264' title='bbox 1372 3363 1613 3433; x_wconf 80' lang='lat' dir='ltr'><strong>oppressi</strong></span> <span class='ocrx_word' id='word_1_265' title='bbox 1663 3363 1812 3429; x_wconf 84' lang='lat' dir='ltr'><strong>jugo.</strong></span> 
     </span>
    </p>
   </div>
   <div class='ocr_carea' id='block_1_43' title="bbox 230 3434 1811 3509">
    <p class='ocr_par' dir='ltr' id='par_1_43' title="bbox 230 3434 1811 3509">
     <span class='ocr_line' id='line_1_44' title="bbox 230 3434 1811 3509; baseline -0.003 -17"><span class='ocrx_word' id='word_1_266' title='bbox 230 3438 359 3494; x_wconf 89' lang='lat' dir='ltr'><strong>Item</strong></span> <span class='ocrx_word' id='word_1_267' title='bbox 389 3438 626 3495; x_wconf 87' lang='lat' dir='ltr'><strong>deinde:</strong></span> <span class='ocrx_word' id='word_1_268' title='bbox 676 3437 969 3509; x_wconf 82' lang='lat' dir='ltr'><strong>Aggrediar</strong></span> <span class='ocrx_word' id='word_1_269' title='bbox 1018 3444 1135 3489; x_wconf 89' lang='lat' dir='ltr'><strong>astu</strong></span> <span class='ocrx_word' id='word_1_270' title='bbox 1187 3450 1413 3505; x_wconf 81' lang='lat' dir='ltr'><strong>regem;</strong></span> <span class='ocrx_word' id='word_1_271' title='bbox 1457 3434 1811 3489; x_wconf 87' lang='lat' dir='ltr'><strong>manticulan-</strong></span> 
     </span>
    </p>
   </div>
   <div class='ocr_carea' id='block_1_44' title="bbox 875 3529 1174 3601">
    <p class='ocr_par' dir='ltr' id='par_1_44' title="bbox 875 3529 1174 3601">
     <span class='ocr_line' id='line_1_45' title="bbox 875 3529 1174 3601; baseline 0 -16"><span class='ocrx_word' id='word_1_272' title='bbox 875 3531 1009 3601; x_wconf 82' lang='lat' dir='ltr'><strong>Pag.</strong></span> <span class='ocrx_word' id='word_1_273' title='bbox 1053 3529 1174 3585; x_wconf 83' lang='grc'><strong>168.</strong></span> 
     </span>
    </p>
   </div>
   <div class='ocr_carea' id='block_1_45' title="bbox 229 3620 1813 3690">
    <p class='ocr_par' dir='ltr' id='par_1_45' title="bbox 229 3620 1813 3690">
     <span class='ocr_line' id='line_1_46' title="bbox 229 3620 1813 3690; baseline -0.003 -12"><span class='ocrx_word' id='word_1_274' title='bbox 229 3626 352 3679; x_wconf 93' lang='lat' dir='ltr'><strong>dum</strong></span> <span class='ocrx_word' id='word_1_275' title='bbox 380 3635 461 3680; x_wconf 92' lang='lat' dir='ltr'><strong>est</strong></span> <span class='ocrx_word' id='word_1_276' title='bbox 493 3625 621 3678; x_wconf 91' lang='lat' dir='ltr'><strong>mibi</strong></span> <span class='ocrx_word' id='word_1_277' title='bbox 659 3641 674 3690; x_wconf 91' lang='lat'><strong>;</strong></span> <span class='ocrx_word' id='word_1_278' title='bbox 706 3633 759 3678; x_wconf 90' lang='lat' dir='ltr'><strong>et</strong></span> <span class='ocrx_word' id='word_1_279' title='bbox 792 3638 809 3677; x_wconf 88' lang='lat'><strong>:</strong></span> <span class='ocrx_word' id='word_1_280' title='bbox 858 3623 1155 3676; x_wconf 85' lang='lat' dir='ltr'><strong>Machinam</strong></span> <span class='ocrx_word' id='word_1_281' title='bbox 1212 3620 1406 3672; x_wconf 89' lang='lat' dir='ltr'><strong>ordiris</strong></span> <span class='ocrx_word' id='word_1_282' title='bbox 1439 3634 1627 3672; x_wconf 90' lang='lat' dir='ltr'><strong>novam</strong></span> <span class='ocrx_word' id='word_1_283' title='bbox 1660 3635 1813 3673; x_wconf 88' lang='lat' dir='ltr'><strong>mau-</strong></span> 
     </span>
    </p>
   </div>
   <div class='ocr_carea' id='block_1_46' title="bbox 228 3690 1818 3758">
    <p class='ocr_par' dir='ltr' id='par_1_46' title="bbox 228 3690 1818 3758">
     <span class='ocr_line' id='line_1_47' title="bbox 228 3690 1818 3758; baseline -0.004 -9"><span class='ocrx_word' id='word_1_284' title='bbox 228 3697 391 3749; x_wconf 90' lang='lat' dir='ltr'><strong>ticula</strong></span> <span class='ocrx_word' id='word_1_285' title='bbox 423 3695 443 3724; x_wconf 58' lang='grc' dir='ltr'>δ</span> <span class='ocrx_word' id='word_1_286' title='bbox 475 3706 639 3755; x_wconf 87' lang='lat' dir='ltr'><strong>tactu,</strong></span> <span class='ocrx_word' id='word_1_287' title='bbox 673 3709 738 3745; x_wconf 89' lang='lat' dir='ltr'><strong>an</strong></span> <span class='ocrx_word' id='word_1_288' title='bbox 770 3704 1033 3745; x_wconf 79' lang='lat' dir='ltr'><strong>sanctiora</strong></span> <span class='ocrx_word' id='word_1_289' title='bbox 1062 3690 1192 3742; x_wconf 91' lang='lat' dir='ltr'><strong>dicis</strong></span> <span class='ocrx_word' id='word_1_290' title='bbox 1239 3690 1608 3758; x_wconf 85' lang='lat' dir='ltr'><strong>jurajuranda.</strong></span> <span class='ocrx_word' id='word_1_291' title='bbox 1662 3690 1818 3742; x_wconf 83' lang='lat' dir='ltr'><strong>Plau-</strong></span> 
     </span>
    </p>
   </div>
   <div class='ocr_carea' id='block_1_47' title="bbox 229 3761 1817 3831">
    <p class='ocr_par' dir='ltr' id='par_1_47' title="bbox 229 3761 1817 3831">
     <span class='ocr_line' id='line_1_48' title="bbox 229 3761 1817 3831; baseline -0.003 -13"><span class='ocrx_word' id='word_1_292' title='bbox 229 3775 316 3818; x_wconf 87' lang='lat' dir='ltr'><strong>tus</strong></span> <span class='ocrx_word' id='word_1_293' title='bbox 348 3766 449 3817; x_wconf 84' lang='lat' dir='ltr'><strong>Itoc</strong></span> <span class='ocrx_word' id='word_1_294' title='bbox 478 3765 776 3831; x_wconf 82' lang='lat' dir='ltr'><strong>significare</strong></span> <span class='ocrx_word' id='word_1_295' title='bbox 804 3764 1012 3814; x_wconf 89' lang='lat' dir='ltr'><strong>videtur</strong></span> <span class='ocrx_word' id='word_1_296' title='bbox 1041 3778 1055 3812; x_wconf 86' lang='lat'><strong>:</strong></span> <span class='ocrx_word' id='word_1_297' title='bbox 1104 3761 1306 3827; x_wconf 73' lang='lat' dir='ltr'><strong>Quibus</strong></span> <span class='ocrx_word' id='word_1_298' title='bbox 1352 3761 1587 3831; x_wconf 82' lang='lat' dir='ltr'><strong>quotidie</strong></span> <span class='ocrx_word' id='word_1_299' title='bbox 1641 3775 1817 3831; x_wconf 64' lang='lat' dir='ltr'><strong>parva:</strong></span> 
     </span>
    </p>
   </div>
   <div class='ocr_carea' id='block_1_48' title="bbox 228 3830 1885 3914">
    <p class='ocr_par' dir='ltr' id='par_1_48' title="bbox 228 3830 1885 3914">
     <span class='ocr_line' id='line_1_49' title="bbox 228 3830 1885 3914; baseline -0.004 -26"><span class='ocrx_word' id='word_1_300' title='bbox 228 3849 384 3888; x_wconf 70' lang='lat' dir='ltr'><strong>noxa:</strong></span> <span class='ocrx_word' id='word_1_301' title='bbox 414 3830 817 3914; x_wconf 72' lang='lat' dir='ltr'><strong>extergeantur.</strong></span> <span class='ocrx_word' id='word_1_302' title='bbox 837 3832 1127 3914; x_wconf 33' lang='lat' dir='ltr'><strong>“Frequens</strong></span> <span class='ocrx_word' id='word_1_303' title='bbox 1160 3831 1315 3914; x_wconf 52' lang='lat' dir='ltr'><strong>.81tIm</strong></span> <span class='ocrx_word' id='word_1_304' title='bbox 1340 3830 1570 3914; x_wconf 55' lang='lat' dir='ltr'><strong>an‘tiqpis</strong></span> <span class='ocrx_word' id='word_1_305' title='bbox 1611 3830 1674 3881; x_wconf 88' lang='lat' dir='ltr'><strong>ad</strong></span> <span class='ocrx_word' id='word_1_306' title='bbox 1707 3846 1812 3882; x_wconf 86' lang='lat' dir='ltr'><strong>ina-</strong></span> <span class='ocrx_word' id='word_1_307' title='bbox 1838 3853 1885 3914; x_wconf 69' lang='grc' dir='ltr'>ο</span> 
     </span>
    </p>
   </div>
   <div class='ocr_carea' id='block_1_49' title="bbox 228 3898 1813 3971">
    <p class='ocr_par' dir='ltr' id='par_1_49' title="bbox 228 3898 1813 3971">
     <span class='ocr_line' id='line_1_50' title="bbox 228 3898 1813 3971; baseline -0.004 -12"><span class='ocrx_word' id='word_1_308' title='bbox 228 3920 331 3959; x_wconf 91' lang='lat' dir='ltr'><strong>nus</strong></span> <span class='ocrx_word' id='word_1_309' title='bbox 365 3898 643 3971; x_wconf 79' lang='lat' dir='ltr'><strong>tergendas</strong></span> <span class='ocrx_word' id='word_1_310' title='bbox 677 3919 804 3957; x_wconf 88' lang='lat' dir='ltr'><strong>usus</strong></span> <span class='ocrx_word' id='word_1_311' title='bbox 836 3904 936 3956; x_wconf 91' lang='lat' dir='ltr'><strong>fuit</strong></span> <span class='ocrx_word' id='word_1_312' title='bbox 978 3898 1352 3956; x_wconf 83' lang='lat' dir='ltr'><strong>tuantelorum.</strong></span> <span class='ocrx_word' id='word_1_313' title='bbox 1402 3898 1428 3968; x_wconf 93' lang='lat'><strong>1</strong></span> <span class='ocrx_word' id='word_1_314' title='bbox 1468 3899 1665 3953; x_wconf 72' lang='lat' dir='ltr'><strong>Mteson</strong></span> <span class='ocrx_word' id='word_1_315' title='bbox 1697 3917 1813 3969; x_wconf 86' lang='lat' dir='ltr'><strong>per-</strong></span> 
     </span>
    </p>
   </div>
   <div class='ocr_carea' id='block_1_50' title="bbox 227 3973 1814 4040">
    <p class='ocr_par' dir='ltr' id='par_1_50' title="bbox 227 3973 1814 4040">
     <span class='ocr_line' id='line_1_51' title="bbox 227 3973 1814 4040; baseline -0.003 -11"><span class='ocrx_word' id='word_1_316' title='bbox 227 3990 361 4029; x_wconf 86' lang='lat' dir='ltr'><strong>sona</strong></span> <span class='ocrx_word' id='word_1_317' title='bbox 389 3976 587 4028; x_wconf 87' lang='lat' dir='ltr'><strong>comica</strong></span> <span class='ocrx_word' id='word_1_318' title='bbox 616 3977 931 4040; x_wconf 85' lang='lat' dir='ltr'><strong>appellatur,</strong></span> <span class='ocrx_word' id='word_1_319' title='bbox 957 3985 1046 4027; x_wconf 87' lang='lat' dir='ltr'><strong>aut</strong></span> <span class='ocrx_word' id='word_1_320' title='bbox 1074 3974 1214 4039; x_wconf 89' lang='lat' dir='ltr'><strong>coci,</strong></span> <span class='ocrx_word' id='word_1_321' title='bbox 1249 3981 1339 4025; x_wconf 90' lang='lat' dir='ltr'><strong>aut</strong></span> <span class='ocrx_word' id='word_1_322' title='bbox 1366 3980 1559 4035; x_wconf 68' lang='lat' dir='ltr'><strong>nanitie,</strong></span> <span class='ocrx_word' id='word_1_323' title='bbox 1588 3983 1676 4024; x_wconf 90' lang='lat' dir='ltr'><strong>aut</strong></span> <span class='ocrx_word' id='word_1_324' title='bbox 1698 3973 1814 4039; x_wconf 86' lang='lat' dir='ltr'><strong>ejus</strong></span> 
     </span>
    </p>
   </div>
   <div class='ocr_carea' id='block_1_51' title="bbox 224 4041 1811 4115">
    <p class='ocr_par' dir='ltr' id='par_1_51' title="bbox 224 4041 1811 4115">
     <span class='ocr_line' id='line_1_52' title="bbox 224 4041 1811 4115; baseline -0.003 -14"><span class='ocrx_word' id='word_1_325' title='bbox 224 4045 464 4115; x_wconf 77' lang='lat' dir='ltr'><strong>generis,</strong></span> <span class='ocrx_word' id='word_1_326' title='bbox 493 4047 596 4099; x_wconf 90' lang='lat' dir='ltr'><strong>dici</strong></span> <span class='ocrx_word' id='word_1_327' title='bbox 629 4044 650 4074; x_wconf 81' lang='grc'><strong><em>⁸</em></strong></span> <span class='ocrx_word' id='word_1_328' title='bbox 679 4046 747 4098; x_wconf 89' lang='lat' dir='ltr'><strong>ab</strong></span> <span class='ocrx_word' id='word_1_329' title='bbox 792 4046 1067 4099; x_wconf 86' lang='lat' dir='ltr'><strong>inventore</strong></span> <span class='ocrx_word' id='word_1_330' title='bbox 1111 4043 1226 4113; x_wconf 88' lang='lat' dir='ltr'><strong>ejus</strong></span> <span class='ocrx_word' id='word_1_331' title='bbox 1278 4041 1515 4097; x_wconf 61' lang='lat' dir='ltr'><strong>Masone</strong></span> <span class='ocrx_word' id='word_1_332' title='bbox 1544 4044 1811 4108; x_wconf 61' lang='lat' dir='ltr'><strong>comoedo,</strong></span> 
     </span>
    </p>
   </div>
   <div class='ocr_carea' id='block_1_52' title="bbox 223 4115 1221 4183">
    <p class='ocr_par' dir='ltr' id='par_1_52' title="bbox 223 4115 1221 4183">
     <span class='ocr_line' id='line_1_53' title="bbox 223 4115 1221 4183; baseline 0 -13"><span class='ocrx_word' id='word_1_333' title='bbox 223 4128 284 4170; x_wconf 90' lang='lat' dir='ltr'><strong>ut</strong></span> <span class='ocrx_word' id='word_1_334' title='bbox 305 4118 382 4170; x_wconf 85' lang='lat' dir='ltr'><strong>ait</strong></span> <span class='ocrx_word' id='word_1_335' title='bbox 414 4115 794 4183; x_wconf 84' lang='lat' dir='ltr'><strong>Aristophanes</strong></span> <span class='ocrx_word' id='word_1_336' title='bbox 824 4116 1221 4183; x_wconf 85' lang='lat' dir='ltr'><strong>grammaticus.</strong></span> 
     </span>
    </p>
   </div>
   <div class='ocr_carea' id='block_1_53' title="bbox 221 4183 1816 4257">
    <p class='ocr_par' dir='ltr' id='par_1_53' title="bbox 221 4183 1816 4257">
     <span class='ocr_line' id='line_1_54' title="bbox 221 4183 1816 4257; baseline -0.002 -17"><span class='ocrx_word' id='word_1_337' title='bbox 221 4186 251 4257; x_wconf 88' lang='lat'><strong>1</strong></span> <span class='ocrx_word' id='word_1_338' title='bbox 297 4189 557 4240; x_wconf 62' lang='lat' dir='ltr'><strong>Maeniana</strong></span> <span class='ocrx_word' id='word_1_339' title='bbox 612 4187 869 4255; x_wconf 87' lang='lat' dir='ltr'><strong>appellata</strong></span> <span class='ocrx_word' id='word_1_340' title='bbox 930 4194 1053 4240; x_wconf 89' lang='lat' dir='ltr'><strong>sunt</strong></span> <span class='ocrx_word' id='word_1_341' title='bbox 1104 4200 1135 4239; x_wconf 90' lang='lat' dir='ltr'><strong>a</strong></span> <span class='ocrx_word' id='word_1_342' title='bbox 1184 4184 1373 4239; x_wconf 68' lang='lat' dir='ltr'><strong>Minnio</strong></span> <span class='ocrx_word' id='word_1_343' title='bbox 1428 4198 1673 4257; x_wconf 75' lang='lat' dir='ltr'><strong>censore,</strong></span> <span class='ocrx_word' id='word_1_344' title='bbox 1724 4183 1816 4251; x_wconf 86' lang='lat' dir='ltr'><strong>qui</strong></span> 
     </span>
    </p>
   </div>
   <div class='ocr_carea' id='block_1_54' title="bbox 219 4253 1816 4327">
    <p class='ocr_par' dir='ltr' id='par_1_54' title="bbox 219 4253 1816 4327">
     <span class='ocr_line' id='line_1_55' title="bbox 219 4253 1816 4327; baseline 0.008 -17"><span class='ocrx_word' id='word_1_345' title='bbox 219 4253 433 4327; x_wconf 81' lang='lat' dir='ltr'><strong>primus</strong></span> <span class='ocrx_word' id='word_1_346' title='bbox 462 4261 511 4310; x_wconf 88' lang='lat' dir='ltr'><strong>iii</strong></span> <span class='ocrx_word' id='word_1_347' title='bbox 545 4253 682 4311; x_wconf 83' lang='lat' dir='ltr'><strong>Foro</strong></span> <span class='ocrx_word' id='word_1_348' title='bbox 729 4262 866 4311; x_wconf 83' lang='lat' dir='ltr'><strong>ultra</strong></span> <span class='ocrx_word' id='word_1_349' title='bbox 914 4259 1189 4311; x_wconf 86' lang='lat' dir='ltr'><strong>columnas</strong></span> <span class='ocrx_word' id='word_1_350' title='bbox 1236 4253 1816 4327; x_wconf 40' lang='lat' dir='ltr'><strong>tigua_prttjcCil.,‘l&quot;°</strong></span> 
     </span>
    </p>
   </div>
   <div class='ocr_carea' id='block_1_55' title="bbox 216 4323 1816 4395">
    <p class='ocr_par' dir='ltr' id='par_1_55' title="bbox 216 4323 1816 4395">
     <span class='ocr_line' id='line_1_56' title="bbox 216 4323 1816 4395; baseline -0.001 -14"><span class='ocrx_word' id='word_1_351' title='bbox 216 4323 613 4395; x_wconf 75' lang='lat' dir='ltr'><strong>ampliarentur</strong></span> <span class='ocrx_word' id='word_1_352' title='bbox 667 4328 943 4395; x_wconf 72' lang='lat' dir='ltr'><strong>superiora</strong></span> <span class='ocrx_word' id='word_1_353' title='bbox 1005 4328 1327 4395; x_wconf 84' lang='lat' dir='ltr'><strong>spectacula.</strong></span> <span class='ocrx_word' id='word_1_354' title='bbox 1390 4323 1613 4393; x_wconf 79' lang='lat' dir='ltr'><strong>1Majur</strong></span> <span class='ocrx_word' id='word_1_355' title='bbox 1668 4326 1816 4380; x_wconf 69' lang='lat' dir='ltr'><strong>Grrc-</strong></span> 
     </span>
    </p>
   </div>
   <div class='ocr_carea' id='block_1_56' title="bbox 214 4398 1817 4468">
    <p class='ocr_par' dir='ltr' id='par_1_56' title="bbox 214 4398 1817 4468">
     <span class='ocr_line' id='line_1_57' title="bbox 214 4398 1817 4468; baseline -0.002 -15"><span class='ocrx_word' id='word_1_356' title='bbox 214 4400 304 4453; x_wconf 86' lang='lat' dir='ltr'><strong>cia</strong></span> <span class='ocrx_word' id='word_1_357' title='bbox 336 4401 481 4453; x_wconf 89' lang='lat' dir='ltr'><strong>dicta</strong></span> <span class='ocrx_word' id='word_1_358' title='bbox 503 4410 584 4452; x_wconf 82' lang='lat' dir='ltr'><strong>est</strong></span> <span class='ocrx_word' id='word_1_359' title='bbox 617 4400 781 4464; x_wconf 91' lang='lat' dir='ltr'><strong>Italia,</strong></span> <span class='ocrx_word' id='word_1_360' title='bbox 827 4400 965 4468; x_wconf 90' lang='lat' dir='ltr'><strong>qttod</strong></span> <span class='ocrx_word' id='word_1_361' title='bbox 990 4414 1107 4451; x_wconf 90' lang='lat' dir='ltr'><strong>eam</strong></span> <span class='ocrx_word' id='word_1_362' title='bbox 1131 4400 1166 4451; x_wconf 81' lang='lat' dir='ltr'><strong>S</strong></span> <span class='ocrx_word' id='word_1_363' title='bbox 1192 4400 1291 4450; x_wconf 80' lang='lat' dir='ltr'><strong>culi</strong></span> <span class='ocrx_word' id='word_1_364' title='bbox 1320 4398 1550 4465; x_wconf 73' lang='lat' dir='ltr'><strong>quodam</strong></span> <span class='ocrx_word' id='word_1_365' title='bbox 1576 4399 1817 4450; x_wconf 89' lang='lat' dir='ltr'><strong>obtinue-</strong></span> 
     </span>
    </p>
   </div>
   <div class='ocr_carea' id='block_1_57' title="bbox 214 4470 1818 4538">
    <p class='ocr_par' dir='ltr' id='par_1_57' title="bbox 214 4470 1818 4538">
     <span class='ocr_line' id='line_1_58' title="bbox 214 4470 1818 4538; baseline -0.002 -14"><span class='ocrx_word' id='word_1_366' title='bbox 214 4481 353 4525; x_wconf 81' lang='lat' dir='ltr'><strong>runt</strong></span> <span class='ocrx_word' id='word_1_367' title='bbox 384 4487 399 4535; x_wconf 91' lang='lat'><strong>;</strong></span> <span class='ocrx_word' id='word_1_368' title='bbox 425 4473 502 4523; x_wconf 85' lang='lat' dir='ltr'><strong>vel</strong></span> <span class='ocrx_word' id='word_1_369' title='bbox 528 4474 666 4538; x_wconf 89' lang='lat' dir='ltr'><strong>quod</strong></span> <span class='ocrx_word' id='word_1_370' title='bbox 692 4471 871 4522; x_wconf 66' lang='lat' dir='ltr'><strong>multa:</strong></span> <span class='ocrx_word' id='word_1_371' title='bbox 895 4485 1152 4537; x_wconf 67' lang='lat' dir='ltr'><strong>magnasq.</strong></span> <span class='ocrx_word' id='word_1_372' title='bbox 1174 4470 1415 4522; x_wconf 89' lang='lat' dir='ltr'><strong>civitates</strong></span> <span class='ocrx_word' id='word_1_373' title='bbox 1439 4472 1488 4520; x_wconf 88' lang='lat' dir='ltr'><strong>iit</strong></span> <span class='ocrx_word' id='word_1_374' title='bbox 1514 4483 1573 4533; x_wconf 66' lang='lat' dir='ltr'><strong>est</strong></span> <span class='ocrx_word' id='word_1_375' title='bbox 1602 4470 1818 4520; x_wconf 82' lang='lat' dir='ltr'><strong>fuerunt</strong></span> 
     </span>
    </p>
   </div>
   <div class='ocr_carea' id='block_1_58' title="bbox 212 4539 1817 4611">
    <p class='ocr_par' dir='ltr' id='par_1_58' title="bbox 212 4539 1817 4611">
     <span class='ocr_line' id='line_1_59' title="bbox 212 4539 1817 4611; baseline -0.001 -17"><span class='ocrx_word' id='word_1_376' title='bbox 212 4553 286 4611; x_wconf 80' lang='lat' dir='ltr'><strong>ex</strong></span> <span class='ocrx_word' id='word_1_377' title='bbox 322 4541 530 4595; x_wconf 66' lang='lat' dir='ltr'><strong>Graecia</strong></span> <span class='ocrx_word' id='word_1_378' title='bbox 584 4542 854 4609; x_wconf 65' lang='lat' dir='ltr'><strong>profectas.</strong></span> <span class='ocrx_word' id='word_1_379' title='bbox 909 4539 933 4611; x_wconf 88' lang='lat'><strong>1</strong></span> <span class='ocrx_word' id='word_1_380' title='bbox 968 4541 1153 4611; x_wconf 83' lang='lat' dir='ltr'><strong>Maius</strong></span> <span class='ocrx_word' id='word_1_381' title='bbox 1184 4540 1384 4593; x_wconf 80' lang='lat' dir='ltr'><strong>mensis</strong></span> <span class='ocrx_word' id='word_1_382' title='bbox 1432 4540 1817 4611; x_wconf 19' lang='lat' dir='ltr'><strong>inuiouipl‘uri-</strong></span> 
     </span>
    </p>
   </div>
   <div class='ocr_carea' id='block_1_59' title="bbox 210 4609 1817 4666">
    <p class='ocr_par' dir='ltr' id='par_1_59' title="bbox 210 4609 1817 4666">
     <span class='ocr_line' id='line_1_60' title="bbox 210 4609 1817 4666; baseline -0.001 -1"><span class='ocrx_word' id='word_1_383' title='bbox 210 4610 324 4665; x_wconf 85' lang='lat' dir='ltr'><strong>bus</strong></span> <span class='ocrx_word' id='word_1_384' title='bbox 354 4612 660 4665; x_wconf 72' lang='lat' dir='ltr'><strong>civitatibus</strong></span> <span class='ocrx_word' id='word_1_385' title='bbox 709 4609 927 4664; x_wconf 86' lang='lat' dir='ltr'><strong>Latinis</strong></span> <span class='ocrx_word' id='word_1_386' title='bbox 961 4621 1084 4664; x_wconf 88' lang='lat' dir='ltr'><strong>ante</strong></span> <span class='ocrx_word' id='word_1_387' title='bbox 1141 4610 1336 4664; x_wconf 84' lang='lat' dir='ltr'><strong>Urbem</strong></span> <span class='ocrx_word' id='word_1_388' title='bbox 1374 4609 1644 4666; x_wconf 84' lang='lat' dir='ltr'><strong>conditam</strong></span> <span class='ocrx_word' id='word_1_389' title='bbox 1694 4609 1817 4664; x_wconf 90' lang='lat' dir='ltr'><strong>fuis-</strong></span> 
     </span>
    </p>
   </div>
   <div class='ocr_carea' id='block_1_60' title="bbox 208 4681 1816 4751">
    <p class='ocr_par' dir='ltr' id='par_1_60' title="bbox 208 4681 1816 4751">
     <span class='ocr_line' id='line_1_61' title="bbox 208 4681 1816 4751; baseline -0.002 -14"><span class='ocrx_word' id='word_1_390' title='bbox 208 4696 278 4737; x_wconf 81' lang='lat' dir='ltr'><strong>se</strong></span> <span class='ocrx_word' id='word_1_391' title='bbox 315 4684 531 4736; x_wconf 90' lang='lat' dir='ltr'><strong>videtur</strong></span> <span class='ocrx_word' id='word_1_392' title='bbox 562 4699 573 4733; x_wconf 92' lang='lat'><strong>:</strong></span> <span class='ocrx_word' id='word_1_393' title='bbox 607 4697 710 4751; x_wconf 92' lang='lat' dir='ltr'><strong>qua</strong></span> <span class='ocrx_word' id='word_1_394' title='bbox 742 4698 806 4735; x_wconf 82' lang='lat' dir='ltr'><strong>ex</strong></span> <span class='ocrx_word' id='word_1_395' title='bbox 836 4697 996 4737; x_wconf 87' lang='lat' dir='ltr'><strong>causa</strong></span> <span class='ocrx_word' id='word_1_396' title='bbox 1023 4694 1196 4735; x_wconf 91' lang='lat' dir='ltr'><strong>utrttm</strong></span> <span class='ocrx_word' id='word_1_397' title='bbox 1228 4696 1257 4733; x_wconf 91' lang='lat' dir='ltr'><strong>a</strong></span> <span class='ocrx_word' id='word_1_398' title='bbox 1288 4681 1596 4751; x_wconf 86' lang='lat' dir='ltr'><strong>majoribus,</strong></span> <span class='ocrx_word' id='word_1_399' title='bbox 1643 4688 1701 4732; x_wconf 91' lang='lat' dir='ltr'><strong>ut</strong></span> <span class='ocrx_word' id='word_1_400' title='bbox 1729 4681 1816 4734; x_wconf 80' lang='lat' dir='ltr'><strong>Iti-</strong></span> 
     </span>
    </p>
   </div>
   <div class='ocr_carea' id='block_1_61' title="bbox 211 4750 1815 4821">
    <p class='ocr_par' dir='ltr' id='par_1_61' title="bbox 211 4750 1815 4821">
     <span class='ocr_line' id='line_1_62' title="bbox 211 4750 1815 4821; baseline 0 -16"><span class='ocrx_word' id='word_1_401' title='bbox 211 4755 347 4806; x_wconf 89' lang='lat' dir='ltr'><strong>nius</strong></span> <span class='ocrx_word' id='word_1_402' title='bbox 378 4769 409 4805; x_wconf 87' lang='lat' dir='ltr'><strong>a</strong></span> <span class='ocrx_word' id='word_1_403' title='bbox 433 4750 735 4821; x_wconf 83' lang='lat' dir='ltr'><strong>junioribus</strong></span> <span class='ocrx_word' id='word_1_404' title='bbox 758 4752 928 4806; x_wconf 85' lang='lat' dir='ltr'><strong>dicuts</strong></span> <span class='ocrx_word' id='word_1_405' title='bbox 960 4752 1028 4805; x_wconf 89' lang='lat' dir='ltr'><strong>sit</strong></span> <span class='ocrx_word' id='word_1_406' title='bbox 1062 4769 1075 4817; x_wconf 90' lang='lat'><strong>;</strong></span> <span class='ocrx_word' id='word_1_407' title='bbox 1111 4770 1176 4805; x_wconf 90' lang='lat' dir='ltr'><strong>an</strong></span> <span class='ocrx_word' id='word_1_408' title='bbox 1206 4766 1234 4807; x_wconf 88' lang='lat' dir='ltr'><strong>a</strong></span> <span class='ocrx_word' id='word_1_409' title='bbox 1266 4750 1420 4817; x_wconf 80' lang='lat' dir='ltr'><strong>Maia,</strong></span> <span class='ocrx_word' id='word_1_410' title='bbox 1445 4750 1584 4819; x_wconf 88' lang='lat' dir='ltr'><strong>quod</strong></span> <span class='ocrx_word' id='word_1_411' title='bbox 1616 4752 1815 4805; x_wconf 83' lang='lat' dir='ltr'><strong>Mercu-</strong></span> 
     </span>
    </p>
   </div>
   <div class='ocr_carea' id='block_1_62' title="bbox 208 4822 1814 4892">
    <p class='ocr_par' dir='ltr' id='par_1_62' title="bbox 208 4822 1814 4892">
     <span class='ocr_line' id='line_1_63' title="bbox 208 4822 1814 4892; baseline -0.001 -15"><span class='ocrx_word' id='word_1_412' title='bbox 208 4824 302 4877; x_wconf 80' lang='lat' dir='ltr'><strong>rio</strong></span> <span class='ocrx_word' id='word_1_413' title='bbox 332 4824 449 4877; x_wconf 86' lang='lat' dir='ltr'><strong>filio</strong></span> <span class='ocrx_word' id='word_1_414' title='bbox 474 4822 589 4892; x_wconf 83' lang='lat' dir='ltr'><strong>ejus</strong></span> <span class='ocrx_word' id='word_1_415' title='bbox 621 4823 917 4892; x_wconf 12' lang='lat' dir='ltr'><strong>residivinie</strong></span> <span class='ocrx_word' id='word_1_416' title='bbox 950 4826 1075 4875; x_wconf 85' lang='lat' dir='ltr'><strong>tiaiit</strong></span> <span class='ocrx_word' id='word_1_417' title='bbox 1102 4825 1373 4877; x_wconf 87' lang='lat' dir='ltr'><strong>solemnes</strong></span> <span class='ocrx_word' id='word_1_418' title='bbox 1400 4842 1412 4876; x_wconf 91' lang='lat'><strong>:</strong></span> <span class='ocrx_word' id='word_1_419' title='bbox 1449 4838 1513 4874; x_wconf 91' lang='lat' dir='ltr'><strong>an</strong></span> <span class='ocrx_word' id='word_1_420' title='bbox 1546 4822 1685 4891; x_wconf 88' lang='lat' dir='ltr'><strong>quod</strong></span> <span class='ocrx_word' id='word_1_421' title='bbox 1716 4823 1814 4889; x_wconf 89' lang='lat' dir='ltr'><strong>ipsi</strong></span> 
     </span>
    </p>
   </div>
   <div class='ocr_carea' id='block_1_63' title="bbox 204 4891 1816 4949">
    <p class='ocr_par' dir='ltr' id='par_1_63' title="bbox 204 4891 1816 4949">
     <span class='ocr_line' id='line_1_64' title="bbox 204 4891 1816 4949; baseline -0.001 0"><span class='ocrx_word' id='word_1_422' title='bbox 204 4893 340 4949; x_wconf 72' lang='lat' dir='ltr'><strong>dea:</strong></span> <span class='ocrx_word' id='word_1_423' title='bbox 377 4900 431 4947; x_wconf 91' lang='lat' dir='ltr'><strong>in</strong></span> <span class='ocrx_word' id='word_1_424' title='bbox 474 4891 651 4947; x_wconf 87' lang='lat' dir='ltr'><strong>multis</strong></span> <span class='ocrx_word' id='word_1_425' title='bbox 702 4891 902 4946; x_wconf 89' lang='lat' dir='ltr'><strong>Latinis</strong></span> <span class='ocrx_word' id='word_1_426' title='bbox 955 4894 1257 4948; x_wconf 81' lang='lat' dir='ltr'><strong>civitatibus</strong></span> <span class='ocrx_word' id='word_1_427' title='bbox 1309 4892 1569 4948; x_wconf 83' lang='lat' dir='ltr'><strong>sacriﬁcia</strong></span> <span class='ocrx_word' id='word_1_428' title='bbox 1620 4893 1816 4948; x_wconf 88' lang='lat' dir='ltr'><strong>tiebant</strong></span> 
     </span>
    </p>
   </div>
   <div class='ocr_carea' id='block_1_64' title="bbox 206 4962 1809 5033">
    <p class='ocr_par' dir='ltr' id='par_1_64' title="bbox 206 4962 1809 5033">
     <span class='ocr_line' id='line_1_65' title="bbox 206 4962 1809 5033; baseline -0.002 -14"><span class='ocrx_word' id='word_1_429' title='bbox 206 5001 227 5019; x_wconf 91' lang='lat'><strong>.</strong></span> <span class='ocrx_word' id='word_1_430' title='bbox 301 5004 320 5020; x_wconf 92' lang='lat'><strong>.</strong></span> <span class='ocrx_word' id='word_1_431' title='bbox 382 4966 415 4998; x_wconf 68' lang='lat'><strong>‘*</strong></span> <span class='ocrx_word' id='word_1_432' title='bbox 443 4965 464 4994; x_wconf 82' lang='lat'><strong><em>°</em></strong></span> <span class='ocrx_word' id='word_1_433' title='bbox 508 4962 536 5033; x_wconf 98' lang='lat'><strong>1</strong></span> <span class='ocrx_word' id='word_1_434' title='bbox 569 4964 883 5028; x_wconf 85' lang='lat' dir='ltr'><strong>Monstrum,</strong></span> <span class='ocrx_word' id='word_1_435' title='bbox 913 4975 969 5018; x_wconf 90' lang='lat' dir='ltr'><strong>ttt</strong></span> <span class='ocrx_word' id='word_1_436' title='bbox 1008 4966 1191 5018; x_wconf 80' lang='lat' dir='ltr'><strong>Aelius</strong></span> <span class='ocrx_word' id='word_1_437' title='bbox 1224 4965 1357 5020; x_wconf 89' lang='lat' dir='ltr'><strong>Stilo</strong></span> <span class='ocrx_word' id='word_1_438' title='bbox 1406 4966 1809 5030; x_wconf 83' lang='lat' dir='ltr'><strong>interpretatur,</strong></span> 
     </span>
    </p>
   </div>
   <div class='ocr_carea' id='block_1_65' title="bbox 204 5035 1813 5097">
    <p class='ocr_par' dir='ltr' id='par_1_65' title="bbox 204 5035 1813 5097">
     <span class='ocr_line' id='line_1_66' title="bbox 204 5035 1813 5097; baseline 0 -8"><span class='ocrx_word' id='word_1_439' title='bbox 204 5051 239 5089; x_wconf 82' lang='lat' dir='ltr'><strong>a</strong></span> <span class='ocrx_word' id='word_1_440' title='bbox 307 5038 588 5090; x_wconf 88' lang='lat' dir='ltr'><strong>monendo</strong></span> <span class='ocrx_word' id='word_1_441' title='bbox 642 5036 841 5087; x_wconf 90' lang='lat' dir='ltr'><strong>dictum</strong></span> <span class='ocrx_word' id='word_1_442' title='bbox 908 5043 1010 5097; x_wconf 91' lang='lat' dir='ltr'><strong>est,</strong></span> <span class='ocrx_word' id='word_1_443' title='bbox 1066 5037 1210 5089; x_wconf 90' lang='lat' dir='ltr'><strong>velut</strong></span> <span class='ocrx_word' id='word_1_444' title='bbox 1265 5046 1616 5090; x_wconf 88' lang='lat' dir='ltr'><strong>monestrum.</strong></span> <span class='ocrx_word' id='word_1_445' title='bbox 1682 5035 1813 5089; x_wconf 91' lang='lat' dir='ltr'><strong>Itein</strong></span> 
     </span>
    </p>
   </div>
   <div class='ocr_carea' id='block_1_66' title="bbox 201 5104 1816 5175">
    <p class='ocr_par' dir='ltr' id='par_1_66' title="bbox 201 5104 1816 5175">
     <span class='ocr_line' id='line_1_67' title="bbox 201 5104 1816 5175; baseline -0.001 -15"><span class='ocrx_word' id='word_1_446' title='bbox 201 5106 449 5160; x_wconf 87' lang='lat' dir='ltr'><strong>Sinnius</strong></span> <span class='ocrx_word' id='word_1_447' title='bbox 484 5107 694 5175; x_wconf 81' lang='lat' dir='ltr'><strong>Capito,</strong></span> <span class='ocrx_word' id='word_1_448' title='bbox 722 5105 863 5173; x_wconf 85' lang='lat' dir='ltr'><strong>quod</strong></span> <span class='ocrx_word' id='word_1_449' title='bbox 915 5114 1173 5159; x_wconf 83' lang='lat' dir='ltr'><strong>monstret</strong></span> <span class='ocrx_word' id='word_1_450' title='bbox 1214 5104 1468 5175; x_wconf 87' lang='lat' dir='ltr'><strong>futurum,</strong></span> <span class='ocrx_word' id='word_1_451' title='bbox 1518 5116 1573 5159; x_wconf 90' lang='lat' dir='ltr'><strong>et</strong></span> <span class='ocrx_word' id='word_1_452' title='bbox 1602 5113 1816 5159; x_wconf 85' lang='lat' dir='ltr'><strong>moneat</strong></span> 
     </span>
    </p>
   </div>
   <div class='ocr_carea' id='block_1_67' title="bbox 203 5175 1815 5244">
    <p class='ocr_par' dir='ltr' id='par_1_67' title="bbox 203 5175 1815 5244">
     <span class='ocr_line' id='line_1_68' title="bbox 203 5175 1815 5244; baseline 0 -15"><span class='ocrx_word' id='word_1_453' title='bbox 203 5178 562 5231; x_wconf 87' lang='lat' dir='ltr'><strong>voluntatem</strong></span> <span class='ocrx_word' id='word_1_454' title='bbox 638 5178 897 5239; x_wconf 89' lang='lat' dir='ltr'><strong>deorum;</strong></span> <span class='ocrx_word' id='word_1_455' title='bbox 982 5175 1122 5244; x_wconf 87' lang='lat' dir='ltr'><strong>quod</strong></span> <span class='ocrx_word' id='word_1_456' title='bbox 1198 5180 1355 5231; x_wconf 91' lang='lat' dir='ltr'><strong>etiam</strong></span> <span class='ocrx_word' id='word_1_457' title='bbox 1434 5175 1815 5244; x_wconf 82' lang='lat' dir='ltr'><strong>1Prodigium</strong></span> 
     </span>
    </p>
   </div>
   <div class='ocr_carea' id='block_1_68' title="bbox 1554 2504 2343 2585">
    <p class='ocr_par' dir='ltr' id='par_1_68' title="bbox 1554 2504 2343 2585">
     <span class='ocr_line' id='line_1_69' title="bbox 1554 2504 2343 2585; baseline 0.003 -16"><span class='ocrx_word' id='word_1_458' title='bbox 1554 2504 1816 2569; x_wconf 84' lang='lat' dir='ltr'><strong>Mainilio-</strong></span> <span class='ocrx_word' id='word_1_459' title='bbox 1848 2504 1898 2562; x_wconf 78' lang='grc' dir='ltr'><strong>Β</strong></span> <span class='ocrx_word' id='word_1_460' title='bbox 1926 2504 2277 2585; x_wconf 70' lang='lat' dir='ltr'><strong>aspergantur</strong></span> <span class='ocrx_word' id='word_1_461' title='bbox 2320 2535 2343 2583; x_wconf 3' lang='lat'><strong>1:</strong></span> 
     </span>
    </p>
   </div>
   <div class='ocr_carea' id='block_1_69' title="bbox 1929 1344 3518 1413">
    <p class='ocr_par' dir='ltr' id='par_1_69' title="bbox 1929 1344 3518 1413">
     <span class='ocr_line' id='line_1_70' title="bbox 1929 1344 3518 1413; baseline 0.002 -15"><span class='ocrx_word' id='word_1_462' title='bbox 1929 1346 2126 1399; x_wconf 91' lang='lat' dir='ltr'><strong>dictum</strong></span> <span class='ocrx_word' id='word_1_463' title='bbox 2158 1355 2239 1399; x_wconf 90' lang='lat' dir='ltr'><strong>est</strong></span> <span class='ocrx_word' id='word_1_464' title='bbox 2266 1354 2485 1399; x_wconf 88' lang='lat' dir='ltr'><strong>ornatus</strong></span> <span class='ocrx_word' id='word_1_465' title='bbox 2534 1344 2793 1407; x_wconf 90' lang='lat' dir='ltr'><strong>mulieris,</strong></span> <span class='ocrx_word' id='word_1_466' title='bbox 2847 1345 3060 1413; x_wconf 89' lang='lat' dir='ltr'><strong>qualem</strong></span> <span class='ocrx_word' id='word_1_467' title='bbox 3112 1346 3368 1401; x_wconf 85' lang='lat' dir='ltr'><strong>habuisse</strong></span> <span class='ocrx_word' id='word_1_468' title='bbox 3396 1348 3518 1401; x_wconf 83' lang='lat' dir='ltr'><strong>Eri-</strong></span> 
     </span>
    </p>
   </div>
   <div class='ocr_carea' id='block_1_70' title="bbox 2570 1434 2855 1505">
    <p class='ocr_par' dir='ltr' id='par_1_70' title="bbox 2570 1434 2855 1505">
     <span class='ocr_line' id='line_1_71' title="bbox 2570 1434 2855 1505; baseline 0.011 -18"><span class='ocrx_word' id='word_1_469' title='bbox 2570 1434 2703 1505; x_wconf 80' lang='lat' dir='ltr'><strong>Pag.</strong></span> <span class='ocrx_word' id='word_1_470' title='bbox 2738 1435 2855 1490; x_wconf 74' lang='grc'><strong>169.</strong></span> 
     </span>
    </p>
   </div>
   <div class='ocr_carea' id='block_1_71' title="bbox 1929 1529 3515 1599">
    <p class='ocr_par' dir='ltr' id='par_1_71' title="bbox 1929 1529 3515 1599">
     <span class='ocr_line' id='line_1_72' title="bbox 1929 1529 3515 1599; baseline 0.003 -18"><span class='ocrx_word' id='word_1_471' title='bbox 1929 1529 2140 1597; x_wconf 87' lang='lat' dir='ltr'><strong>pltylam</strong></span> <span class='ocrx_word' id='word_1_472' title='bbox 2166 1529 2355 1583; x_wconf 72' lang='lat' dir='ltr'><strong>fabnlm.</strong></span> <span class='ocrx_word' id='word_1_473' title='bbox 2381 1529 2586 1591; x_wconf 85' lang='lat' dir='ltr'><strong>ferunt;</strong></span> <span class='ocrx_word' id='word_1_474' title='bbox 2611 1545 2674 1583; x_wconf 88' lang='lat' dir='ltr'><strong>ex</strong></span> <span class='ocrx_word' id='word_1_475' title='bbox 2702 1546 2767 1583; x_wconf 89' lang='lat' dir='ltr'><strong>eo</strong></span> <span class='ocrx_word' id='word_1_476' title='bbox 2792 1530 2951 1583; x_wconf 87' lang='lat' dir='ltr'><strong>etiam</strong></span> <span class='ocrx_word' id='word_1_477' title='bbox 2976 1532 3127 1598; x_wconf 88' lang='lat' dir='ltr'><strong>equis</strong></span> <span class='ocrx_word' id='word_1_478' title='bbox 3154 1533 3515 1599; x_wconf 64' lang='lat' dir='ltr'><strong>praependens</strong></span> 
     </span>
    </p>
   </div>
   <div class='ocr_carea' id='block_1_72' title="bbox 1925 1601 3516 1672">
    <p class='ocr_par' dir='ltr' id='par_1_72' title="bbox 1925 1601 3516 1672">
     <span class='ocr_line' id='line_1_73' title="bbox 1925 1601 3516 1672; baseline 0.006 -24"><span class='ocrx_word' id='word_1_479' title='bbox 1925 1615 1954 1653; x_wconf 71' lang='grc' dir='ltr'><strong>τι</strong></span> <span class='ocrx_word' id='word_1_480' title='bbox 2009 1602 2147 1655; x_wconf 86' lang='lat' dir='ltr'><strong>collo</strong></span> <span class='ocrx_word' id='word_1_481' title='bbox 2205 1612 2603 1664; x_wconf 74' lang='lat' dir='ltr'><strong>ornamentum,</strong></span> <span class='ocrx_word' id='word_1_482' title='bbox 2662 1601 2862 1655; x_wconf 56' lang='lat' dir='ltr'><strong>monile</strong></span> <span class='ocrx_word' id='word_1_483' title='bbox 2917 1605 3204 1666; x_wconf 87' lang='lat' dir='ltr'><strong>appellant.</strong></span> <span class='ocrx_word' id='word_1_484' title='bbox 3268 1602 3295 1672; x_wconf 90' lang='lat'><strong>1</strong></span> <span class='ocrx_word' id='word_1_485' title='bbox 3345 1605 3516 1657; x_wconf 88' lang='lat' dir='ltr'><strong>Molu-</strong></span> 
     </span>
    </p>
   </div>
   <div class='ocr_carea' id='block_1_73' title="bbox 1926 1673 3516 1739">
    <p class='ocr_par' dir='ltr' id='par_1_73' title="bbox 1926 1673 3516 1739">
     <span class='ocr_line' id='line_1_74' title="bbox 1926 1673 3516 1739; baseline 0.003 -14"><span class='ocrx_word' id='word_1_486' title='bbox 1926 1687 2073 1725; x_wconf 89' lang='lat' dir='ltr'><strong>crum</strong></span> <span class='ocrx_word' id='word_1_487' title='bbox 2122 1688 2223 1723; x_wconf 87' lang='lat' dir='ltr'><strong>non</strong></span> <span class='ocrx_word' id='word_1_488' title='bbox 2274 1674 2441 1725; x_wconf 84' lang='lat' dir='ltr'><strong>solum</strong></span> <span class='ocrx_word' id='word_1_489' title='bbox 2492 1688 2598 1738; x_wconf 89' lang='lat' dir='ltr'><strong>qtto</strong></span> <span class='ocrx_word' id='word_1_490' title='bbox 2652 1674 2809 1724; x_wconf 71' lang='lat' dir='ltr'><strong>mola:</strong></span> <span class='ocrx_word' id='word_1_491' title='bbox 2866 1682 3110 1726; x_wconf 87' lang='lat' dir='ltr'><strong>teruntur</strong></span> <span class='ocrx_word' id='word_1_492' title='bbox 3136 1673 3177 1703; x_wconf 79' lang='grc'><strong>¹⁰</strong></span> <span class='ocrx_word' id='word_1_493' title='bbox 3210 1674 3429 1739; x_wconf 83' lang='lat' dir='ltr'><strong>dicitur,</strong></span> <span class='ocrx_word' id='word_1_494' title='bbox 3464 1674 3516 1729; x_wconf 87' lang='lat' dir='ltr'><strong>id</strong></span> 
     </span>
    </p>
   </div>
   <div class='ocr_carea' id='block_1_74' title="bbox 1925 1741 3518 1816">
    <p class='ocr_par' dir='ltr' id='par_1_74' title="bbox 1925 1741 3518 1816">
     <span class='ocr_line' id='line_1_75' title="bbox 1925 1741 3518 1816; baseline 0.003 -22"><span class='ocrx_word' id='word_1_495' title='bbox 1925 1743 2093 1816; x_wconf 70' lang='lat' dir='ltr'><strong>quod</strong></span> <span class='ocrx_word' id='word_1_496' title='bbox 2124 1741 2294 1816; x_wconf 68' lang='lat' dir='ltr'><strong>Grmci</strong></span> <span class='ocrx_word' id='word_1_497' title='bbox 2344 1744 2580 1816; x_wconf 57' lang='lat' dir='ltr'><strong>puliapoa</strong></span> <span class='ocrx_word' id='word_1_498' title='bbox 2637 1744 2925 1816; x_wconf 81' lang='lat' dir='ltr'><strong>appellant,</strong></span> <span class='ocrx_word' id='word_1_499' title='bbox 2961 1745 3071 1816; x_wconf 68' lang='lat' dir='ltr'><strong>sed</strong></span> <span class='ocrx_word' id='word_1_500' title='bbox 3126 1744 3288 1797; x_wconf 88' lang='lat' dir='ltr'><strong>etiam</strong></span> <span class='ocrx_word' id='word_1_501' title='bbox 3342 1756 3518 1816; x_wconf 85' lang='lat' dir='ltr'><strong>tumor</strong></span> 
     </span>
    </p>
   </div>
   <div class='ocr_carea' id='block_1_75' title="bbox 1926 1812 3518 1884">
    <p class='ocr_par' dir='ltr' id='par_1_75' title="bbox 1926 1812 3518 1884">
     <span class='ocr_line' id='line_1_76' title="bbox 1926 1812 3518 1884; baseline 0.004 -22"><span class='ocrx_word' id='word_1_502' title='bbox 1926 1813 2149 1877; x_wconf 86' lang='lat' dir='ltr'><strong>ventris,</strong></span> <span class='ocrx_word' id='word_1_503' title='bbox 2184 1813 2269 1882; x_wconf 89' lang='lat' dir='ltr'><strong>qui</strong></span> <span class='ocrx_word' id='word_1_504' title='bbox 2320 1812 2500 1866; x_wconf 81' lang='lat' dir='ltr'><strong>etiam</strong></span> <span class='ocrx_word' id='word_1_505' title='bbox 2538 1812 2831 1879; x_wconf 70' lang='lat' dir='ltr'><strong>virginibus</strong></span> <span class='ocrx_word' id='word_1_506' title='bbox 2870 1814 3106 1867; x_wconf 85' lang='lat' dir='ltr'><strong>incidere</strong></span> <span class='ocrx_word' id='word_1_507' title='bbox 3153 1817 3311 1879; x_wconf 88' lang='lat' dir='ltr'><strong>solet,</strong></span> <span class='ocrx_word' id='word_1_508' title='bbox 3363 1815 3518 1884; x_wconf 88' lang='lat' dir='ltr'><strong>cujus</strong></span> 
     </span>
    </p>
   </div>
   <div class='ocr_carea' id='block_1_76' title="bbox 1926 1884 3521 1951">
    <p class='ocr_par' dir='ltr' id='par_1_76' title="bbox 1926 1884 3521 1951">
     <span class='ocr_line' id='line_1_77' title="bbox 1926 1884 3521 1951; baseline 0.003 -16"><span class='ocrx_word' id='word_1_509' title='bbox 1926 1884 2167 1936; x_wconf 89' lang='lat' dir='ltr'><strong>meminit</strong></span> <span class='ocrx_word' id='word_1_510' title='bbox 2220 1884 2466 1936; x_wconf 79' lang='lat' dir='ltr'><strong>Afranius</strong></span> <span class='ocrx_word' id='word_1_511' title='bbox 2516 1885 2565 1936; x_wconf 91' lang='lat' dir='ltr'><strong>in</strong></span> <span class='ocrx_word' id='word_1_512' title='bbox 2622 1884 2882 1949; x_wconf 78' lang='lat' dir='ltr'><strong>Virgine:</strong></span> <span class='ocrx_word' id='word_1_513' title='bbox 2942 1886 3130 1938; x_wconf 63' lang='lat' dir='ltr'><strong>FCI&#39;IIIG</strong></span> <span class='ocrx_word' id='word_1_514' title='bbox 3156 1886 3372 1951; x_wconf 77' lang='lat' dir='ltr'><strong>virgini,</strong></span> <span class='ocrx_word' id='word_1_515' title='bbox 3405 1900 3521 1940; x_wconf 85' lang='lat' dir='ltr'><strong>tan-</strong></span> 
     </span>
    </p>
   </div>
   <div class='ocr_carea' id='block_1_77' title="bbox 1925 1954 3514 2022">
    <p class='ocr_par' dir='ltr' id='par_1_77' title="bbox 1925 1954 3514 2022">
     <span class='ocr_line' id='line_1_78' title="bbox 1925 1954 3514 2022; baseline 0.002 -18"><span class='ocrx_word' id='word_1_516' title='bbox 1925 1970 2083 2021; x_wconf 83' lang='lat' dir='ltr'><strong>quam</strong></span> <span class='ocrx_word' id='word_1_517' title='bbox 2136 1955 2363 2013; x_wconf 73' lang='lat' dir='ltr'><strong>gravida:</strong></span> <span class='ocrx_word' id='word_1_518' title='bbox 2413 1955 2620 2008; x_wconf 89' lang='lat' dir='ltr'><strong>mulieri</strong></span> <span class='ocrx_word' id='word_1_519' title='bbox 2678 1966 2881 2017; x_wconf 83' lang='lat' dir='ltr'><strong>uterus,</strong></span> <span class='ocrx_word' id='word_1_520' title='bbox 2935 1954 3234 2008; x_wconf 87' lang='lat' dir='ltr'><strong>molucritm</strong></span> <span class='ocrx_word' id='word_1_521' title='bbox 3270 1966 3514 2022; x_wconf 83' lang='lat' dir='ltr'><strong>vocatur,</strong></span> 
     </span>
    </p>
   </div>
   <div class='ocr_carea' id='block_1_78' title="bbox 1927 2024 3521 2081">
    <p class='ocr_par' dir='ltr' id='par_1_78' title="bbox 1927 2024 3521 2081">
     <span class='ocr_line' id='line_1_79' title="bbox 1927 2024 3521 2081; baseline 0.003 -4"><span class='ocrx_word' id='word_1_522' title='bbox 1927 2027 2117 2078; x_wconf 82' lang='lat' dir='ltr'><strong>transit</strong></span> <span class='ocrx_word' id='word_1_523' title='bbox 2146 2026 2260 2078; x_wconf 79' lang='lat' dir='ltr'><strong>sine</strong></span> <span class='ocrx_word' id='word_1_524' title='bbox 2287 2025 2582 2079; x_wconf 83' lang='lat' dir='ltr'><strong>doloribus.</strong></span> <span class='ocrx_word' id='word_1_525' title='bbox 2614 2024 2850 2078; x_wconf 84' lang='lat' dir='ltr'><strong>Cloatius</strong></span> <span class='ocrx_word' id='word_1_526' title='bbox 2873 2027 3078 2078; x_wconf 70' lang='lat' dir='ltr'><strong>etiam&quot;</strong></span> <span class='ocrx_word' id='word_1_527' title='bbox 3099 2027 3141 2055; x_wconf 64' lang='grc' dir='ltr'><strong>ιι</strong></span> <span class='ocrx_word' id='word_1_528' title='bbox 3171 2027 3396 2081; x_wconf 84' lang='lat' dir='ltr'><strong>inlibris</strong></span> <span class='ocrx_word' id='word_1_529' title='bbox 3423 2028 3521 2081; x_wconf 83' lang='lat' dir='ltr'><strong>Sa-</strong></span> 
     </span>
    </p>
   </div>
   <div class='ocr_carea' id='block_1_79' title="bbox 1924 2096 3517 2163">
    <p class='ocr_par' dir='ltr' id='par_1_79' title="bbox 1924 2096 3517 2163">
     <span class='ocr_line' id='line_1_80' title="bbox 1924 2096 3517 2163; baseline 0.002 -15"><span class='ocrx_word' id='word_1_530' title='bbox 1924 2110 2158 2158; x_wconf 85' lang='lat' dir='ltr'><strong>cmruin,</strong></span> <span class='ocrx_word' id='word_1_531' title='bbox 2217 2097 2517 2149; x_wconf 91' lang='lat' dir='ltr'><strong>molucrum</strong></span> <span class='ocrx_word' id='word_1_532' title='bbox 2572 2112 2693 2149; x_wconf 89' lang='lat' dir='ltr'><strong>esse</strong></span> <span class='ocrx_word' id='word_1_533' title='bbox 2748 2096 2895 2148; x_wconf 89' lang='lat' dir='ltr'><strong>aiunt</strong></span> <span class='ocrx_word' id='word_1_534' title='bbox 2952 2097 3186 2163; x_wconf 81' lang='lat' dir='ltr'><strong>ligneum</strong></span> <span class='ocrx_word' id='word_1_535' title='bbox 3246 2099 3517 2159; x_wconf 87' lang='lat' dir='ltr'><strong>quoddam</strong></span> 
     </span>
    </p>
   </div>
   <div class='ocr_carea' id='block_1_80' title="bbox 1925 2166 3517 2237">
    <p class='ocr_par' dir='ltr' id='par_1_80' title="bbox 1925 2166 3517 2237">
     <span class='ocr_line' id='line_1_81' title="bbox 1925 2166 3517 2237; baseline 0.004 -24"><span class='ocrx_word' id='word_1_536' title='bbox 1925 2169 2262 2233; x_wconf 80' lang='lat' dir='ltr'><strong>quadratum,</strong></span> <span class='ocrx_word' id='word_1_537' title='bbox 2297 2167 2383 2218; x_wconf 88' lang='lat' dir='ltr'><strong>ubi</strong></span> <span class='ocrx_word' id='word_1_538' title='bbox 2440 2167 2764 2237; x_wconf 84' lang='lat' dir='ltr'><strong>immolatur.</strong></span> <span class='ocrx_word' id='word_1_539' title='bbox 2812 2166 2954 2220; x_wconf 88' lang='lat' dir='ltr'><strong>Idem</strong></span> <span class='ocrx_word' id='word_1_540' title='bbox 3008 2168 3192 2220; x_wconf 84' lang='lat' dir='ltr'><strong>Aelius</strong></span> <span class='ocrx_word' id='word_1_541' title='bbox 3240 2168 3291 2220; x_wconf 94' lang='lat' dir='ltr'><strong>iu</strong></span> <span class='ocrx_word' id='word_1_542' title='bbox 3321 2169 3517 2237; x_wconf 82' lang='lat' dir='ltr'><strong>expla-</strong></span> 
     </span>
    </p>
   </div>
   <div class='ocr_carea' id='block_1_81' title="bbox 1924 2236 3517 2304">
    <p class='ocr_par' dir='ltr' id='par_1_81' title="bbox 1924 2236 3517 2304">
     <span class='ocr_line' id='line_1_82' title="bbox 1924 2236 3517 2304; baseline 0.003 -19"><span class='ocrx_word' id='word_1_543' title='bbox 1924 2240 2140 2291; x_wconf 88' lang='lat' dir='ltr'><strong>natione</strong></span> <span class='ocrx_word' id='word_1_544' title='bbox 2194 2239 2488 2291; x_wconf 79' lang='lat' dir='ltr'><strong>carminum</strong></span> <span class='ocrx_word' id='word_1_545' title='bbox 2544 2236 2848 2291; x_wconf 69' lang='lat' dir='ltr'><strong>Siiliarium‘</strong></span> <span class='ocrx_word' id='word_1_546' title='bbox 2890 2236 3080 2291; x_wconf 90' lang='lat' dir='ltr'><strong>eodem</strong></span> <span class='ocrx_word' id='word_1_547' title='bbox 3140 2239 3358 2292; x_wconf 90' lang='lat' dir='ltr'><strong>nomine</strong></span> <span class='ocrx_word' id='word_1_548' title='bbox 3404 2236 3517 2304; x_wconf 88' lang='lat' dir='ltr'><strong>ap-</strong></span> 
     </span>
    </p>
   </div>
   <div class='ocr_carea' id='block_1_82' title="bbox 1928 2308 3519 2373">
    <p class='ocr_par' dir='ltr' id='par_1_82' title="bbox 1928 2308 3519 2373">
     <span class='ocr_line' id='line_1_83' title="bbox 1928 2308 3519 2373; baseline 0.006 -19"><span class='ocrx_word' id='word_1_549' title='bbox 1928 2308 2111 2369; x_wconf 82' lang='lat' dir='ltr'><strong>pellari</strong></span> <span class='ocrx_word' id='word_1_550' title='bbox 2164 2309 2260 2371; x_wconf 88' lang='lat' dir='ltr'><strong>ait,</strong></span> <span class='ocrx_word' id='word_1_551' title='bbox 2315 2308 2454 2373; x_wconf 91' lang='lat' dir='ltr'><strong>quod</strong></span> <span class='ocrx_word' id='word_1_552' title='bbox 2511 2309 2609 2361; x_wconf 79' lang='lat' dir='ltr'><strong>sub</strong></span> <span class='ocrx_word' id='word_1_553' title='bbox 2664 2308 2805 2360; x_wconf 87' lang='lat' dir='ltr'><strong>mola</strong></span> <span class='ocrx_word' id='word_1_554' title='bbox 2852 2318 3207 2373; x_wconf 88' lang='lat' dir='ltr'><strong>supponatur.</strong></span> <span class='ocrx_word' id='word_1_555' title='bbox 3266 2309 3519 2364; x_wconf 84' lang='lat' dir='ltr'><strong>Aurelius</strong></span> 
     </span>
    </p>
   </div>
   <div class='ocr_carea' id='block_1_83' title="bbox 1922 2376 3523 2446">
    <p class='ocr_par' dir='ltr' id='par_1_83' title="bbox 1922 2376 3523 2446">
     <span class='ocr_line' id='line_1_84' title="bbox 1922 2376 3523 2446; baseline 0.002 -17"><span class='ocrx_word' id='word_1_556' title='bbox 1922 2376 2129 2443; x_wconf 85' lang='lat' dir='ltr'><strong>Opilius</strong></span> <span class='ocrx_word' id='word_1_557' title='bbox 2159 2379 2394 2444; x_wconf 87' lang='lat' dir='ltr'><strong>appellat</strong></span> <span class='ocrx_word' id='word_1_558' title='bbox 2446 2377 2533 2430; x_wconf 92' lang='lat' dir='ltr'><strong>ubi</strong></span> <span class='ocrx_word' id='word_1_559' title='bbox 2566 2378 2818 2431; x_wconf 88' lang='lat' dir='ltr'><strong>molatur.</strong></span> <span class='ocrx_word' id='word_1_560' title='bbox 2869 2376 2894 2446; x_wconf 89' lang='lat'><strong>1</strong></span> <span class='ocrx_word' id='word_1_561' title='bbox 2932 2379 3074 2431; x_wconf 86' lang='lat' dir='ltr'><strong>Mola</strong></span> <span class='ocrx_word' id='word_1_562' title='bbox 3104 2380 3263 2432; x_wconf 87' lang='lat' dir='ltr'><strong>etiam</strong></span> <span class='ocrx_word' id='word_1_563' title='bbox 3301 2389 3523 2433; x_wconf 77' lang='lat' dir='ltr'><strong>vocatur</strong></span> 
     </span>
    </p>
   </div>
   <div class='ocr_carea' id='block_1_84' title="bbox 1926 2448 3520 2516">
    <p class='ocr_par' dir='ltr' id='par_1_84' title="bbox 1926 2448 3520 2516">
     <span class='ocr_line' id='line_1_85' title="bbox 1926 2448 3520 2516; baseline 0.004 -20"><span class='ocrx_word' id='word_1_564' title='bbox 1926 2448 2005 2497; x_wconf 88' lang='lat' dir='ltr'><strong>far</strong></span> <span class='ocrx_word' id='word_1_565' title='bbox 2037 2455 2257 2511; x_wconf 89' lang='lat' dir='ltr'><strong>tostum,</strong></span> <span class='ocrx_word' id='word_1_566' title='bbox 2289 2456 2342 2502; x_wconf 91' lang='lat' dir='ltr'><strong>et</strong></span> <span class='ocrx_word' id='word_1_567' title='bbox 2365 2449 2477 2501; x_wconf 85' lang='lat' dir='ltr'><strong>sale</strong></span> <span class='ocrx_word' id='word_1_568' title='bbox 2505 2462 2746 2514; x_wconf 65' lang='lat' dir='ltr'><strong>sparsum</strong></span> <span class='ocrx_word' id='word_1_569' title='bbox 2776 2465 2789 2500; x_wconf 94' lang='lat'><strong>:</strong></span> <span class='ocrx_word' id='word_1_570' title='bbox 2822 2449 2961 2516; x_wconf 89' lang='lat' dir='ltr'><strong>qttod</strong></span> <span class='ocrx_word' id='word_1_571' title='bbox 2993 2463 3059 2502; x_wconf 91' lang='lat' dir='ltr'><strong>eo</strong></span> <span class='ocrx_word' id='word_1_572' title='bbox 3084 2452 3299 2511; x_wconf 85' lang='lat' dir='ltr'><strong>molito,</strong></span> <span class='ocrx_word' id='word_1_573' title='bbox 3330 2449 3520 2503; x_wconf 61' lang='lat' dir='ltr'><strong>boetia!</strong></span> 
     </span>
    </p>
   </div>
   <div class='ocr_carea' id='block_1_85' title="bbox 2320 2518 3521 2589">
    <p class='ocr_par' dir='ltr' id='par_1_85' title="bbox 2320 2518 3521 2589">
     <span class='ocr_line' id='line_1_86' title="bbox 2320 2518 3521 2589; baseline 0.003 -17"><span class='ocrx_word' id='word_1_574' title='bbox 2320 2535 2343 2583; x_wconf 55' lang='grc' dir='ltr'><strong>¹ε</strong></span> <span class='ocrx_word' id='word_1_575' title='bbox 2424 2518 2587 2572; x_wconf 81' lang='lat' dir='ltr'><strong>Molas</strong></span> <span class='ocrx_word' id='word_1_576' title='bbox 2637 2521 2783 2571; x_wconf 88' lang='lat' dir='ltr'><strong>avias</strong></span> <span class='ocrx_word' id='word_1_577' title='bbox 2841 2520 3021 2585; x_wconf 90' lang='lat' dir='ltr'><strong>inepte</strong></span> <span class='ocrx_word' id='word_1_578' title='bbox 3077 2520 3294 2589; x_wconf 88' lang='lat' dir='ltr'><strong>quidam</strong></span> <span class='ocrx_word' id='word_1_579' title='bbox 3345 2519 3521 2576; x_wconf 81' lang='lat' dir='ltr'><strong>dictas</strong></span> 
     </span>
    </p>
   </div>
   <div class='ocr_carea' id='block_1_86' title="bbox 1929 2588 3514 2656">
    <p class='ocr_par' dir='ltr' id='par_1_86' title="bbox 1929 2588 3514 2656">
     <span class='ocr_line' id='line_1_87' title="bbox 1929 2588 3514 2656; baseline 0.005 -20"><span class='ocrx_word' id='word_1_580' title='bbox 1929 2600 2131 2653; x_wconf 73' lang='lat' dir='ltr'><strong>putant.</strong></span> <span class='ocrx_word' id='word_1_581' title='bbox 2193 2588 2219 2656; x_wconf 85' lang='lat'><strong>1</strong></span> <span class='ocrx_word' id='word_1_582' title='bbox 2258 2588 2482 2641; x_wconf 84' lang='lat' dir='ltr'><strong>Mundus</strong></span> <span class='ocrx_word' id='word_1_583' title='bbox 2540 2589 2699 2643; x_wconf 88' lang='lat' dir='ltr'><strong>etiam</strong></span> <span class='ocrx_word' id='word_1_584' title='bbox 2752 2591 3011 2644; x_wconf 81' lang='lat' dir='ltr'><strong>mulieris.</strong></span> <span class='ocrx_word' id='word_1_585' title='bbox 3071 2588 3146 2645; x_wconf 13' lang='lat'><strong>.7.</strong></span> <span class='ocrx_word' id='word_1_586' title='bbox 3192 2631 3208 2646; x_wconf 93' lang='lat'><strong>.</strong></span> <span class='ocrx_word' id='word_1_587' title='bbox 3252 2628 3269 2645; x_wconf 92' lang='lat'><strong>.</strong></span> <span class='ocrx_word' id='word_1_588' title='bbox 3312 2630 3329 2645; x_wconf 93' lang='lat'><strong>.</strong></span> <span class='ocrx_word' id='word_1_589' title='bbox 3375 2628 3391 2645; x_wconf 96' lang='lat'><strong>.</strong></span> <span class='ocrx_word' id='word_1_590' title='bbox 3438 2628 3453 2645; x_wconf 91' lang='lat'><strong>.</strong></span> <span class='ocrx_word' id='word_1_591' title='bbox 3495 2626 3514 2644; x_wconf 92' lang='lat'><strong>.</strong></span> 
     </span>
    </p>
   </div>
   <div class='ocr_carea' id='block_1_87' title="bbox 1925 2659 3517 2728">
    <p class='ocr_par' dir='ltr' id='par_1_87' title="bbox 1925 2659 3517 2728">
     <span class='ocr_line' id='line_1_88' title="bbox 1925 2659 3517 2728; baseline 0.009 -25"><span class='ocrx_word' id='word_1_592' title='bbox 1925 2668 2121 2719; x_wconf 70' lang='lat' dir='ltr'><strong>potest.</strong></span> <span class='ocrx_word' id='word_1_593' title='bbox 2179 2659 2413 2714; x_wconf 85' lang='lat' dir='ltr'><strong>Accius:</strong></span> <span class='ocrx_word' id='word_1_594' title='bbox 2462 2659 2595 2713; x_wconf 88' lang='lat' dir='ltr'><strong>Cum</strong></span> <span class='ocrx_word' id='word_1_595' title='bbox 2641 2660 2882 2721; x_wconf 62' lang='lat' dir='ltr'><strong>virginali</strong></span> <span class='ocrx_word' id='word_1_596' title='bbox 2930 2660 3134 2713; x_wconf 90' lang='lat' dir='ltr'><strong>mundo</strong></span> <span class='ocrx_word' id='word_1_597' title='bbox 3165 2660 3300 2713; x_wconf 90' lang='lat' dir='ltr'><strong>clam</strong></span> <span class='ocrx_word' id='word_1_598' title='bbox 3336 2669 3517 2728; x_wconf 85' lang='lat' dir='ltr'><strong>patre.</strong></span> 
     </span>
    </p>
   </div>
   <div class='ocr_carea' id='block_1_88' title="bbox 1928 2728 3513 2785">
    <p class='ocr_par' dir='ltr' id='par_1_88' title="bbox 1928 2728 3513 2785">
     <span class='ocr_line' id='line_1_89' title="bbox 1928 2728 3513 2785; baseline 0.004 -6"><span class='ocrx_word' id='word_1_599' title='bbox 1928 2728 2042 2782; x_wconf 82' lang='lat' dir='ltr'><strong>Enn</strong></span> <span class='ocrx_word' id='word_1_600' title='bbox 2069 2744 2132 2781; x_wconf 92' lang='lat' dir='ltr'><strong>us</strong></span> <span class='ocrx_word' id='word_1_601' title='bbox 2157 2745 2171 2781; x_wconf 90' lang='lat'><strong>:</strong></span> <span class='ocrx_word' id='word_1_602' title='bbox 2220 2730 2361 2783; x_wconf 90' lang='lat' dir='ltr'><strong>Idem</strong></span> <span class='ocrx_word' id='word_1_603' title='bbox 2411 2729 2527 2782; x_wconf 86' lang='lat' dir='ltr'><strong>loco</strong></span> <span class='ocrx_word' id='word_1_604' title='bbox 2557 2729 2597 2758; x_wconf 81' lang='grc'>¹¹</span> <span class='ocrx_word' id='word_1_605' title='bbox 2625 2730 2844 2782; x_wconf 82' lang='lat' dir='ltr'><strong>navibus</strong></span> <span class='ocrx_word' id='word_1_606' title='bbox 2873 2730 3031 2783; x_wconf 90' lang='lat' dir='ltr'><strong>celsis</strong></span> <span class='ocrx_word' id='word_1_607' title='bbox 3077 2731 3263 2783; x_wconf 83' lang='lat' dir='ltr'><strong>Munda</strong></span> <span class='ocrx_word' id='word_1_608' title='bbox 3290 2729 3422 2785; x_wconf 85' lang='lat' dir='ltr'><strong>facie</strong></span> <span class='ocrx_word' id='word_1_609' title='bbox 3449 2730 3513 2785; x_wconf 83' lang='grc'><strong>¹³.</strong></span> 
     </span>
    </p>
   </div>
   <div class='ocr_carea' id='block_1_89' title="bbox 1924 2798 3514 2869">
    <p class='ocr_par' dir='ltr' id='par_1_89' title="bbox 1924 2798 3514 2869">
     <span class='ocr_line' id='line_1_90' title="bbox 1924 2798 3514 2869; baseline 0.006 -21"><span class='ocrx_word' id='word_1_610' title='bbox 1924 2798 1954 2831; x_wconf 60' lang='grc'>⁸</span> <span class='ocrx_word' id='word_1_611' title='bbox 1978 2812 2088 2861; x_wconf 84' lang='lat' dir='ltr'><strong>atq.</strong></span> <span class='ocrx_word' id='word_1_612' title='bbox 2122 2802 2284 2853; x_wconf 88' lang='lat' dir='ltr'><strong>etiam</strong></span> <span class='ocrx_word' id='word_1_613' title='bbox 2332 2814 2439 2854; x_wconf 66' lang='lat' dir='ltr'><strong>iere</strong></span> <span class='ocrx_word' id='word_1_614' title='bbox 2466 2799 2698 2853; x_wconf 85' lang='lat' dir='ltr'><strong>Cereris.</strong></span> <span class='ocrx_word' id='word_1_615' title='bbox 2726 2800 2824 2865; x_wconf 88' lang='lat' dir='ltr'><strong>Qui</strong></span> <span class='ocrx_word' id='word_1_616' title='bbox 2860 2798 2903 2829; x_wconf 59' lang='grc' dir='ltr'><strong>ιδ</strong></span> <span class='ocrx_word' id='word_1_617' title='bbox 2932 2800 3160 2856; x_wconf 84' lang='lat' dir='ltr'><strong>mundus</strong></span> <span class='ocrx_word' id='word_1_618' title='bbox 3192 2803 3514 2869; x_wconf 86' lang='lat' dir='ltr'><strong>appellatur,</strong></span> 
     </span>
    </p>
   </div>
   <div class='ocr_carea' id='block_1_90' title="bbox 1924 2868 3515 2937">
    <p class='ocr_par' dir='ltr' id='par_1_90' title="bbox 1924 2868 3515 2937">
     <span class='ocr_line' id='line_1_91' title="bbox 1924 2868 3515 2937; baseline 0.006 -18"><span class='ocrx_word' id='word_1_619' title='bbox 1924 2869 2011 2935; x_wconf 91' lang='lat' dir='ltr'><strong>qui</strong></span> <span class='ocrx_word' id='word_1_620' title='bbox 2046 2880 2124 2922; x_wconf 89' lang='lat' dir='ltr'><strong>ter</strong></span> <span class='ocrx_word' id='word_1_621' title='bbox 2151 2871 2201 2923; x_wconf 91' lang='lat' dir='ltr'><strong>in</strong></span> <span class='ocrx_word' id='word_1_622' title='bbox 2226 2886 2366 2923; x_wconf 87' lang='lat' dir='ltr'><strong>anno</strong></span> <span class='ocrx_word' id='word_1_623' title='bbox 2391 2869 2527 2924; x_wconf 78' lang='lat' dir='ltr'><strong>solet</strong></span> <span class='ocrx_word' id='word_1_624' title='bbox 2550 2882 2761 2937; x_wconf 88' lang='lat' dir='ltr'><strong>patere:</strong></span> <span class='ocrx_word' id='word_1_625' title='bbox 2790 2869 2875 2925; x_wconf 91' lang='lat' dir='ltr'><strong>III.</strong></span> <span class='ocrx_word' id='word_1_626' title='bbox 2904 2868 3014 2925; x_wconf 83' lang='lat' dir='ltr'><strong>kal.</strong></span> <span class='ocrx_word' id='word_1_627' title='bbox 3034 2872 3162 2931; x_wconf 77' lang='lat' dir='ltr'><strong>Seu.</strong></span> <span class='ocrx_word' id='word_1_628' title='bbox 3181 2868 3237 2925; x_wconf 86' lang='lat' dir='ltr'><strong>et</strong></span> <span class='ocrx_word' id='word_1_629' title='bbox 3258 2870 3515 2928; x_wconf 91' lang='lat' dir='ltr'><strong>llll.non.</strong></span> 
     </span>
    </p>
   </div>
   <div class='ocr_carea' id='block_1_91' title="bbox 1922 2942 3513 3007">
    <p class='ocr_par' dir='ltr' id='par_1_91' title="bbox 1922 2942 3513 3007">
     <span class='ocr_line' id='line_1_92' title="bbox 1922 2942 3513 3007; baseline 0.004 -15"><span class='ocrx_word' id='word_1_630' title='bbox 1922 2942 2143 2994; x_wconf 88' lang='lat' dir='ltr'><strong>Uctobr.</strong></span> <span class='ocrx_word' id='word_1_631' title='bbox 2194 2951 2249 2995; x_wconf 89' lang='lat' dir='ltr'><strong>et</strong></span> <span class='ocrx_word' id='word_1_632' title='bbox 2303 2942 2386 2995; x_wconf 95' lang='lat' dir='ltr'><strong>III.</strong></span> <span class='ocrx_word' id='word_1_633' title='bbox 2443 2942 2516 2994; x_wconf 91' lang='lat' dir='ltr'><strong>id.</strong></span> <span class='ocrx_word' id='word_1_634' title='bbox 2586 2942 2714 2995; x_wconf 83' lang='lat' dir='ltr'><strong>Nov.</strong></span> <span class='ocrx_word' id='word_1_635' title='bbox 2787 2942 2886 3007; x_wconf 82' lang='lat' dir='ltr'><strong>Qui</strong></span> <span class='ocrx_word' id='word_1_636' title='bbox 2939 2942 3025 2996; x_wconf 85' lang='lat' dir='ltr'><strong>vel</strong></span> <span class='ocrx_word' id='word_1_637' title='bbox 3081 2942 3227 2996; x_wconf 88' lang='lat' dir='ltr'><strong>omni</strong></span> <span class='ocrx_word' id='word_1_638' title='bbox 3262 2943 3305 2973; x_wconf 74' lang='grc'><strong>⁸⁸</strong></span> <span class='ocrx_word' id='word_1_639' title='bbox 3334 2942 3513 2999; x_wconf 84' lang='lat' dir='ltr'><strong>dictus</strong></span> 
     </span>
    </p>
   </div>
   <div class='ocr_carea' id='block_1_92' title="bbox 1923 3010 3519 3082">
    <p class='ocr_par' dir='ltr' id='par_1_92' title="bbox 1923 3010 3519 3082">
     <span class='ocr_line' id='line_1_93' title="bbox 1923 3010 3519 3082; baseline 0.003 -17"><span class='ocrx_word' id='word_1_640' title='bbox 1923 3018 2023 3073; x_wconf 90' lang='lat' dir='ltr'><strong>est,</strong></span> <span class='ocrx_word' id='word_1_641' title='bbox 2072 3012 2211 3078; x_wconf 90' lang='lat' dir='ltr'><strong>quod</strong></span> <span class='ocrx_word' id='word_1_642' title='bbox 2261 3022 2398 3065; x_wconf 90' lang='lat' dir='ltr'><strong>terra</strong></span> <span class='ocrx_word' id='word_1_643' title='bbox 2448 3021 2712 3065; x_wconf 89' lang='lat' dir='ltr'><strong>movetur.</strong></span> <span class='ocrx_word' id='word_1_644' title='bbox 2774 3010 3141 3081; x_wconf 79' lang='lat' dir='ltr'><strong>1Mamphula</strong></span> <span class='ocrx_word' id='word_1_645' title='bbox 3214 3016 3519 3082; x_wconf 78' lang='lat' dir='ltr'><strong>appellatur</strong></span> 
     </span>
    </p>
   </div>
   <div class='ocr_carea' id='block_1_93' title="bbox 1924 3082 3516 3152">
    <p class='ocr_par' dir='ltr' id='par_1_93' title="bbox 1924 3082 3516 3152">
     <span class='ocr_line' id='line_1_94' title="bbox 1924 3082 3516 3152; baseline 0.006 -19"><span class='ocrx_word' id='word_1_646' title='bbox 1924 3083 2077 3150; x_wconf 88' lang='lat' dir='ltr'><strong>panis</strong></span> <span class='ocrx_word' id='word_1_647' title='bbox 2101 3083 2525 3148; x_wconf 78' lang='lat' dir='ltr'><strong>Syriacigeuus,</strong></span> <span class='ocrx_word' id='word_1_648' title='bbox 2557 3082 2720 3148; x_wconf 89' lang='lat' dir='ltr'><strong>quod,</strong></span> <span class='ocrx_word' id='word_1_649' title='bbox 2752 3093 2809 3136; x_wconf 90' lang='lat' dir='ltr'><strong>ut</strong></span> <span class='ocrx_word' id='word_1_650' title='bbox 2839 3086 2912 3136; x_wconf 86' lang='lat' dir='ltr'><strong>ait</strong></span> <span class='ocrx_word' id='word_1_651' title='bbox 2946 3082 3187 3152; x_wconf 89' lang='lat' dir='ltr'><strong>Verrius,</strong></span> <span class='ocrx_word' id='word_1_652' title='bbox 3222 3087 3274 3139; x_wconf 91' lang='lat' dir='ltr'><strong>in</strong></span> <span class='ocrx_word' id='word_1_653' title='bbox 3298 3086 3516 3142; x_wconf 83' lang='lat' dir='ltr'><strong>clibano</strong></span> 
     </span>
    </p>
   </div>
   <div class='ocr_carea' id='block_1_94' title="bbox 1923 3153 3517 3226">
    <p class='ocr_par' dir='ltr' id='par_1_94' title="bbox 1923 3153 3517 3226">
     <span class='ocr_line' id='line_1_95' title="bbox 1923 3153 3517 3226; baseline 0.003 -23"><span class='ocrx_word' id='word_1_654' title='bbox 1923 3153 2154 3226; x_wconf 74' lang='lat' dir='ltr'><strong>auteqna</strong></span> <span class='ocrx_word' id='word_1_655' title='bbox 2177 3162 2547 3226; x_wconf 76' lang='lat' dir='ltr'><strong>percoquatur,</strong></span> <span class='ocrx_word' id='word_1_656' title='bbox 2576 3153 2780 3226; x_wconf 85' lang='lat' dir='ltr'><strong>decidit</strong></span> <span class='ocrx_word' id='word_1_657' title='bbox 2798 3154 2847 3205; x_wconf 92' lang='lat' dir='ltr'><strong>in</strong></span> <span class='ocrx_word' id='word_1_658' title='bbox 2873 3156 3155 3226; x_wconf 76' lang='lat' dir='ltr'><strong>carbones.</strong></span> <span class='ocrx_word' id='word_1_659' title='bbox 3179 3156 3517 3226; x_wconf 83' lang='lat' dir='ltr'><strong>citteremq.;</strong></span> 
     </span>
    </p>
   </div>
   <div class='ocr_carea' id='block_1_95' title="bbox 1922 3223 3519 3291">
    <p class='ocr_par' dir='ltr' id='par_1_95' title="bbox 1922 3223 3519 3291">
     <span class='ocr_line' id='line_1_96' title="bbox 1922 3223 3519 3291; baseline 0.003 -15"><span class='ocrx_word' id='word_1_660' title='bbox 1922 3223 2073 3291; x_wconf 87' lang='lat' dir='ltr'><strong>cujus</strong></span> <span class='ocrx_word' id='word_1_661' title='bbox 2097 3224 2337 3277; x_wconf 88' lang='lat' dir='ltr'><strong>meminit</strong></span> <span class='ocrx_word' id='word_1_662' title='bbox 2380 3224 2612 3277; x_wconf 84' lang='lat' dir='ltr'><strong>Lucilius</strong></span> <span class='ocrx_word' id='word_1_663' title='bbox 2641 3240 2654 3276; x_wconf 93' lang='lat'><strong>:</strong></span> <span class='ocrx_word' id='word_1_664' title='bbox 2684 3224 2960 3278; x_wconf 83' lang='lat' dir='ltr'><strong>I’istricem</strong></span> <span class='ocrx_word' id='word_1_665' title='bbox 2993 3225 3165 3280; x_wconf 88' lang='lat' dir='ltr'><strong>valida</strong></span> <span class='ocrx_word' id='word_1_666' title='bbox 3200 3226 3244 3256; x_wconf 78' lang='grc'><strong>¹⁶</strong></span> <span class='ocrx_word' id='word_1_667' title='bbox 3272 3228 3315 3280; x_wconf 91' lang='lat' dir='ltr'><strong>si</strong></span> <span class='ocrx_word' id='word_1_668' title='bbox 3362 3223 3519 3280; x_wconf 83' lang='lat' dir='ltr'><strong>num-</strong></span> 
     </span>
    </p>
   </div>
   <div class='ocr_carea' id='block_1_96' title="bbox 1924 3295 3514 3362">
    <p class='ocr_par' dir='ltr' id='par_1_96' title="bbox 1924 3295 3514 3362">
     <span class='ocr_line' id='line_1_97' title="bbox 1924 3295 3514 3362; baseline 0.004 -17"><span class='ocrx_word' id='word_1_669' title='bbox 1924 3296 1995 3346; x_wconf 90' lang='lat' dir='ltr'><strong>nii</strong></span> <span class='ocrx_word' id='word_1_670' title='bbox 2049 3296 2483 3362; x_wconf 88' lang='lat' dir='ltr'><strong>suppeditabunt,</strong></span> <span class='ocrx_word' id='word_1_671' title='bbox 2537 3295 2713 3347; x_wconf 81' lang='lat' dir='ltr'><strong>Addas</strong></span> <span class='ocrx_word' id='word_1_672' title='bbox 2783 3298 3119 3362; x_wconf 84' lang='lat' dir='ltr'><strong>empleuron,</strong></span> <span class='ocrx_word' id='word_1_673' title='bbox 3175 3298 3514 3362; x_wconf 75' lang='lat' dir='ltr'><strong>manipltulas</strong></span> 
     </span>
    </p>
   </div>
   <div class='ocr_carea' id='block_1_97' title="bbox 1921 3363 3521 3434">
    <p class='ocr_par' dir='ltr' id='par_1_97' title="bbox 1921 3363 3521 3434">
     <span class='ocr_line' id='line_1_98' title="bbox 1921 3363 3521 3434; baseline 0.006 -22"><span class='ocrx_word' id='word_1_674' title='bbox 1921 3379 2038 3432; x_wconf 75' lang='lat' dir='ltr'><strong>quae</strong></span> <span class='ocrx_word' id='word_1_675' title='bbox 2068 3370 2200 3418; x_wconf 83' lang='lat' dir='ltr'><strong>sciat</strong></span> <span class='ocrx_word' id='word_1_676' title='bbox 2230 3372 2424 3419; x_wconf 86' lang='lat' dir='ltr'><strong>omnis.</strong></span> <span class='ocrx_word' id='word_1_677' title='bbox 2451 3363 2477 3434; x_wconf 90' lang='lat'><strong>1</strong></span> <span class='ocrx_word' id='word_1_678' title='bbox 2512 3365 2785 3429; x_wconf 81' lang='lat' dir='ltr'><strong>Municeps</strong></span> <span class='ocrx_word' id='word_1_679' title='bbox 2823 3375 2927 3424; x_wconf 87' lang='lat' dir='ltr'><strong>est.</strong></span> <span class='ocrx_word' id='word_1_680' title='bbox 2979 3376 3037 3420; x_wconf 91' lang='lat' dir='ltr'><strong>ut</strong></span> <span class='ocrx_word' id='word_1_681' title='bbox 3064 3368 3139 3421; x_wconf 89' lang='lat' dir='ltr'><strong>ait</strong></span> <span class='ocrx_word' id='word_1_682' title='bbox 3170 3369 3355 3422; x_wconf 85' lang='lat' dir='ltr'><strong>Aelius</strong></span> <span class='ocrx_word' id='word_1_683' title='bbox 3388 3366 3521 3421; x_wconf 82' lang='lat' dir='ltr'><strong>Gal-</strong></span> 
     </span>
    </p>
   </div>
   <div class='ocr_carea' id='block_1_98' title="bbox 1922 3434 3520 3507">
    <p class='ocr_par' dir='ltr' id='par_1_98' title="bbox 1922 3434 3520 3507">
     <span class='ocr_line' id='line_1_99' title="bbox 1922 3434 3520 3507; baseline 0.004 -21"><span class='ocrx_word' id='word_1_684' title='bbox 1922 3434 2023 3500; x_wconf 86' lang='lat' dir='ltr'><strong>lus,</strong></span> <span class='ocrx_word' id='word_1_685' title='bbox 2077 3439 2163 3501; x_wconf 87' lang='lat' dir='ltr'><strong>qui</strong></span> <span class='ocrx_word' id='word_1_686' title='bbox 2222 3435 2273 3488; x_wconf 90' lang='lat' dir='ltr'><strong>in</strong></span> <span class='ocrx_word' id='word_1_687' title='bbox 2330 3435 2618 3503; x_wconf 75' lang='lat' dir='ltr'><strong>munimpio</strong></span> <span class='ocrx_word' id='word_1_688' title='bbox 2681 3437 2816 3490; x_wconf 85' lang='lat' dir='ltr'><strong>liber</strong></span> <span class='ocrx_word' id='word_1_689' title='bbox 2868 3445 3025 3493; x_wconf 87' lang='lat' dir='ltr'><strong>natus</strong></span> <span class='ocrx_word' id='word_1_690' title='bbox 3072 3448 3174 3494; x_wconf 81' lang='lat' dir='ltr'><strong>est.</strong></span> <span class='ocrx_word' id='word_1_691' title='bbox 3242 3439 3371 3493; x_wconf 93' lang='lat' dir='ltr'><strong>Item</strong></span> <span class='ocrx_word' id='word_1_692' title='bbox 3427 3436 3520 3507; x_wconf 89' lang='lat' dir='ltr'><strong>qui</strong></span> 
     </span>
    </p>
   </div>
   <div class='ocr_carea' id='block_1_99' title="bbox 1919 3507 3515 3579">
    <p class='ocr_par' dir='ltr' id='par_1_99' title="bbox 1919 3507 3515 3579">
     <span class='ocr_line' id='line_1_100' title="bbox 1919 3507 3515 3579; baseline 0.003 -22"><span class='ocrx_word' id='word_1_693' title='bbox 1919 3520 1985 3579; x_wconf 82' lang='lat' dir='ltr'><strong>ex</strong></span> <span class='ocrx_word' id='word_1_694' title='bbox 2009 3507 2112 3558; x_wconf 85' lang='lat' dir='ltr'><strong>alio</strong></span> <span class='ocrx_word' id='word_1_695' title='bbox 2133 3521 2328 3574; x_wconf 74' lang='lat' dir='ltr'><strong>genere</strong></span> <span class='ocrx_word' id='word_1_696' title='bbox 2351 3508 2625 3560; x_wconf 89' lang='lat' dir='ltr'><strong>liomiuutn</strong></span> <span class='ocrx_word' id='word_1_697' title='bbox 2653 3522 2844 3561; x_wconf 88' lang='lat' dir='ltr'><strong>munus</strong></span> <span class='ocrx_word' id='word_1_698' title='bbox 2870 3512 3080 3563; x_wconf 86' lang='lat' dir='ltr'><strong>functus</strong></span> <span class='ocrx_word' id='word_1_699' title='bbox 3102 3521 3204 3564; x_wconf 86' lang='lat' dir='ltr'><strong>est.</strong></span> <span class='ocrx_word' id='word_1_700' title='bbox 3240 3510 3396 3570; x_wconf 81' lang='lat' dir='ltr'><strong>Item.</strong></span> <span class='ocrx_word' id='word_1_701' title='bbox 3422 3509 3515 3579; x_wconf 88' lang='lat' dir='ltr'><strong>qui</strong></span> 
     </span>
    </p>
   </div>
   <div class='ocr_carea' id='block_1_100' title="bbox 1922 3576 3513 3647">
    <p class='ocr_par' dir='ltr' id='par_1_100' title="bbox 1922 3576 3513 3647">
     <span class='ocr_line' id='line_1_101' title="bbox 1922 3576 3513 3647; baseline 0.003 -19"><span class='ocrx_word' id='word_1_702' title='bbox 1922 3576 1974 3647; x_wconf 76' lang='lat' dir='ltr'><strong>in</strong></span> <span class='ocrx_word' id='word_1_703' title='bbox 2007 3578 2293 3643; x_wconf 84' lang='lat' dir='ltr'><strong>municipio</strong></span> <span class='ocrx_word' id='word_1_704' title='bbox 2324 3594 2388 3631; x_wconf 77' lang='lat' dir='ltr'><strong>ex</strong></span> <span class='ocrx_word' id='word_1_705' title='bbox 2438 3586 2695 3631; x_wconf 84' lang='lat' dir='ltr'><strong>servitute</strong></span> <span class='ocrx_word' id='word_1_706' title='bbox 2745 3593 2803 3631; x_wconf 83' lang='lat' dir='ltr'><strong>se</strong></span> <span class='ocrx_word' id='word_1_707' title='bbox 2856 3579 3103 3632; x_wconf 89' lang='lat' dir='ltr'><strong>liberavit</strong></span> <span class='ocrx_word' id='word_1_708' title='bbox 3136 3597 3162 3629; x_wconf 72' lang='grc' dir='ltr'><strong>τι</strong></span> <span class='ocrx_word' id='word_1_709' title='bbox 3215 3576 3513 3647; x_wconf 77' lang='lat' dir='ltr'><strong>tniinicipe.</strong></span> 
     </span>
    </p>
   </div>
   <div class='ocr_carea' id='block_1_101' title="bbox 1920 3645 3517 3715">
    <p class='ocr_par' dir='ltr' id='par_1_101' title="bbox 1920 3645 3517 3715">
     <span class='ocr_line' id='line_1_102' title="bbox 1920 3645 3517 3715; baseline 0.004 -17"><span class='ocrx_word' id='word_1_710' title='bbox 1920 3645 2053 3698; x_wconf 85' lang='lat' dir='ltr'><strong>Item</strong></span> <span class='ocrx_word' id='word_1_711' title='bbox 2085 3649 2377 3713; x_wconf 86' lang='lat' dir='ltr'><strong>municipes</strong></span> <span class='ocrx_word' id='word_1_712' title='bbox 2404 3655 2579 3710; x_wconf 83' lang='lat' dir='ltr'><strong>erant,</strong></span> <span class='ocrx_word' id='word_1_713' title='bbox 2611 3648 2695 3715; x_wconf 90' lang='lat' dir='ltr'><strong>qui</strong></span> <span class='ocrx_word' id='word_1_714' title='bbox 2725 3663 2790 3701; x_wconf 74' lang='lat' dir='ltr'><strong>ex</strong></span> <span class='ocrx_word' id='word_1_715' title='bbox 2819 3649 2937 3700; x_wconf 86' lang='lat' dir='ltr'><strong>aliis</strong></span> <span class='ocrx_word' id='word_1_716' title='bbox 2983 3649 3243 3702; x_wconf 89' lang='lat' dir='ltr'><strong>civitatib.</strong></span> <span class='ocrx_word' id='word_1_717' title='bbox 3289 3645 3517 3704; x_wconf 72' lang='lat' dir='ltr'><strong>Romam</strong></span> 
     </span>
    </p>
   </div>
   <div class='ocr_carea' id='block_1_102' title="bbox 1921 3717 3515 3789">
    <p class='ocr_par' dir='ltr' id='par_1_102' title="bbox 1921 3717 3515 3789">
     <span class='ocr_line' id='line_1_103' title="bbox 1921 3717 3515 3789; baseline 0.004 -22"><span class='ocrx_word' id='word_1_718' title='bbox 1921 3718 2215 3783; x_wconf 82' lang='lat' dir='ltr'><strong>venissent,</strong></span> <span class='ocrx_word' id='word_1_719' title='bbox 2244 3717 2392 3786; x_wconf 86' lang='lat' dir='ltr'><strong>quib.</strong></span> <span class='ocrx_word' id='word_1_720' title='bbox 2425 3731 2530 3770; x_wconf 90' lang='lat' dir='ltr'><strong>non</strong></span> <span class='ocrx_word' id='word_1_721' title='bbox 2556 3718 2748 3769; x_wconf 87' lang='lat' dir='ltr'><strong>licebat</strong></span> <span class='ocrx_word' id='word_1_722' title='bbox 2773 3720 3144 3786; x_wconf 82' lang='lat' dir='ltr'><strong>magistratum</strong></span> <span class='ocrx_word' id='word_1_723' title='bbox 3171 3734 3389 3789; x_wconf 86' lang='lat' dir='ltr'><strong>capere,</strong></span> <span class='ocrx_word' id='word_1_724' title='bbox 3418 3721 3515 3776; x_wconf 82' lang='lat' dir='ltr'><strong>sed</strong></span> 
     </span>
    </p>
   </div>
   <div class='ocr_carea' id='block_1_103' title="bbox 2578 3804 2871 3875">
    <p class='ocr_par' dir='ltr' id='par_1_103' title="bbox 2578 3804 2871 3875">
     <span class='ocr_line' id='line_1_104' title="bbox 2578 3804 2871 3875; baseline 0.014 -17"><span class='ocrx_word' id='word_1_725' title='bbox 2578 3804 2714 3875; x_wconf 87' lang='lat' dir='ltr'><strong>Pag.</strong></span> <span class='ocrx_word' id='word_1_726' title='bbox 2748 3807 2871 3862; x_wconf 79' lang='grc'><strong>170.</strong></span> 
     </span>
    </p>
   </div>
   <div class='ocr_carea' id='block_1_104' title="bbox 1922 3900 3521 3969">
    <p class='ocr_par' dir='ltr' id='par_1_104' title="bbox 1922 3900 3521 3969">
     <span class='ocr_line' id='line_1_105' title="bbox 1922 3900 3521 3969; baseline 0.002 -14"><span class='ocrx_word' id='word_1_727' title='bbox 1922 3910 2127 3955; x_wconf 90' lang='lat' dir='ltr'><strong>tantum</strong></span> <span class='ocrx_word' id='word_1_728' title='bbox 2183 3900 2418 3956; x_wconf 90' lang='lat' dir='ltr'><strong>muneris</strong></span> <span class='ocrx_word' id='word_1_729' title='bbox 2449 3910 2676 3969; x_wconf 88' lang='lat' dir='ltr'><strong>partem.</strong></span> <span class='ocrx_word' id='word_1_730' title='bbox 2730 3904 2799 3957; x_wconf 84' lang='lat' dir='ltr'><strong>At</strong></span> <span class='ocrx_word' id='word_1_731' title='bbox 2848 3901 3108 3957; x_wconf 90' lang='lat' dir='ltr'><strong>Servilius</strong></span> <span class='ocrx_word' id='word_1_732' title='bbox 3140 3903 3181 3934; x_wconf 84' lang='grc'><strong>¹⁷</strong></span> <span class='ocrx_word' id='word_1_733' title='bbox 3212 3902 3391 3957; x_wconf 89' lang='lat' dir='ltr'><strong>aiebat</strong></span> <span class='ocrx_word' id='word_1_734' title='bbox 3420 3902 3521 3958; x_wconf 86' lang='lat' dir='ltr'><strong>ini-</strong></span> 
     </span>
    </p>
   </div>
   <div class='ocr_carea' id='block_1_105' title="bbox 1920 3972 3516 4041">
    <p class='ocr_par' dir='ltr' id='par_1_105' title="bbox 1920 3972 3516 4041">
     <span class='ocr_line' id='line_1_106' title="bbox 1920 3972 3516 4041; baseline 0.003 -15"><span class='ocrx_word' id='word_1_735' title='bbox 1920 3974 1993 4026; x_wconf 90' lang='lat' dir='ltr'><strong>tio</strong></span> <span class='ocrx_word' id='word_1_736' title='bbox 2026 3973 2207 4030; x_wconf 85' lang='lat' dir='ltr'><strong>fuisse.</strong></span> <span class='ocrx_word' id='word_1_737' title='bbox 2244 3973 2334 4041; x_wconf 91' lang='lat' dir='ltr'><strong>qui</strong></span> <span class='ocrx_word' id='word_1_738' title='bbox 2381 3988 2441 4026; x_wconf 89' lang='lat' dir='ltr'><strong>ea</strong></span> <span class='ocrx_word' id='word_1_739' title='bbox 2475 3972 2783 4026; x_wconf 87' lang='lat' dir='ltr'><strong>conditione</strong></span> <span class='ocrx_word' id='word_1_740' title='bbox 2824 3973 2969 4026; x_wconf 85' lang='lat' dir='ltr'><strong>cives</strong></span> <span class='ocrx_word' id='word_1_741' title='bbox 3024 3975 3118 4027; x_wconf 71' lang='lat' dir='ltr'><strong>lto.</strong></span> <span class='ocrx_word' id='word_1_742' title='bbox 3155 3975 3402 4041; x_wconf 87' lang='lat' dir='ltr'><strong>fuissent,</strong></span> <span class='ocrx_word' id='word_1_743' title='bbox 3455 3983 3516 4030; x_wconf 76' lang='lat' dir='ltr'><strong>ut</strong></span> 
     </span>
    </p>
   </div>
   <div class='ocr_carea' id='block_1_106' title="bbox 1918 4043 3517 4112">
    <p class='ocr_par' dir='ltr' id='par_1_106' title="bbox 1918 4043 3517 4112">
     <span class='ocr_line' id='line_1_107' title="bbox 1918 4043 3517 4112; baseline 0.001 -15"><span class='ocrx_word' id='word_1_744' title='bbox 1918 4060 2131 4112; x_wconf 88' lang='lat' dir='ltr'><strong>semper</strong></span> <span class='ocrx_word' id='word_1_745' title='bbox 2163 4059 2334 4112; x_wconf 89' lang='lat' dir='ltr'><strong>remp.</strong></span> <span class='ocrx_word' id='word_1_746' title='bbox 2384 4043 2667 4111; x_wconf 82' lang='lat' dir='ltr'><strong>separatim</strong></span> <span class='ocrx_word' id='word_1_747' title='bbox 2713 4059 2743 4097; x_wconf 90' lang='lat' dir='ltr'><strong>a</strong></span> <span class='ocrx_word' id='word_1_748' title='bbox 2777 4046 2970 4112; x_wconf 91' lang='lat' dir='ltr'><strong>popqu</strong></span> <span class='ocrx_word' id='word_1_749' title='bbox 3023 4044 3176 4099; x_wconf 78' lang='lat' dir='ltr'><strong>Rom.</strong></span> <span class='ocrx_word' id='word_1_750' title='bbox 3232 4045 3517 4112; x_wconf 88' lang='lat' dir='ltr'><strong>baberent,</strong></span> 
     </span>
    </p>
   </div>
   <div class='ocr_carea' id='block_1_107' title="bbox 1915 4114 3509 4184">
    <p class='ocr_par' dir='ltr' id='par_1_107' title="bbox 1915 4114 3509 4184">
     <span class='ocr_line' id='line_1_108' title="bbox 1915 4114 3509 4184; baseline 0.001 -17"><span class='ocrx_word' id='word_1_751' title='bbox 1915 4114 2203 4179; x_wconf 88' lang='lat' dir='ltr'><strong>Cumanos,</strong></span> <span class='ocrx_word' id='word_1_752' title='bbox 2283 4121 2598 4177; x_wconf 82' lang='lat' dir='ltr'><strong>Acerranos,</strong></span> <span class='ocrx_word' id='word_1_753' title='bbox 2658 4115 2947 4179; x_wconf 62' lang='lat' dir='ltr'><strong>Atellanos,</strong></span> <span class='ocrx_word' id='word_1_754' title='bbox 3003 4116 3091 4184; x_wconf 91' lang='lat' dir='ltr'><strong>qui</strong></span> <span class='ocrx_word' id='word_1_755' title='bbox 3146 4130 3299 4183; x_wconf 66' lang='lat' dir='ltr'><strong>aeque</strong></span> <span class='ocrx_word' id='word_1_756' title='bbox 3364 4115 3509 4170; x_wconf 85' lang='lat' dir='ltr'><strong>cives</strong></span> 
     </span>
    </p>
   </div>
   <div class='ocr_carea' id='block_1_108' title="bbox 1922 4185 3514 4255">
    <p class='ocr_par' dir='ltr' id='par_1_108' title="bbox 1922 4185 3514 4255">
     <span class='ocr_line' id='line_1_109' title="bbox 1922 4185 3514 4255; baseline 0.003 -18"><span class='ocrx_word' id='word_1_757' title='bbox 1922 4187 2022 4241; x_wconf 76' lang='lat' dir='ltr'><strong>Ro.</strong></span> <span class='ocrx_word' id='word_1_758' title='bbox 2071 4195 2222 4239; x_wconf 89' lang='lat' dir='ltr'><strong>erant</strong></span> <span class='ocrx_word' id='word_1_759' title='bbox 2268 4196 2323 4238; x_wconf 88' lang='lat' dir='ltr'><strong>et</strong></span> <span class='ocrx_word' id='word_1_760' title='bbox 2370 4189 2422 4237; x_wconf 88' lang='lat' dir='ltr'><strong>iu</strong></span> <span class='ocrx_word' id='word_1_761' title='bbox 2452 4186 2684 4255; x_wconf 21' lang='lat' dir='ltr'><strong>ilegione</strong></span> <span class='ocrx_word' id='word_1_762' title='bbox 2734 4188 3029 4250; x_wconf 88' lang='lat' dir='ltr'><strong>merebant,</strong></span> <span class='ocrx_word' id='word_1_763' title='bbox 3074 4190 3165 4240; x_wconf 81' lang='lat' dir='ltr'><strong>sed</strong></span> <span class='ocrx_word' id='word_1_764' title='bbox 3219 4185 3514 4255; x_wconf 77' lang='lat' dir='ltr'><strong>dignitates</strong></span> 
     </span>
    </p>
   </div>
   <div class='ocr_carea' id='block_1_109' title="bbox 1919 4254 3513 4325">
    <p class='ocr_par' dir='ltr' id='par_1_109' title="bbox 1919 4254 3513 4325">
     <span class='ocr_line' id='line_1_110' title="bbox 1919 4254 3513 4325; baseline 0.001 -15"><span class='ocrx_word' id='word_1_765' title='bbox 1919 4272 2024 4310; x_wconf 89' lang='lat' dir='ltr'><strong>non</strong></span> <span class='ocrx_word' id='word_1_766' title='bbox 2083 4256 2380 4321; x_wconf 85' lang='lat' dir='ltr'><strong>capiebant.</strong></span> <span class='ocrx_word' id='word_1_767' title='bbox 2441 4254 2468 4325; x_wconf 88' lang='lat'><strong>1</strong></span> <span class='ocrx_word' id='word_1_768' title='bbox 2502 4255 2671 4309; x_wconf 78' lang='lat' dir='ltr'><strong>Mittas</strong></span> <span class='ocrx_word' id='word_1_769' title='bbox 2703 4257 2853 4323; x_wconf 88' lang='lat' dir='ltr'><strong>quasi</strong></span> <span class='ocrx_word' id='word_1_770' title='bbox 2891 4258 2933 4288; x_wconf 74' lang='grc'><strong>¹⁸</strong></span> <span class='ocrx_word' id='word_1_771' title='bbox 2962 4272 2995 4312; x_wconf 87' lang='lat' dir='ltr'><strong>e</strong></span> <span class='ocrx_word' id='word_1_772' title='bbox 3024 4258 3219 4312; x_wconf 88' lang='lat' dir='ltr'><strong>litteris</strong></span> <span class='ocrx_word' id='word_1_773' title='bbox 3269 4254 3513 4325; x_wconf 81' lang='lat' dir='ltr'><strong>appella-</strong></span> 
     </span>
    </p>
   </div>
   <div class='ocr_carea' id='block_1_110' title="bbox 1920 4326 3517 4397">
    <p class='ocr_par' dir='ltr' id='par_1_110' title="bbox 1920 4326 3517 4397">
     <span class='ocr_line' id='line_1_111' title="bbox 1920 4326 3517 4397; baseline 0 -16"><span class='ocrx_word' id='word_1_774' title='bbox 1920 4339 1999 4381; x_wconf 88' lang='lat' dir='ltr'><strong>tas</strong></span> <span class='ocrx_word' id='word_1_775' title='bbox 2048 4328 2266 4397; x_wconf 87' lang='lat' dir='ltr'><strong>quidam</strong></span> <span class='ocrx_word' id='word_1_776' title='bbox 2322 4332 2528 4392; x_wconf 87' lang='lat' dir='ltr'><strong>plttaiit.</strong></span> <span class='ocrx_word' id='word_1_777' title='bbox 2585 4328 2724 4393; x_wconf 88' lang='lat' dir='ltr'><strong>quod</strong></span> <span class='ocrx_word' id='word_1_778' title='bbox 2778 4326 2963 4392; x_wconf 64' lang='grc' dir='ltr'><strong>ιιοςὶιω</strong></span> <span class='ocrx_word' id='word_1_779' title='bbox 3022 4330 3071 4381; x_wconf 92' lang='lat' dir='ltr'><strong>in</strong></span> <span class='ocrx_word' id='word_1_780' title='bbox 3125 4329 3330 4381; x_wconf 85' lang='lat' dir='ltr'><strong>ultimis</strong></span> <span class='ocrx_word' id='word_1_781' title='bbox 3393 4341 3517 4395; x_wconf 84' lang='lat' dir='ltr'><strong>par-</strong></span> 
     </span>
    </p>
   </div>
   <div class='ocr_carea' id='block_1_111' title="bbox 1920 4399 3514 4469">
    <p class='ocr_par' dir='ltr' id='par_1_111' title="bbox 1920 4399 3514 4469">
     <span class='ocr_line' id='line_1_112' title="bbox 1920 4399 3514 4469; baseline 0.003 -19"><span class='ocrx_word' id='word_1_782' title='bbox 1920 4399 2061 4451; x_wconf 86' lang='lat' dir='ltr'><strong>tibus</strong></span> <span class='ocrx_word' id='word_1_783' title='bbox 2111 4399 2391 4459; x_wconf 89' lang='lat' dir='ltr'><strong>orationis,</strong></span> <span class='ocrx_word' id='word_1_784' title='bbox 2470 4399 2846 4452; x_wconf 89' lang='lat' dir='ltr'><strong>obmutescere</strong></span> <span class='ocrx_word' id='word_1_785' title='bbox 2918 4408 3115 4469; x_wconf 82' lang='lat' dir='ltr'><strong>cogant</strong></span> <span class='ocrx_word' id='word_1_786' title='bbox 3184 4401 3514 4467; x_wconf 88' lang='lat' dir='ltr'><strong>loquentem.</strong></span> 
     </span>
    </p>
   </div>
   <div class='ocr_carea' id='block_1_112' title="bbox 1920 4469 3519 4538">
    <p class='ocr_par' dir='ltr' id='par_1_112' title="bbox 1920 4469 3519 4538">
     <span class='ocr_line' id='line_1_113' title="bbox 1920 4469 3519 4538; baseline 0.003 -20"><span class='ocrx_word' id='word_1_787' title='bbox 1920 4472 2169 4536; x_wconf 81' lang='lat' dir='ltr'><strong>Quidam,</strong></span> <span class='ocrx_word' id='word_1_788' title='bbox 2206 4469 2345 4537; x_wconf 86' lang='lat' dir='ltr'><strong>quod</strong></span> <span class='ocrx_word' id='word_1_789' title='bbox 2369 4480 2560 4535; x_wconf 72' lang='lat' dir='ltr'><strong>parva:</strong></span> <span class='ocrx_word' id='word_1_790' title='bbox 2590 4469 2856 4538; x_wconf 73' lang='lat' dir='ltr'><strong>exiguieq.</strong></span> <span class='ocrx_word' id='word_1_791' title='bbox 2888 4469 2998 4523; x_wconf 90' lang='lat' dir='ltr'><strong>sint</strong></span> <span class='ocrx_word' id='word_1_792' title='bbox 3021 4470 3189 4534; x_wconf 65' lang='lat' dir='ltr'><strong>vucis,</strong></span> <span class='ocrx_word' id='word_1_793' title='bbox 3218 4479 3278 4524; x_wconf 88' lang='lat' dir='ltr'><strong>tit</strong></span> <span class='ocrx_word' id='word_1_794' title='bbox 3305 4471 3519 4538; x_wconf 89' lang='lat' dir='ltr'><strong>quando</strong></span> 
     </span>
    </p>
   </div>
   <div class='ocr_carea' id='block_1_113' title="bbox 1920 4539 3520 4606">
    <p class='ocr_par' dir='ltr' id='par_1_113' title="bbox 1920 4539 3520 4606">
     <span class='ocr_line' id='line_1_114' title="bbox 1920 4539 3520 4606; baseline 0.001 -14"><span class='ocrx_word' id='word_1_795' title='bbox 1920 4550 2127 4593; x_wconf 90' lang='lat' dir='ltr'><strong>mutum</strong></span> <span class='ocrx_word' id='word_1_796' title='bbox 2193 4552 2462 4592; x_wconf 90' lang='lat' dir='ltr'><strong>oratorem</strong></span> <span class='ocrx_word' id='word_1_797' title='bbox 2510 4549 2599 4591; x_wconf 92' lang='lat' dir='ltr'><strong>aut</strong></span> <span class='ocrx_word' id='word_1_798' title='bbox 2657 4542 2953 4606; x_wconf 73' lang='lat' dir='ltr'><strong>ti-agmdum</strong></span> <span class='ocrx_word' id='word_1_799' title='bbox 3006 4542 3258 4597; x_wconf 89' lang='lat' dir='ltr'><strong>dicimus.</strong></span> <span class='ocrx_word' id='word_1_800' title='bbox 3311 4539 3337 4606; x_wconf 92' lang='lat'><strong>1</strong></span> <span class='ocrx_word' id='word_1_801' title='bbox 3384 4539 3520 4595; x_wconf 85' lang='lat' dir='ltr'><strong>Mul-</strong></span> 
     </span>
    </p>
   </div>
   <div class='ocr_carea' id='block_1_114' title="bbox 1920 4611 3519 4680">
    <p class='ocr_par' dir='ltr' id='par_1_114' title="bbox 1920 4611 3519 4680">
     <span class='ocr_line' id='line_1_115' title="bbox 1920 4611 3519 4680; baseline 0.002 -17"><span class='ocrx_word' id='word_1_802' title='bbox 1920 4619 2026 4664; x_wconf 89' lang='lat' dir='ltr'><strong>tam</strong></span> <span class='ocrx_word' id='word_1_803' title='bbox 2057 4613 2193 4664; x_wconf 86' lang='lat' dir='ltr'><strong>Usce</strong></span> <span class='ocrx_word' id='word_1_804' title='bbox 2222 4611 2325 4663; x_wconf 90' lang='lat' dir='ltr'><strong>dici</strong></span> <span class='ocrx_word' id='word_1_805' title='bbox 2360 4618 2543 4675; x_wconf 90' lang='lat' dir='ltr'><strong>putant</strong></span> <span class='ocrx_word' id='word_1_806' title='bbox 2596 4624 2811 4677; x_wconf 77' lang='lat' dir='ltr'><strong>pinnam</strong></span> <span class='ocrx_word' id='word_1_807' title='bbox 2856 4611 3094 4680; x_wconf 89' lang='lat' dir='ltr'><strong>quidam.</strong></span> <span class='ocrx_word' id='word_1_808' title='bbox 3127 4611 3194 4667; x_wconf 91' lang='lat' dir='ltr'><strong>M.</strong></span> <span class='ocrx_word' id='word_1_809' title='bbox 3249 4612 3416 4665; x_wconf 86' lang='lat' dir='ltr'><strong>Varro</strong></span> <span class='ocrx_word' id='word_1_810' title='bbox 3445 4612 3519 4666; x_wconf 80' lang='lat' dir='ltr'><strong>ait</strong></span> 
     </span>
    </p>
   </div>
   <div class='ocr_carea' id='block_1_115' title="bbox 1920 4680 3517 4749">
    <p class='ocr_par' dir='ltr' id='par_1_115' title="bbox 1920 4680 3517 4749">
     <span class='ocr_line' id='line_1_116' title="bbox 1920 4680 3517 4749; baseline 0.001 -13"><span class='ocrx_word' id='word_1_811' title='bbox 1920 4696 2131 4749; x_wconf 65' lang='lat' dir='ltr'><strong>pinnam</strong></span> <span class='ocrx_word' id='word_1_812' title='bbox 2182 4696 2325 4745; x_wconf 85' lang='lat' dir='ltr'><strong>esse,</strong></span> <span class='ocrx_word' id='word_1_813' title='bbox 2354 4681 2449 4733; x_wconf 88' lang='lat' dir='ltr'><strong>sed</strong></span> <span class='ocrx_word' id='word_1_814' title='bbox 2504 4680 2885 4747; x_wconf 88' lang='lat' dir='ltr'><strong>pecuniariam,</strong></span> <span class='ocrx_word' id='word_1_815' title='bbox 2917 4683 2983 4736; x_wconf 90' lang='lat' dir='ltr'><strong>de</strong></span> <span class='ocrx_word' id='word_1_816' title='bbox 3028 4699 3133 4749; x_wconf 89' lang='lat' dir='ltr'><strong>qua</strong></span> <span class='ocrx_word' id='word_1_817' title='bbox 3163 4683 3425 4737; x_wconf 86' lang='lat' dir='ltr'><strong>subtiliter</strong></span> <span class='ocrx_word' id='word_1_818' title='bbox 3463 4683 3517 4737; x_wconf 92' lang='lat' dir='ltr'><strong>in</strong></span> 
     </span>
    </p>
   </div>
   <div class='ocr_carea' id='block_1_116' title="bbox 1919 4751 3518 4822">
    <p class='ocr_par' dir='ltr' id='par_1_116' title="bbox 1919 4751 3518 4822">
     <span class='ocr_line' id='line_1_117' title="bbox 1919 4751 3518 4822; baseline -0.001 -16"><span class='ocrx_word' id='word_1_819' title='bbox 1919 4753 1981 4808; x_wconf 91' lang='lat' dir='ltr'><strong>L.</strong></span> <span class='ocrx_word' id='word_1_820' title='bbox 2021 4752 2059 4806; x_wconf 94' lang='grc' dir='ltr'><strong>Ι.</strong></span> <span class='ocrx_word' id='word_1_821' title='bbox 2090 4752 2448 4819; x_wconf 72' lang='lat' dir='ltr'><strong>quaestionum</strong></span> <span class='ocrx_word' id='word_1_822' title='bbox 2478 4752 2648 4819; x_wconf 82' lang='lat' dir='ltr'><strong>Epist.</strong></span> <span class='ocrx_word' id='word_1_823' title='bbox 2681 4752 2863 4805; x_wconf 87' lang='lat' dir='ltr'><strong>refert.</strong></span> <span class='ocrx_word' id='word_1_824' title='bbox 2897 4751 2923 4821; x_wconf 92' lang='lat'><strong>1</strong></span> <span class='ocrx_word' id='word_1_825' title='bbox 2959 4754 3179 4806; x_wconf 88' lang='lat' dir='ltr'><strong>Mulleos</strong></span> <span class='ocrx_word' id='word_1_826' title='bbox 3212 4767 3379 4822; x_wconf 87' lang='lat' dir='ltr'><strong>genus</strong></span> <span class='ocrx_word' id='word_1_827' title='bbox 3400 4751 3518 4822; x_wconf 82' lang='lat' dir='ltr'><strong>cal-</strong></span> 
     </span>
    </p>
   </div>
   <div class='ocr_carea' id='block_1_117' title="bbox 1918 4821 3517 4892">
    <p class='ocr_par' dir='ltr' id='par_1_117' title="bbox 1918 4821 3517 4892">
     <span class='ocr_line' id='line_1_118' title="bbox 1918 4821 3517 4892; baseline -0.001 -14"><span class='ocrx_word' id='word_1_828' title='bbox 1918 4838 2134 4878; x_wconf 89' lang='lat' dir='ltr'><strong>ceorum</strong></span> <span class='ocrx_word' id='word_1_829' title='bbox 2180 4823 2328 4875; x_wconf 90' lang='lat' dir='ltr'><strong>aiunt</strong></span> <span class='ocrx_word' id='word_1_830' title='bbox 2375 4836 2514 4887; x_wconf 88' lang='lat' dir='ltr'><strong>esse,</strong></span> <span class='ocrx_word' id='word_1_831' title='bbox 2569 4824 2766 4890; x_wconf 91' lang='lat' dir='ltr'><strong>quibus</strong></span> <span class='ocrx_word' id='word_1_832' title='bbox 2824 4834 2982 4892; x_wconf 75' lang='lat' dir='ltr'><strong>reges</strong></span> <span class='ocrx_word' id='word_1_833' title='bbox 3027 4821 3357 4877; x_wconf 86' lang='lat' dir='ltr'><strong>Albanorum</strong></span> <span class='ocrx_word' id='word_1_834' title='bbox 3408 4821 3517 4891; x_wconf 89' lang='lat' dir='ltr'><strong>pri-</strong></span> 
     </span>
    </p>
   </div>
   <div class='ocr_carea' id='block_1_118' title="bbox 1918 4893 3513 4962">
    <p class='ocr_par' dir='ltr' id='par_1_118' title="bbox 1918 4893 3513 4962">
     <span class='ocr_line' id='line_1_119' title="bbox 1918 4893 3513 4962; baseline -0.001 -14"><span class='ocrx_word' id='word_1_835' title='bbox 1918 4898 2012 4957; x_wconf 87' lang='lat' dir='ltr'><strong>mi,</strong></span> <span class='ocrx_word' id='word_1_836' title='bbox 2048 4894 2241 4949; x_wconf 87' lang='lat' dir='ltr'><strong>deinde</strong></span> <span class='ocrx_word' id='word_1_837' title='bbox 2272 4894 2477 4962; x_wconf 88' lang='lat' dir='ltr'><strong>patricii</strong></span> <span class='ocrx_word' id='word_1_838' title='bbox 2503 4903 2628 4947; x_wconf 84' lang='lat' dir='ltr'><strong>sunt</strong></span> <span class='ocrx_word' id='word_1_839' title='bbox 2657 4894 2757 4946; x_wconf 91' lang='lat' dir='ltr'><strong>usi.</strong></span> <span class='ocrx_word' id='word_1_840' title='bbox 2807 4893 2875 4947; x_wconf 82' lang='grc' dir='ltr'><strong>Μ.</strong></span> <span class='ocrx_word' id='word_1_841' title='bbox 2927 4894 3058 4947; x_wconf 77' lang='lat' dir='ltr'><strong>Cato</strong></span> <span class='ocrx_word' id='word_1_842' title='bbox 3108 4893 3384 4962; x_wconf 84' lang='lat' dir='ltr'><strong>Originum</strong></span> <span class='ocrx_word' id='word_1_843' title='bbox 3433 4893 3513 4947; x_wconf 92' lang='lat' dir='ltr'><strong>Li.</strong></span> 
     </span>
    </p>
   </div>
   <div class='ocr_carea' id='block_1_119' title="bbox 1928 4965 3516 5034">
    <p class='ocr_par' dir='ltr' id='par_1_119' title="bbox 1928 4965 3516 5034">
     <span class='ocr_line' id='line_1_120' title="bbox 1928 4965 3516 5034; baseline -0.001 -17"><span class='ocrx_word' id='word_1_844' title='bbox 1928 4965 2059 5020; x_wconf 84' lang='lat' dir='ltr'><strong>VII:</strong></span> <span class='ocrx_word' id='word_1_845' title='bbox 2114 4965 2214 5032; x_wconf 75' lang='lat' dir='ltr'><strong>Qui</strong></span> <span class='ocrx_word' id='word_1_846' title='bbox 2264 4967 2632 5034; x_wconf 85' lang='lat' dir='ltr'><strong>magistratum</strong></span> <span class='ocrx_word' id='word_1_847' title='bbox 2677 4965 2931 5017; x_wconf 88' lang='lat' dir='ltr'><strong>Corulem</strong></span> <span class='ocrx_word' id='word_1_848' title='bbox 2982 4967 3212 5030; x_wconf 78' lang='lat' dir='ltr'><strong>cepisset</strong></span> <span class='ocrx_word' id='word_1_849' title='bbox 3254 4965 3516 5034; x_wconf 84' lang='lat' dir='ltr'><strong>(calceos)</strong></span> 
     </span>
    </p>
   </div>
   <div class='ocr_carea' id='block_1_120' title="bbox 1918 5034 3513 5101">
    <p class='ocr_par' dir='ltr' id='par_1_120' title="bbox 1918 5034 3513 5101">
     <span class='ocr_line' id='line_1_121' title="bbox 1918 5034 3513 5101; baseline -0.002 -11"><span class='ocrx_word' id='word_1_850' title='bbox 1918 5038 2146 5091; x_wconf 85' lang='lat' dir='ltr'><strong>mulleos</strong></span> <span class='ocrx_word' id='word_1_851' title='bbox 2189 5036 2583 5090; x_wconf 86' lang='lat' dir='ltr'><strong>allutaciniatos</strong></span> <span class='ocrx_word' id='word_1_852' title='bbox 2617 5034 2659 5063; x_wconf 76' lang='lat'>”</span> <span class='ocrx_word' id='word_1_853' title='bbox 2689 5034 2856 5087; x_wconf 89' lang='lat' dir='ltr'><strong>ceteri</strong></span> <span class='ocrx_word' id='word_1_854' title='bbox 2889 5049 3137 5101; x_wconf 88' lang='lat' dir='ltr'><strong>perones.</strong></span> <span class='ocrx_word' id='word_1_855' title='bbox 3196 5035 3322 5088; x_wconf 90' lang='lat' dir='ltr'><strong>Item</strong></span> <span class='ocrx_word' id='word_1_856' title='bbox 3372 5034 3513 5087; x_wconf 81' lang='lat' dir='ltr'><strong>Titi-</strong></span> 
     </span>
    </p>
   </div>
   <div class='ocr_carea' id='block_1_121' title="bbox 1920 5105 3512 5171">
    <p class='ocr_par' dir='ltr' id='par_1_121' title="bbox 1920 5105 3512 5171">
     <span class='ocr_line' id='line_1_122' title="bbox 1920 5105 3512 5171; baseline -0.003 -10"><span class='ocrx_word' id='word_1_857' title='bbox 1920 5108 2039 5162; x_wconf 91' lang='lat' dir='ltr'><strong>nius</strong></span> <span class='ocrx_word' id='word_1_858' title='bbox 2072 5109 2124 5161; x_wconf 91' lang='lat' dir='ltr'><strong>in</strong></span> <span class='ocrx_word' id='word_1_859' title='bbox 2173 5108 2397 5163; x_wconf 87' lang='lat' dir='ltr'><strong>Seriana</strong></span> <span class='ocrx_word' id='word_1_860' title='bbox 2426 5106 2469 5135; x_wconf 85' lang='grc'><strong>²⁰</strong></span> <span class='ocrx_word' id='word_1_861' title='bbox 2501 5123 2512 5156; x_wconf 89' lang='lat'><strong>:</strong></span> <span class='ocrx_word' id='word_1_862' title='bbox 2543 5106 2657 5157; x_wconf 89' lang='lat' dir='ltr'><strong>.Iain</strong></span> <span class='ocrx_word' id='word_1_863' title='bbox 2689 5118 2807 5157; x_wconf 88' lang='lat' dir='ltr'><strong>cuin</strong></span> <span class='ocrx_word' id='word_1_864' title='bbox 2858 5106 3070 5161; x_wconf 89' lang='lat' dir='ltr'><strong>mulleis</strong></span> <span class='ocrx_word' id='word_1_865' title='bbox 3121 5117 3171 5160; x_wconf 87' lang='lat' dir='ltr'><strong>te</strong></span> <span class='ocrx_word' id='word_1_866' title='bbox 3212 5105 3512 5171; x_wconf 89' lang='lat' dir='ltr'><strong>ostendisti,</strong></span> 
     </span>
    </p>
   </div>
   <div class='ocr_carea' id='block_1_122' title="bbox 1928 5175 3515 5247">
    <p class='ocr_par' dir='ltr' id='par_1_122' title="bbox 1928 5175 3515 5247">
     <span class='ocr_line' id='line_1_123' title="bbox 1928 5175 3515 5247; baseline 0.001 -20"><span class='ocrx_word' id='word_1_867' title='bbox 1928 5194 2061 5247; x_wconf 88' lang='lat' dir='ltr'><strong>quos</strong></span> <span class='ocrx_word' id='word_1_868' title='bbox 2092 5179 2289 5232; x_wconf 85' lang='lat' dir='ltr'><strong>tibiatis</strong></span> <span class='ocrx_word' id='word_1_869' title='bbox 2318 5178 2368 5230; x_wconf 92' lang='lat' dir='ltr'><strong>in</strong></span> <span class='ocrx_word' id='word_1_870' title='bbox 2399 5175 2652 5247; x_wconf 64' lang='lat' dir='ltr'><strong>ciilc_eos._</strong></span> <span class='ocrx_word' id='word_1_871' title='bbox 2672 5176 2831 5247; x_wconf 15' lang='lat' dir='ltr'><strong>rQuos</strong></span> <span class='ocrx_word' id='word_1_872' title='bbox 2861 5185 3044 5245; x_wconf 86' lang='lat' dir='ltr'><strong>putant</strong></span> <span class='ocrx_word' id='word_1_873' title='bbox 3067 5192 3095 5231; x_wconf 92' lang='lat' dir='ltr'><strong>a</strong></span> <span class='ocrx_word' id='word_1_874' title='bbox 3129 5178 3398 5231; x_wconf 89' lang='lat' dir='ltr'><strong>mullando</strong></span> <span class='ocrx_word' id='word_1_875' title='bbox 3426 5175 3515 5247; x_wconf 86' lang='lat' dir='ltr'><strong>di-</strong></span> 
     </span>
    </p>
   </div>
   <div class='ocr_carea' id='block_1_123' title="bbox 1931 5244 3516 5316">
    <p class='ocr_par' dir='ltr' id='par_1_123' title="bbox 1931 5244 3516 5316">
     <span class='ocr_line' id='line_1_124' title="bbox 1931 5244 3516 5316; baseline -0.001 -14"><span class='ocrx_word' id='word_1_876' title='bbox 1931 5244 2065 5303; x_wconf 86' lang='lat' dir='ltr'><strong>ctos.</strong></span> <span class='ocrx_word' id='word_1_877' title='bbox 2095 5252 2131 5302; x_wconf 94' lang='lat' dir='ltr'><strong>i.</strong></span> <span class='ocrx_word' id='word_1_878' title='bbox 2157 5249 2381 5301; x_wconf 83' lang='lat' dir='ltr'><strong>Sttentlt).</strong></span> <span class='ocrx_word' id='word_1_879' title='bbox 2437 5244 2459 5314; x_wconf 88' lang='lat'><strong>1</strong></span> <span class='ocrx_word' id='word_1_880' title='bbox 2510 5244 2867 5299; x_wconf 34' lang='lat' dir='ltr'><strong>Multifariam&#39;</strong></span> <span class='ocrx_word' id='word_1_881' title='bbox 2905 5249 3156 5302; x_wconf 87' lang='lat' dir='ltr'><strong>dixerunt</strong></span> <span class='ocrx_word' id='word_1_882' title='bbox 3186 5250 3407 5316; x_wconf 86' lang='lat' dir='ltr'><strong>antiqui,</strong></span> <span class='ocrx_word' id='word_1_883' title='bbox 3436 5246 3516 5301; x_wconf 79' lang='lat' dir='ltr'><strong>vi-</strong></span> 
     </span>
    </p>
   </div>
   <div class='ocr_carea' id='block_1_124' title="bbox 202 5247 1825 5315">
    <p class='ocr_par' dir='ltr' id='par_1_124' title="bbox 202 5247 1825 5315">
     <span class='ocr_line' id='line_1_125' title="bbox 202 5247 1825 5315; baseline -0.001 -14"><span class='ocrx_word' id='word_1_884' title='bbox 202 5250 377 5302; x_wconf 81' lang='lat' dir='ltr'><strong>velut</strong></span> <span class='ocrx_word' id='word_1_885' title='bbox 412 5249 723 5313; x_wconf 57' lang='lat' dir='ltr'><strong>praedictum</strong></span> <span class='ocrx_word' id='word_1_886' title='bbox 753 5247 773 5277; x_wconf 82' lang='lat'>&quot;</span> <span class='ocrx_word' id='word_1_887' title='bbox 808 5256 860 5301; x_wconf 86' lang='lat' dir='ltr'><strong>et</strong></span> <span class='ocrx_word' id='word_1_888' title='bbox 890 5248 1041 5315; x_wconf 87' lang='lat' dir='ltr'><strong>quasi</strong></span> <span class='ocrx_word' id='word_1_889' title='bbox 1094 5248 1427 5313; x_wconf 69' lang='lat' dir='ltr'><strong>prardicwm,</strong></span> <span class='ocrx_word' id='word_1_890' title='bbox 1461 5248 1600 5315; x_wconf 90' lang='lat' dir='ltr'><strong>quod</strong></span> <span class='ocrx_word' id='word_1_891' title='bbox 1633 5247 1825 5315; x_wconf 73' lang='lat' dir='ltr'><strong>praedi-</strong></span> 
     </span>
    </p>
   </div>
   <div class='ocr_carea' id='block_1_125' title="bbox 197 5316 3514 5389">
    <p class='ocr_par' dir='ltr' id='par_1_125' title="bbox 197 5316 3514 5389">
     <span class='ocr_line' id='line_1_126' title="bbox 197 5316 3514 5389; baseline -0 -15"><span class='ocrx_word' id='word_1_892' title='bbox 197 5328 306 5374; x_wconf 85' lang='lat' dir='ltr'><strong>cat</strong></span> <span class='ocrx_word' id='word_1_893' title='bbox 332 5319 526 5374; x_wconf 86' lang='lat' dir='ltr'><strong>eadem</strong></span> <span class='ocrx_word' id='word_1_894' title='bbox 553 5335 567 5385; x_wconf 92' lang='lat'><strong>;</strong></span> <span class='ocrx_word' id='word_1_895' title='bbox 599 5318 1052 5389; x_wconf 83' lang='lat' dir='ltr'><strong>et1Porteiitum,</strong></span> <span class='ocrx_word' id='word_1_896' title='bbox 1087 5320 1227 5385; x_wconf 83' lang='lat' dir='ltr'><strong>quod</strong></span> <span class='ocrx_word' id='word_1_897' title='bbox 1256 5320 1607 5384; x_wconf 90' lang='lat' dir='ltr'><strong>portendatet</strong></span> <span class='ocrx_word' id='word_1_898' title='bbox 1628 5317 1829 5384; x_wconf 85' lang='lat' dir='ltr'><strong>signili-</strong></span> <span class='ocrx_word' id='word_1_899' title='bbox 1936 5321 2149 5381; x_wconf 84' lang='lat' dir='ltr'><strong>delicet,</strong></span> <span class='ocrx_word' id='word_1_900' title='bbox 2182 5316 2323 5387; x_wconf 85' lang='lat' dir='ltr'><strong>quod</strong></span> <span class='ocrx_word' id='word_1_901' title='bbox 2366 5318 2419 5370; x_wconf 91' lang='lat' dir='ltr'><strong>in</strong></span> <span class='ocrx_word' id='word_1_902' title='bbox 2463 5318 2645 5389; x_wconf 74' lang='lat' dir='ltr'><strong>multis</strong></span> <span class='ocrx_word' id='word_1_903' title='bbox 2675 5318 2805 5370; x_wconf 82' lang='lat' dir='ltr'><strong>locis</strong></span> <span class='ocrx_word' id='word_1_904' title='bbox 2835 5316 2937 5372; x_wconf 88' lang='lat' dir='ltr'><strong>fari</strong></span> <span class='ocrx_word' id='word_1_905' title='bbox 2970 5330 3194 5387; x_wconf 78' lang='lat' dir='ltr'><strong>paterat.</strong></span> <span class='ocrx_word' id='word_1_906' title='bbox 3247 5316 3273 5387; x_wconf 92' lang='lat'><strong>1</strong></span> <span class='ocrx_word' id='word_1_907' title='bbox 3310 5319 3514 5373; x_wconf 80' lang='lat' dir='ltr'><strong>Manius</strong></span> 
     </span>
    </p>
   </div>
   <div class='ocr_carea' id='block_1_126' title="bbox 195 5385 3517 5459">
    <p class='ocr_par' dir='ltr' id='par_1_126' title="bbox 195 5385 3517 5459">
     <span class='ocr_line' id='line_1_127' title="bbox 195 5385 3517 5459; baseline -0.001 -14"><span class='ocrx_word' id='word_1_908' title='bbox 195 5399 332 5445; x_wconf 78' lang='lat' dir='ltr'><strong>cet.</strong></span> <span class='ocrx_word' id='word_1_909' title='bbox 384 5389 515 5444; x_wconf 86' lang='lat' dir='ltr'><strong>Inde</strong></span> <span class='ocrx_word' id='word_1_910' title='bbox 561 5385 929 5459; x_wconf 42' lang='lat' dir='ltr'><strong>dici&#39;apparet</strong></span> <span class='ocrx_word' id='word_1_911' title='bbox 979 5389 1030 5442; x_wconf 91' lang='lat' dir='ltr'><strong>id</strong></span> <span class='ocrx_word' id='word_1_912' title='bbox 1080 5398 1345 5459; x_wconf 83' lang='lat' dir='ltr'><strong>quartum,</strong></span> <span class='ocrx_word' id='word_1_913' title='bbox 1398 5389 1541 5458; x_wconf 89' lang='lat' dir='ltr'><strong>quod</strong></span> <span class='ocrx_word' id='word_1_914' title='bbox 1574 5389 1704 5442; x_wconf 88' lang='lat' dir='ltr'><strong>milii</strong></span> <span class='ocrx_word' id='word_1_915' title='bbox 1753 5389 1831 5441; x_wconf 80' lang='lat' dir='ltr'><strong>vi-</strong></span> <span class='ocrx_word' id='word_1_916' title='bbox 1934 5389 2156 5459; x_wconf 79' lang='lat' dir='ltr'><strong>Egeri“</strong></span> <span class='ocrx_word' id='word_1_917' title='bbox 2202 5385 2211 5387; x_wconf 13' lang='grc' dir='ltr'>ἡ</span> <span class='ocrx_word' id='word_1_918' title='bbox 2256 5427 2271 5443; x_wconf 91' lang='grc'><strong>.</strong></span> <span class='ocrx_word' id='word_1_919' title='bbox 2352 5428 2366 5442; x_wconf 93' lang='grc'><strong>.</strong></span> <span class='ocrx_word' id='word_1_920' title='bbox 2447 5426 2461 5440; x_wconf 92' lang='grc'><strong>.</strong></span> <span class='ocrx_word' id='word_1_921' title='bbox 2552 5385 2932 5459; x_wconf 82' lang='lat' dir='ltr'><strong>Nemorensetn</strong></span> <span class='ocrx_word' id='word_1_922' title='bbox 2972 5385 3168 5443; x_wconf 71' lang='lat' dir='ltr'><strong>Diana:</strong></span> <span class='ocrx_word' id='word_1_923' title='bbox 3228 5385 3517 5459; x_wconf 76' lang='lat' dir='ltr'><strong>consecra-</strong></span> 
     </span>
    </p>
   </div>
   <div class='ocr_carea' id='block_1_127' title="bbox 194 5457 3517 5530">
    <p class='ocr_par' dir='ltr' id='par_1_127' title="bbox 194 5457 3517 5530">
     <span class='ocr_line' id='line_1_128' title="bbox 194 5457 3517 5530; baseline -0.001 -14"><span class='ocrx_word' id='word_1_924' title='bbox 194 5475 345 5516; x_wconf 86' lang='lat' dir='ltr'><strong>sum</strong></span> <span class='ocrx_word' id='word_1_925' title='bbox 408 5470 493 5516; x_wconf 90' lang='lat' dir='ltr'><strong>est</strong></span> <span class='ocrx_word' id='word_1_926' title='bbox 546 5457 901 5524; x_wconf 79' lang='lat' dir='ltr'><strong>adiciendum,</strong></span> <span class='ocrx_word' id='word_1_927' title='bbox 977 5458 1272 5529; x_wconf 71' lang='lat' dir='ltr'><strong>praesertim</strong></span> <span class='ocrx_word' id='word_1_928' title='bbox 1346 5457 1466 5515; x_wconf 84' lang='lat' dir='ltr'><strong>cum</strong></span> <span class='ocrx_word' id='word_1_929' title='bbox 1518 5475 1582 5515; x_wconf 80' lang='lat' dir='ltr'><strong>ex</strong></span> <span class='ocrx_word' id='word_1_930' title='bbox 1643 5459 1863 5514; x_wconf 83' lang='lat' dir='ltr'><strong>eadem-</strong></span> <span class='ocrx_word' id='word_1_931' title='bbox 1934 5457 2029 5523; x_wconf 78' lang='lat' dir='ltr'><strong>vit,</strong></span> <span class='ocrx_word' id='word_1_932' title='bbox 2062 5476 2089 5514; x_wconf 93' lang='lat' dir='ltr'><strong>a</strong></span> <span class='ocrx_word' id='word_1_933' title='bbox 2118 5476 2223 5530; x_wconf 91' lang='lat' dir='ltr'><strong>quo</strong></span> <span class='ocrx_word' id='word_1_934' title='bbox 2252 5459 2480 5512; x_wconf 88' lang='lat' dir='ltr'><strong>muliiet</strong></span> <span class='ocrx_word' id='word_1_935' title='bbox 2519 5458 2649 5530; x_wconf 74' lang='lat' dir='ltr'><strong>clari</strong></span> <span class='ocrx_word' id='word_1_936' title='bbox 2700 5458 2800 5511; x_wconf 89' lang='lat' dir='ltr'><strong>viri</strong></span> <span class='ocrx_word' id='word_1_937' title='bbox 2845 5461 2944 5513; x_wconf 82' lang='lat' dir='ltr'><strong>orti</strong></span> <span class='ocrx_word' id='word_1_938' title='bbox 2990 5468 3134 5521; x_wconf 83' lang='lat' dir='ltr'><strong>sunt.</strong></span> <span class='ocrx_word' id='word_1_939' title='bbox 3168 5468 3223 5514; x_wconf 89' lang='lat' dir='ltr'><strong>et</strong></span> <span class='ocrx_word' id='word_1_940' title='bbox 3254 5475 3348 5529; x_wconf 89' lang='lat' dir='ltr'><strong>per</strong></span> <span class='ocrx_word' id='word_1_941' title='bbox 3382 5457 3517 5530; x_wconf 69' lang='grc' dir='ltr'>πηιιτ</span> 
     </span>
    </p>
   </div>
   <div class='ocr_carea' id='block_1_128' title="bbox 192 5527 3515 5605">
    <p class='ocr_par' dir='ltr' id='par_1_128' title="bbox 192 5527 3515 5605">
     <span class='ocr_line' id='line_1_129' title="bbox 192 5527 3515 5605; baseline -0.001 -17"><span class='ocrx_word' id='word_1_942' title='bbox 192 5533 623 5605; x_wconf 80' lang='lat' dir='ltr'><strong>significatione</strong></span> <span class='ocrx_word' id='word_1_943' title='bbox 677 5537 925 5601; x_wconf 87' lang='lat' dir='ltr'><strong>pendeat,</strong></span> <span class='ocrx_word' id='word_1_944' title='bbox 970 5527 1024 5585; x_wconf 83' lang='lat' dir='ltr'><strong>et</strong></span> <span class='ocrx_word' id='word_1_945' title='bbox 1069 5532 1124 5584; x_wconf 88' lang='lat' dir='ltr'><strong>iit</strong></span> <span class='ocrx_word' id='word_1_946' title='bbox 1155 5540 1401 5599; x_wconf 86' lang='lat' dir='ltr'><strong>promptu</strong></span> <span class='ocrx_word' id='word_1_947' title='bbox 1455 5530 1527 5586; x_wconf 87' lang='lat' dir='ltr'><strong>sit</strong></span> <span class='ocrx_word' id='word_1_948' title='bbox 1557 5534 1829 5605; x_wconf 87' lang='lat' dir='ltr'><strong>omnibus,</strong></span> <span class='ocrx_word' id='word_1_949' title='bbox 1938 5542 2021 5587; x_wconf 87' lang='lat' dir='ltr'><strong>tos</strong></span> <span class='ocrx_word' id='word_1_950' title='bbox 2074 5527 2244 5585; x_wconf 78' lang='lat' dir='ltr'><strong>annos</strong></span> <span class='ocrx_word' id='word_1_951' title='bbox 2294 5531 2527 5585; x_wconf 91' lang='lat' dir='ltr'><strong>fuerunt.</strong></span> <span class='ocrx_word' id='word_1_952' title='bbox 2605 5527 2753 5583; x_wconf 90' lang='lat' dir='ltr'><strong>Unde</strong></span> <span class='ocrx_word' id='word_1_953' title='bbox 2807 5538 2860 5585; x_wconf 91' lang='lat' dir='ltr'><strong>et</strong></span> <span class='ocrx_word' id='word_1_954' title='bbox 2916 5527 3302 5599; x_wconf 81' lang='lat' dir='ltr'><strong>proverbium:</strong></span> <span class='ocrx_word' id='word_1_955' title='bbox 3362 5528 3515 5587; x_wconf 80' lang='lat' dir='ltr'><strong>Militi</strong></span> 
     </span>
    </p>
   </div>
   <div class='ocr_carea' id='block_1_129' title="bbox 738 5646 3511 5721">
    <p class='ocr_par' dir='ltr' id='par_1_129' title="bbox 738 5646 3511 5721">
     <span class='ocr_line' id='line_1_130' title="bbox 738 5646 3511 5721; baseline 0 -14"><span class='ocrx_word' id='word_1_956' title='bbox 738 5656 757 5683; x_wconf 81' lang='grc'>³</span> <span class='ocrx_word' id='word_1_957' title='bbox 791 5654 906 5708; x_wconf 90' lang='lat' dir='ltr'><strong>fuit.</strong></span> <span class='ocrx_word' id='word_1_958' title='bbox 985 5653 1004 5683; x_wconf 82' lang='grc'><strong>³</strong></span> <span class='ocrx_word' id='word_1_959' title='bbox 1034 5653 1104 5708; x_wconf 84' lang='grc' dir='ltr'><strong>αι.</strong></span> <span class='ocrx_word' id='word_1_960' title='bbox 1138 5667 1251 5708; x_wconf 89' lang='lat' dir='ltr'><strong>ore.</strong></span> <span class='ocrx_word' id='word_1_961' title='bbox 1342 5655 1363 5686; x_wconf 69' lang='grc'><strong>⁸</strong></span> <span class='ocrx_word' id='word_1_962' title='bbox 1388 5656 1748 5713; x_wconf 88' lang='lat' dir='ltr'><strong>manticulam.</strong></span> <span class='ocrx_word' id='word_1_963' title='bbox 1838 5656 1859 5687; x_wconf 84' lang='lat'>&#39;</span> <span class='ocrx_word' id='word_1_964' title='bbox 1889 5655 2049 5710; x_wconf 88' lang='lat' dir='ltr'><strong>dicta.</strong></span> <span class='ocrx_word' id='word_1_965' title='bbox 2128 5652 2148 5682; x_wconf 83' lang='grc'><strong>⁶</strong></span> <span class='ocrx_word' id='word_1_966' title='bbox 2180 5651 2294 5721; x_wconf 89' lang='lat' dir='ltr'><strong>ipso</strong></span> <span class='ocrx_word' id='word_1_967' title='bbox 2323 5662 2528 5704; x_wconf 87' lang='lat' dir='ltr'><strong>mense.</strong></span> <span class='ocrx_word' id='word_1_968' title='bbox 2572 5647 2626 5721; x_wconf 27' lang='grc' dir='ltr'>η’</span> <span class='ocrx_word' id='word_1_969' title='bbox 2660 5646 3015 5721; x_wconf 68' lang='lat' dir='ltr'><strong>prmdicium.‘</strong></span> <span class='ocrx_word' id='word_1_970' title='bbox 3088 5648 3159 5719; x_wconf 75' lang='lat' dir='ltr'><strong>II1</strong></span> <span class='ocrx_word' id='word_1_971' title='bbox 3200 5649 3511 5708; x_wconf 77' lang='lat' dir='ltr'><strong>Monitores.</strong></span> 
     </span>
    </p>
   </div>
   <div class='ocr_carea' id='block_1_130' title="bbox 795 5718 3512 5789">
    <p class='ocr_par' dir='ltr' id='par_1_130' title="bbox 795 5718 3512 5789">
     <span class='ocr_line' id='line_1_131' title="bbox 795 5718 3512 5789; baseline 0 -10"><span class='ocrx_word' id='word_1_972' title='bbox 795 5725 835 5754; x_wconf 86' lang='grc'><strong>¹⁰</strong></span> <span class='ocrx_word' id='word_1_973' title='bbox 863 5725 937 5779; x_wconf 85' lang='lat' dir='ltr'><strong>al.</strong></span> <span class='ocrx_word' id='word_1_974' title='bbox 975 5735 1277 5789; x_wconf 88' lang='lat' dir='ltr'><strong>verruntur,</strong></span> <span class='ocrx_word' id='word_1_975' title='bbox 1306 5728 1376 5782; x_wconf 84' lang='lat' dir='ltr'><strong>al.</strong></span> <span class='ocrx_word' id='word_1_976' title='bbox 1410 5738 1708 5784; x_wconf 87' lang='lat' dir='ltr'><strong>vertuntur.</strong></span> <span class='ocrx_word' id='word_1_977' title='bbox 1811 5728 1851 5758; x_wconf 84' lang='lat'>“</span> <span class='ocrx_word' id='word_1_978' title='bbox 1875 5738 1927 5781; x_wconf 91' lang='lat' dir='ltr'><strong>et</strong></span> <span class='ocrx_word' id='word_1_979' title='bbox 1959 5725 2158 5781; x_wconf 84' lang='lat' dir='ltr'><strong>Aelius.</strong></span> <span class='ocrx_word' id='word_1_980' title='bbox 2202 5718 2215 5721; x_wconf 74' lang='grc'><em>’</em></span> <span class='ocrx_word' id='word_1_981' title='bbox 2259 5724 2299 5752; x_wconf 87' lang='grc'>¹²</span> <span class='ocrx_word' id='word_1_982' title='bbox 2332 5722 2463 5775; x_wconf 87' lang='lat' dir='ltr'><strong>loca.</strong></span> <span class='ocrx_word' id='word_1_983' title='bbox 2568 5719 2609 5750; x_wconf 70' lang='grc'><strong>’³</strong></span> <span class='ocrx_word' id='word_1_984' title='bbox 2642 5720 2783 5773; x_wconf 83' lang='lat' dir='ltr'><strong>facit.</strong></span> <span class='ocrx_word' id='word_1_985' title='bbox 2862 5718 2903 5750; x_wconf 55' lang='grc' dir='ltr'>ιθ</span> <span class='ocrx_word' id='word_1_986' title='bbox 2928 5721 3086 5786; x_wconf 81' lang='lat' dir='ltr'><strong>Quin.</strong></span> <span class='ocrx_word' id='word_1_987' title='bbox 3148 5718 3151 5719; x_wconf 50' lang='grc'><strong><em>⁷</em></strong></span> <span class='ocrx_word' id='word_1_988' title='bbox 3180 5722 3221 5752; x_wconf 81' lang='grc'><strong>¹⁵</strong></span> <span class='ocrx_word' id='word_1_989' title='bbox 3249 5722 3299 5777; x_wconf 86' lang='lat' dir='ltr'><strong>id</strong></span> <span class='ocrx_word' id='word_1_990' title='bbox 3333 5736 3512 5779; x_wconf 87' lang='lat' dir='ltr'><strong>omne.</strong></span> 
     </span>
    </p>
   </div>
   <div class='ocr_carea' id='block_1_131' title="bbox 1226 5790 3512 5873">
    <p class='ocr_par' dir='ltr' id='par_1_131' title="bbox 1226 5790 3512 5873">
     <span class='ocr_line' id='line_1_132' title="bbox 1226 5790 3512 5873; baseline -0.002 -18"><span class='ocrx_word' id='word_1_991' title='bbox 1226 5797 1270 5830; x_wconf 74' lang='lat'><strong>“</strong></span> <span class='ocrx_word' id='word_1_992' title='bbox 1295 5801 1574 5873; x_wconf 87' lang='lat' dir='ltr'><strong>quasdam.</strong></span> <span class='ocrx_word' id='word_1_993' title='bbox 1654 5800 1694 5831; x_wconf 83' lang='grc'>¹⁹</span> <span class='ocrx_word' id='word_1_994' title='bbox 1726 5798 2099 5863; x_wconf 87' lang='lat' dir='ltr'><strong>alutacinatos,</strong></span> <span class='ocrx_word' id='word_1_995' title='bbox 2139 5795 2245 5864; x_wconf 86' lang='lat' dir='ltr'><strong>vel,</strong></span> <span class='ocrx_word' id='word_1_996' title='bbox 2276 5795 2509 5851; x_wconf 87' lang='lat' dir='ltr'><strong>lunatos.</strong></span> <span class='ocrx_word' id='word_1_997' title='bbox 2587 5791 2632 5823; x_wconf 78' lang='grc'>²⁰</span> <span class='ocrx_word' id='word_1_998' title='bbox 2665 5790 2868 5850; x_wconf 80' lang='lat' dir='ltr'><strong>Setina.</strong></span> <span class='ocrx_word' id='word_1_999' title='bbox 2945 5793 2987 5823; x_wconf 81' lang='grc'><strong>²¹</strong></span> <span class='ocrx_word' id='word_1_1000' title='bbox 3022 5794 3280 5870; x_wconf 80' lang='lat' dir='ltr'><strong>Acgerius</strong></span> <span class='ocrx_word' id='word_1_1001' title='bbox 3302 5808 3512 5869; x_wconf 77' lang='lat' dir='ltr'><strong>agrum.</strong></span> 
     </span>
    </p>
   </div>
   <div class='ocr_carea' id='block_1_132' title="bbox 320 5655 651 5723">
    <p class='ocr_par' dir='ltr' id='par_1_132' title="bbox 320 5655 651 5723">
     <span class='ocr_line' id='line_1_133' title="bbox 320 5655 651 5723; baseline 0.003 -15"><span class='ocrx_word' id='word_1_1002' title='bbox 320 5656 341 5684; x_wconf 83' lang='grc'>¹</span> <span class='ocrx_word' id='word_1_1003' title='bbox 385 5655 651 5723; x_wconf 65' lang='lat' dir='ltr'><strong>quaedam.</strong></span> 
     </span>
    </p>
   </div>
   <div class='ocr_carea' id='block_1_133' title="bbox 196 5725 696 5781">
    <p class='ocr_par' dir='ltr' id='par_1_133' title="bbox 196 5725 696 5781">
     <span class='ocr_line' id='line_1_134' title="bbox 196 5725 696 5781; baseline -0.002 -1"><span class='ocrx_word' id='word_1_1004' title='bbox 196 5725 224 5757; x_wconf 82' lang='lat'><strong>’</strong></span> <span class='ocrx_word' id='word_1_1005' title='bbox 252 5726 397 5780; x_wconf 88' lang='lat' dir='ltr'><strong>libri</strong></span> <span class='ocrx_word' id='word_1_1006' title='bbox 427 5726 696 5781; x_wconf 90' lang='lat' dir='ltr'><strong>dicuntur.</strong></span> 
     </span>
    </p>
   </div>
   <div class='ocr_carea' id='block_1_134' title="bbox 196 5794 1133 5857">
    <p class='ocr_par' dir='ltr' id='par_1_134' title="bbox 196 5794 1133 5857">
     <span class='ocr_line' id='line_1_135' title="bbox 196 5794 1133 5857; baseline -0.001 0"><span class='ocrx_word' id='word_1_1007' title='bbox 196 5797 254 5835; x_wconf 77' lang='grc'><strong>⁸⁸</strong></span> <span class='ocrx_word' id='word_1_1008' title='bbox 290 5796 564 5857; x_wconf 56' lang='lat' dir='ltr'><strong>Validam.</strong></span> <span class='ocrx_word' id='word_1_1009' title='bbox 656 5797 695 5831; x_wconf 72' lang='grc'><strong>³⁷</strong></span> <span class='ocrx_word' id='word_1_1010' title='bbox 724 5796 800 5853; x_wconf 84' lang='lat' dir='ltr'><strong>af.</strong></span> <span class='ocrx_word' id='word_1_1011' title='bbox 826 5794 945 5855; x_wconf 80' lang='lat' dir='ltr'><strong>Ser.</strong></span> <span class='ocrx_word' id='word_1_1012' title='bbox 978 5796 1133 5856; x_wconf 81' lang='lat' dir='ltr'><strong>Iilius.</strong></span> 
     </span>
    </p>
   </div>
  </div>
