4100 6280
285 439 394 502 489

1443 430 1527 491 ΙΝ
1581 426 1817 489 EPIST.
1859 426 1959 486 AD
1998 424 2376 487 ROMANOS.

3437 426 3546 491 490

287 544 599 617 ἁμαρτιας,
628 543 689 598 ού
732 543 831 615 τὴν
887 543 1057 614 αὐτὴν
1112 542 1382 612 ἐτήρησεν
1432 539 1588 604 τάξιν
1639 537 1734 590 ἐπὶ
1770 536 1861 587 τὸν

1977 536 2091 589 lum
2121 532 2188 589 de
2215 541 2439 604 peccato
2457 530 2719 601 loquitur,
2747 523 2852 585 non
2886 531 3136 588 eumdem
3155 540 3336 589 tamen
3365 545 3546 591 servat

289 634 527 708 Χριστὸν
552 672 568 700 ,
606 635 717 690 οὐδ’
760 632 911 688 εἶπεν
947 636 974 688 ὁ
1004 633 1194 704 μισθὸς
1237 632 1347 685 τῶν
1392 627 1859 702 κατορθωμάτων,

290 727 430 784 ἀλλὰ
449 727 511 782 τδ
548 727 796 800 χάρισμα
822 727 918 781 τοῦ
950 725 1086 780 Θεοῦ
1113 766 1129 791 ,
1157 725 1374 789 δεικνὺς
1406 724 1490 778 ὅτι
1518 724 1618 777 οὐκ
1653 720 1865 775 οἴκοθεν

290 820 723 897 ἀπηλλάγησαν,
775 817 875 872 οὐκ
916 817 1136 890 ὀφειλὴν
1171 815 1445 872 ἀπέλαϐον
1472 857 1490 884 ,
1517 813 1653 868 ἀλλὰ
1681 813 1866 885 χάριτι

293 911 480 968 πάντα
504 909 676 965 ταῦτα
710 908 941 979 ἐγίνετο.

892 1130 1145 1186 ΚΕΦΑΛ.
1194 1129 1270 1186 Z'.

371 1267 393 1302 ι
430 1250 502 1304 Ἦ
549 1249 794 1321 ἀγνοεῖτε
844 1247 1069 1318 ἀδελφοί
1128 1247 1495 1318 (γινώσκουσι
1547 1245 1656 1319 γὰρ
1706 1245 1870 1317 νόμον

295 1340 446 1397 λαλῶ
462 1341 502 1408 );

370 1341 698 1492 ἰέἒζαλύσας
748 1427 841 1483 τὸν
892 1425 1082 1498 ἠθικὸν
1129 1427 1288 1498 λόγον
1326 1428 1419 1483 ἐπὶ
1463 1428 1534 1484 τὰ
1559 1427 1870 1501 δογματικὰ

302 1521 657 1592 μεταῦαίνει,
707 1518 922 1584 δεικνὺς
973 1520 1057 1574 ὅτι
1108 1521 1169 1574 ού
1212 1521 1373 1592 μόνον
1406 1521 1658 1591 ἁμαρτία
1690 1518 1872 1574 αὐτῶν

297 1615 362 1668 ού
387 1613 654 1686 κυριεύει,
680 1613 794 1668 ἀλλ’
815 1614 938 1668 οὐδὲ
964 1615 1126 1684 νόμος
1144 1630 1156 1642 ·
1180 1614 1230 1668 ει
1255 1613 1312 1666 δὲ
1329 1614 1492 1684 νόμος
1515 1614 1575 1667 οὐ
1599 1614 1869 1686 κυριεύει,

299 1706 483 1779 πολλῷ
515 1708 717 1780 μᾶλλον
748 1707 997 1779 ἁμαρτία
1018 1721 1033 1738 ⁶
1071 1705 1475 1770 κατασκευάζει
1515 1706 1571 1760 δὲ
1608 1705 1740 1760 αὐτὸ
1765 1705 1874 1760 ἀπὸ

300 1801 747 1874 παραδείγματος
773 1817 787 1831 °
842 1801 1070 1873 ἄρχεται
1127 1799 1185 1854 δὲ
1256 1799 1315 1866 ἐξ
1377 1798 1706 1870 ἐγκωμίων,
1765 1797 1873 1854 τῶν

299 1897 590 1968 ἀκροατῶν
617 1887 1070 1968 καταγλυκαίνων
1096 1896 1196 1969 τὴν
1231 1896 1426 1950 ἀκοῦν.

379 2095 400 2129 ι
437 2075 561 2130 Ὅτι
605 2078 634 2130 5
664 2077 828 2148 νόμος
874 2073 1118 2146 κυριεύει
1155 2074 1249 2129 τοῦ
1288 2073 1579 2149 ἀνθρώπου
1630 2075 1716 2142 ἐφ’
1749 2073 1875 2128 ὅσον

299 2168 494 2240 χρόνον
532 2169 600 2241 ζῇ
629 2184 646 2200 ·
685 2170 720 2241 ὴ
765 2168 874 2240 γάρ
925 2167 1198 2240 ὕπανδρος
1245 2169 1385 2240 γυνὴ
1415 2167 1494 2240 τῷ
1523 2168 1688 2234 ζῶντι
1718 2167 1876 2240 ἀνδρὶ

300 2261 514 2317 δέδεται
539 2261 713 2334 νόμῳ.
750 2261 876 2316 Ἐὰν
897 2261 954 2316 δὲ
990 2261 1236 2334 ἀποθάνῃ
1264 2261 1294 2315 ὁ
1319 2261 1482 2332 ἀνὴρ,
1516 2262 1875 2332 καταργεῖται

299 2353 414 2408 ἀπὸ
442 2353 536 2407 τοῦ
585 2353 752 2425 νόμου
791 2351 885 2409 τοῦ
933 2352 1146 2427 ἀνδρός.
1192 2353 1337 2426 Ἄρα
1387 2347 1483 2407 οὖν
1538 2350 1741 2416 ζῶντος
1780 2348 1874 2403 τοῦ

302 2444 528 2516 ἀνδρὸς,
579 2445 826 2517 μοιχαλὶς
878 2445 1255 2516 χρηματίσει,
1299 2443 1395 2499 ἐὰν
1436 2443 1667 2514 γένηται
1721 2440 1879 2514 ἀνδρὶ

300 2538 502 2609 ἑτέρῳ.
547 2536 673 2592 Ἐάν
698 2538 756 2591 δὲ
784 2537 1033 2609 ἀποθάνῃ
1056 2538 1084 2593 ὁ
1103 2536 1269 2609 ἀνὴρ,
1301 2534 1564 2607 ἐλευθέρα
1592 2533 1742 2589 ἔστὶν
1768 2531 1880 2588 ἀπὸ

300 2629 401 2686 τοῦ
425 2631 609 2702 νόμου,
635 2630 732 2684 τοῦ
764 2630 838 2702 μὴ
868 2626 1009 2684 εἶναι
1039 2629 1210 2704 αὐτὴν
1239 2626 1550 2701 μοιχαλίδα,
1579 2625 1878 2699 γενομένην

301 2724 460 2796 ἀνδρὶ
496 2723 690 2797 ἑτέρῳ.
725 2722 892 2777 Ὥστε
925 2724 1022 2779 καὶ
1054 2724 1236 2795 ὑμεῖς,
1261 2721 1481 2793 ἀδελφοί
1518 2738 1647 2792 μου,
1674 2718 1878 2775 ιθανα-

303 2815 517 2888 τὼθητε
546 2816 625 2888 τῷ
653 2815 804 2888 νόμῳ
843 2814 935 2872 διὰ
971 2813 1068 2871 τοῦ
1096 2813 1347 2888 σώματος
1383 2814 1478 2870 τοῦ
1509 2813 1771 2886 Χριστοῦ,
1797 2815 1882 2880 αῖς

301 2907 369 2960 τὸ
393 2906 648 2977 γενέσθαι
688 2907 834 2980 ὑμᾶς
863 2903 1020 2980 ἀνδρὶ
1050 2906 1225 2977 ἑτέρῳ
1265 2903 1346 2977 τῷ
1377 2904 1443 2960 ἐκ
1474 2903 1685 2977 νεκρῶν
1716 2904 1881 2977 ἐγερ-

305 3002 475 3056 θέντι.
512 3019 537 3057 s

377 3094 504 3159 Τοῖς
531 3092 689 3160 ζῶσι,
720 3093 908 3166 φησὶν,
933 3091 964 3147 ὁ
993 3093 1159 3165 νόμος
1221 3093 1437 3155 κεῖται,
1467 3093 1578 3156 τοῖς
1607 3090 1665 3145 δὲ
1687 3089 1882 3162 τεθνη-

305 3188 433 3244 κόσι
465 3186 650 3242 οὐκέτι
683 3187 984 3243 διατάττει.
1015 3187 1081 3242 Et
1109 3185 1167 3241 δὲ
1192 3185 1495 3256 τεθνηκατε
1553 3184 1649 3238 καὶ
1699 3183 1880 3255 ὑμεῖς,

310 3278 678 3349 συνταφέντες
705 3278 784 3348 τῷ
808 3277 1030 3349 Χριστῷ
1083 3277 1174 3332 διὰ
1200 3274 1297 3330 τοῦ
1331 3252 1879 3347 βαπτίσματος,νούκ·
1907 3252 1954 3314 C

308 3370 393 3425 ἑτι
449 3369 692 3440 κυριεύει
747 3369 906 3440 ὑμῶν
942 3369 972 3423 ὁ
999 3369 1184 3440 νόμος.
1230 3367 1374 3440 Ὅρα
1407 3366 1466 3420 δὲ
1521 3364 1737 3421 σύνεσιν
1785 3363 1880 3419 τοῦ

311 3461 529 3518 Παύλου
553 3477 568 3493 ·
607 3462 724 3526 πῶς
740 3463 800 3516 ιν
835 3462 938 3534 μὲν
982 3459 1393 3532 παραδείγματι
1421 3457 1513 3511 τὸν
1548 3457 1713 3529 νόμον
1770 3456 1882 3510 δεῖ·

311 3573 472 3610 κνυσι
482 3553 928 3627 τετελευτηκότα,
939 3552 1132 3622 λέγων·
1149 3553 1284 3606 Ἐὰν
1296 3550 1365 3604 δὲ
1376 3550 1648 3621 ἀποθάνῃ
1663 3551 1694 3604 ὁ
1706 3547 1882 3619 ἁνήρ.

327 3649 418 3702 Ἐν
437 3646 493 3701 δὲ
524 3651 591 3719 τῇ
621 3648 883 3718 ἐπαγωγῇ
913 3645 1100 3699 οὐκέτι
1125 3642 1287 3700 τοῦτο
1317 3647 1494 3698 ποιεῖ·
1521 3643 1583 3697 τὸ
1610 3643 1722 3714 γὰρ
1753 3641 1880 3696 άκό-

311 3741 508 3798 λουθον
561 3739 628 3813 ἦν
676 3744 852 3796 εἰπεῖν
877 3755 893 3772 ο
923 3739 1113 3806 Ὥστε,
1139 3737 1384 3807 ἀδελφοὶ,
1427 3737 1525 3792 καὶ
1581 3737 1740 3807 ὑμεῖς
1790 3733 1883 3790 τοῦ

312 3832 484 3906 νόμου
540 3832 972 3906 τελευτήσαντος
997 3833 1058 3886 ού
1107 3829 1360 3903 κρίνεσθε
1428 3827 1674 3901 μοιχείας
1732 3827 1889 3901 ἀνδρ1Ι

313 3929 601 4002 γενόμενοι
642 3927 853 4002 ἑτέρῳσ
877 3925 996 3984 ἀλλ’
1021 3927 1123 3982 οὐκ
1159 3921 1315 3979 εἶπεν
1343 3923 1516 3986 οὕτως
1547 3920 1724 3987 τοῦτο,
1771 3920 1888 3976 ἀλλ’

314 4021 725 4093 ἐθανατώθητε
762 4021 844 4089 τῷ
869 4021 1062 4091 νόμῳ,
1114 4019 1204 4073 ἵνα
1245 4016 1322 4090 μὴ
1363 4018 1437 4081 ὼς
1466 4015 1704 4088 ἐχθροὺς·
1753 4014 1888 4068 ὑπο·

315 4112 558 4186 πτεύητε
613 4112 758 4168 κατὰ
800 4110 898 4167 τοῦ
926 4111 1094 4183 νόμου
1124 4109 1493 4182 βλασφημεῖν.
1526 4105 1673 4178 Ὅρα
1703 4104 1760 4159 δὲ
1794 4107 1889 4162 καὶ

317 4210 483 4268 πάλιν
514 4207 824 4281 ὑπερσολὴν
858 4204 1235 4276 κατασκευῆς.
1262 4202 1517 4257 Δείκνυσι
1563 4200 1674 4273 γὰρ
1723 4200 1889 4256 αὐτὸν

314 4305 413 4368 τὸν
439 4304 608 4377 νόμον
625 4315 652 4344 ι
680 4302 840 4357 τοῦτο
896 4297 1243 4374 βουλόμενον,
1269 4297 1332 4353 τδ
1360 4294 1668 4366 ἀποστῆναι
1720 4292 1888 4351 αὑτοῦ

316 4399 415 4454 καὶ
444 4395 694 4468 γίνεσθαι
722 4394 899 4468 άνδρὶ¹
935 4393 1141 4465 ἑτέρῳ·
1170 4390 1232 4445 οὐ
1263 4391 1375 4462 γάρ
1420 4387 1641 4452 κωλύει,
1701 4386 1888 4458 φησὶν,

318 4492 410 4549 tri
418 4509 498 4563 ρῳ
527 4491 770 4546 συνεῖναι
787 4486 1212 4558 τελευτήσαντος
1231 4482 1327 4538 τοῦ
1343 4481 1636 4555 προτέρου.
1665 4481 1890 4551 Ὅμοιον

1963 627 2212 682 ordinem
2251 626 2338 681 ubi
2367 625 2436 681 de
2474 625 2693 687 Christo
2725 626 2891 680 verba
2923 626 3055 680 facit
3087 644 3100 680 :
3136 642 3235 681 nec
3266 629 3360 692 ait,
3397 641 3546 686 recte

1966 720 2237 774 factorum
2272 733 2504 782 merces,
2539 717 2632 773 sed
2659 719 2834 788 gratia
2871 717 2963 773 Dei
2996 733 3014 772 :
3048 728 3106 772 ut
3140 720 3318 790 palam
3351 720 3542 786 faciat,

1965 825 2075 866 non
2099 827 2129 866 a
2162 812 2363 883 seipsis
2396 827 2492 868 eos
2528 811 3038 867 reconciliationem
3080 814 3409 880 obtinuisse,
3443 831 3545 870 ccu

1966 903 2206 956 debitum
2252 903 2530 973 quoddam
2597 903 2966 973 accepissent,
3019 905 3115 960 sed
3170 921 3263 972 per
3312 908 3546 976 gratiam

1967 1002 2167 1048 cuncta
2208 994 2322 1049 haec
2355 1008 2478 1050 esse
2507 993 2776 1064 praestita.

2602 1127 2757 1186 CAP.
2793 1128 2948 1228 1111.ι

2042 1244 2209 1303 Vens.
2244 1246 2298 1300 1.
2342 1247 2457 1301 «An
2484 1247 2775 1318 ignoratis,
2810 1245 3010 1304 fratres
3043 1247 3368 1318 (scientibus
3401 1251 3547 1308 enim

1969 1339 2143 1411 legem
2182 1339 2399 1411 loquor)
2423 1339 2446 1394 2
2477 1357 2497 1391 ι

2042 1431 2307 1489 Absoluto
2334 1447 2594 1490 sermone
2622 1449 2783 1505 quem
2834 1435 2902 1491 de
2933 1435 3177 1492 moribus
3210 1435 3548 1502 instituerat,

1970 1525 2040 1580 ad
2069 1539 2132 1581 ea
2175 1524 2353 1597 pergit
2389 1541 2513 1598 quae
2536 1525 2847 1582 doctrinam
2878 1536 3150 1598 spectant,
3183 1527 3551 1599 ostenditque,

1971 1617 2174 1673 nedum
2223 1625 2510 1688 peccatum
2545 1617 2628 1676 eis
2661 1619 2896 1689 amplius
2933 1634 3041 1674 non
3091 1620 3400 1686 dominari,
3454 1621 3552 1677 sed

1973 1726 2076 1768 nec
2101 1712 2275 1785 legem
2309 1711 2503 1783 ipsam.
2542 1712 2601 1767 Si
2637 1721 2814 1768 autem
2871 1713 2960 1768 lex
3007 1728 3117 1769 non
3151 1713 3481 1781 dominatur,
3522 1731 3552 1769 a

1974 1801 2186 1860 fortiori
2212 1819 2390 1877 neque
2423 1814 2729 1876 peccatum.
2769 1805 2846 1861 Id
2864 1821 3030 1879 porro
3054 1807 3251 1878 probat
3281 1808 3552 1879 exemplo.

1901 1891 2246 1954 BCaterum
2292 1913 2323 1953 a
2363 1897 2621 1954 laudibus
2677 1899 2990 1954 auditorum
3051 1900 3289 1966 orditur,
3356 1901 3558 1970 quibus

1976 2002 2140 2045 aures
2167 1987 2412 2058 ipsorum
2441 1986 2772 2046 demulceat.

2054 2099 2074 2134 ι
2109 2079 2246 2147 Quia
2276 2081 2364 2137 lex
2387 2081 2445 2136 in
2477 2081 2698 2139 homine
2721 2081 3039 2140 dominatur
3071 2094 3278 2157 quanto
3311 2095 3557 2158 tempore

1976 2173 2132 2228 vivit.
2175 2171 2369 2248 [Vsus
2404 2173 2557 2246 2-4.]
2599 2171 2736 2230 Nam
2778 2190 2900 2246 que
2929 2177 3032 2234 sub
3061 2180 3180 2235 viro
3217 2188 3302 2235 est
3338 2182 3555 2247 mulier,

1974 2267 2179 2323 viventi
2211 2267 2333 2322 viro
2363 2267 2584 2338 alligata
2621 2275 2704 2324 est
2743 2268 2862 2340 lege
2900 2288 2916 2327 :
2964 2271 3010 2327 si
3067 2278 3249 2329 autem
3302 2282 3557 2331 mortuus

1912 2408 1913 2411 η
1976 2355 2143 2413 fuerit
2172 2356 2258 2412 vir
2294 2357 2437 2430 ejus,
2470 2359 2650 2414 soluta
2689 2366 2775 2434 est
2813 2374 2844 2416 a
2883 2361 3002 2434 lege
3054 2362 3181 2416 viri.
3242 2363 3430 2436 igitur,
3471 2367 3559 2421 vi-

1978 2457 2140 2506 vente
2166 2451 2310 2519 viro,
2351 2451 2643 2506 vocabitur
2673 2450 2944 2515 adultera,
2981 2455 3030 2510 si
3074 2453 3238 2511 fuerit
3283 2471 3407 2512 cum
3447 2458 3558 2514 alio

1978 2542 2098 2598 viro
2133 2561 2147 2599 :
2184 2541 2231 2599 si
2267 2549 2452 2599 autem
2497 2550 2751 2601 mortuus
2786 2544 2954 2601 fuerit
2994 2547 3077 2603 vir
3128 2547 3270 2618 ejus,
3326 2550 3556 2606 liberata

1979 2643 2113 2692 esta
2147 2637 2288 2709 lege,
2337 2647 2396 2692 ut
2433 2651 2544 2692 non
2592 2639 2665 2693 sit
2693 2639 2961 2705 adultera,
2998 2640 3042 2695 si
3096 2640 3260 2696 fuerit
3295 2659 3416 2697 cum
3450 2643 3558 2697 alio

1978 2729 2124 2786 viro.
2154 2727 2369 2801 Itaque,
2403 2728 2601 2787 fratres
2649 2730 2780 2798 mei,
2831 2741 2887 2786 et
2931 2747 3030 2789 vos
3074 2734 3386 2790 mortificati
3423 2737 3557 2791 estis

1981 2822 2086 2894 legi
2123 2837 2220 2895 per
2260 2838 2465 2894 corpus
2495 2822 2726 2890 Christi,
2768 2831 2828 2880 ut
2877 2824 3002 2881 sitis
3046 2825 3292 2893 alterius,
3344 2828 3436 2897 qui
3489 2843 3554 2882 ex

1980 2913 2214 2972 mortuis
2243 2916 2568 2972 resurrexit.
2608 2935 2628 2970 ι

2055 3092 2166 3149 lllis
2192 3093 2287 3165 qui
2321 3093 2532 3159 vivunt,
2565 3094 2766 3166 inquit,
2797 3094 2977 3164 posita
3011 3096 3096 3150 lex
3134 3105 3216 3152 est
3265 3112 3281 3151 :
3331 3101 3560 3153 mortuis

1981 3202 2114 3243 vero
2149 3187 2286 3243 nihil
2315 3188 2456 3244 ultra
2492 3189 2820 3260 praescrihit.
2849 3187 3022 3243 Porro
3069 3190 3115 3244 si
3155 3191 3357 3245 mortui
3404 3195 3559 3258 esuis,

1984 3280 2240 3352 proinde,
2270 3281 2492 3352 quando
2537 3297 2646 3337 una
2696 3295 2820 3338 cum
2857 3279 3080 3338 Christo
3133 3283 3334 3353 sep’ulti
3377 3283 3563 3340 fuistis

1983 3388 2079 3444 per
2099 3372 2451 3443 baptismum,
2483 3374 2651 3430 vestri
2683 3375 2940 3446 deinceps
2972 3391 3122 3432 mors
3172 3391 3276 3430 non
3310 3377 3562 3432 domina—

1985 3475 2097 3520 tur.
2129 3463 2400 3524 Observes
2436 3465 2600 3522 velim
2639 3465 2792 3522 Pauli
2842 3468 3188 3539 prudentiam
3225 3487 3240 3524 :
3290 3472 3566 3542 quomodo

1983 3558 2203 3630 quidem
2230 3559 2403 3630 legem
2438 3569 2710 3616 mortuam
2749 3561 3074 3632 comprobat
3109 3565 3384 3634 exemplo,
3437 3579 3563 3618 cum

1986 3653 2084 3716 ait,
2117 3650 2179 3708 Si
2218 3661 2397 3708 autem
2424 3661 2664 3707 mortuus
2703 3655 2868 3722 fuerit
2900 3655 2978 3709 air
3032 3654 3165 3724 ejus.
3223 3656 3280 3712 ln
3331 3658 3565 3712 conclu-

1987 3745 2141 3801 sione
2174 3759 2304 3802 vero
2336 3744 2391 3801 id
2425 3759 2534 3801 non
2567 3745 2720 3800 facit.
2761 3744 2839 3800 Ex
2862 3747 3252 3803 consecutione
3296 3748 3565 3820 siquidem

1987 3837 2037 3892 ei
2065 3837 2354 3894 dicendum
2391 3846 2510 3893 erat
2531 3856 2545 3894 :
2566 3837 2775 3910 Itaque,
2808 3838 3025 3905 fratres,
3058 3855 3157 3899 vos
3189 3856 3425 3914 quoque,
3448 3843 3568 3912 lege

1989 3936 2230 3996 mortua,
2262 3927 2522 3985 adulterii
2560 3944 2907 4001 nequaquam
2933 3930 3298 3996 damnamini.
3347 3934 3394 3990 si
3446 3936 3567 3990 sitis

1989 4035 2114 4075 cum
2155 4021 2265 4076 alio
2300 4021 2438 4076 viro.
2482 4019 2599 4076 Non
2643 4022 2715 4076 ita
2761 4037 2872 4077 rem
2900 4026 3239 4090 enuntiavit;
3275 4027 3394 4093 sed,
3423 4044 3566 4080 mor-

1989 4113 2180 4184 tiﬁcati
2209 4114 2334 4170 estis
2363 4113 2465 4185 legi
2494 4131 2512 4170 :
2539 4129 2606 4170 ne
2637 4130 2740 4171 nos
2760 4114 2864 4185 legi
2911 4124 3169 4187 tanquam
3204 4117 3352 4176 illius
3379 4121 3567 4175 hostes

1988 4205 2279 4263 detrahere
2311 4206 2693 4278 suspicemini.
2727 4206 2968 4262 Rursum
2996 4223 3128 4263 vero
3159 4209 3365 4266 videsis
3403 4226 3566 4281 quam

1988 4295 2188 4353 eximie
2239 4297 2532 4354 confirmet
2578 4297 2634 4352 id
2678 4298 2822 4369 quod
2880 4297 2982 4368 ipsi
3041 4303 3377 4369 propositum
3424 4311 3568 4357 erat.

1991 4387 2243 4446 Ostendit
2279 4391 2428 4448 enim
2462 4390 2633 4462 legem
2678 4393 2851 4462 ipsam
2881 4395 2988 4448 hoc
3021 4393 3179 4458 velle,
3221 4409 3287 4449 eo
3316 4396 3460 4464 quod
3497 4399 3568 4452 ab

1991 4495 2057 4536 ea
2078 4480 2415 4548 discedatur,
2440 4490 2493 4536 et
2523 4479 2592 4536 ad
2618 4482 2794 4537 virum
2811 4484 3040 4539 alterunt
3073 4493 3406 4544 transentur.
3432 4484 3567 4540 Nam

318 4585 376 4639 δὲ
397 4585 472 4650 ὡς
492 4585 540 4638 si
565 4582 737 4652 λέγοι·
767 4580 941 4643 Αὐτὸς
962 4581 992 4634 ὀ
1011 4578 1175 4650 νόμος
1199 4576 1536 4634 ἀπαλλάττει
1559 4573 1667 4627 τῶν
1696 4572 1882 4645 ἐγκλη-

1991 4571 2255 4629 defuncto
2289 4573 2496 4645 priore,
2526 4573 2724 4645 inquit,
2759 4575 2890 4630 nihil
2921 4584 3064 4631 vetat
3090 4579 3222 4648 quin
3251 4594 3372 4633 cum
3397 4579 3572 4633 altero

323 4677 513 4751 μάτων
537 4677 683 4748 ἡμᾶς
707 4671 1058 4737 ἀποστάντας
1083 4668 1275 4738 αὐτοῦ,
1303 4670 1396 4724 καὶ
1419 4668 1585 4723 αὐτοῦ
1643 4665 1890 4739 βούλημα

319 4768 417 4826 τοῦ
450 4767 641 4841 νόμου,
674 4766 736 4822 τὸ
758 4763 1016 4835 γενέσθαι
1049 4763 1197 4836 ἡμᾶς
1227 4761 1323 4816 τοῦ
1347 4759 1606 4834 Χριστοῦ.

398 4967 420 5002 ι
463 4949 582 5004 Ἵνα
609 4947 1130 5021 καρποφορήσωμεν
1162 4943 1240 5017 τῷ
1267 4942 1408 5015 θεῷ.
1434 4943 1563 4998 Ὅτε
1595 4937 1705 5014 γάρ
1745 4934 1890 5014 ἦμεν

325 5043 387 5097 ιν
413 5045 480 5112 τῇ
512 5042 690 5113 σαρκί.
722 5061 743 5094 ι

357 5138 363 5176 ῗ
410 5134 544 5188 Ἀπὸ
584 5133 678 5188 τοῦ
718 5132 1030 5204 κρείττονος
1069 5130 1168 5201 τὴν
1213 5125 1528 5200 προτροπὴν
1575 5125 1883 5199 ἐργάζεται.

322 5225 462 5281 Τότε
495 5226 622 5297 γάρ,
647 5226 834 5298 φησιν,
895 5224 1325 5294 ὲκαρποφορεῖτε
1356 5219 1435 5290 τῷ
1470 5218 1692 5289 θανάτῳ
1721 5234 1736 5249 ⁸
1774 5218 1892 5271 νυνὶ

323 5316 382 5372 δὲ
409 5315 486 5388 τῷ
511 5316 648 5388 Θεῷ.
663 5337 682 5369 ι

402 5425 422 5460 ι
462 5404 548 5460 Τὰ
573 5408 874 5478 παθήματα
901 5404 1009 5464 τῶν
1060 5403 1343 5478 ἁμαρτιῶν
1369 5403 1436 5457 τὰ
1462 5401 1552 5458 διὰ
1581 5399 1674 5456 τοῦ
1704 5401 1890 5471 νόμου,

326 5499 601 5574 ἐνεργεῖτο
622 5503 680 5556 ιν
708 5503 822 5568 τοῖς
867 5501 1085 5572 μέλεσιν
1142 5499 1319 5570 ὑμῶν,
1347 5499 1427 5560 εἰς
1450 5498 1513 5551 τὸ
1539 5497 1890 5568 καρποφορῆ-

326 5607 419 5646 σαι
447 5592 522 5664 τῷ
547 5592 786 5665 θανάτῳ.
830 5592 970 5648 Νυνὶ
996 5591 1054 5648 δι
1091 5589 1522 5662 κατηργήθημεν
1546 5589 1649 5642 ὑπὸ
1682 5587 1775 5642 τοῦ
1809 5588 1895 5643 νό-

328 5701 453 5759 μου.
485 5704 506 5741 ι

1997 4667 2091 4723 fiat
2122 4665 2461 4738 coniugium.
2494 4664 2652 4724 Velut
2686 4668 2794 4742 24
2824 4668 2869 4725 si
2898 4670 3104 4727 diceret
3131 4690 3144 4726 :
3179 4669 3286 4726 Lex
3330 4672 3445 4742 ipsa
3471 4688 3572 4729 nos

1994 4758 2226 4815 crimine
2241 4758 2451 4826 eximit,
2468 4773 2592 4815 cum
2614 4760 2682 4816 ab
2704 4776 2764 4816 ea
2782 4761 3112 4818 discedimus
3132 4766 3295 4834 ;quin
3316 4779 3369 4819 et
3396 4766 3572 4836 ipsius

1995 4851 2112 4906 haec
2145 4851 2400 4908 voluntas
2435 4860 2541 4916 est,
2577 4851 2654 4906 uti
2692 4852 2952 4925 deinceps
2981 4855 3182 4911 Christi
3214 4856 3414 4914 simus.

2073 4961 2091 4994 ι
2125 4940 2194 4997 Ut
2219 4941 2611 4998 fructificemus
2632 4942 2764 4999 Deo.
2786 4943 2975 5021 [Vsus
3000 4944 3076 5020 5.]
3104 4945 3238 5002 Cum
3262 4949 3405 5002 enim
3426 4965 3574 5005 essc-

1999 5052 2121 5093 mus
2148 5037 2200 5091 in
2238 5052 2421 5091 carne.
2455 5056 2473 5088 ι

2069 5131 2112 5183 Α
2154 5131 2463 5200 potioribus
2506 5146 2601 5186 eos
2640 5130 2981 5189 adhortatur.
3025 5131 3181 5186 Tune
3232 5132 3377 5186 enim
3409 5144 3571 5189 morti

1999 5219 2236 5275 fructum
2265 5220 2543 5287 ferebatis,
2578 5223 2754 5292 inquit
2788 5242 2801 5277 :
2841 5239 2987 5278 llllllc
3025 5234 3208 5279 autem
3249 5221 3381 5279 Deo.

2075 5422 2096 5457 ι
2137 5404 2432 5462 Passiones
2467 5415 2841 5477 peccatorum,
2871 5421 2989 5476 qua:
3023 5420 3123 5477 per
3172 5405 3348 5477 legem
3393 5418 3570 5474 erant,

1995 5499 2368 5567 onerabantur
2397 5500 2451 5555 in
2490 5499 2752 5555 membris
2795 5498 3019 5564 nostris,
3068 5506 3129 5554 ut
3171 5496 3572 5555 fructificarent

2001 5591 2188 5646 morti.
2247 5590 2453 5664 ﬂens.
2494 5588 2590 5663 6.]
2635 5589 2797 5647 Nune
2850 5600 3029 5646 autem
3080 5586 3247 5645 soluti
3298 5604 3490 5647 sumus
3539 5605 3573 5646 ι

1997 5683 2132 5754 lege.
2164 5702 2185 5737 ι

1626 5789 1861 5847 VARUE
1897 5792 2294 5853 LEC'l‘lONES.

404 5901 434 5935 ι
460 5889 656 5948 V'occm
694 5889 835 5944 hanc
860 5887 999 5943 addo
1033 5889 1422 5954 necessariam,
1475 5901 1538 5941 cx
1592 5883 1998 5954 Chrysostomo.

651 5988 924 6051 Ρηιεοι.
968 5987 1081 6049 G‘u.
1127 5985 1298 6047 XCV.

3023 5974 3098 6041 16
