4100 6280
544 430 556 466 --'
576 420 686 488 195

1777 415 1840 478 S.
1880 411 2203 476 JOANNIS
2227 409 2663 480 DAMASCENI

3731 417 3841 484 496

575 549 795 605 corpore
835 531 1021 588 mortis
1066 529 1268 601 hujus?
1316 525 1603 599 subiunxit
1640 542 1655 581 :
1689 519 1883 583 Gratia
1910 526 2020 583 Deo
2051 541 2150 581 met

2258 526 2512 596 ῥύσεται
2561 529 2631 585 ἐκ
2693 530 2801 587 τοῦ
2851 529 3126 603 σώματος
3165 530 3273 589 τοῦ
3299 533 3560 590 θανάτου
3585 533 3804 591 τούτου
3820 576 3840 602 ,

570 645 668 700 per
689 627 876 684 letum
902 624 1179 682 Christum
1212 620 1508 683 Dominum
1550 626 1817 676 nostrum.

645 809 888 867 Tametsi
922 807 1180 866 diabolus
1211 820 1454 878 nequam
1489 812 1546 861 et
1599 802 1776 862 malus
1809 814 1953 873 erat,
1986 803 2163 860 latere

574 914 759 960 tamen
818 909 1053 976 poterat.
1114 899 1219 956 Per
1275 897 1508 954 insidias
1568 911 1699 954 vero
1747 911 1887 968 quas
1951 897 2161 952 homini

564 996 797 1062 struxit,
850 1004 1018 1066 atque
1064 993 1123 1049 in
1165 991 1360 1063 primis
1399 1006 1493 1063 per
1549 989 1747 1060 legem,
1797 1003 1920 1060 quae
1964 989 2163 1046 salutis

571 1089 939 1149 concilianda:
994 1101 1162 1143 causa
1195 1085 1323 1140 data
1372 1081 1578 1148 fuerat,
1619 1081 1802 1138 ell‘ecit
1839 1089 1898 1137 ut
1931 1096 2161 1154 regnum

572 1199 735 1241 suum
772 1177 1126 1236 manifestum
1160 1175 1333 1232 ﬂeret.
1778 1194 1780 1196 ·

636 1273 812 1331 .Vsns.
850 1274 940 1330 Η.
991 1290 1012 1326 ι
1062 1269 1285 1326 Scimus
1333 1267 1483 1324 enim
1536 1265 1668 1340 quia
1713 1265 1799 1322 lex
1857 1264 2163 1337 spiritualis

571 1379 677 1426 est.
719 1386 740 1421 ι

645 1460 725 1518 Ne
752 1459 1067 1514 turbaretur
1093 1454 1340 1520 auditor,
1374 1453 1656 1509 audiendo
1692 1467 1789 1524 per
1835 1451 2161 1508 mandatum

564 1555 920 1611 occasionem
971 1549 1256 1620 accepisse
1301 1555 1612 1617 peceatum,
1663 1554 1722 1601 ut
1755 1559 1821 1601 eo
1866 1545 2162 1601 accedente

570 1654 859 1718 peccatqu
896 1639 1181 1704 revixerit,
1215 1653 1429 1710 nosque
1454 1651 1549 1708 per
1592 1635 1728 1691 illud
1774 1635 2061 1691 seduxerit
2102 1641 2163 1692 et

571 1739 836 1800 occiderit
864 1754 879 1793 :
913 1750 1004 1803 ne,
1041 1735 1291 1806 inquam,
1321 1731 1527 1803 aliquis
1553 1730 1680 1786 haec
1708 1729 1944 1786 audiens
1981 1727 2160 1785 malo-

572 1850 693 1892 rum
724 1834 960 1890 istorum
1017 1842 1240 1886 causam
1281 1841 1408 1882 esse
1439 1825 1616 1897 legem
1663 1823 1992 1890 arbitretur,
2047 1837 2160 1879 non

569 1929 751 1985 solum
774 1928 944 1996 legem
977 1922 1214 1979 crimine
1242 1927 1298 1975 et
1324 1918 1486 1990 culpa
1518 1917 1732 1984 eximit,
1762 1917 1859 1974 sed
1882 1916 2158 1990 egregiam

565 2023 723 2077 illius
765 2016 1138 2075 laudationem
1173 2013 1348 2077 texit.
1387 2009 1622 2078 Scimus,
1659 2009 1862 2082 inquit,
1905 2011 2035 2081 quia
2073 2009 2160 2064 (ea:

569 2112 869 2184 spirituatis
913 2119 1015 2166 est.
1068 2105 1425 2178 Spiritualem
1487 2118 1610 2162 eam
1660 2101 1930 2168 dicendo,
1970 2103 2158 2174 ipsam

567 2207 792 2265 virtutis
836 2219 962 2261 esse
1016 2202 1340 2274 magistram
1372 2206 1429 2254 et
1474 2197 1735 2268 nequitiae
1779 2197 2154 2253 adversariam

569 2303 990 2357 commonstrat.
1020 2294 1158 2352 Nam
1190 2294 1297 2349 hoc
1323 2301 1410 2348 est
1445 2288 1592 2363 quod
1625 2291 1707 2346 lex
1741 2290 2058 2362 praestabat,
2098 2299 2158 2346 ut

569 2388 1097 2455 commonefaceret,
1148 2392 1420 2450 terreret,
1477 2383 1820 2454 corrigeret,
1874 2381 2158 2454 patranda

567 2485 791 2541 virtutis
838 2480 1072 2538 consilia
1125 2478 1391 2550 praeberet
1426 2494 1439 2532 :
1481 2491 1669 2532 verum
1725 2486 2009 2546 peccatum
2046 2491 2157 2533 non

567 2576 788 2632 valebat
844 2571 1084 2630 auferre.
1132 2568 1248 2626 Nec
1294 2568 1363 2625 ab
1411 2584 1470 2624 re
1514 2567 1781 2639 quidem:
1818 2566 1963 2623 istud
2011 2570 2154 2624 enim

564 2669 763 2742 gratiae
801 2666 979 2725 solius
1010 2679 1152 2735 opus
1179 2668 1237 2718 et
1263 2677 1464 2718 munus
1485 2667 1625 2716 erat.

647 2781 670 2816 ‹
708 2760 824 2832 Ego
875 2767 1065 2818 autem
1122 2754 1363 2814 carnalis
1423 2769 1586 2821 sum,
1649 2753 1996 2810 venumdatus
2051 2752 2155 2812 sub

555 2864 821 2926 peccato.
851 2871 874 2906 ο

615 2932 617 2936 ⁴
641 2944 776 3000 Nam
805 2960 928 3000 cum
961 2952 1157 3010 morte,
1186 2940 1389 3013 inquit,
1425 2941 1906 3012 perturbationum
1934 2953 2155 3011 quoque

570 3041 734 3095 turba
793 3037 984 3095 subiit.
1033 3035 1113 3092 Ex
1156 3050 1268 3108 quo
1321 3035 1467 3090 enim
1515 3034 1748 3090 mortale
1804 3033 2012 3089 factum
2067 3037 2154 3089 est

566 3148 796 3204 corpus,
852 3127 1360 3201 concupiscentiam
1412 3126 1654 3185 subinde
1704 3127 1950 3194 admisit,
1991 3125 2152 3182 item-

2263 620 2560 728 ἐπαγαγών
2579 639 2592 654 ο
2620 622 2797 694 Χάρις
2823 622 2892 679 δὲ
2917 624 2996 693 τῷ
3027 624 3148 692 θεῷ
3174 644 3296 698 μου
3331 627 3432 683 διὰ
3467 626 3677 698 Ἰησοῦ
3704 631 3842 700 Χρι-

2260 731 2434 771 στου.

2332 809 2574 881 Πονηρὸς
2604 807 2678 864 ῶν
2739 811 2767 864 ὁ
2813 810 3079 877 διάϐολος,
3118 807 3415 868 λανθάνειν
3452 815 3683 886 ἠδύνατο
3705 835 3722 852 ·
3752 819 3843 876 διά

2257 899 2316 956 δὲ
2335 901 2435 971 τῆς
2461 903 2541 965 εἰς
2573 902 2860 974 ἄνθρωπον
2897 903 3156 977 έπιϐουλῆ
3169 923 3215 972 ς,
3240 907 3336 960 καὶ
3363 908 3602 977 μάλιστα
3626 911 3716 967 διὰ
3743 913 3840 967 τοῦ

2261 993 2343 1056 είς
2387 995 2662 1066 σωτηρίαν
2688 995 2932 1062 δοθέντος
2958 998 3149 1068 νόμου,
3191 999 3339 1070 παρά
3374 1001 3566 1057 τούτου
3593 1007 3834 1078 φανερὰν

2261 1085 2435 1141 ἐποίει
2458 1087 2767 1143 δείκνυσθαι
2803 1090 2902 1162 τὴν
2938 1090 3234 1161 βασιλείαν.

2340 1287 2360 1321 ι
2407 1267 2642 1340 Οἴδαμεν
2681 1267 2789 1343 γὰρ
2822 1269 2904 1324 ὅτι
2941 1273 2970 1324 ὁ
3011 1271 3176 1345 νόμος
3202 1274 3576 1344 πνευματικός
3601 1276 3770 1331 ἐστιν.
3813 1295 3834 1330 ι

2333 1446 2456 1503 Ἵνα
2518 1449 2594 1521 μὴ
2634 1449 2910 1523 θορυϐηθῇ
2971 1451 3002 1504 ὁ
3042 1449 3339 1523 ἀκροατὴς,
3371 1453 3606 1521 ἀκούων,
3638 1456 3720 1510 ὅτι
3747 1455 3840 1510 διά

2258 1541 2360 1612 τῆς
2388 1539 2665 1612 ἐντολῆςὴ
2698 1541 2941 1614 ἁμαρτία
2968 1543 3223 1616 ἀφορμὴν
3263 1543 3476 1611 ἐλαϐεν,
3516 1546 3610 1600 καὶ
3637 1547 3716 1600 ὅτι
3753 1545 3840 1600 ὲλ·

2263 1631 2463 1707 θούσης
2490 1633 2660 1706 αὐτῆς
2685 1636 2719 1707 ἡ
2752 1636 3000 1708 ἁμαρτία
3031 1636 3318 1711 ἀνέζησεν,
3339 1633 3440 1693 ’καὶ
3465 1641 3548 1694 ὅτι
3571 1640 3639 1695 δι’
3664 1640 3838 1712 αὐτῆς

2261 1724 2606 1798 ἐξηπάτησεν
2635 1728 2727 1782 καὶ
2748 1728 3068 1784 ἀπέκτεινεν
3086 1744 3103 1761 ⁵
3132 1729 3220 1785 ἴνα
3243 1731 3316 1803 μή
3336 1747 3420 1795 τις
3441 1730 3551 1786 τῶν
3581 1728 3837 1787 τοιούτων

2261 1823 2498 1892 ἀκούων,
2530 1824 2623 1881 τὸν
2679 1825 2843 1896 νόμον
2888 1825 2998 1880 τῶν
3025 1825 3211 1881 κακῶν
3258 1826 3465 1883 τούτων
3490 1829 3665 1884 αἴτιον
3694 1824 3836 1885 εἶναι

2190 1901 2482 1990 Βνομίζῃ,
2537 1917 2600 1971 ού
2658 1917 2820 1988 μόνον
2871 1917 3206 1991 κατηγορίας
3255 1919 3419 1974 αὐτὸν
3478 1920 3835 1990 ἀπαλλάττει,

2254 2009 2393 2065 ἀλλὰ
2415 2008 2512 2064 καὶ
2549 2009 2822 2081 ἐγκώμιον
2866 2008 3059 2065 πλέκει
3111 2010 3260 2083 αὐτῷ
3295 2012 3573 2084 μέγιστον,
3617 2013 3831 2086 λέγων⁹

2258 2101 2520 2174 Οιδαμεν
2541 2101 2683 2158 dead
2714 2104 2900 2174 νόμος
2949 2106 3355 2174 πνευματικός
3392 2105 3555 2172 ἐστι,
3588 2123 3835 2180 πνευμαο

2253 2193 2409 2249 τικδν
2466 2194 2525 2249 δὲ
2582 2194 2748 2250 αὐτὸν
2803 2194 2997 2262 είπὼν,
3057 2196 3378 2253 διδάσκαλον
3415 2198 3619 2275 ἀρετῆς
3667 2201 3834 2256 αὑτὸν

2250 2286 2527 2342 δείκνυσιν
2551 2285 2679 2343 ὅντα
2708 2288 2802 2344 καὶ
2829 2288 3026 2356 κακίας
3049 2290 3330 2362 πολέμιον.
3359 2291 3532 2347 Τοῦτο
3559 2295 3834 2368 γάρέστιν

2255 2383 2394 2454 ὅπερ
2413 2383 2510 2437 καὶ
2541 2382 2568 2437 ὁ
2600 2382 2762 2454 νόμος
2783 2381 2978 2449 ιποίει,
2999 2382 3290 2450 νουθετῶν,
3323 2384 3527 2456 φοϐῶν,
3559 2387 3830 2456 κολάζων,

2253 2470 2658 2544 διορθούμενος,
2713 2471 2780 2527 τὰ
2836 2473 2967 2546 περὶ
3009 2472 3214 2547 ἀρετῆς
3262 2475 3663 2546 συμϐουλεύων,
3713 2479 3832 2533 ἀλλ’

2254 2566 2356 2620 οὐκ
2392 2566 2620 2638 ἐδυνήθη
2664 2566 2762 2639 τὴν
2810 2565 3084 2638 ἁμαρτίαν
3119 2566 3347 2622 ἀνελεῖν.
3408 2567 3682 2636 Εἰκότωςο
3730 2572 3833 2644 τῆς

2256 2658 2366 2733 γὰρ
2396 2662 2619 2733 χάριτος
2651 2660 2823 2731 μόνης
2853 2659 3010 2714 τοῦτο
3029 2659 3189 2734 ἔργον
3222 2655 3312 2734 ἦν.

2327 2772 2347 2807 ι
2389 2752 2534 2824 Ἐγὼ
2564 2754 2623 2808 δὲ
2654 2752 2930 2826 σάρκινός
2988 2754 3103 2825 ειμι
3160 2754 3513 2827 πεπραμένος
3569 2756 3674 2812 ὑπὸ
3729 2757 3829 2832 τὴν

2255 2845 2553 2920 ἁμαρτίαν.
2589 2865 2608 2900 ι

2323 2936 2479 2993 Μετά
2531 2935 2643 3006 γάρ
2694 2934 2949 3004 θανάτου,
3004 2939 3190 3009 φησὶν,
3239 2939 3337 2993 καὶ
3380 2940 3409 2994 ὁ
3467 2940 3576 2995 τῶν
3637 2942 3831 3001 παθῶν

2252 3027 2581 3101 ιπεισῆλθεν
2612 3027 2792 3100 θχλος.
2821 3030 2949 3084 Ὅτε
2971 3031 3077 3103 γάρ
3099 3029 3296 3102 θνητὸν
3327 3032 3542 3100 ἐγένετο
3564 3036 3624 3090 τὸ
3645 3037 3824 3107 σῶμα,

2253 3122 2472 3190 έδέξατο
2510 3122 2608 3177 καὶ
2637 3123 2935 3196 ἐπιθυμίαν
2953 3124 3048 3180 καὶ
3077 3123 3247 3198 ὀργὴν
3276 3127 3371 3181 καὶ
3405 3126 3606 3203 λύπην,
3636 3132 3729 3185 καὶ
3759 3132 3828 3187 τά

566 3241 675 3298 que
705 3227 840 3280 iram
882 3232 938 3280 et
981 3221 1288 3287 tristitiam,
1324 3227 1662 3292 caeterasque
1705 3236 1900 3277 omnes
1928 3228 2150 3292 pertur-

2251 3217 2389 3274 ἄλλα
2415 3218 2611 3272 πάντα.

567 3318 844 3375 bationes.

641 3409 806 3466 Vens.
840 3409 927 3465 15.
975 3427 996 3462 ι
1032 3407 1188 3477 Quod
1225 3409 1372 3465 enim
1405 3425 1626 3481 operor,
1680 3423 1786 3462 non
1823 3406 2088 3478 intelligo.
2123 3424 2142 3460 ι

640 3502 767 3557 Νοη
798 3501 1059 3572 intelligo,
1090 3501 1293 3574 inquit,
1349 3501 1402 3558 id
1446 3510 1531 3559 est
1579 3501 1822 3558 tenebris
1871 3498 2143 3561 oll‘undor,

558 3608 620 3654 et
655 3595 950 3668 corripior,
1005 3611 1225 3667 prmque
1273 3611 1335 3652 ea
1403 3612 1569 3668 quam
1629 3595 1809 3668 patior
1859 3593 2143 3656 violentia,

567 3692 756 3746 nescio
787 3705 894 3761 qua
931 3689 1149 3748 ratione
1194 3688 1524 3759 supplantor
1553 3702 1618 3744 ac
1664 3685 1934 3758 decipior.
1984 3682 2148 3741 Velut

567 3781 828 3836 nimirum
864 3795 963 3836 nos
1004 3795 1224 3852 quoque
1247 3780 1429 3837 dicere
1461 3778 1857 3836 consuevimus
1891 3795 1906 3831 :
1948 3775 2148 3832 Nescio

567 3866 661 3945 qui
680 3872 883 3930 factum
911 3873 1006 3941 sit,
1037 3885 1095 3929 ut
1125 3874 1214 3930 hic
1243 3875 1538 3930 adveniens
1563 3888 1654 3930 res
1679 3886 1829 3927 meas
1864 3869 2143 3940 rapuerit:

558 3983 677 4023 non
709 3974 771 4023 ut
811 3967 1175 4038 ignorantiam
1207 3968 1596 4031 obtendamus,
1633 3963 1732 4021 sed
1763 3963 2142 4034 deceptionem

551 4061 861 4132 quamdam
894 4058 1225 4115 indicemus.

642 4173 662 4207 ι
705 4152 826 4210 Non
865 4154 1011 4210 enim
1060 4152 1207 4223 quod
1251 4151 1374 4206 volo
1415 4152 1642 4218 bonum,
1687 4149 1792 4204 hoc
1825 4147 2012 4206 iacio;
2046 4148 2145 4205 scd

563 4247 712 4321 quod
743 4247 874 4302 nolo
913 4246 1140 4311 malum,
1167 4245 1273 4301 hoc
1306 4259 1429 4316 ago.
1468 4242 1660 4316 [Vnum
1694 4241 1782 4307 l6,
1819 4239 1931 4313 57.]
1962 4240 2016 4295 Si
2049 4255 2145 4296 au-

564 4349 670 4398 tein
701 4339 850 4411 quod
884 4338 1036 4404 nolo,
1071 4336 1206 4394 illud
1239 4337 1402 4401 facio,
1428 4335 1718 4391 consentio
1751 4333 1855 4403 legi
1883 4331 2142 4402 quoniam

554 4436 704 4490 .bona
729 4443 832 4490 est.
882 4433 1039 4488 Nunc
1083 4438 1266 4487 autem
1298 4432 1412 4503 jam
1461 4445 1572 4486 non
1613 4445 1713 4500 ego
1747 4443 1946 4500 operor
1978 4425 2139 4492 illud,

559 4528 657 4585 sed
691 4527 837 4597 quod
867 4525 1082 4580 habitat
1107 4524 1162 4579 in
1196 4539 1282 4579 me
1313 4531 1627 4594 peccatum.
1663 4539 1682 4574 ι

2330 3413 2348 3448 ι
2381 3393 2446 3447 "O
2480 3394 2589 3464 γάρ
2617 3394 3051 3467 κατεργάζομαι,
3083 3397 3149 3451 ού
3171 3395 3446 3468 γινώσκω.
3483 3417 3502 3451 ο

2321 3487 2416 3556 Τὸ,
2451 3489 2524 3542 οὐ
2553 3487 2847 3559 γινώσκω,
2913 3491 3035 3544 ἀντὶ
3089 3490 3206 3557 τοῦ,
3266 3492 3586 3564 σκοτοῦμαι,
3636 3495 3822 3566 φησὶν,

2247 3581 2346 3636 καὶ
2407 3580 2851 3653 συναρπάζομαι.
2905 3584 3001 3637 καὶ
3050 3585 3315 3657 ἐπήρειαν
3373 3586 3685 3660 ὑπομένων,
3722 3591 3825 3646 οὐκ

2248 3671 2367 3730 οἶδα
2405 3675 2523 3742 πῶς
2550 3676 2998 3749 ὑποσκελίζομαι,
3064 3678 3198 3751 ὅπερ
3234 3679 3328 3735 καὶ
3359 3683 3519 3753 ἡμεῖς
3549 3682 3826 3755 είώθαμεν

2248 3769 2464 3840 λέγειν·
2507 3770 2622 3824 Ούκ
2650 3766 2768 3824 οῖδα
2796 3771 2944 3836 ὅπως
2970 3775 2999 3827 ὁ
3049 3774 3197 3828 δεῖνα
3222 3774 3391 3831 ἐλθὼν
3436 3779 3784 3850 συνήρπασεν
3802 3797 3819 3812 ο

2247 3864 2348 3917 οὐκ
2377 3862 2603 3930 ἄγνοιαν
2626 3862 3080 3937 προϐαλλόμενοι,
3112 3865 3247 3921 ἀλλά
3307 3869 3525 3942 ἀπάτην
3553 3870 3675 3926 τινά
3716 3870 3821 3942 έμ-

2248 3953 2547 4024 φαίνοντες.

2323 4177 2344 4211 ι
2387 4159 2462 4214 Ob
2484 4160 2594 4233 γὰρ
2639 4160 2668 4214 ὃ
2725 4159 2887 4227 θέλω,
2943 4163 3104 4219 τοῦτο
3150 4165 3401 4237 πράσσω,
3433 4167 3550 4223 ἀλλ’
3586 4169 3615 4223 ὃ
3649 4172 3816 4240 μισῶ,

2245 4251 2402 4306 τοῦτο
2426 4252 2582 4310 ποιῶ.
2621 4254 2682 4307 EE
2709 4253 2767 4308 δὲ
2801 4253 2909 4309 ὃού
2961 4255 3120 4321 θέλω,
3156 4258 3308 4313 τοῦτο
3346 4262 3505 4330 ποιῶ,
3559 4263 3822 4336 σύμφημι

2245 4345 2323 4417 τῷ
2355 4346 2505 4418 νόμῳ
2531 4348 2614 4400 ὅτι
2656 4348 2838 4412 καλός.
2906 4349 3044 4404 Νυνὶ
3087 4350 3144 4405 δὲ
3190 4352 3374 4408 οὐκέτι
3401 4353 3515 4423 ἐγὼ
3544 4361 3819 4431 κατεργά-

2244 4438 2410 4511 ζομαι
2439 4440 2592 4506 αὐτὸ,
2623 4436 2737 4495 ἀλλ’
2763 4445 2797 4513 ἡ
2828 4442 3050 4498 οἰκοῦσα
3083 4447 3142 4498 ὲν
3165 4446 3290 4516 ἐμοὶ
3315 4447 3577 4520 ἁμαρτία.
3614 4470 3633 4505 ι

625 4620 775 4675 Velle
829 4619 1034 4674 bonum
1081 4623 1136 4672 et
1190 4615 1373 4670 odisse
1419 4613 1656 4680 malum,
1719 4611 1825 4667 hoc
1884 4608 2139 4682 perfectae

2314 4625 2390 4679 Τὸ
2420 4625 2601 4680 θέλειν
2658 4624 2719 4679 τὸ
2760 4625 2948 4690 καλὸν,
2973 4626 3068 4682 καὶ
3105 4630 3286 4699 μισεῖν
3305 4628 3368 4683 τὺ
3398 4632 3653 4704 πονηρὸν,
3679 4634 3823 4705 γνὼ-

558 4711 894 4784 eOgnitionis
936 4717 1042 4765 est.
1088 4708 1165 4763 Ex
1200 4722 1311 4779 quo
1352 4707 1528 4778 liquet
1555 4721 1703 4770 enin,
1737 4705 1832 4760 ubi
1864 4704 1960 4767 ait,
2000 4701 2139 4773 quod

557 4807 702 4868 nolo,
735 4819 845 4860 non
871 4801 1172 4860 abstulisse
1204 4801 1519 4855 libertatem
1555 4798 1789 4864 arbitrii,
1827 4813 1928 4852 nec
1946 4810 2138 4851 neces-

557 4900 776 4956 sitatem
799 4893 1090 4967 quamdam
1121 4907 1228 4962 qua
1253 4905 1576 4962 cogeremur
1607 4888 1918 4949 induxisse,
1951 4884 2046 4942 sed
2072 4899 2137 4938 ea

557 5009 682 5063 quae
727 4991 846 5060 ipse
884 4998 1088 5058 ageret,
1131 5002 1161 5040 a
1209 5001 1267 5041 se
1318 4999 1663 5055 nequaquam
1715 4979 1947 5038 laudari.
1995 4979 2137 5045 Quid

556 5097 688 5153 ergo
720 5090 804 5136 est
836 5079 1006 5144 istud,
1053 5078 1386 5133 noto?idem
1419 5077 1609 5147 utique
1650 5090 1737 5142 ac,
1788 5089 1896 5129 non
1942 5071 2130 5137 laudo,

555 5191 666 5231 non
703 5173 909 5244 probo.l

626 5264 790 5320 Vsus.
835 5263 921 5319 18.
966 5281 987 5314 ι
1028 5260 1156 5318 Scio
1183 5261 1328 5317 enim
1356 5262 1486 5332 quia
1522 5276 1633 5316 non
1667 5258 1880 5314 habitat
1925 5255 1981 5310 in
2025 5268 2132 5319 me,

2247 4732 2386 4780 σεως
2431 4717 2847 4789 ἀπηρτισμένης
2893 4718 3077 4772 ἐστίν’
3130 4719 3253 4774 ὅθεν
3280 4720 3440 4794 δῆλον
3484 4725 3569 4780 ὅτι
3609 4728 3818 4796 καὶτὸ,

2244 4810 2315 4864 οὐ
2341 4808 2513 4874 θέλω,
2564 4810 2805 4881 εἴρηκεν,
2833 4810 2894 4864 ού
2932 4810 2993 4864 τὸ
3036 4811 3382 4878 αὐτεξούσιον
3407 4817 3668 4889 ἀναιρῶν,
3694 4821 3818 4876 οὐδὲ

2242 4902 2489 4972 ἀνάγκην
2521 4903 2641 4956 τινὰ
2673 4903 2912 4972 εἰσάγων
2948 4902 3255 4978 βιαστικήν,
3291 4906 3427 4963 ἀλλά
3452 4908 3511 4962 τὺ
3556 4912 3630 4984 μὴ
3662 4912 3819 4969 ἐπαι-

2242 4998 2353 5047 νεῖν
2387 4995 2454 5048 τά
2479 4994 2762 5066 γινόμενα.
2785 4996 2852 5049 Τί
2883 4993 2975 5052 οὖν
2991 4997 3108 5055 ἐστι
3137 4997 3219 5064 τὸ,
3246 5003 3319 5058 οὺ
3347 5003 3533 5069 θέλω
3559 5004 3680 5060 ἀντὶ
3692 5006 3815 5075 τοῦ,

2240 5086 2341 5142 οὐκ
2373 5087 2601 5153 ἐπαινῶ,
2627 5087 2655 5141 ὃ
2681 5088 2781 5143 οὐκ
2808 5089 3172 5163 ἀποδέχομαι.

2316 5287 2336 5320 ι
2361 5263 2488 5322 Οἶδα
2541 5267 2651 5340 γὰρ
2694 5267 2774 5323 ὅτι
2825 5270 2927 5322 οὐκ
2982 5264 3126 5324 οἰκεῖ
3168 5271 3226 5324 έν
3274 5271 3417 5344 ἐμοὶ,
3447 5279 3726 5334 τουτέστιν
3755 5283 3815 5336 έν

552 5357 661 5416 hoc
685 5365 771 5414 est
801 5357 857 5413 in
885 5371 1052 5413 carne
1081 5371 1200 5412 mea
1223 5397 1239 5422 ,
1290 5356 1518 5411 bonum.
1556 5352 1693 5409 Nam
1726 5351 1867 5409 velle
1914 5348 2134 5420 adjacct

2248 5365 2307 5432 ,τῇ
2340 5363 2504 5431 σαρκί
2569 5377 2693 5432 μου,
2741 5361 2976 5431 ἀγαθόν·
3006 5363 3066 5415 τὸ
3112 5360 3220 5436 γὰρ
3265 5362 3439 5421 θέλειν
3480 5370 3814 5441 παράκειταί

554 5448 711 5506 mihi.
753 5467 774 5502 ο

625 5542 982 5613 Nequaquam
1005 5555 1207 5613 corpus
1233 5539 1578 5605 criminatur,
1611 5539 1706 5595 scd
1732 5540 1942 5611 peccati
1974 5555 2137 5595 enor-

555 5636 801 5692 mitatem
853 5633 1115 5699 ostendit,
1168 5640 1230 5689 ut
1284 5635 1533 5689 concessi
1586 5648 1682 5704 per
1729 5635 1958 5706 gratiam
2007 5633 2134 5688 doni

557 5726 988 5799 magnitudinem
1020 5726 1313 5798 signiﬁcet.

631 5836 653 5871 ι
684 5818 950 5885 Perﬁce-re
979 5828 1162 5875 autem
1191 5819 1395 5873 bonum
1430 5836 1538 5873 non
1571 5820 1812 5874 invenio.
1847 5839 1863 5872 I

626 5913 767 5969 Dum
799 5915 886 5970 hic
921 5929 1138 5970 rursum
1171 5914 1267 5982 ait,
1313 5931 1414 5968 non
1449 5915 1671 5981 invenio,
1720 5931 1825 5969 non
1869 5915 2126 5985 igne-an-

2285 5473 2353 5509 οι.
2381 5475 2400 5508 1

2285 5473 2353 5509 οι.
2381 5475 2400 5508 ι

2241 5472 2384 5603 ρ⁸ού
2443 5548 2504 5602 τὸ
2563 5548 2720 5618 σῶμα
2774 5546 3072 5614 διαϐάλλει,
3119 5549 3255 5603 ἀλλά
3309 5549 3374 5616 τὸ
3407 5550 3677 5626 ὑπερέχον
3711 5558 3815 5629 τῆς

2240 5642 2515 5712 ἁμαρτίας
2568 5639 2790 5706 ἔδειξεν,
2846 5641 3010 5695 πάλιν
3061 5640 3124 5695 τὺ
3175 5643 3407 5712 μέγεθος
3439 5645 3538 5716 τῆς
3579 5647 3811 5718 δωρεᾶς.

2237 5733 2337 5802 τῆς
2366 5731 2453 5784 διὰ
2481 5731 2582 5800 τῆς
2615 5731 2836 5800 χάριτος
2868 5730 3176 5804 δεδομένης,
3200 5738 3590 5806 κατασημᾶναι
3619 5737 3808 5793 Θέλων,

2313 5843 2331 5875 ι
2372 5824 2446 5880 Τὸ
2476 5824 2532 5876 δὲ
2565 5822 2998 5894 κατεργάζεσθαι
3028 5824 3090 5878 τὺ
3122 5826 3304 5890 καλὸν,
3354 5828 3450 5898 οὐχ
3485 5830 3741 5899 εὑρίσκω.
3784 5851 3806 5884 ι

2307 5917 2475 5972 Πάλιν
2510 5915 2709 5986 εἰπὼν,
2737 5918 2847 5986 οὐχ
2891 5919 3170 5987 εὑρίσκω,
3200 5920 3299 5974 οὐκ
3343 5920 3585 5992 ἄγνοιαν,
3622 5924 3807 5996 φησὶν.
