  <div class='ocr_page' id='page_1' title='image "/cluster/home/n/w/nwhite01/storage/ocr_20150623/95/mdp.39015004289776/260.png"; bbox 0 0 4100 6280; ppageno 0'>
   <div class='ocr_carea' id='block_1_1' title="bbox 275 335 383 402">
    <p class='ocr_par' dir='ltr' id='par_1_1' title="bbox 275 335 383 402">
     <span class='ocr_line' id='line_1_1' title="bbox 275 335 383 402; baseline 0 0"><span class='ocrx_word' id='word_1_1' title='bbox 275 335 383 402; x_wconf 71' lang='grc' dir='ltr'><strong>εστ</strong></span> 
     </span>
    </p>
   </div>
   <div class='ocr_carea' id='block_1_2' title="bbox 1435 335 2385 399">
    <p class='ocr_par' dir='ltr' id='par_1_2' title="bbox 1435 335 2385 399">
     <span class='ocr_line' id='line_1_2' title="bbox 1435 335 2385 399; baseline -0.004 -1"><span class='ocrx_word' id='word_1_2' title='bbox 1435 336 1521 398; x_wconf 83' lang='grc' dir='ltr'><strong>ΙΝ</strong></span> <span class='ocrx_word' id='word_1_3' title='bbox 1563 336 1806 399; x_wconf 84' lang='lat' dir='ltr'><strong>EPIST.</strong></span> <span class='ocrx_word' id='word_1_4' title='bbox 1849 337 1950 398; x_wconf 82' lang='lat' dir='ltr'><strong>AD</strong></span> <span class='ocrx_word' id='word_1_5' title='bbox 1999 335 2385 398; x_wconf 79' lang='lat' dir='ltr'><strong>ROMANOS.</strong></span> 
     </span>
    </p>
   </div>
   <div class='ocr_carea' id='block_1_3' title="bbox 3448 327 3556 393">
    <p class='ocr_par' dir='ltr' id='par_1_3' title="bbox 3448 327 3556 393">
     <span class='ocr_line' id='line_1_3' title="bbox 3448 327 3556 393; baseline 0.028 -3"><span class='ocrx_word' id='word_1_6' title='bbox 3448 327 3556 393; x_wconf 71' lang='grc'><strong>498</strong></span> 
     </span>
    </p>
   </div>
   <div class='ocr_carea' id='block_1_4' title="bbox 237 440 1873 520">
    <p class='ocr_par' dir='ltr' id='par_1_4' title="bbox 237 445 1857 520">
     <span class='ocr_line' id='line_1_4' title="bbox 237 445 1857 520; baseline -0.004 -13"><span class='ocrx_word' id='word_1_7' title='bbox 237 449 389 507; x_wconf 82' lang='grc' dir='ltr'>·ἀλλ’</span> <span class='ocrx_word' id='word_1_8' title='bbox 451 445 716 520; x_wconf 69' lang='grc' dir='ltr'>ἐπήρειάν</span> <span class='ocrx_word' id='word_1_9' title='bbox 774 462 934 514; x_wconf 80' lang='grc' dir='ltr'>τινα,</span> <span class='ocrx_word' id='word_1_10' title='bbox 993 447 1090 504; x_wconf 72' lang='grc' dir='ltr'><strong>καὶ</strong></span> <span class='ocrx_word' id='word_1_11' title='bbox 1159 445 1595 520; x_wconf 67' lang='grc' dir='ltr'>ἐπιϐουλὴνετῆς</span> <span class='ocrx_word' id='word_1_12' title='bbox 1660 447 1857 518; x_wconf 80' lang='grc' dir='ltr'>ἁμαρ-</span> 
     </span>
    </p>
   </div>
   <div class='ocr_carea' id='block_1_5' title="bbox 1973 440 3557 520">
    <p class='ocr_par' dir='ltr' id='par_1_5' title="bbox 1973 440 3557 515">
     <span class='ocr_line' id='line_1_5' title="bbox 1973 440 3557 515; baseline -0.001 -16"><span class='ocrx_word' id='word_1_13' title='bbox 1973 445 2094 500; x_wconf 79' lang='lat' dir='ltr'><strong>Liam</strong></span> <span class='ocrx_word' id='word_1_14' title='bbox 2149 443 2366 511; x_wconf 89' lang='lat' dir='ltr'><strong>innuit,</strong></span> <span class='ocrx_word' id='word_1_15' title='bbox 2413 441 2511 498; x_wconf 86' lang='lat' dir='ltr'><strong>sed</strong></span> <span class='ocrx_word' id='word_1_16' title='bbox 2565 442 2676 496; x_wconf 85' lang='lat' dir='ltr'>vim</span> <span class='ocrx_word' id='word_1_17' title='bbox 2733 440 3024 510; x_wconf 82' lang='lat' dir='ltr'><strong>quamdam</strong></span> <span class='ocrx_word' id='word_1_18' title='bbox 3073 446 3424 514; x_wconf 71' lang='lat' dir='ltr'><strong>structasque</strong></span> <span class='ocrx_word' id='word_1_19' title='bbox 3458 459 3557 515; x_wconf 73' lang='lat' dir='ltr'><strong>per</strong></span> 
     </span>
    </p>
   </div>
   <div class='ocr_carea' id='block_1_6' title="bbox 269 544 414 606">
    <p class='ocr_par' dir='ltr' id='par_1_6' title="bbox 269 544 414 606">
     <span class='ocr_line' id='line_1_6' title="bbox 269 544 414 606; baseline 0 -10"><span class='ocrx_word' id='word_1_20' title='bbox 269 544 414 606; x_wconf 84' lang='grc' dir='ltr'>τίας.</span> 
     </span>
    </p>
   </div>
   <div class='ocr_carea' id='block_1_7' title="bbox 346 632 1862 706">
    <p class='ocr_par' dir='ltr' id='par_1_7' title="bbox 346 632 1862 706">
     <span class='ocr_line' id='line_1_7' title="bbox 346 632 1862 706; baseline 0.005 -18"><span class='ocrx_word' id='word_1_21' title='bbox 346 654 366 688; x_wconf 82' lang='grc' dir='ltr'><strong>ι</strong></span> <span class='ocrx_word' id='word_1_22' title='bbox 405 635 482 691; x_wconf 83' lang='grc' dir='ltr'>Ού</span> <span class='ocrx_word' id='word_1_23' title='bbox 512 633 621 706; x_wconf 80' lang='grc' dir='ltr'>γὰρ</span> <span class='ocrx_word' id='word_1_24' title='bbox 645 633 672 688; x_wconf 84' lang='grc' dir='ltr'><strong>θ</strong></span> <span class='ocrx_word' id='word_1_25' title='bbox 711 632 874 700; x_wconf 79' lang='grc' dir='ltr'>θέλω,</span> <span class='ocrx_word' id='word_1_26' title='bbox 918 632 1058 688; x_wconf 81' lang='grc' dir='ltr'>ποιῶ</span> <span class='ocrx_word' id='word_1_27' title='bbox 1087 633 1315 704; x_wconf 74' lang='grc' dir='ltr'>ἀγαθον,</span> <span class='ocrx_word' id='word_1_28' title='bbox 1356 635 1472 689; x_wconf 76' lang='grc' dir='ltr'>ἀλλ’</span> <span class='ocrx_word' id='word_1_29' title='bbox 1503 635 1532 691; x_wconf 81' lang='grc' dir='ltr'><strong>ὃ</strong></span> <span class='ocrx_word' id='word_1_30' title='bbox 1554 637 1674 692; x_wconf 82' lang='grc' dir='ltr'>οὐδὲ</span> <span class='ocrx_word' id='word_1_31' title='bbox 1721 638 1862 695; x_wconf 83' lang='grc' dir='ltr'>θέλω</span> 
     </span>
    </p>
   </div>
   <div class='ocr_carea' id='block_1_8' title="bbox 1961 538 2536 610">
    <p class='ocr_par' dir='ltr' id='par_1_8' title="bbox 1961 538 2536 610">
     <span class='ocr_line' id='line_1_8' title="bbox 1961 538 2536 610; baseline -0.003 -16"><span class='ocrx_word' id='word_1_32' title='bbox 1961 545 2250 610; x_wconf 78' lang='lat' dir='ltr'><strong>peccatum</strong></span> <span class='ocrx_word' id='word_1_33' title='bbox 2283 538 2536 594; x_wconf 83' lang='lat' dir='ltr'><strong>insidias.</strong></span> 
     </span>
    </p>
   </div>
   <div class='ocr_carea' id='block_1_9' title="bbox 2041 627 3557 700">
    <p class='ocr_par' dir='ltr' id='par_1_9' title="bbox 2041 627 3557 700">
     <span class='ocr_line' id='line_1_9' title="bbox 2041 627 3557 700; baseline -0.001 -14"><span class='ocrx_word' id='word_1_34' title='bbox 2041 631 2204 688; x_wconf 77' lang='lat' dir='ltr'><strong>Vens.</strong></span> <span class='ocrx_word' id='word_1_35' title='bbox 2241 630 2332 696; x_wconf 77' lang='lat' dir='ltr'><strong>i9,</strong></span> <span class='ocrx_word' id='word_1_36' title='bbox 2373 629 2464 684; x_wconf 66' lang='lat'><strong>90.</strong></span> <span class='ocrx_word' id='word_1_37' title='bbox 2509 648 2527 681; x_wconf 81' lang='grc' dir='ltr'><strong>ι</strong></span> <span class='ocrx_word' id='word_1_38' title='bbox 2560 627 2679 685; x_wconf 88' lang='lat' dir='ltr'><strong>Non</strong></span> <span class='ocrx_word' id='word_1_39' title='bbox 2705 627 2852 685; x_wconf 90' lang='lat' dir='ltr'><strong>enim</strong></span> <span class='ocrx_word' id='word_1_40' title='bbox 2882 628 3028 700; x_wconf 85' lang='lat' dir='ltr'><strong>quod</strong></span> <span class='ocrx_word' id='word_1_41' title='bbox 3055 631 3179 685; x_wconf 81' lang='lat' dir='ltr'><strong>volo</strong></span> <span class='ocrx_word' id='word_1_42' title='bbox 3213 628 3418 685; x_wconf 88' lang='lat' dir='ltr'><strong>bonum</strong></span> <span class='ocrx_word' id='word_1_43' title='bbox 3451 631 3557 685; x_wconf 84' lang='lat' dir='ltr'><strong>hoc</strong></span> 
     </span>
    </p>
   </div>
   <div class='ocr_carea' id='block_1_10' title="bbox 271 718 1873 799">
    <p class='ocr_par' dir='ltr' id='par_1_10' title="bbox 271 724 1862 799">
     <span class='ocr_line' id='line_1_10' title="bbox 271 724 1862 799; baseline 0.001 -15"><span class='ocrx_word' id='word_1_44' title='bbox 271 728 466 794; x_wconf 79' lang='grc' dir='ltr'>κακὸν,</span> <span class='ocrx_word' id='word_1_45' title='bbox 519 725 675 782; x_wconf 86' lang='grc' dir='ltr'>τοῦτο</span> <span class='ocrx_word' id='word_1_46' title='bbox 729 726 984 798; x_wconf 79' lang='grc' dir='ltr'><strong>πράσσω.</strong></span> <span class='ocrx_word' id='word_1_47' title='bbox 1039 724 1102 779; x_wconf 80' lang='grc' dir='ltr'><strong>Εἰ</strong></span> <span class='ocrx_word' id='word_1_48' title='bbox 1147 727 1205 780; x_wconf 84' lang='grc' dir='ltr'>δὲ</span> <span class='ocrx_word' id='word_1_49' title='bbox 1251 725 1280 781; x_wconf 80' lang='grc' dir='ltr'><strong>ὃ</strong></span> <span class='ocrx_word' id='word_1_50' title='bbox 1332 727 1474 783; x_wconf 80' lang='grc' dir='ltr'>θέλω</span> <span class='ocrx_word' id='word_1_51' title='bbox 1512 727 1644 799; x_wconf 74' lang='grc' dir='ltr'>ἐγὼ,</span> <span class='ocrx_word' id='word_1_52' title='bbox 1699 730 1862 786; x_wconf 84' lang='grc' dir='ltr'>τοῦτο</span> 
     </span>
    </p>
   </div>
   <div class='ocr_carea' id='block_1_11' title="bbox 1973 718 3556 799">
    <p class='ocr_par' dir='ltr' id='par_1_11' title="bbox 1973 718 3556 794">
     <span class='ocr_line' id='line_1_11' title="bbox 1973 718 3556 794; baseline -0.003 -15"><span class='ocrx_word' id='word_1_53' title='bbox 1973 721 2144 792; x_wconf 71' lang='lat' dir='ltr'><strong>facio;</strong></span> <span class='ocrx_word' id='word_1_54' title='bbox 2193 723 2290 780; x_wconf 83' lang='lat' dir='ltr'><strong>sed</strong></span> <span class='ocrx_word' id='word_1_55' title='bbox 2321 723 2470 794; x_wconf 89' lang='lat' dir='ltr'><strong>quod</strong></span> <span class='ocrx_word' id='word_1_56' title='bbox 2509 723 2637 778; x_wconf 80' lang='lat' dir='ltr'><strong>nolo</strong></span> <span class='ocrx_word' id='word_1_57' title='bbox 2679 721 2909 786; x_wconf 86' lang='lat' dir='ltr'><strong>malum,</strong></span> <span class='ocrx_word' id='word_1_58' title='bbox 2956 721 3061 775; x_wconf 90' lang='lat' dir='ltr'><strong>hoc</strong></span> <span class='ocrx_word' id='word_1_59' title='bbox 3110 737 3234 793; x_wconf 87' lang='lat' dir='ltr'><strong>ago.</strong></span> <span class='ocrx_word' id='word_1_60' title='bbox 3271 718 3556 776; x_wconf 83' lang='lat' dir='ltr'><strong>Si&#39;autem</strong></span> 
     </span>
    </p>
   </div>
   <div class='ocr_carea' id='block_1_12' title="bbox 271 814 1873 895">
    <p class='ocr_par' dir='ltr' id='par_1_12' title="bbox 271 817 1863 895">
     <span class='ocr_line' id='line_1_12' title="bbox 271 817 1863 895; baseline 0.003 -20"><span class='ocrx_word' id='word_1_61' title='bbox 271 821 437 884; x_wconf 74' lang='grc' dir='ltr'>ποιῶ,</span> <span class='ocrx_word' id='word_1_62' title='bbox 471 818 661 875; x_wconf 74' lang='grc' dir='ltr'>οὐκέτι</span> <span class='ocrx_word' id='word_1_63' title='bbox 695 818 809 890; x_wconf 71' lang='grc' dir='ltr'><strong>ἐγὼ</strong></span> <span class='ocrx_word' id='word_1_64' title='bbox 855 817 1293 892; x_wconf 76' lang='grc' dir='ltr'><strong>κατεργάζομαι,</strong></span> <span class='ocrx_word' id='word_1_65' title='bbox 1324 821 1439 876; x_wconf 81' lang='grc' dir='ltr'>ἀλλ’</span> <span class='ocrx_word' id='word_1_66' title='bbox 1471 825 1505 895; x_wconf 82' lang='grc' dir='ltr'><strong>ή</strong></span> <span class='ocrx_word' id='word_1_67' title='bbox 1551 823 1777 879; x_wconf 76' lang='grc' dir='ltr'><strong>οἰκοῦσα</strong></span> <span class='ocrx_word' id='word_1_68' title='bbox 1804 826 1863 881; x_wconf 70' lang='grc' dir='ltr'>ἐν</span> 
     </span>
    </p>
   </div>
   <div class='ocr_carea' id='block_1_13' title="bbox 1973 814 3534 895">
    <p class='ocr_par' dir='ltr' id='par_1_13' title="bbox 1973 814 3534 892">
     <span class='ocr_line' id='line_1_13' title="bbox 1973 814 3534 892; baseline -0.003 -17"><span class='ocrx_word' id='word_1_69' title='bbox 1973 819 2112 892; x_wconf 89' lang='lat' dir='ltr'><strong>quod</strong></span> <span class='ocrx_word' id='word_1_70' title='bbox 2143 818 2294 883; x_wconf 86' lang='lat' dir='ltr'><strong>nolo,</strong></span> <span class='ocrx_word' id='word_1_71' title='bbox 2331 816 2471 872; x_wconf 90' lang='lat' dir='ltr'><strong>illud</strong></span> <span class='ocrx_word' id='word_1_72' title='bbox 2506 815 2698 883; x_wconf 82' lang='lat' dir='ltr'><strong>facio,‘</strong></span> <span class='ocrx_word' id='word_1_73' title='bbox 2721 814 2837 886; x_wconf 83' lang='lat' dir='ltr'><strong>jam</strong></span> <span class='ocrx_word' id='word_1_74' title='bbox 2870 831 2980 871; x_wconf 91' lang='lat' dir='ltr'><strong>non</strong></span> <span class='ocrx_word' id='word_1_75' title='bbox 3015 831 3116 887; x_wconf 88' lang='lat' dir='ltr'><strong>ego</strong></span> <span class='ocrx_word' id='word_1_76' title='bbox 3161 830 3365 888; x_wconf 88' lang='lat' dir='ltr'><strong>operor</strong></span> <span class='ocrx_word' id='word_1_77' title='bbox 3398 815 3534 870; x_wconf 87' lang='lat' dir='ltr'><strong>illud</strong></span> 
     </span>
    </p>
   </div>
   <div class='ocr_carea' id='block_1_14' title="bbox 269 911 764 986">
    <p class='ocr_par' dir='ltr' id='par_1_14' title="bbox 269 911 764 986">
     <span class='ocr_line' id='line_1_14' title="bbox 269 911 764 986; baseline -0.002 -19"><span class='ocrx_word' id='word_1_78' title='bbox 269 912 400 986; x_wconf 62' lang='grc' dir='ltr'>ἐμοὶ</span> <span class='ocrx_word' id='word_1_79' title='bbox 427 911 693 986; x_wconf 77' lang='grc' dir='ltr'>ἁμαρτία.</span> <span class='ocrx_word' id='word_1_80' title='bbox 744 932 764 966; x_wconf 76' lang='grc' dir='ltr'><strong>ι</strong></span> 
     </span>
    </p>
   </div>
   <div class='ocr_carea' id='block_1_15' title="bbox 357 1005 1228 1079">
    <p class='ocr_par' dir='ltr' id='par_1_15' title="bbox 357 1005 1228 1079">
     <span class='ocr_line' id='line_1_15' title="bbox 357 1005 1228 1079; baseline 0.005 -19"><span class='ocrx_word' id='word_1_81' title='bbox 357 1005 763 1078; x_wconf 83' lang='grc' dir='ltr'>Ἐπεξεργασία</span> <span class='ocrx_word' id='word_1_82' title='bbox 807 1005 894 1061; x_wconf 81' lang='grc' dir='ltr'><strong>τοῦ</strong></span> <span class='ocrx_word' id='word_1_83' title='bbox 916 1007 1228 1079; x_wconf 80' lang='grc' dir='ltr'><strong>εἰρημένου.</strong></span> 
     </span>
    </p>
   </div>
   <div class='ocr_carea' id='block_1_16' title="bbox 357 1097 1867 1177">
    <p class='ocr_par' dir='ltr' id='par_1_16' title="bbox 357 1097 1867 1177">
     <span class='ocr_line' id='line_1_16' title="bbox 357 1097 1867 1177; baseline 0.007 -25"><span class='ocrx_word' id='word_1_84' title='bbox 357 1116 380 1152; x_wconf 72' lang='grc' dir='ltr'>ς</span> <span class='ocrx_word' id='word_1_85' title='bbox 421 1098 682 1171; x_wconf 78' lang='grc' dir='ltr'><strong>Εὑρίσκω</strong></span> <span class='ocrx_word' id='word_1_86' title='bbox 703 1098 815 1173; x_wconf 72' lang='grc' dir='ltr'>ἄρα</span> <span class='ocrx_word' id='word_1_87' title='bbox 855 1097 952 1155; x_wconf 79' lang='grc' dir='ltr'><strong>τὸν</strong></span> <span class='ocrx_word' id='word_1_88' title='bbox 975 1100 1141 1174; x_wconf 84' lang='grc' dir='ltr'>νόμον</span> <span class='ocrx_word' id='word_1_89' title='bbox 1167 1101 1249 1173; x_wconf 80' lang='grc' dir='ltr'><strong>τῷ</strong></span> <span class='ocrx_word' id='word_1_90' title='bbox 1286 1101 1495 1157; x_wconf 81' lang='grc' dir='ltr'>θέλοντι</span> <span class='ocrx_word' id='word_1_91' title='bbox 1526 1103 1655 1177; x_wconf 75' lang='grc' dir='ltr'>ἐμοὶ</span> <span class='ocrx_word' id='word_1_92' title='bbox 1689 1108 1867 1162; x_wconf 83' lang='grc' dir='ltr'><strong>ποιεῖν</strong></span> 
     </span>
    </p>
   </div>
   <div class='ocr_carea' id='block_1_17' title="bbox 272 1188 1552 1268">
    <p class='ocr_par' dir='ltr' id='par_1_17' title="bbox 272 1188 1552 1268">
     <span class='ocr_line' id='line_1_17' title="bbox 272 1188 1552 1268; baseline 0.004 -23"><span class='ocrx_word' id='word_1_93' title='bbox 272 1188 342 1248; x_wconf 56' lang='lat' dir='ltr'><strong>ab</strong></span> <span class='ocrx_word' id='word_1_94' title='bbox 369 1191 558 1258; x_wconf 78' lang='grc' dir='ltr'>καλὸν,</span> <span class='ocrx_word' id='word_1_95' title='bbox 581 1192 667 1249; x_wconf 80' lang='grc' dir='ltr'>ὅτι</span> <span class='ocrx_word' id='word_1_96' title='bbox 698 1190 824 1266; x_wconf 69' lang='grc' dir='ltr'>ἐμοὶ</span> <span class='ocrx_word' id='word_1_97' title='bbox 851 1191 914 1248; x_wconf 83' lang='grc' dir='ltr'><strong>τδ</strong></span> <span class='ocrx_word' id='word_1_98' title='bbox 935 1192 1108 1250; x_wconf 76' lang='grc' dir='ltr'>κακὸν</span> <span class='ocrx_word' id='word_1_99' title='bbox 1138 1197 1495 1268; x_wconf 84' lang='grc' dir='ltr'>παράκειται.</span> <span class='ocrx_word' id='word_1_100' title='bbox 1532 1216 1552 1250; x_wconf 76' lang='grc' dir='ltr'><strong>ι</strong></span> 
     </span>
    </p>
   </div>
   <div class='ocr_carea' id='block_1_18' title="bbox 351 1308 1870 1386">
    <p class='ocr_par' dir='ltr' id='par_1_18' title="bbox 351 1308 1870 1386">
     <span class='ocr_line' id='line_1_18' title="bbox 351 1308 1870 1386; baseline 0.004 -22"><span class='ocrx_word' id='word_1_101' title='bbox 351 1308 531 1376; x_wconf 80' lang='grc' dir='ltr'>Μετὰ,</span> <span class='ocrx_word' id='word_1_102' title='bbox 585 1309 651 1365; x_wconf 79' lang='grc' dir='ltr'>τὸ</span> <span class='ocrx_word' id='word_1_103' title='bbox 695 1309 883 1376; x_wconf 73' lang='grc' dir='ltr'>καλὸν,</span> <span class='ocrx_word' id='word_1_104' title='bbox 921 1311 1226 1367; x_wconf 84' lang='grc' dir='ltr'>συναπτέον</span> <span class='ocrx_word' id='word_1_105' title='bbox 1275 1312 1338 1367; x_wconf 81' lang='grc' dir='ltr'>τὸ</span> <span class='ocrx_word' id='word_1_106' title='bbox 1394 1314 1730 1386; x_wconf 84' lang='grc' dir='ltr'>συνήγορον,</span> <span class='ocrx_word' id='word_1_107' title='bbox 1774 1315 1870 1370; x_wconf 67' lang='grc' dir='ltr'><strong>καὶ</strong></span> 
     </span>
    </p>
   </div>
   <div class='ocr_carea' id='block_1_19' title="bbox 275 1401 1870 1477">
    <p class='ocr_par' dir='ltr' id='par_1_19' title="bbox 275 1401 1870 1477">
     <span class='ocr_line' id='line_1_19' title="bbox 275 1401 1870 1477; baseline 0.001 -17"><span class='ocrx_word' id='word_1_108' title='bbox 275 1401 422 1460; x_wconf 76' lang='grc' dir='ltr'>οθτω</span> <span class='ocrx_word' id='word_1_109' title='bbox 467 1402 645 1476; x_wconf 73' lang='grc' dir='ltr'>σαφὴς</span> <span class='ocrx_word' id='word_1_110' title='bbox 683 1403 896 1473; x_wconf 86' lang='grc' dir='ltr'>γίνεται</span> <span class='ocrx_word' id='word_1_111' title='bbox 944 1404 1244 1476; x_wconf 80' lang='grc' dir='ltr'>ὴδιάνοια,</span> <span class='ocrx_word' id='word_1_112' title='bbox 1279 1405 1549 1477; x_wconf 80' lang='grc' dir='ltr'>λέγουςα’</span> <span class='ocrx_word' id='word_1_113' title='bbox 1592 1409 1870 1477; x_wconf 75' lang='grc' dir='ltr'><strong>Εὑρίσκω</strong></span> 
     </span>
    </p>
   </div>
   <div class='ocr_carea' id='block_1_20' title="bbox 279 1494 1871 1566">
    <p class='ocr_par' dir='ltr' id='par_1_20' title="bbox 279 1494 1871 1566">
     <span class='ocr_line' id='line_1_20' title="bbox 279 1494 1871 1566; baseline 0.004 -19"><span class='ocrx_word' id='word_1_114' title='bbox 279 1494 388 1548; x_wconf 73' lang='grc' dir='ltr'>τὸν</span> <span class='ocrx_word' id='word_1_115' title='bbox 433 1495 626 1565; x_wconf 77' lang='grc' dir='ltr'>νόμον</span> <span class='ocrx_word' id='word_1_116' title='bbox 665 1495 798 1566; x_wconf 75' lang='grc' dir='ltr'>ἐμοὶ</span> <span class='ocrx_word' id='word_1_117' title='bbox 826 1494 908 1563; x_wconf 83' lang='grc' dir='ltr'>τῷ</span> <span class='ocrx_word' id='word_1_118' title='bbox 938 1496 1178 1552; x_wconf 71' lang='grc' dir='ltr'>θέλοντι</span> <span class='ocrx_word' id='word_1_119' title='bbox 1207 1497 1404 1553; x_wconf 79' lang='grc' dir='ltr'><strong>ποιεῖν</strong></span> <span class='ocrx_word' id='word_1_120' title='bbox 1431 1499 1498 1554; x_wconf 80' lang='grc' dir='ltr'>τὸ</span> <span class='ocrx_word' id='word_1_121' title='bbox 1528 1498 1718 1554; x_wconf 79' lang='grc' dir='ltr'>καλὸν</span> <span class='ocrx_word' id='word_1_122' title='bbox 1745 1516 1871 1554; x_wconf 91' lang='grc' dir='ltr'>συν-</span> 
     </span>
    </p>
   </div>
   <div class='ocr_carea' id='block_1_21' title="bbox 274 1584 1870 1663">
    <p class='ocr_par' dir='ltr' id='par_1_21' title="bbox 274 1584 1870 1663">
     <span class='ocr_line' id='line_1_21' title="bbox 274 1584 1870 1663; baseline 0.005 -23"><span class='ocrx_word' id='word_1_123' title='bbox 274 1584 624 1659; x_wconf 76' lang='grc' dir='ltr'>ηγοροῦνταο</span> <span class='ocrx_word' id='word_1_124' title='bbox 652 1587 714 1643; x_wconf 80' lang='grc' dir='ltr'><strong>τὺ</strong></span> <span class='ocrx_word' id='word_1_125' title='bbox 742 1588 820 1655; x_wconf 78' lang='grc' dir='ltr'>δὲ,</span> <span class='ocrx_word' id='word_1_126' title='bbox 868 1589 962 1646; x_wconf 84' lang='grc' dir='ltr'>ὅτι</span> <span class='ocrx_word' id='word_1_127' title='bbox 1006 1590 1138 1662; x_wconf 72' lang='grc' dir='ltr'>ἐμοὶ</span> <span class='ocrx_word' id='word_1_128' title='bbox 1175 1590 1245 1646; x_wconf 84' lang='grc' dir='ltr'>τὸ</span> <span class='ocrx_word' id='word_1_129' title='bbox 1279 1591 1472 1647; x_wconf 82' lang='grc' dir='ltr'><em>κακὸν</em></span> <span class='ocrx_word' id='word_1_130' title='bbox 1497 1591 1870 1663; x_wconf 73' lang='grc' dir='ltr'>παράκειται,</span> 
     </span>
    </p>
   </div>
   <div class='ocr_carea' id='block_1_22' title="bbox 275 1681 1873 1758">
    <p class='ocr_par' dir='ltr' id='par_1_22' title="bbox 275 1681 1873 1758">
     <span class='ocr_line' id='line_1_22' title="bbox 275 1681 1873 1758; baseline 0.005 -24"><span class='ocrx_word' id='word_1_131' title='bbox 275 1682 331 1734; x_wconf 80' lang='lat' dir='ltr'><strong>at</strong></span> <span class='ocrx_word' id='word_1_132' title='bbox 365 1681 512 1752; x_wconf 75' lang='grc' dir='ltr'><strong>καὶὴ</strong></span> <span class='ocrx_word' id='word_1_133' title='bbox 546 1681 816 1754; x_wconf 82' lang='grc' dir='ltr'>ἁμαρτία,</span> <span class='ocrx_word' id='word_1_134' title='bbox 858 1683 1044 1757; x_wconf 64' lang='grc' dir='ltr'>φησιν,</span> <span class='ocrx_word' id='word_1_135' title='bbox 1095 1683 1373 1742; x_wconf 78' lang='grc' dir='ltr'>ἐπίκειται</span> <span class='ocrx_word' id='word_1_136' title='bbox 1405 1684 1543 1758; x_wconf 65' lang='grc' dir='ltr'>πρὸς</span> <span class='ocrx_word' id='word_1_137' title='bbox 1588 1684 1651 1740; x_wconf 80' lang='grc' dir='ltr'>τὸ</span> <span class='ocrx_word' id='word_1_138' title='bbox 1701 1686 1873 1742; x_wconf 77' lang='grc' dir='ltr'>κακὸν</span> 
     </span>
    </p>
   </div>
   <div class='ocr_carea' id='block_1_23' title="bbox 277 1778 720 1846">
    <p class='ocr_par' dir='ltr' id='par_1_23' title="bbox 277 1778 720 1846">
     <span class='ocr_line' id='line_1_23' title="bbox 277 1778 720 1846; baseline 0.011 -18"><span class='ocrx_word' id='word_1_139' title='bbox 277 1778 720 1846; x_wconf 80' lang='grc' dir='ltr'>παρεγείρουσα.</span> 
     </span>
    </p>
   </div>
   <div class='ocr_carea' id='block_1_24' title="bbox 357 1956 1871 2031">
    <p class='ocr_par' dir='ltr' id='par_1_24' title="bbox 357 1956 1871 2031">
     <span class='ocr_line' id='line_1_24' title="bbox 357 1956 1871 2031; baseline 0.003 -21"><span class='ocrx_word' id='word_1_140' title='bbox 357 1975 378 2009; x_wconf 77' lang='grc' dir='ltr'><strong>ι</strong></span> <span class='ocrx_word' id='word_1_141' title='bbox 408 1956 720 2029; x_wconf 79' lang='grc' dir='ltr'>Συνὴδομαι</span> <span class='ocrx_word' id='word_1_142' title='bbox 745 1957 856 2031; x_wconf 80' lang='grc' dir='ltr'><strong>γὰρ</strong></span> <span class='ocrx_word' id='word_1_143' title='bbox 886 1956 963 2030; x_wconf 85' lang='grc' dir='ltr'>τῷ</span> <span class='ocrx_word' id='word_1_144' title='bbox 985 1957 1137 2030; x_wconf 79' lang='grc' dir='ltr'>νόμῳ</span> <span class='ocrx_word' id='word_1_145' title='bbox 1163 1957 1259 2013; x_wconf 89' lang='grc' dir='ltr'><strong>τοῦ</strong></span> <span class='ocrx_word' id='word_1_146' title='bbox 1285 1958 1424 2013; x_wconf 85' lang='grc' dir='ltr'>Θεοῦ</span> <span class='ocrx_word' id='word_1_147' title='bbox 1464 1957 1609 2014; x_wconf 74' lang='grc' dir='ltr'>κατὰ</span> <span class='ocrx_word' id='word_1_148' title='bbox 1633 1959 1725 2013; x_wconf 79' lang='grc' dir='ltr'><strong>τὸν</strong></span> <span class='ocrx_word' id='word_1_149' title='bbox 1758 1958 1871 2015; x_wconf 74' lang='grc' dir='ltr'>ἔσω</span> 
     </span>
    </p>
   </div>
   <div class='ocr_carea' id='block_1_25' title="bbox 275 2049 1871 2124">
    <p class='ocr_par' dir='ltr' id='par_1_25' title="bbox 275 2049 1871 2124">
     <span class='ocr_line' id='line_1_25' title="bbox 275 2049 1871 2124; baseline 0.002 -19"><span class='ocrx_word' id='word_1_150' title='bbox 275 2049 568 2123; x_wconf 72' lang='grc' dir='ltr'>ἄνθρωπον</span> <span class='ocrx_word' id='word_1_151' title='bbox 590 2066 606 2082; x_wconf 85' lang='lat'><strong>&#39;</strong></span> <span class='ocrx_word' id='word_1_152' title='bbox 658 2051 843 2123; x_wconf 79' lang='grc' dir='ltr'>βλέπω</span> <span class='ocrx_word' id='word_1_153' title='bbox 872 2051 931 2106; x_wconf 77' lang='grc' dir='ltr'>δὲ</span> <span class='ocrx_word' id='word_1_154' title='bbox 968 2052 1156 2124; x_wconf 75' lang='grc' dir='ltr'>ἕτερον</span> <span class='ocrx_word' id='word_1_155' title='bbox 1205 2051 1372 2124; x_wconf 83' lang='grc' dir='ltr'>νόμον</span> <span class='ocrx_word' id='word_1_156' title='bbox 1420 2055 1478 2107; x_wconf 81' lang='grc' dir='ltr'>ὲν</span> <span class='ocrx_word' id='word_1_157' title='bbox 1516 2055 1632 2118; x_wconf 79' lang='grc' dir='ltr'>τοῖς</span> <span class='ocrx_word' id='word_1_158' title='bbox 1680 2053 1871 2123; x_wconf 76' lang='grc' dir='ltr'>μέλεσι</span> 
     </span>
    </p>
   </div>
   <div class='ocr_carea' id='block_1_26' title="bbox 276 2144 1870 2219">
    <p class='ocr_par' dir='ltr' id='par_1_26' title="bbox 276 2144 1870 2219">
     <span class='ocr_line' id='line_1_26' title="bbox 276 2144 1870 2219; baseline 0.002 -18"><span class='ocrx_word' id='word_1_159' title='bbox 276 2163 386 2219; x_wconf 87' lang='grc' dir='ltr'><strong>μου</strong></span> <span class='ocrx_word' id='word_1_160' title='bbox 423 2146 988 2218; x_wconf 80' lang='grc' dir='ltr'><strong>ἀντιστρατευόμενον</strong></span> <span class='ocrx_word' id='word_1_161' title='bbox 1016 2144 1095 2217; x_wconf 85' lang='grc' dir='ltr'>τῷ</span> <span class='ocrx_word' id='word_1_162' title='bbox 1124 2144 1278 2218; x_wconf 72' lang='grc' dir='ltr'>νόμῳ</span> <span class='ocrx_word' id='word_1_163' title='bbox 1328 2145 1424 2201; x_wconf 89' lang='grc' dir='ltr'><strong>τοῦ</strong></span> <span class='ocrx_word' id='word_1_164' title='bbox 1460 2145 1580 2212; x_wconf 82' lang='grc' dir='ltr'>νοός</span> <span class='ocrx_word' id='word_1_165' title='bbox 1611 2165 1735 2218; x_wconf 83' lang='grc' dir='ltr'>μου,</span> <span class='ocrx_word' id='word_1_166' title='bbox 1772 2150 1870 2204; x_wconf 80' lang='grc' dir='ltr'><strong>καὶ</strong></span> 
     </span>
    </p>
   </div>
   <div class='ocr_carea' id='block_1_27' title="bbox 274 2236 1870 2312">
    <p class='ocr_par' dir='ltr' id='par_1_27' title="bbox 274 2236 1870 2312">
     <span class='ocr_line' id='line_1_27' title="bbox 274 2236 1870 2312; baseline 0.003 -21"><span class='ocrx_word' id='word_1_167' title='bbox 274 2237 755 2309; x_wconf 68' lang='grc' dir='ltr'><strong>αἰχμαλωτίζοντά</strong></span> <span class='ocrx_word' id='word_1_168' title='bbox 786 2257 854 2311; x_wconf 84' lang='grc' dir='ltr'><strong>με</strong></span> <span class='ocrx_word' id='word_1_169' title='bbox 890 2236 970 2310; x_wconf 79' lang='grc' dir='ltr'>τῷ</span> <span class='ocrx_word' id='word_1_170' title='bbox 998 2236 1150 2312; x_wconf 78' lang='grc' dir='ltr'>νόμῳ</span> <span class='ocrx_word' id='word_1_171' title='bbox 1185 2238 1288 2310; x_wconf 83' lang='grc' dir='ltr'>τῆς</span> <span class='ocrx_word' id='word_1_172' title='bbox 1317 2237 1618 2310; x_wconf 76' lang='grc' dir='ltr'>ἁμαρτίας,</span> <span class='ocrx_word' id='word_1_173' title='bbox 1649 2239 1728 2311; x_wconf 80' lang='grc' dir='ltr'><strong>τῷ</strong></span> <span class='ocrx_word' id='word_1_174' title='bbox 1755 2239 1870 2297; x_wconf 81' lang='grc' dir='ltr'>δντι</span> 
     </span>
    </p>
   </div>
   <div class='ocr_carea' id='block_1_28' title="bbox 275 2329 914 2403">
    <p class='ocr_par' dir='ltr' id='par_1_28' title="bbox 275 2329 914 2403">
     <span class='ocr_line' id='line_1_28' title="bbox 275 2329 914 2403; baseline 0 -19"><span class='ocrx_word' id='word_1_175' title='bbox 275 2329 339 2384; x_wconf 72' lang='grc' dir='ltr'>ὲν</span> <span class='ocrx_word' id='word_1_176' title='bbox 367 2330 482 2395; x_wconf 81' lang='grc' dir='ltr'>τοῖς</span> <span class='ocrx_word' id='word_1_177' title='bbox 517 2329 709 2401; x_wconf 78' lang='grc' dir='ltr'>μέλεσί</span> <span class='ocrx_word' id='word_1_178' title='bbox 733 2349 861 2403; x_wconf 86' lang='grc' dir='ltr'>μου.</span> <span class='ocrx_word' id='word_1_179' title='bbox 893 2350 914 2384; x_wconf 74' lang='grc' dir='ltr'><strong>ι</strong></span> 
     </span>
    </p>
   </div>
   <div class='ocr_carea' id='block_1_29' title="bbox 352 2439 1868 2518">
    <p class='ocr_par' dir='ltr' id='par_1_29' title="bbox 352 2439 1868 2518">
     <span class='ocr_line' id='line_1_29' title="bbox 352 2439 1868 2518; baseline 0.002 -21"><span class='ocrx_word' id='word_1_180' title='bbox 352 2439 518 2516; x_wconf 85' lang='grc' dir='ltr'>Ὅρα,</span> <span class='ocrx_word' id='word_1_181' title='bbox 553 2443 672 2510; x_wconf 79' lang='grc' dir='ltr'><strong>πῶς</strong></span> <span class='ocrx_word' id='word_1_182' title='bbox 722 2443 1018 2518; x_wconf 77' lang='grc' dir='ltr'><strong>διαγράφει</strong></span> <span class='ocrx_word' id='word_1_183' title='bbox 1071 2445 1253 2518; x_wconf 77' lang='grc' dir='ltr'>μάχην</span> <span class='ocrx_word' id='word_1_184' title='bbox 1297 2445 1466 2518; x_wconf 86' lang='grc' dir='ltr'>νόμου</span> <span class='ocrx_word' id='word_1_185' title='bbox 1510 2446 1743 2518; x_wconf 81' lang='grc' dir='ltr'>φυσικοῦ</span> <span class='ocrx_word' id='word_1_186' title='bbox 1774 2441 1868 2502; x_wconf 81' lang='grc' dir='ltr'><strong>καὶ</strong></span> 
     </span>
    </p>
   </div>
   <div class='ocr_carea' id='block_1_30' title="bbox 276 2533 1865 2609">
    <p class='ocr_par' dir='ltr' id='par_1_30' title="bbox 276 2533 1865 2609">
     <span class='ocr_line' id='line_1_30' title="bbox 276 2533 1865 2609; baseline 0.001 -19"><span class='ocrx_word' id='word_1_187' title='bbox 276 2533 583 2605; x_wconf 80' lang='grc' dir='ltr'>ἁμαρτίας,</span> <span class='ocrx_word' id='word_1_188' title='bbox 602 2533 702 2588; x_wconf 73' lang='grc' dir='ltr'><strong>καὶ</strong></span> <span class='ocrx_word' id='word_1_189' title='bbox 729 2536 890 2606; x_wconf 79' lang='grc' dir='ltr'>νίκην</span> <span class='ocrx_word' id='word_1_190' title='bbox 921 2536 1026 2607; x_wconf 80' lang='grc' dir='ltr'>τῆς</span> <span class='ocrx_word' id='word_1_191' title='bbox 1059 2535 1367 2609; x_wconf 74' lang='grc' dir='ltr'>ἁμαρτίαςο</span> <span class='ocrx_word' id='word_1_192' title='bbox 1397 2536 1459 2591; x_wconf 83' lang='grc' dir='ltr'>τὸ</span> <span class='ocrx_word' id='word_1_193' title='bbox 1496 2536 1628 2607; x_wconf 84' lang='grc' dir='ltr'>γὰρ,</span> <span class='ocrx_word' id='word_1_194' title='bbox 1658 2539 1806 2608; x_wconf 81' lang='grc' dir='ltr'>αίχμ</span> <span class='ocrx_word' id='word_1_195' title='bbox 1834 2568 1865 2586; x_wconf 75' lang='grc' dir='ltr'><strong>ο</strong></span> 
     </span>
    </p>
   </div>
   <div class='ocr_carea' id='block_1_31' title="bbox 271 2625 1872 2704">
    <p class='ocr_par' dir='ltr' id='par_1_31' title="bbox 271 2625 1872 2704">
     <span class='ocr_line' id='line_1_31' title="bbox 271 2625 1872 2704; baseline 0.002 -23"><span class='ocrx_word' id='word_1_196' title='bbox 271 2625 639 2690; x_wconf 69' lang='grc' dir='ltr'>αοιωτιζοντὰ</span> <span class='ocrx_word' id='word_1_197' title='bbox 655 2643 754 2699; x_wconf 78' lang='grc' dir='ltr'><strong>με,</strong></span> <span class='ocrx_word' id='word_1_198' title='bbox 774 2626 932 2683; x_wconf 86' lang='grc' dir='ltr'>τοῦτο</span> <span class='ocrx_word' id='word_1_199' title='bbox 949 2627 1239 2700; x_wconf 76' lang='grc' dir='ltr'>ἐδήλωσεν.</span> <span class='ocrx_word' id='word_1_200' title='bbox 1263 2631 1465 2701; x_wconf 77' lang='grc' dir='ltr'>Νόμον</span> <span class='ocrx_word' id='word_1_201' title='bbox 1486 2628 1544 2684; x_wconf 81' lang='grc' dir='ltr'>δὲ</span> <span class='ocrx_word' id='word_1_202' title='bbox 1568 2631 1668 2702; x_wconf 82' lang='grc' dir='ltr'>τὴν</span> <span class='ocrx_word' id='word_1_203' title='bbox 1691 2632 1872 2704; x_wconf 68' lang='grc' dir='ltr'>άμαρν</span> 
     </span>
    </p>
   </div>
   <div class='ocr_carea' id='block_1_32' title="bbox 269 2718 1871 2797">
    <p class='ocr_par' dir='ltr' id='par_1_32' title="bbox 269 2718 1871 2797">
     <span class='ocr_line' id='line_1_32' title="bbox 269 2718 1871 2797; baseline 0 -21"><span class='ocrx_word' id='word_1_204' title='bbox 269 2718 402 2776; x_wconf 87' lang='grc' dir='ltr'>τίαν</span> <span class='ocrx_word' id='word_1_205' title='bbox 427 2718 710 2786; x_wconf 70' lang='grc' dir='ltr'>ικάλεσεν,</span> <span class='ocrx_word' id='word_1_206' title='bbox 738 2719 802 2776; x_wconf 83' lang='grc' dir='ltr'><strong>ού</strong></span> <span class='ocrx_word' id='word_1_207' title='bbox 838 2719 928 2775; x_wconf 83' lang='grc' dir='ltr'>διὰ</span> <span class='ocrx_word' id='word_1_208' title='bbox 962 2720 1064 2792; x_wconf 81' lang='grc' dir='ltr'>τὴν</span> <span class='ocrx_word' id='word_1_209' title='bbox 1091 2720 1262 2793; x_wconf 82' lang='grc' dir='ltr'>αὐτῆς</span> <span class='ocrx_word' id='word_1_210' title='bbox 1295 2721 1480 2789; x_wconf 81' lang='grc' dir='ltr'>ἀξίαν,</span> <span class='ocrx_word' id='word_1_211' title='bbox 1497 2722 1636 2779; x_wconf 84' lang='grc' dir='ltr'>ἀλλὰ</span> <span class='ocrx_word' id='word_1_212' title='bbox 1660 2722 1748 2778; x_wconf 82' lang='grc' dir='ltr'><strong>διὰ</strong></span> <span class='ocrx_word' id='word_1_213' title='bbox 1770 2721 1871 2797; x_wconf 77' lang='grc' dir='ltr'>τὴν</span> 
     </span>
    </p>
   </div>
   <div class='ocr_carea' id='block_1_33' title="bbox 274 2807 1871 2888">
    <p class='ocr_par' dir='ltr' id='par_1_33' title="bbox 274 2807 1871 2888">
     <span class='ocr_line' id='line_1_33' title="bbox 274 2807 1871 2888; baseline 0.003 -22"><span class='ocrx_word' id='word_1_214' title='bbox 274 2807 532 2884; x_wconf 72' lang='grc' dir='ltr'>ὑπακοὴν</span> <span class='ocrx_word' id='word_1_215' title='bbox 555 2811 667 2866; x_wconf 82' lang='grc' dir='ltr'><strong>τῶν</strong></span> <span class='ocrx_word' id='word_1_216' title='bbox 695 2810 1037 2885; x_wconf 77' lang='grc' dir='ltr'>πειθομένων</span> <span class='ocrx_word' id='word_1_217' title='bbox 1074 2813 1237 2886; x_wconf 80' lang='grc' dir='ltr'>αὐτῇ.</span> <span class='ocrx_word' id='word_1_218' title='bbox 1297 2811 1514 2888; x_wconf 84' lang='grc' dir='ltr'>Ὠσπερ</span> <span class='ocrx_word' id='word_1_219' title='bbox 1556 2810 1652 2869; x_wconf 77' lang='grc' dir='ltr'>οὖν</span> <span class='ocrx_word' id='word_1_220' title='bbox 1679 2813 1871 2886; x_wconf 86' lang='grc' dir='ltr'>κύριον</span> 
     </span>
    </p>
   </div>
   <div class='ocr_carea' id='block_1_34' title="bbox 271 2903 1870 2986">
    <p class='ocr_par' dir='ltr' id='par_1_34' title="bbox 271 2903 1870 2986">
     <span class='ocr_line' id='line_1_34' title="bbox 271 2903 1870 2986; baseline 0.003 -27"><span class='ocrx_word' id='word_1_221' title='bbox 271 2904 371 2959; x_wconf 76' lang='grc' dir='ltr'>τὸν</span> <span class='ocrx_word' id='word_1_222' title='bbox 401 2904 642 2986; x_wconf 79' lang='grc' dir='ltr'>μαμωνᾶ</span> <span class='ocrx_word' id='word_1_223' title='bbox 674 2905 856 2974; x_wconf 82' lang='grc' dir='ltr'>καλεῖ,</span> <span class='ocrx_word' id='word_1_224' title='bbox 884 2907 981 2962; x_wconf 74' lang='grc' dir='ltr'><strong>καὶ</strong></span> <span class='ocrx_word' id='word_1_225' title='bbox 1013 2903 1148 2962; x_wconf 81' lang='grc' dir='ltr'>Θεὸν</span> <span class='ocrx_word' id='word_1_226' title='bbox 1171 2905 1272 2979; x_wconf 76' lang='grc' dir='ltr'>τὴν</span> <span class='ocrx_word' id='word_1_227' title='bbox 1301 2907 1535 2972; x_wconf 84' lang='grc' dir='ltr'>κοιλίαν,</span> <span class='ocrx_word' id='word_1_228' title='bbox 1571 2907 1633 2963; x_wconf 75' lang='grc' dir='ltr'>οὐ</span> <span class='ocrx_word' id='word_1_229' title='bbox 1663 2908 1752 2964; x_wconf 80' lang='grc' dir='ltr'><strong>διὰ</strong></span> <span class='ocrx_word' id='word_1_230' title='bbox 1770 2907 1870 2982; x_wconf 80' lang='grc' dir='ltr'>τὴν</span> 
     </span>
    </p>
   </div>
   <div class='ocr_carea' id='block_1_35' title="bbox 271 2997 1874 3074">
    <p class='ocr_par' dir='ltr' id='par_1_35' title="bbox 271 2997 1874 3074">
     <span class='ocr_line' id='line_1_35' title="bbox 271 2997 1874 3074; baseline 0.002 -21"><span class='ocrx_word' id='word_1_231' title='bbox 271 2997 490 3054; x_wconf 72' lang='grc' dir='ltr'>οἰκείαν</span> <span class='ocrx_word' id='word_1_232' title='bbox 517 2998 696 3067; x_wconf 78' lang='grc' dir='ltr'>ἀξίαν,</span> <span class='ocrx_word' id='word_1_233' title='bbox 721 3001 857 3057; x_wconf 80' lang='grc' dir='ltr'>ἀλλὰ</span> <span class='ocrx_word' id='word_1_234' title='bbox 880 2998 971 3056; x_wconf 79' lang='grc' dir='ltr'>διὰ</span> <span class='ocrx_word' id='word_1_235' title='bbox 998 3000 1098 3074; x_wconf 75' lang='grc' dir='ltr'>τὴν</span> <span class='ocrx_word' id='word_1_236' title='bbox 1122 3001 1327 3074; x_wconf 75' lang='grc' dir='ltr'>πολλὴν</span> <span class='ocrx_word' id='word_1_237' title='bbox 1349 3001 1459 3058; x_wconf 83' lang='grc' dir='ltr'><strong>τῶν</strong></span> <span class='ocrx_word' id='word_1_238' title='bbox 1485 3002 1874 3074; x_wconf 81' lang='grc' dir='ltr'>ὑποτεταγμὲ-</span> 
     </span>
    </p>
   </div>
   <div class='ocr_carea' id='block_1_36' title="bbox 273 3087 683 3149">
    <p class='ocr_par' dir='ltr' id='par_1_36' title="bbox 273 3087 683 3149">
     <span class='ocr_line' id='line_1_36' title="bbox 273 3087 683 3149; baseline 0.012 -5"><span class='ocrx_word' id='word_1_239' title='bbox 273 3108 388 3147; x_wconf 89' lang='grc' dir='ltr'><strong>νων</strong></span> <span class='ocrx_word' id='word_1_240' title='bbox 417 3087 683 3149; x_wconf 80' lang='grc' dir='ltr'>δουλείαν.</span> 
     </span>
    </p>
   </div>
   <div class='ocr_carea' id='block_1_37' title="bbox 407 3272 1873 3350">
    <p class='ocr_par' dir='ltr' id='par_1_37' title="bbox 407 3272 1873 3350">
     <span class='ocr_line' id='line_1_37' title="bbox 407 3272 1873 3350; baseline 0.001 -22"><span class='ocrx_word' id='word_1_241' title='bbox 407 3273 774 3346; x_wconf 80' lang='grc' dir='ltr'>Ταλαίπωρος</span> <span class='ocrx_word' id='word_1_242' title='bbox 824 3272 939 3346; x_wconf 75' lang='grc' dir='ltr'>ἐγὼ</span> <span class='ocrx_word' id='word_1_243' title='bbox 979 3274 1290 3350; x_wconf 77' lang='grc' dir='ltr'>ἄνθρωπος,</span> <span class='ocrx_word' id='word_1_244' title='bbox 1323 3275 1411 3340; x_wconf 84' lang='grc' dir='ltr'><strong>τίς</strong></span> <span class='ocrx_word' id='word_1_245' title='bbox 1444 3292 1513 3348; x_wconf 86' lang='grc' dir='ltr'><strong>με</strong></span> <span class='ocrx_word' id='word_1_246' title='bbox 1549 3274 1774 3348; x_wconf 80' lang='grc' dir='ltr'>ῥύσεται</span> <span class='ocrx_word' id='word_1_247' title='bbox 1807 3273 1873 3329; x_wconf 74' lang='grc' dir='ltr'><strong>ἐκ</strong></span> 
     </span>
    </p>
   </div>
   <div class='ocr_carea' id='block_1_38' title="bbox 272 3363 1877 3440">
    <p class='ocr_par' dir='ltr' id='par_1_38' title="bbox 272 3363 1877 3440">
     <span class='ocr_line' id='line_1_38' title="bbox 272 3363 1877 3440; baseline -0.001 -20"><span class='ocrx_word' id='word_1_248' title='bbox 272 3363 374 3420; x_wconf 81' lang='grc' dir='ltr'><strong>τοῦ</strong></span> <span class='ocrx_word' id='word_1_249' title='bbox 409 3365 663 3438; x_wconf 82' lang='grc' dir='ltr'>σώματος</span> <span class='ocrx_word' id='word_1_250' title='bbox 690 3364 787 3422; x_wconf 83' lang='grc' dir='ltr'><strong>τοῦ</strong></span> <span class='ocrx_word' id='word_1_251' title='bbox 813 3366 1050 3422; x_wconf 80' lang='grc' dir='ltr'>Θανάτου</span> <span class='ocrx_word' id='word_1_252' title='bbox 1071 3365 1296 3434; x_wconf 74' lang='grc' dir='ltr'>τούτους</span> <span class='ocrx_word' id='word_1_253' title='bbox 1330 3367 1509 3440; x_wconf 81' lang='grc' dir='ltr'>Χάρις</span> <span class='ocrx_word' id='word_1_254' title='bbox 1543 3367 1601 3422; x_wconf 73' lang='grc' dir='ltr'>δὲ</span> <span class='ocrx_word' id='word_1_255' title='bbox 1638 3365 1717 3439; x_wconf 82' lang='grc' dir='ltr'>τῷ</span> <span class='ocrx_word' id='word_1_256' title='bbox 1751 3365 1877 3439; x_wconf 78' lang='grc' dir='ltr'><strong>Θεῷ</strong></span> 
     </span>
    </p>
   </div>
   <div class='ocr_carea' id='block_1_39' title="bbox 263 3456 1874 3533">
    <p class='ocr_par' dir='ltr' id='par_1_39' title="bbox 263 3456 1874 3533">
     <span class='ocr_line' id='line_1_39' title="bbox 263 3456 1874 3533; baseline 0.001 -21"><span class='ocrx_word' id='word_1_257' title='bbox 263 3457 373 3514; x_wconf 77' lang='grc' dir='ltr'>’διὰ</span> <span class='ocrx_word' id='word_1_258' title='bbox 420 3458 597 3530; x_wconf 80' lang='grc' dir='ltr'><strong>Ἰησοῦ</strong></span> <span class='ocrx_word' id='word_1_259' title='bbox 624 3458 865 3531; x_wconf 85' lang='grc' dir='ltr'>Χριστοῦ</span> <span class='ocrx_word' id='word_1_260' title='bbox 885 3458 982 3514; x_wconf 84' lang='grc' dir='ltr'><strong>τοῦ</strong></span> <span class='ocrx_word' id='word_1_261' title='bbox 998 3460 1206 3530; x_wconf 81' lang='grc' dir='ltr'>Κυρίου</span> <span class='ocrx_word' id='word_1_262' title='bbox 1233 3460 1414 3533; x_wconf 79' lang='grc' dir='ltr'>ἡμῶν.</span> <span class='ocrx_word' id='word_1_263' title='bbox 1469 3461 1614 3532; x_wconf 81' lang='grc' dir='ltr'>’Λρα</span> <span class='ocrx_word' id='word_1_264' title='bbox 1647 3456 1742 3515; x_wconf 78' lang='grc' dir='ltr'>οὖν</span> <span class='ocrx_word' id='word_1_265' title='bbox 1771 3461 1874 3515; x_wconf 79' lang='grc' dir='ltr'>αύ-</span> 
     </span>
    </p>
   </div>
   <div class='ocr_carea' id='block_1_40' title="bbox 275 3550 1874 3626">
    <p class='ocr_par' dir='ltr' id='par_1_40' title="bbox 275 3550 1874 3626">
     <span class='ocr_line' id='line_1_40' title="bbox 275 3550 1874 3626; baseline 0 -20"><span class='ocrx_word' id='word_1_266' title='bbox 275 3552 379 3616; x_wconf 81' lang='grc' dir='ltr'>τὸς</span> <span class='ocrx_word' id='word_1_267' title='bbox 428 3551 561 3622; x_wconf 71' lang='grc' dir='ltr'>ἐγὼ,</span> <span class='ocrx_word' id='word_1_268' title='bbox 607 3551 686 3625; x_wconf 80' lang='grc' dir='ltr'>τῷ</span> <span class='ocrx_word' id='word_1_269' title='bbox 727 3553 828 3624; x_wconf 85' lang='grc' dir='ltr'>μὲν</span> <span class='ocrx_word' id='word_1_270' title='bbox 874 3550 958 3606; x_wconf 77' lang='grc' dir='ltr'>νοῒ</span> <span class='ocrx_word' id='word_1_271' title='bbox 1005 3550 1243 3608; x_wconf 79' lang='grc' dir='ltr'>δουλεύω</span> <span class='ocrx_word' id='word_1_272' title='bbox 1293 3551 1447 3626; x_wconf 74' lang='grc' dir='ltr'>νόμῳ</span> <span class='ocrx_word' id='word_1_273' title='bbox 1498 3551 1659 3619; x_wconf 84' lang='grc' dir='ltr'>Θεοῦ,</span> <span class='ocrx_word' id='word_1_274' title='bbox 1697 3551 1767 3626; x_wconf 72' lang='grc' dir='ltr'>τῇ</span> <span class='ocrx_word' id='word_1_275' title='bbox 1813 3551 1874 3606; x_wconf 67' lang='grc' dir='ltr'>δὲ</span> 
     </span>
    </p>
   </div>
   <div class='ocr_carea' id='block_1_41' title="bbox 282 3632 1805 3726">
    <p class='ocr_par' dir='ltr' id='par_1_41' title="bbox 282 3632 1805 3726">
     <span class='ocr_line' id='line_1_41' title="bbox 282 3632 1805 3726; baseline 0 -26"><span class='ocrx_word' id='word_1_276' title='bbox 282 3646 488 3726; x_wconf 70' lang='grc' dir='ltr'><strong>σαρκὶἸ</strong></span> <span class='ocrx_word' id='word_1_277' title='bbox 510 3644 662 3721; x_wconf 81' lang='grc' dir='ltr'>νόμῳ</span> <span class='ocrx_word' id='word_1_278' title='bbox 690 3645 997 3724; x_wconf 78' lang='grc' dir='ltr'>ἁμαρτίας.</span> <span class='ocrx_word' id='word_1_279' title='bbox 1032 3663 1058 3700; x_wconf 70' lang='grc' dir='ltr'><strong>ι</strong></span> <span class='ocrx_word' id='word_1_280' title='bbox 1800 3632 1805 3636; x_wconf 49' lang='grc'><em>’</em></span> 
     </span>
    </p>
   </div>
   <div class='ocr_carea' id='block_1_42' title="bbox 359 3761 1874 3840">
    <p class='ocr_par' dir='ltr' id='par_1_42' title="bbox 359 3761 1874 3840">
     <span class='ocr_line' id='line_1_42' title="bbox 359 3761 1874 3840; baseline 0.003 -23"><span class='ocrx_word' id='word_1_281' title='bbox 359 3761 515 3819; x_wconf 70' lang='grc' dir='ltr'>Μετὰ</span> <span class='ocrx_word' id='word_1_282' title='bbox 541 3764 605 3818; x_wconf 87' lang='grc' dir='ltr'><strong>τδ</strong></span> <span class='ocrx_word' id='word_1_283' title='bbox 659 3764 1081 3840; x_wconf 69' lang='grc' dir='ltr'>ἑκτραγῳδῆσαι</span> <span class='ocrx_word' id='word_1_284' title='bbox 1111 3763 1213 3839; x_wconf 78' lang='grc' dir='ltr'>τὴν</span> <span class='ocrx_word' id='word_1_285' title='bbox 1249 3763 1377 3838; x_wconf 84' lang='grc' dir='ltr'>βίαν</span> <span class='ocrx_word' id='word_1_286' title='bbox 1416 3765 1518 3839; x_wconf 74' lang='grc' dir='ltr'>τῆς</span> <span class='ocrx_word' id='word_1_287' title='bbox 1557 3764 1874 3840; x_wconf 72' lang='grc' dir='ltr'>ἁμαρτίας,</span> 
     </span>
    </p>
   </div>
   <div class='ocr_carea' id='block_1_43' title="bbox 279 3851 1875 3931">
    <p class='ocr_par' dir='ltr' id='par_1_43' title="bbox 279 3851 1875 3931">
     <span class='ocr_line' id='line_1_43' title="bbox 279 3851 1875 3931; baseline 0.003 -19"><span class='ocrx_word' id='word_1_288' title='bbox 279 3855 378 3912; x_wconf 64' lang='grc' dir='ltr'><strong>ἰπὶ</strong></span> <span class='ocrx_word' id='word_1_289' title='bbox 407 3855 499 3913; x_wconf 84' lang='grc' dir='ltr'><strong>τδν</strong></span> <span class='ocrx_word' id='word_1_290' title='bbox 522 3851 706 3914; x_wconf 72' lang='grc' dir='ltr'>οἶκτον</span> <span class='ocrx_word' id='word_1_291' title='bbox 731 3858 974 3931; x_wconf 75' lang='grc' dir='ltr'>ἔρχεται.</span> <span class='ocrx_word' id='word_1_292' title='bbox 1016 3859 1114 3926; x_wconf 78' lang='grc' dir='ltr'><strong>Τις</strong></span> <span class='ocrx_word' id='word_1_293' title='bbox 1141 3875 1222 3930; x_wconf 75' lang='grc' dir='ltr'><strong>με</strong></span> <span class='ocrx_word' id='word_1_294' title='bbox 1241 3859 1495 3928; x_wconf 71' lang='grc' dir='ltr'>ῥύσεται</span> <span class='ocrx_word' id='word_1_295' title='bbox 1510 3877 1531 3925; x_wconf 87' lang='grc'><em>;</em></span> <span class='ocrx_word' id='word_1_296' title='bbox 1562 3859 1680 3916; x_wconf 72' lang='grc' dir='ltr'>ἀλλ’</span> <span class='ocrx_word' id='word_1_297' title='bbox 1709 3858 1875 3926; x_wconf 75' lang='grc' dir='ltr'>εὐθὺς</span> 
     </span>
    </p>
   </div>
   <div class='ocr_carea' id='block_1_44' title="bbox 281 3947 1874 4026">
    <p class='ocr_par' dir='ltr' id='par_1_44' title="bbox 281 3947 1874 4026">
     <span class='ocr_line' id='line_1_44' title="bbox 281 3947 1874 4026; baseline 0.003 -22"><span class='ocrx_word' id='word_1_298' title='bbox 281 3949 482 4020; x_wconf 70' lang='grc' dir='ltr'>ἐπάγει</span> <span class='ocrx_word' id='word_1_299' title='bbox 510 3947 610 4023; x_wconf 77' lang='grc' dir='ltr'>τὴν</span> <span class='ocrx_word' id='word_1_300' title='bbox 641 3950 936 4023; x_wconf 78' lang='grc' dir='ltr'>δεδομένην</span> <span class='ocrx_word' id='word_1_301' title='bbox 964 3953 1025 4006; x_wconf 81' lang='grc' dir='ltr'>ὲν</span> <span class='ocrx_word' id='word_1_302' title='bbox 1065 3950 1344 4018; x_wconf 73' lang='grc' dir='ltr'>τοσούτοις</span> <span class='ocrx_word' id='word_1_303' title='bbox 1371 3954 1564 4017; x_wconf 78' lang='grc' dir='ltr'>κακοῖς</span> <span class='ocrx_word' id='word_1_304' title='bbox 1597 3952 1874 4026; x_wconf 84' lang='grc' dir='ltr'>σωτηρίας</span> 
     </span>
    </p>
   </div>
   <div class='ocr_carea' id='block_1_45' title="bbox 281 4039 1875 4118">
    <p class='ocr_par' dir='ltr' id='par_1_45' title="bbox 281 4039 1875 4118">
     <span class='ocr_line' id='line_1_45' title="bbox 281 4039 1875 4118; baseline 0.003 -22"><span class='ocrx_word' id='word_1_305' title='bbox 281 4039 476 4097; x_wconf 77' lang='grc' dir='ltr'>ιλπίδα</span> <span class='ocrx_word' id='word_1_306' title='bbox 498 4054 516 4072; x_wconf 91' lang='grc'>⁶</span> <span class='ocrx_word' id='word_1_307' title='bbox 545 4041 687 4111; x_wconf 84' lang='grc' dir='ltr'>αῦτη</span> <span class='ocrx_word' id='word_1_308' title='bbox 713 4043 773 4098; x_wconf 74' lang='grc' dir='ltr'>δέ</span> <span class='ocrx_word' id='word_1_309' title='bbox 802 4044 952 4098; x_wconf 71' lang='grc' dir='ltr'>ἐστιν</span> <span class='ocrx_word' id='word_1_310' title='bbox 979 4043 1015 4116; x_wconf 75' lang='grc' dir='ltr'><strong>ἡ</strong></span> <span class='ocrx_word' id='word_1_311' title='bbox 1066 4042 1252 4116; x_wconf 81' lang='grc' dir='ltr'>χάρις.</span> <span class='ocrx_word' id='word_1_312' title='bbox 1296 4043 1468 4100; x_wconf 70' lang='grc' dir='ltr'>ὀταν</span> <span class='ocrx_word' id='word_1_313' title='bbox 1522 4042 1581 4099; x_wconf 73' lang='grc' dir='ltr'>δὲ</span> <span class='ocrx_word' id='word_1_314' title='bbox 1623 4043 1875 4118; x_wconf 61' lang='grc' dir='ltr'>ἡκούσης</span> 
     </span>
    </p>
   </div>
   <div class='ocr_carea' id='block_1_46' title="bbox 280 4134 1874 4207">
    <p class='ocr_par' dir='ltr' id='par_1_46' title="bbox 280 4134 1874 4207">
     <span class='ocr_line' id='line_1_46' title="bbox 280 4134 1874 4207; baseline 0.003 -17"><span class='ocrx_word' id='word_1_315' title='bbox 280 4134 549 4206; x_wconf 73' lang='grc' dir='ltr'>λέγοντας</span> <span class='ocrx_word' id='word_1_316' title='bbox 571 4150 591 4169; x_wconf 88' lang='grc'><strong>·</strong></span> <span class='ocrx_word' id='word_1_317' title='bbox 651 4138 750 4204; x_wconf 84' lang='grc' dir='ltr'><strong>Τίς</strong></span> <span class='ocrx_word' id='word_1_318' title='bbox 792 4153 873 4207; x_wconf 77' lang='grc' dir='ltr'><strong>με</strong></span> <span class='ocrx_word' id='word_1_319' title='bbox 917 4137 1174 4207; x_wconf 77' lang='grc' dir='ltr'>ῥύσεται</span> <span class='ocrx_word' id='word_1_320' title='bbox 1205 4137 1276 4192; x_wconf 77' lang='grc' dir='ltr'><strong><em>ἐκ</em></strong></span> <span class='ocrx_word' id='word_1_321' title='bbox 1305 4135 1413 4192; x_wconf 86' lang='grc' dir='ltr'><strong>τοῦ</strong></span> <span class='ocrx_word' id='word_1_322' title='bbox 1457 4136 1736 4207; x_wconf 84' lang='grc' dir='ltr'>σώματος</span> <span class='ocrx_word' id='word_1_323' title='bbox 1764 4137 1874 4196; x_wconf 81' lang='grc' dir='ltr'><strong>τσῦ</strong></span> 
     </span>
    </p>
   </div>
   <div class='ocr_carea' id='block_1_47' title="bbox 281 4225 1875 4304">
    <p class='ocr_par' dir='ltr' id='par_1_47' title="bbox 281 4225 1875 4304">
     <span class='ocr_line' id='line_1_47' title="bbox 281 4225 1875 4304; baseline 0 -18"><span class='ocrx_word' id='word_1_324' title='bbox 281 4227 549 4286; x_wconf 73' lang='grc' dir='ltr'>θανάτου</span> <span class='ocrx_word' id='word_1_325' title='bbox 575 4229 832 4295; x_wconf 71' lang='grc' dir='ltr'>τούτους</span> <span class='ocrx_word' id='word_1_326' title='bbox 862 4228 940 4302; x_wconf 73' lang='grc' dir='ltr'>μὴ</span> <span class='ocrx_word' id='word_1_327' title='bbox 963 4225 1155 4302; x_wconf 75' lang='grc' dir='ltr'>νόμιζε</span> <span class='ocrx_word' id='word_1_328' title='bbox 1187 4231 1288 4304; x_wconf 80' lang='grc' dir='ltr'>τῆς</span> <span class='ocrx_word' id='word_1_329' title='bbox 1317 4229 1521 4302; x_wconf 77' lang='grc' dir='ltr'>σαρκὸς</span> <span class='ocrx_word' id='word_1_330' title='bbox 1544 4229 1710 4286; x_wconf 79' lang='grc' dir='ltr'>αὐτὸν</span> <span class='ocrx_word' id='word_1_331' title='bbox 1735 4247 1875 4286; x_wconf 81' lang='grc' dir='ltr'>κατ-</span> 
     </span>
    </p>
   </div>
   <div class='ocr_carea' id='block_1_48' title="bbox 277 4319 1877 4398">
    <p class='ocr_par' dir='ltr' id='par_1_48' title="bbox 277 4319 1877 4398">
     <span class='ocr_line' id='line_1_48' title="bbox 277 4319 1877 4398; baseline -0.001 -20"><span class='ocrx_word' id='word_1_332' title='bbox 277 4324 534 4398; x_wconf 78' lang='grc' dir='ltr'>ηγορεῖν.</span> <span class='ocrx_word' id='word_1_333' title='bbox 568 4322 705 4377; x_wconf 73' lang='grc' dir='ltr'><strong>Οὐδὲ</strong></span> <span class='ocrx_word' id='word_1_334' title='bbox 725 4321 835 4396; x_wconf 82' lang='grc' dir='ltr'><strong>γὰρ</strong></span> <span class='ocrx_word' id='word_1_335' title='bbox 862 4319 986 4378; x_wconf 77' lang='grc' dir='ltr'>εἷπε</span> <span class='ocrx_word' id='word_1_336' title='bbox 1009 4324 1174 4395; x_wconf 81' lang='grc' dir='ltr'>σῶμα</span> <span class='ocrx_word' id='word_1_337' title='bbox 1207 4323 1510 4398; x_wconf 75' lang='grc' dir='ltr'>ἁμαρτίας,</span> <span class='ocrx_word' id='word_1_338' title='bbox 1540 4322 1680 4378; x_wconf 79' lang='grc' dir='ltr'>ἀλλὰ</span> <span class='ocrx_word' id='word_1_339' title='bbox 1700 4320 1877 4394; x_wconf 80' lang='grc' dir='ltr'>σῶμα</span> 
     </span>
    </p>
   </div>
   <div class='ocr_carea' id='block_1_49' title="bbox 281 4414 1875 4491">
    <p class='ocr_par' dir='ltr' id='par_1_49' title="bbox 281 4414 1875 4491">
     <span class='ocr_line' id='line_1_49' title="bbox 281 4414 1875 4491; baseline -0.004 -15"><span class='ocrx_word' id='word_1_340' title='bbox 281 4415 571 4482; x_wconf 74' lang='grc' dir='ltr'>θανάτου.</span> <span class='ocrx_word' id='word_1_341' title='bbox 596 4418 864 4481; x_wconf 73' lang='grc' dir='ltr'>τουτέστι,</span> <span class='ocrx_word' id='word_1_342' title='bbox 889 4417 954 4472; x_wconf 62' lang='lat' dir='ltr'><strong>es</strong></span> <span class='ocrx_word' id='word_1_343' title='bbox 976 4416 1170 4491; x_wconf 70' lang='grc' dir='ltr'>θνητὸν</span> <span class='ocrx_word' id='word_1_344' title='bbox 1190 4417 1374 4490; x_wconf 80' lang='grc' dir='ltr'>σῶμα,</span> <span class='ocrx_word' id='word_1_345' title='bbox 1398 4414 1464 4472; x_wconf 84' lang='grc' dir='ltr'><strong>τδ</strong></span> <span class='ocrx_word' id='word_1_346' title='bbox 1484 4414 1747 4490; x_wconf 67' lang='grc' dir='ltr'>χειρωθὲν</span> <span class='ocrx_word' id='word_1_347' title='bbox 1768 4415 1875 4471; x_wconf 83' lang='grc' dir='ltr'><strong>ύπδ</strong></span> 
     </span>
    </p>
   </div>
   <div class='ocr_carea' id='block_1_50' title="bbox 279 4508 648 4568">
    <p class='ocr_par' dir='ltr' id='par_1_50' title="bbox 279 4508 648 4568">
     <span class='ocr_line' id='line_1_50' title="bbox 279 4508 648 4568; baseline -0.005 0"><span class='ocrx_word' id='word_1_348' title='bbox 279 4508 380 4568; x_wconf 83' lang='grc' dir='ltr'><strong>τοῦ</strong></span> <span class='ocrx_word' id='word_1_349' title='bbox 414 4510 648 4568; x_wconf 87' lang='grc' dir='ltr'>θανάτου</span> 
     </span>
    </p>
   </div>
   <div class='ocr_carea' id='block_1_51' title="bbox 885 4667 1268 4724">
    <p class='ocr_par' dir='ltr' id='par_1_51' title="bbox 885 4667 1268 4724">
     <span class='ocr_line' id='line_1_51' title="bbox 885 4667 1268 4724; baseline 0.005 -2"><span class='ocrx_word' id='word_1_350' title='bbox 885 4667 1142 4722; x_wconf 60' lang='grc' dir='ltr'><strong>ΚΕΦΛΛ.</strong></span> <span class='ocrx_word' id='word_1_351' title='bbox 1184 4668 1268 4724; x_wconf 83' lang='lat' dir='ltr'><strong>H&#39;.</strong></span> 
     </span>
    </p>
   </div>
   <div class='ocr_carea' id='block_1_52' title="bbox 1895 3160 1943 3226">
    <p class='ocr_par' dir='ltr' id='par_1_52' title="bbox 1895 3160 1943 3226">
     <span class='ocr_line' id='line_1_52' title="bbox 1895 3160 1943 3226; baseline 0 0"><span class='ocrx_word' id='word_1_352' title='bbox 1895 3160 1943 3226; x_wconf 77' lang='grc' dir='ltr'><strong>Β</strong></span> 
     </span>
    </p>
   </div>
   <div class='ocr_carea' id='block_1_53' title="bbox 1965 909 3089 982">
    <p class='ocr_par' dir='ltr' id='par_1_53' title="bbox 1965 909 3089 982">
     <span class='ocr_line' id='line_1_53' title="bbox 1965 909 3089 982; baseline -0.007 -13"><span class='ocrx_word' id='word_1_353' title='bbox 1965 911 2063 969; x_wconf 89' lang='lat' dir='ltr'><strong>sed</strong></span> <span class='ocrx_word' id='word_1_354' title='bbox 2090 911 2238 982; x_wconf 90' lang='lat' dir='ltr'><strong>quod</strong></span> <span class='ocrx_word' id='word_1_355' title='bbox 2265 909 2473 965; x_wconf 90' lang='lat' dir='ltr'><strong>habitat</strong></span> <span class='ocrx_word' id='word_1_356' title='bbox 2502 910 2560 964; x_wconf 88' lang='lat' dir='ltr'><strong>in</strong></span> <span class='ocrx_word' id='word_1_357' title='bbox 2593 924 2682 964; x_wconf 91' lang='lat' dir='ltr'><strong>me</strong></span> <span class='ocrx_word' id='word_1_358' title='bbox 2712 916 3026 980; x_wconf 87' lang='lat' dir='ltr'><strong>peccatum.</strong></span> <span class='ocrx_word' id='word_1_359' title='bbox 3067 925 3089 960; x_wconf 82' lang='grc'><strong>›</strong></span> 
     </span>
    </p>
   </div>
   <div class='ocr_carea' id='block_1_54' title="bbox 2039 1000 3479 1075">
    <p class='ocr_par' dir='ltr' id='par_1_54' title="bbox 2039 1000 3479 1075">
     <span class='ocr_line' id='line_1_54' title="bbox 2039 1000 3479 1075; baseline 0 -18"><span class='ocrx_word' id='word_1_360' title='bbox 2039 1004 2146 1075; x_wconf 72' lang='grc'><strong>27</strong></span> <span class='ocrx_word' id='word_1_361' title='bbox 2175 1001 2394 1075; x_wconf 81' lang='lat' dir='ltr'><strong>Repetit</strong></span> <span class='ocrx_word' id='word_1_362' title='bbox 2424 1010 2479 1059; x_wconf 81' lang='lat' dir='ltr'><strong>et</strong></span> <span class='ocrx_word' id='word_1_363' title='bbox 2502 1002 2748 1058; x_wconf 81' lang='lat' dir='ltr'><strong>inculcat</strong></span> <span class='ocrx_word' id='word_1_364' title='bbox 2777 1001 2830 1057; x_wconf 91' lang='lat' dir='ltr'><strong>id</strong></span> <span class='ocrx_word' id='word_1_365' title='bbox 2862 1001 3012 1073; x_wconf 88' lang='lat' dir='ltr'><strong>quod</strong></span> <span class='ocrx_word' id='word_1_366' title='bbox 3043 1001 3210 1058; x_wconf 89' lang='lat' dir='ltr'><strong>modo</strong></span> <span class='ocrx_word' id='word_1_367' title='bbox 3242 1000 3479 1057; x_wconf 77' lang='lat' dir='ltr'><strong>dixerat.</strong></span> 
     </span>
    </p>
   </div>
   <div class='ocr_carea' id='block_1_55' title="bbox 2039 1091 3552 1166">
    <p class='ocr_par' dir='ltr' id='par_1_55' title="bbox 2039 1091 3552 1166">
     <span class='ocr_line' id='line_1_55' title="bbox 2039 1091 3552 1166; baseline 0.003 -18"><span class='ocrx_word' id='word_1_368' title='bbox 2039 1093 2211 1150; x_wconf 71' lang='lat' dir='ltr'><strong>Vens.</strong></span> <span class='ocrx_word' id='word_1_369' title='bbox 2246 1094 2341 1149; x_wconf 73' lang='grc'><strong>21.</strong></span> <span class='ocrx_word' id='word_1_370' title='bbox 2381 1112 2401 1148; x_wconf 82' lang='grc' dir='ltr'><strong>ι</strong></span> <span class='ocrx_word' id='word_1_371' title='bbox 2440 1091 2671 1151; x_wconf 84' lang='lat' dir='ltr'><strong>Invenio</strong></span> <span class='ocrx_word' id='word_1_372' title='bbox 2725 1094 2894 1166; x_wconf 89' lang='lat' dir='ltr'><strong>igitur</strong></span> <span class='ocrx_word' id='word_1_373' title='bbox 2943 1093 3119 1165; x_wconf 84' lang='lat' dir='ltr'><strong>legem</strong></span> <span class='ocrx_word' id='word_1_374' title='bbox 3173 1094 3380 1149; x_wconf 84' lang='lat' dir='ltr'><strong>volenti</strong></span> <span class='ocrx_word' id='word_1_375' title='bbox 3422 1094 3552 1152; x_wconf 87' lang='lat' dir='ltr'><strong>mihi</strong></span> 
     </span>
    </p>
   </div>
   <div class='ocr_carea' id='block_1_56' title="bbox 1968 1185 3410 1260">
    <p class='ocr_par' dir='ltr' id='par_1_56' title="bbox 1968 1185 3410 1260">
     <span class='ocr_line' id='line_1_56' title="bbox 1968 1185 3410 1260; baseline -0.002 -17"><span class='ocrx_word' id='word_1_376' title='bbox 1968 1185 2152 1244; x_wconf 80' lang='lat' dir='ltr'><strong>facere</strong></span> <span class='ocrx_word' id='word_1_377' title='bbox 2177 1186 2412 1255; x_wconf 83' lang='lat' dir='ltr'><strong>bonum,</strong></span> <span class='ocrx_word' id='word_1_378' title='bbox 2440 1187 2704 1260; x_wconf 88' lang='lat' dir='ltr'><strong>quoniam</strong></span> <span class='ocrx_word' id='word_1_379' title='bbox 2732 1186 2870 1241; x_wconf 87' lang='lat' dir='ltr'><strong>mihi</strong></span> <span class='ocrx_word' id='word_1_380' title='bbox 2895 1187 3100 1241; x_wconf 91' lang='lat' dir='ltr'><strong>malum</strong></span> <span class='ocrx_word' id='word_1_381' title='bbox 3130 1186 3362 1257; x_wconf 79' lang='lat' dir='ltr'><strong>adjacet.</strong></span> <span class='ocrx_word' id='word_1_382' title='bbox 3388 1207 3410 1240; x_wconf 72' lang='grc' dir='ltr'><strong>ι</strong></span> 
     </span>
    </p>
   </div>
   <div class='ocr_carea' id='block_1_57' title="bbox 2039 1299 3555 1371">
    <p class='ocr_par' dir='ltr' id='par_1_57' title="bbox 2039 1299 3555 1371">
     <span class='ocr_line' id='line_1_57' title="bbox 2039 1299 3555 1371; baseline -0.001 -16"><span class='ocrx_word' id='word_1_383' title='bbox 2039 1302 2179 1369; x_wconf 87' lang='lat' dir='ltr'><strong>Quia</strong></span> <span class='ocrx_word' id='word_1_384' title='bbox 2221 1301 2432 1358; x_wconf 90' lang='lat' dir='ltr'><strong>bonum</strong></span> <span class='ocrx_word' id='word_1_385' title='bbox 2486 1301 2728 1366; x_wconf 87' lang='lat' dir='ltr'><strong>dixerat,</strong></span> <span class='ocrx_word' id='word_1_386' title='bbox 2796 1299 3203 1371; x_wconf 81' lang='lat' dir='ltr'><strong>subjiciendum</strong></span> <span class='ocrx_word' id='word_1_387' title='bbox 3251 1300 3383 1355; x_wconf 91' lang='lat' dir='ltr'><strong>illud</strong></span> <span class='ocrx_word' id='word_1_388' title='bbox 3433 1300 3555 1365; x_wconf 80' lang='lat' dir='ltr'><strong>fuit,</strong></span> 
     </span>
    </p>
   </div>
   <div class='ocr_carea' id='block_1_58' title="bbox 1971 1391 3560 1466">
    <p class='ocr_par' dir='ltr' id='par_1_58' title="bbox 1971 1391 3560 1466">
     <span class='ocr_line' id='line_1_58' title="bbox 1971 1391 3560 1466; baseline -0.001 -16"><span class='ocrx_word' id='word_1_389' title='bbox 1971 1396 2119 1466; x_wconf 90' lang='lat' dir='ltr'><strong>quod</strong></span> <span class='ocrx_word' id='word_1_390' title='bbox 2148 1394 2215 1451; x_wconf 88' lang='lat' dir='ltr'><strong>ad</strong></span> <span class='ocrx_word' id='word_1_391' title='bbox 2251 1397 2356 1452; x_wconf 89' lang='lat' dir='ltr'><strong>hoc</strong></span> <span class='ocrx_word' id='word_1_392' title='bbox 2397 1393 2686 1451; x_wconf 81' lang='lat' dir='ltr'><strong>conferat:</strong></span> <span class='ocrx_word' id='word_1_393' title='bbox 2738 1401 2909 1464; x_wconf 85' lang='lat' dir='ltr'><strong>atque</strong></span> <span class='ocrx_word' id='word_1_394' title='bbox 2953 1391 3059 1450; x_wconf 89' lang='lat' dir='ltr'><strong>hoc</strong></span> <span class='ocrx_word' id='word_1_395' title='bbox 3105 1393 3268 1448; x_wconf 90' lang='lat' dir='ltr'><strong>modo</strong></span> <span class='ocrx_word' id='word_1_396' title='bbox 3319 1395 3465 1449; x_wconf 84' lang='lat' dir='ltr'><strong>clara</strong></span> <span class='ocrx_word' id='word_1_397' title='bbox 3502 1397 3560 1448; x_wconf 86' lang='lat' dir='ltr'><strong>lit</strong></span> 
     </span>
    </p>
   </div>
   <div class='ocr_carea' id='block_1_59' title="bbox 1971 1481 3559 1559">
    <p class='ocr_par' dir='ltr' id='par_1_59' title="bbox 1971 1481 3559 1559">
     <span class='ocr_line' id='line_1_59' title="bbox 1971 1481 3559 1559; baseline -0.004 -12"><span class='ocrx_word' id='word_1_398' title='bbox 1971 1506 2034 1547; x_wconf 89' lang='lat' dir='ltr'><strong>ea</strong></span> <span class='ocrx_word' id='word_1_399' title='bbox 2088 1489 2367 1547; x_wconf 87' lang='lat' dir='ltr'><strong>sententia</strong></span> <span class='ocrx_word' id='word_1_400' title='bbox 2419 1504 2531 1559; x_wconf 90' lang='lat' dir='ltr'><strong>qua</strong></span> <span class='ocrx_word' id='word_1_401' title='bbox 2594 1488 2836 1545; x_wconf 90' lang='lat' dir='ltr'><strong>dicitur:</strong></span> <span class='ocrx_word' id='word_1_402' title='bbox 2897 1481 3117 1542; x_wconf 74' lang='lat' dir='ltr'><strong>Invenio</strong></span> <span class='ocrx_word' id='word_1_403' title='bbox 3152 1488 3313 1559; x_wconf 78' lang='lat' dir='ltr'><strong>legem</strong></span> <span class='ocrx_word' id='word_1_404' title='bbox 3365 1489 3559 1542; x_wconf 83' lang='lat' dir='ltr'><strong>volenti</strong></span> 
     </span>
    </p>
   </div>
   <div class='ocr_carea' id='block_1_60' title="bbox 1972 1580 3558 1654">
    <p class='ocr_par' dir='ltr' id='par_1_60' title="bbox 1972 1580 3558 1654">
     <span class='ocr_line' id='line_1_60' title="bbox 1972 1580 3558 1654; baseline -0.003 -13"><span class='ocrx_word' id='word_1_405' title='bbox 1972 1585 2102 1641; x_wconf 79' lang='lat' dir='ltr'><strong>mihi</strong></span> <span class='ocrx_word' id='word_1_406' title='bbox 2127 1584 2318 1640; x_wconf 85' lang='lat' dir='ltr'><strong>bonum</strong></span> <span class='ocrx_word' id='word_1_407' title='bbox 2344 1584 2540 1654; x_wconf 81' lang='lat' dir='ltr'><strong>facere,</strong></span> <span class='ocrx_word' id='word_1_408' title='bbox 2570 1598 2693 1654; x_wconf 82' lang='lat' dir='ltr'><strong>quae</strong></span> <span class='ocrx_word' id='word_1_409' title='bbox 2720 1581 2910 1653; x_wconf 86' lang='lat' dir='ltr'><strong>utique</strong></span> <span class='ocrx_word' id='word_1_410' title='bbox 2931 1580 3251 1652; x_wconf 77' lang='lat' dir='ltr'><strong>adiumento</strong></span> <span class='ocrx_word' id='word_1_411' title='bbox 3276 1581 3368 1637; x_wconf 86' lang='lat' dir='ltr'><strong>sit.</strong></span> <span class='ocrx_word' id='word_1_412' title='bbox 3409 1581 3558 1636; x_wconf 87' lang='lat' dir='ltr'><strong>lstud</strong></span> 
     </span>
    </p>
   </div>
   <div class='ocr_carea' id='block_1_61' title="bbox 1971 1671 3560 1750">
    <p class='ocr_par' dir='ltr' id='par_1_61' title="bbox 1971 1671 3560 1750">
     <span class='ocr_line' id='line_1_61' title="bbox 1971 1671 3560 1750; baseline -0.003 -17"><span class='ocrx_word' id='word_1_413' title='bbox 1971 1694 2125 1739; x_wconf 84' lang='lat' dir='ltr'><strong>vero.</strong></span> <span class='ocrx_word' id='word_1_414' title='bbox 2187 1679 2440 1750; x_wconf 73' lang='lat' dir='ltr'><strong>quoniam</strong></span> <span class='ocrx_word' id='word_1_415' title='bbox 2487 1676 2620 1730; x_wconf 84' lang='lat' dir='ltr'><strong>mihi</strong></span> <span class='ocrx_word' id='word_1_416' title='bbox 2659 1673 2862 1729; x_wconf 86' lang='lat' dir='ltr'><strong>malum</strong></span> <span class='ocrx_word' id='word_1_417' title='bbox 2913 1671 3144 1744; x_wconf 83' lang='lat' dir='ltr'><strong>adjacet,</strong></span> <span class='ocrx_word' id='word_1_418' title='bbox 3191 1672 3332 1729; x_wconf 88' lang='lat' dir='ltr'><strong>idem</strong></span> <span class='ocrx_word' id='word_1_419' title='bbox 3379 1681 3466 1728; x_wconf 84' lang='lat' dir='ltr'><strong>est</strong></span> <span class='ocrx_word' id='word_1_420' title='bbox 3495 1689 3560 1729; x_wconf 83' lang='lat' dir='ltr'><strong>ac</strong></span> 
     </span>
    </p>
   </div>
   <div class='ocr_carea' id='block_1_62' title="bbox 1976 1769 3560 1844">
    <p class='ocr_par' dir='ltr' id='par_1_62' title="bbox 1976 1769 3560 1844">
     <span class='ocr_line' id='line_1_62' title="bbox 1976 1769 3560 1844; baseline -0.004 -15"><span class='ocrx_word' id='word_1_421' title='bbox 1976 1772 2022 1829; x_wconf 89' lang='lat' dir='ltr'><strong>si</strong></span> <span class='ocrx_word' id='word_1_422' title='bbox 2052 1773 2224 1838; x_wconf 89' lang='lat' dir='ltr'><strong>.dicat,</strong></span> <span class='ocrx_word' id='word_1_423' title='bbox 2265 1786 2580 1844; x_wconf 87' lang='lat' dir='ltr'><strong>quanquam</strong></span> <span class='ocrx_word' id='word_1_424' title='bbox 2617 1781 2903 1844; x_wconf 84' lang='lat' dir='ltr'><strong>peccatum</strong></span> <span class='ocrx_word' id='word_1_425' title='bbox 2927 1771 3162 1843; x_wconf 77' lang='lat' dir='ltr'><strong>ingruit,</strong></span> <span class='ocrx_word' id='word_1_426' title='bbox 3197 1784 3309 1840; x_wconf 88' lang='lat' dir='ltr'><strong>quo</strong></span> <span class='ocrx_word' id='word_1_427' title='bbox 3343 1769 3411 1824; x_wconf 87' lang='lat' dir='ltr'><strong>ad</strong></span> <span class='ocrx_word' id='word_1_428' title='bbox 3445 1783 3560 1823; x_wconf 79' lang='lat' dir='ltr'><strong>ma-</strong></span> 
     </span>
    </p>
   </div>
   <div class='ocr_carea' id='block_1_63' title="bbox 1973 1866 2341 1922">
    <p class='ocr_par' dir='ltr' id='par_1_63' title="bbox 1973 1866 2341 1922">
     <span class='ocr_line' id='line_1_63' title="bbox 1973 1866 2341 1922; baseline -0.003 0"><span class='ocrx_word' id='word_1_429' title='bbox 1973 1867 2084 1922; x_wconf 88' lang='lat' dir='ltr'><strong>lum</strong></span> <span class='ocrx_word' id='word_1_430' title='bbox 2114 1866 2341 1922; x_wconf 78' lang='lat' dir='ltr'><strong>exciter.</strong></span> 
     </span>
    </p>
   </div>
   <div class='ocr_carea' id='block_1_64' title="bbox 2043 1951 3558 2026">
    <p class='ocr_par' dir='ltr' id='par_1_64' title="bbox 2043 1951 3558 2026">
     <span class='ocr_line' id='line_1_64' title="bbox 2043 1951 3558 2026; baseline -0.002 -13"><span class='ocrx_word' id='word_1_431' title='bbox 2043 1956 2213 2016; x_wconf 74' lang='lat' dir='ltr'><strong>Vens.</strong></span> <span class='ocrx_word' id='word_1_432' title='bbox 2251 1958 2345 2024; x_wconf 70' lang='grc'>22,</span> <span class='ocrx_word' id='word_1_433' title='bbox 2379 1960 2472 2015; x_wconf 72' lang='lat'><strong>25.</strong></span> <span class='ocrx_word' id='word_1_434' title='bbox 2517 1977 2535 2012; x_wconf 79' lang='grc' dir='ltr'><strong>ι</strong></span> <span class='ocrx_word' id='word_1_435' title='bbox 2567 1955 2938 2013; x_wconf 86' lang='lat' dir='ltr'><strong>Condelector</strong></span> <span class='ocrx_word' id='word_1_436' title='bbox 2981 1955 3129 2011; x_wconf 81' lang='lat' dir='ltr'><strong>enim</strong></span> <span class='ocrx_word' id='word_1_437' title='bbox 3177 1953 3284 2026; x_wconf 85' lang='lat' dir='ltr'><strong>legi</strong></span> <span class='ocrx_word' id='word_1_438' title='bbox 3331 1951 3428 2011; x_wconf 85' lang='lat' dir='ltr'><strong>Dei</strong></span> <span class='ocrx_word' id='word_1_439' title='bbox 3464 1969 3558 2011; x_wconf 88' lang='lat' dir='ltr'><strong>se-</strong></span> 
     </span>
    </p>
   </div>
   <div class='ocr_carea' id='block_1_65' title="bbox 1971 2046 3558 2109">
    <p class='ocr_par' dir='ltr' id='par_1_65' title="bbox 1971 2046 3558 2109">
     <span class='ocr_line' id='line_1_65' title="bbox 1971 2046 3558 2109; baseline -0.005 0"><span class='ocrx_word' id='word_1_440' title='bbox 1971 2053 2218 2109; x_wconf 89' lang='lat' dir='ltr'><strong>cundum</strong></span> <span class='ocrx_word' id='word_1_441' title='bbox 2248 2052 2570 2109; x_wconf 87' lang='lat' dir='ltr'><strong>interiorem</strong></span> <span class='ocrx_word' id='word_1_442' title='bbox 2616 2048 2916 2107; x_wconf 84' lang='lat' dir='ltr'><strong>hominem.</strong></span> <span class='ocrx_word' id='word_1_443' title='bbox 2953 2046 3130 2105; x_wconf 78' lang='lat' dir='ltr'><strong>Video</strong></span> <span class='ocrx_word' id='word_1_444' title='bbox 3170 2055 3357 2105; x_wconf 91' lang='lat' dir='ltr'><strong>autem</strong></span> <span class='ocrx_word' id='word_1_445' title='bbox 3394 2048 3558 2101; x_wconf 86' lang='lat' dir='ltr'><strong>aliam</strong></span> 
     </span>
    </p>
   </div>
   <div class='ocr_carea' id='block_1_66' title="bbox 1971 2141 3559 2220">
    <p class='ocr_par' dir='ltr' id='par_1_66' title="bbox 1971 2141 3559 2220">
     <span class='ocr_line' id='line_1_66' title="bbox 1971 2141 3559 2220; baseline -0.003 -19"><span class='ocrx_word' id='word_1_446' title='bbox 1971 2145 2144 2220; x_wconf 89' lang='lat' dir='ltr'><strong>legem</strong></span> <span class='ocrx_word' id='word_1_447' title='bbox 2189 2145 2246 2202; x_wconf 87' lang='lat' dir='ltr'><strong>in</strong></span> <span class='ocrx_word' id='word_1_448' title='bbox 2292 2145 2560 2202; x_wconf 80' lang='lat' dir='ltr'><strong>membris</strong></span> <span class='ocrx_word' id='word_1_449' title='bbox 2609 2146 2749 2201; x_wconf 85' lang='lat' dir='ltr'><strong>meis</strong></span> <span class='ocrx_word' id='word_1_450' title='bbox 2779 2149 3180 2216; x_wconf 87' lang='lat' dir='ltr'><strong>repugnantem</strong></span> <span class='ocrx_word' id='word_1_451' title='bbox 3219 2141 3324 2215; x_wconf 90' lang='lat' dir='ltr'><strong>legi</strong></span> <span class='ocrx_word' id='word_1_452' title='bbox 3357 2141 3559 2197; x_wconf 88' lang='lat' dir='ltr'><strong>mentis</strong></span> 
     </span>
    </p>
   </div>
   <div class='ocr_carea' id='block_1_67' title="bbox 1971 2235 3560 2312">
    <p class='ocr_par' dir='ltr' id='par_1_67' title="bbox 1971 2235 3560 2312">
     <span class='ocr_line' id='line_1_67' title="bbox 1971 2235 3560 2312; baseline -0.004 -16"><span class='ocrx_word' id='word_1_453' title='bbox 1971 2257 2125 2307; x_wconf 67' lang='lat' dir='ltr'><strong>mem,</strong></span> <span class='ocrx_word' id='word_1_454' title='bbox 2168 2247 2223 2297; x_wconf 88' lang='lat' dir='ltr'><strong>et</strong></span> <span class='ocrx_word' id='word_1_455' title='bbox 2254 2241 2627 2312; x_wconf 79' lang='lat' dir='ltr'><strong>captivantem</strong></span> <span class='ocrx_word' id='word_1_456' title='bbox 2671 2254 2759 2294; x_wconf 88' lang='lat' dir='ltr'><strong>me</strong></span> <span class='ocrx_word' id='word_1_457' title='bbox 2809 2238 2865 2294; x_wconf 92' lang='lat' dir='ltr'><strong>in</strong></span> <span class='ocrx_word' id='word_1_458' title='bbox 2903 2237 3024 2308; x_wconf 86' lang='lat' dir='ltr'><strong>lege</strong></span> <span class='ocrx_word' id='word_1_459' title='bbox 3054 2235 3290 2309; x_wconf 87' lang='lat' dir='ltr'><strong>peccati,</strong></span> <span class='ocrx_word' id='word_1_460' title='bbox 3321 2251 3446 2308; x_wconf 83' lang='lat' dir='ltr'><strong>quae</strong></span> <span class='ocrx_word' id='word_1_461' title='bbox 3473 2247 3560 2291; x_wconf 86' lang='lat' dir='ltr'><strong>est</strong></span> 
     </span>
    </p>
   </div>
   <div class='ocr_carea' id='block_1_68' title="bbox 1971 2334 2573 2391">
    <p class='ocr_par' dir='ltr' id='par_1_68' title="bbox 1971 2334 2573 2391">
     <span class='ocr_line' id='line_1_68' title="bbox 1971 2334 2573 2391; baseline -0.007 -1"><span class='ocrx_word' id='word_1_462' title='bbox 1971 2334 2028 2390; x_wconf 90' lang='lat' dir='ltr'><strong>in</strong></span> <span class='ocrx_word' id='word_1_463' title='bbox 2055 2334 2319 2390; x_wconf 88' lang='lat' dir='ltr'><strong>membris</strong></span> <span class='ocrx_word' id='word_1_464' title='bbox 2349 2334 2510 2391; x_wconf 83' lang='lat' dir='ltr'><strong>meis.</strong></span> <span class='ocrx_word' id='word_1_465' title='bbox 2553 2351 2573 2386; x_wconf 73' lang='grc' dir='ltr'><strong>ι</strong></span> 
     </span>
    </p>
   </div>
   <div class='ocr_carea' id='block_1_69' title="bbox 2040 2443 3554 2523">
    <p class='ocr_par' dir='ltr' id='par_1_69' title="bbox 2040 2443 3554 2523">
     <span class='ocr_line' id='line_1_69' title="bbox 2040 2443 3554 2523; baseline -0.006 -16"><span class='ocrx_word' id='word_1_466' title='bbox 2040 2449 2284 2509; x_wconf 70' lang='lat' dir='ltr'><strong>Observa</strong></span> <span class='ocrx_word' id='word_1_467' title='bbox 2320 2449 2598 2523; x_wconf 88' lang='lat' dir='ltr'><strong>quomodo</strong></span> <span class='ocrx_word' id='word_1_468' title='bbox 2641 2446 2910 2505; x_wconf 82' lang='lat' dir='ltr'><strong>describit</strong></span> <span class='ocrx_word' id='word_1_469' title='bbox 2935 2461 3176 2519; x_wconf 87' lang='lat' dir='ltr'><strong>pugnam</strong></span> <span class='ocrx_word' id='word_1_470' title='bbox 3211 2443 3351 2516; x_wconf 87' lang='lat' dir='ltr'><strong>legis</strong></span> <span class='ocrx_word' id='word_1_471' title='bbox 3386 2451 3554 2498; x_wconf 83' lang='lat' dir='ltr'><strong>natu-</strong></span> 
     </span>
    </p>
   </div>
   <div class='ocr_carea' id='block_1_70' title="bbox 1959 2536 3553 2615">
    <p class='ocr_par' dir='ltr' id='par_1_70' title="bbox 1959 2536 3553 2615">
     <span class='ocr_line' id='line_1_70' title="bbox 1959 2536 3553 2615; baseline -0.008 -14"><span class='ocrx_word' id='word_1_472' title='bbox 1959 2545 2108 2601; x_wconf 79' lang='lat' dir='ltr'><strong>ralis</strong></span> <span class='ocrx_word' id='word_1_473' title='bbox 2138 2560 2268 2600; x_wconf 90' lang='lat' dir='ltr'><strong>cum</strong></span> <span class='ocrx_word' id='word_1_474' title='bbox 2299 2552 2550 2615; x_wconf 89' lang='lat' dir='ltr'><strong>peccato,</strong></span> <span class='ocrx_word' id='word_1_475' title='bbox 2573 2549 2626 2597; x_wconf 88' lang='lat' dir='ltr'><strong>et</strong></span> <span class='ocrx_word' id='word_1_476' title='bbox 2657 2540 2872 2615; x_wconf 87' lang='lat' dir='ltr'><strong>peccati</strong></span> <span class='ocrx_word' id='word_1_477' title='bbox 2904 2538 3218 2596; x_wconf 79' lang='lat' dir='ltr'><strong>victoriam.</strong></span> <span class='ocrx_word' id='word_1_478' title='bbox 3260 2536 3376 2592; x_wconf 84' lang='lat' dir='ltr'><strong>Hoc</strong></span> <span class='ocrx_word' id='word_1_479' title='bbox 3405 2536 3553 2591; x_wconf 87' lang='lat' dir='ltr'><strong>enim</strong></span> 
     </span>
    </p>
   </div>
   <div class='ocr_carea' id='block_1_71' title="bbox 1972 2629 3554 2707">
    <p class='ocr_par' dir='ltr' id='par_1_71' title="bbox 1972 2629 3554 2707">
     <span class='ocr_line' id='line_1_71' title="bbox 1972 2629 3554 2707; baseline -0.006 -14"><span class='ocrx_word' id='word_1_480' title='bbox 1972 2654 2078 2695; x_wconf 89' lang='lat' dir='ltr'><strong>vox</strong></span> <span class='ocrx_word' id='word_1_481' title='bbox 2103 2638 2210 2694; x_wconf 90' lang='lat' dir='ltr'><strong>ista</strong></span> <span class='ocrx_word' id='word_1_482' title='bbox 2233 2638 2500 2704; x_wconf 90' lang='lat' dir='ltr'><strong>declarat,</strong></span> <span class='ocrx_word' id='word_1_483' title='bbox 2532 2636 2889 2707; x_wconf 76' lang='lat' dir='ltr'><strong>captivantem</strong></span> <span class='ocrx_word' id='word_1_484' title='bbox 2912 2649 3014 2688; x_wconf 83' lang='lat' dir='ltr'><strong>me.</strong></span> <span class='ocrx_word' id='word_1_485' title='bbox 3044 2629 3340 2687; x_wconf 86' lang='lat' dir='ltr'><strong>Peccatum</strong></span> <span class='ocrx_word' id='word_1_486' title='bbox 3373 2638 3554 2683; x_wconf 84' lang='lat' dir='ltr'><strong>autem</strong></span> 
     </span>
    </p>
   </div>
   <div class='ocr_carea' id='block_1_72' title="bbox 1972 2721 3554 2803">
    <p class='ocr_par' dir='ltr' id='par_1_72' title="bbox 1972 2721 3554 2803">
     <span class='ocr_line' id='line_1_72' title="bbox 1972 2721 3554 2803; baseline -0.006 -17"><span class='ocrx_word' id='word_1_487' title='bbox 1972 2729 2269 2803; x_wconf 85' lang='lat' dir='ltr'><strong>appellavit</strong></span> <span class='ocrx_word' id='word_1_488' title='bbox 2312 2730 2515 2802; x_wconf 83' lang='lat' dir='ltr'><strong>legem;</strong></span> <span class='ocrx_word' id='word_1_489' title='bbox 2561 2743 2672 2785; x_wconf 92' lang='lat' dir='ltr'><strong>non</strong></span> <span class='ocrx_word' id='word_1_490' title='bbox 2720 2725 2870 2799; x_wconf 90' lang='lat' dir='ltr'><strong>quod</strong></span> <span class='ocrx_word' id='word_1_491' title='bbox 2913 2740 2980 2782; x_wconf 82' lang='lat' dir='ltr'><strong>ea</strong></span> <span class='ocrx_word' id='word_1_492' title='bbox 3021 2726 3096 2782; x_wconf 85' lang='lat' dir='ltr'><strong>sit</strong></span> <span class='ocrx_word' id='word_1_493' title='bbox 3121 2723 3245 2794; x_wconf 87' lang='lat' dir='ltr'><strong>ejus</strong></span> <span class='ocrx_word' id='word_1_494' title='bbox 3286 2721 3554 2793; x_wconf 83' lang='lat' dir='ltr'><strong>dignitas,</strong></span> 
     </span>
    </p>
   </div>
   <div class='ocr_carea' id='block_1_73' title="bbox 1971 2814 3557 2896">
    <p class='ocr_par' dir='ltr' id='par_1_73' title="bbox 1971 2814 3557 2896">
     <span class='ocr_line' id='line_1_73' title="bbox 1971 2814 3557 2896; baseline -0.008 -15"><span class='ocrx_word' id='word_1_495' title='bbox 1971 2823 2069 2881; x_wconf 87' lang='lat' dir='ltr'><strong>sed</strong></span> <span class='ocrx_word' id='word_1_496' title='bbox 2119 2829 2347 2896; x_wconf 88' lang='lat' dir='ltr'><strong>propter</strong></span> <span class='ocrx_word' id='word_1_497' title='bbox 2392 2821 2924 2893; x_wconf 89' lang='lat' dir='ltr'><strong>ohtemperationem</strong></span> <span class='ocrx_word' id='word_1_498' title='bbox 2968 2830 3164 2874; x_wconf 83' lang='lat' dir='ltr'><strong>eorum</strong></span> <span class='ocrx_word' id='word_1_499' title='bbox 3195 2815 3290 2889; x_wconf 89' lang='lat' dir='ltr'><strong>qui</strong></span> <span class='ocrx_word' id='word_1_500' title='bbox 3323 2814 3404 2871; x_wconf 85' lang='lat' dir='ltr'><strong>illi</strong></span> <span class='ocrx_word' id='word_1_501' title='bbox 3440 2828 3557 2868; x_wconf 89' lang='lat' dir='ltr'><strong>mo-</strong></span> 
     </span>
    </p>
   </div>
   <div class='ocr_carea' id='block_1_74' title="bbox 1973 2907 3558 2991">
    <p class='ocr_par' dir='ltr' id='par_1_74' title="bbox 1973 2907 3558 2991">
     <span class='ocr_line' id='line_1_74' title="bbox 1973 2907 3558 2991; baseline -0.009 -15"><span class='ocrx_word' id='word_1_502' title='bbox 1973 2933 2088 2976; x_wconf 90' lang='lat' dir='ltr'><strong>rem</strong></span> <span class='ocrx_word' id='word_1_503' title='bbox 2146 2924 2368 2991; x_wconf 86' lang='lat' dir='ltr'><strong>gerunt.</strong></span> <span class='ocrx_word' id='word_1_504' title='bbox 2415 2915 2536 2983; x_wconf 88' lang='lat' dir='ltr'><strong>Quo</strong></span> <span class='ocrx_word' id='word_1_505' title='bbox 2592 2915 2783 2987; x_wconf 83' lang='lat' dir='ltr'><strong>utique</strong></span> <span class='ocrx_word' id='word_1_506' title='bbox 2831 2928 3002 2971; x_wconf 87' lang='lat' dir='ltr'><strong>sensu</strong></span> <span class='ocrx_word' id='word_1_507' title='bbox 3030 2925 3342 2969; x_wconf 85' lang='lat' dir='ltr'><strong>mammona</strong></span> <span class='ocrx_word' id='word_1_508' title='bbox 3377 2907 3558 2964; x_wconf 90' lang='lat' dir='ltr'><strong>domi-</strong></span> 
     </span>
    </p>
   </div>
   <div class='ocr_carea' id='block_1_75' title="bbox 1971 3004 3556 3078">
    <p class='ocr_par' dir='ltr' id='par_1_75' title="bbox 1971 3004 3556 3078">
     <span class='ocr_line' id='line_1_75' title="bbox 1971 3004 3556 3078; baseline -0.006 -13"><span class='ocrx_word' id='word_1_509' title='bbox 1971 3024 2104 3065; x_wconf 90' lang='lat' dir='ltr'><strong>num</strong></span> <span class='ocrx_word' id='word_1_510' title='bbox 2143 3016 2323 3075; x_wconf 86' lang='lat' dir='ltr'><strong>vocat,</strong></span> <span class='ocrx_word' id='word_1_511' title='bbox 2353 3016 2603 3064; x_wconf 87' lang='lat' dir='ltr'><strong>ventrem</strong></span> <span class='ocrx_word' id='word_1_512' title='bbox 2643 3007 2831 3074; x_wconf 90' lang='lat' dir='ltr'><strong>deum,</strong></span> <span class='ocrx_word' id='word_1_513' title='bbox 2885 3020 3000 3062; x_wconf 91' lang='lat' dir='ltr'><strong>non</strong></span> <span class='ocrx_word' id='word_1_514' title='bbox 3045 3012 3277 3078; x_wconf 85' lang='lat' dir='ltr'><strong>propter</strong></span> <span class='ocrx_word' id='word_1_515' title='bbox 3315 3004 3556 3074; x_wconf 87' lang='lat' dir='ltr'><strong>aliquam</strong></span> 
     </span>
    </p>
   </div>
   <div class='ocr_carea' id='block_1_76' title="bbox 1971 3091 3558 3173">
    <p class='ocr_par' dir='ltr' id='par_1_76' title="bbox 1971 3091 3558 3173">
     <span class='ocr_line' id='line_1_76' title="bbox 1971 3091 3558 3173; baseline -0.006 -15"><span class='ocrx_word' id='word_1_516' title='bbox 1971 3103 2172 3159; x_wconf 86' lang='lat' dir='ltr'><strong>horum</strong></span> <span class='ocrx_word' id='word_1_517' title='bbox 2224 3102 2574 3173; x_wconf 89' lang='lat' dir='ltr'><strong>dignitatem,</strong></span> <span class='ocrx_word' id='word_1_518' title='bbox 2631 3091 3015 3172; x_wconf 19' lang='lat' dir='ltr'><strong>quin‘potius</strong></span> <span class='ocrx_word' id='word_1_519' title='bbox 3060 3098 3130 3154; x_wconf 89' lang='lat' dir='ltr'><strong>ob</strong></span> <span class='ocrx_word' id='word_1_520' title='bbox 3165 3096 3558 3168; x_wconf 88' lang='lat' dir='ltr'><strong>impensiorem</strong></span> 
     </span>
    </p>
   </div>
   <div class='ocr_carea' id='block_1_77' title="bbox 1975 3190 3208 3264">
    <p class='ocr_par' dir='ltr' id='par_1_77' title="bbox 1975 3190 3208 3264">
     <span class='ocr_line' id='line_1_77' title="bbox 1975 3190 3208 3264; baseline -0.008 -11"><span class='ocrx_word' id='word_1_521' title='bbox 1975 3195 2298 3253; x_wconf 79' lang='lat' dir='ltr'><strong>servitutem</strong></span> <span class='ocrx_word' id='word_1_522' title='bbox 2325 3194 2546 3250; x_wconf 92' lang='lat' dir='ltr'><strong>illorum</strong></span> <span class='ocrx_word' id='word_1_523' title='bbox 2575 3193 2670 3264; x_wconf 91' lang='lat' dir='ltr'><strong>qui</strong></span> <span class='ocrx_word' id='word_1_524' title='bbox 2701 3192 2773 3248; x_wconf 91' lang='lat' dir='ltr'><strong>iis</strong></span> <span class='ocrx_word' id='word_1_525' title='bbox 2804 3190 3039 3262; x_wconf 83' lang='lat' dir='ltr'><strong>subjecti</strong></span> <span class='ocrx_word' id='word_1_526' title='bbox 3068 3190 3208 3247; x_wconf 88' lang='lat' dir='ltr'><strong>sint.</strong></span> 
     </span>
    </p>
   </div>
   <div class='ocr_carea' id='block_1_78' title="bbox 2048 3280 3558 3357">
    <p class='ocr_par' dir='ltr' id='par_1_78' title="bbox 2048 3280 3558 3357">
     <span class='ocr_line' id='line_1_78' title="bbox 2048 3280 3558 3357; baseline -0.004 -15"><span class='ocrx_word' id='word_1_527' title='bbox 2048 3287 2219 3345; x_wconf 71' lang='lat' dir='ltr'><strong>Vsus.</strong></span> <span class='ocrx_word' id='word_1_528' title='bbox 2248 3289 2342 3354; x_wconf 66' lang='grc'><strong>24,</strong></span> <span class='ocrx_word' id='word_1_529' title='bbox 2369 3287 2464 3343; x_wconf 76' lang='grc'><strong>25.</strong></span> <span class='ocrx_word' id='word_1_530' title='bbox 2501 3305 2521 3340; x_wconf 81' lang='grc' dir='ltr'><strong>ι</strong></span> <span class='ocrx_word' id='word_1_531' title='bbox 2561 3285 2762 3341; x_wconf 80' lang='lat' dir='ltr'><strong>Infelix</strong></span> <span class='ocrx_word' id='word_1_532' title='bbox 2793 3299 2896 3357; x_wconf 87' lang='lat' dir='ltr'><strong>ego</strong></span> <span class='ocrx_word' id='word_1_533' title='bbox 2923 3285 3114 3348; x_wconf 85' lang='lat' dir='ltr'><strong>homo,</strong></span> <span class='ocrx_word' id='word_1_534' title='bbox 3147 3280 3275 3354; x_wconf 88' lang='lat' dir='ltr'><strong>quis</strong></span> <span class='ocrx_word' id='word_1_535' title='bbox 3305 3296 3392 3336; x_wconf 91' lang='lat' dir='ltr'><strong>me</strong></span> <span class='ocrx_word' id='word_1_536' title='bbox 3418 3280 3558 3336; x_wconf 86' lang='lat' dir='ltr'><strong>libe-</strong></span> 
     </span>
    </p>
   </div>
   <div class='ocr_carea' id='block_1_79' title="bbox 1975 3375 3559 3451">
    <p class='ocr_par' dir='ltr' id='par_1_79' title="bbox 1975 3375 3559 3451">
     <span class='ocr_line' id='line_1_79' title="bbox 1975 3375 3559 3451; baseline -0.005 -15"><span class='ocrx_word' id='word_1_537' title='bbox 1975 3379 2127 3436; x_wconf 87' lang='lat' dir='ltr'><strong>rabit</strong></span> <span class='ocrx_word' id='word_1_538' title='bbox 2192 3379 2261 3436; x_wconf 91' lang='lat' dir='ltr'><strong>de</strong></span> <span class='ocrx_word' id='word_1_539' title='bbox 2323 3394 2556 3451; x_wconf 81' lang='lat' dir='ltr'><strong>corpore</strong></span> <span class='ocrx_word' id='word_1_540' title='bbox 2610 3377 2811 3433; x_wconf 86' lang='lat' dir='ltr'><strong>mortis</strong></span> <span class='ocrx_word' id='word_1_541' title='bbox 2863 3375 3069 3447; x_wconf 78' lang='lat' dir='ltr'><strong>hujus?</strong></span> <span class='ocrx_word' id='word_1_542' title='bbox 3124 3375 3315 3432; x_wconf 83' lang='lat' dir='ltr'><strong>Gratia</strong></span> <span class='ocrx_word' id='word_1_543' title='bbox 3373 3383 3559 3430; x_wconf 88' lang='lat' dir='ltr'><strong>autem</strong></span> 
     </span>
    </p>
   </div>
   <div class='ocr_carea' id='block_1_80' title="bbox 1973 3465 3560 3544">
    <p class='ocr_par' dir='ltr' id='par_1_80' title="bbox 1973 3465 3560 3544">
     <span class='ocr_line' id='line_1_80' title="bbox 1973 3465 3560 3544; baseline -0.006 -15"><span class='ocrx_word' id='word_1_544' title='bbox 1973 3471 2073 3529; x_wconf 86' lang='lat' dir='ltr'><strong>Dei</strong></span> <span class='ocrx_word' id='word_1_545' title='bbox 2121 3488 2220 3544; x_wconf 90' lang='lat' dir='ltr'><strong>per</strong></span> <span class='ocrx_word' id='word_1_546' title='bbox 2255 3470 2442 3528; x_wconf 86' lang='lat' dir='ltr'><strong>Jesum</strong></span> <span class='ocrx_word' id='word_1_547' title='bbox 2493 3471 2778 3529; x_wconf 88' lang='lat' dir='ltr'><strong>Christum</strong></span> <span class='ocrx_word' id='word_1_548' title='bbox 2810 3468 3104 3525; x_wconf 88' lang='lat' dir='ltr'><strong>Dominum</strong></span> <span class='ocrx_word' id='word_1_549' title='bbox 3136 3477 3414 3525; x_wconf 87' lang='lat' dir='ltr'><strong>nostrum.</strong></span> <span class='ocrx_word' id='word_1_550' title='bbox 3448 3465 3560 3539; x_wconf 83' lang='lat' dir='ltr'><strong>lgi-</strong></span> 
     </span>
    </p>
   </div>
   <div class='ocr_carea' id='block_1_81' title="bbox 1976 3560 3562 3640">
    <p class='ocr_par' dir='ltr' id='par_1_81' title="bbox 1976 3560 3562 3640">
     <span class='ocr_line' id='line_1_81' title="bbox 1976 3560 3562 3640; baseline -0.004 -18"><span class='ocrx_word' id='word_1_551' title='bbox 1976 3573 2064 3622; x_wconf 89' lang='lat' dir='ltr'><strong>tur</strong></span> <span class='ocrx_word' id='word_1_552' title='bbox 2099 3581 2200 3640; x_wconf 88' lang='lat' dir='ltr'><strong>ego</strong></span> <span class='ocrx_word' id='word_1_553' title='bbox 2225 3565 2346 3638; x_wconf 80' lang='lat' dir='ltr'><strong>ipse</strong></span> <span class='ocrx_word' id='word_1_554' title='bbox 2379 3574 2562 3622; x_wconf 88' lang='lat' dir='ltr'><strong>mente</strong></span> <span class='ocrx_word' id='word_1_555' title='bbox 2609 3563 2796 3622; x_wconf 78' lang='lat' dir='ltr'><strong>servio</strong></span> <span class='ocrx_word' id='word_1_556' title='bbox 2832 3561 2940 3634; x_wconf 84' lang='lat' dir='ltr'><strong>legi</strong></span> <span class='ocrx_word' id='word_1_557' title='bbox 2983 3560 3103 3631; x_wconf 89' lang='lat' dir='ltr'><strong>Dei,</strong></span> <span class='ocrx_word' id='word_1_558' title='bbox 3148 3575 3320 3619; x_wconf 85' lang='lat' dir='ltr'><strong>carne</strong></span> <span class='ocrx_word' id='word_1_559' title='bbox 3349 3569 3562 3626; x_wconf 83' lang='lat' dir='ltr'><strong>autem,</strong></span> 
     </span>
    </p>
   </div>
   <div class='ocr_carea' id='block_1_82' title="bbox 1973 3656 2403 3730">
    <p class='ocr_par' dir='ltr' id='par_1_82' title="bbox 1973 3656 2403 3730">
     <span class='ocr_line' id='line_1_82' title="bbox 1973 3656 2403 3730; baseline -0.007 -15"><span class='ocrx_word' id='word_1_560' title='bbox 1973 3656 2082 3730; x_wconf 77' lang='lat' dir='ltr'><strong>legi</strong></span> <span class='ocrx_word' id='word_1_561' title='bbox 2115 3657 2348 3730; x_wconf 86' lang='lat' dir='ltr'><strong>peccati.</strong></span> <span class='ocrx_word' id='word_1_562' title='bbox 2379 3675 2403 3712; x_wconf 74' lang='grc' dir='ltr'><strong>ι</strong></span> 
     </span>
    </p>
   </div>
   <div class='ocr_carea' id='block_1_83' title="bbox 2044 3767 3561 3846">
    <p class='ocr_par' dir='ltr' id='par_1_83' title="bbox 2044 3767 3561 3846">
     <span class='ocr_line' id='line_1_83' title="bbox 2044 3767 3561 3846; baseline -0.004 -16"><span class='ocrx_word' id='word_1_563' title='bbox 2044 3771 2347 3846; x_wconf 84' lang='lat' dir='ltr'><strong>Postquam</strong></span> <span class='ocrx_word' id='word_1_564' title='bbox 2394 3772 2508 3828; x_wconf 87' lang='lat' dir='ltr'><strong>vim</strong></span> <span class='ocrx_word' id='word_1_565' title='bbox 2553 3771 2768 3845; x_wconf 84' lang='lat' dir='ltr'><strong>peccati</strong></span> <span class='ocrx_word' id='word_1_566' title='bbox 2825 3769 3076 3838; x_wconf 78' lang='lat' dir='ltr'><strong>deﬂevit,</strong></span> <span class='ocrx_word' id='word_1_567' title='bbox 3114 3767 3185 3825; x_wconf 83' lang='lat' dir='ltr'><strong>ad</strong></span> <span class='ocrx_word' id='word_1_568' title='bbox 3236 3767 3561 3825; x_wconf 80' lang='lat' dir='ltr'><strong>misericor-</strong></span> 
     </span>
    </p>
   </div>
   <div class='ocr_carea' id='block_1_84' title="bbox 1975 3861 3564 3936">
    <p class='ocr_par' dir='ltr' id='par_1_84' title="bbox 1975 3861 3564 3936">
     <span class='ocr_line' id='line_1_84' title="bbox 1975 3861 3564 3936; baseline -0.004 -12"><span class='ocrx_word' id='word_1_569' title='bbox 1975 3867 2122 3924; x_wconf 87' lang='lat' dir='ltr'><strong>diam</strong></span> <span class='ocrx_word' id='word_1_570' title='bbox 2176 3865 2543 3925; x_wconf 86' lang='lat' dir='ltr'><strong>convertitur.</strong></span> <span class='ocrx_word' id='word_1_571' title='bbox 2598 3865 2734 3936; x_wconf 73' lang='lat' dir='ltr'><strong>Quis</strong></span> <span class='ocrx_word' id='word_1_572' title='bbox 2779 3881 2862 3922; x_wconf 82' lang='lat' dir='ltr'><strong>me</strong></span> <span class='ocrx_word' id='word_1_573' title='bbox 2905 3861 3210 3920; x_wconf 76' lang='lat' dir='ltr'><strong>liberabit!</strong></span> <span class='ocrx_word' id='word_1_574' title='bbox 3254 3877 3384 3918; x_wconf 74' lang='lat' dir='ltr'><strong>mox</strong></span> <span class='ocrx_word' id='word_1_575' title='bbox 3431 3877 3564 3917; x_wconf 88' lang='lat' dir='ltr'><strong>vero</strong></span> 
     </span>
    </p>
   </div>
   <div class='ocr_carea' id='block_1_85' title="bbox 1975 3953 3564 4031">
    <p class='ocr_par' dir='ltr' id='par_1_85' title="bbox 1975 3953 3564 4031">
     <span class='ocr_line' id='line_1_85' title="bbox 1975 3953 3564 4031; baseline -0.005 -16"><span class='ocrx_word' id='word_1_576' title='bbox 1975 3959 2170 4018; x_wconf 87' lang='lat' dir='ltr'><strong>salutis</strong></span> <span class='ocrx_word' id='word_1_577' title='bbox 2217 3973 2372 4031; x_wconf 85' lang='lat' dir='ltr'><strong>spem</strong></span> <span class='ocrx_word' id='word_1_578' title='bbox 2432 3956 2742 4031; x_wconf 83' lang='lat' dir='ltr'><strong>subjungit,</strong></span> <span class='ocrx_word' id='word_1_579' title='bbox 2793 3971 2919 4029; x_wconf 67' lang='lat' dir='ltr'><strong>quas</strong></span> <span class='ocrx_word' id='word_1_580' title='bbox 2971 3953 3117 4012; x_wconf 81' lang='lat' dir='ltr'><strong>inter</strong></span> <span class='ocrx_word' id='word_1_581' title='bbox 3170 3960 3254 4012; x_wconf 87' lang='lat' dir='ltr'><strong>tot</strong></span> <span class='ocrx_word' id='word_1_582' title='bbox 3298 3960 3564 4024; x_wconf 85' lang='lat' dir='ltr'><strong>tantaque</strong></span> 
     </span>
    </p>
   </div>
   <div class='ocr_carea' id='block_1_86' title="bbox 1975 4042 3562 4121">
    <p class='ocr_par' dir='ltr' id='par_1_86' title="bbox 1975 4042 3562 4121">
     <span class='ocr_line' id='line_1_86' title="bbox 1975 4042 3562 4121; baseline -0.006 -14"><span class='ocrx_word' id='word_1_583' title='bbox 1975 4050 2118 4107; x_wconf 88' lang='lat' dir='ltr'><strong>mala</strong></span> <span class='ocrx_word' id='word_1_584' title='bbox 2148 4048 2308 4105; x_wconf 90' lang='lat' dir='ltr'><strong>nobis</strong></span> <span class='ocrx_word' id='word_1_585' title='bbox 2341 4048 2469 4105; x_wconf 81' lang='lat' dir='ltr'><strong>data</strong></span> <span class='ocrx_word' id='word_1_586' title='bbox 2497 4055 2584 4106; x_wconf 88' lang='lat' dir='ltr'><strong>est</strong></span> <span class='ocrx_word' id='word_1_587' title='bbox 2612 4067 2628 4117; x_wconf 65' lang='grc' dir='ltr'><strong>ς</strong></span> <span class='ocrx_word' id='word_1_588' title='bbox 2661 4047 2899 4121; x_wconf 84' lang='lat' dir='ltr'><strong>gratiam</strong></span> <span class='ocrx_word' id='word_1_589' title='bbox 2936 4045 3171 4104; x_wconf 84' lang='lat' dir='ltr'><strong>scilicet.</strong></span> <span class='ocrx_word' id='word_1_590' title='bbox 3201 4042 3438 4114; x_wconf 83' lang='lat' dir='ltr'><strong>Quando</strong></span> <span class='ocrx_word' id='word_1_591' title='bbox 3462 4060 3562 4099; x_wconf 81' lang='lat' dir='ltr'><strong>au-</strong></span> 
     </span>
    </p>
   </div>
   <div class='ocr_carea' id='block_1_87' title="bbox 1976 4139 3564 4212">
    <p class='ocr_par' dir='ltr' id='par_1_87' title="bbox 1976 4139 3564 4212">
     <span class='ocr_line' id='line_1_87' title="bbox 1976 4139 3564 4212; baseline -0.002 -13"><span class='ocrx_word' id='word_1_592' title='bbox 1976 4151 2086 4201; x_wconf 90' lang='lat' dir='ltr'><strong>tem</strong></span> <span class='ocrx_word' id='word_1_593' title='bbox 2118 4143 2392 4200; x_wconf 86' lang='lat' dir='ltr'><strong>dicentem</strong></span> <span class='ocrx_word' id='word_1_594' title='bbox 2425 4142 2624 4200; x_wconf 86' lang='lat' dir='ltr'><strong>audis:</strong></span> <span class='ocrx_word' id='word_1_595' title='bbox 2662 4142 2797 4210; x_wconf 69' lang='lat' dir='ltr'><strong>Qui:</strong></span> <span class='ocrx_word' id='word_1_596' title='bbox 2831 4157 2914 4198; x_wconf 81' lang='lat' dir='ltr'><strong>me</strong></span> <span class='ocrx_word' id='word_1_597' title='bbox 2957 4139 3206 4198; x_wconf 70' lang='lat' dir='ltr'><strong>liberabit</strong></span> <span class='ocrx_word' id='word_1_598' title='bbox 3245 4139 3314 4196; x_wconf 78' lang='lat' dir='ltr'><strong>de</strong></span> <span class='ocrx_word' id='word_1_599' title='bbox 3343 4154 3564 4212; x_wconf 73' lang='lat' dir='ltr'><strong>corpore</strong></span> 
     </span>
    </p>
   </div>
   <div class='ocr_carea' id='block_1_88' title="bbox 1977 4234 3563 4310">
    <p class='ocr_par' dir='ltr' id='par_1_88' title="bbox 1977 4234 3563 4310">
     <span class='ocr_line' id='line_1_88' title="bbox 1977 4234 3563 4310; baseline -0.003 -17"><span class='ocrx_word' id='word_1_600' title='bbox 1977 4238 2166 4294; x_wconf 78' lang='lat' dir='ltr'><strong>mortis</strong></span> <span class='ocrx_word' id='word_1_601' title='bbox 2215 4237 2420 4310; x_wconf 78' lang='lat' dir='ltr'><strong>hujus?</strong></span> <span class='ocrx_word' id='word_1_602' title='bbox 2461 4252 2532 4294; x_wconf 87' lang='lat' dir='ltr'><strong>ne</strong></span> <span class='ocrx_word' id='word_1_603' title='bbox 2576 4245 2738 4310; x_wconf 85' lang='lat' dir='ltr'><strong>putes</strong></span> <span class='ocrx_word' id='word_1_604' title='bbox 2784 4235 2941 4293; x_wconf 90' lang='lat' dir='ltr'><strong>illum</strong></span> <span class='ocrx_word' id='word_1_605' title='bbox 2995 4251 3221 4295; x_wconf 84' lang='lat' dir='ltr'><strong>carnem</strong></span> <span class='ocrx_word' id='word_1_606' title='bbox 3253 4234 3563 4293; x_wconf 88' lang='lat' dir='ltr'><strong>criminari.</strong></span> 
     </span>
    </p>
   </div>
   <div class='ocr_carea' id='block_1_89' title="bbox 1976 4331 3564 4405">
    <p class='ocr_par' dir='ltr' id='par_1_89' title="bbox 1976 4331 3564 4405">
     <span class='ocr_line' id='line_1_89' title="bbox 1976 4331 3564 4405; baseline -0.003 -16"><span class='ocrx_word' id='word_1_607' title='bbox 1976 4331 2033 4389; x_wconf 91' lang='lat' dir='ltr'><strong>Si</strong></span> <span class='ocrx_word' id='word_1_608' title='bbox 2049 4331 2270 4405; x_wconf 82' lang='lat' dir='ltr'><strong>quidem</strong></span> <span class='ocrx_word' id='word_1_609' title='bbox 2292 4333 2507 4388; x_wconf 82' lang='lat' dir='ltr'><strong>nonait</strong></span> <span class='ocrx_word' id='word_1_610' title='bbox 2524 4347 2728 4405; x_wconf 87' lang='lat' dir='ltr'><strong>corpus</strong></span> <span class='ocrx_word' id='word_1_611' title='bbox 2750 4331 2986 4405; x_wconf 74' lang='lat' dir='ltr'><strong>peccati,</strong></span> <span class='ocrx_word' id='word_1_612' title='bbox 3001 4331 3123 4397; x_wconf 82' lang='lat' dir='ltr'><strong>sed,</strong></span> <span class='ocrx_word' id='word_1_613' title='bbox 3137 4345 3330 4403; x_wconf 69' lang='lat' dir='ltr'><strong>corpus</strong></span> <span class='ocrx_word' id='word_1_614' title='bbox 3350 4331 3564 4397; x_wconf 77' lang='lat' dir='ltr'><strong>mortis,</strong></span> 
     </span>
    </p>
   </div>
   <div class='ocr_carea' id='block_1_90' title="bbox 1977 4424 3568 4499">
    <p class='ocr_par' dir='ltr' id='par_1_90' title="bbox 1977 4424 3568 4499">
     <span class='ocr_line' id='line_1_90' title="bbox 1977 4424 3568 4499; baseline -0.003 -17"><span class='ocrx_word' id='word_1_615' title='bbox 1977 4425 2086 4482; x_wconf 89' lang='lat' dir='ltr'><strong>hoc</strong></span> <span class='ocrx_word' id='word_1_616' title='bbox 2130 4434 2220 4485; x_wconf 79' lang='lat' dir='ltr'><strong>est</strong></span> <span class='ocrx_word' id='word_1_617' title='bbox 2267 4441 2474 4498; x_wconf 86' lang='lat' dir='ltr'><strong>corpus</strong></span> <span class='ocrx_word' id='word_1_618' title='bbox 2522 4426 2786 4494; x_wconf 83' lang='lat' dir='ltr'><strong>mortale,</strong></span> <span class='ocrx_word' id='word_1_619' title='bbox 2825 4425 2976 4499; x_wconf 88' lang='lat' dir='ltr'><strong>quod</strong></span> <span class='ocrx_word' id='word_1_620' title='bbox 3034 4426 3201 4483; x_wconf 84' lang='lat' dir='ltr'><strong>morti</strong></span> <span class='ocrx_word' id='word_1_621' title='bbox 3249 4424 3568 4498; x_wconf 85' lang='lat' dir='ltr'><strong>subjectum</strong></span> 
     </span>
    </p>
   </div>
   <div class='ocr_carea' id='block_1_91' title="bbox 1975 4527 2080 4577">
    <p class='ocr_par' dir='ltr' id='par_1_91' title="bbox 1975 4527 2080 4577">
     <span class='ocr_line' id='line_1_91' title="bbox 1975 4527 2080 4577; baseline -0.019 0"><span class='ocrx_word' id='word_1_622' title='bbox 1975 4527 2080 4577; x_wconf 83' lang='lat' dir='ltr'><strong>est.</strong></span> 
     </span>
    </p>
   </div>
   <div class='ocr_carea' id='block_1_92' title="bbox 2606 4674 2934 4737">
    <p class='ocr_par' dir='ltr' id='par_1_92' title="bbox 2606 4674 2934 4737">
     <span class='ocr_line' id='line_1_92' title="bbox 2606 4674 2934 4737; baseline -0.012 0"><span class='ocrx_word' id='word_1_623' title='bbox 2606 4677 2762 4737; x_wconf 81' lang='lat' dir='ltr'><strong>CAP.</strong></span> <span class='ocrx_word' id='word_1_624' title='bbox 2789 4674 2934 4737; x_wconf 70' lang='lat' dir='ltr'><strong>Vill.</strong></span> 
     </span>
    </p>
   </div>
   <div class='ocr_carea' id='block_1_93' title="bbox 362 4785 1873 4872">
    <p class='ocr_par' dir='ltr' id='par_1_93' title="bbox 362 4794 1873 4872">
     <span class='ocr_line' id='line_1_93' title="bbox 362 4794 1873 4872; baseline -0.001 -19"><span class='ocrx_word' id='word_1_625' title='bbox 362 4818 383 4853; x_wconf 82' lang='grc' dir='ltr'><strong>ι</strong></span> <span class='ocrx_word' id='word_1_626' title='bbox 418 4795 588 4866; x_wconf 68' lang='grc' dir='ltr'>οὐδὲν</span> <span class='ocrx_word' id='word_1_627' title='bbox 625 4797 733 4872; x_wconf 70' lang='grc' dir='ltr'>ἆρα</span> <span class='ocrx_word' id='word_1_628' title='bbox 758 4795 859 4855; x_wconf 77' lang='grc' dir='ltr'><strong>νῦν</strong></span> <span class='ocrx_word' id='word_1_629' title='bbox 886 4797 1211 4870; x_wconf 83' lang='grc' dir='ltr'>κατάκριμα</span> <span class='ocrx_word' id='word_1_630' title='bbox 1253 4797 1366 4862; x_wconf 80' lang='grc' dir='ltr'>τοῖς</span> <span class='ocrx_word' id='word_1_631' title='bbox 1407 4796 1467 4850; x_wconf 77' lang='grc' dir='ltr'>ἐν</span> <span class='ocrx_word' id='word_1_632' title='bbox 1491 4794 1719 4869; x_wconf 80' lang='grc' dir='ltr'>Χριστῷ</span> <span class='ocrx_word' id='word_1_633' title='bbox 1767 4795 1873 4867; x_wconf 81' lang='grc' dir='ltr'><strong>Ἰη-</strong></span> 
     </span>
    </p>
   </div>
   <div class='ocr_carea' id='block_1_94' title="bbox 1973 4785 3566 4872">
    <p class='ocr_par' dir='ltr' id='par_1_94' title="bbox 2053 4785 3566 4868">
     <span class='ocr_line' id='line_1_94' title="bbox 2053 4785 3566 4868; baseline -0.003 -18"><span class='ocrx_word' id='word_1_634' title='bbox 2053 4793 2222 4853; x_wconf 68' lang='lat' dir='ltr'><strong>Vens.</strong></span> <span class='ocrx_word' id='word_1_635' title='bbox 2258 4795 2310 4852; x_wconf 66' lang='grc' dir='ltr'><strong>ἰ.</strong></span> <span class='ocrx_word' id='word_1_636' title='bbox 2345 4815 2365 4850; x_wconf 78' lang='grc' dir='ltr'><strong>ι</strong></span> <span class='ocrx_word' id='word_1_637' title='bbox 2422 4794 2573 4852; x_wconf 83' lang='lat' dir='ltr'><strong>Nihil</strong></span> <span class='ocrx_word' id='word_1_638' title='bbox 2621 4809 2763 4868; x_wconf 82' lang='lat' dir='ltr'><strong>ergo</strong></span> <span class='ocrx_word' id='word_1_639' title='bbox 2785 4807 2940 4852; x_wconf 84' lang='lat' dir='ltr'><strong>nunc</strong></span> <span class='ocrx_word' id='word_1_640' title='bbox 2976 4789 3356 4851; x_wconf 81' lang='lat' dir='ltr'><strong>damnationis</strong></span> <span class='ocrx_word' id='word_1_641' title='bbox 3381 4796 3466 4847; x_wconf 84' lang='lat' dir='ltr'><strong>est</strong></span> <span class='ocrx_word' id='word_1_642' title='bbox 3496 4785 3566 4846; x_wconf 85' lang='lat' dir='ltr'><strong>iis</strong></span> 
     </span>
    </p>
   </div>
   <div class='ocr_carea' id='block_1_95' title="bbox 285 4891 471 4949">
    <p class='ocr_par' dir='ltr' id='par_1_95' title="bbox 285 4891 471 4949">
     <span class='ocr_line' id='line_1_95' title="bbox 285 4891 471 4949; baseline -0.016 -1"><span class='ocrx_word' id='word_1_643' title='bbox 285 4891 408 4949; x_wconf 73' lang='grc' dir='ltr'>σοῦ.</span> <span class='ocrx_word' id='word_1_644' title='bbox 446 4911 471 4945; x_wconf 70' lang='grc' dir='ltr'><strong>ι</strong></span> 
     </span>
    </p>
   </div>
   <div class='ocr_carea' id='block_1_96' title="bbox 361 5002 1873 5075">
    <p class='ocr_par' dir='ltr' id='par_1_96' title="bbox 361 5002 1873 5075">
     <span class='ocr_line' id='line_1_96' title="bbox 361 5002 1873 5075; baseline -0.004 -11"><span class='ocrx_word' id='word_1_645' title='bbox 361 5007 430 5064; x_wconf 85' lang='grc' dir='ltr'><strong>Ὃ</strong></span> <span class='ocrx_word' id='word_1_646' title='bbox 457 5006 515 5062; x_wconf 80' lang='grc' dir='ltr'>δὲ</span> <span class='ocrx_word' id='word_1_647' title='bbox 545 5005 695 5074; x_wconf 76' lang='grc' dir='ltr'>λέγει</span> <span class='ocrx_word' id='word_1_648' title='bbox 730 5002 978 5061; x_wconf 83' lang='grc' dir='ltr'>τοιοῦτόν</span> <span class='ocrx_word' id='word_1_649' title='bbox 1022 5005 1202 5059; x_wconf 70' lang='grc' dir='ltr'>ἐστιν’</span> <span class='ocrx_word' id='word_1_650' title='bbox 1236 5003 1317 5059; x_wconf 78' lang='grc' dir='ltr'>ὅτι</span> <span class='ocrx_word' id='word_1_651' title='bbox 1342 5003 1404 5057; x_wconf 83' lang='grc' dir='ltr'>οὐ</span> <span class='ocrx_word' id='word_1_652' title='bbox 1442 5003 1552 5058; x_wconf 84' lang='grc' dir='ltr'>τῶν</span> <span class='ocrx_word' id='word_1_653' title='bbox 1588 5004 1873 5075; x_wconf 81' lang='grc' dir='ltr'>προτέρων</span> 
     </span>
    </p>
   </div>
   <div class='ocr_carea' id='block_1_97' title="bbox 282 5091 1875 5171">
    <p class='ocr_par' dir='ltr' id='par_1_97' title="bbox 282 5091 1875 5171">
     <span class='ocr_line' id='line_1_97' title="bbox 282 5091 1875 5171; baseline -0.007 -15"><span class='ocrx_word' id='word_1_654' title='bbox 282 5096 685 5171; x_wconf 73' lang='grc' dir='ltr'>ἀπηλλάγημεν</span> <span class='ocrx_word' id='word_1_655' title='bbox 717 5095 902 5167; x_wconf 63' lang='grc' dir='ltr'>μόνον,</span> <span class='ocrx_word' id='word_1_656' title='bbox 941 5093 1079 5150; x_wconf 78' lang='grc' dir='ltr'>ἀλλὰ</span> <span class='ocrx_word' id='word_1_657' title='bbox 1115 5092 1211 5150; x_wconf 72' lang='grc' dir='ltr'><strong>καὶ</strong></span> <span class='ocrx_word' id='word_1_658' title='bbox 1240 5092 1380 5165; x_wconf 83' lang='grc' dir='ltr'>πρὸς</span> <span class='ocrx_word' id='word_1_659' title='bbox 1407 5093 1469 5148; x_wconf 79' lang='grc' dir='ltr'>τὸ</span> <span class='ocrx_word' id='word_1_660' title='bbox 1497 5093 1689 5166; x_wconf 79' lang='grc' dir='ltr'>μέλλον</span> <span class='ocrx_word' id='word_1_661' title='bbox 1723 5091 1875 5164; x_wconf 81' lang='grc' dir='ltr'>ἀχεί-</span> 
     </span>
    </p>
   </div>
   <div class='ocr_carea' id='block_1_98' title="bbox 286 5183 1875 5264">
    <p class='ocr_par' dir='ltr' id='par_1_98' title="bbox 286 5183 1875 5264">
     <span class='ocr_line' id='line_1_98' title="bbox 286 5183 1875 5264; baseline -0.003 -21"><span class='ocrx_word' id='word_1_662' title='bbox 286 5205 453 5264; x_wconf 80' lang='grc' dir='ltr'>ρωτοι</span> <span class='ocrx_word' id='word_1_663' title='bbox 477 5186 810 5259; x_wconf 77' lang='grc' dir='ltr'>γεγόναμεν.</span> <span class='ocrx_word' id='word_1_664' title='bbox 843 5185 921 5242; x_wconf 75' lang='grc' dir='ltr'>Τδ</span> <span class='ocrx_word' id='word_1_665' title='bbox 961 5184 1044 5252; x_wconf 73' lang='grc' dir='ltr'>δὲ,</span> <span class='ocrx_word' id='word_1_666' title='bbox 1086 5183 1174 5255; x_wconf 80' lang='grc' dir='ltr'>μὴ</span> <span class='ocrx_word' id='word_1_667' title='bbox 1199 5184 1352 5239; x_wconf 81' lang='grc' dir='ltr'>κατὰ</span> <span class='ocrx_word' id='word_1_668' title='bbox 1381 5183 1582 5256; x_wconf 76' lang='grc' dir='ltr'>σάρκα</span> <span class='ocrx_word' id='word_1_669' title='bbox 1626 5198 1875 5254; x_wconf 65' lang='lat' dir='ltr'><strong>napum-</strong></span> 
     </span>
    </p>
   </div>
   <div class='ocr_carea' id='block_1_99' title="bbox 186 5269 1875 5349">
    <p class='ocr_par' dir='ltr' id='par_1_99' title="bbox 186 5269 1875 5349">
     <span class='ocr_line' id='line_1_99' title="bbox 186 5269 1875 5349; baseline -0.004 -11"><span class='ocrx_word' id='word_1_670' title='bbox 186 5269 189 5271; x_wconf 56' lang='grc'><em>’</em></span> <span class='ocrx_word' id='word_1_671' title='bbox 285 5280 489 5346; x_wconf 82' lang='grc' dir='ltr'>τοῦσι.</span> <span class='ocrx_word' id='word_1_672' title='bbox 524 5277 936 5348; x_wconf 68' lang='grc' dir='ltr'>προστέθεικεν,</span> <span class='ocrx_word' id='word_1_673' title='bbox 965 5277 1028 5333; x_wconf 84' lang='grc' dir='ltr'><strong>τδ</strong></span> <span class='ocrx_word' id='word_1_674' title='bbox 1066 5275 1289 5333; x_wconf 79' lang='grc' dir='ltr'>εὗκολον</span> <span class='ocrx_word' id='word_1_675' title='bbox 1315 5275 1413 5332; x_wconf 87' lang='grc' dir='ltr'><strong>τοῦ</strong></span> <span class='ocrx_word' id='word_1_676' title='bbox 1445 5277 1875 5349; x_wconf 80' lang='grc' dir='ltr'>κατορθώματος</span> 
     </span>
    </p>
   </div>
   <div class='ocr_carea' id='block_1_100' title="bbox 361 5461 1878 5544">
    <p class='ocr_par' dir='ltr' id='par_1_100' title="bbox 361 5461 1878 5544">
     <span class='ocr_line' id='line_1_100' title="bbox 361 5461 1878 5544; baseline -0.003 -19"><span class='ocrx_word' id='word_1_677' title='bbox 361 5488 389 5524; x_wconf 76' lang='grc' dir='ltr'><strong>ε</strong></span> <span class='ocrx_word' id='word_1_678' title='bbox 435 5468 499 5524; x_wconf 85' lang='lat'><strong>&#39;0</strong></span> <span class='ocrx_word' id='word_1_679' title='bbox 525 5467 636 5544; x_wconf 76' lang='grc' dir='ltr'><strong>γάρ</strong></span> <span class='ocrx_word' id='word_1_680' title='bbox 658 5467 826 5541; x_wconf 75' lang='grc' dir='ltr'>νόμος</span> <span class='ocrx_word' id='word_1_681' title='bbox 849 5463 949 5522; x_wconf 86' lang='grc' dir='ltr'><strong>τοῦ</strong></span> <span class='ocrx_word' id='word_1_682' title='bbox 983 5464 1303 5540; x_wconf 70' lang='grc' dir='ltr'>πνεύματος</span> <span class='ocrx_word' id='word_1_683' title='bbox 1341 5466 1444 5538; x_wconf 80' lang='grc' dir='ltr'>τῆς</span> <span class='ocrx_word' id='word_1_684' title='bbox 1473 5464 1620 5539; x_wconf 74' lang='grc' dir='ltr'>ζωῆς</span> <span class='ocrx_word' id='word_1_685' title='bbox 1649 5465 1710 5521; x_wconf 76' lang='grc' dir='ltr'>ἒν</span> <span class='ocrx_word' id='word_1_686' title='bbox 1735 5461 1878 5538; x_wconf 69' lang='grc' dir='ltr'>Χρι-</span> 
     </span>
    </p>
   </div>
   <div class='ocr_carea' id='block_1_101' title="bbox 289 5557 1879 5634">
    <p class='ocr_par' dir='ltr' id='par_1_101' title="bbox 289 5557 1879 5634">
     <span class='ocr_line' id='line_1_101' title="bbox 289 5557 1879 5634; baseline -0.002 -19"><span class='ocrx_word' id='word_1_687' title='bbox 289 5557 592 5634; x_wconf 72' lang='grc' dir='ltr'>στῷἼησοῦ</span> <span class='ocrx_word' id='word_1_688' title='bbox 620 5557 967 5630; x_wconf 70' lang='grc' dir='ltr'>ἠλευθέρωσέ</span> <span class='ocrx_word' id='word_1_689' title='bbox 998 5574 1068 5631; x_wconf 86' lang='grc' dir='ltr'><strong>με</strong></span> <span class='ocrx_word' id='word_1_690' title='bbox 1092 5557 1202 5614; x_wconf 84' lang='grc' dir='ltr'>άπδ</span> <span class='ocrx_word' id='word_1_691' title='bbox 1226 5557 1323 5615; x_wconf 82' lang='grc' dir='ltr'><strong>τοῦ</strong></span> <span class='ocrx_word' id='word_1_692' title='bbox 1357 5558 1550 5630; x_wconf 81' lang='grc' dir='ltr'>νόμου,</span> <span class='ocrx_word' id='word_1_693' title='bbox 1577 5557 1675 5631; x_wconf 75' lang='grc' dir='ltr'>τῆς</span> <span class='ocrx_word' id='word_1_694' title='bbox 1699 5557 1879 5633; x_wconf 68' lang='grc' dir='ltr'>ἆμαρ»</span> 
     </span>
    </p>
   </div>
   <div class='ocr_carea' id='block_1_102' title="bbox 286 5649 1006 5717">
    <p class='ocr_par' dir='ltr' id='par_1_102' title="bbox 286 5649 1006 5717">
     <span class='ocr_line' id='line_1_102' title="bbox 286 5649 1006 5717; baseline -0.001 -9"><span class='ocrx_word' id='word_1_695' title='bbox 286 5652 414 5717; x_wconf 81' lang='grc' dir='ltr'>τίας</span> <span class='ocrx_word' id='word_1_696' title='bbox 441 5652 540 5707; x_wconf 80' lang='grc' dir='ltr'><strong>καὶ</strong></span> <span class='ocrx_word' id='word_1_697' title='bbox 568 5649 665 5707; x_wconf 87' lang='grc' dir='ltr'><strong>τοῦ</strong></span> <span class='ocrx_word' id='word_1_698' title='bbox 688 5650 945 5710; x_wconf 81' lang='grc' dir='ltr'>θανάτου.</span> <span class='ocrx_word' id='word_1_699' title='bbox 982 5670 1006 5707; x_wconf 71' lang='grc' dir='ltr'><strong>ι</strong></span> 
     </span>
    </p>
   </div>
   <div class='ocr_carea' id='block_1_103' title="bbox 357 5737 1875 5818">
    <p class='ocr_par' dir='ltr' id='par_1_103' title="bbox 357 5737 1875 5818">
     <span class='ocr_line' id='line_1_103' title="bbox 357 5737 1875 5818; baseline -0.005 -15"><span class='ocrx_word' id='word_1_700' title='bbox 357 5745 566 5817; x_wconf 71' lang='grc' dir='ltr'><strong>Νόμαν</strong></span> <span class='ocrx_word' id='word_1_701' title='bbox 590 5744 934 5817; x_wconf 68' lang='grc' dir='ltr'>πνεύματος</span> <span class='ocrx_word' id='word_1_702' title='bbox 961 5745 1062 5818; x_wconf 79' lang='grc' dir='ltr'>τὴν</span> <span class='ocrx_word' id='word_1_703' title='bbox 1087 5744 1250 5817; x_wconf 80' lang='grc' dir='ltr'>χάριν</span> <span class='ocrx_word' id='word_1_704' title='bbox 1273 5743 1442 5813; x_wconf 72' lang='grc' dir='ltr'>λέγει.</span> <span class='ocrx_word' id='word_1_705' title='bbox 1463 5741 1656 5813; x_wconf 68' lang='grc' dir='ltr'><strong>Νόμα</strong></span> <span class='ocrx_word' id='word_1_706' title='bbox 1691 5737 1875 5812; x_wconf 74' lang='grc' dir='ltr'>ἆμαρο</span> 
     </span>
    </p>
   </div>
   <div class='ocr_carea' id='block_1_104' title="bbox 289 5835 1876 5913">
    <p class='ocr_par' dir='ltr' id='par_1_104' title="bbox 289 5835 1876 5913">
     <span class='ocr_line' id='line_1_104' title="bbox 289 5835 1876 5913; baseline -0.003 -16"><span class='ocrx_word' id='word_1_707' title='bbox 289 5837 446 5909; x_wconf 72' lang='grc' dir='ltr'>σίας,</span> <span class='ocrx_word' id='word_1_708' title='bbox 477 5837 543 5894; x_wconf 80' lang='grc' dir='ltr'>οὐ</span> <span class='ocrx_word' id='word_1_709' title='bbox 570 5837 670 5894; x_wconf 80' lang='grc' dir='ltr'>τὸν</span> <span class='ocrx_word' id='word_1_710' title='bbox 689 5835 976 5906; x_wconf 77' lang='grc' dir='ltr'>Μωυσέως</span> <span class='ocrx_word' id='word_1_711' title='bbox 1019 5840 1196 5913; x_wconf 73' lang='grc' dir='ltr'>φησί’</span> <span class='ocrx_word' id='word_1_712' title='bbox 1231 5836 1352 5903; x_wconf 81' lang='grc' dir='ltr'>πῶς</span> <span class='ocrx_word' id='word_1_713' title='bbox 1404 5836 1535 5911; x_wconf 84' lang='grc' dir='ltr'>γὰρ,</span> <span class='ocrx_word' id='word_1_714' title='bbox 1573 5835 1632 5892; x_wconf 76' lang='grc' dir='ltr'>ὃν</span> <span class='ocrx_word' id='word_1_715' title='bbox 1664 5835 1876 5893; x_wconf 85' lang='grc' dir='ltr'>δίκαιον</span> 
     </span>
    </p>
   </div>
   <div class='ocr_carea' id='block_1_105' title="bbox 1979 4885 2822 4960">
    <p class='ocr_par' dir='ltr' id='par_1_105' title="bbox 1979 4885 2822 4960">
     <span class='ocr_line' id='line_1_105' title="bbox 1979 4885 2822 4960; baseline -0.004 -17"><span class='ocrx_word' id='word_1_716' title='bbox 1979 4887 2079 4960; x_wconf 79' lang='lat' dir='ltr'><strong>qui</strong></span> <span class='ocrx_word' id='word_1_717' title='bbox 2110 4896 2242 4944; x_wconf 86' lang='lat' dir='ltr'><strong>sunt</strong></span> <span class='ocrx_word' id='word_1_718' title='bbox 2267 4887 2324 4942; x_wconf 92' lang='lat' dir='ltr'><strong>in</strong></span> <span class='ocrx_word' id='word_1_719' title='bbox 2356 4886 2586 4944; x_wconf 82' lang='lat' dir='ltr'><strong>Christo</strong></span> <span class='ocrx_word' id='word_1_720' title='bbox 2609 4885 2764 4943; x_wconf 81' lang='lat' dir='ltr'><strong>Jcsu.</strong></span> <span class='ocrx_word' id='word_1_721' title='bbox 2797 4901 2822 4940; x_wconf 72' lang='grc' dir='ltr'><strong>ι</strong></span> 
     </span>
    </p>
   </div>
   <div class='ocr_carea' id='block_1_106' title="bbox 2053 4993 3567 5067">
    <p class='ocr_par' dir='ltr' id='par_1_106' title="bbox 2053 4993 3567 5067">
     <span class='ocr_line' id='line_1_106' title="bbox 2053 4993 3567 5067; baseline -0.002 -14"><span class='ocrx_word' id='word_1_722' title='bbox 2053 4997 2201 5056; x_wconf 84' lang='lat' dir='ltr'><strong>Idem</strong></span> <span class='ocrx_word' id='word_1_723' title='bbox 2265 5013 2332 5054; x_wconf 90' lang='lat' dir='ltr'><strong>ac</strong></span> <span class='ocrx_word' id='word_1_724' title='bbox 2376 4999 2423 5055; x_wconf 83' lang='lat' dir='ltr'><strong>si</strong></span> <span class='ocrx_word' id='word_1_725' title='bbox 2473 4998 2722 5056; x_wconf 83' lang='lat' dir='ltr'><strong>diceret:</strong></span> <span class='ocrx_word' id='word_1_726' title='bbox 2786 5011 2900 5053; x_wconf 85' lang='lat' dir='ltr'><strong>non</strong></span> <span class='ocrx_word' id='word_1_727' title='bbox 2984 4995 3188 5053; x_wconf 83' lang='lat' dir='ltr'><strong>solum.</strong></span> <span class='ocrx_word' id='word_1_728' title='bbox 3224 5008 3257 5051; x_wconf 73' lang='grc' dir='ltr'>ι</span> <span class='ocrx_word' id='word_1_729' title='bbox 3315 4993 3567 5067; x_wconf 85' lang='lat' dir='ltr'><strong>pristinis</strong></span> 
     </span>
    </p>
   </div>
   <div class='ocr_carea' id='block_1_107' title="bbox 1977 5088 3569 5166">
    <p class='ocr_par' dir='ltr' id='par_1_107' title="bbox 1977 5088 3569 5166">
     <span class='ocr_line' id='line_1_107' title="bbox 1977 5088 3569 5166; baseline -0.003 -15"><span class='ocrx_word' id='word_1_730' title='bbox 1977 5093 2218 5166; x_wconf 82' lang='lat' dir='ltr'><strong>exempti</strong></span> <span class='ocrx_word' id='word_1_731' title='bbox 2253 5108 2468 5159; x_wconf 86' lang='lat' dir='ltr'><strong>sumus,</strong></span> <span class='ocrx_word' id='word_1_732' title='bbox 2504 5093 2601 5151; x_wconf 85' lang='lat' dir='ltr'><strong>sed</strong></span> <span class='ocrx_word' id='word_1_733' title='bbox 2646 5089 2782 5150; x_wconf 84' lang='lat' dir='ltr'><strong>etin</strong></span> <span class='ocrx_word' id='word_1_734' title='bbox 2823 5089 3075 5148; x_wconf 76' lang='lat' dir='ltr'><strong>futurum</strong></span> <span class='ocrx_word' id='word_1_735' title='bbox 3109 5088 3569 5162; x_wconf 81' lang='lat' dir='ltr'><strong>inexpugnabiles</strong></span> 
     </span>
    </p>
   </div>
   <div class='ocr_carea' id='block_1_108' title="bbox 1977 5181 3567 5260">
    <p class='ocr_par' dir='ltr' id='par_1_108' title="bbox 1977 5181 3567 5260">
     <span class='ocr_line' id='line_1_108' title="bbox 1977 5181 3567 5260; baseline -0.005 -16"><span class='ocrx_word' id='word_1_736' title='bbox 1977 5188 2279 5244; x_wconf 84' lang='lat' dir='ltr'><strong>evasimus.</strong></span> <span class='ocrx_word' id='word_1_737' title='bbox 2332 5186 2552 5260; x_wconf 80' lang='lat' dir='ltr'><strong>Adjecit</strong></span> <span class='ocrx_word' id='word_1_738' title='bbox 2601 5192 2808 5252; x_wconf 87' lang='lat' dir='ltr'><strong>autem,</strong></span> <span class='ocrx_word' id='word_1_739' title='bbox 2846 5185 2943 5256; x_wconf 77' lang='lat' dir='ltr'><strong>qui</strong></span> <span class='ocrx_word' id='word_1_740' title='bbox 2979 5198 3087 5239; x_wconf 75' lang='lat' dir='ltr'><strong>non</strong></span> <span class='ocrx_word' id='word_1_741' title='bbox 3113 5181 3408 5239; x_wconf 72' lang='lat' dir='ltr'><strong>secundum</strong></span> <span class='ocrx_word' id='word_1_742' title='bbox 3439 5195 3567 5237; x_wconf 82' lang='lat' dir='ltr'><strong>car-</strong></span> 
     </span>
    </p>
   </div>
   <div class='ocr_carea' id='block_1_109' title="bbox 1979 5272 3568 5352">
    <p class='ocr_par' dir='ltr' id='par_1_109' title="bbox 1979 5272 3568 5352">
     <span class='ocr_line' id='line_1_109' title="bbox 1979 5272 3568 5352; baseline -0.007 -15"><span class='ocrx_word' id='word_1_743' title='bbox 1979 5298 2098 5337; x_wconf 80' lang='lat' dir='ltr'><strong>nem</strong></span> <span class='ocrx_word' id='word_1_744' title='bbox 2146 5280 2452 5348; x_wconf 80' lang='lat' dir='ltr'><strong>ambulant,</strong></span> <span class='ocrx_word' id='word_1_745' title='bbox 2498 5294 2611 5352; x_wconf 88' lang='lat' dir='ltr'><strong>quo</strong></span> <span class='ocrx_word' id='word_1_746' title='bbox 2657 5292 2775 5335; x_wconf 83' lang='lat' dir='ltr'><strong>rem</strong></span> <span class='ocrx_word' id='word_1_747' title='bbox 2813 5284 3040 5350; x_wconf 85' lang='lat' dir='ltr'><strong>patratu</strong></span> <span class='ocrx_word' id='word_1_748' title='bbox 3093 5273 3465 5334; x_wconf 70' lang='lat' dir='ltr'><strong>facilem-esse</strong></span> <span class='ocrx_word' id='word_1_749' title='bbox 3491 5272 3568 5329; x_wconf 65' lang='lat' dir='ltr'><strong>si.</strong></span> 
     </span>
    </p>
   </div>
   <div class='ocr_carea' id='block_1_110' title="bbox 1979 5373 2284 5444">
    <p class='ocr_par' dir='ltr' id='par_1_110' title="bbox 1979 5373 2284 5444">
     <span class='ocr_line' id='line_1_110' title="bbox 1979 5373 2284 5444; baseline -0.01 -15"><span class='ocrx_word' id='word_1_750' title='bbox 1979 5373 2284 5444; x_wconf 78' lang='lat' dir='ltr'><strong>gniticaret.</strong></span> 
     </span>
    </p>
   </div>
   <div class='ocr_carea' id='block_1_111' title="bbox 2053 5457 3570 5532">
    <p class='ocr_par' dir='ltr' id='par_1_111' title="bbox 2053 5457 3570 5532">
     <span class='ocr_line' id='line_1_111' title="bbox 2053 5457 3570 5532; baseline -0.003 -15"><span class='ocrx_word' id='word_1_751' title='bbox 2053 5462 2225 5520; x_wconf 74' lang='lat' dir='ltr'><strong>Vsus.</strong></span> <span class='ocrx_word' id='word_1_752' title='bbox 2277 5463 2335 5520; x_wconf 76' lang='lat'><strong>2.</strong></span> <span class='ocrx_word' id='word_1_753' title='bbox 2376 5480 2396 5517; x_wconf 79' lang='grc' dir='ltr'><strong>ι</strong></span> <span class='ocrx_word' id='word_1_754' title='bbox 2441 5461 2558 5518; x_wconf 82' lang='lat' dir='ltr'><strong>Lex</strong></span> <span class='ocrx_word' id='word_1_755' title='bbox 2598 5461 2753 5518; x_wconf 87' lang='lat' dir='ltr'><strong>enim</strong></span> <span class='ocrx_word' id='word_1_756' title='bbox 2791 5460 3031 5532; x_wconf 82' lang='lat' dir='ltr'><strong>spiritus</strong></span> <span class='ocrx_word' id='word_1_757' title='bbox 3081 5458 3212 5514; x_wconf 56' lang='lat' dir='ltr'><strong>vita!</strong></span> <span class='ocrx_word' id='word_1_758' title='bbox 3243 5459 3298 5513; x_wconf 88' lang='lat' dir='ltr'><strong>in</strong></span> <span class='ocrx_word' id='word_1_759' title='bbox 3349 5457 3570 5515; x_wconf 76' lang='lat' dir='ltr'><strong>Christo</strong></span> 
     </span>
    </p>
   </div>
   <div class='ocr_carea' id='block_1_112' title="bbox 1979 5549 3367 5626">
    <p class='ocr_par' dir='ltr' id='par_1_112' title="bbox 1979 5549 3367 5626">
     <span class='ocr_line' id='line_1_112' title="bbox 1979 5549 3367 5626; baseline -0.009 -13"><span class='ocrx_word' id='word_1_760' title='bbox 1979 5553 2114 5613; x_wconf 71' lang='lat' dir='ltr'><strong>Iesu</strong></span> <span class='ocrx_word' id='word_1_761' title='bbox 2150 5553 2409 5611; x_wconf 89' lang='lat' dir='ltr'><strong>liberavit</strong></span> <span class='ocrx_word' id='word_1_762' title='bbox 2434 5569 2521 5609; x_wconf 88' lang='lat' dir='ltr'><strong>me</strong></span> <span class='ocrx_word' id='word_1_763' title='bbox 2555 5569 2585 5608; x_wconf 93' lang='lat' dir='ltr'><strong>a</strong></span> <span class='ocrx_word' id='word_1_764' title='bbox 2618 5554 2737 5625; x_wconf 80' lang='lat' dir='ltr'><strong>lege</strong></span> <span class='ocrx_word' id='word_1_765' title='bbox 2771 5551 2983 5626; x_wconf 81' lang='lat' dir='ltr'><strong>peccati</strong></span> <span class='ocrx_word' id='word_1_766' title='bbox 3012 5559 3068 5608; x_wconf 90' lang='lat' dir='ltr'><strong>et</strong></span> <span class='ocrx_word' id='word_1_767' title='bbox 3091 5549 3313 5605; x_wconf 87' lang='lat' dir='ltr'><strong>mortis.</strong></span> <span class='ocrx_word' id='word_1_768' title='bbox 3344 5565 3367 5600; x_wconf 75' lang='grc' dir='ltr'><strong>ι</strong></span> 
     </span>
    </p>
   </div>
   <div class='ocr_carea' id='block_1_113' title="bbox 2054 5732 3565 5810">
    <p class='ocr_par' dir='ltr' id='par_1_113' title="bbox 2054 5732 3565 5810">
     <span class='ocr_line' id='line_1_113' title="bbox 2054 5732 3565 5810; baseline -0.008 -13"><span class='ocrx_word' id='word_1_769' title='bbox 2054 5740 2304 5797; x_wconf 80' lang='lat' dir='ltr'><strong>Gratiam</strong></span> <span class='ocrx_word' id='word_1_770' title='bbox 2359 5737 2521 5810; x_wconf 78' lang='lat' dir='ltr'><strong>legem</strong></span> <span class='ocrx_word' id='word_1_771' title='bbox 2566 5743 2789 5809; x_wconf 74' lang='lat' dir='ltr'><strong>spiritus</strong></span> <span class='ocrx_word' id='word_1_772' title='bbox 2847 5733 3108 5806; x_wconf 83' lang='lat' dir='ltr'><strong>appellat.</strong></span> <span class='ocrx_word' id='word_1_773' title='bbox 3162 5732 3565 5804; x_wconf 71' lang='lat' dir='ltr'><strong>Legemmutcm</strong></span> 
     </span>
    </p>
   </div>
   <div class='ocr_carea' id='block_1_114' title="bbox 1983 5822 3577 5906">
    <p class='ocr_par' dir='ltr' id='par_1_114' title="bbox 1983 5822 3577 5906">
     <span class='ocr_line' id='line_1_114' title="bbox 1983 5822 3577 5906; baseline -0.01 -15"><span class='ocrx_word' id='word_1_774' title='bbox 1983 5835 2189 5906; x_wconf 78' lang='lat' dir='ltr'><strong>peccati</strong></span> <span class='ocrx_word' id='word_1_775' title='bbox 2249 5833 2406 5899; x_wconf 83' lang='lat' dir='ltr'><strong>dicit,</strong></span> <span class='ocrx_word' id='word_1_776' title='bbox 2453 5845 2563 5886; x_wconf 90' lang='lat' dir='ltr'><strong>non</strong></span> <span class='ocrx_word' id='word_1_777' title='bbox 2645 5827 2944 5886; x_wconf 72' lang='lat' dir='ltr'><strong>Mosaicam</strong></span> <span class='ocrx_word' id='word_1_778' title='bbox 3028 5825 3344 5901; x_wconf 87' lang='lat' dir='ltr'><strong>(quomodo</strong></span> <span class='ocrx_word' id='word_1_779' title='bbox 3390 5822 3577 5880; x_wconf 74' lang='lat' dir='ltr'><strong>enim?</strong></span> 
     </span>
    </p>
   </div>
  </div>
