4100 6280
349 363 458 431 505

1503 368 1590 432 IN
1629 369 1871 432 EPIST.
1909 369 2012 430 AD
2053 369 2432 432 ROMANOS.

3502 369 3612 442 506

347 473 442 530 τὸν
476 472 682 546 κόσμον
730 473 948 529 ἃπαντα
986 474 1174 530 τοῦτον
1197 494 1212 508 ο
1269 476 1409 550 ⁴ὅπερ
1433 477 1531 533 καὶ
1566 479 1615 532 oi
1650 477 1927 550 προφῆται

2032 478 2132 546 tio,
2166 480 2490 534 universum
2541 476 2769 550 insuper
2797 478 2989 538 orbem
3029 480 3301 551 obtendit,
3333 486 3612 556 quomodo

356 566 598 636 ποιοῦσι,
654 569 938 638 ποταμοὺς
984 569 1317 640 κροτοῦντας
1354 573 1545 644 χερσὶν
1593 573 1927 644 εἰσάγοντες,

349 659 446 714 καὶ
496 658 718 731 βουνοὺς
768 661 1118 732 ἁλλομένους,
1145 663 1242 717 καὶ
1285 663 1389 737 ὄρη
1421 665 1787 739 σκιρτοῦνταο
1829 668 1931 740 οὐχ

349 749 438 805 ινα
472 751 612 806 αὐτά
640 751 858 823 ἔμψυχα
885 751 1218 823 νομίσωμεν,
1245 754 1364 808 ἀλλ’
1390 754 1478 809 ἵνα
1499 754 1600 827 τὴν
1624 756 1930 829 ὑπερϐολὴν

351 847 614 918 μάθωμεν
638 847 748 900 τῶν
769 847 1013 917 ἀγαθῶν,
1029 846 1108 913 ὡς
1131 848 1358 904 καὶτῶν
1381 850 1722 922 ἀναισθήτων
1749 851 1932 907 αὐτῶν

347 938 806 1011 καθικνουμένην.
841 940 1012 994 Τοῦτο
1037 939 1097 994 δι
1121 941 1253 995 αὐτὸ
1283 942 1375 996 καὶ
1406 943 1499 997 ἐπὶ
1525 943 1636 998 τῶν
1665 943 1931 1015 λυπηρῶν

349 1031 560 1084 ποιοῦσι
583 1031 861 1096 πολλάκις,
881 1034 1197 1102 είσάγοντες
1217 1034 1311 1088 καὶ
1335 1035 1586 1103 ἄμπελον
1601 1034 1926 1107 θρηνοῦσαν,

345 1127 444 1180 καὶ
470 1120 636 1192 οἶνον,
664 1125 761 1181 καὶ
801 1124 902 1198 ὄρη
922 1166 940 1192 ,
964 1127 1062 1181 καὶ
1104 1125 1441 1198 φατνώματα
1473 1127 1797 1193 δλολύζοντα
1831 1127 1925 1183 τοῦ

347 1217 498 1285 ναοῦ,
524 1219 612 1273 ῐνα
638 1219 742 1274 κᾶν
767 1219 1018 1274 ἐντεῦθεν
1040 1221 1204 1276 πάλιν
1236 1221 1336 1293 τὴν
1364 1222 1466 1274 ύπε
1477 1220 1674 1294 ρϐολὴν
1689 1222 1800 1276 τῶν
1823 1239 1928 1278 κα-

346 1311 462 1367 κῶν
489 1313 854 1386 ὶννοήσωμεν.
883 1313 1122 1378 Τούτους
1153 1310 1249 1370 οῦν
1268 1314 1363 1370 καὶ
1385 1317 1416 1370 ὁ
1457 1313 1780 1380 Ἀπόστολος
1833 1334 1928 1387 μια-

351 1403 620 1477 μούμενος
646 1447 662 1472 ,
703 1410 1115 1478 προσωποποιεῖ
1159 1406 1258 1478 τὴν
1299 1407 1481 1462 κτίσιν
1531 1407 1787 1474 ἐνταῦθα,
1831 1408 1928 1464 καί

346 1515 504 1569 φησι,
535 1498 812 1564 στενάζειν
838 1501 1008 1572 αὐτὴν
1043 1501 1138 1556 καὶ
1168 1501 1381 1555 ὠδίνειν
1404 1515 1419 1532 ⁶
1461 1501 1570 1555 οὐκ
1591 1501 1778 1573 ἐπειδὴ
1807 1517 1928 1555 στευ

345 1590 560 1662 ναγμοῦ
590 1609 735 1656 τινος
765 1593 966 1663 ἦκουεν
1003 1593 1113 1648 ἀπὸ
1146 1595 1250 1664 γῆς
1288 1596 1383 1649 καὶ
1417 1593 1650 1667 ούρανοῦ
1687 1592 1927 1667 φερομέ-

345 1700 461 1748 νου,
493 1684 607 1738 ἀλλ’
635 1685 722 1740 ἵνα
748 1685 858 1740 τῶν
891 1685 1194 1757 μελλόντων
1236 1685 1458 1755 ἀγαθῶν
1487 1685 1786 1757 ἐνδείξηται
1824 1686 1925 1758 τὴν

348 1776 676 1849 ὑπερϐολὴν,
712 1778 805 1832 καὶ
848 1777 948 1850 τὴν
970 1777 1266 1850 ἐπιθυμίαν
1295 1777 1396 1850 τῆς
1443 1778 1768 1851 ἀπαλλαγῆς
1814 1779 1924 1834 τῶν

349 1869 692 1939 κατεχόντων
714 1868 927 1926 κακῶν.

423 1983 442 2014 ι
480 1963 558 2035 Τῇ
582 1964 690 2037 γὰρ
722 1964 1050 2037 ματαιότητι
1070 1963 1108 2038 ἠ
1134 1964 1314 2030 κτίσις
1342 1964 1616 2037 ῦπετάγη,
1644 1963 1746 2038 οὐχ
1771 1962 1930 2020 ἑκοῦο

348 2075 442 2113 σα.
487 2077 507 2110 ι

419 2153 646 2223 Ὅμοιον
663 2149 738 2215 ὥς
759 2153 809 2208 εί
827 2151 980 2223 λέγοι
998 2168 1017 2188 ο
1042 2152 1264 2226 ῡθαρτὴ
1284 2152 1512 2223 γὶγονεν
1532 2154 1567 2225 ἡ
1594 2155 1791 2220 κτίσις.
1817 2158 1932 2213 Καὶ

343 2243 495 2307 τίνος
521 2245 721 2316 χάρινς
758 2245 859 2300 Διά
909 2245 970 2300 σὲ
1001 2245 1096 2300 τὸν
1121 2244 1432 2320 ἄνθρωπον.
1480 2245 1700 2318 Ἐπειδὴ
1731 2248 1842 2319 γὰρ
1869 2249 1930 2303 τδ

349 2336 514 2408 σῶμά
544 2354 640 2391 σου
661 2337 850 2408 γέγονε
886 2337 1084 2409 θνητὸν
1112 2340 1205 2393 καὶ
1233 2337 1499 2411 παθητὸν,
1517 2338 1611 2394 καὶ
1631 2342 1665 2412 ἡ
1695 2341 1764 2411 γῆ
1798 2357 1933 2395 κατ-

350 2431 494 2503 άραν
537 2430 777 2501 ἐδέξατο,
825 2432 921 2486 καὶ
966 2432 1199 2504 ἧνεγκεν
1232 2431 1474 2499 ἀκάνθας
1509 2435 1603 2488 καὶ
1623 2433 1930 2506 τριϐόλους.

346 2523 475 2580 Ὅτι
503 2525 562 2578 δὲ
608 2527 703 2580 καὶ
734 2523 966 2597 οὐρανὸς
1005 2525 1148 2605 μετά
1203 2525 1303 2595 τῆς
1345 2527 1450 2597 γῆς
1503 2526 1928 2598 παλαιούμενος,

346 2616 488 2689 πρὸς
518 2616 616 2688 τὴν
637 2617 848 2688 ἀμείνω
873 2617 1028 2683 λῆξιν
1051 2617 1282 2691 ὕστερον
1310 2620 1737 2691 μεταστήσεται,
1764 2619 1932 2675 ἀκου-

349 2725 445 2764 σον
475 2706 553 2780 τῷ
579 2710 841 2782 Προφήτῃ
869 2708 1082 2779 λέγοντι
1133 2707 1265 2782 περὶ
1294 2708 1405 2762 τῶν
1436 2708 1714 2780 οὐρανῶνο
1745 2708 1928 2765 Αὐτοὶ

347 2802 742 2870 ἀπολοῦνται,
767 2801 852 2859 σὺ
881 2802 952 2858 δὲ
976 2801 1302 2873 διαμένεις,
1328 2802 1427 2857 καὶ
1461 2800 1667 2873 ὥσπερ
1690 2803 1926 2873 περισό-

346 2900 526 2953 Jator
555 2896 785 2965 ἑλίξεις
804 2895 1052 2964 αὐτοὺς,
1072 2897 1172 2952 καί
1201 2895 1679 2969 ἀλλαγήσονται.

423 3099 445 3133 ι
491 3077 656 3134 ’Λλλά
680 3077 769 3135 διὰ
794 3076 888 3132 τδν
924 3075 1275 3146 ὑποτάξαντα
1321 3077 1409 3131 ἐπ’
1439 3076 1616 3133 ἑλπίδι.
1652 3091 1670 3111 ·
1703 3078 1792 3134 ὅτι
1829 3078 1927 3135 καὶ

2034 585 2236 642 nempe
2280 569 2570 641 Propheta:
2611 569 2838 626 ﬂumina
2885 572 3203 643 plaudentia
3234 574 3493 631 manibus
3523 577 3609 631 in.

2032 661 2247 716 ducunt
2278 662 2340 726 ",
2371 662 2540 718 colles
2563 662 2933 729 exsultantes,
2976 671 3030 720 et
3056 663 3416 722 subsilientes
3446 681 3608 722 mon-

2031 763 2117 811 tes
2147 756 2193 788 ³⁰
2223 773 2240 812 :
2268 771 2378 811 non
2406 756 2630 826 quidem
2676 762 2735 810 ut
2770 771 2834 811 ea
2881 753 3122 812 animata
3163 772 3290 814 esse
3321 758 3610 818 existimo.

2029 863 2180 914 mus,
2207 848 2300 905 sed
2327 856 2388 904 ut
2416 850 2686 906 bonorum
2718 850 3167 922 exsuperantiam
3195 849 3608 919 condiscamus,

2030 954 2095 996 ac
2121 939 2168 996 si
2217 939 2286 996 ad
2336 941 2484 1011 ipsas
2538 941 2706 996 etiam
2750 956 2837 998 res
2890 956 3091 998 sensus
3135 953 3390 1016 expertes
3433 947 3612 1019 perti-

2030 1042 2221 1091 neant.
2258 1034 2414 1101 Quod
2443 1033 2668 1105 quidem
2701 1036 2882 1106 ipsum
2925 1035 3241 1105 frequenter
3272 1037 3505 1104 faciunt,
3545 1043 3610 1095 ut

2027 1129 2218 1199 gravia
2265 1128 2612 1198 molesteque
2657 1125 3009 1198 signiﬁcent;
3049 1137 3109 1182 ut
3154 1127 3285 1183 dum
3317 1129 3485 1185 vitem
3515 1130 3610 1186 lu-

2027 1225 2250 1290 gentem
2282 1218 2576 1285 inducunt,
2611 1218 2826 1285 vinum,
2872 1228 3116 1286 montes,
3174 1220 3442 1293 lignaque
3473 1231 3610 1281 tem-

2028 1313 2103 1383 pli
2134 1311 2400 1381 ejulantia
2425 1312 2470 1343 “
2501 1328 2518 1366 :
2549 1319 2611 1366 ut
2637 1311 2840 1367 exhinc
2873 1311 3069 1367 saltem
3102 1311 3466 1384 conjiciamus
3497 1317 3607 1373 vim

2029 1405 2324 1460 immanem
2359 1403 2653 1460 malorum.
2685 1401 2800 1459 Hos
2831 1401 3019 1474 itaque
3067 1405 3373 1474 Apostolus
3426 1407 3611 1465 imita-

2027 1508 2141 1566 tur,
2171 1498 2302 1554 dum
2333 1497 2426 1552 hic
2452 1505 2765 1553 creaturam
2813 1497 2868 1552 in
2896 1496 3140 1552 medium
3176 1497 3422 1568 profert;
3457 1478 3609 1557 eam~

2025 1604 2136 1664 que
2166 1587 2530 1661 ingemiscere
2562 1587 2714 1642 aitet
2746 1588 3025 1657 parturire
3054 1606 3070 1643 :
3103 1605 3216 1644 non
3251 1599 3312 1645 ut
3346 1593 3608 1662 gemitum

2025 1684 2321 1754 quemdam
2348 1697 2381 1737 e
2408 1687 2554 1737 terra
2586 1679 2799 1737 caelove
2841 1683 3109 1738 emissum
3141 1683 3401 1752 audierit,
3434 1685 3528 1741 sed
3550 1694 3610 1742 ut

2029 1776 2342 1832 futurorum
2361 1774 2631 1830 bonorum
2646 1774 3076 1846 praecellentiam
3099 1777 3376 1842 ostendat,
3392 1793 3609 1836 necnon

2030 1867 2365 1926 desiderium
2387 1867 2734 1922 liberatiouis
2781 1881 2813 1922 a
2850 1865 3013 1922 malis
3047 1882 3170 1938 quae
3202 1884 3306 1924 nos
3331 1869 3610 1926 detinent.

2103 1960 2272 2017 Vens.
2302 1960 2394 2016 20.
2429 1976 2448 2012 ι
2479 1958 2728 2016 Yanitati
2755 1958 2902 2016 enim
2931 1966 3185 2016 creatura
3220 1960 3472 2034 subjecta
3499 1969 3608 2032 est,

2027 2069 2141 2110 non
2173 2053 2385 2110 volens.
2410 2070 2430 2105 ι

2098 2142 2340 2200 Perinde
2361 2158 2424 2200 ac
2449 2142 2496 2200 si
2528 2139 2784 2200 diceret:
2830 2140 3108 2214 Corrupta
3142 2143 3289 2200 facta
3323 2153 3411 2201 est
3452 2159 3610 2202 crea-

2029 2243 2180 2292 tura.
2214 2235 2388 2307 Cujus
2435 2236 2489 2291 id
2527 2235 2735 2291 causa?
2783 2243 3012 2306 propter
3058 2243 3114 2291 te
3165 2236 3471 2293 hominem.
3529 2235 3608 2294 Ex

2029 2341 2143 2396 quo
2171 2327 2375 2382 etenim
2408 2339 2617 2396 corpus
2647 2337 2800 2380 tuum
2833 2326 3072 2382 mortale
3109 2325 3236 2396 fuit,
3267 2335 3323 2384 et
3353 2329 3608 2399 patibile,

2028 2421 2177 2469 terra
2211 2412 2436 2486 perinde
2484 2413 2928 2471 maledictionem
2969 2418 3220 2487 accepit,
3268 2421 3610 2491 protulitque

2029 2507 2270 2563 carduos
2305 2515 2361 2562 et
2393 2507 2652 2564 tribulos.
2691 2506 2849 2575 Quod
2880 2515 3062 2566 autem
3095 2511 3296 2566 caelum
3329 2512 3473 2567 haud
3516 2527 3611 2569 se-

2029 2613 2133 2654 cus
2193 2613 2259 2652 ac
2293 2607 2436 2654 terra
2463 2637 2483 2665 ,
2549 2604 2827 2656 vetustate
2881 2597 3167 2666 detritum,
3213 2601 3281 2658 ad
3319 2603 3606 2660 meliorem

2028 2697 2236 2747 sortem
2261 2690 2336 2746 sit
2377 2688 2800 2757 traducendum,
2853 2705 3015 2750 aures
3066 2694 3248 2764 praebe
3298 2693 3608 2767 Prophetas,

2027 2782 2120 2837 ubi
2153 2782 2222 2838 de
2260 2782 2417 2839 cmlis
2450 2783 2526 2837 ita
2576 2782 2864 2855 loquitur:
2903 2783 3016 2854 Ipsi
3037 2785 3304 2856 peribunt,
3348 2797 3408 2843 tu
3429 2800 3609 2844 autem

2025 2873 2129 2946 31
2174 2890 2474 2944 permanes,
2512 2883 2561 2930 et
2605 2891 2788 2932 omnes
2837 2877 2977 2932 sicut
3005 2880 3378 2935 vestimentum
3407 2891 3612 2937 υειειοαα

2025 2977 2190 3022 scent.
2215 2965 2282 3022 Et
2310 2968 2449 3023 sicut
2471 2969 2726 3023 amictum
2746 2968 2948 3026 evolves
2964 2985 3076 3038 eos,
3103 2983 3153 3026 et
3176 2970 3596 3027 mutabuntur”

2100 3099 2122 3134 ι
2156 3079 2262 3137 Sed
2301 3091 2528 3155 propter
2581 3097 2708 3140 eum
2753 3083 2851 3154 qui
2907 3083 3145 3154 subjecit
3196 3099 3319 3140 eam
3371 3084 3426 3141 in
3481 3101 3607 3159 spe.

345 3174 486 3245 αὑτὴ
513 3175 545 3246 ἡ
575 3171 753 3236 κτίσις
779 3169 1279 3245 ἐλευθερωθήσεται
1302 3172 1411 3228 ἀπὸ
1439 3171 1540 3243 τῆς
1567 3169 1814 3237 δουλείας
1830 3173 1927 3244 τῆς

2033 3173 2223 3248 [Vens
2255 3175 2373 3249 2L]
2397 3176 2672 3243 Quoniam
2697 3187 2754 3232 et
2785 3177 2906 3248 ipsa
2933 3185 3192 3234 creatura
3218 3177 3544 3236 liberabitur
3573 3195 3607 3236 α

345 3265 575 3336 φθορᾶς.
611 3282 632 3315 ι

411 3357 477 3412 ΕΞ
501 3355 595 3412 καὶ
620 3353 838 3429 φθαρτῇ
852 3353 1077 3424 γέγονεν
1103 3353 1137 3424 ἡ
1161 3352 1360 3419 κτίσις,
1389 3350 1525 3423 φησὶ
1543 3391 1560 3417 ,
1579 3352 1648 3407 δι’
1671 3351 1793 3423 ἐμὲ,
1812 3351 1928 3408 ἀλλ’

343 3451 499 3506 οὐδὲν
543 3447 826 3523 ⁴ίλδίκητειι.
860 3450 975 3505 Καὶ
1025 3445 1134 3521 γὰρ
1183 3446 1464 3518 ἄφθαρτος
1515 3445 1667 3501 ἔσται
1721 3445 1792 3501 δι’
1827 3447 1928 3518 ἐμὲ

343 3544 512 3599 πάλιν
540 3561 556 3578 ·
585 3544 747 3598 τοῦτο
787 3543 897 3616 γάρ
933 3544 1082 3598 ἐστιν
1118 3541 1180 3596 τὸ
1208 3581 1225 3607 ,
1251 3541 1344 3596 ἐπ’
1394 3540 1616 3597 ἐλπίδι.
1663 3540 1832 3596 Ὅταν
1871 3539 1928 3594 δὲ

343 3639 459 3707 οὐχ
485 3635 715 3691 ἑκοῦσα
741 3633 1034 3704 ὑπετάγη,
1062 3634 1161 3703 οὐχ
1191 3632 1277 3688 ἵνα
1305 3632 1503 3704 κυρίαν
1525 3630 1754 3703 γνώμης
1775 3629 1929 3707 δείξῃ

342 3729 533 3800 οὖσαν,
561 3731 723 3785 τοῦτο
767 3728 950 3800 λέγει,
974 3727 1092 3782 ἀλλ’
1122 3727 1212 3782 ἵνα
1264 3725 1476 3801 μάθῃς,
1504 3726 1589 3780 ὃτι
1641 3723 1741 3796 τῆς
1788 3725 1927 3796 Χρι·

345 3823 474 3879 στοῦ
503 3822 834 3895 κηδεμονίας
868 3820 932 3877 τὸ
968 3822 1080 3876 πᾶν
1119 3820 1363 3891 εγενετο,
1394 3819 1516 3893 οὐχὶ
1538 3818 1760 3892 ἐκείνης
1788 3834 1926 3872 κατ-

341 3915 577 3990 όρθωμα
597 3913 777 3974 τοῦτο.

420 4109 442 4148 ι
469 4090 568 4157 Εἰς
603 4088 706 4163 τὴν
745 4087 1061 4161 ιλευθερίαν
1097 4086 1200 4161 τῆς
1240 4085 1401 4160 δόξης
1431 4085 1542 4144 τῶν
1574 4084 1780 4142 τέκνων
1825 4085 1922 4142 τοῦ

344 4181 506 4240 Θεοῦ.

414 4273 797 4340 Τουτέστι,διά
824 4272 923 4345 τὴν
950 4270 1291 4341 ἐλευθερίαν.

421 4385 440 4420 ι
483 4365 846 4438 υῑδαμινγάρ
870 4365 956 4419 δτι
1002 4364 1214 4436 πᾶσαή
1263 4363 1444 4429 κτίσις
1478 4360 1795 4428 συστενάζει
1825 4362 1923 4416 καὶ

343 4458 624 4514 συνωδίνει
653 4458 782 4530 ἄχρι
805 4455 900 4510 τοῦ
925 4455 1037 4513 νῦν.
1082 4473 1103 4509 ι

413 4553 558 4626 Ὅρα
614 4550 736 4616 πῶς
781 4547 1034 4621 ἐντρέπει
1069 4545 1163 4602 τὸν
1186 4545 1484 4619 ἀκροατήν,
1511 4545 1795 4617 μονονουχὶ

343 4663 479 4717 των,
510 4645 607 4716 Μὴ
652 4643 787 4716 γένῃ
844 4641 948 4713 τῆς
979 4640 1211 4705 κτίσεως
1261 4639 1480 4712 χείρων,
1522 4641 1627 4702 τοῖς
1657 4635 1925 4709 παροῦσιν

342 4735 822 4808 ἑμφιλοχωρήσας.
855 4733 932 4787 οδ
963 4731 1075 4803 γὰρ
1111 4731 1272 4803 μόνον
1301 4728 1481 4784 αὐτῶν
1514 4727 1837 4800 ἀντέχεσθαι
1861 4727 1923 4780 ού

341 4831 448 4892 δεῖ.
475 4828 613 4884 ἀλλά
667 4826 949 4892 στενάζειν
990 4824 1087 4880 ἐπὶ
1127 4826 1194 4896 τῇ
1242 4823 1499 4897 μελλήσει
1531 4822 1632 4894 τῆς
1670 4821 1926 4877 ἐντεῦθεν

343 4922 680 4994 ἀποδημίας.
705 4923 768 4976 Εί
793 4920 902 4993 γὰρ
929 4921 966 4994 ἡ
989 4918 1170 4984 κτίσις
1194 4915 1354 4973 τοῦτο
1380 4919 1546 4984 ποιεῖ,
1567 4915 1746 4988 πολλῷ
1785 4915 1927 4987 μᾶλα

342 5018 438 5070 λον
493 5017 554 5070 σὲ
589 5015 670 5088 [ﬁ]
701 5015 913 5070 δίκαιον
963 5010 1096 5068 ὄντα
1140 5009 1299 5066 τοῦτο
1349 5007 1761 5066 ιπιδείκνυσθαι
1784 5050 1802 5078 ,
1832 5007 1927 5064 τὸν

342 5108 490 5181 λόγῳ
509 5106 900 5180 τετιμημένον,

415 5305 440 5342 ε
479 5286 558 5342 οὐ
609 5285 768 5357 μόνον
817 5283 897 5350 δι,
927 5281 1066 5340 ἀλλά
1093 5283 1191 5339 καὶ
1217 5281 1374 5340 αὐτοὶ
1405 5280 1508 5354 τὴν
1543 5280 1799 5354 ἀπαρχὴν
1829 5279 1927 5337 τοῦ

341 5376 659 5449 πνεύματος
687 5377 936 5450 ἔχοντες,
963 5376 1125 5448 ἡμεῖς
1155 5374 1254 5430 καὶ
1283 5372 1441 5428 αὐτοὶ
1465 5373 1524 5427 ὲν
1549 5371 1762 5438 ἑαυτοῖς
1798 5389 1923 5428 στε-

340 5468 605 5539 νάζομεν.
636 5488 660 5524 ι

417 5559 540 5615 Τῶν
574 5555 876 5630 μελλόντων
906 5557 1010 5632 ἠδη
1057 5557 1389 5628 γευσάμενοι
1406 5595 1421 5620 ,
1450 5552 1659 5611 τούτων
1683 5554 1746 5611 τὸ
1767 5555 1922 5623 τέλος

347 5652 482 5708 κείν
510 5650 834 5722 σπεύδομεν.
861 5651 926 5706 Ei
954 5647 1066 5724 γὰρ
1094 5650 1320 5724 ἀπαρχὴ
1339 5647 1604 5720 τοσαύτη,
1629 5646 1705 5713 ὡς
1727 5647 1795 5703 δι’
1822 5647 1922 5703 αὖ·

1823 4543 1921 4598 λι-
1949 4506 1996 4565 θ

2030 3271 2296 3325 servitute
2325 3270 2724 3341 corruptionis.
2761 3287 2782 3323 ι

2104 3356 2165 3414 Si
2221 3367 2476 3415 creatura
2541 3369 2767 3430 propter
2839 3374 2928 3416 me
2963 3369 3225 3434 corrupta
3286 3362 3432 3419 facta
3504 3373 3612 3433 est,

2028 3452 2233 3523 mquit,
2265 3451 2402 3510 nihil
2431 3451 2508 3508 illi
2532 3451 2752 3524 injuriae
2796 3459 2882 3509 est
2929 3452 3251 3527 lrrogatum.
3299 3455 3433 3512 Nam
3481 3472 3614 3530 pro-

2027 3553 2152 3615 pter
2185 3559 2275 3600 me
2305 3545 2507 3600 iterum
2558 3543 2758 3602 evadet
2806 3545 3154 3618 incorrupta.
3195 3546 3310 3605 Hoc
3358 3548 3507 3606 enim
3545 3563 3613 3606 ea

2027 3651 2184 3703 voce,
2223 3636 2280 3692 in
2307 3652 2418 3707 spe,
2453 3636 2822 3709 signiﬁcatur.
2861 3638 2968 3695 Ubi
3000 3645 3185 3694 autem
3224 3639 3383 3707 dicit,
3431 3639 3612 3709 subje-

2026 3737 2115 3784 cta
2145 3738 2225 3784 est
2247 3727 2566 3795 muralem,
2601 3745 2711 3785 non
2751 3729 2858 3785 hoc
2887 3729 2961 3786 ait
2995 3738 3057 3785 ut
3081 3730 3302 3786 consilii
3329 3729 3611 3785 dominam

2025 3835 2150 3877 eam
2182 3835 2309 3878 esse
2333 3819 2634 3877 ostendat:
2667 3820 2766 3876 sed
2804 3828 2867 3877 ut
2905 3821 3035 3876 inde
3092 3821 3372 3888 addiscas,
3433 3828 3613 3877 totum

2027 3927 2258 3983 prorsus
2283 3926 2454 3984 penes
2479 3911 2690 3968 Christi
2709 3927 2903 3968 curam
2936 3918 2993 3968 et
3026 3911 3451 3983 dispositionem
3466 3926 3612 3978 esse,

2025 4019 2204 4078 neque
2231 4004 2286 4060 id
2313 4014 2590 4061 creaturae
2618 4006 2827 4061 virtute
2861 4007 3254 4077 praestandum.

2157 4095 2221 4153 In
2253 4096 2567 4154 libertatem
2610 4098 2802 4171 gloria:
2829 4097 3068 4155 ﬁliorum
3095 4098 3218 4155 Dei.
3261 4117 3281 4152 ι

2095 4273 2152 4332 id
2175 4283 2258 4332 est
2285 4283 2514 4347 prepter
2549 4275 2882 4333 libertatem.

2094 4364 2263 4424 Vsus.
2301 4365 2394 4420 22.
2428 4383 2448 4417 ι
2479 4366 2700 4422 Scimus
2729 4365 2876 4422 enim
2917 4363 3064 4437 quod
3117 4364 3302 4424 omnis
3353 4373 3612 4424 creatura

2025 4459 2367 4531 ingemiscit,
2397 4465 2453 4514 et
2487 4458 2726 4529 parturit
2755 4473 2936 4529 usque
2962 4457 3168 4514 adhuc.
3202 4477 3224 4511 r

2095 4546 2364 4615 Observa,
2390 4547 2673 4619 quomodo
2709 4549 2923 4619 pudore
2972 4547 3257 4604 suifundat
3279 4547 3612 4616 auditorem,

2023 4640 2429 4706 tantummodo,
2455 4640 2737 4712 inquiens,
2767 4657 2834 4697 ne
2865 4640 3022 4713 pejor
3047 4640 3302 4698 eiiiciaris
3328 4649 3610 4706 creatura,

2022 4749 2148 4805 qua:
2172 4749 2369 4804 expers
2400 4733 2600 4789 anima:
2628 4741 2734 4799 est,
2767 4742 2830 4789 ut
2855 4734 3005 4790 circa
3047 4735 3340 4804 praesentia
3389 4734 3605 4790 studio-

2025 4824 2146 4881 sius
2188 4824 2524 4880 immoreris.
2557 4821 2767 4879 Nedum
2798 4823 2947 4879 enim
2976 4823 3046 4879 iis
3077 4838 3186 4879 non
3237 4829 3456 4894 oportet
3486 4837 3611 4880 esse

2027 4917 2415 4981 addictiorem,
2449 4914 2544 4970 sed
2576 4916 2753 4986 magis
2785 4915 3156 4985 ingemiscere
3207 4921 3433 4987 propter
3479 4915 3602 4970 diu-

2029 5014 2250 5063 turnum
2284 5005 2354 5060 ab
2407 5006 2501 5061 illa
2557 5007 2734 5073 patria
2793 5005 3319 5077 peregrinationem.
3377 5003 3512 5060 Nam
3561 5006 3608 5062 si

2024 5096 2134 5155 hoc
2191 5097 2324 5154 facit
2367 5106 2647 5165 creatura,
2701 5099 2878 5154 multo
2920 5099 3098 5168 magis
3141 5111 3362 5168 aequum
3422 5097 3608 5168 fuerit,

2024 5189 2170 5247 idem
2193 5196 2249 5244 te
2273 5189 2572 5246 ostendere
2597 5190 2691 5261 qui
2719 5190 2934 5246 ratione
2959 5187 3224 5260 praeditus
3249 5187 3347 5245 sis.

2091 5279 2258 5338 Vsss.
2288 5270 2439 5337 23.21
2478 5278 2600 5338 Non
2633 5282 2814 5338 solum
2849 5291 3054 5349 autem,
3097 5281 3196 5338 sed
3228 5287 3285 5336 et
3341 5279 3441 5352 ipsi
3492 5278 3607 5351 pri-

2028 5372 2219 5431 mitias
2253 5372 2491 5444 spiritus
2526 5372 2824 5440 habentes,
2851 5376 2910 5428 et
2938 5386 3040 5428 nos
3075 5370 3177 5444 ipsi
3208 5370 3352 5426 intra
3384 5384 3484 5425 nos
3511 5385 3607 5440 ge-

2025 5468 2254 5523 mimus.
2286 5485 2309 5520 ι

2100 5556 2242 5624 Quia
2272 5556 2389 5628 jam
2417 5569 2542 5627 qua:
2568 5553 2757 5610 futura
2789 5562 2944 5621 sunt,
2979 5551 3366 5618 delibavimus,
3406 5550 3605 5607 horum

2024 5649 2234 5707 exitum
2256 5648 2446 5706 videre
2477 5645 2834 5706 festinamus.
2863 5647 2924 5706 Si
2964 5647 3111 5704 enim
3157 5641 3429 5719 ejusmodi
3475 5652 3604 5700 sunt

424 5836 470 5872 ’ν
498 5831 644 5893 Psal.
676 5848 843 5905 xevu,
873 5835 931 5893 8.
1003 5833 1050 5868 ”
1081 5833 1226 5896 Psal.
1254 5851 1410 5906 ειιιι,
1441 5833 1496 5894 ι.
1571 5836 1611 5868 ³⁸
1642 5831 1806 5892 Amos
1853 5850 1925 5892 vn

2027 5838 2054 5891 ἰ.
2130 5836 2195 5868 ἰ’
2223 5833 2369 5893 Psal.
2403 5848 2477 5902 οι,
2509 5832 2601 5903 27,
2629 5831 2724 5891 28.
