4100 6280
453 365 558 436 δη
1645 362 1706 424 5.
1736 360 2054 426 JOANNIS

2163 359 2524 424 \MASCENI
3596 351 3704 420 512

454 476 760 538 destinavit
783 473 1105 533 eonformes
1131 473 1390 546 imaginis
1417 472 1540 530 Filii
1569 473 1680 540 sui,
1713 484 1774 528 ut
1802 481 1876 530 sit
1905 474 2026 546 ipse
2055 514 2063 540 λ

2163 477 2227 547 ῆς
2253 474 2461 540 είκόνος
2486 473 2583 529 τοῦ
2615 473 2748 529 Υίοῦ
2794 471 3080 542 αὑτοῦ,εις
3112 474 3174 530 τὸ
3197 467 3336 528 εἶναι
3366 471 3530 529 αὐτὸν
3549 487 3704 545 πρω-

457 570 858 644 primogenitus
912 569 967 623 in
1031 568 1227 624 multis
1279 567 1565 624 fratribus.
1628 565 1780 637 Quos
1843 573 2029 623 autem

2163 569 2361 624 ῖότοκον
2395 570 2455 623 ἐν
2489 568 2707 634 πολλοῖς
2737 569 3122 640 ἀδελφοῖς.οὒς
3153 569 3212 624 δέ
3233 567 3532 642 προώρισε,
3579 568 3705 622 τοὺ-

458 661 892 735 prardestinavit,
920 661 1022 717 bos
1054 667 1112 716 et
1138 660 1377 716 vocavit.
1411 679 1431 713 ι

2165 677 2256 724 ους
2298 659 2395 714 καὶ
2432 660 2714 715 ἐκάλεσεν.
2763 678 2784 714 a

530 755 702 826 Cuius
753 754 833 810 illi
883 754 1167 826 dignitatis
1223 752 1339 809 sint
1368 751 1636 820 ostendit,
1667 749 2028 824 quemadmo-

459 845 591 904 dum
616 845 944 918 jampridem
981 848 1125 902 Deus
1155 861 1285 918 erga
1313 845 1464 918 ipsos
1492 845 1723 903 affectus
1757 855 1924 903 esset.

537 957 558 993 ι
599 937 665 993 Ει
696 955 840 1010 quos
868 938 1111 1005 vocavit,
1147 938 1248 994 hos
1283 947 1340 994 et
1375 937 1720 1010 iustiﬁcavit.
1745 955 1766 989 ι

531 1026 639 1084 Per
669 1029 949 1085 lavacrum
991 1028 1183 1099 utique
1215 1028 1675 1100 regenerationis.

539 1140 560 1175 ‹
596 1118 748 1187 Quos
780 1130 963 1178 autem
994 1121 1339 1191 iustiﬁcavit,
1390 1121 1492 1178 hos
1530 1128 1586 1178 et
1625 1119 1975 1194 gloriﬁcavit.
2007 1137 2031 1174 ι

531 1211 637 1269 Per
669 1213 836 1278 dona,
870 1229 969 1285 per
997 1213 1378 1285 adoptionem.

534 1301 702 1360 Vsus.
742 1305 835 1370 Si,
862 1305 955 1360 52.
990 1322 1011 1358 ι
1037 1303 1180 1372 Quid
1219 1320 1352 1376 ergo
1398 1306 1651 1362 dicemus
1681 1305 1749 1362 ad
1793 1305 1946 1362 hec?
1977 1304 2037 1363 Si

2203 750 2415 818 Ἐδειξε
2440 752 2502 807 τὸ
2526 751 2769 826 ἀξίωμα,
2791 753 2866 820 ὼς
2895 752 3103 807 ἄνωθεν
3126 751 3154 808 ὁ
3177 751 3310 817 Θεὸς
3341 752 3478 825 πρὸς
3509 749 3709 818 αὐτοὺς

2131 845 2385 904 διέκειτο.

2209 958 2230 992 ι
2272 939 2382 994 Καὶ
2421 938 2517 1004 οὓς
2545 939 2796 1007 ἐκάλεσε,
2825 939 3051 1005 τούτους
3078 939 3173 995 καὶ
3192 937 3533 994 ἐδικαίωσεν.
3574 952 3596 990 a

2205 1031 2307 1087 Διὰ
2331 1032 2557 1106 λουτροῦ
2589 1032 3037 1103 παλιγγενεσίας.

2206 1143 2228 1178 ι
2264 1125 2371 1190 οὓς
2401 1125 2460 1181 δὲ
2501 1124 2816 1194 ἐδικαίωσε,
2845 1125 3073 1190 τούτους
3113 1123 3208 1180 καὶ
3237 1120 3513 1188 ἐδόξασεν.
3545 1139 3565 1175 ι

2204 1217 2308 1272 Διὰ
2336 1217 2448 1272 τῶν
2467 1217 2851 1291 χαρισμάτων,
2879 1215 2970 1272 διὰ
2997 1215 3100 1286 τῆς
3128 1215 3426 1278 υἱοθεσίας.

2207 1331 2228 1366 ι
2263 1309 2449 1386 Τίίοὖν
2477 1313 2717 1386 ἐροῦμεν
2771 1313 2912 1385 πρὸς
2958 1311 3176 1378 ταῦτα;
3208 1312 3272 1366 Ei
3307 1313 3337 1365 ὁ
3386 1309 3520 1374 Θεὸς
3569 1305 3713 1382 ὑπὲρ

461 1393 610 1450 Deus
643 1410 746 1465 pro
792 1397 980 1462 nobis,
1015 1396 1142 1469 quis
1171 1404 1364 1452 contra
1405 1397 1548 1452 nos?
1574 1397 1677 1464 Qui
1709 1397 1872 1453 etiam
1903 1411 2037 1469 pro-

2163 1405 2318 1478 ιμῶν,
2344 1407 2428 1472 τίς
2483 1407 2609 1462 καθ’
2640 1406 2838 1480 ὴμῶνς
2875 1406 2937 1472 ὅς
2977 1422 3044 1476 γι
3084 1404 3182 1460 τοῦ
3236 1402 3373 1460 ἰδίου
3417 1401 3588 1469 Υιοῦ,
3613 1403 3717 1457 οὐκ

465 1488 586 1568 prio
638 1487 779 1547 Filio
827 1505 937 1544 non
999 1489 1268 1562 pepercit,
1319 1490 1416 1544 sed
1453 1503 1554 1560 pro
1588 1490 1749 1546 nobis
1776 1491 2037 1546 omnibus

2170 1497 2416 1576 φείσατο,
2443 1496 2560 1554 ἀλλ’
2601 1497 2742 1572 ὺπέρ
2771 1497 2934 1573 ἡμῶν
2981 1497 3206 1554 πάντων
3238 1496 3557 1568 παρέδωκεν
3585 1494 3717 1550 ἐσυ-

464 1585 690 1642 tradidit
735 1586 892 1644 illum
918 1603 936 1642 :
967 1579 1252 1658 quomodo
1288 1597 1398 1636 non
1432 1582 1598 1636 etiam
1637 1597 1762 1638 cum
1793 1582 1886 1638 illo
1915 1597 2038 1639 om-

466 1675 556 1730 nia
581 1676 742 1732 nobis
773 1677 1104 1732 donaverit?
1142 1695 1160 1728 ι

539 1767 790 1826 Tametsi
841 1770 1012 1841 aliqui
1062 1784 1175 1824 non
1213 1767 1452 1825 credunt
1497 1741 1737 1832 futuris;
1790 1772 2036 1820 attamen

2134 1590 2252 1657 τδν,
2275 1590 2395 1658 πῶς
2416 1591 2541 1664 οὐχὶ
2565 1593 2660 1647 καὶ
2697 1592 2796 1649 σὺν
2823 1591 2974 1665 αὐτῷ
3002 1591 3072 1646 τὰ
3117 1591 3296 1647 πάντα
3327 1591 3459 1662 ἡμῖν
3487 1585 3723 1662 χαρίση-

2137 1698 2267 1750 ται;
2307 1701 2327 1736 ι

2204 1775 2270 1829 Εἰ
2293 1773 2388 1830 καὶ
2415 1775 2528 1840 τοῖς
2549 1775 2803 1846 μέλλουσί
2821 1792 2966 1840 τινες
2995 1771 3357 1839 διαπιστοῦσι,
3379 1769 3564 1843 φησιν,
3582 1765 3722 1825 ἀλλὰ

467 1865 737 1922 adversus
782 1877 847 1919 ea
904 1862 1049 1918 bona
1080 1877 1204 1931 qua:
1227 1860 1340 1930 iam
1384 1875 1648 1917 concessa
1697 1867 1850 1925 sunt,
1899 1859 2037 1914 nihil

2163 1865 2283 1936 πρὸς
2315 1865 2384 1921 τὰ
2407 1866 2508 1938 ήδη
2537 1868 2880 1938 γεγενημένα
2925 1866 3110 1936 ἀγαθὰ
3137 1864 3295 1921 οῦδὲν
3315 1864 3492 1938 ἔχοιεν
3518 1865 3718 1917 εἰπεῖν.

467 1955 676 2013 habent
723 1950 871 2022 quod
904 1950 1213 2022 proferant.
1264 1948 1439 2016 Quale
1473 1960 1558 2005 est
1598 1949 1768 2016 istud,
1799 1949 1951 2020 quod
1987 1958 2040 2004 te

467 2045 613 2102 Deus
669 2043 882 2115 pridem
943 2040 1271 2107 redamavit,
1329 2041 1478 2113 quod
1525 2049 1579 2098 te
1618 2042 1831 2112 justum
1886 2039 2037 2104 fecit.

467 2138 619 2212 quod
658 2138 828 2209 gloria
860 2135 1114 2191 donavit.
1157 2133 1283 2191 Haec
1315 2135 1519 2207 quippe
1558 2134 1653 2190 tibi
1696 2149 1793 2204 per
1830 2149 1894 2190 ea
1929 2133 2040 2187 lar-

469 2233 619 2304 gitus
669 2237 755 2286 est
808 2243 929 2300 qua;
957 2227 1193 2286 molesta
1234 2225 1598 2290 videbantur,
1631 2240 1862 2298 quaeque
1897 2225 2044 2294 iniu-

469 2323 651 2380 cunda
705 2335 939 2394 prorsus
990 2318 1263 2386 ducebas;
1315 2328 1446 2390 puta
1496 2333 1595 2389 per
1645 2335 1887 2384 crucem,
1924 2333 2045 2374 ver-

473 2416 624 2487 hera,
659 2415 900 2470 vincula.
930 2414 1059 2469 Haec
1086 2420 1216 2471 sunt
1254 2428 1377 2482 qua:
1406 2411 1672 2469 mundum
1721 2413 2044 2469 universum

475 2506 544 2563 ad
576 2505 957 2563 rectitudinem
989 2510 1415 2562 revocaverunt.

545 2598 717 2655 Vitas.
759 2598 849 2654 35.
912 2616 931 2650 ι
987 2595 1126 2664 Quis
1178 2595 1463 2653 accusabit
1511 2594 1780 2654 adversus
1835 2596 2048 2655 electos

477 2689 615 2747 Dei?
653 2711 673 2746 ι

430 2825 435 2830 .
550 2782 678 2842 Hac
710 2784 826 2843 illis
869 2783 1065 2855 objicit
1103 2784 1196 2856 qui
1243 2794 1503 2842 asserunt
1537 2781 1676 2839 nihil
1721 2782 1883 2838 fidem
1923 2795 2055 2854 pro-

479 2875 666 2944 desse,
696 2879 903 2950 quique
931 2876 1276 2948 repentinam
1313 2876 1672 2931 mutationem
1720 2889 1936 2930 morum
1970 2872 2058 2927 in-

480 2969 766 3026 ficiantur.
813 2968 1078 3040 Apprime
1129 2975 1317 3024 autem
1367 2982 1480 3023 non
1513 2966 1673 3036 dixit,
1715 2967 1841 3037 quis
1888 2980 2056 3020 accu-

481 3059 631 3117 sabit
661 3058 931 3116 adversus
985 3073 1181 3116 servos
1225 3058 1586 3131 Dei;neque,
1633 3056 1900 3113 adversus
1932 3057 2059 3114 illos

482 3149 578 3220 qui
608 3149 843 3207 credunt
864 3148 1000 3217 Deo,
1041 3149 1162 3215 sed,
1192 3149 1445 3206 adversus
1476 3151 1667 3207 electos
1695 3149 1816 3205 Dei.
1847 3148 2056 3206 Electio

483 3243 762 3314 siquidem
795 3243 1018 3300 virtutis
1048 3251 1434 3315 argumentum
1461 3252 1567 3300 est.

561 3353 584 3389 ι
622 3334 767 3392 Deus
817 3337 913 3406 qui
964 3335 1255 3406 iustificat.
1307 3333 1498 3408 [Ἶειιε.
1533 3334 1664 3410 σε]
1688 3334 1824 3404 Quis
1849 3341 1934 3393 est
1961 3333 2062 3407 qui

483 3427 858 3485 condemnet?
887 3426 1147 3486 Christus
1184 3427 1347 3485 Iesus
1379 3429 1474 3500 qui
1520 3435 1778 3484 mortuus
1803 3436 1910 3496 est,
1951 3427 2062 3483 imo

485 3518 582 3594 qui
613 3527 668 3576 et
702 3522 1028 3587 resurrexit,
1066 3523 1165 3592 qui
1199 3529 1285 3578 est
1314 3521 1385 3577 ad
1418 3521 1708 3577 dexteram
1746 3518 1868 3576 Dei.
1897 3538 1918 3573 ι

558 3611 679 3669 Non
737 3615 836 3690 ait,
894 3613 1040 3671 Deus
1092 3616 1188 3686 qui
1236 3625 1464 3687 peccata
1495 3613 1743 3680 remittit,
1784 3613 1883 3670 sed
1915 3611 2064 3685 quod

487 3703 652 3778 longe
678 3707 1038 3764 excellentius
1067 3717 1172 3774 est,
1197 3706 1340 3764 Deus
1367 3706 1458 3778 qui
1474 3706 1766 3777 iustiﬁcat.
1790 3703 1895 3762 Ubi
1920 3704 2067 3761 enim

487 3803 762 3857 sententia
806 3799 1012 3869 iudicis
1041 3799 1248 3869 iustum
1284 3798 1752 3870 pronuntiaverit,
1790 3795 1940 3864 talis,
1982 3796 2069 3852 in.

489 3904 682 3963 quam,
721 3891 969 3962 tantique
1009 3891 1240 3962 iudicis,
1295 3891 1426 3961 quid
1469 3899 1750 3946 mereatur
1798 3888 2074 3960 qui'ausit

490 3980 796 4036 accusaret
835 3978 1197 4051 Nequaquam
1237 3979 1408 4051 igitur
1441 3977 1782 4036 tentationes
1811 3975 2069 4033 reformi-

491 4069 710 4139 demus,
745 4072 969 4144 quando
1007 4088 1106 4142 pro
1138 4073 1300 4128 nobis
1333 4078 1419 4128 est
1451 4071 1620 4128 Deus.

562 4163 677 4236 35
729 4182 750 4218 ι
790 4164 893 4234 Qui
938 4173 997 4222 et
1038 4166 1350 4237 interpellat
1388 4179 1489 4238 pro
1527 4163 1710 4221 nobis.
1735 4159 1929 4236 [νειω.
1953 4158 2074 4234 35.]

493 4255 636 4326 Quis
681 4272 811 4331 ergo
863 4272 964 4314 nos
1019 4257 1300 4328 separabit
1333 4273 1364 4313 ιι
1397 4256 1673 4313 eharitate
1701 4253 1844 4310 Dei?
1897 4253 2077 4311 tribu-

493 4348 666 4408 latio?
698 4366 768 4407 an
803 4351 1102 4423 angustia?
1148 4365 1224 4407 an
1270 4349 1631 4422 persecutio?
1659 4363 1729 4404 an
1763 4346 1974 4405 fames?
2003 4362 2075 4402 an

495 4440 757 4498 auditas?
807 4457 879 4498 an
926 4441 1282 4513 periculum?
1321 4457 1392 4496 an
1429 4440 1683 4514 gladius?
1728 4437 1924 4514 Usus.
1955 4435 2078 4517 εει

499 4533 668 4608 (sicut
699 4534 969 4605 scriptum
1001 4543 1086 4592 est
1110 4535 1148 4606 :)
1185 4553 1205 4588 ι

571 4627 901 4684 Humaniori
946 4643 1105 4684 more
1156 4625 1423 4699 loquitur.
1469 4627 1677 4698 quique
1725 4625 1792 4682 ad
1850 4633 2077 4698 captum

496 4723 753 4774 nostrum
778 4717 1006 4775 accedat
1033 4718 1234 4790 magis,
1259 4723 1320 4772 ut
1351 4717 1683 4772 charitatem
1720 4713 1822 4772 Dei
1850 4715 2080 4772 demon-

499 4817 659 4868 stret.
695 4807 763 4865 Et
790 4817 851 4866 ut
876 4810 1064 4867 discas
1091 4825 1207 4866 rem
1249 4809 1326 4865 ita
1362 4824 1524 4877 esse;
1565 4823 1692 4864 cum
1741 4807 1899 4878 prius
1925 4806 2084 4863 dixe-

500 4902 617 4959 rit:
653 4898 722 4957 In
753 4903 974 4958 dextera
1000 4901 1122 4966 Dei,
1152 4901 1439 4972 subiunxit
1474 4918 1486 4931 ο
1519 4900 1626 4968 Qui
1653 4898 1955 4968 interpellat
1984 4913 2081 4968 pro

502 4994 678 5050 nobis.
711 4993 870 5061 Quod
895 5003 950 5050 et
983 4993 1317 5051 familiarem
1345 5008 1472 5050 cum
1503 4992 1616 5050 Deo
1656 5008 1969 5050 sermonem
1995 5001 2083 5048 at-

504 5102 615 5160 que
641 5087 1019 5158 aqualitatem
1051 5087 1320 5144 ostendit.

582 5195 602 5231 ι
634 5176 1026 5250 ρυίεερτοριοι·
1057 5185 1112 5234 te
1135 5179 1540 5234 mortiﬁcamur
1569 5185 1685 5234 tota
1715 5176 1826 5233 die.
1863 5195 1885 5230 a

573 5270 654 5329 Ne
710 5273 796 5329 bis
846 5288 971 5344 quas
1022 5273 1172 5329 dicta
1220 5273 1460 5338 fuerant,
1521 5271 1812 5328 derelictio
1845 5267 2082 5326 indicari

506 5371 814 5438 putaretur,
863 5360 1196 5434 Pmplietam
1246 5363 1415 5419 etiam
1463 5361 1716 5426 adducit,
1769 5374 1802 5415 a
1849 5373 1966 5432 quo
2012 5371 2084 5415 ex

506 5455 686 5513 multo
753 5455 866 5526 iam
943 5466 1190 5527 tempore
1254 5455 1372 5510 haec
1445 5449 1638 5511 eadem
1713 5449 2085 5526 praenuntiata

508 5554 723 5604 essent.

588 5653 610 5690 ι
649 5634 935 5694 Εειίωαιὶ
967 5639 1163 5694 sumtis
1193 5636 1340 5694 sicut
1373 5652 1506 5695 oves
1542 5636 1866 5696 occisionis.
1903 5656 1924 5692 ι

585 5727 1060 5796 Quemadmodum
1084 5728 1255 5795 enim,
1291 5728 1494 5800 inquit,
1523 5730 1634 5788 illa
1669 5730 1802 5788 dum
1839 5736 2086 5787 mactan-

514 5829 633 5892 tur,
667 5836 776 5878 non
806 5821 1091 5892 resistunt,
1127 5823 1208 5880 sic
1237 5831 1294 5879 et
1322 5836 1445 5879 nos.

2104 4555 2152 4614 D

2147 1955 2273 2015 Οἷον
2310 1961 2411 2030 τὴν
2457 1961 2664 2016 ἄνωθεν
2693 1961 2786 2015 τοῦ
2822 1959 2958 2015 Θεοῦ
2992 1959 3131 2030 πρὸς
3162 1959 3223 2015 at
3264 1958 3472 2028 φιλίαν,
3512 1957 3612 2029 τὴν
3639 1955 3724 2010 δι-

2146 2052 2403 2117 καίωσιν,
2436 2051 2537 2123 τὴν
2562 2053 2739 2120 δόξαν.
2782 2051 2894 2104 Καὶ
2923 2051 3034 2122 γὰρ
3061 2049 3237 2105 ταῦτά
3260 2066 3344 2104 σοι
3377 2049 3463 2102 διὰ
3499 2047 3605 2101 τῶν
3635 2047 3726 2100 δο-

2149 2147 2387 2200 κούντων
2403 2139 2544 2200 εἶναι
2572 2144 2834 2218 λυπηρῶν
2863 2142 3173 2216 ἐχαρίσατο,
3191 2144 3283 2196 καὶ
3304 2140 3446 2212 ἅπερ
3475 2137 3726 2210 ἐνόμιζες

2150 2232 2289 2293 εἶναι
2337 2237 2676 2312 σκυθρωπὰ,
2720 2239 2811 2292 τὸν
2862 2237 3119 2310 σταυρὸν,
3154 2236 3254 2299 τὰς
3309 2235 3622 2305 μάστιγας,
3655 2229 3725 2284 τὰ

2150 2332 2349 2404 δεσμά,
2381 2331 2558 2388 ταῦτά
2605 2334 2752 2388 ἐστιν
2792 2332 2829 2387 ἃ
2868 2331 2968 2405 τὴν
2993 2331 3324 2406 οἰκουμένην
3357 2327 3726 2402 κατώρθωσαν

2151 2422 2371 2480 ἃπασαν

2229 2623 2251 2659 r
2287 2605 2384 2670 Τίς
2411 2604 2700 2676 ἐγκαλέσει
2725 2601 2872 2659 κατὰ
2896 2601 3171 2659 ἐκλεκτῶν
3199 2600 3334 2658 Θεοῦ
3359 2621 3380 2672 ;
3404 2621 3426 2658 ι

2241 2783 2510 2842 Ἐνταῦθα
2544 2783 2684 2857 πρὸς
2722 2784 2850 2851 τοὺς
2877 2780 3138 2855 λέγοντας
3179 2783 3264 2840 ὃτι
3294 2783 3447 2838 οὐδὲν
3476 2781 3509 2856 ἢ
3549 2782 3735 2849 πίστις

2158 2876 2380 2947 ὠφελεῖ,
2403 2876 2498 2932 καὶ
2545 2875 2912 2941 ἀπιστοῦντας
2949 2877 3015 2948 τῇ
3045 2875 3219 2948 ἀθρόᾳ
3259 2874 3532 2946 μεταϐολῇ
3552 2915 3569 2938 ,
3595 2875 3735 2929 ἀπο-

2159 2971 2416 3025 τείνεται.
2437 2964 2513 3024 Εὖ
2537 2967 2695 3034 δέ,τδ
2727 2968 2800 3041 μὴ
2819 2969 3017 3036 εἰπεῖν,
3043 2968 3127 3033 τίς
3149 2967 3438 3038 ἐγκαλέσει
3466 2967 3607 3022 κατά
3627 2967 3737 3021 τῶν

2161 3061 2366 3117 δούλων
2391 3060 2485 3117 τοῦ
2519 3059 2691 3128 Θεοῦς
2714 3061 2869 3134 Μηδὲ
2905 3060 3048 3116 κατὰ
3074 3060 3184 3116 τῶν
3209 3059 3418 3116 πιστῶν
3443 3059 3539 3114 τοῦ
3572 3058 3734 3125 Θεοῦ,

2163 3155 2485 3220 and,de
2504 3154 2628 3209 τῶν
2643 3151 2949 3210 ἐκλεκτῶν
2967 3152 3074 3209 τοῦ
3096 3151 3266 3211 Θεοῦ.
3294 3151 3359 3209 Ἦ
3381 3152 3490 3226 γὰρ
3516 3150 3736 3228 ἐκλογὴ,

2084 3208 2129 3268 c
2159 3208 2366 3320 ἀρετέις
2385 3208 2784 3317 ἐστισημεῖον.

2240 3357 2261 3393 ι
2297 3338 2358 3394 '0
2392 3338 2528 3404 Θεδς
2553 3339 2584 3394 6
2607 3337 2835 3394 δικαιῶν
2855 3376 2870 3401 ,
2903 3337 2989 3402 τίς
3019 3335 3423 3410 ὁ.κατακρίνων
3448 3354 3463 3403 ;
3503 3335 3740 3409 Χριστὸς

2175 3429 2384 3503 Ἰησοῦς
2410 3433 2440 3486 ὁ
2470 3430 2779 3497 ἀποθανὼν,
2807 3429 3014 3502 μᾶλλον
3043 3429 3100 3485 δέ
3135 3430 3381 3502 ἐγερθεὶς
3415 3431 3480 3486 ἐκ
3501 3430 3736 3504 νεκρῶν,

2164 3523 2225 3590 ὃς
2253 3523 2403 3576 ἐστιν
2436 3521 2496 3576 ἐν
2523 3519 2673 3594 δεξιᾷ
2702 3520 2798 3576 τοῦ
2831 3520 2990 3576 Θεοῦ.
3022 3539 3042 3574 ι

2235 3614 2351 3670 οὐκ
2377 3611 2522 3681 εἷπε,
2543 3613 2677 3678 Θεὸς
2695 3616 2723 3668 ὀ
2748 3615 2908 3684 ἀφεὶς
2935 3613 3329 3686 ἁμαρτήματα,
3359 3613 3474 3668 ἀλλ’
3507 3613 3536 3668 ὃ
3560 3613 3742 3685 πολλῷ

2170 3705 2357 3781 μεῖζον
2382 3702 2468 3781 ἦν,
2502 3708 2649 3775 Θεὸς
2684 3709 2718 3762 ὀ
2758 3704 3025 3763 δικαιῶν.
3063 3706 3234 3762 Ὅταν
3268 3705 3377 3778 γὰρ
3410 3709 3446 3779 ἠ
3469 3705 3566 3762 τοῦ
3590 3705 3743 3761 δικα-

2170 3799 2297 3856 στοῦ
2319 3800 2500 3871 ψῆφος
2517 3801 2726 3855 δίκαιον
2759 3800 3038 3872 ἀποφήνῃ,
3068 3799 3166 3853 καὶ
3192 3797 3450 3854 δικαστοῦ
3477 3796 3743 3866 τοιοῦτον,

2166 3892 2316 3959 τίνος
2359 3893 2511 3961 ἄξιος
2538 3894 2567 3948 ὁ
2596 3892 2960 3964 κατηγορῶν;
2991 3891 3201 3946 Οὐκοῦν
3241 3891 3376 3965 μηδὲ
3401 3893 3529 3957 τοὺς
3553 3909 3747 3966 autpa-

2173 3984 2346 4058 σμοῦς
2379 3983 2714 4056 φοϐώμεθα·
2748 3985 2891 4058 ὑπὲρ
2923 3984 3035 4058 γὰρ
3067 3984 3226 4056 ἡμῶν
3255 3987 3407 4040 ἐστιν
3437 3984 3467 4038 6
3487 3983 3644 4050 Θεός.

2249 4167 2346 4230 ⁸ος
2374 4163 2468 4220 καὶ
2496 4161 2816 4234 ἐντυγχάνει
2843 4161 2984 4233 ὑπὲρ
3007 4160 3184 4234 ἡμῶν.
3215 4159 3311 4226 Τίς
3338 4161 3487 4233 ἡμᾶς
3525 4159 3748 4233 χωρίσει

2172 4257 2285 4316 ἀπὸ
2307 4257 2407 4330 τῆς
2437 4257 2660 4326 ἀγάπης
2688 4253 2782 4309 τοῦ
2804 4254 2976 4324 Θεοῦς
3011 4253 3227 4325 θλίψις;
3253 4254 3287 4325 ἢ
3322 4253 3655 4326 στενοχωρία
3675 4272 3691 4322 ;
3713 4251 3749 4324 ἢ

2175 4350 2444 4423 δωγμόπ
2473 4350 2507 4421 ἢ
2539 4346 2698 4422 λιμός
2723 4347 2802 4419 ςῆ
2847 4347 3163 4420 rvamus;
3189 4346 3225 4419 ἢ
3260 4345 3540 4416 κίνδυνοες
3566 4343 3602 4417 ἢ
3645 4343 3754 4418 μά-

2175 4460 2345 4516 χαιρα
2367 4459 2384 4511 ;
2408 4439 2595 4508 καθὼς
2625 4439 2967 4514 γέγραπται.

2268 4616 2770 4690 ’Δνθρωπινώτερον
2794 4613 3103 4682 διαλέγεται
3135 4613 3230 4668 καὶ
3261 4611 3755 4683 συγκατασατικώο

2175 4730 2357 4785 τερον⁹
2389 4711 2479 4766 ινα
2519 4708 2621 4782 τὴν
2675 4709 2898 4780 ἀγάπην
2935 4706 3260 4777 ἐνδείξηται.
3290 4706 3398 4760 Καὶ
3426 4707 3512 4760 ἵνα
3550 4707 3753 4780 μάθῃς,

2179 4809 2261 4864 δτι
2287 4805 2446 4864 τοῦτό
2471 4806 2612 4870 ἐστι,
2655 4803 2926 4876 πρότερον
2966 4803 3138 4857 εἰπὼν
3176 4800 3262 4866 τὸ,
3297 4800 3402 4857 Ἐν
3423 4799 3612 4871 δεξιᾷ,
3633 4801 3755 4857 τότε

2180 4897 2486 4968 ἐπήγαγεν,
2539 4895 2646 4960 Ὃς
2678 4888 3033 4962 ἐντυγχάνει
3070 4888 3427 4960 ὑπὲρῂυιῶν.
3461 4889 3530 4945 Ὅ
3561 4907 3622 4945 τε
3644 4889 3757 4963 γάρ

2179 4987 2279 5061 τὴν
2298 4985 2516 5059 ὁμιλίαν
2551 4983 2720 5050 ἔδειξε
2751 4983 2846 5036 καὶ
2893 4981 2992 5050 τὴν
3022 4981 3266 5051 ἰσότητα.

2262 5187 2282 5221 ι
2304 5168 2425 5222 Ὀτι
2458 5161 2619 5221 ἕνεκα
2655 5163 2750 5218 σοῦ
2785 5161 3165 5234 θανατούμεθα
3188 5162 3316 5232 ὅλην
3342 5161 3442 5231 τὴν
3466 5159 3701 5233 ἡμέραν.
3729 5176 3753 5216 ι

2251 5259 2369 5315 Ἵνα
2404 5259 2480 5330 μὴ
2526 5257 2655 5330 δόξῃ
2687 5256 2758 5310 τὰ
2805 5255 3076 5328 εἰρημένα
3109 5254 3548 5325 ἐγκαταλείψεως
3593 5248 3756 5318 εἶναι,

2183 5353 2278 5409 καὶ
2311 5352 2404 5408 τὸν
2433 5351 2730 5422 Προφήτην
2755 5347 2952 5417 ἐπάγει
2997 5344 3490 5421 προαναφωνοῦντα
3526 5345 3596 5401 τά
3617 5345 3758 5401 αὐτὰ

2183 5444 2251 5500 ἐκ
2278 5441 2478 5497 πολλοῦ
2496 5439 2594 5495 τοῦ
2626 5440 2840 5512 χρόνον.

2266 5645 2287 5678 ο
2339 5621 2735 5693 Ἐλογίσθημεν
2758 5620 2837 5684 ὡς
2866 5618 3114 5691 πρόόατα
3144 5619 3381 5690 σφαγῆς.
3412 5633 3436 5673 ι

2253 5714 2477 5788 Ὠσπερ
2504 5717 2635 5788 γάρ,
2670 5713 2837 5784 φησὶν
2856 5752 2873 5779 ,
2897 5713 3085 5767 ἐκεῖνα
3123 5710 3228 5770 οὒκ
3271 5710 3592 5768 ἀνθίσταται
3622 5725 3764 5785 σφι-

2188 5812 2415 5885 ζόμενα,
2439 5807 2612 5874 οὕτως
2631 5808 2754 5864 οὐδὲ
2782 5807 2967 5880 ἡμεῖς.
