4100 6280
369 400 477 471 513

1522 398 1606 462 IN
1641 398 1888 462 EPIST.
1916 395 2021 461 AD
2069 394 2430 460 ROMANOS

3526 391 3634 471 5i:

442 529 465 565 ι
502 507 643 564 Ἀλλ’
690 508 750 566 ὲν
799 508 1010 574 τούτοις
1057 507 1226 564 πᾶσιν
1272 506 1664 581 ὑπερνικῶμεν
1708 506 1798 563 διά
1848 505 1944 562 τοῦ

2117 501 2287 562 Vens.
2318 504 2408 560 57.
2440 521 2460 558 ι
2499 500 2607 560 Sed
2651 503 2707 560 in
2745 501 2831 560 liis
2871 518 3137 561 ommuus
3181 502 3632 576 supervmcimus

368 601 758 674 ἀγαπήσαντος
785 601 956 673 ἡμᾶς.
992 617 1014 652 s

436 680 611 749 Τοῦτο
631 693 742 766 γάρ
762 693 826 764 δή
871 694 991 748 ἑστι
1013 690 1076 747 τὸ
1109 689 1448 763 θαυμαστὸν,
1472 689 1573 762 οὐχ
1595 689 1679 745 δτι
1703 688 1950 762 νικῶμεν

375 787 558 858 μόνον,
583 785 700 840 ἀλλ’
730 786 812 840 δτι
829 783 899 839 δι’
924 777 1004 840 ὧν
1035 784 1133 841 καὶ
1163 781 1634 855 ἐπιϐουλευόμεθα
1679 783 1946 854 νικῶμεν

372 882 466 936 καὶ
486 881 587 952 οὐχ
602 878 794 944 ἀπλῶς
819 879 1086 952 νικῶμεν,
1109 875 1248 934 ἀλλά
1288 876 1386 932 καὶ⁵
1414 875 1823 951 ὑπερνικῶμεν.

449 1079 473 1119 ι
507 1062 814 1135 Πέπεισμαι
838 1063 948 1137 γάρ
967 1062 1050 1117 δτι
1079 1059 1204 1116 οῦτε
1245 1060 1493 1130 θάνατος,
1514 1060 1641 1116 οὔτε
1669 1057 1804 1134 ζωὴ,
1826 1059 1950 1115 οὗτε

373 1153 621 1226 ἄγγελοι,
649 1153 773 1208 οὔτε
807 1154 1022 1228 Ἀρχαὶ,
1046 1152 1171 1208 οὔτε
1195 1154 1490 1219 ινεστῶτα,
1513 1151 1636 1208 οὔτε
1662 1153 1947 1225 μέλλοντα,

372 1242 499 1300 οὔτε
549 1243 992 1314 δυνάμεις,οῦτε
1020 1243 1244 1316 ὕψωμα,
1274 1241 1400 1298 οὔτε
1458 1243 1620 1315 βάθος
1646 1283 1661 1309 ,
1696 1241 1821 1298 οὔτε
1877 1260 1952 1309 τις

374 1339 553 1402 κτίσις
581 1337 742 1410 ἑτέρα
768 1335 1059 1407 δυνήσεται
1088 1335 1237 1407 ἡμᾶς
1266 1334 1504 1408 χωρίσαι
1536 1333 1646 1390 ἀπὺ
1668 1334 1768 1406 τῆς
1809 1334 1952 1403 ἀγάο

382 1445 486 1500 πης
530 1426 626 1483 τοῦ
678 1426 814 1482 Θεοῦ
870 1427 970 1499 τῆς
1019 1428 1079 1481 ὲν
1123 1425 1348 1501 Χριστῷ
1398 1426 1575 1498 Ἰησοῦ
1635 1425 1713 1498 τῷ
1762 1427 1952 1500 Κυρίῳ

375 1519 557 1593 ἡμῶν.
597 1537 617 1571 ι

444 1613 510 1668 Τί
529 1613 631 1679 δεῖ,
664 1611 821 1684 φησὶ,
859 1608 928 1666 τὰ
960 1609 1206 1683 παρόντα
1232 1609 1434 1680 λέγειν,
1471 1611 1565 1666 καὶ
1592 1611 1663 1667 τὰ
1710 1610 1805 1668 τοῦ
1835 1610 1952 1684 βίον

374 1705 568 1761 τούτου
619 1703 1120 1777 συγκεκληρωμὲνα
1173 1701 1364 1770 δεινά;
1403 1703 1524 1760 Κάν
1549 1705 1661 1778 γὰρ
1703 1704 1777 1759 τά
1825 1704 1954 1776 μέλη

375 1797 539 1853 λοντα
561 1797 702 1852 εἴποι
730 1814 816 1861 τις
851 1797 1154 1870 πράγματα
1186 1798 1280 1852 καὶ
1307 1797 1569 1869 δυνάμεις
1599 1814 1616 1832 ο
1651 1798 1954 1871 πράγματα

2045 607 2275 670 propter
2304 611 2430 653 eum
2461 595 2558 667 qui
2592 595 2785 652 dilexit
2819 611 2945 652 nos.
2983 615 3004 647 ι

2122 684 2239 742 Hoc
2273 687 2559 742 enimvero
2605 685 2974 742 admiratione
3032 685 3264 758 dignum
3315 685 3506 753 fuerit,
3535 701 3636 743 ne-

2049 774 2183 832 dum
2242 778 2388 848 quod
2440 775 2745 845 vincimus,
2792 776 2894 834 sed
2952 777 3091 848 quod
3139 777 3209 833 iis
3258 777 3398 848 ipsis
3427 777 3633 849 quibus

2049 868 2363 938 appetimur
2385 865 2603 924 insidiis
2634 866 2874 925 victores
2896 883 3136 936 sumus;
3167 868 3279 924 imo
3312 884 3422 924 non
3452 869 3632 926 solum

2048 958 2352 1025 vincimus,
2385 958 2486 1013 sed
2520 964 2575 1014 et
2601 972 2771 1028 supra
2810 955 3035 1013 modum
3069 958 3373 1015 vincimus.

2121 1048 2292 1106 Vsus.
2341 1050 2434 1121 38,
2483 1048 2576 1107 59.
2626 1066 2651 1103 ι
2691 1049 2893 1107 Certus
2923 1065 3047 1108 sum
3089 1051 3265 1118 enim,
3291 1052 3423 1122 quia
3453 1066 3635 1124 neque

2051 1154 2227 1209 mors,
2259 1157 2439 1212 neque
2480 1141 2616 1208 vita,
2645 1156 2829 1213 neque
2869 1141 3084 1213 Angeli,
3117 1157 3221 1197 nec
3251 1140 3633 1214 Principatus,

2051 1248 2236 1304 neque
2295 1232 2566 1299 Virtutes,
2618 1248 2803 1305 neque
2850 1233 3140 1301 instantia,
3186 1250 3368 1306 neque
3416 1235 3628 1304 futura,

2051 1341 2234 1400 neque
2264 1323 2554 1395 fortitudo,
2577 1340 2757 1400 neque
2778 1325 3040 1394 altitudo,
3070 1342 3250 1398 neque
3272 1327 3634 1400 profundum,

2051 1433 2233 1492 neque
2279 1425 2544 1476 creatura
2566 1419 2700 1486 alia,
2721 1420 2926 1492 poterit
2945 1435 3051 1476 nos
3092 1435 3352 1492 separare
3384 1436 3416 1477 a
3450 1421 3638 1477 chari-

2053 1527 2166 1576 tate
2192 1515 2308 1588 Dei,
2337 1533 2462 1591 qua
2485 1524 2571 1575 est
2597 1517 2656 1574 in
2679 1517 2909 1574 Christo
2936 1516 3071 1575 Jesu
3107 1516 3343 1573 Domino
3367 1528 3570 1574 nostro.
3610 1537 3634 1576 ι

2123 1608 2266 1679 Quid
2294 1610 2456 1682 juvat
2481 1611 2798 1683 praesentia,
2841 1625 3080 1684 qumque
3116 1611 3316 1667 huicce
3354 1611 3478 1668 vitat
3509 1626 3636 1668 sor«-

2052 1702 2126 1760 tis
2180 1704 2420 1775 quadam
2471 1703 2886 1761 necessitudine
2933 1703 3236 1775 conjuncta
3283 1702 3428 1760 mala
3479 1712 3632 1770 sunt,

2054 1795 2247 1852 ciiari?
2275 1793 2416 1852 Nam
2443 1796 2491 1852 si
2515 1797 2646 1868 quis
2673 1797 2842 1854 etiam
2887 1810 2982 1855 res
3012 1795 3254 1863 futuras,
3288 1798 3637 1870 virtutesque

379 1891 499 1964 μὲν,
515 1889 592 1955 ὡς
612 1889 837 1945 θάνατον
858 1889 950 1945 καὶ
979 1889 1129 1962 ζωήν
1149 1906 1166 1921 ο
1191 1890 1454 1961 δυνάμεις
1477 1890 1558 1957 δὲ,
1582 1890 1659 1955 ὡς
1690 1889 1955 1962 ἀγγέλους

2056 1887 2299 1956 dixerit;
2334 1903 2429 1947 res
2457 1888 2684 1962 quidem
2721 1888 2892 1946 veluti
2930 1896 3162 1946 mortem
3191 1898 3249 1946 et
3267 1889 3438 1945 vitam
3462 1907 3479 1959 ;
3507 1888 3635 1946 Vir-

375 1982 477 2039 καὶ
504 1980 879 2054 άρχαγγέλους
920 1981 1018 2037 καὶ
1056 1982 1241 2037 πᾶσαν
1282 1979 1385 2054 τὴν
1411 1981 1529 2037 ἀνω
1550 1980 1749 2048 κτίσιν,
1782 1981 1959 2038 ταῦτα

376 2075 504 2148 tuo).
538 2075 716 2148 μικρά
740 2075 876 2149 πρὸς
900 2075 1001 2148 τὴν
1027 2075 1252 2148 ἀγάπην
1276 2074 1373 2130 τοῦ
1394 2073 1633 2147 Χριστοῦ
1658 2091 1673 2108 ·
1699 2074 1825 2131 οὔτε
1848 2074 1957 2150 γάρ

373 2166 430 2226 ξι
459 2169 694 2227 θάνατόν
742 2186 830 2235 τις
855 2170 1072 2244 ἠπείλει
1109 2171 1203 2226 τὸν
1231 2170 1497 2244 μέλλοντα
1539 2170 1636 2226 καὶ
1661 2169 1956 2240 ἀθάνατον,

376 2261 523 2318 ὥστε
553 2263 862 2337 ἀποστῆναι
904 2261 1004 2318 τοῦ
1055 2262 1316 2338 Χριστοῦ,
1353 2262 1479 2319 οὔτε
1523 2265 1573 2320 εί
1609 2263 1754 2335 ζωὴν
1783 2267 1959 2336 ἐπηγ-

377 2353 600 2425 γείλατο
652 2354 756 2429 τὴν
798 2355 1057 2428 ἄπειρον,
1087 2355 1467 2430 κατεδιξάμην
1494 2356 1561 2413 ἄν
1585 2369 1603 2389 ο
1633 2358 1731 2411 καὶ
1773 2357 1828 2412 τί
1873 2356 1960 2413 δεῖ

330 2458 336 2462 ’
378 2445 563 2518 λέγειν
606 2447 848 2520 βασιλεῖς
878 2449 1008 2514 τοὺς
1035 2447 1221 2518 κάτω;
1255 2449 1376 2505 Κᾶν
1424 2450 1536 2523 γάρ
1568 2450 1835 2521 ἀγγέλους
1867 2467 1957 2522 μοι

379 2538 546 2615 εἴπῃς
575 2540 670 2596 καὶ
703 2540 885 2605 πάσας
931 2540 1032 2606 τάς
1091 2539 1204 2596 ἄνω
1235 2539 1521 2612 δυνάμεις,
1551 2539 1654 2595 κάν
1686 2542 1862 2595 πάντα
1887 2539 1958 2595 τά

379 2633 515 2688 ὄντα
545 2636 641 2690 καὶ
671 2633 958 2706 μέλλοντα,
985 2635 1080 2689 καὶ
1114 2634 1292 2690 πάντα
1319 2634 1443 2704 ἐμοὶ
1482 2634 1659 2706 μικρά
1679 2637 1774 2690 καὶ
1804 2633 1871 2687 τά
1900 2636 1958 2689 ὲν

381 2728 456 2800 γῇ
481 2727 576 2782 καὶ
605 2727 673 2782 τά
693 2728 753 2779 ὲν
780 2725 995 2798 οὐρανῷ
1009 2725 1144 2798 πρὸς
1164 2725 1224 2781 τὸ
1243 2725 1466 2798 φίλτρον
1493 2726 1689 2781 ἐκεῖνο.
1722 2723 1856 2780 Εἶτα
1882 2725 1959 2790 ὼς

385 2819 488 2872 οὐκ
539 2817 853 2890 ἀρκούντων
902 2816 1112 2871 τούτων
1168 2814 1522 2889 παραστῆσαι
1562 2815 1654 2872 τὸν
1706 2816 1871 2872 πόθον
1895 2815 1956 2871 ὃν

381 2905 528 2982 εἶχεν
549 2954 563 2977 ,
597 2910 762 2981 ἔτερα
791 2907 1028 2965 τοσαῦτα
1066 2907 1226 2964 πάλιν
1254 2908 1704 2982 ύποστησάμενός
1739 2925 1906 2983 φησιν
1931 2922 1953 2942 ⁸

385 3000 524 3056 οὔτε
544 3016 629 3067 τις
663 2999 860 3066 κτίσις
885 2997 1074 3070 ἑτέρα.

2057 1988 2209 2037 tutes
2241 1995 2397 2047 vero,
2436 1989 2498 2037 ut
2534 1979 2778 2054 Angelos
2808 1990 2865 2039 et
2899 1979 3277 2054 Arcbangelos
3305 1995 3636 2054 omnemque

2055 2071 2342 2129 caelestem
2394 2073 2549 2130 illam
2599 2081 2952 2141 creaturam;
2981 2073 3182 2146 exigua
3218 2072 3491 2131 mibibatc
3514 2089 3637 2130 om-

2059 2165 2151 2221 nia
2185 2172 2338 2235 sunt,
2399 2165 2450 2224 si
2494 2167 2569 2222 ad
2620 2166 2953 2225 charitatem
2998 2167 3209 2225 Christi
3250 2167 3630 2227 conferantur.

2057 2255 2248 2330 Neque
2272 2258 2444 2326 enim,
2492 2259 2598 2317 etsi
2643 2260 2770 2332 quis
2803 2268 3039 2317 mortem
3086 2261 3240 2317 illam
3306 2260 3548 2317 futuram
3578 2267 3635 2317 et

2059 2348 2428 2405 immortalem
2462 2351 2859 2420 committetur,
2912 2361 2973 2406 ut
3005 2366 3036 2406 a
3076 2351 3299 2409 Christo
3329 2352 3632 2418 discedam,

2058 2456 2242 2512 neque
2279 2439 2328 2498 si
2361 2443 2530 2498 vitam
2563 2442 2672 2500 line
2703 2453 2985 2500 carentem
3029 2444 3382 2516 polliceatur,
3410 2443 3637 2516 acquie-

2058 2547 2270 2589 scerem
2301 2548 2552 2605 prorsus.
2582 2534 2649 2589 Et
2672 2533 2807 2606 quid
2830 2550 2986 2607 reges
3021 2546 3181 2592 teme
3205 2535 3420 2602 dixero,
3451 2550 3632 2608 quan-

2059 2625 2381 2697 doquidem,
2437 2627 2688 2698 quamvis
2746 2630 2972 2702 angelos
3011 2629 3169 2695 mihi,
3231 2631 3636 2701 universasque

2058 2719 2185 2776 οεοιί
2215 2720 2486 2782 virtutes;
2530 2720 2784 2791 quamvis
2817 2729 3018 2777 cuncta
3051 2736 3149 2778 seu
3184 2721 3503 2792 praesentia,
3530 2735 3629 2777 seu

2061 2812 2273 2880 futura,
2318 2813 2576 2885 obiicias,
2615 2813 2803 2870 omnia
2833 2813 3022 2882 simul,
3056 2821 3174 2870 tum
3208 2829 3330 2886 qua:
3361 2815 3418 2870 in
3458 2822 3634 2880 terra,

2059 2913 2177 2961 tum
2211 2919 2335 2976 quat
2364 2904 2421 2962 in
2464 2906 2628 2962 cmlis
2675 2905 2976 2976 exsistunt,
3024 2907 3094 2964 ad
3122 2906 3245 2978 ejus
3281 2922 3523 2964 amorem
3552 2916 3633 2964 te-

2063 2996 2327 3053 nuissima
2354 2997 2524 3054 sunt?
2560 2995 2770 3054 Deinde
2804 3006 3069 3069 tanquam
3092 3014 3156 3055 ea
3184 3015 3294 3055 non
3320 2999 3633 3056 sufﬁcerent

382 3096 455 3153 ad
483 3095 898 3169 exprimendum
935 3096 1211 3168 ingentem
1252 3095 1408 3152 illum
1447 3108 1692 3154 amorem
1743 3106 1946 3164 suum,
1983 3101 2278 3166 postquam
2306 3093 2417 3149 alia
2444 3109 2692 3164 rursum,
2744 3109 2847 3152 nec
2887 3094 3106 3154 minora
3171 3096 3433 3167 subjecit,
3507 3095 3628 3150 ait:

385 3191 570 3268 Neque
598 3203 848 3250 creatura
880 3192 1017 3253 alia.

983 3325 1237 3385 ΚΕΦΑΛ.
1268 3325 1348 3384 9.

459 3485 480 3519 ι
520 3464 800 3536 Ἀλήθειαν
822 3463 1044 3533 δὲλέγω
1069 3463 1128 3517 ὲν
1153 3460 1395 3536 Χριστῷ,
1412 3461 1474 3517 οῦ
1499 3459 1790 3532 ψεύδομαι,
1819 3475 1957 3529 συμ-

387 3557 772 3630 μαρτυρούσης
794 3573 886 3628 μοι
904 3555 1004 3627 τῆς
1023 3553 1384 3626 συνειδήσεως
1402 3554 1462 3608 ὲν
1485 3551 1764 3624 Πνεύματι
1793 3549 1954 3621 ἁγίῳ,

383 3655 468 3706 Em
493 3651 637 3723 λύπη
667 3650 759 3720 μοί
788 3650 904 3704 ἐστι
942 3647 1154 3720 μεγάλη
1183 3645 1282 3702 καὶ
1314 3643 1658 3708 ἀδιάλειπτος
1684 3642 1847 3713 ὀδύνη
1887 3642 1954 3714 τῇ

383 3743 582 3815 καρδία
613 3760 739 3814 μου.
763 3759 783 3795 ι

469 3837 557 3902 Ὠς
579 3836 706 3908 περὶ
739 3832 993 3908 μεγάλων
1029 3832 1241 3908 μέλλων
1269 3829 1453 3901 λέγειν
1479 3828 1578 3887 καὶ
1603 3825 1955 3886 ἀπιστεῖσθαι

381 3928 474 3984 διὰ
508 3929 568 3982 τὸ
596 3927 857 4000 μέγεθος,
876 3926 1040 3998 ὅρκον
1071 3922 1461 3996 προϐάλλεται.

451 4097 484 4157 ἰ
513 4107 775 4178 Ηύχόμην
802 4103 909 4176 γάρ
942 4102 1104 4166 αὐτὸς
1138 4099 1251 4171 ἐγὼ
1277 4099 1527 4173 ἀνάθεμα
1554 4094 1693 4156 εῖναι
1723 4099 1832 4158 ἀπὺ
1855 4097 1953 4156 τοῦ

386 4196 624 4269 Χριστοῦ
665 4197 805 4269 ὑπὲρ
841 4193 952 4249 τῶν
981 4193 1225 4265 ἀδελφῶν
1256 4211 1357 4265 μου
1392 4193 1502 4247 τῶν
1542 4192 1818 4264 συγγενῶν
1850 4207 1953 4264 μου

388 4287 532 4342 κατά
552 4285 750 4360 σάρκα,
776 4285 970 4348 οἵτινές
999 4286 1135 4339 εἰσιν
1176 4285 1528 4357 Ἰσραηλῖται.
1578 4305 1597 4338 ι

458 4375 569 4431 Καὶ
595 4375 737 4448 αὕτη
784 4375 947 4449 ἑτέρα
993 4375 1265 4442 ἀπόδειξις
1307 4376 1468 4448 ὁμοία
1497 4377 1619 4441 ταῖς
1645 4374 1954 4448 προλαδού-

388 4466 974 4533 σαις.·Κατασκευάζει
999 4466 1109 4538 γὰρ
1157 4467 1254 4522 καὶ
1283 4466 1420 4539 αὕτη
1453 4467 1483 4521 δ
1528 4461 1677 4538 εἶχεν
1705 4467 1833 4537 περὶ
1863 4465 1954 4520 τὸν

387 4562 618 4633 Χριστὸν
646 4561 884 4633 φίλτρον.
918 4561 1027 4616 Καὶ
1051 4560 1200 4627 πῶς;
1226 4559 1325 4632 τὴν
1357 4559 1538 4615 αἰτίαν
1571 4559 1957 4614 όικουε.’[·3·τιει⁹

2691 3317 2844 3377 CAP.
2903 3318 2998 3375 IX.

2131 3447 2292 3507 Vens.
2322 3448 2376 3517 Ι,
2409 3451 2465 3508 2.
2497 3471 2518 3504 ι
2573 3452 2878 3509 Veritatem
2911 3460 3096 3510 autem
3126 3453 3256 3510 dico
3289 3455 3342 3509 in
3382 3455 3627 3524 Christo,

2056 3555 2166 3598 non
2196 3546 2476 3600 mentior:
2514 3546 2900 3603 testimonium
2949 3547 3088 3603 mihi
3130 3548 3454 3619 peritibcnte
3498 3566 3630 3609 con-

2055 3635 2290 3692 scientia
2337 3653 2456 3694 mea
2489 3638 2544 3694 in
2578 3637 2788 3710 Spiritu
2831 3651 3069 3697 sancto:
3110 3641 3368 3711 quoniam
3399 3644 3630 3700 tristitia

2059 3732 2196 3787 mihi
2239 3748 2434 3803 magna
2465 3745 2552 3792 est
2576 3744 2631 3792 et
2663 3736 2968 3794 continuus
2994 3737 3155 3794 dolor
3185 3738 3336 3795 cordi
3369 3756 3510 3796 meo.
3547 3760 3566 3793 ι

2128 3823 2205 3880 De
2233 3825 2447 3898 magnis
2496 3825 2757 3884 nimirum
2805 3830 3116 3900 locuturus,
3150 3847 3381 3904 quasque
3406 3843 3631 3904 propter

2056 3916 2404 3974 altitudinem
2467 3919 2820 3977 incredibilia
2870 3922 3223 3992 viderentur,
3264 3926 3472 3982 idcirco
3501 3930 3629 3999 jus-

2048 4008 2348 4082 jurandum
2378 4013 2668 4084 prazmisit.

2135 4103 2305 4160 Vens.
2335 4107 2393 4171 3,
2429 4107 2482 4162 4.
2525 4125 2543 4158 ι
2576 4107 2840 4177 Optabam
2884 4109 3028 4164 enim
3055 4125 3156 4183 ego
3191 4111 3480 4167 anathema
3509 4127 3630 4168 esse

2053 4196 2332 4255 aChristo
2382 4214 2482 4269 pro
2537 4197 2812 4256 fratribus
2868 4201 3028 4267 meis,
3085 4203 3177 4273 qui
3231 4214 3360 4258 sunt
3406 4206 3627 4276 cognati

2055 4287 2157 4346 mei
2197 4288 2500 4344 secundum
2531 4303 2780 4356 carnem,
2815 4292 2906 4364 qui
2932 4303 3060 4348 sunt
3096 4295 3375 4350 Israelitae.
3417 4315 3436 4348 ι

2125 4382 2300 4448 Atque
2343 4380 2515 4436 altera
2560 4381 2676 4438 haec
2715 4392 2799 4438 est
2828 4384 3252 4452 demonstratio,
3294 4387 3493 4445 similis
3533 4403 3623 4443 ea-

2054 4485 2178 4532 rum
2227 4485 2350 4541 qute
2396 4486 2753 4543 praecessere.
2793 4473 2911 4531 Hac
2957 4474 3103 4531 enim
3155 4478 3393 4533 ostendit
3420 4487 3627 4549 quanto

2054 4577 2183 4634 erga
2237 4562 2518 4620 Christum
2579 4581 2769 4623 amore
2826 4566 3068 4625 arderet.
3109 4567 3214 4635 Qui
3256 4584 3389 4626 vero
3434 4570 3627 4626 istud?

385 4655 452 4726 δὴ
485 4654 681 4718 πάντες
716 4654 904 4725 ἔλεγον
941 4651 1377 4727 κατηγοροῦντες
1410 4652 1505 4708 τοῦ
1549 4651 1707 4716 Θεοῦ,
1731 4654 1815 4706 ὅτι
1848 4652 1954 4705 uici.

2057 4667 2283 4710 causam
2319 4655 2645 4727 accipe.35
2690 4657 2826 4723 Quia
2848 4655 3020 4714 Judaei
3042 4673 3231 4715 omnes
3271 4658 3440 4716 Deum
3465 4674 3627 4717 accu-

389 4745 480 4800 τοῦ
506 4743 638 4801 Θεοῦ
672 4743 992 4812 ἀξιωθέντες
1026 4745 1313 4818 κληθῆναι,
1343 4746 1438 4801 καὶ
1457 4746 1621 4818 νόμον
1650 4745 1955 4816 δεξάμενοι,

388 4841 497 4913 πρὸ
525 4839 743 4895 πάντων
771 4839 935 4895 αὐτὸν
956 4838 1178 4907 εἰδότες,
1204 4841 1298 4894 καὶ
1326 4839 1593 4909 τοσαύτης
1611 4826 1959 4893 ἀπολαύσανὲ

387 4950 477 4995 τες
507 4932 684 5004 δόξης,
710 4931 805 4987 καὶ
834 4930 1290 5004 θεραπεύσαντες
1313 4931 1474 4986 αὐτὸν
1504 4929 1610 5004 πρὸ
1646 4929 1746 5001 τῆς
1773 4931 1952 4985 οἰκου-

391 5026 581 5098 μένης,
599 5025 695 5079 καὶ
717 5023 1050 5095 ἐπαγγελίας
1073 5023 1376 5096 δεξάμενοι,
1410 5023 1505 5078 καὶ
1529 5022 1783 5096 πατέρων
1804 5022 1958 5086 ὄντες

386 5115 499 5170 τῶν
542 5114 693 5185 αὐτῷ
724 5113 916 5186 φίλων,
946 5115 1043 5173 καὶ
1067 5115 1133 5170 τὸ
1157 5113 1223 5188 δὴ
1254 5113 1476 5168 πάντων
1509 5111 1724 5187 μεῖζον,
1747 5113 1831 5168 ότι
1860 5111 1958 5168 καὶ⁴

390 5207 731 5280 προπάτορες
767 5205 936 5264 αὐτοῦ
974 5208 1262 5281 γενόμενοι
1293 5206 1390 5262 τοῦ
1439 5206 1677 5280 Χριστοῦ
1709 5205 1770 5260 τδ
1814 5203 1959 5261 κατά

390 5301 570 5372 σάρκα
599 5317 614 5332 ·
641 5299 802 5356 τοῦτο
845 5300 956 5376 γάρ
985 5303 1105 5356 ἔστι
1137 5301 1198 5357 τὸ
1221 5341 1240 5368 ,
1283 5300 1385 5368 Ἐξ
1424 5294 1512 5356 ὧν
1540 5303 1575 5358 ὁ
1605 5299 1861 5378 Χριστὸς
1889 5297 1956 5355 τὸ

389 5391 540 5446 κατὰ
565 5390 762 5461 σάρκα
779 5403 793 5422 ⁸
814 5393 911 5447 καὶ
950 5392 1342 5464 ἐκϐεϐληνται,
1384 5391 1679 5465 ὴτίμηνται
1699 5411 1713 5424 ο
1743 5393 1957 5447 ἀντεισ-

387 5482 529 5555 ἢχθη
539 5499 633 5537 σαν
655 5482 714 5536 δὲ
739 5484 855 5538 ἀντ’
871 5483 1094 5540 ἐκείνων
1113 5488 1160 5538 οἱ
1179 5483 1449 5556 μηδέποτε
1464 5485 1624 5539 αὐτὸν
1643 5483 1957 5558 ἐπιγνόντες

389 5573 670 5644 ἄνθρωποι
706 5574 764 5640 ἐξ
797 5575 988 5631 ἐθνῶν.
1049 5575 1201 5630 Ἐπεὶ
1228 5571 1322 5631 οὖν
1356 5573 1533 5630 ταῦτα
1557 5575 1829 5647 λέγοντες,
1865 5577 1956 5630 τδν

387 5667 525 5723 Θεὸν
554 5669 964 5743 ὲὸλασφημουν,
994 5653 1207 5726 ἀκούων
1235 5671 1410 5728 ταῦτα
1459 5672 1555 5726 καὶ
1602 5672 1956 5743 δακνόμενος,

390 5761 487 5814 καὶ
523 5759 665 5832 ὑπὲρ
690 5762 789 5835 τῆς
833 5762 993 5834 δόξης
1039 5763 1221 5833 ἀλγῶν
1251 5763 1346 5819 τοῦ
1386 5763 1523 5818 Θεοῦ
1546 5804 1564 5829 ,
1588 5761 1790 5835 ηῦξατο
1818 5765 1950 5818 άνά-

394 5848 538 5922 θεμα
571 5845 707 5906 εἶναι
737 5851 830 5906 καὶ
872 5852 1123 5908 ἐκπεσεῖν
1155 5853 1254 5926 τῆς
1288 5853 1445 5926 δόξης
1469 5851 1683 5930 ἐκείνης
1707 5848 1772 5928 ἧς
1816 5855 1954 5928 λιμ-

2058 4744 2235 4800 sando
2261 4747 2591 4802 mussabant
2626 4748 2835 4819 ejectos
2865 4765 2923 4806 sc
2957 4765 3021 4805 ac
3046 4748 3441 4808 dehonestatos
3476 4768 3624 4820 esse,

2056 4849 2185 4891 cum
2213 4836 2363 4908 digni
2414 4837 2653 4895 fuissent
2697 4841 2885 4896 vocari
2930 4840 3025 4896 iilii
3083 4839 3202 4910 Dei,
3254 4843 3473 4916 sibique
3497 4845 3624 4901 data

2056 4935 2210 4987 esset
2245 4929 2369 4997 lex;
2431 4947 2554 4987 cum
2611 4933 2780 4989 Deum
2813 4945 2941 4991 ante
2975 4949 3165 4991 orunes
3193 4939 3620 5005 cegnovissent;

2055 5037 2184 5080 cum
2218 5031 2373 5080 tanta
2405 5034 2590 5082 essent
2627 5027 2799 5098 gloria
2848 5028 3022 5099 potiti,
3057 5036 3118 5083 nt
3163 5029 3352 5084 orbem
3402 5032 3624 5087 univer-

2059 5129 2183 5171 sum
2217 5116 2449 5172 colendo
2481 5117 2650 5174 Deum
2695 5122 3160 5189 antevertissent;
3193 5135 3317 5176 cum
3353 5124 3625 5194 promissa

2062 5205 2170 5284 ipsi
2198 5209 2570 5280 accepissent,
2631 5225 2697 5265 ex
2759 5211 2872 5268 illis
2907 5212 3157 5284 patribus
3217 5214 3491 5283 prognati,
3530 5214 3625 5284 qui

2054 5299 2218 5357 amici
2248 5300 2370 5369 ejus
2393 5299 2642 5367 fuerunt,
2684 5311 2740 5359 et
2791 5305 2960 5375 (quod
3011 5303 3228 5359 caeteris
3260 5306 3626 5374 prazstabilius

2057 5390 2161 5457 est)
2195 5389 2400 5448 Christi
2424 5392 2598 5462 ipsius
2650 5402 2908 5463 parentes
2941 5392 3306 5450 exstiterant:
3348 5407 3471 5446 nam
3523 5394 3627 5448 hoc

2058 5484 2358 5556 signiﬁcat,
2395 5474 2491 5538 ubi
2540 5485 2658 5540 ait:
2703 5485 2789 5541 Ea:
2823 5487 3010 5557 quibus
3051 5484 3296 5542 Christus
3339 5485 3626 5538 secundum

2057 5593 2305 5642 carnem;
2341 5577 2394 5631 in
2424 5578 2670 5650 ipsorum
2712 5595 2844 5634 vero
2885 5581 3067 5635 locum
3104 5595 3231 5637 esse
3277 5580 3627 5636 introducws

2059 5671 2310 5730 homines
2338 5692 2404 5733 ex
2438 5674 2721 5746 gentibus,
2754 5673 2848 5745 qui
2895 5674 3211 5729 nullatenus
3245 5689 3371 5729 eum
3402 5679 3619 5726 norant.

2060 5763 2200 5830 Quia
2257 5781 2391 5837 ergo
2456 5767 2728 5837 ejusmodi
2787 5764 3138 5823 sermonibus
3164 5764 3334 5820 Deum
3367 5766 3624 5821 crimina-

2061 5857 2286 5928 bantur,
2319 5862 2402 5920 ltis
2444 5859 2648 5920 Paulus
2691 5862 2919 5933 auditis,
2970 5860 3197 5934 indigne
3232 5861 3413 5918 ferens
3442 5860 3618 5932 gloria
