4100 6280
471 417 579 483 519

1536 487 1543 493 _
1608 414 1671 476 S.
1708 411 2032 475 JOANNIS
2068 408 2507 475 DAMASCENI

3628 413 3739 483 520

471 519 824 579 accenderat.
862 519 998 575 Cum
1026 518 1172 577 enim
1195 518 1421 576 multam
1441 532 1575 589 ergo
1605 534 1665 576 se
1696 518 1794 575 Dei
1828 519 2049 590 patien-

2148 514 2241 570 διὰ
2264 517 2368 586 τῆς
2398 512 2604 583 οἰκείας
2636 516 3031 591 σκληρότητος.
3056 515 3389 595 Πολλῖπγὰρ
3409 521 3735 592 ἀπολαύσας

472 616 606 671 tiam
635 613 988 670 etlenitatem
1023 622 1286 685 expertus
1319 622 1489 678 esset,
1520 612 1700 669 nihilo
1741 611 1939 667 melior
1964 610 2051 666 fa-

471 715 597 762 etus
626 712 730 770 est,
770 709 864 760 sed
888 706 1233 760 incorrectus
1263 708 1492 761 mansit.
1530 704 1638 775 37
1678 703 2048 771 Quamobrem

470 811 583 853 non
601 798 764 851 modo
786 810 914 851 eum
945 810 1042 852 vas
1072 795 1165 852 irae
1192 795 1512 868 appellavit,
1536 796 1633 851 sed
1661 796 1829 851 etiam
1858 803 2049 867 aptum

472 889 539 944 ad
589 888 899 955 interitum,
966 888 1070 943 hoc
1125 898 1213 944 est
1245 888 1321 943 ita
1367 898 1748 958 comparatum
1781 902 1813 941 a
1842 888 2049 959 seipse,

471 998 686 1054 suoque
734 983 887 1038 vitio.
926 980 1071 1038 Deus
1120 980 1268 1039 enim
1328 982 1465 1037 nihil
1506 980 1808 1054 quidquam
1858 982 2050 1039 omisit

471 1089 661 1132 eorum
704 1089 827 1146 qua:
866 1074 936 1130 ad
985 1074 1430 1131 emendationem
1489 1075 1639 1131 illius
1710 1074 2046 1132 conferrent.

469 1166 618 1223 Nihil
657 1182 879 1239 quoque
908 1167 1025 1240 ipse
1062 1167 1309 1224 vicissim
1354 1182 1463 1223 non
1500 1168 1748 1233 admisit,
1784 1183 1896 1239 quo
1935 1183 2049 1225 non

470 1262 577 1319 sibi
610 1261 897 1318 interitum
943 1268 1180 1327 crearet,
1214 1260 1474 1330 omnique
1499 1275 1560 1315 se
1594 1261 1756 1315 venia
1787 1260 2048 1331 privaret.

470 1353 616 1412 Deus
668 1363 873 1422 autem,
929 1352 1147 1409 tametsi
1202 1354 1315 1408 haec
1351 1362 1599 1419 noverat,
1663 1354 1839 1409 multa
1893 1354 2048 1410 illum

469 1454 738 1526 patientia
790 1452 1077 1519 sustinuit,
1111 1466 1235 1507 cum
1260 1450 1426 1506 vellet
1460 1450 1641 1520 ipsum
1679 1449 1747 1505 ad
1772 1448 2049 1519 poeniten-

468 1548 600 1603 tiam
627 1547 922 1605 adducere.
949 1544 1068 1602 Nisi
1100 1545 1247 1601 enim
1268 1545 1373 1599 hoc
1395 1543 1688 1609 voluisset,
1713 1543 1910 1599 tandiu
1937 1542 2050 1599 uti.

467 1656 577 1713 que
624 1642 777 1697 illum
815 1656 925 1696 non
965 1638 1201 1696 tulisset.
1238 1636 1508 1704 Quoniam
1561 1652 1692 1692 vero
1725 1652 1789 1692 ea
1818 1636 1911 1692 Dei
1951 1652 2051 1708 pa-

466 1736 664 1794 tientia
698 1736 777 1790 uti
807 1736 1002 1799 voluit,
1032 1742 1094 1789 ut
1115 1732 1458 1804 paenitentiae
1488 1731 1646 1788 daret
1673 1745 1922 1803 Operam,
1952 1746 2050 1788 seu

467 1847 530 1889 se
560 1830 675 1902 ipse
704 1830 785 1884 ira
810 1829 1033 1900 dignum
1065 1826 1440 1897 comparavit;
1472 1825 1567 1880 illo
1628 1824 1773 1881 Deus
1805 1841 1939 1882 usus
1964 1832 2050 1881 est

467 1923 540 1980 ad
565 1922 963 1978 correctionem
1002 1918 1271 1973 aliorum:
1301 1918 1374 1973 ita
1404 1925 1462 1971 ut
1485 1932 1584 1988 per
1604 1916 1843 1973 inﬂictas
1868 1917 2071 1973 eidem

465 2033 661 2090 poenas
724 2012 1094 2072 studiosiores
1156 2010 1299 2066 alios
1349 2009 1571 2067 virtutis
1607 2009 1837 2075 laceret,
1866 2017 1922 2067 et
1947 2024 2048 2082 per

474 2112 631 2167 illum
665 2107 963 2179 potentiam
993 2119 1148 2161 suam
1177 2103 1517 2161 ostenderet.

541 2220 562 2256 ι
586 2202 717 2270 Quae
739 2198 1067 2272 praeparavit
1090 2197 1146 2252 in
1178 2196 1432 2269 gloriam.
1453 2194 1647 2270 [Vnam
1674 2196 1795 2271 τι]
1816 2196 1967 2266 Quos
1993 2206 2050 2255 et

465 2297 702 2363 vocavit,
743 2311 854 2352 non
880 2294 1061 2353 solum
1090 2307 1158 2350 ex
1196 2289 1427 2359 ludatis,
1466 2291 1565 2349 sed
1600 2292 1768 2351 etiam
1798 2308 1868 2349 ex
1910 2278 2048 2364 gen?-

466 2389 645 2447 tibus.
686 2407 706 2445 ι

536 2477 810 2545 Quoniam
842 2477 1020 2536 Judaei
1061 2479 1362 2552 gentilibus
1409 2480 1846 2552 exprobrabant,
1897 2478 2047 2553 quod

465 2570 644 2643 gratis
665 2579 855 2629 essent
882 2573 1085 2639 vocati,
1125 2573 1317 2645 eisque
1351 2573 1616 2645 pudorem
1666 2574 2047 2631 incutiendnm

464 2664 764 2731 ducebant,
795 2666 1172 2737 suspicionem
1224 2668 1371 2723 hanc
1408 2676 1468 2724 et
1516 2667 1779 2724 invidiam
1836 2668 2044 2740 ingenti

465 2764 920 2828 argumentorum
954 2758 1008 2814 vi
1060 2756 1319 2815 destruit.
1383 2758 1438 2815 Si
1474 2759 1620 2814 enim
1666 2774 1732 2814 ea
1792 2774 1880 2816 res
1936 2760 2077 2816 Deo‘

465 2847 694 2921 gloriam
720 2850 925 2917 attulit,
949 2850 1313 2922 multomagis
1342 2850 1451 2907 illis
1480 2866 1577 2924 per
1592 2866 1733 2924 quos
1756 2851 1851 2908 Dei
1875 2852 2046 2923 gloria

464 2941 741 2997 celebrata
781 2949 886 2997 est.

534 3032 701 3091 Vens.
742 3032 927 3091 25-27.
957 3053 978 3088 ι
1022 3034 1178 3092 Sicut
1209 3032 1344 3090 etin
1397 3030 1542 3091 Osee
1606 3024 1768 3089 dicit:
1821 3032 2047 3093 Vocabo

464 3141 575 3182 non
607 3126 817 3198 plebem
850 3142 1056 3193 meam,
1079 3127 1295 3197 plebem
1325 3140 1526 3192 meam,
1551 3136 1739 3183 etnon
1760 3126 2043 3194 dilectam,

2154 607 2543 680 μακροθυμίας
2566 610 2669 665 οὐκ
2688 611 2907 682 ἐγένετο
2961 610 3210 683 βελτίων,
3241 612 3359 668 ἀλλ’
3399 614 3735 690 ἀδιόριθωτος

2150 698 2385 772 ἔμεινεν.
2411 701 2504 756 Διὸ
2533 702 2653 758 οὐδὲ
2681 702 2877 769 σκεῦος
2896 704 3067 777 om;
3094 703 3261 760 αὐτὸν
3285 705 3516 763 ἐκάλεσε
3538 710 3731 783 μόνον,

2150 793 2287 849 ἀλλά
2332 796 2431 849 καὶ
2477 797 2915 870 κατηρτισμένον
2965 800 3046 862 είς
3092 798 3402 856 ἀπώλειαν·
3449 804 3735 859 τουτέστιν

2148 886 2582 960 ἀπηρτισμένον,
2643 888 2860 946 οἴκοθεν
2917 890 3106 963 μέντοι
3167 891 3267 948 καὶ
3317 892 3452 967 παρ’
3493 895 3731 951 ἑαυτοῦ·

2147 978 2274 1035 οὔτε
2298 981 2409 1054 γὰρ
2465 983 2497 1037 ὁ
2541 981 2677 1047 Θεὸς
2724 982 2996 1056 παρέλιπε
3028 1001 3084 1039 τι
3122 985 3235 1041 τῶν
3277 988 3361 1053 είς
3387 988 3734 1060 κατόρθωσιν

2147 1074 2393 1146 ἡκόντων
2437 1075 2542 1150 την
2584 1075 2799 1132 ἐκείνου
2820 1093 2837 1110 '
2899 1076 3029 1131 οὔτε
3087 1078 3255 1146 αὐτὸς
3300 1080 3516 1137 ἐνέλιπὲ
3540 1100 3595 1138 τι
3620 1083 3736 1140 τῶν

2146 1165 2498 1223 ἀπολλύντων
2509 1167 2692 1234 αὑτὸν,
2712 1170 2808 1224 καὶ
2818 1168 3000 1242 πάσης
3010 1170 3461 1244 ἀποστερούντων
3478 1172 3735 1242 συγγνώο

2151 1274 2284 1332 μης.
2318 1259 2434 1314 ἀλλ’
2464 1260 2614 1331 ὅμως
2639 1262 2932 1318 καὶταῦτα
2962 1262 3119 1330 εἰδὼς
3152 1265 3183 1317 ὁ
3220 1263 3373 1331 Θεδς,
3402 1266 3637 1338 ἤνεγκεν
3671 1268 3734 1321 ιν

2147 1351 2318 1426 πολλῇ
2339 1352 2714 1427 μακροθυμίᾳ,
2756 1355 3085 1429 βουλόμενος
3127 1356 3294 1411 αὐτὸν
3327 1358 3409 1424 είς
3434 1357 3734 1430 μετάνοιαν

2149 1444 2397 1515 ἀγαγεῖν.
2430 1445 2493 1499 Ei
2522 1446 2630 1518 γὰρ
2665 1447 2743 1520 μὴ
2791 1446 2951 1503 τοῦτο
2977 1445 3188 1520 ἢθελεν,
3222 1448 3335 1503 οὐδ’
3376 1449 3445 1506 ἂν
3486 1452 3732 1526 ἑμακρο-

2151 1533 2417 1607 θύμησεν.
2461 1537 2682 1610 Ἐπειδὴ
2708 1538 2767 1593 δὲ
2792 1537 2895 1595 οὐκ
2922 1539 3193 1611 ἠθέλησεν
3225 1542 3308 1607 είς
3336 1542 3631 1615 μετάνοιαν
3657 1547 3727 1618 τῇ

2152 1629 2508 1704 μακροθυμίᾳ
2560 1632 2871 1705 χρήσασθαι
2907 1632 3001 1687 τοῦ
3054 1634 3215 1703 Θεοῦ,
3256 1635 3374 1691 ἀλλ’
3417 1637 3730 1711 ἀπήρτισεν

2147 1721 2343 1776 ἑαυτὸν
2366 1724 2447 1788 είς
2480 1724 2673 1795 ὀργὴν,
2694 1726 2964 1797 ἐχρήσατο
2978 1726 3127 1800 αὐτῷ
3142 1729 3221 1794 τίς
3241 1727 3343 1803 τὴν
3355 1728 3560 1800 ἑτέρων
3581 1727 3731 1801 διόρ-

2151 1811 2317 1868 θωσιν
2342 1813 2432 1869 διὰ
2462 1814 2563 1886 τῆς
2617 1817 2698 1881 τίς
2734 1818 2944 1873 ικιίνον
2977 1819 3254 1886 κολάσεως
3286 1820 3504 1894 ἑτέρους
3553 1840 3730 1877 σπου-

2146 1904 2459 1978 δαιοτέρους
2480 1907 2673 1976 ποιῶν,
2716 1910 2816 1965 καὶ⁵
2863 1909 2965 1984 τὴν
3000 1912 3234 1986 δύναμιν
3266 1913 3433 1971 αὑτοῦ
3469 1915 3732 1973 διἀύτού

2144 1996 2385 2065 δεικνύς.

2225 2194 2249 2233 ι
2289 2178 2353 2233 Ἀ
2405 2181 2818 2255 προητοίμασεν
2864 2185 2947 2249 είς
2990 2183 3187 2252 δόξανο
3236 2184 3334 2252 οὓς
3381 2186 3479 2243 καὶ
3531 2186 3729 2243 ἐκάλεε-

2148 2288 2242 2331 σεν
2265 2272 2435 2346 ἡμᾶς,
2464 2275 2526 2330 οὐ
2559 2275 2720 2348 μόνον
2747 2276 3113 2347 ιε’ἰουδαίων,
3139 2278 3276 2335 ἀλλὰ
3292 2280 3385 2336 καὶ
3414 2280 3475 2346 ἐξ
3498 2280 3725 2340 ἐθνῶν.»

2223 2447 2452 2522 Ἐπειδή
2470 2454 2633 2508 τοῦτο
2659 2450 2955 2521 ὠνείδιζον,
2977 2458 3057 2512 ὅτι
3081 2457 3265 2527 χάριτι
3297 2452 3599 2529 ἐσώθησαν,
3623 2454 3728 2511 καὶ

2145 2547 2528 2621 καταισχύνειν
2548 2548 2743 2615 αὐτοὺς
2765 2547 3036 2619 ἐνόμιζον,
3074 2548 3141 2602 lx
3192 2548 3397 2620 πολλῆς
3425 2552 3525 2621 τῆς
3557 2566 3729 2620 περι.

2146 2642 2359 2710 ουσίας,
2382 2643 2585 2715 ταύτην
2617 2643 2834 2715 ἀναιρεῖ
2849 2639 2947 2716 τὴν
2976 2641 3252 2705 ὑπόνοιαν.
3274 2643 3337 2697 Εἰ
3366 2645 3473 2717 γὰρ
3504 2642 3581 2715 τῷ
3604 2641 3729 2717 Θεῷ

2146 2733 2210 2791 τὸ
2237 2736 2469 2807 πρᾶγμα
2495 2734 2655 2802 δόξαν
2702 2735 2962 2807 ἤνεγκεν,
3024 2734 3208 2809 πολλῷ
3259 2736 3462 2809 μᾶλλον
3492 2735 3729 2804 ἐκείνοις

2146 2827 2215 2885 δι’
2241 2822 2316 2886 ὧν
2338 2828 2434 2883 καὶ
2463 2824 2598 2892 Θεὸς
2628 2825 2913 2899 meum.

2224 3026 2246 3063 ι
2290 3006 2386 3071 Ὠς
2401 3009 2495 3065 καὶ
2522 3011 2583 3065 ἐν
2603 3009 2684 3081 τῷ
2714 3008 2873 3084 Ὠσηὲ
2901 3009 3081 3082 λέγει’
3113 3009 3347 3068 Καλέσω
3383 3012 3474 3068 τὸν
3505 3012 3567 3068 οὐ
3597 3012 3729 3068 λαόν

2148 3119 2275 3177 μου,
2291 3103 2421 3160 λαόν
2445 3122 2571 3179 μου,
2588 3106 2684 3161 καὶ
2699 3104 2797 3179 τὴν
2814 3107 2912 3161 οὐκ
2928 3107 3311 3179 ἠγαπημένην,
3331 3108 3727 3181 ἠγαπημένην

465 3192 763 3276 dilectam:
813 3226 870 3276 et
903 3220 1008 3277 erit
1154 3220 1299 3285 loco,
1333 3218 1426 3276 ubi
1476 3220 1685 3277 dictum
1753 3228 1876 3291 est,
1932 3192 2047 3280 non

2149 3199 2244 3253 καὶ
2269 3197 2444 3266 ἔσται,
2480 3200 2542 3254 ιν
2562 3198 2643 3272 τῷ
2659 3199 2809 3273 τόπῳ
2829 3192 3119 3274 οὖ¹⁸ὲῤῥέθη
3149 3203 3351 3268 αὐτοῖς,
3371 3202 3433 3259 οὐ
3450 3201 3577 3267 λαός
3618 3220 3725 3274 μου

465 3310 620 3381 plebs
644 3324 764 3365 mea
797 3322 919 3376 vos,
956 3309 1035 3365 ibi
1074 3310 1419 3365 vocabuntur
1451 3308 1547 3365 lilii
1583 3308 1679 3367 Dei
1711 3311 1843 3368 vivi.
1874 3309 2049 3371 Isaias

2149 3294 2330 3365 ὑμεῖς,
2354 3294 2472 3348 ἐκεῖ
2489 3292 2854 3366 κληθήσονται
2883 3294 2993 3349 υἱοὶ
3009 3294 3145 3349 Θεοῦ
3169 3293 3641 3361 ζῶντος.Ἦσαῖας
3665 3297 3725 3352 δὲ

465 3410 650 3457 autem
685 3402 889 3457 clamat
918 3415 1018 3471 pro
1044 3399 1214 3458 lsrael
1243 3416 1259 3455 :
1293 3400 1351 3456 Si
1384 3400 1551 3457 fuerit
1598 3417 1865 3461 numerus
1904 3403 2041 3462 lilio-

466 3508 590 3550 rum
618 3491 788 3550 lsrael
827 3498 1087 3564 tanquam
1120 3505 1287 3551 arena
1324 3494 1519 3562 maris,
1567 3494 1823 3567 reliquia:
1882 3498 2049 3554 salvae

468 3585 622 3643 ﬂent.
663 3604 683 3641 ι

537 3680 769 3737 Aliunde
807 3696 1025 3753 quoque
1047 3681 1288 3738 sermoni
1320 3681 1483 3739 ﬁdem
1519 3684 1745 3749 astruit,
1782 3682 2047 3740 adductis

465 3773 751 3844 prophetis
776 3776 869 3844 qui
899 3774 1087 3832 eadem
1124 3784 1400 3849 asserant.

541 3863 707 3921 Vens.
742 3864 828 3931 l8,
868 3865 958 3922 i9.
998 3865 1233 3922 Verbum
1262 3866 1408 3921 enim
1431 3880 1826 3924 consummans
1864 3875 1920 3923 et
1947 3865 2049 3922 ab-

477 3957 737 4016 breviaus
771 3957 935 4015 faciet
968 3959 1112 4016 Deus
1151 3975 1319 4031 super
1360 3968 1588 4026 terram,
1628 3968 1684 4017 et
1721 3961 1867 4019 sicut
1911 3975 2051 4031 pra!-

467 4048 607 4103 dixit
642 4048 845 4107 Isaias:
907 4048 1025 4108 Nisi
1101 4051 1368 4109 Dominus
1431 4051 1677 4110 Sabaoth
1731 4052 2051 4124 reliquisset

428 4212 437 4219 _
468 4140 630 4196 nobis
659 4156 869 4197 semen.
919 4160 939 4193 ι

539 4232 884 4290 Circuitione
925 4249 1066 4304 opus
1110 4248 1218 4288 non
1274 4241 1380 4299 cst,
1434 4248 1538 4290 nec
1593 4233 1804 4301 labore,
1845 4234 2047 4305 inquit,

469 4342 582 4398 quo
613 4327 876 4397 operibus
903 4327 1038 4396 legis
1061 4326 1388 4394 insudetur;
1414 4326 1510 4382 sed
1542 4327 1691 4383 brevi
1719 4326 2050 4398 compendio

471 4421 622 4475 salus
657 4420 890 4478 accidet.
920 4417 1072 4473 Talis
1106 4418 1383 4490 siquidem
1406 4429 1495 4476 est
1525 4420 1684 4487 ﬁdes,
1714 4435 1833 4493 quae
1856 4420 2050 4492 paucis

472 4512 652 4567 verbis
680 4512 912 4567 salutem
939 4511 1359 4583 compleCtatur.

2149 3388 2345 3461 κράζει
2368 3389 2499 3461 περὶ
2530 3388 2627 3444 τοῦ
2652 3388 2869 3462 Ἰσραήλ
2890 3407 2901 3421 ·
2922 3388 3049 3443 Ἐὰν
3090 3383 3125 3464 ᾖ
3151 3388 3180 3443 ό
3209 3389 3440 3461 ἀριθμὸς
3460 3388 3570 3443 τῶν
3589 3388 3729 3443 υἱῶν

2160 3487 2397 3560 Ἰσραὴλ,
2448 3487 2525 3551 ὡς
2580 3489 2615 3560 ἠ
2673 3487 2861 3560 ἄμμος
2904 3488 3005 3560 τῆς
3055 3486 3357 3560 θαλάσσης,
3391 3488 3453 3541 τὸ
3482 3488 3727 3558 ἐγκατά-

2074 3618 2075 3621 η
2144 3577 2354 3651 λειμμα
2380 3579 2711 3652 σωθήσεται.
2752 3600 2773 3633 ι

2219 3674 2331 3729 Καὶ
2349 3673 2620 3747 ἑτέρωθεν
2643 3675 2962 3743 ἀξιόπιστον
3004 3677 3243 3731 ποιεῖται
3264 3675 3354 3731 τὸν
3389 3675 3568 3748 λόγον,
3594 3693 3730 3750 προ-

2148 3770 2324 3843 φήτας
2352 3769 2576 3839 ἐπάγων
2605 3768 2781 3825 ταῦτα
2809 3769 3089 3840 λέγοντας.

2227 3882 2247 3915 r
2271 3861 2446 3931 Λόγον
2476 3862 2587 3934 γὰρ
2616 3861 2884 3918 συντελῶν
2909 3863 3006 3916 καὶ
3026 3863 3339 3935 συντέμνων
3372 3859 3729 3933 ποιήσει’Κύ-

2149 3972 2266 4030 ριος
2298 3954 2391 4009 ἐπὶ
2413 3954 2517 4026 τῆς
2544 3954 2651 4028 γῆς
2673 3971 2692 3988 ο
2727 3955 2828 4009 καὶ
2890 3954 3073 4020 καθὼς
3096 3956 3429 4028 προείρηκεν
3473 3954 3727 4021 Ἡσαΐας,

2148 4051 2199 4105 σί
2227 4048 2302 4122 μὴ
2328 4048 2531 4120 Κύριος
2553 4046 2780 4104 Σαϐαὼθ
2829 4048 3221 4122 ἔγκατέλειπεν
3254 4051 3392 4122 ημῖν
3418 4048 3664 4121 σπέρμα.
3703 4067 3725 4102 ι

2218 4232 2297 4288 Οὐ
2329 4230 2581 4305 περιόδου
2601 4232 2762 4304 χρεία
2805 4232 2900 4287 καὶ
2922 4231 3111 4297 πόνου,
3146 4233 3247 4304 τῆς
3272 4229 3382 4286 ἀπὸ
3405 4228 3515 4285 τῶν
3546 4230 3732 4303 ἔργων

2144 4326 2257 4381 τῶν
2301 4326 2563 4398 νομικῶν,
2622 4323 2811 4396 φησὶν,
2871 4325 3009 4380 ἀλλὰ
3050 4323 3190 4396 μετὰ
3236 4322 3436 4394 πολλῆς
3466 4324 3567 4393 τῆς
3599 4340 3732 4377 συν-

2104 4417 2340 4489 ·τομίας
2380 4414 2537 4471 ἔσται
2577 4418 2611 4488 ἡ
2671 4416 2938 4487 σωτηρία.
2988 4414 3242 4469 Τοιοῦτον
3291 4413 3400 4487 γὰρ
3434 4414 3468 4485 ἠ
3505 4412 3726 4477 πίστις·

2147 4510 2208 4581 ιν
2248 4509 2479 4582 βραχέσι
2514 4510 2754 4582 ῥήμασιν
2780 4508 2897 4580 ἔχει
2928 4508 3025 4581 τὴν
3044 4508 3347 4581 σωτηρίαν.

548 4620 567 4653 ι
609 4600 765 4656 Sicut
820 4600 1059 4656 Sodoma
1125 4601 1253 4656 facti
1311 4615 1579 4668 essemus,
1620 4610 1678 4660 et
1732 4602 1879 4659 sicut
1937 4599 2046 4658 Go-

2231 4623 2250 4656 σ
2294 4602 2380 4667 Ὠς
2421 4601 2630 4674 Σόδομα
2656 4602 2723 4657 ἂν
2765 4602 3105 4675 ἐγενήθημεν
3134 4600 3229 4656 καὶ⁵
3254 4600 3333 4665 ὡς
3371 4598 3412 4653 Γ
3413 4601 3630 4675 mappa
3664 4598 3735 4653 ἄν

471 4692 694 4748 morrha
725 4690 933 4745 similes
964 4690 1287 4748 fuissemus.
1334 4710 1354 4744 ι

544 4786 674 4843 istic
702 4801 923 4858 quoque
948 4787 1195 4842 ostendit
1223 4801 1430 4857 paucos
1460 4787 1587 4845 illos
1612 4803 1957 4861 nequaquam
1978 4806 2047 4847 ex

473 4880 672 4954 seipsis
714 4880 949 4937 salutem
996 4880 1100 4936 sibi
1138 4892 1433 4952 paraturos
1481 4880 1677 4947 fuisse,
1713 4882 1821 4941 nisi
1872 4884 2049 4955 pluri-

473 4990 617 5029 mam
646 4972 787 5028 Deus
821 4971 1123 5027 bonitatem
1155 4988 1314 5029 snam
1347 4974 1725 5045 impendisset.

508 5082 511 5085 λ
546 5066 711 5122 Vens.
747 5064 937 5120 εει-59..
980 5080 999 5115 ι
1038 5064 1181 5130 Quid
1216 5080 1347 5135 ergo
1373 5066 1621 5121 dicemus
1644 5066 1835 5137 ?quod
1859 5078 2049 5137 gentes

472 5172 594 5228 quae
646 5170 751 5209 non
803 5154 1161 5209 sectabantur
1215 5155 1512 5226 justitiam,
1570 5155 2051 5226 apprelicutlerunt

470 5245 778 5317 justitiam;
807 5244 1080 5314 justitiam
1110 5255 1294 5299 autem
1326 5261 1449 5316 qua:
1479 5260 1544 5301 ex
1584 5246 1690 5301 ﬁde
1725 5255 1848 5301 est:
1881 5248 2051 5304 lsrael

473 5354 605 5395 vero
627 5336 893 5394 sectando
937 5337 1110 5407 legem
1149 5336 1402 5407 justitiae,
1447 5336 1500 5391 in
1546 5337 1717 5408 legem
1778 5354 1885 5392 non
1924 5355 2052 5409 per-

472 5432 643 5485 venit.
696 5428 1092 5496 QuarelQuia
1130 5445 1239 5484 non
1304 5444 1373 5484 ex
1424 5429 1553 5497 ﬁde,
1612 5430 1711 5485 scd
1769 5433 1925 5502 quasi
1983 5449 2046 5489 ex

472 5522 737 5588 operibus
768 5521 922 5593 legis.
962 5540 983 5573 ι

542 5612 907 5685 Apertissima
950 5614 1068 5669 haec
1098 5612 1310 5669 solutio
1350 5620 1456 5669 est.
1485 5613 1788 5686 Postquam
1812 5614 1959 5671 enim
1984 5634 2052 5673 ex

473 5706 643 5763 rebus
696 5704 832 5776 ipsis
876 5706 1406 5763 demonstrationem
1447 5706 1717 5776 protulit,
1768 5705 2048 5764 dicendo:

480 5795 604 5853 Non
636 5813 833 5862 omnes,
874 5798 964 5869 qui
998 5812 1062 5851 ea:
1111 5797 1283 5853 Israel
1322 5806 1468 5861 sunt,
1505 5796 1704 5851 hisnnt
1757 5797 2047 5861 Israclitw,

480 5888 719 5965 itemque
750 5893 819 5949 ab
851 5905 1040 5948 eorum
1070 5890 1520 5964 progenitoribus
1557 5889 1729 5947 Jacob
1767 5898 1821 5946 ct
1870 5887 2005 5947 Esau
2034 5906 2050 5943 :

2148 4696 2539 4768 ὡμοιώθημεν.
2568 4715 2589 4749 ι

2221 4788 2333 4843 Καὶ
2364 4786 2598 4843 ἐνταῦθα
2651 4785 2946 4855 δείκνυσιν,
2998 4786 3083 4841 ὅτι
3131 4782 3255 4841 οὐδὲ
3292 4784 3449 4839 αὐτοὶ
3471 4786 3521 4839 oi
3551 4784 3735 4853 ὀλίγοι

2149 4879 2360 4935 οἴκοθεν
2386 4877 2743 4951 διεσώθησαν,
2768 4880 2818 4933 εί
2845 4878 2922 4952 μὴ
2955 4877 3125 4951 πολλῇ
3141 4878 3172 4932 ό
3197 4876 3329 4942 Θεὸς
3361 4877 3636 4951 ὶχρήσατο
3662 4878 3731 4949 τῇ

2150 4972 2472 5043 ἁγαθότητι.

2230 5083 2249 5129 ι
2286 5064 2350 5117 Τί
2379 5060 2471 5119 οὖν
2525 5062 2801 5137 ὲροῦμεν;
2859 5063 2940 5117 ὅτι
2973 5062 3102 5134 ἔθνη
3148 5062 3220 5117 τὰ
3258 5062 3333 5136 μὴ
3370 5061 3637 5119 διώκοντα
3661 5063 3739 5118 δι-

2153 5155 2447 5226 καιοσύνην
2479 5157 2745 5211 κατέλαϐε
2773 5155 3120 5227 δικαιοσύνην
3138 5172 3153 5187 ·
3172 5156 3520 5228 δικαιοσύνην
3556 5156 3738 5228 δὲτὴν

2154 5252 2220 5305 ὲκ
2248 5251 2481 5315 πίστεως
2501 5267 2513 5283 ·
2550 5249 2768 5322 Ἰσραὴλ
2799 5250 2857 5303 δὲ
2888 5250 3102 5303 διώκων
3134 5248 3302 5320 νόμον
3355 5248 3737 5321 δικαιοσύνης,

2154 5345 2234 5406 εἰς
2264 5342 2431 5413 νόμον
2464 5341 2563 5396 οὐκ
2590 5340 2844 5411 ἔφθασεν.
2878 5342 2978 5397 Διὰ
3005 5342 3058 5398 τί
3092 5358 3108 5410 ;
3146 5342 3230 5397 ὅτι
3258 5344 3359 5398 οὐκ
3377 5346 3442 5398 ὲκ
3470 5346 3736 5411 πίστεως,

2154 5437 2272 5493 ἀλλ’
2300 5438 2358 5504 ἐξ
2394 5436 2569 5509 ἔργων
2602 5437 2793 5508 νόμου.
2831 5455 2851 5489 ι

2234 5615 2299 5669 Ἦ
2322 5613 2632 5686 σαφεστάτη
2665 5615 2824 5681 λύσις
2860 5615 3000 5689 αὕτη
3024 5616 3171 5671 ἐστίν
3194 5635 3208 5648 ·
3240 5617 3462 5691 Ἐπειδὴ
3487 5618 3596 5688 γὰρ
3632 5618 3740 5675 καὶ

2154 5708 2262 5763 ἀπὸ
2285 5707 2394 5762 τῶν
2418 5708 2759 5780 πραγμάτων
2791 5709 2992 5776 ἔδειξεν
3016 5726 3028 5739 ·
3077 5711 3161 5765 οὐ
3193 5709 3300 5781 γὰρ
3331 5712 3553 5777 πάντες
3578 5715 3631 5765 οἱ
3658 5712 3739 5776 ἐξ

2167 5797 2424 5867 Ἰσραὴλ,
2450 5798 2642 5869 λέγων,
2667 5795 2832 5856 οὗτοι
2882 5799 3135 5870 Ἰσραήλ
3156 5818 3170 5832 ’
3203 5802 3296 5855 καὶ
3323 5802 3431 5855 dati
3461 5802 3570 5855 τῶν
3594 5820 3742 5873 προ-

2156 5890 2345 5957 γόνων.
2387 5889 2482 5943 τοῦ
2525 5889 2723 5947 Ἰακὼϐ
2771 5892 2867 5947 καὶ
2911 5892 3007 5946 τοῦ
3053 5892 3245 5962 Ἡσαῦ,
3284 5901 3376 5946 καὶ
3417 5892 3518 5948 τῶν
3556 5893 3735 5949 κολα·
