4100 6280
549 355 656 419 559

1827 356 2148 421 JOANNIS
2180 358 2608 424 DAMASCENI

3683 358 3789 425 560

546 469 793 526 lnlirmos
849 466 989 524 ferre
1031 466 1264 535 debere,
1288 465 1415 525 illos
1444 466 1655 525 scilicet
1682 470 1777 541 qui
1811 486 1877 527 es
1909 468 2108 527 .ludmis

2230 472 2519 530 Ἰουδαίων.
2570 471 2789 543 Ἐπειδὴ
2818 471 2927 544 γὰρ
2986 470 3192 545 σφᾶδρα
3220 468 3448 527 ἐκείνων
3470 468 3667 545 ἥψατο,
3698 471 3789 526 iv:

545 571 694 616 sunt.
729 558 864 616 Nam
902 560 1031 631 quia
1075 560 1261 616 acrius
1299 574 1395 616 eos
1442 561 1867 633 perstrinxerat,
1916 575 1984 617 ne
2027 560 2112 616 id-

544 650 694 707 circo
754 650 985 707 nimium
1039 649 1133 705 alii
1187 649 1567 717 eiicrrentur,
1617 648 1821 707 fastum
1865 653 2112 726 ipsorum

554 742 886 816 comprimit.
931 739 1135 797 Iudaeis
1154 740 1324 808 enim,
1361 740 1500 797 facta
1518 741 1769 813 patribus
1798 741 2114 814 promissio-

544 851 635 911 ne,
661 848 923 892 concessa
958 833 1097 890 dona
1116 834 1389 901 ostendit;
1423 833 1683 904 gentibus
1713 848 1844 890 vero
1869 830 1988 888 sola
2010 832 2114 889 mi-

544 926 846 985 sericordia
872 934 932 983 et
959 926 1329 983 humanitate.
1375 925 1554 983 Porro
1598 925 1864 983 honorare
1918 923 2114 991 Deum,

544 1021 685 1076 idem
722 1025 811 1076 est
844 1033 911 1075 ac
947 1018 1235 1091 conjungi,
1269 1018 1443 1084 uniri,
1490 1017 1825 1074 unanimiter
1869 1016 2114 1083 laudare,

546 1112 902 1169 inﬁrmiorem
937 1110 1102 1178 ferre,
1142 1113 1376 1167 fractum
1423 1110 1731 1169 membrum
1782 1124 1895 1167 non
1938 1108 2116 1181 negli-

553 1221 702 1277 gere.
740 1204 1012 1273 Quocirca
1042 1204 1321 1277 complura
1350 1204 1504 1260 addit
1542 1202 1880 1269 testimonia,
1910 1202 2115 1275 quibus

532 1298 867 1371 comprobet
896 1304 1150 1368 oportere
1191 1296 1317 1352 illos
1342 1296 1439 1368 qui
1472 1311 1542 1352 ex
1581 1295 1789 1351 Iudaeis
1819 1302 1952 1351 sunt
1983 1308 2113 1350 cum

541 1387 840 1459 gentilibus
868 1386 1137 1460 copulari.
1167 1385 1380 1443 Cuncta
1425 1395 1608 1442 autem
1644 1383 1960 1440 testimonia
1995 1382 2116 1440 haec

541 1477 790 1546 adducit,
829 1487 888 1535 ut
925 1487 1040 1535 tum
1085 1480 1238 1535 illum
1291 1478 1385 1551 qui
1430 1493 1497 1533 ex
1546 1473 1753 1534 Iuda-is
1793 1475 2111 1541 crediderit,

540 1581 858 1646 compescat
898 1586 971 1627 ne
1014 1571 1322 1643 superbiat,
1354 1568 1575 1641 quando
1608 1568 1893 1642 prophetae
1920 1581 2114 1623 omnes

524 1660 764 1732 .eosqui
816 1676 883 1718 es
927 1659 1186 1732 gentibus
1225 1668 1356 1717 sunt
1402 1657 1707 1727 advocent;
1758 1668 1886 1714 tum
1926 1654 2113 1729 gentili

537 1752 773 1810 suadeat
810 1750 1059 1810 modeste
1100 1766 1285 1824 agere,
1314 1751 1616 1809 ostendens
1665 1749 1849 1823 ipsum
1906 1748 2111 1821 majori

540 1861 664 1904 esse
693 1844 867 1919 gratia
889 1842 1213 1918 obligatum.

613 1936 783 1995 ναις.
817 1938 905 1994 ιι.
944 1954 967 1991 ι
1011 1936 1214 1993 Certus
1260 1950 1386 1993 sum
1436 1942 1621 1993 autem
1649 1975 1665 2003 ,
1723 1933 1925 1992 fratres
1974 1932 2106 1999 mei,

530 2041 595 2087 ει
643 2044 747 2101 ego
809 2029 881 2085 de
929 2027 1107 2096 vobis,
1159 2028 1422 2101 quoniam
1478 2035 1537 2087 et
1596 2027 1702 2099 ipsi
1772 2024 1919 2099 pleni
1972 2025 2108 2083 estis

540 2122 805 2179 bonitate.
846 2138 870 2176 ι

611 2213 667 2270 ω
698 2222 805 2281 est,
832 2226 932 2285 ego
955 2213 1075 2283 ipse
1102 2210 1199 2284 qui
1232 2209 1458 2282 increpo
1487 2217 1544 2266 et
1564 2224 1759 2281 arguo.
1790 2235 1863 2251 -—
1887 2207 1970 2265 Ita
2014 2223 2108 2264 ro-

539 2314 627 2363 cat
653 2306 911 2363 virtutem
944 2304 1061 2362 suis
1085 2303 1334 2361 numeris
1361 2304 1662 2375 integram.

612 2418 634 2452 ‹
664 2400 872 2473 iiepleti
895 2399 1043 2456 omni
1066 2396 1321 2465 scientia,
1346 2394 1424 2451 ita
1444 2401 1506 2452 ut
1527 2391 1759 2467 possitis
1779 2392 2108 2450 alterutrum

541 2507 785 2549 monere.
825 2509 846 2546 ε

516 2606 519 2607 ν
599 2584 879 2652 .Quonlam
931 2582 1103 2654 aliqui
1162 2588 1331 2648 sunt,
1373 2578 1624 2638 benevoli
1678 2577 1939 2652 quidem,
1984 2567 2111 2650 quo

538 2685 697 2749 pacto
731 2683 914 2733 autem
951 2675 1155 2747 optima
1184 2689 1246 2731 re
1275 2672 1352 2729 sit
1375 2671 1643 2729 utendum
1668 2669 2007 2728 nescientes.

615 2762 777 2821 Vens.
824 2763 911 2833 l5,
967 2763 1061 2821 l6.
1107 2780 1129 2816 ι
1163 2760 1445 2838 Audacius
1482 2773 1666 2817 autem
1697 2759 1896 2830 scripsi
1931 2758 2108 2826 vobis,

539 2859 780 2925 fratres,
830 2872 900 2913 es
960 2861 1150 2929 parte,
1212 2864 1478 2927 tanquam
1523 2853 1581 2910 in
1638 2852 1965 2910 memoriam
2006 2864 2110 2909 vos

537 2951 810 3009 reducens
858 2958 1084 3021 propter
1126 2945 1385 3021 gratiam,
1426 2959 1551 3019 qua
1604 2944 1733 3000 data
1777 2950 1867 3001 est
1911 2943 2048 3000 mihi
2075 2959 2111 3001 a

538 3043 671 3109 Deo,
718 3051 777 3097 ut
831 3042 934 3098 sim
982 3039 1237 3097 minister
1279 3037 1490 3096 Christi
1527 3035 1664 3093 Jesu
1716 3035 1773 3092 in
1830 3034 2111 3107 gentibus,

537 3145 728 3193 sancte
748 3134 1139 3191 administrans
1160 3130 1513 3202 Evangelium
1536 3127 1655 3185 Dei.
1694 3145 1717 3182 ι

606 3228 808 3285 lterum
828 3226 898 3284 de
919 3225 1090 3282 animi
1111 3223 1442 3281 demissione
1463 3222 1732 3294 loquitur.
1762 3217 1878 3278 Bac
1902 3220 2106 3293 quippe

537 3322 648 3378 illis
683 3321 739 3376 in
775 3319 966 3392 primis
991 3315 1369 3375 necessarium
1396 3321 1540 3372 erat.

605 3412 717 3485 56
759 3429 779 3463 ι
809 3408 882 3467 Ut
910 3410 1005 3465 ﬁat
1046 3407 1254 3465 oblatio
1291 3407 1540 3480 gentium
1573 3413 1823 3479 accepta.
1853 3401 2106 3461 sanctiﬁ-

535 3514 656 3562 cata
679 3506 737 3560 in
773 3503 983 3576 Spiritu
1020 3510 1235 3558 sancto.
1269 3519 1290 3554 ε

571 3595 720 3667 ,Ποο
750 3605 861 3661 est,
894 3603 956 3650 ut
991 3596 1187 3651 animae
1214 3608 1405 3651 eorum
1440 3605 1583 3665 quos
1606 3590 1825 3659 erudio,
1862 3597 2106 3661 acceptae

536 3692 669 3746 sint.
718 3687 838 3745 Non
887 3687 1034 3744 enim
1085 3701 1336 3758 eousque
1383 3684 1531 3743 Deus
1577 3700 1666 3741 me
1716 3682 1992 3755 provexit,
2043 3689 2107 3737 ut

537 3785 862 3846 liouoraret,
892 3787 1163 3853 quantum
1192 3786 1253 3833 ut
1285 3777 1453 3834 vestri
1490 3788 1683 3832 curam
1714 3782 1955 3847 gereret.
1986 3771 2104 3831 Cte-

535 3885 712 3930 terum
759 3871 1037 3944 quomodo
1079 3869 1286 3927 oblatio
1337 3876 1568 3940 accepta
1634 3866 1707 3923 sit
1760 3867 1817 3923 in
1884 3864 2097 3937 Spiritu

533 3975 754 4031 sancto,
784 3965 894 4022 nisi
926 3962 1152 4034 quando
1181 3969 1378 4035 praeter
1415 3960 1575 4017 ﬁdem
1622 3957 1935 4029 spiritualis
1959 3973 2101 4030 quo-

532 4074 640 4129 que
667 4058 794 4112 vitae
820 4055 1087 4113 rationem
1110 4053 1517 4127 persequimur,
1543 4050 1621 4106 uti
1649 4064 1978 4107 concessum
2000 4064 2105 4107 no-

534 4153 619 4207 bis
648 4150 919 4223 Spiritum
957 4156 1262 4204 teneamus.

600 4241 771 4298 Vsus.
798 4241 885 4297 17.
923 4260 944 4293 ε
984 4238 1173 4295 Habeo
1199 4237 1365 4311 igitur
1386 4234 1618 4306 gloriam
1646 4234 1703 4290 in
1726 4232 1948 4291 Christo
1968 4231 2100 4290 Jesu

532 4337 599 4394 ad
625 4335 819 4392 Deum.
856 4351 877 4387 ι

600 4426 743 4495 Quia
791 4422 946 4479 valde
974 4419 1219 4493 seipsum
1249 4416 1495 4483 demisit,
1519 4428 1832 4472 sermonem
1869 4428 2093 4470 rursum

2216 566 2295 639 μὴ
2327 565 2549 630 τούτους
2573 565 2751 638 ἐπάρῃ
2812 564 2996 629 τοῦτο,
3045 563 3403 620 καταστέλλει
3450 562 3634 620 αὐτῶν
3685 562 3787 636 τὴν

2214 657 2496 715 ἀπόνοιαν.
2536 656 2800 722 Ἐκείνοις
2829 656 2930 731 μὲν
2959 655 3146 729 γὰρὲξ
3177 653 3508 725 ἑπαγγελίας
3535 654 3789 726 πατέρων

2211 749 2452 806 δείκνυσι
2505 749 2758 822 διδόμενα
2811 749 2883 804 τὰ
2930 748 3143 821 ἀγαθὼ
3187 750 3303 814 τοῖς
3342 749 3401 804 δὲ
3433 747 3495 814 ἐξ
3519 745 3694 803 ιθνῶν
3727 746 3789 812 ἐξ

2214 841 2366 897 ιλέου
2394 841 2489 896 καὶ
2519 839 2926 913 φιλανθρωπίας
2952 838 3142 912 μόνης.
3174 839 3247 895 Τὸ
3273 838 3354 905 δὲ,
3393 837 3663 904 δοξάζειν
3683 837 3791 891 τὸν

2217 934 2387 1001 Θεὸν,
2416 933 2577 989 τοῦτὸ
2600 935 2739 998 ἐστι,
2774 932 2837 988 τδ
2877 931 3172 1005 συνῆφθαι,
3195 929 3260 987 τὸ
3284 928 3549 1005 ἡνῶσθαι,
3578 930 3642 985 τδ
3664 931 3788 1001 6pc—

2215 1024 2454 1097 θυμαδδν
2484 1024 2778 1098 εὐφημεῖν,
2810 1024 2875 1079 τδ
2906 1023 3200 1097 βαστάζειν
3228 1022 3321 1079 τὸν
3374 1021 3786 1096 ἀσθενέστερον,

2212 1119 2276 1173 τὸ
2304 1118 2381 1191 μὴ
2427 1118 2689 1190 περιορᾷν
2741 1114 3232 1190 ἀπορρηγνύμενον
3263 1116 3325 1170 τὸ
3354 1114 3538 1187 μέλος.
3573 1112 3667 1169 Διδ
3690 1112 3787 1168 καὶ

2217 1207 2526 1283 μαρτυρίας
2577 1206 2774 1275 ἐπάγει
2812 1205 3039 1271 πολλὰς,
3068 1204 3137 1259 δι’
3159 1197 3236 1260 ὧν
3288 1203 3562 1259 δείκνυσιν
3588 1201 3672 1259 ὅτι
3706 1202 3790 1256 δεῖ

2216 1299 2488 1373 συνῆφθαι
2545 1298 2674 1362 τοὺς
2706 1297 2767 1364 ἐξ
2801 1286 3082 1353 Ἰουδαίων
3109 1298 3224 1361 τοῖς
3251 1294 3313 1363 ἐξ
3348 1294 3537 1349 ἒθνῶν.
3568 1291 3787 1357 Ταύτας

2212 1391 2269 1448 δὲ
2298 1391 2478 1457 πάσας
2500 1388 2741 1462 παράγει
2769 1389 2870 1453 τὰς
2915 1388 3248 1462 μαρτυρίας,
3285 1384 3426 1459 ὁμοῦ
3473 1387 3573 1441 καὶ
3605 1386 3700 1441 τδν
3726 1384 3788 1451 ἐξ

2224 1482 2493 1542 Ἰουδαίων
2518 1479 2918 1545 καταστέλλων.
2948 1479 3038 1537 ἶνα
3056 1479 3136 1552 μὴ
3172 1479 3481 1552 επαίρηται,
3510 1478 3621 1533 τῶν
3647 1493 3785 1548 προσ

2212 1576 2403 1651 φητῶν
2452 1575 2672 1630 πάντων
2714 1573 3025 1633 καλούντων
3066 1572 3287 1639 αὐτοὺς,
3335 1572 3465 1636 τοὺς
3510 1570 3573 1639 se
3611 1569 3787 1626 ιθνῶν

2212 1685 2381 1744 φημι,
2403 1667 2498 1723 καὶ
2516 1666 2610 1722 τδν
2638 1664 2699 1733 ἐξ
2731 1665 2902 1720 ιθνῶν
2931 1665 3097 1739 πείσῃ
3124 1662 3455 1738 μετριάζειν,
3485 1660 3582 1717 τοῦ
3613 1661 3784 1729 δεῖξαι

2212 1757 2456 1825 πλείονος
2475 1754 2779 1813 ὑπεύθυνον
2807 1755 2940 1814 ὅντα
2966 1756 3214 1831 χάριτος.

2283 1957 2306 1993 ι
2339 1939 2650 2011 Πέπεισμαι
2676 1934 2757 2006 δὲ,
2795 1933 3016 2009 ἀδελφοί
3047 1950 3175 2008 μου,
3202 1932 3299 1990 καὶ
3326 1931 3491 1998 αὐτὸς
3513 1931 3624 2002 ἐγὼ
3649 1928 3783 2001 περὶ

2209 2031 2384 2105 ὐμῶν,
2418 2031 2501 2086 ὅτι
2520 2032 2616 2086 καὶ
2637 2029 2792 2086 αὐτοὶ
2815 2027 3009 2103 μεστοί
3040 2028 3165 2083 ἐστε
3194 2024 3577 2099 ἀγαθωσύνης.
3613 2043 3635 2078 ι

2276 2206 2593 2274 Τοοτέστιν,
2625 2204 2961 2279 δὲπιτιμῶν
2997 2204 3097 2261 καὶ
3126 2203 3396 2275 ὶγκαλῶν.
3429 2230 3501 2245 --
3522 2202 3636 2275 Τὴν
3656 2201 3783 2258 6M-

2208 2302 2412 2375 κληρον
2438 2301 2648 2375 ἀρετὴν
2669 2298 2815 2355 οὕτω
2838 2297 3017 2354 καλεῖ.

2282 2413 2304 2449 ι
2339 2392 2773 2467 Πεπληρωμένοι
2804 2392 2987 2465 πάσης
3014 2388 3117 2461 τῆς
3160 2388 3452 2460 γνώσεως,
3488 2387 3782 2461 δυνάμενοι

2206 2486 2307 2542 καὶ
2335 2485 2602 2558 ἀλλήλους
2632 2484 2929 2540 νουθετεῖν.
2969 2500 2993 2536 ε

2293 2576 2511 2650 Ἐπειδὴ
2534 2576 2641 2630 εἰσί
2667 2591 2813 2640 τινες
2845 2572 3196 2647 φιλόστοργοι
3216 2569 3342 2646 μὶν,
3369 2571 3470 2627 οὐκ
3492 2568 3700 2634 ειδότες
3724 2568 3785 2627 δὲ

2208 2669 2288 2745 τῷ
2325 2668 2611 2745 πράγματι
2633 2667 2946 2741 χρησασθαι
2969 2666 3142 2739 καλῷ.

2286 2782 2306 2818 ι
2347 2761 2773 2836 Τολμηρότερον
2817 2759 2876 2814 δὲ
2928 2758 3143 2833 ἔγραψα
3193 2756 3348 2832 δμῖν,
3395 2754 3640 2827 ἀδελφοὶ,
3673 2753 3787 2809 ἀπὸ

2212 2855 2438 2931 μέρους.
2499 2853 2577 2919 ῶς
2630 2850 3141 2925 ἐπαναμιμνήσκων
3169 2850 3316 2923 ὑμᾶς
3355 2849 3447 2903 διὰ
3484 2847 3586 2918 τὴν
3619 2848 3785 2921 χάριν

2208 2948 2310 3022 τὴν
2331 2943 2580 3004 δοθεῖσάν
2605 2960 2700 3019 μοι
2733 2942 2843 3001 άπδ
2893 2940 2990 2999 τοῦ
3021 2941 3159 2997 Θεοῦ
3191 2944 3273 3007 εις
3312 2933 3377 2997 τὸ
3403 2935 3544 2996 εἶναί
3569 2955 3640 3012 με
3669 2938 3786 2994 λεια

2208 3039 2442 3114 τουργδν
2465 3038 2706 3111 Χριστοῦ
2744 3035 2921 3110 Ἰησοῦ
2981 3035 3062 3100 είς
3089 3034 3160 3091 τὰ
3206 3033 3357 3107 ἔθνη,
3392 3030 3786 3107 ἱερουργοῦντα

2209 3133 2271 3190 τὸ
2297 3130 2632 3203 Εὐαγγέλιον
2659 3128 2756 3186 τοῦ
2776 3130 2935 3184 Θεοῦ.
2968 3146 2989 3185 s

2279 3224 2450 3283 Πάλιν
2474 3223 2547 3279 τὰ
2570 3222 2671 3294 τῆς
2694 3220 3196 3297 ταπεινοφροσύνης
3219 3218 3385 3293 φησίν
3410 3233 3427 3253 ⁸
3459 3217 3652 3274 τούτου
3671 3216 3783 3290 γὰρ

2206 3316 2446 3389 μάλιστα
2474 3314 2587 3372 ἔδει
2609 3317 2817 3382 αὐτοῖς.

2281 3427 2304 3463 ε
2339 3409 2460 3465 Ἵνα
2483 3409 2709 3481 γίνηται
2762 3406 2799 3479 η
2851 3404 3139 3479 προσφορά
3175 3403 3284 3458 τῶν
3330 3400 3504 3459 ιθνῶν
3545 3400 3783 3475 εὐπρόσ-

2202 3503 2420 3570 δεκτος,
2448 3498 2765 3574 ἡγιασμένη
2790 3499 2850 3556 ὲν
2887 3497 3171 3571 Πνεύματι
3192 3495 3353 3569 ἁγίῳ.
3383 3514 3407 3550 ι

2274 3593 2567 3651 Τουτέστιν
2587 3632 2607 3662 ,
2668 3593 2726 3648 al
2781 3591 2956 3666 ψυχαὶ
3025 3590 3137 3648 τῶν
3192 3588 3597 3663 διδασκομένων
3618 3628 3635 3656 ,
3690 3589 3782 3644 ἴνα

2202 3687 2489 3761 δεχθῶσιν.
2521 3686 2597 3742 οὐ
2629 3687 2739 3759 γὰρ
2767 3687 2868 3758 ἐμὲ
2915 3683 3175 3740 τοσοῦτον
3210 3683 3394 3755 τιμῶν
3426 3684 3458 3741 ὁ
3510 3681 3665 3749 Θεὸς,
3700 3685 3781 3746 εἰς

2200 3780 2362 3839 τοῦτο
2383 3783 2614 3854 ἢγαγεν,
2642 3781 2767 3835 ὅσον
2801 3777 2956 3850 ὑμῶν
2986 3778 3305 3850 κηδόμενος.
3330 3775 3455 3842 Πῶς
3481 3776 3537 3831 δὲ
3566 3778 3781 3845 γένοιτο

2203 3874 2601 3945 εὐπρόσδεκτος
2633 3873 2694 3926 ὲν
2735 3870 3018 3943 Πνεύματι
3051 3868 3216 3943 ἁγίῳ,
3263 3866 3380 3923 ἀλλ’
3411 3866 3445 3940 ἦ
3485 3866 3617 3922 ὅταν
3641 3868 3778 3939 ἡμῖν

2201 3965 2342 4037 πρὸς
2375 3967 2444 4038 τῇ
2493 3964 2678 4019 πίστει
2729 3962 2829 4017 καὶ
2880 3958 3125 4015 πολιτεία
3186 3958 3555 4033 προσγένηται
3606 3976 3775 4013 πνευο

2202 4060 2409 4129 rta-cuti)
2438 4096 2455 4123 ,
2526 4054 2616 4111 ῐνα
2668 4054 2993 4127 κατέχωμεν
3060 4052 3124 4109 τὸ
3193 4051 3420 4125 Πνεῦμα
3506 4050 3570 4108 τδ
3613 4049 3774 4108 δοθὲν

2201 4153 2334 4224 ἡμῖν
2356 4169 2371 4217 ;

2273 4263 2297 4299 ε
2332 4244 2481 4315 Ἐχω
2510 4236 2605 4300 οὖν
2627 4241 2896 4313 καύχησιν
2939 4238 3000 4296 ἐν
3033 4239 3254 4316 Χριστῷ
3293 4237 3471 4313 Ἰησοῦ
3508 4238 3648 4313 πρὸς
3679 4239 3773 4297 τὸν

2196 4336 2354 4393 Θεόν.
2394 4354 2416 4391 ε

2286 4428 2505 4503 Ἐπειδὴ
2527 4428 2729 4502 σφόδρα
2757 4426 2949 4483 ἑαυτὸν
2976 4425 3365 4493 ἐταπείνωσεν,
3414 4424 3582 4480 πάλιν
3611 4424 3773 4479 ἐπαί-

532 4517 736 4575 attollit
770 4533 785 4571 :
818 4512 967 4587 quod
996 4512 1237 4585 ipsorum
1270 4524 1439 4567 causa
1472 4506 1626 4574 facit,
1659 4522 1727 4564 ne
1760 4506 2088 4578 contempti-

2208 4540 2287 4595 ρει
2325 4521 2415 4577 τὸν
2438 4519 2598 4592 λόγον
2618 4537 2634 4555 ο
2671 4520 2768 4577 καὶ
2821 4517 2979 4574 τοῦτο
3004 4517 3147 4592 ὑπὲρ
3172 4516 3398 4575 ἐκείνων
3414 4516 3603 4586 ποιῶν,
3628 4516 3773 4573 ὥστε

520 4610 659 4668 bilis
682 4622 807 4665 esse
834 4605 1111 4662 videatur.

605 4705 767 4761 Vsus.
802 4702 887 4769 18,
926 4701 1015 4757 i9.
1056 4717 1077 4752 ι
1110 4696 1227 4753 Non
1274 4696 1420 4754 enim
1461 4695 1642 4753 audeo
1687 4692 1899 4766 aliquid
1942 4691 2100 4764 loqui

521 4813 742 4863 eorum,
779 4809 902 4866 qua:
934 4808 1035 4864 per
1068 4806 1152 4846 me
1184 4805 1296 4845 non
1332 4786 1521 4845 eﬂ'ecit
1567 4786 1824 4844 Christus
1870 4785 1927 4843 in
1963 4785 2098 4842 obe-

532 4891 743 4948 dientia
801 4886 1049 4958 gentium
1108 4882 1277 4939 verbo
1322 4889 1381 4937 et
1431 4878 1633 4949 factis;
1667 4878 1724 4933 in
1758 4876 1966 4933 virtute
2017 4875 2099 4932 si-

531 4997 765 5055 gnorum
830 4987 886 5036 et
949 4975 1375 5050 prodigiorum,
1442 4974 1499 5029 in
1578 4972 1784 5028 virtute
1856 4968 2099 5041 Spiritus

534 5077 650 5135 Dei.
716 5094 738 5130 ι

600 5168 789 5240 Neque
838 5163 986 5222 enim
1041 5162 1225 5219 dicere
1285 5159 1580 5234 quisquam
1642 5156 1838 5229 possit,
1896 5153 2096 5225 inquit,

532 5278 740 5320 meram
794 5256 1223 5316 ostentationem
1270 5269 1394 5310 esse
1441 5252 1609 5307 verba
1662 5264 1807 5306 mea.
1864 5246 2097 5305 Possum

532 5355 735 5413 etenim
766 5348 1134 5407 ordinationis
1165 5361 1301 5403 mea:
1332 5346 1490 5416 signa
1518 5350 1850 5399 monstrare.

694 5444 771 5499 ita
825 5451 885 5497 ut
940 5442 1011 5496 ab
1060 5439 1365 5495 Jerusalem
1427 5449 1525 5505 per
1570 5434 1889 5511 circuitum,
1922 5445 2100 5502 usque

533 5542 599 5596 ad
654 5537 929 5611 Illyricum
1019 5531 1346 5604 rcpleverim
1425 5527 1785 5601 Evangelium
1867 5524 2097 5585 Christi.

524 5633 725 5706 .lens.
781 5627 898 5701 20].
954 5625 1195 5683 Ambitio
1246 5632 1430 5680 autem
1471 5636 1594 5678 mea
1629 5620 1731 5676 fuit
1764 5628 1827 5675 ut
1862 5634 2101 5692 evange-

534 5729 778 5785 lizarem.
824 5743 845 5779 ι

605 5816 875 5874 Recenset
900 5821 1020 5869 tum
1068 5812 1345 5878 civitates,
1372 5820 1487 5866 tum
1526 5808 1798 5881 regiones,
1838 5822 1947 5863 non
1998 5821 2093 5864 eas

2204 4615 2281 4687 μὴ
2306 4613 2433 4686 δόξῃ
2455 4612 2939 4683 εὐκαταφρόνητος
2961 4609 3125 4667 είναι.

2275 4726 2294 4761 ι
2329 4709 2402 4762 Οὐ
2431 4707 2541 4781 γὰρ
2562 4707 2818 4779 τολμήσω
2849 4724 2902 4762 τι
2944 4706 3129 4762 λαλεῖν
3165 4700 3243 4761 ὧν
3273 4706 3337 4761 οὐ
3368 4705 3775 4777 κατειργάσατο

2199 4801 2435 4874 Χριστος
2462 4799 2530 4855 δι’
2561 4799 2698 4873 ἐμοῦ
2720 4801 2796 4864 είς.
2829 4799 3076 4870 ὑπακοὴν
3104 4798 3279 4855 ἐθνῶν
3298 4798 3443 4872 λόγῳ
3468 4800 3568 4855 καὶ
3598 4799 3771 4872 ῑργῳ,

2198 4897 2257 4952 ἑν
2283 4895 2512 4965 δυνάμει
2546 4893 2789 4966 σημείων
2818 4892 2911 4947 καὶ
2942 4890 3210 4964 τεράτων,
3242 4889 3302 4947 ιν
3322 4889 3558 4964 δυνάμει
3591 4891 3772 4947 [ivsti-

2200 5005 2372 5064 ματος
2405 4986 2561 5043 Θεοῦ.

2270 5164 2437 5221 Οὐδὲν
2462 5165 2572 5238 γὰρ
2603 5163 2669 5219 ἂν
2696 5161 2809 5236 ἔχοι
2870 5180 2957 5229 τις
2987 5165 3186 5230 εἰπεῖν,
3225 5167 3415 5239 φησὶν,
3447 5167 3532 5222 ὅτι
3555 5165 3772 5238 κόμπος

2202 5273 2307 5329 μου
2338 5256 2405 5312 τὰ
2431 5258 2677 5329 ῥήματα.
2712 5256 2827 5327 Τῆς
2850 5256 2960 5330 γὰρ
3013 5257 3350 5329 χειροτονίας
3396 5274 3499 5331 μου
3534 5256 3643 5329 ἔχω
3665 5258 3780 5313 δετ-

2200 5346 2287 5416 Eat
2314 5348 2385 5405 τὰ
2411 5350 2712 5423 τεκμήρια.

2273 5458 2293 5494 ι
2326 5441 2488 5494 ’Ὥστε
2521 5456 2589 5513 με
2618 5441 2729 5498 ἀπὸ
2744 5439 3101 5514 Ἰερουσαλὴμ
3128 5441 3224 5497 καὶ
3252 5440 3438 5515 κύκλῳ
3470 5440 3636 5515 μέχρι
3670 5443 3767 5500 τοῦ

2209 5533 2506 5605 Ἰλλυρικοῦ
2565 5532 2991 5605 πεπληρωκέναι
3026 5535 3089 5588 τὸ
3144 5533 3477 5604 Εὐαγγέλιον
3499 5535 3595 5589 τοῦ
3631 5537 3741 5607 Χρι

2197 5624 2354 5681 στοῦ·
2386 5625 2561 5693 οὕτως
2603 5626 2665 5682 δὲ
2728 5620 3183 5698 φιλοτιμούμενον
3224 5625 3698 5698 εὐαγγελίζεσθαι.
3736 5646 3760 5680 ε

2280 5805 2530 5882 Ἀριθμεῐ
2553 5808 2645 5864 καὶ
2680 5806 2860 5873 πόλεις
2893 5810 2985 5864 καὶ
3025 5806 3231 5881 χώρας,
3263 5808 3324 5864 οὐ
3354 5807 3451 5874 τὰς
3490 5805 3595 5863 ΰπδ
3628 5808 3763 5863 Ῥωο
