4038 6284
517 312 624 378 583

1703 306 1766 370 S.
1795 306 2115 369 JOANNIS
2150 307 2586 371 DAMASCENI

3677 301 3789 370 584

519 421 793 494 patrabat.
826 417 1031 490 Ecquis
1061 418 1209 477 enim
1284 432 1393 475 non
1432 421 1767 491 suscepisset
1794 461 1809 485 ,
1860 417 2102 475 videndo

2223 437 2319 485 τος.
2351 422 2449 486 Τίς
2476 421 2587 492 γὰρ
2625 418 2768 490 όρῶν
2802 420 3029 494 νεκροὺς
3063 420 3479 494 ἀνισταμένους,
3529 420 3625 476 καὶ
3670 419 3792 475 δαί-

520 524 811 588 surgentes
868 527 1160 579 niortuos.
1216 518 1272 569 et
1337 512 1617 569 daemones
1673 526 1709 568 ο
1773 510 2101 583 corporibus

518 607 769 678 fugatos?

588 698 759 755 Vens.
789 699 844 754 5.
882 716 901 752 ι
935 696 1008 753 Ut
1038 696 1171 753 lides
1198 703 1379 753 vestra
1434 711 1545 752 non
1600 694 1677 751 sit
1722 694 1778 750 in
1830 694 2104 765 sapientia

516 792 830 857 hominum,
859 789 957 846 sed
991 789 1047 844 in
1080 791 1289 845 virtute
1314 787 1434 844 Dei.
1476 806 1495 842 ι

590 881 883 938 Manileste
917 882 1125 951 passim
1160 886 1217 935 et
1248 895 1347 951 per
1387 876 1574 933 omnia
1608 876 1887 948 probavit,
1925 889 2107 947 quan-

519 984 634 1029 tum
667 988 735 1029 ex
789 972 1149 1044 simplicitate
1202 971 1421 1026 lucrum
1460 970 1769 1032 accederet.
1827 980 1880 1025 et
1925 983 2104 1040 quan-

520 1075 632 1120 tum
689 1063 1009 1120 detrimenti
1081 1062 1356 1134 sapientia
1427 1068 1670 1133 pareret.
1752 1059 1880 1116 llaec
1950 1062 2103 1117 enim

2205 532 2374 586 μονας
2404 515 2821 588 ἐλαυνομένους,
2844 516 2946 571 οὐκ
2974 515 3042 572 ἂν
3069 517 3431 585 κατεδέξατος

2280 708 2300 741 ι
2337 692 2459 745 Ἵνα
2508 691 2544 764 ἠ
2576 689 2760 755 πίστις
2805 688 2962 764 ὑμῶν
3013 688 3091 764 μὴ
3118 684 3233 768 ᾖεν
3263 689 3425 764 σοφίᾳ
3454 688 3788 764 ἀνθρώπων.

2201 782 2325 839 ἀλλ’
2351 785 2409 838 ὲν
2438 783 2669 855 δυνάμει
2691 782 2852 839 Θεοῦ.
2891 801 2917 838 s

2274 876 2471 946 Σαφῶς
2505 875 2594 931 διά
2626 877 2847 933 πάντων
2873 876 3157 945 ἀπέδειξεν
3197 875 3335 931 πολὺ
3380 877 3481 949 τῆς
3516 876 3795 942 ίδιωτείας

2203 969 2266 1025 τὸ
2314 970 2528 1043 κέρδος,
2558 972 2653 1025 καὶ
2690 971 2836 1043 μέγα
2876 970 2979 1044 τῆς
3024 970 3219 1042 σοφίας
3257 972 3321 1024 τὸ
3379 969 3597 1042 βλάὅος.
3629 966 3789 1040 Δῦτη

2208 1061 2307 1133 μὲν
2330 1063 2439 1136 γὰρ
2469 1062 2656 1118 έκένου
2697 1062 2789 1117 τὸν
2825 1063 3095 1137 σταυρόνο
3122 1063 3262 1122 Ἵνα
3288 1062 3374 1134 μὴ
3406 1061 3637 1133 κενωθῇ
3674 1062 3794 1137 γὰρ

518 1153 725 1212 Christi
759 1166 983 1211 crUcem
1041 1154 1349 1211 evacuabat
1381 1154 1553 1225 (unde
1587 1153 1722 1208 dicit
1755 1170 1769 1208 :
1810 1172 1828 1205 ι
1870 1150 1940 1209 Ut
1992 1168 2105 1211 non

2223 1154 2528 1225 latavpoc
2574 1156 2683 1212 τοῦ
2725 1155 3016 1226 Χρωτοῦο
3046 1154 3231 1229 εκείνη
3269 1156 3325 1211 δὲ
3361 1156 3660 1231 ἐκήρυττεν
3688 1153 3792 1211 τοῦ

519 1256 821 1305 evacuetur
848 1262 985 1303 crux
1008 1245 1217 1304 Christi
1244 1250 1317 1318 ι),
1342 1244 1434 1303 illa
1454 1260 1587 1302 vero
1614 1245 1873 1301 virtutem
1894 1243 2105 1302 Christi

2223 1248 2444 1321 τταυροῦ
2477 1251 2577 1323 τὴν
2615 1247 2866 1321 δύναμιν.

520 1338 757 1415 ormdicp
768 1339 876 1394 bat.

590 1432 761 1487 Vens.
801 1432 853 1487 6.
896 1449 917 1483 ι
955 1430 1300 1504 Sapientiam
1362 1437 1549 1487 autem
1615 1426 1905 1499 loquimur
1955 1426 2107 1486 inter

520 1524 829 1596 perfectos.
869 1542 890 1577 ι

590 1614 731 1673 Cum
790 1615 1121 1687 sapientiam
1178 1614 1271 1673 Dci
1303 1654 1318 1683 ,
1377 1615 1670 1672 stultitiam
1721 1630 1788 1672 ex
1841 1612 2108 1688 opinione

520 1708 744 1766 illorum
776 1707 930 1780 prius
960 1707 1280 1779 appellarit,
1326 1707 1573 1763 ostendit
1620 1707 1786 1762 modo
1828 1706 1976 1762 hanc
2009 1719 2108 1761 ve-

2283 1447 2304 1482 ι
2340 1428 2543 1502 Σοφίαν
2571 1429 2630 1486 δὲ
2666 1427 2943 1503 λαλοῦμεν
2972 1429 3032 1485 εν
3073 1432 3187 1494 τοῖς
3219 1429 3466 1495 τελείοις.

2280 1613 2556 1687 Πρότερον
2591 1610 2829 1677 καλέσας
2875 1614 3110 1683 μωρίαν
3154 1611 3254 1685 τὴν
3286 1612 3382 1668 τοῦ
3423 1613 3560 1670 Θεοῦ
3594 1613 3795 1683 σοφίαν

2208 1704 2353 1760 κατὰ
2382 1704 2481 1777 τὴν
2524 1704 2750 1759 ἐκείνων
2774 1705 2956 1776 ψῆφον
2980 1744 2996 1771 ,
3024 1704 3146 1761 τότε
3194 1702 3469 1761 δείκνυσιν
3503 1705 3673 1779 αὐτὴν
3701 1723 3793 1763 σο-

521 1816 644 1857 ram
675 1816 798 1859 esse
829 1802 1181 1872 sapientiam.
1203 1799 1440 1869 Quando
1475 1801 1623 1857 enim
1656 1799 1748 1855 ille
1778 1799 1873 1872 qui
1901 1797 2105 1855 stultus

2223 1796 2337 1868 ρίαν
2384 1796 2574 1853 οῦσαν.
2611 1796 2784 1852 Ὅταν
2827 1797 2937 1872 γὰρ
2982 1798 3011 1851 ό
3062 1797 3422 1870 νομιζόμενος
3469 1797 3657 1868 μωρὸς
3693 1801 3787 1855 καὶ

520 1901 775 1965 putatur,
827 1905 882 1950 et
934 1892 1107 1949 stulta
1153 1893 1489 1965 pradicare,
1517 1893 1825 1964 sapientem
1875 1906 2109 1962 supera-

2212 1888 2372 1961 μωρά
2402 1886 2737 1961 κηρύγματα
2776 1888 2907 1951 τοὺς
2945 1887 3144 1960 σοφοὺς
3188 1890 3542 1961 περιγενηται
3564 1927 3583 1954 ,
3606 1887 3667 1942 οὔ
3701 1887 3796 1942 διὰ

520 1985 687 2053 verit,
715 2001 824 2042 non
857 2001 955 2057 per
984 1984 1279 2041 stultitiam
1326 1985 1659 2057 sapientiam
1690 1984 1840 2050 vicit,
1876 1984 1973 2039 sed
2010 1996 2105 2055 per

2223 1980 2427 2054 μωρίας
2454 1981 2646 2053 σοφίας
2680 1981 3045 2054 περιγίνεται,
3079 1981 3217 2039 ἀλλὰ
3238 1981 3327 2036 διὰ
3359 1980 3550 2052 σοφίας
3587 1981 3797 2037 τελειο-

522 2079 852 2151 sapientiam
883 2077 1274 2149 perlectiorem
1302 2119 1319 2147 ,
1352 2085 1685 2149 tantamque
1728 2085 1786 2134 et
1830 2091 1899 2133 eo
1931 2074 2105 2148 majo-

2223 2075 2392 2148 εέρας,
2422 2075 2520 2129 καὶ
2544 2074 2817 2149 τοσαύτης
2857 2076 2956 2133 καὶ
2991 2075 3139 2131 οὕτω
3176 2074 3442 2148 μείζονος,
3471 2073 3547 2140 ὡς
3571 2075 3798 2147 εκείνην

522 2188 665 2238 rem,
697 2180 759 2229 ut
806 2172 982 2229 altera
1017 2171 1135 2240 illa,
1182 2171 1445 2244 deinceps
1501 2169 1742 2229 stultitia
1788 2176 2105 2228 censeatur.

524 2264 857 2339 Sapientiam
911 2272 1101 2321 autem
1158 2264 1322 2333 dicit,
1383 2263 1859 2337 praedicationem,
1914 2270 1974 2319 et
2018 2277 2109 2320 sa-

523 2360 656 2416 lutis
691 2360 1083 2432 modum;quo
1116 2373 1314 2430 nempe
1357 2373 1456 2431 per
1502 2368 1731 2412 crucem
1778 2354 1921 2413 salvi
1973 2352 2105 2413 facti

2211 2166 2427 2239 μωρίαν
2452 2167 2766 2238 φαίνεσθαι.
2795 2168 3026 2238 Σοφίαν
3046 2167 3105 2223 δὲ
3128 2167 3278 2237 λέγει
3306 2168 3369 2222 τὺ
3394 2168 3664 2241 κήρυγμα
3688 2168 3798 2223 καὶ

2205 2258 2300 2315 τδν
2343 2258 2547 2334 τρόπον
2582 2259 2687 2332 τῆς
2715 2260 3012 2332 σωτηρίας,
3037 2258 3102 2314 τὸ
3127 2259 3217 2316 διὰ
3240 2259 3477 2331 σταυροῦ
3523 2258 3793 2332 σωθῆναι.

2212 2350 2491 2418 Τελείους
2521 2350 2577 2405 δι
2615 2349 2744 2415 τοὺς
2785 2350 3253 2416 πεπιστευκότας.
3287 2350 3402 2406 Καὶ
3434 2348 3546 2423 γὰρ
3587 2350 3795 2406 insitos

529 2451 762 2509 fuimus.
799 2450 1076 2523 Perfectus
1102 2464 1327 2524 quoque
1359 2457 1522 2506 vocat
1572 2448 1702 2504 illos
1728 2446 1823 2518 qui
1852 2446 2105 2504 credide-

2223 2440 2426 2508 τέλειοι,
2444 2442 2496 2495 oi
2528 2441 2599 2497 τὰ
2631 2439 2950 2515 ἀνθρώπινα
2972 2440 3195 2513 ειδότες,
3222 2442 3307 2499 ὅτι
3333 2443 3539 2517 σφόδρα
3562 2443 3791 2518 ἀσθενῆ,

521 2561 605 2601 re.
630 2543 871 2600 Perlecti
901 2544 1106 2617 quippe
1139 2551 1293 2609 sunt,
1326 2542 1443 2617 qui,
1490 2557 1618 2599 cum
1659 2540 1849 2597 norint
1875 2554 1964 2598 res
1999 2540 2105 2598 hu-

2223 2535 2307 2591 ιαὶ
2334 2535 2686 2609 ὑπεριδόντες
2712 2535 2916 2593 αὐτῶν.

523 2652 718 2694 manas
744 2635 994 2694 inilrmas
1021 2636 1323 2694 admodum
1352 2651 1500 2705 esse,
1525 2649 1622 2692 eas
1655 2630 2029 2707 parvilaeium
2050 2644 2106 2694 et

522 2740 920 2805 aspernantur.

593 2826 709 2899 67
747 2846 765 2879 ι
802 2823 1150 2897 Sapientiam
1191 2831 1373 2882 autem
1403 2840 1513 2881 non
1545 2824 1717 2898 hujus
1754 2827 1970 2899 saeculi,
2003 2843 2105 2885 ne-

522 2935 632 2992 que
658 2918 972 2990 principum
1002 2914 1174 2989 hujus
1204 2917 1394 2973 saeculi
1428 2918 1524 2989 qui
1554 2918 1949 2976 destruuntur.
1979 2937 2001 2973 ι

595 3011 742 3079 Quid
771 3012 922 3067 enim
968 3019 1239 3067 extranea
1273 3008 1554 3081 sapientia
1588 3011 1857 3068 utilitatis
1888 3010 2104 3079 all‘erat,

2281 2843 2302 2877 ι
2343 2822 2545 2893 Σοφίαν
2570 2822 2649 2888 δὲ,
2671 2823 2735 2878 οὐ
2782 2821 2879 2879 τοῦ
2923 2822 3126 2890 αίῶνος
3154 2823 3369 2894 τούτου,
3400 2824 3523 2880 οὐδὲ
3549 2823 3659 2881 τῶν
3689 2824 3798 2898 ἀρα

2204 2915 2410 2988 χόντων
2428 2914 2523 2970 τοῦ
2548 2914 2745 2981 αίῶνος
2770 2914 2961 2972 τούτου
2987 2916 3099 2972 τῶν
3125 2918 3615 2991 καταργουμένων.
3652 2936 3677 2971 s

2278 3005 2390 3063 Ποῦ
2430 3006 2528 3083 γὰρ
2554 3009 2826 3083 χρήσιμος
2866 3010 2902 3081 ἡ
2945 3008 3145 3076 ἔξωθεν
3185 3012 3368 3082 σοφία,
3408 3011 3647 3070 ἐνταῦθα
3686 3031 3797 3070 κα-

526 3116 649 3170 quae
691 3116 815 3156 cum
871 3116 960 3156 res
999 3099 1173 3171 hujus
1233 3099 1426 3156 mtmdi
1475 3100 1753 3157 duntaxat
1800 3112 2103 3175 expugnet,

2223 3100 2612 3177 ςαστρέφουσα,
2642 3104 2735 3159 καὶ
2764 3104 3076 3179 περαιτέρω
3108 3105 3186 3179 μὴ
3217 3105 3505 3180 προϊοῦσα,
3538 3105 3637 3162 καὶ
3668 3106 3795 3163 οὐδὲ

523 3209 627 3251 nec
685 3192 1081 3265 progrediatur
1128 3190 1390 3258 ulterius,
1452 3192 1593 3249 nihil
1664 3195 1934 3267 prodesse
1992 3195 2105 3253 illis

2223 3197 2442 3254 iuratio:
2473 3197 2552 3272 μὴ
2579 3198 2853 3272 δυναμένη
2877 3218 2931 3257 τι
2961 3204 3090 3269 τοὺς
3116 3202 3340 3275 ἔχοντας
3362 3202 3629 3275 ὦφελεῖνς
3659 3204 3795 3274 Ἄρα

523 3294 731 3358 potest,
764 3286 861 3359 qui
892 3301 956 3341 ea
990 3284 1186 3341 imbuti
1211 3296 1368 3342 sunt.
1403 3283 1578 3343 Porro
1617 3288 1882 3360 principes
1920 3286 2106 3347 swculi

526 3379 805 3445 nominat,
838 3392 948 3432 non
980 3377 1263 3435 daemones
1299 3375 1543 3449 aliquos,
1589 3378 1688 3437 sed
1718 3378 2106 3453 philosophos,

524 3479 583 3527 et
612 3479 885 3537 oratores,
914 3478 968 3526 et
998 3484 1322 3527 sermonum
1354 3469 1683 3543 scriptores.
1714 3472 1799 3527 llli
1829 3473 2105 3545 siquidem

526 3562 809 3634 pollebant
873 3561 1229 3625 auctoritate,
1302 3568 1359 3618 et
1436 3562 1733 3619 civitatum
1814 3564 2107 3636 principes

526 3655 889 3711 creabantur.
925 3652 1127 3709 chuli
1158 3660 1342 3710 autem
1376 3654 1644 3727 principes
1668 3655 1834 3722 dixit,
1865 3673 1930 3714 eo
1956 3658 2107 3730 quod

527 3747 877 3819 principatus
928 3745 1180 3817 ipsorum
1243 3746 1390 3803 ultra
1422 3749 1687 3805 saeculum
1714 3764 1960 3820 prasens
1994 3766 2106 3808 non

527 3840 903 3913 protenditur.
940 3840 1319 3910 Quamobrem
1351 3844 1577 3909 .adiecit
1608 3864 1624 3902 :
1688 3844 1795 3915 Qui
1822 3849 2105 3905 destruun-

531 3944 641 3988 tur.

599 4021 767 4082 Vens.
807 4023 861 4080 7.
897 4042 916 4077 ι
950 4022 1057 4081 Sed
1087 4026 1371 4097 loquimur
1397 4027 1493 4085 Dei
1533 4029 1871 4102 sapientiam
1900 4032 1956 4089 in
1987 4049 2108 4107 my-

527 4122 722 4185 sterio,
757 4133 884 4189 qua‘,
916 4118 1251 4175 abscondita
1282 4130 1390 4177 est.
1424 4141 1447 4175 ι

591 4209 911 4281 llysterium
941 4212 1185 4282 appellat
1220 4214 1693 4284 dispensationem
1722 4235 1737 4272 :
1763 4216 1897 4289 quia
1927 4234 2107 4291 neque

526 4304 793 4372 Angelus,
841 4317 1025 4373 neque
1071 4302 1481 4377 Archangelus,
1538 4322 1721 4379 neque
1759 4308 1867 4363 alia
1916 4319 2106 4366 creata

525 4401 773 4465 potestas
802 4393 943 4448 illud
987 4407 1117 4451 ante
1162 4398 1447 4469 cognovit.
1488 4413 1653 4472 quam
1694 4408 1973 4470 patratum
2015 4417 2103 4459 es-

2207 3309 2425 3361 κοντας
2447 3292 2505 3348 δὶ
2533 3291 2752 3363 αἰῶνος
2771 3294 3008 3351 ἐνταῦθα
3038 3296 3102 3351 οὐ
3141 3296 3403 3369 δαίμονάς
3429 3313 3584 3362 τινας
3611 3296 3791 3371 λέγει,

2207 3384 2345 3441 ἀλλὰ
2375 3386 2503 3452 τοὺς
2535 3386 2856 3459 φιλοσόφους
2886 3388 2983 3443 καὶ
3012 3389 3253 3465 ῥήτορας
3276 3389 3371 3445 καὶ
3388 3390 3791 3465 λογογράφους.

2206 3478 2319 3534 Καὶ
2362 3480 2472 3552 γὰρ
2519 3480 2676 3547 αὐτοὶ⁵
2720 3481 3021 3555 ἐκράτουν,
3053 3483 3148 3539 καὶ
3174 3483 3497 3556 δημαγωγοὶ
3526 3484 3791 3552 πολλάκις

2206 3571 2465 3641 ἐγίνοντο.
2494 3573 2605 3630 Τοῦ
2629 3572 2687 3629 δὲ
2707 3572 2922 3642 αιῶνος
2963 3575 3221 3631 έκάλεσεν
3246 3576 3572 3647 ἄρχοντας,
3599 3579 3791 3652 ιπειόὴ

2208 3665 2522 3739 περαιτέρω
2553 3665 2649 3721 τοῦ
2687 3667 2957 3736 παρόντος
2986 3668 3184 3735 αίῶνος
3218 3670 3279 3725 οὐ
3320 3669 3569 3744 πρόεισιν
3605 3671 3790 3727 αὐτῶν

2207 3757 2243 3830 ἡ
2280 3758 2421 3831 ἀρχή
2438 3775 2453 3790 ν
2478 3757 2561 3813 διδ
2592 3765 2687 3814 καὶ
2720 3759 2994 3833 ιπήγαγε,
3018 3759 3139 3818 τῶν
3158 3762 3681 3836 καταργουμένων.

2284 4051 2306 4087 s
2350 4032 2515 4089 Ἀ).λά
2535 4030 2806 4105 λαλοῦμεν
2844 4031 2981 4089 Θεοῦ
3030 4030 3222 4105 σοφίαν
3262 4032 3322 4089 ἒν
3344 4032 3651 4107 μυστηρίῳ,
3692 4032 3795 4106 τὴν

2209 4125 2741 4198 ἀποκεκρυμμένην.
2780 4142 2803 4179 s

2277 4209 2631 4287 Μυστήριον
2682 4218 2783 4291 τὴν
2824 4217 3143 4291 οἰκονομίαν
3199 4216 3392 4273 καλεῖ·
3419 4216 3612 4291 ἔπειδὴ
3666 4214 3793 4273 οὔτε

2207 4310 2460 4380 ἄγγελος,
2483 4310 2609 4364 οὔτε
2638 4311 3002 4383 ἀρχάγγελος,
3026 4310 3149 4367 οῦτε
3172 4310 3307 4383 ἄλλη
3331 4326 3418 4375 τις
3442 4308 3575 4366 αὐτὸ
3596 4311 3793 4381 κτιστὴ

2206 4403 2435 4472 δύναμις
2458 4403 2574 4475 ᾔδει
2607 4405 2737 4475 πρὶν
2760 4404 3040 4474 γενέσθαι.
3062 4402 3157 4459 Διδ
3180 4400 3419 4474 ἀλλαχοῦ
3449 4418 3638 4473 φησιν*
3667 4402 3795 4459 Ἵνα

524 4494 632 4543 set.
666 4484 940 4553 Quocirca
1003 4486 1136 4542 alibi
1170 4487 1287 4542 ait:
1340 4486 1407 4542 Ut
1448 4491 1746 4545 innotescat
1786 4492 2105 4561 principati-

2223 4494 2514 4566 Γνωρισθῇ
2540 4496 2659 4551 νῦν
2689 4497 2821 4562 ταῖς
2850 4496 3064 4567 ἀρχαῖς
3092 4496 3192 4551 καὶ
3220 4494 3350 4562 ταῖς
3375 4495 3686 4564 ἐξουσίαις
3720 4496 3797 4552 ἐν

526 4577 621 4631 bss
648 4585 695 4630 et
749 4577 1107 4647 potestatibus
1167 4576 1226 4629 in
1279 4578 1580 4632 caelestibus
1640 4594 1732 4647 per
1802 4578 2101 4636 Ecclesium

526 4669 875 4740 multiformis
901 4670 1165 4739 sapientia
1191 4670 1292 4725 Dei
1319 4671 1388 4726 ”.

601 4780 623 4814 s
665 4762 839 4829 Quam
868 4762 1284 4833 praedestinavit
1314 4763 1459 4821 Deus
1498 4773 1630 4820 ante
1668 4765 1896 4821 saecula.
1934 4784 1954 4817 s

591 4854 675 4910 ita
712 4854 983 4925 loquitur,
1034 4863 1094 4910 ut
1139 4871 1331 4911 curam
1376 4856 1470 4913 Dei
1519 4872 1652 4929 erga
1686 4872 1789 4914 nos
1817 4857 2101 4915 ostendat.

525 4946 609 5003 llli
644 4947 848 5018 quippe
885 4947 1130 5004 maxime
1168 4956 1441 5019 putantur
1480 4964 1603 5013 nos,
1651 4958 1765 5005 tum
1804 4959 2101 5016 honorare,

526 5049 644 5093 tum
680 5038 931 5109 diligere.
987 5039 1306 5112 quicunque
1353 5042 1687 5112 jampridem
1734 5042 1909 5108 parati
1948 5048 2102 5111 sunt,

528 5145 591 5189 ut
617 5132 781 5188 nobis
808 5132 1182 5189 benefaciant.

604 5241 626 5277 ε
665 5221 910 5278 Gloriam
950 5232 1227 5281 nostram.
1260 5243 1281 5278 ι

597 5313 714 5373 lloc
766 5323 853 5373 est
928 5316 997 5371 ad
1057 5326 1310 5372 nostram
1368 5316 1603 5388 gloriam
1644 5335 1775 5389 quae
1810 5317 2103 5374 recondita

598 5498 646 5531 “
676 5494 879 5571 Ephcs.
912 5512 995 5563 lli,
1030 5497 1118 5552 l0.

2208 4585 2339 4653 τοῖς
2363 4586 2747 4655 ἐπουρανίοις
2774 4586 2875 4643 διὰ
2903 4587 3014 4660 τῆς
3048 4588 3420 4657 ἐκκλησίας
3443 4586 3483 4658 ἡ
3514 4590 3793 4659 ποικίλος

2208 4682 2395 4748 σοφία
2418 4678 2525 4735 τοῦ
2556 4680 2725 4735 Θεοῦ.

2284 4789 2303 4822 s
2344 4771 2447 4824 'Hv
2475 4770 2778 4843 προώρισεν
2809 4773 2837 4825 ό
2868 4771 3001 4838 Θεδς
3021 4769 3129 4845 πρὸ
3151 4770 3262 4827 τῶν
3287 4771 3519 4829 αἰώνων.
3549 4791 3572 4827 s

2280 4860 2451 4915 Τοῦτό
2491 4879 2678 4931 φησιν,
2700 4862 2797 4933 τὴν
2819 4864 2947 4935 περὶ
2965 4864 3115 4935 ἡμᾶς
3151 4862 3480 4936 κηδεμονίαν
3501 4864 3792 4939 δεικνύμι·

2206 4970 2298 5019 νος
2349 4953 2447 5007 τοῦ
2486 4953 2646 5009 Θεοῦ.
2689 4956 2801 5009 Καὶ
2828 4956 2937 5027 γὰρ
2983 4958 3185 5011 ἐκεῖνοι
3231 4957 3470 5029 μάλιστα
3496 4959 3594 5015 καὶ
3621 4962 3792 5033 τιμᾷν

2204 5048 2300 5101 καὶ
2334 5048 2509 5116 φιλεῖν
2535 5050 2686 5119 ἡμᾶς
2727 5048 3068 5122 νομίζονται,
3092 5050 3169 5115 ὡς
3196 5050 3336 5125 ὑπὲρ
3384 5051 3455 5109 ἂν
3499 5052 3713 5119 ἄπωθεν
3758 5054 3789 5097 δ

2204 5135 2339 5192 ὦσιν
2374 5139 2520 5210 ἡμᾶς
2558 5144 3111 5213 παρασκευασάμενοι
3138 5136 3198 5198 εὖ
3232 5143 3432 5199 ποιετν.

2283 5248 2301 5281 ι
2346 5229 2436 5294 Εἰς
2462 5228 2618 5296 δόξαν
2639 5230 2819 5302 ἡμῶν.
2861 5250 2880 5283 ι

2279 5320 2592 5389 Τουτέστιν,
2619 5324 2699 5388 είς
2728 5322 2887 5391 δόξαν
2916 5328 3014 5404 τὴν
3046 5326 3323 5399 ἡμετέραν
3347 5324 3785 5400 ἀποκεκρυμμέ-

1802 5650 2045 5709 VARUE-
2076 5645 2479 5714 LECTIONES.

601 5782 631 5816 ὁ
653 5771 897 5829 Emendo
925 5786 991 5827 es
1022 5770 1414 5843 Chrysostomo
1450 5767 1671 5841 ὅσοιπερ
1692 5767 1918 5824 ἀνωθεν.
