4038 6284
589 396 688 464 591

1771 390 1833 451 S.
1865 388 2186 453 JOANNIS
2225 388 2653 454 DAMASCENI

3724 394 3840 462 592

582 525 802 568 onmem
851 507 1213 581 asperitatem
1286 501 1526 569 auferat,
1574 515 1714 558 neve
1767 509 2157 566 succenseant,

2263 500 2436 572 δνομα
2467 501 2700 572 τίθησιν.
2724 501 3028 576 περιαιρῶν
3056 501 3234 559 πᾶσαν
3255 501 3587 577 τραχύτητα,
3618 505 3712 560 καὶ
3729 507 3840 563 οὐκ

582 617 743 660 suum
785 605 902 674 ipse
933 615 1132 656 nomen
1165 599 1343 670 ponit.
1376 596 1515 652 Nam
1550 596 1598 652 si
1631 594 1840 652 Paulus
1864 593 2004 648 nihil
2039 599 2148 658 est,

583 711 762 768 neque
794 693 1135 767 indignatur,
1168 691 1340 748 multo
1364 688 1551 748 minus
1585 695 1804 762 oportet
1833 701 1932 742 eos
1957 685 2010 742 id
2037 699 2152 740 mo-

584 785 718 842 leste
753 783 918 839 ferre.

657 876 820 934 Vens.
855 877 906 932 5.
934 895 957 929 ‹
988 875 1217 931 Miuistri
1249 889 1347 945 per
1376 887 1518 945 quos
1551 870 1890 928 credidistis.
1926 891 1947 923 ν

652 971 711 1027 Si
746 983 877 1042 ergo
925 968 1155 1024 alterius
1201 966 1442 1022 ministri
1493 964 1650 1028 estis,
1682 963 1885 1034 inquit,
1917 977 2017 1018 cur
2047 959 2152 1029 ipsi

556 1064 741 1120 ’vobis
787 1061 1107 1133 dignitatem
1149 1058 1466 1124 vindicatis,
1505 1067 1565 1112 ut
1594 1065 1782 1112 vestro
1833 1056 1902 1113 de
1931 1055 2154 1112 nomine

582 1152 886 1225 discipulos
911 1148 1276 1222 nuncupetis?

655 1264 678 1300 ι
710 1244 777 1301 Ει
811 1245 1111 1315 unicuique
1139 1243 1286 1299 sicut
1318 1240 1586 1297 Dominus
1615 1239 1784 1295 dedit.
1831 1259 1850 1292 ι

651 1336 920 1411 Exiguum
953 1335 1119 1404 istud,
1176 1335 1374 1406 inquit,
1421 1333 1852 1404 haudquaquam
1908 1346 1942 1386 a
1995 1329 2154 1386 nobis

584 1431 718 1502 ipsis
779 1428 1071 1491 habemus,
1114 1424 1211 1483 sed
1241 1439 1272 1480 a
1307 1424 1420 1480 Deo
1453 1423 1547 1496 qui
1595 1437 1799 1478 munus
1830 1418 2095 1490 iniunxit.

655 1521 820 1580 Vens.
846 1519 903 1576 6.
954 1537 975 1572 ι
1025 1517 1138 1590 Ego
1177 1515 1444 1586 plantavi,
1490 1512 1684 1584 Apollo
1723 1511 1950 1584 rigavit;
2007 1507 2154 1566 Deus

584 1625 764 1671 autem
798 1615 1195 1669 incrementum
1230 1607 1401 1664 dedit.
1436 1626 1453 1659 ι

655 1705 772 1762 Hoc
801 1712 912 1769 est,
946 1717 1048 1774 ego
1077 1702 1289 1774 primus
1340 1699 1570 1755 verbum
1620 1697 1887 1754 seminavi
1916 1715 1929 1752 :
1962 1696 2154 1766 Apollo

583 1811 762 1854 autem
794 1810 1011 1868 Operam
1068 1809 1221 1847 suam
1265 1791 1471 1863 posuit,
1519 1805 1587 1844 ne
1632 1787 2026 1844 tentationibus
2071 1800 2158 1843 se-

612 1893 756 1947 mina
792 1896 1124 1945 arescerent.
1163 1885 1362 1939 Totum
1386 1891 1566 1938 autem
1598 1881 1692 1937 Dei
1727 1896 1864 1950 opus
1896 1879 2015 1934 fuit.

659 2064 825 2121 Vens.
853 2063 907 2117 7.
945 2083 965 2116 ι
999 2064 1185 2133 itaque
1216 2075 1395 2132 neque
1428 2061 1521 2131 qui
1565 2060 1774 2130 plantat
1813 2058 2152 2127 estaliquid,

586 2174 766 2230 neque
793 2157 884 2230 qui
915 2155 1076 2228 rigat,
1115 2153 1210 2210 sed
1242 2152 1334 2223 qui
1362 2153 1760 2208 incrementum
1789 2151 1904 2218 dat,
1940 2151 2104 2208 Deus.
2134 2171 2152 2205 I

659 2246 816 2316 Vide,
844 2264 1061 2323 quaeso,
1094 2246 1375 2319 quomodo
1429 2258 1524 2300 eos
1582 2245 1859 2299 admonet.
1910 2242 2156 2298 Primum

587 2343 810 2414 quidem
871 2340 1108 2413 propriae
1165 2351 1416 2410 personae
1466 2343 1844 2405 contemptum
1878 2336 2155 2404 praestitit.

586 2435 729 2502 Quid
762 2433 906 2490 enim
940 2441 1026 2489 est
1059 2430 1307 2488 Paulus?
1339 2429 1540 2501 inquit.
1591 2426 1795 2483 Deinde
1821 2441 1953 2483 vero
1985 2435 2158 2485 totum

589 2527 645 2582 in
677 2525 846 2582 Deum
877 2523 1069 2589 refert,
1099 2539 1128 2577 a
1161 2536 1268 2594 quo
1301 2522 1490 2577 omnia
1523 2535 1790 2578 concessa
1817 2527 1972 2576 sunt.

658 2617 826 2674 Vens.
879 2617 933 2673 8.
996 2635 1015 2669 ι
1072 2615 1179 2682 Qui
1230 2623 1412 2671 autem
1460 2614 1694 2685 plantat,
1742 2623 1797 2669 et
1844 2613 1941 2686 qui
1993 2612 2156 2686 rigat,

587 2727 757 2768 unum
797 2711 948 2767 'Bunt.
989 2724 1010 2762 ι

660 2805 843 2860 Altera
900 2816 1118 2859 rursum
1166 2796 1414 2857 inductio
1445 2799 1512 2855 ad
1549 2812 1743 2855 eorum
1780 2798 2159 2863 curationem;

588 2917 653 2957 ex
697 2913 808 2969 quo
864 2895 1011 2951 aliud
1064 2897 1295 2967 insuper
1345 2892 1598 2961 coniicit;
1647 2899 1781 2964 puta
1825 2906 1894 2947 ne
1925 2905 2052 2961 erga
2081 2891 2164 2946 in-

588 2993 766 3048 vicem
844 2989 1138 3061 superbius
1215 2987 1546 3044 eﬂ‘erautur:
1608 2985 1715 3042 hoc
1763 2998 1930 3055 porro
1990 2996 2160 3038 unum

591 3082 797 3146 sciant,
839 3080 975 3136 nihil
1009 3096 1066 3135 se
1119 3093 1284 3150 posse
1336 3085 1622 3150 praestare,
1667 3075 1724 3131 ni
1776 3073 1922 3130 Deus
1981 3074 2162 3129 incre-

2254 592 2358 647 ἐῶν
2382 592 2704 666 ὀργισθῆναι
2733 593 2872 666 πρὸς
2902 594 2973 647 τὰ
3018 594 3309 666 λεγόμενα.
3361 596 3424 651 Ei
3468 596 3578 668 γὰρ
3619 596 3838 660 Παῦλος

2253 684 2409 740 οὐδέν
2437 687 2576 749 ἐστι,
2621 686 2716 741 καὶ
2761 687 2863 742 οὐκ
2901 685 3223 757 ἠγανάκτει,
3250 685 3430 760 πολλῷ
3456 687 3659 760 μᾶλλον
3686 689 3840 744 ὲκεί-

2253 795 2375 843 νους
2407 777 2777 850 δυσχεραίνειν
2812 779 2913 833 οὐκ
2946 780 3136 852 ἐχρῆν.

2331 888 2349 922 ι
2385 870 2630 924 Διάκονοι
2659 869 2729 924 δι’
2761 864 2837 926 ὧν
2884 870 3269 928 ἐπιστεύσατε.
3316 891 3336 926 ι

2325 960 2391 1015 Εί
2437 962 2618 1018 τοίνυν
2655 961 2827 1036 ἑτέρῳ
2864 963 3181 1028 διακονεῖτε,
3213 963 3367 1037 φησὶ,
3397 963 3513 1029 πῶς
3541 963 3693 1018 αὐτοὶ
3735 962 3840 1034 τὴν

2253 1049 2413 1118 ἀξίαν
2441 1051 2737 1123 ἁρπάζετε,
2759 1052 2855 1108 καὶ
2885 1053 2983 1126 τὴν
3013 1056 3384 1128 προσηγορίαν
3411 1058 3524 1122 τοῖς
3554 1055 3837 1128 μαθηταῖς

2253 1145 2348 1215 ἀφ’
2372 1147 2582 1200 ἑαυτῶν
2611 1147 2782 1202 δίδοτε
2805 1166 2819 1214 ;

2334 1255 2352 1290 ι
2386 1237 2496 1290 Καὶ
2524 1237 2738 1309 ἑκάστῳ
2758 1238 2833 1302 ὡς
2861 1239 2890 1292 6
2927 1239 3132 1312 Κύριος
3156 1239 3373 1296 εδωκεν.
3419 1259 3439 1293 ι

2326 1326 2459 1380 Οὐδὲ
2485 1324 2665 1393 τοῦτο,
2696 1327 2882 1399 φησὶν,
2906 1327 2966 1382 τὸ
2995 1328 3192 1403 μικρὸν
3213 1328 3347 1401 παρ’
3369 1328 3579 1384 ἑαυτῶν
3606 1327 3838 1403 ἔχομεν,

2255 1417 2392 1471 ἀλλὰ
2420 1417 2573 1486 παρά
2603 1416 2696 1472 τοῦ
2731 1418 2866 1472 Θεοῦ
2898 1418 2992 1473 τοῦ
3025 1418 3448 1491 ἐγχειρίζοντος.

2334 1531 2353 1564 ι
2410 1510 2550 1581 Ἐγὼ
2572 1511 2865 1583 ἐφύτευσα,
2915 1512 3184 1577 Ἀπολλὼς
3216 1511 3487 1582 ἐπότισεν,
3507 1511 3624 1568 ἀλλ’
3651 1515 3681 1566 6
3700 1511 3840 1577 Θεὸς

2255 1624 2288 1678 η
2301 1603 2512 1670 ὔξανεν.
2551 1624 2570 1656 ι

2326 1694 2615 1761 Τουτέστι,
2644 1697 2859 1766 πρῶτος
2890 1693 3189 1751 κατέϐαλον
3231 1695 3322 1748 τὸν
3357 1693 3549 1764 λόγον,
3584 1694 3726 1749 ὥστε
3760 1695 3842 1768 μὴ

2257 1784 2591 1857 ξηρανθῆναι
2619 1787 2733 1850 τοῖς
2760 1785 3081 1856 πειρασμοῖς
3120 1787 3190 1840 τὰ
3218 1784 3528 1858 σπέρματα.
3560 1785 3844 1850 Ἀπολλὼς

2189 1859 2230 1915 Β
2259 1877 2328 1931 τὰ
2368 1877 2499 1950 παρ’
2534 1876 2730 1932 ἑαυτοῦ
2773 1877 3128 1950 προσέθηκεν.
3157 1877 3229 1934 Τὸ
3275 1877 3330 1931 δὲ
3379 1878 3485 1932 πᾶν
3537 1877 3634 1932 τοῦ
3695 1877 3840 1932 Θεοῦ

2257 1971 2505 2041 γέγονεν.

2335 2082 2354 2116 ι
2393 2065 2560 2142 Ὥστε
2595 2062 2717 2117 οὔτε
2764 2067 2792 2118 6
2829 2067 3074 2134 φυτεύων
3114 2064 3229 2120 ἐστί
3257 2081 3330 2130 τι,
3358 2062 3481 2120 οὔτε
3515 2066 3546 2118 6
3576 2063 3841 2132 ποτίζων,

2255 2157 2370 2213 ἀλλ’
2406 2157 2703 2224 ὸαύξάνων
2738 2157 2891 2222 Θεός.
2935 2177 2953 2210 ι

2333 2250 2473 2320 Ὅρα
2497 2249 2616 2312 πῶς
2644 2250 2841 2314 αὐτοὺς
2870 2250 3277 2322 παραμυθεῖται
3296 2265 3309 2280 ·
3343 2249 3560 2322 πρῶτον
3592 2249 3693 2321 μὲν
3737 2249 3842 2321 τὴν

2259 2344 2352 2397 ἐπὶ
2405 2342 2499 2397 τοῦ
2545 2345 2747 2397 οἰκείου
2809 2341 3100 2414 προσώπου
3165 2343 3428 2415 προσάγει
3478 2343 3580 2414 τὴν
3623 2342 3845 2410 ἐξουδὲ-

2258 2448 2444 2487 νωσιν’
2474 2432 2572 2496 Τις
2600 2429 2706 2505 γάρ
2736 2435 2852 2488 ἐστι
2883 2433 3091 2497 Παῦλος
3119 2451 3135 2501 ;
3162 2437 3346 2506 φησίν·
3379 2434 3641 2506 Δεύτερον
3666 2434 3726 2489 δὲ
3756 2433 3844 2506 τῷ

2259 2525 2321 2580 τὸ
2354 2527 2463 2580 πᾶν
2486 2511 2758 2580 ἀναθεῖναι
2787 2524 2863 2597 τῷ
2902 2525 2970 2580 τὰ
3007 2528 3181 2582 πάντα
3204 2527 3456 2582 δεδωκότι
3483 2526 3624 2600 Θεῷ.

2339 2636 2358 2669 ι
2406 2615 2464 2672 '0
2493 2618 2741 2688 φυτεύων
2775 2618 2832 2672 δὲ
2863 2619 2954 2673 καὶ
2979 2620 3007 2672 6
3029 2619 3264 2686 ποτίζων
3293 2620 3352 2674 ἓν
3375 2621 3531 2675 εἰσιν.
3565 2639 3587 2672 ι

2339 2797 2545 2870 Ἕτερα
2591 2796 2855 2870 ὲ-παγωγὴ
2905 2797 3065 2852 πάλιν
3115 2797 3251 2870 πρὸς
3293 2797 3586 2870 θεραπείαν
3616 2799 3840 2854 αὐτῶνθ

2261 2889 2349 2943 διὰ
2373 2888 2434 2944 δὲ
2459 2888 2649 2943 τούτου
2679 2888 2772 2944 καὶ
2792 2887 2978 2960 ἕτερον
3007 2888 3428 2954 κατασκευάζει,
3475 2889 3539 2944 τὸ
3577 2889 3653 2962 μὴ
3678 2890 3844 2944 ἐπαί-

2268 2982 2458 3052 ρεσθαι
2487 2981 2608 3037 κατ’
2636 2981 2912 3053 ἀλλήλων·
2941 2979 3000 3036 ἓν
3028 2979 3086 3035 δὲ
3107 2979 3302 3035 ειδέναι
3323 2981 3544 3050 αὐτοὺς,
3574 2982 3638 3037 τὺ
3668 2982 3843 3054 μηδὲν

2262 3069 2523 3126 δύνασθαι
2553 3070 2678 3125 ἄνευ
2713 3069 2808 3126 τοῦ
2844 3069 3098 3136 αὔξοντος
3134 3068 3292 3126 Θεοῦ.
3327 3071 3499 3125 Τοῦτο
3536 3071 3594 3125 δὲ
3640 3071 3840 3137 εἰπὼν,

589 3162 833 3231 mentum
890 3171 1126 3228 dederit.
1187 3171 1400 3239 Quibus
1449 3169 1635 3226 verbis
1671 3181 1851 3238 neque
1898 3165 2029 3276 illos
2059 3164 2156 3237 qui

2263 3162 2388 3218 alits
2417 3164 2542 3226 τοὺς
2574 3163 2744 3219 πολλὰ
2773 3163 3081 3236 κάμνοντας
3105 3163 3317 3234 ἀφῆκεν
3349 3162 3843 3232 κατεξανίστασθαι

591 3267 821 3322 multum
883 3264 1223 3327 laborarent,
1269 3263 1522 3334 permisit
1580 3259 1920 3316 insolescere
1963 3255 2158 3312 adver-

593 3375 690 3415 sus
727 3372 823 3414 cos
856 3356 950 3428 qui
981 3358 1193 3413 minora
1224 3362 1528 3428 patrarent,
1565 3365 1744 3425 neque
1778 3366 1998 3407 rursum
2022 3350 2164 3407 istos

594 3452 705 3509 illis
746 3450 1012 3507 invidere.

669 3563 692 3600 ι
719 3543 1110 3614 Unusquisque
1142 3551 1319 3598 autem
1358 3539 1633 3610 propriam
1675 3536 1984 3595 mercedem
2018 3523 2166 3592 acci-

595 3635 709 3707 piet
735 3634 1039 3692 secundum
1075 3647 1235 3689 suum
1263 3632 1526 3686 laborem.
1562 3649 1580 3684 ι

664 3724 802 3794 Quia
840 3739 974 3781 vero
1013 3723 1302 3795 segniores
1347 3720 1519 3776 futuri
1553 3728 1736 3786 erant,
1768 3721 1816 3775 si
1844 3718 2164 3775 existimas-

595 3827 721 3875 sent
766 3818 906 3874 nihil
944 3827 1144 3873 cuncta
1195 3813 1424 3879 referre,
1473 3813 1590 3870 sive
1621 3814 1733 3870 illis
1771 3813 1872 3884 qui
1905 3813 2163 3880 multum,

596 3909 718 3965 sive
770 3907 953 3963 minus
1001 3906 1345 3968 laborarent;
1385 3901 1618 3959 observa
1648 3902 1921 3974 quomodo
1959 3902 2012 3958 id
2041 3916 2168 3959 cor-

596 3998 763 4063 rexit,
788 3996 1006 4064 dicens,
1041 4008 1494 4065 unumquemque
1538 3994 1818 4065 propriam
1853 3993 2162 4050 mercedem

597 4098 949 4161 accepturum
980 4087 1286 4145 secundum
1326 4103 1486 4143 suum
1529 4087 1795 4154 laborem,
1841 4101 1906 4142 ac
1931 4087 1977 4143 si
2013 4086 2164 4142 dice-

597 4191 715 4239 ret:
745 4182 820 4239 Ne
856 4183 1052 4238 timeas
1079 4182 1227 4251 quod
1258 4178 1518 4246 dixerim,
1548 4194 1718 4234 unum
1772 4188 1902 4235 sunt
1933 4197 1948 4234 :
1986 4193 2164 4250 quan-

595 4276 885 4348 doquidem
931 4284 1199 4345 quantum
1243 4272 1308 4327 ad
1352 4272 1573 4328 labores
1615 4286 1728 4328 non
1787 4279 1918 4327 sunt
1965 4287 2162 4328 unum.

593 4368 689 4426 Dei
725 4368 993 4438 siquidem
1028 4379 1166 4436 opus
1201 4365 1452 4420 faciunt:
1485 4365 1580 4420 sed
1615 4364 2000 4435 unusquisque
2029 4378 2163 4436 pro-

595 4462 772 4534 priam
829 4459 1134 4516 mercedem
1193 4458 1426 4528 accipiet
1477 4456 1784 4512 secundum
1861 4471 2022 4512 suum
2079 4459 2163 4512 la-

594 4556 803 4610 berem.

665 4664 828 4720 Vens.
858 4665 912 4720 9.
949 4682 966 4716 ι
1006 4663 1100 4719 Dei
1140 4666 1287 4719 enim
1316 4677 1508 4719 sumus
1536 4660 1836 4730 adjutores.
1872 4679 1889 4713 ι

666 4776 772 4833 Eos
806 4776 982 4832 adhuc
1029 4776 1260 4832 leviores
1303 4784 1355 4830 et
1416 4775 1712 4830 alacriores
1748 4773 1946 4839 reddit,
1985 4772 2162 4844 majo-

597 4884 818 4939 remque
853 4868 1102 4923 ardorem
1136 4867 1338 4922 excitat
1368 4865 1655 4936 operaudi.

670 5001 687 5035 ι
725 4981 818 5036 Dei
855 4981 1196 5052 agricultura
1229 4979 1364 5036 estis
1396 4999 1409 5032 :
1443 4978 1535 5032 Dei
1589 4977 1885 5033 aediﬁcatio
1930 4980 2083 5034 estis.
2139 4994 2158 5030 ι

665 5095 767 5164 ⁵11
801 5093 920 5148 Non
975 5094 1044 5149 ab
1085 5093 1151 5149 iis
1213 5093 1305 5162 qui
1348 5108 1448 5147 vos
1496 5092 1776 5156 excolunt,
1817 5093 1910 5148 sed
1962 5107 1991 5146 a
2054 5091 2164 5147 Deo

597 5199 714 5254 ipso
747 5183 1175 5254 appellationem
1221 5183 1475 5252 accipere
1510 5195 1609 5251 par
1647 5191 1754 5236 est.
1799 5180 1986 5252 Neque
2015 5183 2160 5239 enim

593 5286 724 5346 ager
759 5274 828 5330 de
861 5274 1082 5329 nomine
1118 5272 1374 5345 agricolae
1428 5279 1684 5337 vocatur,
1734 5274 1830 5328 sed
1862 5273 1929 5329 de
1962 5274 2162 5344 patris-

555 5439 558 5442 _
596 5365 856 5420 familias.
893 5364 1364 5432 Quemadmodum
1401 5364 1565 5419 etiam
1594 5360 1887 5418 aedilicium
1925 5381 2033 5420 non
2076 5381 2164 5421 ar—

594 5457 783 5519 tiﬂcis,
821 5457 916 5512 sed
965 5457 1169 5511 domini
1201 5466 1309 5511 est.
1366 5454 1423 5508 Si
1456 5463 1639 5510 autem
1675 5454 1966 5510 aediﬁcatio
2003 5457 2162 5525 estis,

609 5562 951 5619 nequaquam
982 5549 1092 5604 haec
1107 5549 1311 5605 destrui
1344 5549 1541 5604 debet:
1584 5549 1787 5619 alioqui
1823 5564 1930 5603 non
1971 5553 2166 5607 essetis

594 5637 911 5695 aediﬁcium.
945 5639 1012 5692 At
1043 5639 1089 5695 si
1121 5639 1408 5694 aedilicium
1455 5638 1612 5703 estis,
1654 5640 1954 5694 cavendum
1989 5650 2070 5696 est
2100 5657 2166 5697 ne

594 5729 1002 5800 distrahamini,
1067 5732 1160 5788 sed
1206 5744 1317 5787 uno
1367 5732 1682 5788 concordiae
1737 5740 1895 5802 septo
1947 5735 2165 5788 munia-

597 5837 755 5879 nunt.

2185 4576 2241 4639 Ι)

2260 3256 2371 3311 τῶν
2396 3257 2462 3311 τὰ
2485 3256 2742 3313 ἐλάττονα
2765 3258 3174 3330 ἑργασαμένων,
3201 3254 3326 3310 οὔτε
3345 3257 3565 3331 ἑτέρους
3587 3259 3659 3314 τὰ
3681 3259 3841 3315 ἐλάτ-

2262 3364 2414 3413 τονα,
2445 3349 2556 3412 τοῖς
2577 3350 2650 3403 τὰ
2680 3349 2901 3420 μείζονα
2931 3351 3168 3421 φθονεῖν.

2339 3550 2357 3581 ι
2401 3531 2668 3597 Ἕκαστος
2712 3532 2771 3586 δὲ
2814 3533 2905 3588 τὸν
2939 3532 3067 3588 ίδιον
3100 3534 3293 3608 μισθὸν
3319 3535 3551 3608 λήψεται
3577 3537 3719 3591 κατὰ
3747 3535 3842 3592 τὸν

2265 3621 2395 3678 ἴδιον
2418 3623 2608 3679 κόπον.
2645 3643 2665 3677 ι

2345 3714 2564 3788 Ἐπειδὴ
2613 3715 2770 3771 τοῦτο
2825 3718 3229 3791 ῥᾳθυμοτέρως
3288 3719 3504 3784 ἐποίει,
3550 3718 3617 3775 to
3664 3719 3844 3776 πάντα

2265 3809 2432 3882 μηδὲν
2458 3805 2598 3864 εἶναι
2620 3809 2960 3882 νομίζεσθαι,
3009 3813 3136 3877 τοὺς
3187 3811 3358 3867 πολλὰ
3411 3811 3689 3886 καμόντας
3745 3812 3841 3870 καὶ

2261 3902 2390 3966 τοὺς
2416 3901 2643 3970 ἐλάττω,
2682 3904 2785 3973 ὅρα
2820 3903 2937 3967 πῶς
2966 3904 3097 3958 αὐτὸ
3140 3903 3487 3976 διωρθώσατο
3525 3905 3700 3961 εἰπών
3720 3923 3734 3938 ο
3763 3904 3840 3970 ὡς

2260 3991 2495 4058 ἕκαστος
2529 3994 2662 4049 ἴδιον
2697 3995 2890 4066 μισθὸν
2919 3995 3150 4070 λήψεται
3182 3997 3325 4054 κατὰ
3354 3998 3449 4052 τὸν
3491 3997 3620 4053 ίδιον
3649 3999 3841 4065 κόπον,

2259 4082 2337 4148 ὡς
2370 4086 2419 4138 εί
2470 4084 2659 4155 ἔλεγε·
2711 4089 2805 4160 Μὴ
2853 4089 3018 4159 φοϐοῦ
3067 4093 3150 4145 ὅτι
3195 4087 3366 4159 dum,
3398 4090 3499 4145 Ἐν
3525 4091 3684 4156 είσιν,
3716 4091 3842 4144 ἐπεὶ

2262 4173 2442 4227 πόνων
2462 4172 2650 4229 ἕνεκεν
2676 4177 2777 4231 οὐκ
2800 4178 2939 4233 εἰσὶν
2965 4180 3041 4235 ἓν.
3074 4181 3148 4236 T6
3179 4182 3286 4254 γὰρ
3311 4180 3447 4236 Θεοῦ
3473 4181 3636 4254 ἔργον
3674 4183 3842 4254 ἔργα·

2259 4263 2480 4336 ζόμενοί
2509 4271 2666 4336 εἰσιν,
2695 4270 2810 4324 ἀλλ’
2837 4272 3067 4339 ἕκαστος
3095 4275 3185 4331 τδν
3218 4276 3348 4330 ἴδιον
3388 4273 3580 4348 μισθὸν
3608 4275 3840 4346 λήψεται

2265 4358 2404 4413 κατὰ
2432 4360 2524 4414 τὸν
2554 4360 2682 4415 ἴδιον
2711 4361 2901 4420 κόπον.

2339 4691 2358 4725 ι
2388 4670 2523 4725 Θεοῦ
2550 4671 2659 4744 γάρ
2688 4673 2855 4745 ἐσμεν
2881 4675 3149 4746 συνεργοί.
3194 4695 3211 4728 ι

2335 4785 2500 4840 Πλέον
2525 4784 2720 4850 αὐτοὺς
2750 4785 2829 4839 ἔτι
2858 4788 3242 4858 ὲπεκούφισεν,
3280 4791 3371 4846 καὶ
3421 4793 3502 4856 εἰς
3547 4792 3713 4847 πόθον
3743 4793 3837 4848 τοῦ

2265 4877 2600 4947 ἐργάσασθαι
2631 4879 2921 4950 ἀνήγαγεν.

2343 5009 2362 5042 ι
2400 4989 2532 5044 Θεοῦ
2561 4993 2844 5060 γεώργιον,
2867 4991 3001 5045 Θεοῦ
3029 4993 3283 5066 οἰκοδομή
3312 4995 3457 5050 ὲστε.
3504 5014 3521 5048 ι

2337 5104 2448 5157 Ούκ
2486 5099 2577 5158 οὖν
2614 5103 2722 5158 ἀπὸ
2769 5105 2874 5158 τῶν
2911 5105 3293 5176 γεωργούντων
3348 5109 3510 5179 ὑμᾶς,
3543 5110 3681 5165 ἀλλὰ
3731 5112 3838 5166 ἀπὸ

2265 5195 2357 5250 τοῦ
2387 5195 2521 5248 Θεοῦ
2549 5195 2828 5250 καλεῖσθαι
2855 5197 3082 5250 δίκαιον.
3115 5198 3191 5253 Οὐ
3209 5199 3316 5269 γὰρ
3339 5199 3510 5273 ἀγρὸς
3539 5201 3634 5256 τοῦ
3658 5220 3833 5276 γεωρο

2265 5289 2360 5356 γοῦ
2395 5288 2659 5355 καλεῖται,
2682 5287 2819 5342 ἀλλὰ
2870 5287 2964 5341 τοῦ
2999 5288 3395 5343 οἰκοδεσπότουο
3423 5292 3611 5365 ὥσπερ
3644 5297 3833 5365 ἀμέλει

2265 5382 2359 5433 καὶ
2384 5382 2415 5449 ἡ
2441 5378 2712 5450 οἰκοδομὴ,
2746 5381 2806 5434 ού
2831 5377 2920 5432 τοῦ
2961 5380 3219 5450 τεχνίτου,
3252 5381 3388 5435 ἀλλὰ
3440 5383 3534 5438 τοῦ
3579 5385 3833 5441 δεσπότου

2265 5474 2430 5526 ἐστίν.
2463 5473 2524 5526 El
2555 5473 2610 5526 δὲ
2641 5473 2896 5544 οἰκοδομή
2921 5476 3066 5540 ἐστε,
3115 5475 3174 5528 ού
3205 5475 3310 5548 χρὴ
3331 5475 3685 5546 διασπᾶσθαι,
3714 5484 3835 5536 ἐπεὶ

2266 5564 2363 5618 ούκ
2390 5563 2454 5617 ἂν
2485 5563 2630 5634 εἴητε
2661 5565 2939 5636 οἰκοδομή·
2997 5566 3092 5618 καὶ
3125 5569 3172 5617 εί
3211 5566 3474 5637 γεώργιον
3523 5571 3670 5635 ἐστε,
3696 5574 3834 5627 διαι-

2268 5655 2477 5726 ρεῖσθαι
2506 5657 2568 5708 ού
2603 5655 2730 5727 χρὴ,
2785 5654 2897 5710 ἀλλ’
2951 5656 3030 5711 ἐνὶ
3080 5659 3318 5732 φραγμῷ
3345 5660 3405 5717 τὸ
3455 5661 3556 5733 τῆς
3584 5664 3835 5735 ὁμονοίας

2265 5747 2616 5816 τειχίζεσθαι.
