4038 6284
277 350 385 418 593

1395 357 1480 417 IN
1519 357 1757 417 EPIST.
1798 357 1898 417 AD
1931 355 2290 416 CORINTH.
2329 358 2380 416 Ι.

3429 354 3534 420 594

352 487 374 522 ¢
409 466 569 524 Κατά
606 469 704 542 τὴν
737 468 897 543 χάριν
927 469 1018 524 τοῦ
1050 471 1183 525 Θεοῦ
1211 472 1311 544 τὴν
1339 473 1589 529 δοθεῖσάν
1621 491 1738 545 μοι,
1786 474 1860 538 ὡς

2041 471 2206 529 Vens.
2244 473 2332 528 10.
2371 491 2389 525 ι
2434 471 2747 529 Secundum
2804 474 3036 545 gratiam
3083 473 3178 530 Dei
3235 488 3358 545 qua:
3405 473 3534 528 data

278 559 444 631 σοφὸς
471 561 810 634 ἀρχιτέκτων
844 562 1098 634 θεμέλιον
1136 565 1377 620 τέθεικα.
1412 586 1431 618 ι

349 736 522 822 Σοφὸν
553 738 748 794 ἑαυτὸν
797 739 1035 795 ἐνταῦθα
1064 742 1222 796 καλεῖ
1272 744 1374 798 οὐκ
1403 746 1669 817 ἐπαίρων,
1722 745 1862 804 ἀλλὰ

280 826 449 883 τύπον
476 828 669 884 ἑαυτὸν
711 829 910 896 διδοὺς,
939 833 1034 886 καὶ
1061 833 1276 899 δεικνὺς
1305 836 1388 888 ὅτι
1430 835 1586 890 τοῦτό
1614 838 1731 892 ἐστι
1768 855 1862 893 σο-

278 921 407 990 φοῦ,
433 922 494 975 τὸ
522 922 620 977 ἕνα
640 922 815 978 θεῖναι
842 923 1112 997 θεμέλιον.
1146 926 1291 999 Ὅρα
1315 927 1446 998 γοῦν
1479 929 1597 995 πῶς
1637 930 1861 1003 μετριά-

278 1009 595 1077 ζει.Ἐίπὼν
625 1014 738 1087 γὰρ
770 1015 934 1070 αὑτὸν
993 1019 1180 1088 σοφὸν,
1232 1020 1332 1074 οὐκ
1393 1019 1608 1093 ἀφῆκεν
1662 1021 1859 1078 ἑαυτοῦ

281 1103 444 1159 τοῦτο
471 1101 633 1172 εἶναι,
663 1108 784 1163 ἀλλ’
809 1109 931 1164 ὅλον
987 1110 1179 1166 ἑαυτὸν
1209 1111 1472 1185 πρότερον
1504 1115 1725 1181 ἀναθεὶς
1784 1115 1862 1188 τῷ

280 1195 422 1269 Θεῷ,
451 1198 576 1252 τότε
608 1199 782 1266 οὕτως
812 1202 1068 1258 ἐκάλεσεν
1101 1205 1474 1275 σοφόν-Κατὰ
1488 1206 1598 1280 γὰρ
1617 1207 1734 1280 τὴν
1757 1208 1864 1279 χά-

280 1304 378 1357 ριν
405 1290 579 1360 θεοῦ,
605 1292 910 1365 φησὶν,τ-ὴν
927 1294 1211 1354 δοθεῖσάν
1241 1315 1366 1369 μοι.

368 1487 387 1521 ι
431 1469 627 1535 Ἄλλος
677 1470 736 1526 δὲ
792 1473 1158 1540 ἐποικοδομεῖ.
1222 1477 1489 1545 Ἕκαστος
1530 1479 1589 1535 δὲ
1621 1480 1867 1554 βλεπέτω

279 1560 404 1624 πῶς
433 1562 791 1636 ἔποικοδομσί.
828 1585 850 1619 ι
1097 1596 1100 1600 ι

372 1651 637 1711 Ἐνταῦθα
668 1655 861 1712 λοιπὸν
900 1660 980 1723 είς
1007 1658 1100 1715 τὸν
1132 1660 1260 1733 περὶ
1305 1663 1406 1736 τῆς
1449 1664 1728 1731 πολιτείας
1767 1666 1868 1720 a6-

284 1746 416 1808 τοὺς
438 1746 696 1814 ἐμϐάλλει
717 1747 925 1818 ἀγῶνα,
967 1751 1157 1826 δπειδὴ
1187 1755 1427 1828 συνῆψεν
1471 1756 1623 1824 ἅπαξ
1654 1759 1752 1815 καὶ
1806 1759 1869 1815 ἓν

283 1837 567 1908 δποίησεν.

369 1949 389 1982 ι
423 1929 684 2002 Θεμέλιον
742 1932 854 2005 γάρ
903 1932 1063 1989 ἀλλον
1104 1935 1281 2002 οὐδεὶς
1308 1938 1532 1995 δύναται
1587 1942 1740 2014 παρά
1769 1942 1862 1997 τὸν

281 2018 539 2093 κείμενον
558 2023 750 2095 θιτναι,
781 2024 838 2090 ὃς
861 2026 977 2081 ἑστι
1016 2026 1250 2099 Χριστὸς
1287 2029 1512 2102 Ἰησοῦς.
1557 2050 1576 2084 ο

366 2211 436 2266 Ὅ
454 2212 600 2283 λέγει
629 2213 871 2270 τοιοῦτόν
925 2217 1066 2272 ἐστι’
1099 2218 1454 2291 Κατήγγειλα
1486 2221 1578 2276 τὸν
1606 2223 1860 2295 Χριστόνο

284 2305 653 2377 παραδέδωκα
699 2307 831 2378 ὑμῖν
855 2310 946 2364 τὸν
979 2310 1250 2382 θεμέλιον·
1283 2317 1538 2370 σκοπεῖτε
1577 2317 1692 2380 πῶς
1721 2318 1867 2374 obto-

283 2394 522 2466 δομεῖτε·
542 2398 617 2471 μὴ
631 2401 944 2466 κενοδόξως.
968 2404 1043 2477 μὴ
1071 2407 1208 2478 πρὸς
1233 2407 1552 2480 ἀνθρώπους
1575 2410 1866 2466 ἀποσπῶν-

284 2502 384 2550 τις
407 2487 536 2552 τοὺς
557 2489 825 2561 μαθητάς.
864 2491 958 2564 Μὴ
983 2493 1163 2549 τοίνυν
1186 2496 1542 2567 προσέχωμεν
1561 2498 1683 2563 ταῖς
1715 2497 1869 2570 αίρέ-

287 2595 433 2633 σεσι.
454 2580 741 2651 Capua»:
773 2583 883 2656 γὰρ
929 2583 1128 2642 ἄλλον
1148 2586 1350 2656 οὐδεὶς
1377 2587 1628 2644 δύναται
1680 2590 1869 2645 θεῖναι

287 2669 455 2740 παρὰ
477 2671 588 2727 τὸν
618 2674 917 2744 κείμενον.
955 2675 1078 2732 Ἐπὶ
1103 2676 1298 2734 τούτου
1323 2680 1380 2734 δὲ
1413 2680 1615 2752 μᾶλλον
1643 2683 1870 2737 ἐποικο-

288 2761 568 2838 δομῶμεν,
605 2765 702 2821 καὶ
727 2763 806 2832 ώς
831 2767 1085 2841 θεμελίου
1108 2769 1381 2844 ἐχώμεθα.

373 2980 394 3012 ‹
429 2961 493 3015 El
518 2962 576 3019 δέ
626 2981 710 3029 τις
740 2965 1087 3039 ἐποικοδομεῖ
1129 2969 1222 3025 ἐπὶ
1269 2971 1360 3025 τὸν
1386 2971 1635 3042 θεμέλιον
1662 2972 1871 3042 τοῦτον,

289 3054 541 3197 ἔρυσίον,
571 3055 853 3130 ἀργύριον,
875 3058 1057 3126 λίθους
1079 3061 1312 3135 τιμίους,
1348 3061 1498 3130 ξύλα,
1532 3065 1744 3140 χόρτον,
1777 3084 1878 3140 ἔα-

331 3147 502 3197 ἀμην.
547 3165 566 3197 ι

331 3147 502 3218 ἀμην.
547 3165 566 3200 ι

1962 575 2047 624 est
2102 567 2261 634 mihi,
2327 575 2387 622 ut
2444 568 2666 638 sapiens
2728 568 3066 624 architectus
3117 565 3533 623 fundamentum

1963 660 2143 731 posui.
2183 678 2202 713 ι

2036 749 2291 822 Seipsum
2361 752 2466 807 hoc
2527 753 2583 807 in
2640 753 2762 807 loco
2834 753 3139 822 sapientem
3209 751 3363 819 dicit,
3425 766 3535 807 non

1962 843 2354 901 ostentationis
2393 859 2546 915 ergo,
2580 844 2674 900 sed
2718 853 2777 898 ut
2816 858 2937 900 sese
2977 843 3216 914 prazbeat
3248 844 3302 898 in
3348 857 3537 899 exem-

1962 938 2138 1008 plum,
2170 937 2539 1008 ostendatque
2567 935 2834 1008 sapientis
2863 950 2987 993 esse
3005 950 3182 990 unum
3207 935 3390 1006 jacere
3413 934 3539 990 fun-

1965 1029 2306 1085 damentum.
2342 1026 2559 1085 Videsis
2593 1043 2759 1099 quam
2789 1025 3036 1084 modeste
3074 1042 3134 1082 se
3171 1036 3346 1098 gerat.
3381 1024 3537 1090 Post,-

1964 1136 2128 1192 quam
2201 1119 2350 1176 enim
2418 1135 2480 1176 se
2546 1120 2855 1191 sapientem
2919 1117 3083 1186 dixit,
3131 1115 3236 1174 hoc
3285 1117 3370 1173 sui
3417 1131 3541 1173 esse

1965 1211 2169 1276 noluit,
2213 1210 2335 1273 sed.
2394 1210 2522 1281 quia
2567 1225 2626 1266 se
2676 1216 2851 1263 totum
2884 1208 3039 1280 prius
3082 1205 3192 1261 Deo
3229 1204 3535 1271 dediderm,

1965 1301 2093 1359 hinc
2126 1318 2185 1357 se
2234 1301 2534 1372 sapientem
2597 1299 2833 1356 vocavit.
2880 1298 2972 1355 Ait
3018 1296 3192 1361 enim,
3246 1295 3533 1352 secundum

1965 1393 2198 1467 gratiam
2231 1408 2348 1464 que
2376 1391 2508 1448 data
2541 1398 2617 1447 est
2650 1390 2800 1445 mihi.

2043 1501 2062 1536 ι
2097 1484 2253 1539 Alius
2292 1490 2475 1538 autem
2530 1479 2962 1554 supersediflcat.
3015 1475 3412 1549 Unusquisque
3442 1490 3542 1532 au-

1967 1584 2079 1633 tem
2120 1575 2302 1630 videat
2334 1574 2609 1646 quomodo
2635 1573 3056 1646 supermdificet.
3084 1588 3102 1623 ι

1988 1668 2144 1723 -llic
2167 1666 2279 1738 iam
2315 1666 2438 1722 illos
2474 1665 2541 1722 ad
2574 1665 2936 1722 instituenda:
2968 1663 3095 1719 vita
3129 1666 3411 1716 certamen
3450 1657 3539 1713 in-

1968 1759 2164 1816 ducit:
2218 1758 2669 1830 quandoquidem
2715 1772 2814 1814 eos
2863 1756 3035 1814 semel
3077 1752 3459 1827 coniunxerat,
3487 1759 3542 1805 et

1893 1834 1937 1896 Β
1966 1866 2136 1908 unum
2167 1865 2293 1908 esse
2331 1849 2560 1907 fecerat.

2033 1943 2200 2001 Vens.
2249 1944 2341 2000 ll.
2392 1964 2412 1998 ι
2461 1945 2902 2002 Fundamentum
2945 1948 3135 1998 autem
3188 1940 3335 1996 aliud
3379 1953 3543 1996 nemo

1963 2045 2146 2110 potest
2180 2052 2404 2110 ponere,
2439 2045 2638 2109 praeter
2683 2038 2738 2093 id
2773 2036 2920 2108 quod
2959 2034 3204 2106 positum
3246 2043 3368 2102 est,
3395 2033 3543 2102 quod

1963 2139 2048 2187 est
2094 2129 2345 2186 Christus
2375 2128 2560 2187 Iesus.
2602 2148 2623 2183 s

2031 2220 2190 2289 Quod
2239 2223 2336 2290 ait,
2387 2221 2538 2278 hunc
2589 2222 2758 2280 habet
2806 2236 3075 2282 sensum:
3129 2220 3414 2289 Christum
3445 2236 3546 2279 an-

1967 2312 2246 2379 nuntiavi,
2303 2312 2722 2370 fundamentum
2797 2314 2954 2371 vobis
3023 2312 3287 2387 praebui:
3365 2312 3546 2371 videte

1967 2404 2249 2476 quomodo
2277 2404 2603 2473 aedificetis;
2645 2419 2758 2461 non
2790 2405 2859 2459 ad
2889 2406 3112 2462 inanem
3143 2403 3543 2486 gloriamunon

1967 2499 2276 2571 discipulos
2318 2513 2514 2556 versus
2563 2496 2818 2556 homines
2864 2496 3234 2557 detrahendo.
3264 2495 3344 2553 Ne
3374 2498 3546 2569 igitur

1969 2592 2274 2650 haeresibus
2328 2592 2572 2647 animum
2669 2591 3044 2650 attendamus.
3112 2589 3546 2646 Fundamentum

1969 2683 2109 2738 enim
2143 2697 2296 2736 nemo
2327 2679 2479 2735 aliud
2509 2689 2677 2751 potest
2728 2696 2939 2748 ponere,
2991 2688 3186 2752 praeter
3210 2678 3266 2745 id
3293 2680 3432 2751 quod
3451 2695 3547 2751 po-

1971 2777 2129 2830 situm
2161 2782 2258 2830 est.
2299 2773 2670 2840 Quamobrem
2692 2788 2860 2845 super
2890 2773 3030 2828 illud
3055 2779 3432 2841 exstruamus,
3457 2772 3541 2828 ei-

1971 2882 2078 2939 que
2116 2866 2284 2923 veluti
2319 2865 2680 2923 fundamento
2714 2866 3110 2922 inhareamus.

1974 3034 1978 3038 ~
2044 2959 2215 3017 Vens.
2244 2959 2338 3034 _l2.
2387 2978 2406 3011 ι
2457 2958 2515 3014 Si
2545 2958 2675 3030 quis
2713 2966 2897 3014 autem
2941 2955 3350 3030 supersedilicat
3381 2971 3551 3028 super

1975 3052 2398 3110 fundamentum
2473 3051 2602 3119 ltOc,
2665 3065 2886 3117 aurum,
2966 3059 3284 3122 argentum,
3337 3047 3548 3120 lapides

1975 3143 2264 3215 pretiosos,
2299 3142 2468 3213 ligna,
2503 3139 2714 3208 fenum,
2747 3139 3034 3212 stipulam.
3077 3157 3098 3193 ι

369 3237 472 3291 Τὸν
497 3237 595 3310 μὲν
623 3238 874 3312 θεμέλιον
911 3241 1160 3312 φανερῶς
1187 3241 1361 3309 οὕτως
1389 3243 1654 3316 ιδήλωσεν
1679 3244 1870 3313 εἰπὼν,

2043 3233 2480 3290 Fundamentum
2507 3231 2728 3304 quidem
2761 3231 2844 3288 sic
2870 3229 3160 3303 Perspicue
3189 3228 3546 3302 significavit,

293 3329 380 3384 ὅτι
404 3329 433 3382 δ
472 3331 706 3397 Χριστός
733 3335 905 3388 ἐστιν.
945 3333 1009 3388 Ἥ
1041 3333 1100 3388 δὲ
1122 3335 1380 3408 οἰκοδομὴ
1427 3337 1587 3410 δῆλον
1613 3339 1697 3392 ὅτι
1743 3339 1876 3412 περὶ

292 3419 552 3491 πράξεων
613 3423 829 3497 εἴρηται
858 3424 1099 3494 ἀγαθῶν.
1125 3426 1200 3481 Τὸ
1226 3427 1283 3481 δὲ
1317 3428 1572 3499 διάφορον
1620 3428 1720 3501 τῆς
1743 3429 1875 3502 ὕλης

295 3513 408 3567 τῶν
445 3515 988 3588 ἐποικοδομουμένων
1014 3517 1110 3590 τὴν
1141 3517 1395 3590 πολυειδῆ
1426 3522 1742 3594 προαίρεσιν
1766 3520 1876 3578 τῶν

297 3606 683 3678 ἐργαζομένων
709 3608 988 3679 σημαίνει,
1019 3611 1208 3684 ἐπειδὴ
1238 3612 1286 3666 oi
1318 3612 1417 3682 μὲν
1447 3613 1874 3685 σπουδαιότεροι,

296 3697 350 3750 oi.
379 3695 436 3750 δὲ
464 3696 824 3770 ρᾳθυμότεροί
851 3700 1009 3753 είσινο
1065 3701 1161 3755 καὶ
1184 3703 1232 3755 οἱ
1265 3701 1365 3771 μὲν
1393 3701 1796 3774 ἀκριϐέστεροι,
1823 3704 1876 3758 οἱ

297 3789 358 3844 δὲ
389 3789 827 3864 καταδεέστερον
885 3791 981 3847 καὶ
1029 3780 1080 3848 οί
1111 3794 1211 3864 μὲν
1253 3796 1323 3851 τὰ
1368 3795 1598 3860 ἐλάττω,
1641 3799 1691 3854 oi
1725 3797 1781 3852 δὲ
1808 3799 1876 3854 τὰ

300 3879 527 3951 μείζονα
553 3881 902 3954 κατορθοῦσι*
947 3883 1041 3939 καὶ
1062 3887 1113 3939 oi
1155 3887 1255 3957 μὲν
1307 3886 1692 3959 χαλεπώτερα,
1740 3889 1790 3943 oi
1817 3888 1877 3944 δὲ

297 3969 562 4027 ἐλάττονα
592 3973 1029 4046 πλημμελοῦσιν.

383 4105 404 4136 ε
439 4085 704 4141 Ἐκάστου
724 4086 786 4142 τὸ
835 4086 996 4160 ἔργον
1045 4090 1275 4161 φανερὸν
1319 4092 1627 4162 γενήσεται.
1676 4090 1741 4147 Ἠ
1769 4093 1877 4165 γὰρ

297 4179 485 4253 ἡμέρα
537 4181 803 4254 δηλώσει,
840 4181 924 4237 ὅτι
978 4182 1039 4236 ὲν
1066 4184 1198 4256 πυρὶ
1251 4184 1720 4253 ἀποκαλύπτεται,
1781 4186 1879 4244 καὶ

300 4273 536 4329 ἑκάστου
593 4275 656 4330 τὸ
717 4276 879 4348 ἔργον
904 4317 921 4345 ,
960 4277 1144 4332 ὁποῖόν
1197 4279 1381 4346 ἔστιν,
1421 4277 1481 4333 τὸ
1512 4278 1623 4368 πῦρ
1649 4279 1878 4352 δοκιμά-

303 4383 408 4420 σει.
441 4387 460 4419 1

387 4481 520 4535 Ἀπὸ
549 4481 657 4537 τῶν
701 4483 1000 4556 μελλόντων
1022 4483 1220 4549 αὐτοὺς
1249 4483 1424 4552 φοσεῐ,
1452 4483 1553 4557 τὴν
1577 4484 1635 4539 δὲ
1664 4485 1879 4556 ἡμέραν

1976 3326 2170 3384 dicens
2200 3326 2338 3382 illud
2383 3340 2510 3382 esse
2553 3323 2856 3382 Christum.
2920 3323 3364 3381 Ediﬁcationem
3416 3336 3550 3380 vero

1974 3422 2044 3479 de
2075 3422 2337 3493 operibus
2364 3421 2534 3478 bonis
2560 3434 2685 3477 esse
2719 3418 2922 3474 dictam
2975 3417 3167 3491 liquet.
3217 3418 3548 3476 Discrimine

1975 3529 2107 3571 vero
2143 3513 2389 3570 materne
2420 3527 2616 3570 eorum
2666 3527 2789 3583 qua:
2835 3511 3198 3579 aedificantur,
3231 3511 3550 3567 multimoda

1976 3604 2324 3676 operantium
2383 3604 2641 3660 voluntas
2706 3601 3070 3675 significatur.
3126 3601 3400 3670 Quoniam
3457 3601 3548 3657 alii

1977 3697 2345 3755 studiosiores
2411 3705 2567 3764 sunt,
2625 3697 2718 3752 alii
2796 3696 3110 3768 segniores;
3172 3703 3550 3752 accuratiores

1975 3791 2092 3855 alii,
2153 3791 2241 3845 alii
2298 3789 2644 3846 deteriores:
2700 3798 2866 3860 atque
2895 3785 2989 3842 alii
3042 3786 3280 3853 minora,
3338 3786 3550 3856 majora

1977 3884 2070 3939 alii
2105 3890 2401 3954 praestant;
2432 3882 2528 3939 alii
2563 3882 2807 3954 denique
2835 3879 3212 3952 gravioribus,
3243 3879 3552 3936 levioribus

1975 3984 2212 4047 peccant
2244 3975 2362 4030 alii.

2050 4088 2218 4147 Vrsas.
2278 4089 2366 4144 l5.
2420 4108 2440 4142 ι
2491 4087 2946 4160 Uniuscujusque
2998 4101 3140 4159 opus
3194 4085 3547 4143 manifestum

1978 4185 2105 4240 erit.
2152 4184 2279 4241 Dies
2330 4185 2478 4241 enim
2525 4181 2742 4238 Domini
2783 4179 3113 4246 declarabit,
3169 4179 3297 4251 quia
3328 4178 3381 4232 in
3426 4178 3552 4250 igne

1978 4276 2363 4333 revelabitur:
2416 4284 2471 4332 et
2533 4274 2972 4345 uniuscujusque
3019 4287 3164 4345 opus
3219 4270 3362 4343 ignis
3429 4285 3553 4342 pro—

1977 4367 2155 4425 habit.

2048 4483 2093 4538 A
2145 4482 2348 4540 futuris
2401 4496 2499 4539 eos
2547 4481 2786 4551 territat,
2837 4480 3172 4537 mentionem
3213 4479 3420 4536 faciens
3444 4479 3552 4536 diei

302 4573 487 4636 αὐτοῖς
516 4571 732 4644 ἐκείνην
759 4571 979 4644 μηνύων
1020 4572 1119 4645 τὴν
1162 4572 1420 4644 φοϐερὰν,
1467 4573 1565 4646 τὴν
1607 4573 1702 4628 τοῦ
1732 4575 1873 4629 θείου

1980 4577 2245 4633 terribilis
2301 4576 2475 4632 divini
2515 4574 2733 4647 iudicii,
2797 4572 3021 4646 quando
3071 4571 3260 4646 judice
3326 4572 3554 4630 sedente

304 4665 709 4735 δικαιωτηρίου,
745 4664 866 4719 καθ’
897 4665 963 4738 ἢν
992 4665 1360 4737 καθεζομένου
1389 4664 1484 4719 τοῦ
1530 4665 1742 4738 κριτοῦ,
1785 4685 1882 4721 πο-

304 4756 479 4827 ταμὸς
516 4757 823 4829 ἔμπροσθεν
853 4755 1017 4812 αὑτοῦ
1055 4758 1227 4811 sum
1257 4759 1451 4830 πυρός.

387 4891 405 4923 ι
441 4872 509 4925 Et
528 4887 671 4936 τινος
697 4873 759 4940 τὸ
790 4871 950 4944 ἔργον
978 4872 1134 4946 μένῃ,
1163 4873 1192 4927 ὃ
1213 4873 1655 4944 ἐπῳκοδόμησεν,
1689 4874 1880 4946 μισθὸν

306 4964 556 5036 λήψεται.
600 4964 665 5018 Et
683 4982 829 5030 τινος
848 4965 909 5019 τὸ
937 4965 1097 5037 ἔργον
1133 4966 1563 5038 κατακαήσεται,
1598 4966 1882 5040 ζημιωθή-

310 5067 485 5106 σεται.
518 5070 538 5104 1

383 5162 450 5214 '0
464 5161 614 5231 λέγει
645 5164 887 5221 τοιοῦτόν
916 5166 1052 5220 ἐστι·
1082 5167 1137 5220 εί
1159 5185 1244 5232 τις
1270 5170 1440 5224 κακὸν
1468 5171 1581 5240 βίον
1604 5171 1716 5243 ἔχει
1746 5172 1884 5242 μετά

1983 4669 2184 4727 ﬂuvius
2213 4670 2357 4743 ignis
2383 4684 2584 4726 coram
2616 4684 2682 4725 eo
2712 4666 2944 4739 proﬂuet
2972 4666 3045 4723 ’⁷.

2055 4870 2225 4926 Vens.
2254 4871 2342 4925 Η.
2379 4888 2399 4923 ι
2438 4867 2496 4926 Si
2527 4870 2688 4941 cujus
2718 4884 2857 4940 opus
2885 4867 3170 4933 manserit,
3191 4867 3338 4940 quod
3363 4882 3554 4937 super-

1985 4963 2298 5029 aedificavit,
2331 4963 2639 5027 mercedem
2679 4961 2938 5033 accipiet.
2978 4960 3036 5016 Si
3097 4961 3257 5033 cujus
3297 4976 3436 5034 Opus
3462 4974 3553 5016 ar-

1986 5055 2143 5122 serit,
2187 5055 2577 5111 detrimentum
2621 5056 2878 5125 patietur.
2914 5072 2932 5105 ι

2053 5165 2261 5224 Horum
2295 5168 2590 5222 verborum
2624 5166 2999 5239 significantia
3030 5165 3146 5222 haec
3179 5175 3265 5221 est
3300 5183 3315 5220 :
3349 5164 3394 5220 si
3431 5165 3554 5236 quis

309 5252 548 5317 πίστεως
572 5254 761 5327 ὀρθῆς,
785 5256 1110 5325 προσέσεται
1147 5259 1310 5314 αὑτοῦ
1336 5263 1369 5333 ἡ
1394 5256 1586 5327 πίστις’
1603 5265 1682 5327 είς
1711 5262 1774 5316 τὸ
1809 5261 1873 5334 μὴ

1980 5274 2106 5336 cum
2135 5267 2283 5315 recta
2309 5259 2414 5314 fide
2441 5274 2665 5330 pravam
2694 5261 2858 5312 vitam
2899 5258 3144 5325 duxerit,
3193 5256 3326 5316 fides
3361 5256 3410 5311 ei
3444 5272 3554 5311 non

310 5340 656 5409 κολάξεσθαι,
683 5344 777 5399 τοῦ
826 5345 990 5418 ἔργου
1021 5351 1480 5422 κατακαιομένου.
1519 5351 1590 5406 Τὸ
1614 5352 1673 5405 δὲ
1705 5368 1886 5408 κατα-

310 5431 624 5503 καήσεται,
673 5439 973 5505 τουτέστιν,
1027 5443 1128 5497 οὐκ
1160 5443 1296 5498 οίσει
1335 5444 1428 5498 τοῦ
1463 5444 1632 5518 πυρὸς
1660 5443 1760 5516 τὴν
1790 5444 1885 5515 pd.

310 5543 442 5597 μην,
474 5526 590 5582 ἀλλ’
611 5528 800 5601 ὥσπερ
819 5533 875 5588 ei
909 5550 994 5596 τις
1040 5536 1217 5607 χρυσᾶ
1245 5537 1384 5592 ὅπλα
1412 5536 1550 5608 ἔχων
1571 5537 1760 5610 διέλθῃ
1785 5551 1885 5591 πο-

309 5615 485 5685 ταμὸν
534 5618 728 5692 πυρὸς,
759 5623 1112 5698 φαιδρότερον
1138 5627 1427 5685 διαϐαίνει.
1483 5627 1543 5682 Et
1578 5629 1632 5683 δὲ
1691 5628 1882 5701 χόρτον

384 5795 429 5829 ⁸⁷
463 5794 600 5853 Dan.
618 5812 717 5863 vn,
742 5799 826 5855 lo.

1980 5351 2247 5422 proderit,
2294 5361 2356 5406 ut
2421 5368 2532 5407 non
2595 5351 2826 5406 ardente
2885 5366 3050 5422 opere
3106 5366 3207 5407 suo
3267 5349 3549 5421 puniatur.

1985 5445 2140 5513 Quod
2172 5461 2336 5515 porro
2367 5446 2464 5512 ait,
2497 5445 2712 5510 arserit,
2740 5444 2885 5500 idem
2916 5452 3000 5500 est
3044 5460 3129 5510 ac,
3172 5458 3284 5498 non
3328 5440 3434 5513 73
3469 5440 3550 5496 fe-

1989 5546 2074 5594 ret
2097 5538 2240 5608 ignis
2263 5538 2566 5608 impetum:
2603 5535 2700 5591 sed
2731 5536 2880 5591 velut
2917 5535 2964 5591 si
2998 5534 3124 5606 quis
3159 5533 3346 5590 aureis
3382 5531 3554 5588 armis

1989 5630 2215 5685 indutus
2243 5626 2444 5684 flumen
2477 5627 2619 5699 ignis
2669 5617 2932 5698 trajieiat,
2968 5622 3309 5698 splendidior
3335 5617 3554 5693 egredi-
