  <div class='ocr_page' id='page_1' title='image "/cluster/home/n/w/nwhite01/storage/ocr_20150623/95/mdp.39015004289776/311.png"; bbox 0 0 4038 6284; ppageno 0'>
   <div class='ocr_carea' id='block_1_1' title="bbox 491 305 593 370">
    <p class='ocr_par' dir='ltr' id='par_1_1' title="bbox 491 305 593 370">
     <span class='ocr_line' id='line_1_1' title="bbox 491 305 593 370; baseline 0.049 -4"><span class='ocrx_word' id='word_1_1' title='bbox 491 305 593 370; x_wconf 76' lang='grc'><strong>599</strong></span> 
     </span>
    </p>
   </div>
   <div class='ocr_carea' id='block_1_2' title="bbox 1128 412 1428 469">
    <p class='ocr_par' dir='ltr' id='par_1_2' title="bbox 1128 412 1428 469">
     <span class='ocr_line' id='line_1_2' title="bbox 1128 412 1428 469; baseline 0.003 -1"><span class='ocrx_word' id='word_1_2' title='bbox 1128 412 1277 469; x_wconf 80' lang='lat' dir='ltr'><strong>CAP.</strong></span> <span class='ocrx_word' id='word_1_3' title='bbox 1335 412 1428 469; x_wconf 74' lang='grc' dir='ltr'><strong>Ν.</strong></span> 
     </span>
    </p>
   </div>
   <div class='ocr_carea' id='block_1_3' title="bbox 565 523 2060 586">
    <p class='ocr_par' dir='ltr' id='par_1_3' title="bbox 565 523 2060 586">
     <span class='ocr_line' id='line_1_3' title="bbox 565 523 2060 586; baseline -0.003 0"><span class='ocrx_word' id='word_1_4' title='bbox 565 530 734 586; x_wconf 66' lang='lat' dir='ltr'><strong>Vens.</strong></span> <span class='ocrx_word' id='word_1_5' title='bbox 764 529 814 586; x_wconf 82' lang='lat' dir='ltr'><strong>l.</strong></span> <span class='ocrx_word' id='word_1_6' title='bbox 848 547 867 582; x_wconf 82' lang='grc' dir='ltr'><strong>ι</strong></span> <span class='ocrx_word' id='word_1_7' title='bbox 903 527 995 584; x_wconf 85' lang='lat' dir='ltr'><strong>Sic</strong></span> <span class='ocrx_word' id='word_1_8' title='bbox 1026 544 1127 585; x_wconf 92' lang='lat' dir='ltr'><strong>nos</strong></span> <span class='ocrx_word' id='word_1_9' title='bbox 1161 529 1438 584; x_wconf 78' lang='lat' dir='ltr'><strong>existimet</strong></span> <span class='ocrx_word' id='word_1_10' title='bbox 1483 527 1647 583; x_wconf 82' lang='lat' dir='ltr'><strong>homo</strong></span> <span class='ocrx_word' id='word_1_11' title='bbox 1670 526 1810 582; x_wconf 81' lang='lat' dir='ltr'><strong>sicut</strong></span> <span class='ocrx_word' id='word_1_12' title='bbox 1836 523 1927 582; x_wconf 88' lang='lat' dir='ltr'><strong>Dei</strong></span> <span class='ocrx_word' id='word_1_13' title='bbox 1955 526 2060 582; x_wconf 86' lang='lat' dir='ltr'><strong>mi-</strong></span> 
     </span>
    </p>
   </div>
   <div class='ocr_carea' id='block_1_4' title="bbox 499 616 1880 691">
    <p class='ocr_par' dir='ltr' id='par_1_4' title="bbox 499 616 1880 691">
     <span class='ocr_line' id='line_1_4' title="bbox 499 616 1880 691; baseline -0.007 -13"><span class='ocrx_word' id='word_1_14' title='bbox 499 623 729 685; x_wconf 85' lang='lat' dir='ltr'><strong>nistros,</strong></span> <span class='ocrx_word' id='word_1_15' title='bbox 759 632 811 676; x_wconf 87' lang='lat' dir='ltr'><strong>et</strong></span> <span class='ocrx_word' id='word_1_16' title='bbox 845 621 1256 690; x_wconf 78' lang='lat' dir='ltr'><strong>dispensatores</strong></span> <span class='ocrx_word' id='word_1_17' title='bbox 1282 619 1672 691; x_wconf 75' lang='lat' dir='ltr'><strong>mysteriorum</strong></span> <span class='ocrx_word' id='word_1_18' title='bbox 1710 616 1823 672; x_wconf 85' lang='lat' dir='ltr'><strong>Dei.</strong></span> <span class='ocrx_word' id='word_1_19' title='bbox 1861 635 1880 668; x_wconf 75' lang='grc' dir='ltr'><strong>ι</strong></span> 
     </span>
    </p>
   </div>
   <div class='ocr_carea' id='block_1_5' title="bbox 567 708 2060 782">
    <p class='ocr_par' dir='ltr' id='par_1_5' title="bbox 567 708 2060 782">
     <span class='ocr_line' id='line_1_5' title="bbox 567 708 2060 782; baseline -0.003 -16"><span class='ocrx_word' id='word_1_20' title='bbox 567 712 644 768; x_wconf 76' lang='lat' dir='ltr'><strong>Ne</strong></span> <span class='ocrx_word' id='word_1_21' title='bbox 682 713 871 782; x_wconf 79' lang='lat' dir='ltr'><strong>igitur,</strong></span> <span class='ocrx_word' id='word_1_22' title='bbox 907 711 1138 766; x_wconf 88' lang='lat' dir='ltr'><strong>Domino</strong></span> <span class='ocrx_word' id='word_1_23' title='bbox 1182 711 1396 778; x_wconf 89' lang='lat' dir='ltr'><strong>relicto,</strong></span> <span class='ocrx_word' id='word_1_24' title='bbox 1447 709 1781 768; x_wconf 88' lang='lat' dir='ltr'><strong>famulorum</strong></span> <span class='ocrx_word' id='word_1_25' title='bbox 1839 708 2060 765; x_wconf 87' lang='lat' dir='ltr'><strong>nomina</strong></span> 
     </span>
    </p>
   </div>
   <div class='ocr_carea' id='block_1_6' title="bbox 497 805 1008 862">
    <p class='ocr_par' dir='ltr' id='par_1_6' title="bbox 497 805 1008 862">
     <span class='ocr_line' id='line_1_6' title="bbox 497 805 1008 862; baseline 0 -1"><span class='ocrx_word' id='word_1_26' title='bbox 497 808 658 862; x_wconf 68' lang='lat' dir='ltr'><strong>vobis</strong></span> <span class='ocrx_word' id='word_1_27' title='bbox 698 805 1008 861; x_wconf 83' lang='lat' dir='ltr'><strong>asciscatis.</strong></span> 
     </span>
    </p>
   </div>
   <div class='ocr_carea' id='block_1_7' title="bbox 571 895 2065 968">
    <p class='ocr_par' dir='ltr' id='par_1_7' title="bbox 571 895 2065 968">
     <span class='ocr_line' id='line_1_7' title="bbox 571 895 2065 968; baseline 0.002 -17"><span class='ocrx_word' id='word_1_28' title='bbox 571 895 736 953; x_wconf 80' lang='lat' dir='ltr'><strong>Vens.</strong></span> <span class='ocrx_word' id='word_1_29' title='bbox 766 896 888 952; x_wconf 73' lang='grc'><strong>2-5.</strong></span> <span class='ocrx_word' id='word_1_30' title='bbox 922 916 941 949; x_wconf 79' lang='grc' dir='ltr'>ι</span> <span class='ocrx_word' id='word_1_31' title='bbox 970 896 1128 964; x_wconf 85' lang='lat' dir='ltr'><strong>Quod</strong></span> <span class='ocrx_word' id='word_1_32' title='bbox 1158 903 1437 967; x_wconf 88' lang='lat' dir='ltr'><strong>superest,</strong></span> <span class='ocrx_word' id='word_1_33' title='bbox 1472 898 1740 968; x_wconf 69' lang='lat' dir='ltr'><strong>quaeritur</strong></span> <span class='ocrx_word' id='word_1_34' title='bbox 1769 899 1911 953; x_wconf 88' lang='lat' dir='ltr'><strong>inter</strong></span> <span class='ocrx_word' id='word_1_35' title='bbox 1950 898 2065 954; x_wconf 83' lang='lat' dir='ltr'><strong>dis-</strong></span> 
     </span>
    </p>
   </div>
   <div class='ocr_carea' id='block_1_8' title="bbox 499 986 2064 1060">
    <p class='ocr_par' dir='ltr' id='par_1_8' title="bbox 499 986 2064 1060">
     <span class='ocr_line' id='line_1_8' title="bbox 499 986 2064 1060; baseline -0.001 -14"><span class='ocrx_word' id='word_1_36' title='bbox 499 1001 854 1060; x_wconf 78' lang='lat' dir='ltr'><strong>pensatores,</strong></span> <span class='ocrx_word' id='word_1_37' title='bbox 894 998 955 1043; x_wconf 90' lang='lat' dir='ltr'><strong>nt</strong></span> <span class='ocrx_word' id='word_1_38' title='bbox 999 986 1174 1044; x_wconf 81' lang='lat' dir='ltr'><strong>ﬁdelis</strong></span> <span class='ocrx_word' id='word_1_39' title='bbox 1225 987 1352 1059; x_wconf 89' lang='lat' dir='ltr'><strong>quis</strong></span> <span class='ocrx_word' id='word_1_40' title='bbox 1403 988 1736 1044; x_wconf 73' lang='lat' dir='ltr'><strong>inveniatur.</strong></span> <span class='ocrx_word' id='word_1_41' title='bbox 1788 987 1917 1046; x_wconf 74' lang='lat' dir='ltr'><strong>Mihi</strong></span> <span class='ocrx_word' id='word_1_42' title='bbox 1961 1004 2064 1044; x_wconf 84' lang='lat' dir='ltr'><strong>au-</strong></span> 
     </span>
    </p>
   </div>
   <div class='ocr_carea' id='block_1_9' title="bbox 501 1076 2068 1150">
    <p class='ocr_par' dir='ltr' id='par_1_9' title="bbox 501 1076 2068 1150">
     <span class='ocr_line' id='line_1_9' title="bbox 501 1076 2068 1150; baseline 0.003 -18"><span class='ocrx_word' id='word_1_43' title='bbox 501 1089 607 1133; x_wconf 78' lang='lat' dir='ltr'><strong>tem</strong></span> <span class='ocrx_word' id='word_1_44' title='bbox 641 1093 740 1150; x_wconf 88' lang='lat' dir='ltr'><strong>pro</strong></span> <span class='ocrx_word' id='word_1_45' title='bbox 796 1078 1027 1133; x_wconf 88' lang='lat' dir='ltr'><strong>minimo</strong></span> <span class='ocrx_word' id='word_1_46' title='bbox 1083 1083 1169 1133; x_wconf 91' lang='lat' dir='ltr'><strong>est</strong></span> <span class='ocrx_word' id='word_1_47' title='bbox 1217 1089 1338 1132; x_wconf 89' lang='lat' dir='ltr'><strong>uta</strong></span> <span class='ocrx_word' id='word_1_48' title='bbox 1387 1076 1545 1135; x_wconf 81' lang='lat' dir='ltr'><strong>vobis</strong></span> <span class='ocrx_word' id='word_1_49' title='bbox 1594 1078 1834 1149; x_wconf 88' lang='lat' dir='ltr'><strong>judicer,</strong></span> <span class='ocrx_word' id='word_1_50' title='bbox 1871 1087 1965 1135; x_wconf 85' lang='lat' dir='ltr'><strong>aut</strong></span> <span class='ocrx_word' id='word_1_51' title='bbox 1997 1079 2068 1136; x_wconf 86' lang='lat' dir='ltr'><strong>ab</strong></span> 
     </span>
    </p>
   </div>
   <div class='ocr_carea' id='block_1_10' title="bbox 499 1169 2069 1242">
    <p class='ocr_par' dir='ltr' id='par_1_10' title="bbox 499 1169 2069 1242">
     <span class='ocr_line' id='line_1_10' title="bbox 499 1169 2069 1242; baseline 0.002 -17"><span class='ocrx_word' id='word_1_52' title='bbox 499 1171 744 1226; x_wconf 84' lang='lat' dir='ltr'><strong>humano</strong></span> <span class='ocrx_word' id='word_1_53' title='bbox 789 1169 912 1237; x_wconf 90' lang='lat' dir='ltr'><strong>die;</strong></span> <span class='ocrx_word' id='word_1_54' title='bbox 975 1169 1074 1225; x_wconf 89' lang='lat' dir='ltr'><strong>sed</strong></span> <span class='ocrx_word' id='word_1_55' title='bbox 1101 1185 1303 1241; x_wconf 82' lang='lat' dir='ltr'><strong>neque</strong></span> <span class='ocrx_word' id='word_1_56' title='bbox 1341 1170 1608 1242; x_wconf 87' lang='lat' dir='ltr'><strong>meipsum</strong></span> <span class='ocrx_word' id='word_1_57' title='bbox 1649 1169 1862 1238; x_wconf 77' lang='lat' dir='ltr'><strong>judico.</strong></span> <span class='ocrx_word' id='word_1_58' title='bbox 1919 1169 2069 1228; x_wconf 80' lang='lat' dir='ltr'><strong>Nihil</strong></span> 
     </span>
    </p>
   </div>
   <div class='ocr_carea' id='block_1_11' title="bbox 501 1262 2065 1335">
    <p class='ocr_par' dir='ltr' id='par_1_11' title="bbox 501 1262 2065 1335">
     <span class='ocr_line' id='line_1_11' title="bbox 501 1262 2065 1335; baseline -0.001 -16"><span class='ocrx_word' id='word_1_59' title='bbox 501 1264 646 1319; x_wconf 86' lang='lat' dir='ltr'><strong>enim</strong></span> <span class='ocrx_word' id='word_1_60' title='bbox 678 1263 816 1318; x_wconf 90' lang='lat' dir='ltr'><strong>mihi</strong></span> <span class='ocrx_word' id='word_1_61' title='bbox 847 1262 1107 1320; x_wconf 88' lang='lat' dir='ltr'><strong>conscius</strong></span> <span class='ocrx_word' id='word_1_62' title='bbox 1139 1278 1259 1318; x_wconf 87' lang='lat' dir='ltr'><strong>sum</strong></span> <span class='ocrx_word' id='word_1_63' title='bbox 1288 1281 1301 1318; x_wconf 92' lang='lat'><strong>:</strong></span> <span class='ocrx_word' id='word_1_64' title='bbox 1328 1262 1422 1319; x_wconf 88' lang='lat' dir='ltr'><strong>sed</strong></span> <span class='ocrx_word' id='word_1_65' title='bbox 1451 1279 1561 1320; x_wconf 89' lang='lat' dir='ltr'><strong>non</strong></span> <span class='ocrx_word' id='word_1_66' title='bbox 1593 1263 1650 1318; x_wconf 87' lang='lat' dir='ltr'><strong>in</strong></span> <span class='ocrx_word' id='word_1_67' title='bbox 1669 1263 1771 1320; x_wconf 88' lang='lat' dir='ltr'><strong>hoc</strong></span> <span class='ocrx_word' id='word_1_68' title='bbox 1791 1263 2065 1335; x_wconf 75' lang='lat' dir='ltr'><strong>iustiﬁca-</strong></span> 
     </span>
    </p>
   </div>
   <div class='ocr_carea' id='block_1_12' title="bbox 499 1353 2062 1425">
    <p class='ocr_par' dir='ltr' id='par_1_12' title="bbox 499 1353 2062 1425">
     <span class='ocr_line' id='line_1_12' title="bbox 499 1353 2062 1425; baseline 0.001 -17"><span class='ocrx_word' id='word_1_69' title='bbox 499 1364 591 1410; x_wconf 86' lang='lat' dir='ltr'><strong>tus</strong></span> <span class='ocrx_word' id='word_1_70' title='bbox 647 1368 802 1420; x_wconf 87' lang='lat' dir='ltr'><strong>sum;</strong></span> <span class='ocrx_word' id='word_1_71' title='bbox 857 1353 950 1425; x_wconf 85' lang='lat' dir='ltr'><strong>qui</strong></span> <span class='ocrx_word' id='word_1_72' title='bbox 998 1365 1178 1410; x_wconf 89' lang='lat' dir='ltr'><strong>autem</strong></span> <span class='ocrx_word' id='word_1_73' title='bbox 1226 1353 1437 1425; x_wconf 72' lang='lat' dir='ltr'><strong>iudicat</strong></span> <span class='ocrx_word' id='word_1_74' title='bbox 1483 1370 1591 1421; x_wconf 92' lang='lat' dir='ltr'><strong>me,</strong></span> <span class='ocrx_word' id='word_1_75' title='bbox 1638 1353 1903 1411; x_wconf 83' lang='lat' dir='ltr'><strong>Dominus</strong></span> <span class='ocrx_word' id='word_1_76' title='bbox 1953 1363 2062 1412; x_wconf 89' lang='lat' dir='ltr'><strong>est.</strong></span> 
     </span>
    </p>
   </div>
   <div class='ocr_carea' id='block_1_13' title="bbox 500 1445 2070 1520">
    <p class='ocr_par' dir='ltr' id='par_1_13' title="bbox 500 1445 2070 1520">
     <span class='ocr_line' id='line_1_13' title="bbox 500 1445 2070 1520; baseline 0.001 -18"><span class='ocrx_word' id='word_1_77' title='bbox 500 1447 688 1519; x_wconf 86' lang='lat' dir='ltr'><strong>Itaque</strong></span> <span class='ocrx_word' id='word_1_78' title='bbox 747 1445 919 1502; x_wconf 88' lang='lat' dir='ltr'><strong>nolite</strong></span> <span class='ocrx_word' id='word_1_79' title='bbox 974 1454 1103 1502; x_wconf 86' lang='lat' dir='ltr'><strong>ante</strong></span> <span class='ocrx_word' id='word_1_80' title='bbox 1140 1453 1358 1518; x_wconf 80' lang='lat' dir='ltr'><strong>tempus</strong></span> <span class='ocrx_word' id='word_1_81' title='bbox 1399 1445 1671 1514; x_wconf 86' lang='lat' dir='ltr'><strong>judicare,</strong></span> <span class='ocrx_word' id='word_1_82' title='bbox 1705 1445 2070 1520; x_wconf 74' lang='lat' dir='ltr'><strong>quoadusque</strong></span> 
     </span>
    </p>
   </div>
   <div class='ocr_carea' id='block_1_14' title="bbox 499 1536 2070 1610">
    <p class='ocr_par' dir='ltr' id='par_1_14' title="bbox 499 1536 2070 1610">
     <span class='ocr_line' id='line_1_14' title="bbox 499 1536 2070 1610; baseline 0.002 -20"><span class='ocrx_word' id='word_1_83' title='bbox 499 1540 686 1595; x_wconf 77' lang='lat' dir='ltr'><strong>venint</strong></span> <span class='ocrx_word' id='word_1_84' title='bbox 734 1537 1017 1603; x_wconf 85' lang='lat' dir='ltr'><strong>Dominus,</strong></span> <span class='ocrx_word' id='word_1_85' title='bbox 1062 1538 1158 1609; x_wconf 86' lang='lat' dir='ltr'><strong>qui</strong></span> <span class='ocrx_word' id='word_1_86' title='bbox 1187 1546 1241 1594; x_wconf 89' lang='lat' dir='ltr'><strong>et</strong></span> <span class='ocrx_word' id='word_1_87' title='bbox 1303 1536 1634 1594; x_wconf 89' lang='lat' dir='ltr'><strong>illuminabit</strong></span> <span class='ocrx_word' id='word_1_88' title='bbox 1683 1536 1793 1610; x_wconf 67' lang='grc'><strong>74</strong></span> <span class='ocrx_word' id='word_1_89' title='bbox 1835 1539 2070 1593; x_wconf 80' lang='lat' dir='ltr'><strong>abscon-</strong></span> 
     </span>
    </p>
   </div>
   <div class='ocr_carea' id='block_1_15' title="bbox 501 1626 2067 1694">
    <p class='ocr_par' dir='ltr' id='par_1_15' title="bbox 501 1626 2067 1694">
     <span class='ocr_line' id='line_1_15' title="bbox 501 1626 2067 1694; baseline 0 -12"><span class='ocrx_word' id='word_1_90' title='bbox 501 1630 612 1683; x_wconf 88' lang='lat' dir='ltr'><strong>dita</strong></span> <span class='ocrx_word' id='word_1_91' title='bbox 646 1627 1018 1694; x_wconf 83' lang='lat' dir='ltr'><strong>tenebrarum,</strong></span> <span class='ocrx_word' id='word_1_92' title='bbox 1049 1637 1105 1684; x_wconf 91' lang='lat' dir='ltr'><strong>et</strong></span> <span class='ocrx_word' id='word_1_93' title='bbox 1139 1626 1511 1683; x_wconf 86' lang='lat' dir='ltr'><strong>manifestabit</strong></span> <span class='ocrx_word' id='word_1_94' title='bbox 1534 1627 1766 1683; x_wconf 88' lang='lat' dir='ltr'><strong>consilia</strong></span> <span class='ocrx_word' id='word_1_95' title='bbox 1793 1627 2067 1683; x_wconf 86' lang='lat' dir='ltr'><strong>eordium.</strong></span> 
     </span>
    </p>
   </div>
   <div class='ocr_carea' id='block_1_16' title="bbox 500 1719 1643 1791">
    <p class='ocr_par' dir='ltr' id='par_1_16' title="bbox 500 1719 1643 1791">
     <span class='ocr_line' id='line_1_16' title="bbox 500 1719 1643 1791; baseline -0.001 -16"><span class='ocrx_word' id='word_1_96' title='bbox 500 1720 567 1776; x_wconf 82' lang='lat' dir='ltr'><strong>Et</strong></span> <span class='ocrx_word' id='word_1_97' title='bbox 601 1731 729 1776; x_wconf 87' lang='lat' dir='ltr'><strong>tunc</strong></span> <span class='ocrx_word' id='word_1_98' title='bbox 761 1721 881 1777; x_wconf 85' lang='lat' dir='ltr'><strong>laus</strong></span> <span class='ocrx_word' id='word_1_99' title='bbox 910 1721 1017 1776; x_wconf 89' lang='lat' dir='ltr'><strong>erit</strong></span> <span class='ocrx_word' id='word_1_100' title='bbox 1042 1720 1344 1791; x_wconf 91' lang='lat' dir='ltr'><strong>unicuique</strong></span> <span class='ocrx_word' id='word_1_101' title='bbox 1377 1735 1408 1775; x_wconf 88' lang='lat' dir='ltr'><strong>a</strong></span> <span class='ocrx_word' id='word_1_102' title='bbox 1450 1719 1583 1776; x_wconf 90' lang='lat' dir='ltr'><strong>Deo.</strong></span> <span class='ocrx_word' id='word_1_103' title='bbox 1622 1740 1643 1774; x_wconf 71' lang='grc' dir='ltr'>ι</span> 
     </span>
    </p>
   </div>
   <div class='ocr_carea' id='block_1_17' title="bbox 571 1809 1885 1878">
    <p class='ocr_par' dir='ltr' id='par_1_17' title="bbox 571 1809 1885 1878">
     <span class='ocr_line' id='line_1_17' title="bbox 571 1809 1885 1878; baseline -0.002 -12"><span class='ocrx_word' id='word_1_104' title='bbox 571 1810 686 1866; x_wconf 85' lang='lat' dir='ltr'><strong>Hoc</strong></span> <span class='ocrx_word' id='word_1_105' title='bbox 710 1822 818 1878; x_wconf 84' lang='lat' dir='ltr'><strong>est,</strong></span> <span class='ocrx_word' id='word_1_106' title='bbox 852 1827 921 1868; x_wconf 90' lang='lat' dir='ltr'><strong>ne</strong></span> <span class='ocrx_word' id='word_1_107' title='bbox 945 1827 1034 1868; x_wconf 90' lang='lat' dir='ltr'><strong>res</strong></span> <span class='ocrx_word' id='word_1_108' title='bbox 1069 1809 1285 1866; x_wconf 87' lang='lat' dir='ltr'><strong>Domini</strong></span> <span class='ocrx_word' id='word_1_109' title='bbox 1319 1811 1402 1866; x_wconf 90' lang='lat' dir='ltr'><strong>sui</strong></span> <span class='ocrx_word' id='word_1_110' title='bbox 1433 1810 1536 1867; x_wconf 86' lang='lat' dir='ltr'><strong>sibi</strong></span> <span class='ocrx_word' id='word_1_111' title='bbox 1569 1811 1828 1867; x_wconf 78' lang='lat' dir='ltr'><strong>vindicet.</strong></span> <span class='ocrx_word' id='word_1_112' title='bbox 1864 1829 1885 1864; x_wconf 77' lang='grc' dir='ltr'><strong>ι</strong></span> 
     </span>
    </p>
   </div>
   <div class='ocr_carea' id='block_1_18' title="bbox 560 1893 2070 1977">
    <p class='ocr_par' dir='ltr' id='par_1_18' title="bbox 560 1893 2070 1977">
     <span class='ocr_line' id='line_1_18' title="bbox 560 1893 2070 1977; baseline 0.001 -20"><span class='ocrx_word' id='word_1_113' title='bbox 560 1893 737 1959; x_wconf 58' lang='grc' dir='ltr'><strong>Ὕειιε.</strong></span> <span class='ocrx_word' id='word_1_114' title='bbox 775 1905 827 1960; x_wconf 87' lang='lat'><strong>6.</strong></span> <span class='ocrx_word' id='word_1_115' title='bbox 868 1921 886 1955; x_wconf 81' lang='grc' dir='ltr'><strong>ι</strong></span> <span class='ocrx_word' id='word_1_116' title='bbox 916 1901 1042 1958; x_wconf 73' lang='lat' dir='ltr'><strong>Haec</strong></span> <span class='ocrx_word' id='word_1_117' title='bbox 1082 1911 1288 1970; x_wconf 88' lang='lat' dir='ltr'><strong>autem,</strong></span> <span class='ocrx_word' id='word_1_118' title='bbox 1317 1901 1539 1972; x_wconf 81' lang='lat' dir='ltr'><strong>fratres,</strong></span> <span class='ocrx_word' id='word_1_119' title='bbox 1583 1903 1973 1977; x_wconf 76' lang='lat' dir='ltr'><strong>transﬁguravi</strong></span> <span class='ocrx_word' id='word_1_120' title='bbox 2013 1903 2070 1959; x_wconf 91' lang='lat' dir='ltr'><strong>in</strong></span> 
     </span>
    </p>
   </div>
   <div class='ocr_carea' id='block_1_19' title="bbox 505 1996 2067 2067">
    <p class='ocr_par' dir='ltr' id='par_1_19' title="bbox 505 1996 2067 2067">
     <span class='ocr_line' id='line_1_19' title="bbox 505 1996 2067 2067; baseline 0.001 -17"><span class='ocrx_word' id='word_1_121' title='bbox 505 2012 591 2050; x_wconf 87' lang='lat' dir='ltr'><strong>me</strong></span> <span class='ocrx_word' id='word_1_122' title='bbox 621 2005 674 2051; x_wconf 92' lang='lat' dir='ltr'><strong>et</strong></span> <span class='ocrx_word' id='word_1_123' title='bbox 707 1996 904 2067; x_wconf 82' lang='lat' dir='ltr'><strong>Apollo</strong></span> <span class='ocrx_word' id='word_1_124' title='bbox 957 2003 1182 2067; x_wconf 82' lang='lat' dir='ltr'><strong>propter</strong></span> <span class='ocrx_word' id='word_1_125' title='bbox 1226 2011 1347 2063; x_wconf 83' lang='lat' dir='ltr'><strong>vos,</strong></span> <span class='ocrx_word' id='word_1_126' title='bbox 1403 2003 1462 2053; x_wconf 92' lang='lat' dir='ltr'><strong>ut</strong></span> <span class='ocrx_word' id='word_1_127' title='bbox 1501 1996 1557 2052; x_wconf 91' lang='lat' dir='ltr'><strong>in</strong></span> <span class='ocrx_word' id='word_1_128' title='bbox 1602 1997 1762 2054; x_wconf 84' lang='lat' dir='ltr'><strong>nobis</strong></span> <span class='ocrx_word' id='word_1_129' title='bbox 1812 1996 2067 2065; x_wconf 79' lang='lat' dir='ltr'><strong>discatis,</strong></span> 
     </span>
    </p>
   </div>
   <div class='ocr_carea' id='block_1_20' title="bbox 503 2089 2072 2161">
    <p class='ocr_par' dir='ltr' id='par_1_20' title="bbox 503 2089 2072 2161">
     <span class='ocr_line' id='line_1_20' title="bbox 503 2089 2072 2161; baseline 0 -16"><span class='ocrx_word' id='word_1_130' title='bbox 503 2105 612 2145; x_wconf 88' lang='lat' dir='ltr'><strong>non</strong></span> <span class='ocrx_word' id='word_1_131' title='bbox 643 2103 809 2160; x_wconf 87' lang='lat' dir='ltr'><strong>supra</strong></span> <span class='ocrx_word' id='word_1_132' title='bbox 869 2104 1038 2160; x_wconf 88' lang='lat' dir='ltr'><strong>quam</strong></span> <span class='ocrx_word' id='word_1_133' title='bbox 1071 2089 1335 2160; x_wconf 88' lang='lat' dir='ltr'><strong>scriptum</strong></span> <span class='ocrx_word' id='word_1_134' title='bbox 1385 2096 1470 2146; x_wconf 88' lang='lat' dir='ltr'><strong>est</strong></span> <span class='ocrx_word' id='word_1_135' title='bbox 1518 2105 1743 2161; x_wconf 85' lang='lat' dir='ltr'><strong>sapere;</strong></span> <span class='ocrx_word' id='word_1_136' title='bbox 1802 2105 1871 2148; x_wconf 90' lang='lat' dir='ltr'><strong>ne</strong></span> <span class='ocrx_word' id='word_1_137' title='bbox 1925 2104 2072 2145; x_wconf 86' lang='lat' dir='ltr'><strong>unus</strong></span> 
     </span>
    </p>
   </div>
   <div class='ocr_carea' id='block_1_21' title="bbox 503 2182 1611 2255">
    <p class='ocr_par' dir='ltr' id='par_1_21' title="bbox 503 2182 1611 2255">
     <span class='ocr_line' id='line_1_21' title="bbox 503 2182 1611 2255; baseline -0.001 -17"><span class='ocrx_word' id='word_1_138' title='bbox 503 2199 606 2255; x_wconf 88' lang='lat' dir='ltr'><strong>pro</strong></span> <span class='ocrx_word' id='word_1_139' title='bbox 639 2197 746 2238; x_wconf 89' lang='lat' dir='ltr'><strong>uno</strong></span> <span class='ocrx_word' id='word_1_140' title='bbox 775 2182 992 2240; x_wconf 78' lang='lat' dir='ltr'><strong>inﬂetur</strong></span> <span class='ocrx_word' id='word_1_141' title='bbox 1009 2182 1273 2240; x_wconf 86' lang='lat' dir='ltr'><strong>adversus</strong></span> <span class='ocrx_word' id='word_1_142' title='bbox 1305 2184 1559 2239; x_wconf 88' lang='lat' dir='ltr'><strong>alterum.</strong></span> <span class='ocrx_word' id='word_1_143' title='bbox 1590 2201 1611 2237; x_wconf 74' lang='grc' dir='ltr'><strong>ι</strong></span> 
     </span>
    </p>
   </div>
   <div class='ocr_carea' id='block_1_22' title="bbox 574 2273 2069 2348">
    <p class='ocr_par' dir='ltr' id='par_1_22' title="bbox 574 2273 2069 2348">
     <span class='ocr_line' id='line_1_22' title="bbox 574 2273 2069 2348; baseline 0.003 -20"><span class='ocrx_word' id='word_1_144' title='bbox 574 2275 826 2341; x_wconf 81' lang='lat' dir='ltr'><strong>Quanditt</strong></span> <span class='ocrx_word' id='word_1_145' title='bbox 879 2276 1064 2332; x_wconf 81' lang='lat' dir='ltr'><strong>verbis</strong></span> <span class='ocrx_word' id='word_1_146' title='bbox 1123 2276 1340 2347; x_wconf 85' lang='lat' dir='ltr'><strong>asperis</strong></span> <span class='ocrx_word' id='word_1_147' title='bbox 1390 2276 1468 2331; x_wconf 89' lang='lat' dir='ltr'><strong>uti</strong></span> <span class='ocrx_word' id='word_1_148' title='bbox 1503 2273 1812 2348; x_wconf 85' lang='lat' dir='ltr'><strong>oportebat,</strong></span> <span class='ocrx_word' id='word_1_149' title='bbox 1857 2290 2069 2333; x_wconf 87' lang='lat' dir='ltr'><strong>sermo-</strong></span> 
     </span>
    </p>
   </div>
   <div class='ocr_carea' id='block_1_23' title="bbox 503 2367 2074 2440">
    <p class='ocr_par' dir='ltr' id='par_1_23' title="bbox 503 2367 2074 2440">
     <span class='ocr_line' id='line_1_23' title="bbox 503 2367 2074 2440; baseline 0.001 -18"><span class='ocrx_word' id='word_1_150' title='bbox 503 2383 629 2424; x_wconf 81' lang='lat' dir='ltr'><strong>nem</strong></span> <span class='ocrx_word' id='word_1_151' title='bbox 665 2369 739 2423; x_wconf 92' lang='lat' dir='ltr'><strong>ita</strong></span> <span class='ocrx_word' id='word_1_152' title='bbox 773 2368 1162 2440; x_wconf 84' lang='lat' dir='ltr'><strong>componebat,</strong></span> <span class='ocrx_word' id='word_1_153' title='bbox 1189 2381 1256 2424; x_wconf 81' lang='lat' dir='ltr'><strong>ac</strong></span> <span class='ocrx_word' id='word_1_154' title='bbox 1283 2368 1328 2424; x_wconf 88' lang='lat' dir='ltr'><strong>si</strong></span> <span class='ocrx_word' id='word_1_155' title='bbox 1358 2368 1478 2440; x_wconf 86' lang='lat' dir='ltr'><strong>ipse</strong></span> <span class='ocrx_word' id='word_1_156' title='bbox 1521 2377 1667 2425; x_wconf 85' lang='lat' dir='ltr'><strong>esset</strong></span> <span class='ocrx_word' id='word_1_157' title='bbox 1689 2367 1782 2439; x_wconf 89' lang='lat' dir='ltr'><strong>qui</strong></span> <span class='ocrx_word' id='word_1_158' title='bbox 1823 2369 1938 2425; x_wconf 75' lang='lat' dir='ltr'><strong>haec</strong></span> <span class='ocrx_word' id='word_1_159' title='bbox 1972 2384 2074 2424; x_wconf 83' lang='lat' dir='ltr'><strong>au-</strong></span> 
     </span>
    </p>
   </div>
   <div class='ocr_carea' id='block_1_24' title="bbox 1674 300 2560 368">
    <p class='ocr_par' dir='ltr' id='par_1_24' title="bbox 1674 300 2560 368">
     <span class='ocr_line' id='line_1_24' title="bbox 1674 300 2560 368; baseline 0.005 -4"><span class='ocrx_word' id='word_1_160' title='bbox 1674 304 1737 364; x_wconf 91' lang='lat' dir='ltr'><strong>S.</strong></span> <span class='ocrx_word' id='word_1_161' title='bbox 1775 300 2092 364; x_wconf 80' lang='lat' dir='ltr'><strong>IOANNIS</strong></span> <span class='ocrx_word' id='word_1_162' title='bbox 2129 303 2560 368; x_wconf 78' lang='lat' dir='ltr'><strong>DAMASCENI</strong></span> 
     </span>
    </p>
   </div>
   <div class='ocr_carea' id='block_1_25' title="bbox 2093 415 2142 474">
    <p class='ocr_par' dir='ltr' id='par_1_25' title="bbox 2093 415 2142 474">
     <span class='ocr_line' id='line_1_25' title="bbox 2093 415 2142 474; baseline 0 0"><span class='ocrx_word' id='word_1_163' title='bbox 2093 415 2142 474; x_wconf 72' lang='grc' dir='ltr'><strong>Α</strong></span> 
     </span>
    </p>
   </div>
   <div class='ocr_carea' id='block_1_26' title="bbox 3633 302 3742 368">
    <p class='ocr_par' dir='ltr' id='par_1_26' title="bbox 3633 302 3742 368">
     <span class='ocr_line' id='line_1_26' title="bbox 3633 302 3742 368; baseline 0 0"><span class='ocrx_word' id='word_1_164' title='bbox 3633 302 3742 368; x_wconf 76' lang='grc'><strong>600</strong></span> 
     </span>
    </p>
   </div>
   <div class='ocr_carea' id='block_1_27' title="bbox 2761 414 3119 473">
    <p class='ocr_par' dir='ltr' id='par_1_27' title="bbox 2761 414 3119 473">
     <span class='ocr_line' id='line_1_27' title="bbox 2761 414 3119 473; baseline 0 -1"><span class='ocrx_word' id='word_1_165' title='bbox 2761 415 3012 472; x_wconf 74' lang='grc' dir='ltr'><strong>ΚΕΦΑΔ.</strong></span> <span class='ocrx_word' id='word_1_166' title='bbox 3043 414 3119 473; x_wconf 85' lang='grc' dir='ltr'><strong>Δ’.</strong></span> 
     </span>
    </p>
   </div>
   <div class='ocr_carea' id='block_1_28' title="bbox 2240 528 3741 604">
    <p class='ocr_par' dir='ltr' id='par_1_28' title="bbox 2240 528 3741 604">
     <span class='ocr_line' id='line_1_28' title="bbox 2240 528 3741 604; baseline 0.004 -24"><span class='ocrx_word' id='word_1_167' title='bbox 2240 551 2257 580; x_wconf 79' lang='grc' dir='ltr'><strong>ι</strong></span> <span class='ocrx_word' id='word_1_168' title='bbox 2292 529 2476 596; x_wconf 82' lang='grc' dir='ltr'><strong>Οὕτως</strong></span> <span class='ocrx_word' id='word_1_169' title='bbox 2501 529 2644 603; x_wconf 75' lang='grc' dir='ltr'><strong>ὑμᾶς</strong></span> <span class='ocrx_word' id='word_1_170' title='bbox 2689 531 2986 603; x_wconf 71' lang='grc' dir='ltr'><strong>λογιζέσθω</strong></span> <span class='ocrx_word' id='word_1_171' title='bbox 3019 531 3326 602; x_wconf 74' lang='grc' dir='ltr'><strong>ἄνθρωπος,</strong></span> <span class='ocrx_word' id='word_1_172' title='bbox 3354 531 3431 597; x_wconf 81' lang='grc' dir='ltr'><strong>ὥς</strong></span> <span class='ocrx_word' id='word_1_173' title='bbox 3458 528 3741 604; x_wconf 69' lang='grc' dir='ltr'><strong>ὕπηρέτας</strong></span> 
     </span>
    </p>
   </div>
   <div class='ocr_carea' id='block_1_29' title="bbox 2159 620 3521 698">
    <p class='ocr_par' dir='ltr' id='par_1_29' title="bbox 2159 620 3521 698">
     <span class='ocr_line' id='line_1_29' title="bbox 2159 620 3521 698; baseline 0.003 -24"><span class='ocrx_word' id='word_1_174' title='bbox 2159 620 2418 692; x_wconf 78' lang='grc' dir='ltr'><strong>Χριστοῦ,</strong></span> <span class='ocrx_word' id='word_1_175' title='bbox 2455 624 2549 677; x_wconf 72' lang='grc' dir='ltr'><strong>καὶ</strong></span> <span class='ocrx_word' id='word_1_176' title='bbox 2601 624 2917 695; x_wconf 71' lang='grc' dir='ltr'><strong>οἰκονόμους</strong></span> <span class='ocrx_word' id='word_1_177' title='bbox 2953 624 3269 698; x_wconf 79' lang='grc' dir='ltr'><strong>μυστηρίων</strong></span> <span class='ocrx_word' id='word_1_178' title='bbox 3303 624 3461 680; x_wconf 75' lang='grc' dir='ltr'><strong>Θεοῦ.</strong></span> <span class='ocrx_word' id='word_1_179' title='bbox 3501 644 3521 678; x_wconf 71' lang='grc' dir='ltr'><strong>ι</strong></span> 
     </span>
    </p>
   </div>
   <div class='ocr_carea' id='block_1_30' title="bbox 2233 710 3742 788">
    <p class='ocr_par' dir='ltr' id='par_1_30' title="bbox 2233 710 3742 788">
     <span class='ocr_line' id='line_1_30' title="bbox 2233 710 3742 788; baseline -0.003 -19"><span class='ocrx_word' id='word_1_180' title='bbox 2233 712 2323 783; x_wconf 77' lang='grc' dir='ltr'><strong>Μὴ</strong></span> <span class='ocrx_word' id='word_1_181' title='bbox 2346 710 2524 767; x_wconf 63' lang='grc' dir='ltr'><strong>τοίνυν</strong></span> <span class='ocrx_word' id='word_1_182' title='bbox 2555 713 2647 768; x_wconf 73' lang='grc' dir='ltr'><strong>τὸν</strong></span> <span class='ocrx_word' id='word_1_183' title='bbox 2683 713 2958 785; x_wconf 76' lang='grc' dir='ltr'><strong>Διστοότην</strong></span> <span class='ocrx_word' id='word_1_184' title='bbox 2985 713 3211 784; x_wconf 69' lang='grc' dir='ltr'><strong>ἀφέντες</strong></span> <span class='ocrx_word' id='word_1_185' title='bbox 3229 757 3248 784; x_wconf 94' lang='grc'><strong>,</strong></span> <span class='ocrx_word' id='word_1_186' title='bbox 3284 715 3470 788; x_wconf 65' lang='grc' dir='ltr'><strong>φησιν,</strong></span> <span class='ocrx_word' id='word_1_187' title='bbox 3499 715 3607 770; x_wconf 78' lang='grc' dir='ltr'>ἀπὸ</span> <span class='ocrx_word' id='word_1_188' title='bbox 3631 712 3742 767; x_wconf 84' lang='grc' dir='ltr'><strong>τῶν</strong></span> 
     </span>
    </p>
   </div>
   <div class='ocr_carea' id='block_1_31' title="bbox 2161 798 2741 875">
    <p class='ocr_par' dir='ltr' id='par_1_31' title="bbox 2161 798 2741 875">
     <span class='ocr_line' id='line_1_31' title="bbox 2161 798 2741 875; baseline 0.009 -19"><span class='ocrx_word' id='word_1_189' title='bbox 2161 798 2448 875; x_wconf 72' lang='grc' dir='ltr'><strong>ὑπηρετῶν</strong></span> <span class='ocrx_word' id='word_1_190' title='bbox 2467 805 2741 862; x_wconf 77' lang='grc' dir='ltr'>καλείσθε.</span> 
     </span>
    </p>
   </div>
   <div class='ocr_carea' id='block_1_32' title="bbox 2241 894 3743 969">
    <p class='ocr_par' dir='ltr' id='par_1_32' title="bbox 2241 894 3743 969">
     <span class='ocr_line' id='line_1_32' title="bbox 2241 894 3743 969; baseline 0.001 -20"><span class='ocrx_word' id='word_1_191' title='bbox 2241 915 2260 949; x_wconf 81' lang='grc' dir='ltr'><strong>ι</strong></span> <span class='ocrx_word' id='word_1_192' title='bbox 2300 896 2366 950; x_wconf 88' lang='grc' dir='ltr'><strong>Ὃ</strong></span> <span class='ocrx_word' id='word_1_193' title='bbox 2384 894 2442 950; x_wconf 73' lang='grc' dir='ltr'>δὲ</span> <span class='ocrx_word' id='word_1_194' title='bbox 2470 895 2656 953; x_wconf 68' lang='grc' dir='ltr'><strong>λοιπὸν</strong></span> <span class='ocrx_word' id='word_1_195' title='bbox 2697 897 2943 969; x_wconf 76' lang='grc' dir='ltr'><strong>ζητεῖται</strong></span> <span class='ocrx_word' id='word_1_196' title='bbox 2970 898 3031 954; x_wconf 79' lang='grc' dir='ltr'><strong>ἒν</strong></span> <span class='ocrx_word' id='word_1_197' title='bbox 3051 901 3160 962; x_wconf 77' lang='grc' dir='ltr'><strong>τοῖς</strong></span> <span class='ocrx_word' id='word_1_198' title='bbox 3175 898 3500 968; x_wconf 85' lang='grc' dir='ltr'><strong>οίκονόμοις,</strong></span> <span class='ocrx_word' id='word_1_199' title='bbox 3537 897 3626 951; x_wconf 67' lang='lat' dir='ltr'><strong>(va.</strong></span> <span class='ocrx_word' id='word_1_200' title='bbox 3649 913 3743 951; x_wconf 82' lang='grc' dir='ltr'><strong>πι-</strong></span> 
     </span>
    </p>
   </div>
   <div class='ocr_carea' id='block_1_33' title="bbox 2165 985 3740 1062">
    <p class='ocr_par' dir='ltr' id='par_1_33' title="bbox 2165 985 3740 1062">
     <span class='ocr_line' id='line_1_33' title="bbox 2165 985 3740 1062; baseline 0.001 -19"><span class='ocrx_word' id='word_1_201' title='bbox 2165 985 2289 1052; x_wconf 78' lang='grc' dir='ltr'><strong>στός</strong></span> <span class='ocrx_word' id='word_1_202' title='bbox 2327 1006 2412 1052; x_wconf 88' lang='grc' dir='ltr'><strong>τις</strong></span> <span class='ocrx_word' id='word_1_203' title='bbox 2445 989 2662 1062; x_wconf 81' lang='grc' dir='ltr'><strong>εὑρεθῇ.</strong></span> <span class='ocrx_word' id='word_1_204' title='bbox 2700 989 2857 1061; x_wconf 72' lang='grc' dir='ltr'><strong>Ἐμοὶ</strong></span> <span class='ocrx_word' id='word_1_205' title='bbox 2909 991 2967 1047; x_wconf 64' lang='grc' dir='ltr'>δὲ</span> <span class='ocrx_word' id='word_1_206' title='bbox 2997 994 3078 1056; x_wconf 75' lang='grc' dir='ltr'><strong>εἰς</strong></span> <span class='ocrx_word' id='word_1_207' title='bbox 3118 990 3400 1062; x_wconf 74' lang='grc' dir='ltr'><strong>ἐλάχιστόν</strong></span> <span class='ocrx_word' id='word_1_208' title='bbox 3445 989 3616 1053; x_wconf 74' lang='grc' dir='ltr'><strong>ἔστιν,</strong></span> <span class='ocrx_word' id='word_1_209' title='bbox 3650 987 3740 1044; x_wconf 72' lang='grc' dir='ltr'><strong>ἵνα</strong></span> 
     </span>
    </p>
   </div>
   <div class='ocr_carea' id='block_1_34' title="bbox 2165 1079 3741 1156">
    <p class='ocr_par' dir='ltr' id='par_1_34' title="bbox 2165 1079 3741 1156">
     <span class='ocr_line' id='line_1_34' title="bbox 2165 1079 3741 1156; baseline 0.002 -22"><span class='ocrx_word' id='word_1_210' title='bbox 2165 1080 2258 1152; x_wconf 77' lang='grc' dir='ltr'><strong>ὑφ’</strong></span> <span class='ocrx_word' id='word_1_211' title='bbox 2307 1080 2463 1151; x_wconf 79' lang='grc' dir='ltr'><strong>ὑμῶν</strong></span> <span class='ocrx_word' id='word_1_212' title='bbox 2509 1081 2706 1153; x_wconf 86' lang='grc' dir='ltr'>κριθῶ,</span> <span class='ocrx_word' id='word_1_213' title='bbox 2737 1083 2774 1154; x_wconf 76' lang='grc' dir='ltr'>ἢ</span> <span class='ocrx_word' id='word_1_214' title='bbox 2804 1082 2910 1137; x_wconf 76' lang='grc' dir='ltr'><strong>ὑπὸ</strong></span> <span class='ocrx_word' id='word_1_215' title='bbox 2943 1081 3291 1155; x_wconf 74' lang='grc' dir='ltr'><strong>ἀνθρωπίνης</strong></span> <span class='ocrx_word' id='word_1_216' title='bbox 3339 1082 3579 1156; x_wconf 74' lang='grc' dir='ltr'><strong>ἡμέρας·</strong></span> <span class='ocrx_word' id='word_1_217' title='bbox 3620 1079 3741 1137; x_wconf 79' lang='grc' dir='ltr'>ἀλλ’</span> 
     </span>
    </p>
   </div>
   <div class='ocr_carea' id='block_1_35' title="bbox 2163 1169 3735 1246">
    <p class='ocr_par' dir='ltr' id='par_1_35' title="bbox 2163 1169 3735 1246">
     <span class='ocr_line' id='line_1_35' title="bbox 2163 1169 3735 1246; baseline -0.001 -20"><span class='ocrx_word' id='word_1_218' title='bbox 2163 1172 2272 1227; x_wconf 84' lang='grc' dir='ltr'><strong>οὐδ’</strong></span> <span class='ocrx_word' id='word_1_219' title='bbox 2294 1172 2531 1242; x_wconf 67' lang='grc' dir='ltr'><strong>δμαυτδν</strong></span> <span class='ocrx_word' id='word_1_220' title='bbox 2559 1173 2856 1246; x_wconf 70' lang='grc' dir='ltr'><strong>ἀνακρίνοι⁹</strong></span> <span class='ocrx_word' id='word_1_221' title='bbox 2905 1173 3066 1228; x_wconf 77' lang='grc' dir='ltr'><strong>οὐδὶν</strong></span> <span class='ocrx_word' id='word_1_222' title='bbox 3095 1172 3205 1245; x_wconf 77' lang='grc' dir='ltr'><strong>γάρ</strong></span> <span class='ocrx_word' id='word_1_223' title='bbox 3252 1172 3472 1245; x_wconf 69' lang='grc' dir='ltr'><strong>ἐμαυτῷ</strong></span> <span class='ocrx_word' id='word_1_224' title='bbox 3498 1169 3735 1226; x_wconf 78' lang='grc' dir='ltr'><strong>σύνοιδα·</strong></span> 
     </span>
    </p>
   </div>
   <div class='ocr_carea' id='block_1_36' title="bbox 2166 1262 3737 1338">
    <p class='ocr_par' dir='ltr' id='par_1_36' title="bbox 2166 1262 3737 1338">
     <span class='ocr_line' id='line_1_36' title="bbox 2166 1262 3737 1338; baseline 0.001 -18"><span class='ocrx_word' id='word_1_225' title='bbox 2166 1263 2304 1320; x_wconf 81' lang='grc' dir='ltr'>ἀλλὰ</span> <span class='ocrx_word' id='word_1_226' title='bbox 2331 1265 2431 1319; x_wconf 82' lang='grc' dir='ltr'>οὐκ</span> <span class='ocrx_word' id='word_1_227' title='bbox 2454 1265 2512 1320; x_wconf 74' lang='grc' dir='ltr'><strong>ιν</strong></span> <span class='ocrx_word' id='word_1_228' title='bbox 2533 1267 2707 1338; x_wconf 84' lang='grc' dir='ltr'><strong>τούτῳ</strong></span> <span class='ocrx_word' id='word_1_229' title='bbox 2729 1263 3105 1338; x_wconf 76' lang='grc' dir='ltr'><strong>δεδικαίωμαιο</strong></span> <span class='ocrx_word' id='word_1_230' title='bbox 3158 1267 3187 1320; x_wconf 83' lang='grc' dir='ltr'>ὁ</span> <span class='ocrx_word' id='word_1_231' title='bbox 3215 1265 3271 1320; x_wconf 78' lang='grc' dir='ltr'><strong>δι</strong></span> <span class='ocrx_word' id='word_1_232' title='bbox 3300 1262 3603 1336; x_wconf 74' lang='grc' dir='ltr'><strong>ἀνακρίνων</strong></span> <span class='ocrx_word' id='word_1_233' title='bbox 3643 1279 3737 1332; x_wconf 78' lang='grc' dir='ltr'><strong>με.</strong></span> 
     </span>
    </p>
   </div>
   <div class='ocr_carea' id='block_1_37' title="bbox 2166 1354 3742 1430">
    <p class='ocr_par' dir='ltr' id='par_1_37' title="bbox 2166 1354 3742 1430">
     <span class='ocr_line' id='line_1_37' title="bbox 2166 1354 3742 1430; baseline -0.001 -19"><span class='ocrx_word' id='word_1_234' title='bbox 2166 1355 2368 1429; x_wconf 79' lang='grc' dir='ltr'><strong>Κύριός</strong></span> <span class='ocrx_word' id='word_1_235' title='bbox 2399 1357 2568 1413; x_wconf 68' lang='grc' dir='ltr'><strong>ἐστιν.</strong></span> <span class='ocrx_word' id='word_1_236' title='bbox 2596 1356 2760 1411; x_wconf 77' lang='grc' dir='ltr'><strong>Ὥστε</strong></span> <span class='ocrx_word' id='word_1_237' title='bbox 2811 1356 2888 1430; x_wconf 73' lang='grc' dir='ltr'><strong>μὴ</strong></span> <span class='ocrx_word' id='word_1_238' title='bbox 2934 1355 3041 1429; x_wconf 75' lang='grc' dir='ltr'>πρὸ</span> <span class='ocrx_word' id='word_1_239' title='bbox 3071 1356 3264 1429; x_wconf 74' lang='grc' dir='ltr'>καιροῦ</span> <span class='ocrx_word' id='word_1_240' title='bbox 3293 1357 3599 1426; x_wconf 77' lang='grc' dir='ltr'>τικρίνετε.</span> <span class='ocrx_word' id='word_1_241' title='bbox 3632 1354 3742 1417; x_wconf 72' lang='lat' dir='ltr'><strong>lto;</strong></span> 
     </span>
    </p>
   </div>
   <div class='ocr_carea' id='block_1_38' title="bbox 2167 1443 3740 1523">
    <p class='ocr_par' dir='ltr' id='par_1_38' title="bbox 2167 1443 3740 1523">
     <span class='ocr_line' id='line_1_38' title="bbox 2167 1443 3740 1523; baseline -0.003 -20"><span class='ocrx_word' id='word_1_242' title='bbox 2167 1446 2233 1503; x_wconf 75' lang='grc' dir='ltr'><strong>ἂν</strong></span> <span class='ocrx_word' id='word_1_243' title='bbox 2257 1447 2386 1520; x_wconf 74' lang='grc' dir='ltr'><strong>ἔλθῃ</strong></span> <span class='ocrx_word' id='word_1_244' title='bbox 2430 1449 2460 1500; x_wconf 77' lang='grc' dir='ltr'><strong>ὁ</strong></span> <span class='ocrx_word' id='word_1_245' title='bbox 2502 1449 2728 1523; x_wconf 67' lang='grc' dir='ltr'><strong>Κύριος,</strong></span> <span class='ocrx_word' id='word_1_246' title='bbox 2778 1448 2839 1512; x_wconf 82' lang='grc' dir='ltr'><strong>ὃς</strong></span> <span class='ocrx_word' id='word_1_247' title='bbox 2899 1448 2995 1504; x_wconf 76' lang='grc' dir='ltr'><strong>καὶ</strong></span> <span class='ocrx_word' id='word_1_248' title='bbox 3024 1447 3248 1518; x_wconf 77' lang='grc' dir='ltr'><strong>φωτίσει</strong></span> <span class='ocrx_word' id='word_1_249' title='bbox 3288 1447 3360 1503; x_wconf 80' lang='grc' dir='ltr'><strong>τά</strong></span> <span class='ocrx_word' id='word_1_250' title='bbox 3399 1447 3616 1521; x_wconf 85' lang='grc' dir='ltr'>κρυπτά</span> <span class='ocrx_word' id='word_1_251' title='bbox 3642 1443 3740 1500; x_wconf 69' lang='grc' dir='ltr'><strong>τοῦ</strong></span> 
     </span>
    </p>
   </div>
   <div class='ocr_carea' id='block_1_39' title="bbox 2170 1538 3742 1614">
    <p class='ocr_par' dir='ltr' id='par_1_39' title="bbox 2170 1538 3742 1614">
     <span class='ocr_line' id='line_1_39' title="bbox 2170 1538 3742 1614; baseline -0.001 -18"><span class='ocrx_word' id='word_1_252' title='bbox 2170 1541 2419 1606; x_wconf 85' lang='grc' dir='ltr'><strong>σκότους,</strong></span> <span class='ocrx_word' id='word_1_253' title='bbox 2447 1541 2542 1594; x_wconf 76' lang='grc' dir='ltr'><strong>καὶ</strong></span> <span class='ocrx_word' id='word_1_254' title='bbox 2564 1540 2866 1614; x_wconf 79' lang='grc' dir='ltr'>φανερώσει</span> <span class='ocrx_word' id='word_1_255' title='bbox 2886 1543 2984 1605; x_wconf 79' lang='grc' dir='ltr'><strong>τὰς</strong></span> <span class='ocrx_word' id='word_1_256' title='bbox 3013 1539 3209 1612; x_wconf 80' lang='grc' dir='ltr'><strong>βουλὰς</strong></span> <span class='ocrx_word' id='word_1_257' title='bbox 3233 1541 3342 1611; x_wconf 85' lang='grc' dir='ltr'><strong>τῶν</strong></span> <span class='ocrx_word' id='word_1_258' title='bbox 3357 1538 3742 1611; x_wconf 76' lang='grc' dir='ltr'>καρδιῶν.Καὶ</span> 
     </span>
    </p>
   </div>
   <div class='ocr_carea' id='block_1_40' title="bbox 2167 1629 3660 1707">
    <p class='ocr_par' dir='ltr' id='par_1_40' title="bbox 2167 1629 3660 1707">
     <span class='ocr_line' id='line_1_40' title="bbox 2167 1629 3660 1707; baseline 0 -20"><span class='ocrx_word' id='word_1_259' title='bbox 2167 1635 2288 1689; x_wconf 76' lang='grc' dir='ltr'><strong>τότε</strong></span> <span class='ocrx_word' id='word_1_260' title='bbox 2321 1635 2610 1707; x_wconf 83' lang='grc' dir='ltr'><strong>γενήσεται</strong></span> <span class='ocrx_word' id='word_1_261' title='bbox 2640 1637 2668 1689; x_wconf 85' lang='grc' dir='ltr'><strong>ὁ</strong></span> <span class='ocrx_word' id='word_1_262' title='bbox 2694 1634 2914 1700; x_wconf 69' lang='grc' dir='ltr'><strong>ἔπαινος</strong></span> <span class='ocrx_word' id='word_1_263' title='bbox 2947 1634 3163 1705; x_wconf 71' lang='grc' dir='ltr'><strong>ἑκάστῳ</strong></span> <span class='ocrx_word' id='word_1_264' title='bbox 3189 1633 3296 1688; x_wconf 80' lang='grc' dir='ltr'><strong>ἀπὸ</strong></span> <span class='ocrx_word' id='word_1_265' title='bbox 3321 1633 3415 1688; x_wconf 79' lang='grc' dir='ltr'><strong>τοῦ</strong></span> <span class='ocrx_word' id='word_1_266' title='bbox 3440 1629 3601 1687; x_wconf 81' lang='grc' dir='ltr'><strong>Θεοῦ.</strong></span> <span class='ocrx_word' id='word_1_267' title='bbox 3637 1650 3660 1687; x_wconf 71' lang='grc' dir='ltr'><strong>ι</strong></span> 
     </span>
    </p>
   </div>
   <div class='ocr_carea' id='block_1_41' title="bbox 2099 1777 3670 1886">
    <p class='ocr_par' dir='ltr' id='par_1_41' title="bbox 2099 1777 3670 1886">
     <span class='ocr_line' id='line_1_41' title="bbox 2099 1777 3670 1886; baseline -0.004 -15"><span class='ocrx_word' id='word_1_268' title='bbox 2099 1777 2142 1834; x_wconf 72' lang='grc' dir='ltr'><strong><em>Β</em></strong></span> <span class='ocrx_word' id='word_1_269' title='bbox 2238 1814 2548 1882; x_wconf 81' lang='grc' dir='ltr'><strong>Τουτέστιν,</strong></span> <span class='ocrx_word' id='word_1_270' title='bbox 2583 1812 2770 1886; x_wconf 73' lang='grc' dir='ltr'><strong>ἵναμὴ</strong></span> <span class='ocrx_word' id='word_1_271' title='bbox 2818 1813 2888 1869; x_wconf 82' lang='grc' dir='ltr'><strong>τά</strong></span> <span class='ocrx_word' id='word_1_272' title='bbox 2919 1811 3224 1868; x_wconf 76' lang='grc' dir='ltr'><strong>Δεσποτικά</strong></span> <span class='ocrx_word' id='word_1_273' title='bbox 3253 1810 3670 1883; x_wconf 81' lang='grc' dir='ltr'><strong>ίδιοποιὴσηται.</strong></span> 
     </span>
    </p>
   </div>
   <div class='ocr_carea' id='block_1_42' title="bbox 2247 1901 3739 1977">
    <p class='ocr_par' dir='ltr' id='par_1_42' title="bbox 2247 1901 3739 1977">
     <span class='ocr_line' id='line_1_42' title="bbox 2247 1901 3739 1977; baseline -0.001 -19"><span class='ocrx_word' id='word_1_274' title='bbox 2247 1925 2266 1958; x_wconf 79' lang='grc' dir='ltr'><strong>ι</strong></span> <span class='ocrx_word' id='word_1_275' title='bbox 2299 1906 2483 1961; x_wconf 80' lang='grc' dir='ltr'>Ταῦτα</span> <span class='ocrx_word' id='word_1_276' title='bbox 2509 1905 2588 1973; x_wconf 84' lang='grc' dir='ltr'><strong>δὲ,</strong></span> <span class='ocrx_word' id='word_1_277' title='bbox 2622 1906 2862 1976; x_wconf 72' lang='grc' dir='ltr'><strong>ἀδελφοὶ,</strong></span> <span class='ocrx_word' id='word_1_278' title='bbox 2893 1903 3341 1977; x_wconf 77' lang='grc' dir='ltr'><strong>μετεσχημάτισα</strong></span> <span class='ocrx_word' id='word_1_279' title='bbox 3368 1904 3448 1969; x_wconf 85' lang='grc' dir='ltr'><strong>είς</strong></span> <span class='ocrx_word' id='word_1_280' title='bbox 3477 1901 3739 1974; x_wconf 67' lang='grc' dir='ltr'><strong>ἐμαυτὸν.</strong></span> 
     </span>
    </p>
   </div>
   <div class='ocr_carea' id='block_1_43' title="bbox 2170 1993 3741 2069">
    <p class='ocr_par' dir='ltr' id='par_1_43' title="bbox 2170 1993 3741 2069">
     <span class='ocr_line' id='line_1_43' title="bbox 2170 1993 3741 2069; baseline -0.003 -16"><span class='ocrx_word' id='word_1_281' title='bbox 2170 1999 2267 2054; x_wconf 72' lang='grc' dir='ltr'>καὶ</span> <span class='ocrx_word' id='word_1_282' title='bbox 2300 1998 2546 2053; x_wconf 79' lang='grc' dir='ltr'><strong>Ἀπολλὼ</strong></span> <span class='ocrx_word' id='word_1_283' title='bbox 2569 1998 2636 2051; x_wconf 86' lang='grc' dir='ltr'>δι’</span> <span class='ocrx_word' id='word_1_284' title='bbox 2671 1999 2836 2069; x_wconf 77' lang='grc' dir='ltr'><strong>ὑμᾶς,</strong></span> <span class='ocrx_word' id='word_1_285' title='bbox 2890 1997 2975 2050; x_wconf 76' lang='grc' dir='ltr'><strong>ἵνα</strong></span> <span class='ocrx_word' id='word_1_286' title='bbox 3022 1997 3081 2051; x_wconf 78' lang='grc' dir='ltr'><strong>ὲν</strong></span> <span class='ocrx_word' id='word_1_287' title='bbox 3127 1997 3261 2066; x_wconf 76' lang='grc' dir='ltr'><strong>ἡμῖν</strong></span> <span class='ocrx_word' id='word_1_288' title='bbox 3289 1993 3519 2066; x_wconf 79' lang='grc' dir='ltr'><strong>μάθητε,</strong></span> <span class='ocrx_word' id='word_1_289' title='bbox 3562 1993 3626 2048; x_wconf 69' lang='grc' dir='ltr'><strong>τὸ</strong></span> <span class='ocrx_word' id='word_1_290' title='bbox 3663 1993 3741 2067; x_wconf 76' lang='grc' dir='ltr'><strong>μὴ</strong></span> 
     </span>
    </p>
   </div>
   <div class='ocr_carea' id='block_1_44' title="bbox 2170 2081 3742 2164">
    <p class='ocr_par' dir='ltr' id='par_1_44' title="bbox 2170 2081 3742 2164">
     <span class='ocr_line' id='line_1_44' title="bbox 2170 2081 3742 2164; baseline -0.003 -18"><span class='ocrx_word' id='word_1_291' title='bbox 2170 2091 2311 2164; x_wconf 77' lang='grc' dir='ltr'>ὑπὲρ</span> <span class='ocrx_word' id='word_1_292' title='bbox 2330 2090 2358 2144; x_wconf 79' lang='grc' dir='ltr'><strong>ὃ</strong></span> <span class='ocrx_word' id='word_1_293' title='bbox 2388 2091 2704 2163; x_wconf 77' lang='grc' dir='ltr'><strong>γέγραπται</strong></span> <span class='ocrx_word' id='word_1_294' title='bbox 2734 2092 2972 2161; x_wconf 81' lang='grc' dir='ltr'>φρονεῖν,</span> <span class='ocrx_word' id='word_1_295' title='bbox 2996 2089 3085 2144; x_wconf 69' lang='grc' dir='ltr'>ἵνα</span> <span class='ocrx_word' id='word_1_296' title='bbox 3124 2087 3198 2161; x_wconf 80' lang='grc' dir='ltr'><strong>μὴ</strong></span> <span class='ocrx_word' id='word_1_297' title='bbox 3225 2081 3473 2162; x_wconf 74' lang='grc' dir='ltr'>ιῖςῦπὲρ</span> <span class='ocrx_word' id='word_1_298' title='bbox 3504 2086 3596 2143; x_wconf 83' lang='grc' dir='ltr'><strong>τοῦ</strong></span> <span class='ocrx_word' id='word_1_299' title='bbox 3622 2085 3742 2151; x_wconf 72' lang='grc' dir='ltr'><strong>ἑνὸς</strong></span> 
     </span>
    </p>
   </div>
   <div class='ocr_carea' id='block_1_45' title="bbox 2169 2180 3028 2255">
    <p class='ocr_par' dir='ltr' id='par_1_45' title="bbox 2169 2180 3028 2255">
     <span class='ocr_line' id='line_1_45' title="bbox 2169 2180 3028 2255; baseline -0.007 -15"><span class='ocrx_word' id='word_1_300' title='bbox 2169 2181 2443 2255; x_wconf 74' lang='grc' dir='ltr'><strong>φυσιῶσθε</strong></span> <span class='ocrx_word' id='word_1_301' title='bbox 2470 2181 2609 2237; x_wconf 84' lang='grc' dir='ltr'>κατὰ</span> <span class='ocrx_word' id='word_1_302' title='bbox 2631 2180 2725 2236; x_wconf 80' lang='grc' dir='ltr'><strong>τοῦ</strong></span> <span class='ocrx_word' id='word_1_303' title='bbox 2757 2182 2966 2254; x_wconf 76' lang='grc' dir='ltr'><strong>ἑτέρου.</strong></span> <span class='ocrx_word' id='word_1_304' title='bbox 3007 2201 3028 2234; x_wconf 73' lang='grc' dir='ltr'><strong>ι</strong></span> 
     </span>
    </p>
   </div>
   <div class='ocr_carea' id='block_1_46' title="bbox 2243 2267 3739 2348">
    <p class='ocr_par' dir='ltr' id='par_1_46' title="bbox 2243 2267 3739 2348">
     <span class='ocr_line' id='line_1_46' title="bbox 2243 2267 3739 2348; baseline -0.004 -16"><span class='ocrx_word' id='word_1_305' title='bbox 2243 2276 2388 2339; x_wconf 82' lang='grc' dir='ltr'><strong>Ἕως</strong></span> <span class='ocrx_word' id='word_1_306' title='bbox 2422 2275 2520 2348; x_wconf 79' lang='grc' dir='ltr'><strong>μὲν</strong></span> <span class='ocrx_word' id='word_1_307' title='bbox 2539 2273 2689 2346; x_wconf 81' lang='grc' dir='ltr'>αὐτῷ</span> <span class='ocrx_word' id='word_1_308' title='bbox 2729 2273 2838 2329; x_wconf 85' lang='grc' dir='ltr'><strong>τῶν</strong></span> <span class='ocrx_word' id='word_1_309' title='bbox 2863 2273 3138 2345; x_wconf 80' lang='grc' dir='ltr'>φορτικῶν</span> <span class='ocrx_word' id='word_1_310' title='bbox 3172 2272 3334 2346; x_wconf 77' lang='grc' dir='ltr'>χρεία</span> <span class='ocrx_word' id='word_1_311' title='bbox 3369 2272 3626 2345; x_wconf 76' lang='grc' dir='ltr'><strong>ῥημάτιον</strong></span> <span class='ocrx_word' id='word_1_312' title='bbox 3648 2267 3739 2344; x_wconf 75' lang='grc' dir='ltr'><strong>ἦν,</strong></span> 
     </span>
    </p>
   </div>
   <div class='ocr_carea' id='block_1_47' title="bbox 2169 2364 3742 2436">
    <p class='ocr_par' dir='ltr' id='par_1_47' title="bbox 2169 2364 3742 2436">
     <span class='ocr_line' id='line_1_47' title="bbox 2169 2364 3742 2436; baseline -0.003 -14"><span class='ocrx_word' id='word_1_313' title='bbox 2169 2369 2245 2436; x_wconf 82' lang='grc' dir='ltr'><strong>ὡς</strong></span> <span class='ocrx_word' id='word_1_314' title='bbox 2269 2368 2431 2432; x_wconf 76' lang='grc' dir='ltr'><strong>αὐτὸς</strong></span> <span class='ocrx_word' id='word_1_315' title='bbox 2457 2366 2534 2420; x_wconf 85' lang='grc' dir='ltr'><strong>ὣν</strong></span> <span class='ocrx_word' id='word_1_316' title='bbox 2555 2367 2586 2421; x_wconf 82' lang='grc' dir='ltr'><strong>ὁ</strong></span> <span class='ocrx_word' id='word_1_317' title='bbox 2608 2365 2783 2421; x_wconf 82' lang='grc' dir='ltr'><strong>ταῦτα</strong></span> <span class='ocrx_word' id='word_1_318' title='bbox 2797 2365 3031 2433; x_wconf 81' lang='grc' dir='ltr'><strong>ἀκούων,</strong></span> <span class='ocrx_word' id='word_1_319' title='bbox 3055 2364 3199 2421; x_wconf 79' lang='grc' dir='ltr'><strong>οὕτω</strong></span> <span class='ocrx_word' id='word_1_320' title='bbox 3213 2364 3507 2435; x_wconf 75' lang='grc' dir='ltr'><strong>διελέγετο.</strong></span> <span class='ocrx_word' id='word_1_321' title='bbox 3523 2364 3742 2433; x_wconf 76' lang='grc' dir='ltr'>Ἐπειδὴ</span> 
     </span>
    </p>
   </div>
   <div class='ocr_carea' id='block_1_48' title="bbox 504 2455 2074 2533">
    <p class='ocr_par' dir='ltr' id='par_1_48' title="bbox 504 2459 2071 2533">
     <span class='ocr_line' id='line_1_48' title="bbox 504 2459 2071 2533; baseline -0.001 -16"><span class='ocrx_word' id='word_1_322' title='bbox 504 2461 789 2518; x_wconf 77' lang='lat' dir='ltr'><strong>scultaret.</strong></span> <span class='ocrx_word' id='word_1_323' title='bbox 839 2461 978 2528; x_wconf 85' lang='lat' dir='ltr'><strong>Quia</strong></span> <span class='ocrx_word' id='word_1_324' title='bbox 1020 2475 1152 2517; x_wconf 77' lang='lat' dir='ltr'><strong>vero</strong></span> <span class='ocrx_word' id='word_1_325' title='bbox 1187 2459 1466 2516; x_wconf 86' lang='lat' dir='ltr'><strong>remittere</strong></span> <span class='ocrx_word' id='word_1_326' title='bbox 1509 2460 1732 2516; x_wconf 84' lang='lat' dir='ltr'><strong>tandem</strong></span> <span class='ocrx_word' id='word_1_327' title='bbox 1762 2461 2071 2533; x_wconf 80' lang='lat' dir='ltr'><strong>oportebat,</strong></span> 
     </span>
    </p>
   </div>
   <div class='ocr_carea' id='block_1_49' title="bbox 2170 2455 3744 2533">
    <p class='ocr_par' dir='ltr' id='par_1_49' title="bbox 2170 2455 3744 2530">
     <span class='ocr_line' id='line_1_49' title="bbox 2170 2455 3744 2530; baseline -0.004 -14"><span class='ocrx_word' id='word_1_328' title='bbox 2170 2459 2375 2516; x_wconf 71' lang='grc' dir='ltr'>ἀνιέναι</span> <span class='ocrx_word' id='word_1_329' title='bbox 2391 2459 2578 2515; x_wconf 80' lang='grc' dir='ltr'>λοιπὸν</span> <span class='ocrx_word' id='word_1_330' title='bbox 2591 2459 2693 2525; x_wconf 75' lang='grc' dir='ltr'>δεῖ,</span> <span class='ocrx_word' id='word_1_331' title='bbox 2712 2459 2836 2514; x_wconf 75' lang='grc' dir='ltr'><strong>τότε</strong></span> <span class='ocrx_word' id='word_1_332' title='bbox 2859 2456 3096 2514; x_wconf 78' lang='grc' dir='ltr'>δείκνυσι</span> <span class='ocrx_word' id='word_1_333' title='bbox 3116 2457 3185 2513; x_wconf 88' lang='grc' dir='ltr'><strong>τά</strong></span> <span class='ocrx_word' id='word_1_334' title='bbox 3205 2456 3558 2530; x_wconf 84' lang='grc' dir='ltr'>κρυπτόμενα</span> <span class='ocrx_word' id='word_1_335' title='bbox 3576 2455 3744 2527; x_wconf 79' lang='grc' dir='ltr'>πρόσο</span> 
     </span>
    </p>
   </div>
   <div class='ocr_carea' id='block_1_50' title="bbox 503 2552 2075 2625">
    <p class='ocr_par' dir='ltr' id='par_1_50' title="bbox 503 2552 2075 2625">
     <span class='ocr_line' id='line_1_50' title="bbox 503 2552 2075 2625; baseline 0.001 -16"><span class='ocrx_word' id='word_1_336' title='bbox 503 2553 716 2610; x_wconf 82' lang='lat' dir='ltr'><strong>idcirco</strong></span> <span class='ocrx_word' id='word_1_337' title='bbox 761 2568 1029 2625; x_wconf 86' lang='lat' dir='ltr'><strong>personas</strong></span> <span class='ocrx_word' id='word_1_338' title='bbox 1082 2553 1188 2612; x_wconf 88' lang='lat' dir='ltr'><strong>sub</strong></span> <span class='ocrx_word' id='word_1_339' title='bbox 1240 2552 1325 2609; x_wconf 89' lang='lat' dir='ltr'><strong>sui</strong></span> <span class='ocrx_word' id='word_1_340' title='bbox 1367 2561 1423 2610; x_wconf 90' lang='lat' dir='ltr'><strong>et</strong></span> <span class='ocrx_word' id='word_1_341' title='bbox 1460 2553 1658 2625; x_wconf 81' lang='lat' dir='ltr'><strong>Apollo</strong></span> <span class='ocrx_word' id='word_1_342' title='bbox 1707 2554 2075 2625; x_wconf 84' lang='lat' dir='ltr'><strong>appellatione</strong></span> 
     </span>
    </p>
   </div>
   <div class='ocr_carea' id='block_1_51' title="bbox 505 2642 2076 2717">
    <p class='ocr_par' dir='ltr' id='par_1_51' title="bbox 505 2642 2076 2717">
     <span class='ocr_line' id='line_1_51' title="bbox 505 2642 2076 2717; baseline 0.001 -17"><span class='ocrx_word' id='word_1_343' title='bbox 505 2645 857 2703; x_wconf 81' lang='lat' dir='ltr'><strong>absconditas</strong></span> <span class='ocrx_word' id='word_1_344' title='bbox 908 2646 1127 2717; x_wconf 76' lang='lat' dir='ltr'><strong>retegit.</strong></span> <span class='ocrx_word' id='word_1_345' title='bbox 1178 2643 1234 2699; x_wconf 86' lang='lat' dir='ltr'><strong>ld</strong></span> <span class='ocrx_word' id='word_1_346' title='bbox 1285 2659 1456 2715; x_wconf 88' lang='lat' dir='ltr'><strong>porro</strong></span> <span class='ocrx_word' id='word_1_347' title='bbox 1476 2642 1631 2712; x_wconf 84' lang='lat' dir='ltr'><strong>fecit,</strong></span> <span class='ocrx_word' id='word_1_348' title='bbox 1665 2652 1724 2700; x_wconf 89' lang='lat' dir='ltr'><strong>ut</strong></span> <span class='ocrx_word' id='word_1_349' title='bbox 1754 2645 2076 2703; x_wconf 85' lang='lat' dir='ltr'><strong>ostenderet</strong></span> 
     </span>
    </p>
   </div>
   <div class='ocr_carea' id='block_1_52' title="bbox 505 2735 2073 2810">
    <p class='ocr_par' dir='ltr' id='par_1_52' title="bbox 505 2735 2073 2810">
     <span class='ocr_line' id='line_1_52' title="bbox 505 2735 2073 2810; baseline 0.001 -16"><span class='ocrx_word' id='word_1_350' title='bbox 505 2754 852 2810; x_wconf 85' lang='lat' dir='ltr'><strong>nequaquam</strong></span> <span class='ocrx_word' id='word_1_351' title='bbox 885 2737 1130 2794; x_wconf 82' lang='lat' dir='ltr'><strong>futurum</strong></span> <span class='ocrx_word' id='word_1_352' title='bbox 1165 2737 1362 2806; x_wconf 87' lang='lat' dir='ltr'><strong>fuisse,</strong></span> <span class='ocrx_word' id='word_1_353' title='bbox 1401 2737 1450 2794; x_wconf 96' lang='lat' dir='ltr'><strong>si</strong></span> <span class='ocrx_word' id='word_1_354' title='bbox 1483 2735 1550 2793; x_wconf 87' lang='lat' dir='ltr'><strong>ad</strong></span> <span class='ocrx_word' id='word_1_355' title='bbox 1584 2751 1681 2794; x_wconf 85' lang='lat' dir='ltr'><strong>eos</strong></span> <span class='ocrx_word' id='word_1_356' title='bbox 1707 2737 1872 2795; x_wconf 79' lang='lat' dir='ltr'><strong>verba</strong></span> <span class='ocrx_word' id='word_1_357' title='bbox 1907 2737 2073 2795; x_wconf 85' lang='lat' dir='ltr'><strong>fecis-</strong></span> 
     </span>
    </p>
   </div>
   <div class='ocr_carea' id='block_1_53' title="bbox 506 2829 2080 2902">
    <p class='ocr_par' dir='ltr' id='par_1_53' title="bbox 506 2829 2080 2902">
     <span class='ocr_line' id='line_1_53' title="bbox 506 2829 2080 2902; baseline 0.002 -17"><span class='ocrx_word' id='word_1_358' title='bbox 506 2838 614 2894; x_wconf 90' lang='lat' dir='ltr'><strong>set,</strong></span> <span class='ocrx_word' id='word_1_359' title='bbox 649 2839 708 2884; x_wconf 91' lang='lat' dir='ltr'><strong>ut</strong></span> <span class='ocrx_word' id='word_1_360' title='bbox 743 2829 1096 2886; x_wconf 87' lang='lat' dir='ltr'><strong>addiscerent</strong></span> <span class='ocrx_word' id='word_1_361' title='bbox 1120 2844 1461 2902; x_wconf 60' lang='lat' dir='ltr'><strong>quaecunque</strong></span> <span class='ocrx_word' id='word_1_362' title='bbox 1497 2845 1595 2888; x_wconf 89' lang='lat' dir='ltr'><strong>eos</strong></span> <span class='ocrx_word' id='word_1_363' title='bbox 1621 2833 1816 2888; x_wconf 85' lang='lat' dir='ltr'><strong>docere</strong></span> <span class='ocrx_word' id='word_1_364' title='bbox 1851 2844 2080 2888; x_wconf 83' lang='lat' dir='ltr'><strong>necesse</strong></span> 
     </span>
    </p>
   </div>
   <div class='ocr_carea' id='block_1_54' title="bbox 504 2922 2076 2998">
    <p class='ocr_par' dir='ltr' id='par_1_54' title="bbox 504 2922 2076 2998">
     <span class='ocr_line' id='line_1_54' title="bbox 504 2922 2076 2998; baseline 0.003 -22"><span class='ocrx_word' id='word_1_365' title='bbox 504 2933 642 2986; x_wconf 87' lang='lat' dir='ltr'><strong>erat,</strong></span> <span class='ocrx_word' id='word_1_366' title='bbox 680 2923 1135 2998; x_wconf 83' lang='lat' dir='ltr'><strong>propositumque</strong></span> <span class='ocrx_word' id='word_1_367' title='bbox 1162 2923 1337 2993; x_wconf 88' lang='lat' dir='ltr'><strong>ipsius</strong></span> <span class='ocrx_word' id='word_1_368' title='bbox 1370 2922 1710 2995; x_wconf 82' lang='lat' dir='ltr'><strong>probarent;</strong></span> <span class='ocrx_word' id='word_1_369' title='bbox 1751 2925 1953 2996; x_wconf 87' lang='lat' dir='ltr'><strong>quippe</strong></span> <span class='ocrx_word' id='word_1_370' title='bbox 1979 2923 2076 2996; x_wconf 87' lang='lat' dir='ltr'><strong>qui</strong></span> 
     </span>
    </p>
   </div>
   <div class='ocr_carea' id='block_1_55' title="bbox 507 3013 2078 3087">
    <p class='ocr_par' dir='ltr' id='par_1_55' title="bbox 507 3013 2078 3087">
     <span class='ocr_line' id='line_1_55' title="bbox 507 3013 2078 3087; baseline 0.001 -17"><span class='ocrx_word' id='word_1_371' title='bbox 507 3013 733 3087; x_wconf 77' lang='lat' dir='ltr'><strong>indigne</strong></span> <span class='ocrx_word' id='word_1_372' title='bbox 762 3015 1110 3081; x_wconf 83' lang='lat' dir='ltr'><strong>accepissent</strong></span> <span class='ocrx_word' id='word_1_373' title='bbox 1149 3030 1211 3072; x_wconf 85' lang='lat' dir='ltr'><strong>ea</strong></span> <span class='ocrx_word' id='word_1_374' title='bbox 1258 3031 1381 3087; x_wconf 67' lang='lat' dir='ltr'><strong>quae</strong></span> <span class='ocrx_word' id='word_1_375' title='bbox 1424 3016 1764 3073; x_wconf 83' lang='lat' dir='ltr'><strong>dicerentur.</strong></span> <span class='ocrx_word' id='word_1_376' title='bbox 1797 3015 1956 3072; x_wconf 85' lang='lat' dir='ltr'><strong>Nunc</strong></span> <span class='ocrx_word' id='word_1_377' title='bbox 1985 3031 2078 3072; x_wconf 79' lang='lat' dir='ltr'><strong>au-</strong></span> 
     </span>
    </p>
   </div>
   <div class='ocr_carea' id='block_1_56' title="bbox 2169 2548 3744 2627">
    <p class='ocr_par' dir='ltr' id='par_1_56' title="bbox 2169 2548 3744 2627">
     <span class='ocr_line' id='line_1_56' title="bbox 2169 2548 3744 2627; baseline -0.005 -17"><span class='ocrx_word' id='word_1_378' title='bbox 2169 2571 2294 2610; x_wconf 85' lang='grc' dir='ltr'><strong>ωπα</strong></span> <span class='ocrx_word' id='word_1_379' title='bbox 2323 2555 2380 2610; x_wconf 72' lang='grc' dir='ltr'><strong>ἒν</strong></span> <span class='ocrx_word' id='word_1_380' title='bbox 2412 2555 2479 2627; x_wconf 71' lang='grc' dir='ltr'><strong>τῇ</strong></span> <span class='ocrx_word' id='word_1_381' title='bbox 2504 2553 2567 2608; x_wconf 77' lang='grc' dir='ltr'><strong>τὸ</strong></span> <span class='ocrx_word' id='word_1_382' title='bbox 2585 2553 2674 2608; x_wconf 80' lang='grc' dir='ltr'><strong>ὑπ’</strong></span> <span class='ocrx_word' id='word_1_383' title='bbox 2703 2549 2826 2623; x_wconf 73' lang='lat' dir='ltr'><strong>(sic)</strong></span> <span class='ocrx_word' id='word_1_384' title='bbox 2849 2550 3016 2606; x_wconf 81' lang='grc' dir='ltr'><strong>αὐτοῦ</strong></span> <span class='ocrx_word' id='word_1_385' title='bbox 3058 2548 3154 2604; x_wconf 75' lang='grc' dir='ltr'>καὶ</span> <span class='ocrx_word' id='word_1_386' title='bbox 3183 2548 3428 2605; x_wconf 70' lang='grc' dir='ltr'><strong>’Διιπολλῶ</strong></span> <span class='ocrx_word' id='word_1_387' title='bbox 3469 2563 3744 2620; x_wconf 74' lang='grc' dir='ltr'><strong>προσηγο-</strong></span> 
     </span>
    </p>
   </div>
   <div class='ocr_carea' id='block_1_57' title="bbox 2181 2637 3744 2718">
    <p class='ocr_par' dir='ltr' id='par_1_57' title="bbox 2181 2637 3744 2718">
     <span class='ocr_line' id='line_1_57' title="bbox 2181 2637 3744 2718; baseline -0.004 -21"><span class='ocrx_word' id='word_1_388' title='bbox 2181 2645 2296 2718; x_wconf 74' lang='grc' dir='ltr'>ρίᾳ.</span> <span class='ocrx_word' id='word_1_389' title='bbox 2323 2643 2497 2698; x_wconf 81' lang='grc' dir='ltr'><strong>Τοῦτο</strong></span> <span class='ocrx_word' id='word_1_390' title='bbox 2524 2642 2580 2699; x_wconf 68' lang='grc' dir='ltr'>δὶ</span> <span class='ocrx_word' id='word_1_391' title='bbox 2608 2639 2934 2715; x_wconf 74' lang='grc' dir='ltr'>πεποίηκεν,</span> <span class='ocrx_word' id='word_1_392' title='bbox 2963 2639 3180 2705; x_wconf 72' lang='grc' dir='ltr'><strong>δεικνὺς</strong></span> <span class='ocrx_word' id='word_1_393' title='bbox 3215 2639 3299 2694; x_wconf 84' lang='grc' dir='ltr'><strong>δτι</strong></span> <span class='ocrx_word' id='word_1_394' title='bbox 3324 2641 3374 2692; x_wconf 80' lang='lat' dir='ltr'><strong>st</strong></span> <span class='ocrx_word' id='word_1_395' title='bbox 3405 2638 3495 2694; x_wconf 66' lang='grc' dir='ltr'><strong>ἐπ’</strong></span> <span class='ocrx_word' id='word_1_396' title='bbox 3520 2637 3744 2692; x_wconf 67' lang='grc' dir='ltr'>ικιίνων</span> 
     </span>
    </p>
   </div>
   <div class='ocr_carea' id='block_1_58' title="bbox 2171 2729 3745 2808">
    <p class='ocr_par' dir='ltr' id='par_1_58' title="bbox 2171 2729 3745 2808">
     <span class='ocr_line' id='line_1_58' title="bbox 2171 2729 3745 2808; baseline -0.005 -16"><span class='ocrx_word' id='word_1_397' title='bbox 2171 2737 2262 2792; x_wconf 83' lang='grc' dir='ltr'><strong>τὸν</strong></span> <span class='ocrx_word' id='word_1_398' title='bbox 2292 2736 2453 2806; x_wconf 78' lang='grc' dir='ltr'>λόγον</span> <span class='ocrx_word' id='word_1_399' title='bbox 2481 2735 2873 2808; x_wconf 72' lang='grc' dir='ltr'><strong>ἐσχημάτισεν,</strong></span> <span class='ocrx_word' id='word_1_400' title='bbox 2926 2733 3026 2787; x_wconf 82' lang='grc' dir='ltr'><strong>οὐκ</strong></span> <span class='ocrx_word' id='word_1_401' title='bbox 3055 2731 3121 2787; x_wconf 75' lang='grc' dir='ltr'><strong>ἂν</strong></span> <span class='ocrx_word' id='word_1_402' title='bbox 3157 2731 3360 2803; x_wconf 70' lang='grc' dir='ltr'><strong>ἔμαθον</strong></span> <span class='ocrx_word' id='word_1_403' title='bbox 3397 2731 3497 2786; x_wconf 79' lang='grc' dir='ltr'><strong>ὅσα</strong></span> <span class='ocrx_word' id='word_1_404' title='bbox 3551 2729 3745 2803; x_wconf 72' lang='grc' dir='ltr'><strong>μαθεῖν</strong></span> 
     </span>
    </p>
   </div>
   <div class='ocr_carea' id='block_1_59' title="bbox 2172 2822 3745 2899">
    <p class='ocr_par' dir='ltr' id='par_1_59' title="bbox 2172 2822 3745 2899">
     <span class='ocr_line' id='line_1_59' title="bbox 2172 2822 3745 2899; baseline -0.005 -14"><span class='ocrx_word' id='word_1_405' title='bbox 2172 2829 2299 2894; x_wconf 71' lang='grc' dir='ltr'><strong>ἔδει,</strong></span> <span class='ocrx_word' id='word_1_406' title='bbox 2326 2829 2446 2884; x_wconf 74' lang='grc' dir='ltr'>οὐδὲ</span> <span class='ocrx_word' id='word_1_407' title='bbox 2476 2828 2542 2884; x_wconf 78' lang='grc' dir='ltr'><strong>ἂν</strong></span> <span class='ocrx_word' id='word_1_408' title='bbox 2560 2827 2810 2893; x_wconf 78' lang='grc' dir='ltr'><strong>ἐδέξαντο</strong></span> <span class='ocrx_word' id='word_1_409' title='bbox 2823 2826 2924 2896; x_wconf 76' lang='grc' dir='ltr'><strong>τὴν</strong></span> <span class='ocrx_word' id='word_1_410' title='bbox 2937 2823 3276 2899; x_wconf 70' lang='grc' dir='ltr'>προαίρσσιν,</span> <span class='ocrx_word' id='word_1_411' title='bbox 3300 2822 3745 2896; x_wconf 67' lang='grc' dir='ltr'><strong>δυσχεραίνοντες</strong></span> 
     </span>
    </p>
   </div>
   <div class='ocr_carea' id='block_1_60' title="bbox 2173 2913 3746 2997">
    <p class='ocr_par' dir='ltr' id='par_1_60' title="bbox 2173 2913 3746 2997">
     <span class='ocr_line' id='line_1_60' title="bbox 2173 2913 3746 2997; baseline -0.006 -19"><span class='ocrx_word' id='word_1_412' title='bbox 2173 2923 2310 2997; x_wconf 81' lang='grc' dir='ltr'><strong>πρὸς</strong></span> <span class='ocrx_word' id='word_1_413' title='bbox 2336 2923 2405 2978; x_wconf 82' lang='grc' dir='ltr'><strong>τὰ</strong></span> <span class='ocrx_word' id='word_1_414' title='bbox 2428 2921 2716 2993; x_wconf 74' lang='grc' dir='ltr'><strong>λεγόμενα.</strong></span> <span class='ocrx_word' id='word_1_415' title='bbox 2744 2917 2882 2975; x_wconf 70' lang='grc' dir='ltr'><strong>Νυνὶ</strong></span> <span class='ocrx_word' id='word_1_416' title='bbox 2905 2916 3284 2991; x_wconf 68' lang='grc' dir='ltr'>διαίδούμενοι</span> <span class='ocrx_word' id='word_1_417' title='bbox 3315 2918 3427 2981; x_wconf 76' lang='grc' dir='ltr'><strong>τοῖς</strong></span> <span class='ocrx_word' id='word_1_418' title='bbox 3454 2915 3582 2990; x_wconf 78' lang='grc' dir='ltr'>περὶ</span> <span class='ocrx_word' id='word_1_419' title='bbox 3597 2913 3746 2969; x_wconf 73' lang='lat' dir='ltr'><strong>Baii-</strong></span> 
     </span>
    </p>
   </div>
   <div class='ocr_carea' id='block_1_61' title="bbox 2173 3006 3744 3089">
    <p class='ocr_par' dir='ltr' id='par_1_61' title="bbox 2173 3006 3744 3089">
     <span class='ocr_line' id='line_1_61' title="bbox 2173 3006 3744 3089; baseline -0.005 -18"><span class='ocrx_word' id='word_1_420' title='bbox 2173 3015 2286 3083; x_wconf 73' lang='grc' dir='ltr'><strong>λον,</strong></span> <span class='ocrx_word' id='word_1_421' title='bbox 2315 3016 2558 3089; x_wconf 67' lang='grc' dir='ltr'>ἧνεγκαν</span> <span class='ocrx_word' id='word_1_422' title='bbox 2587 3012 2784 3087; x_wconf 76' lang='grc' dir='ltr'>ῥᾳδίως</span> <span class='ocrx_word' id='word_1_423' title='bbox 2803 3012 2903 3084; x_wconf 77' lang='grc' dir='ltr'><strong>τὴν</strong></span> <span class='ocrx_word' id='word_1_424' title='bbox 2932 3011 3271 3084; x_wconf 67' lang='grc' dir='ltr'><strong>ἐπιτίμησιν·</strong></span> <span class='ocrx_word' id='word_1_425' title='bbox 3319 3009 3373 3065; x_wconf 82' lang='grc' dir='ltr'>τί</span> <span class='ocrx_word' id='word_1_426' title='bbox 3400 3007 3458 3063; x_wconf 73' lang='grc' dir='ltr'>δέ</span> <span class='ocrx_word' id='word_1_427' title='bbox 3488 3011 3607 3064; x_wconf 73' lang='grc' dir='ltr'><strong>ἱστι</strong></span> <span class='ocrx_word' id='word_1_428' title='bbox 3658 3006 3744 3070; x_wconf 71' lang='grc' dir='ltr'><strong>τὸ,</strong></span> 
     </span>
    </p>
   </div>
   <div class='ocr_carea' id='block_1_62' title="bbox 504 3102 2074 3185">
    <p class='ocr_par' dir='ltr' id='par_1_62' title="bbox 504 3108 2070 3181">
     <span class='ocr_line' id='line_1_62' title="bbox 504 3108 2070 3181; baseline 0.002 -18"><span class='ocrx_word' id='word_1_429' title='bbox 504 3115 617 3164; x_wconf 83' lang='lat' dir='ltr'><strong>teni</strong></span> <span class='ocrx_word' id='word_1_430' title='bbox 681 3110 807 3181; x_wconf 90' lang='lat' dir='ltr'><strong>quia</strong></span> <span class='ocrx_word' id='word_1_431' title='bbox 860 3108 1088 3165; x_wconf 87' lang='lat' dir='ltr'><strong>Paulum</strong></span> <span class='ocrx_word' id='word_1_432' title='bbox 1141 3111 1559 3176; x_wconf 83' lang='lat' dir='ltr'><strong>reverebantur,</strong></span> <span class='ocrx_word' id='word_1_433' title='bbox 1622 3109 1781 3166; x_wconf 79' lang='lat' dir='ltr'><strong>facile</strong></span> <span class='ocrx_word' id='word_1_434' title='bbox 1828 3112 2070 3169; x_wconf 86' lang='lat' dir='ltr'><strong>tulerunt</strong></span> 
     </span>
    </p>
   </div>
   <div class='ocr_carea' id='block_1_63' title="bbox 2170 3102 3750 3185">
    <p class='ocr_par' dir='ltr' id='par_1_63' title="bbox 2173 3102 3750 3182">
     <span class='ocr_line' id='line_1_63' title="bbox 2173 3102 3750 3182; baseline -0.005 -15"><span class='ocrx_word' id='word_1_435' title='bbox 2173 3112 2270 3180; x_wconf 80' lang='grc' dir='ltr'><strong>Μὴ</strong></span> <span class='ocrx_word' id='word_1_436' title='bbox 2334 3111 2488 3178; x_wconf 78' lang='grc' dir='ltr'><strong>ὑπὲρ</strong></span> <span class='ocrx_word' id='word_1_437' title='bbox 2521 3109 2554 3164; x_wconf 82' lang='grc' dir='ltr'>ὃ</span> <span class='ocrx_word' id='word_1_438' title='bbox 2585 3108 2905 3182; x_wconf 63' lang='grc' dir='ltr'><strong>γέγραπται</strong></span> <span class='ocrx_word' id='word_1_439' title='bbox 2950 3106 3234 3178; x_wconf 60' lang='lat' dir='ltr'><strong>sopor-air;</strong></span> <span class='ocrx_word' id='word_1_440' title='bbox 3284 3105 3620 3178; x_wconf 78' lang='grc' dir='ltr'><strong>Γέγραπταιο</strong></span> <span class='ocrx_word' id='word_1_441' title='bbox 3661 3102 3750 3159; x_wconf 70' lang='grc' dir='ltr'>Τί</span> 
     </span>
    </p>
   </div>
   <div class='ocr_carea' id='block_1_64' title="bbox 505 3200 2073 3272">
    <p class='ocr_par' dir='ltr' id='par_1_64' title="bbox 505 3200 2073 3272">
     <span class='ocr_line' id='line_1_64' title="bbox 505 3200 2073 3272; baseline 0.002 -16"><span class='ocrx_word' id='word_1_442' title='bbox 505 3200 956 3272; x_wconf 82' lang='lat' dir='ltr'><strong>increpationem.</strong></span> <span class='ocrx_word' id='word_1_443' title='bbox 1000 3201 1271 3270; x_wconf 83' lang='lat' dir='ltr'><strong>Quidnam</strong></span> <span class='ocrx_word' id='word_1_444' title='bbox 1303 3218 1434 3258; x_wconf 81' lang='lat' dir='ltr'><strong>vero</strong></span> <span class='ocrx_word' id='word_1_445' title='bbox 1462 3203 1608 3260; x_wconf 87' lang='lat' dir='ltr'><strong>istud</strong></span> <span class='ocrx_word' id='word_1_446' title='bbox 1652 3212 1778 3259; x_wconf 83' lang='lat' dir='ltr'><strong>est:</strong></span> <span class='ocrx_word' id='word_1_447' title='bbox 1831 3203 1953 3260; x_wconf 84' lang='lat' dir='ltr'><strong>Non</strong></span> <span class='ocrx_word' id='word_1_448' title='bbox 1982 3221 2073 3259; x_wconf 77' lang='lat' dir='ltr'><strong>su-</strong></span> 
     </span>
    </p>
   </div>
   <div class='ocr_carea' id='block_1_65' title="bbox 503 3295 2073 3369">
    <p class='ocr_par' dir='ltr' id='par_1_65' title="bbox 503 3295 2073 3369">
     <span class='ocr_line' id='line_1_65' title="bbox 503 3295 2073 3369; baseline 0.003 -22"><span class='ocrx_word' id='word_1_449' title='bbox 503 3309 604 3364; x_wconf 83' lang='lat' dir='ltr'><strong>pra</strong></span> <span class='ocrx_word' id='word_1_450' title='bbox 639 3295 693 3349; x_wconf 79' lang='lat' dir='ltr'><strong>id</strong></span> <span class='ocrx_word' id='word_1_451' title='bbox 727 3295 866 3366; x_wconf 84' lang='lat' dir='ltr'><strong>quod</strong></span> <span class='ocrx_word' id='word_1_452' title='bbox 911 3296 1164 3365; x_wconf 78' lang='lat' dir='ltr'><strong>scriptum</strong></span> <span class='ocrx_word' id='word_1_453' title='bbox 1201 3298 1318 3352; x_wconf 79' lang='lat' dir='ltr'><strong>est?</strong></span> <span class='ocrx_word' id='word_1_454' title='bbox 1371 3296 1595 3352; x_wconf 88' lang='lat' dir='ltr'><strong>Scilicet</strong></span> <span class='ocrx_word' id='word_1_455' title='bbox 1644 3297 1878 3369; x_wconf 79' lang='lat' dir='ltr'><strong>legimus</strong></span> <span class='ocrx_word' id='word_1_456' title='bbox 1926 3299 2073 3353; x_wconf 45' lang='lat' dir='ltr'><strong>scri‘</strong></span> 
     </span>
    </p>
   </div>
   <div class='ocr_carea' id='block_1_66' title="bbox 505 3387 2073 3460">
    <p class='ocr_par' dir='ltr' id='par_1_66' title="bbox 505 3387 2073 3460">
     <span class='ocr_line' id='line_1_66' title="bbox 505 3387 2073 3460; baseline 0.004 -21"><span class='ocrx_word' id='word_1_457' title='bbox 505 3395 692 3458; x_wconf 87' lang='lat' dir='ltr'><strong>ptum:</strong></span> <span class='ocrx_word' id='word_1_458' title='bbox 733 3387 872 3454; x_wconf 80' lang='lat' dir='ltr'><strong>Quid</strong></span> <span class='ocrx_word' id='word_1_459' title='bbox 911 3389 1050 3443; x_wconf 79' lang='lat' dir='ltr'><strong>vides</strong></span> <span class='ocrx_word' id='word_1_460' title='bbox 1086 3388 1345 3459; x_wconf 80' lang='lat' dir='ltr'><strong>festucam</strong></span> <span class='ocrx_word' id='word_1_461' title='bbox 1374 3390 1428 3444; x_wconf 85' lang='lat' dir='ltr'><strong>in</strong></span> <span class='ocrx_word' id='word_1_462' title='bbox 1477 3389 1631 3446; x_wconf 77' lang='lat' dir='ltr'><strong>oculo</strong></span> <span class='ocrx_word' id='word_1_463' title='bbox 1660 3391 1851 3460; x_wconf 76' lang='lat' dir='ltr'><strong>fratris</strong></span> <span class='ocrx_word' id='word_1_464' title='bbox 1888 3391 1989 3460; x_wconf 82' lang='lat' dir='ltr'><strong>lui,</strong></span> <span class='ocrx_word' id='word_1_465' title='bbox 2023 3399 2073 3445; x_wconf 77' lang='lat' dir='ltr'><strong>et</strong></span> 
     </span>
    </p>
   </div>
   <div class='ocr_carea' id='block_1_67' title="bbox 506 3479 1519 3538">
    <p class='ocr_par' dir='ltr' id='par_1_67' title="bbox 506 3479 1519 3538">
     <span class='ocr_line' id='line_1_67' title="bbox 506 3479 1519 3538; baseline 0.004 -4"><span class='ocrx_word' id='word_1_466' title='bbox 506 3496 608 3534; x_wconf 72' lang='lat' dir='ltr'><strong>non</strong></span> <span class='ocrx_word' id='word_1_467' title='bbox 643 3479 782 3537; x_wconf 77' lang='lat' dir='ltr'><strong>vides</strong></span> <span class='ocrx_word' id='word_1_468' title='bbox 817 3482 1014 3537; x_wconf 76' lang='lat' dir='ltr'><strong>trabem</strong></span> <span class='ocrx_word' id='word_1_469' title='bbox 1048 3483 1102 3536; x_wconf 79' lang='lat' dir='ltr'><strong>in</strong></span> <span class='ocrx_word' id='word_1_470' title='bbox 1132 3482 1282 3536; x_wconf 83' lang='lat' dir='ltr'><strong>oculo</strong></span> <span class='ocrx_word' id='word_1_471' title='bbox 1312 3491 1401 3537; x_wconf 78' lang='lat' dir='ltr'><strong>tuo</strong></span> <span class='ocrx_word' id='word_1_472' title='bbox 1432 3483 1519 3538; x_wconf 74' lang='grc' dir='ltr'><strong>⁵ίῖ</strong></span> 
     </span>
    </p>
   </div>
   <div class='ocr_carea' id='block_1_68' title="bbox 580 3577 2072 3654">
    <p class='ocr_par' dir='ltr' id='par_1_68' title="bbox 580 3577 2072 3654">
     <span class='ocr_line' id='line_1_68' title="bbox 580 3577 2072 3654; baseline 0.004 -21"><span class='ocrx_word' id='word_1_473' title='bbox 580 3577 746 3635; x_wconf 76' lang='lat' dir='ltr'><strong>Vens.</strong></span> <span class='ocrx_word' id='word_1_474' title='bbox 778 3581 832 3634; x_wconf 87' lang='lat'><strong>7.</strong></span> <span class='ocrx_word' id='word_1_475' title='bbox 872 3599 890 3632; x_wconf 83' lang='grc' dir='ltr'>ι</span> <span class='ocrx_word' id='word_1_476' title='bbox 923 3579 1059 3647; x_wconf 93' lang='lat' dir='ltr'><strong>Quis</strong></span> <span class='ocrx_word' id='word_1_477' title='bbox 1085 3587 1138 3636; x_wconf 89' lang='lat' dir='ltr'><strong>te</strong></span> <span class='ocrx_word' id='word_1_478' title='bbox 1174 3580 1478 3636; x_wconf 87' lang='lat' dir='ltr'><strong>discernit?</strong></span> <span class='ocrx_word' id='word_1_479' title='bbox 1509 3581 1640 3654; x_wconf 90' lang='lat' dir='ltr'><strong>quid</strong></span> <span class='ocrx_word' id='word_1_480' title='bbox 1686 3590 1870 3638; x_wconf 85' lang='lat' dir='ltr'><strong>autem</strong></span> <span class='ocrx_word' id='word_1_481' title='bbox 1903 3581 2072 3639; x_wconf 86' lang='lat' dir='ltr'><strong>babes</strong></span> 
     </span>
    </p>
   </div>
   <div class='ocr_carea' id='block_1_69' title="bbox 507 3672 1169 3744">
    <p class='ocr_par' dir='ltr' id='par_1_69' title="bbox 507 3672 1169 3744">
     <span class='ocr_line' id='line_1_69' title="bbox 507 3672 1169 3744; baseline -0.003 -16"><span class='ocrx_word' id='word_1_482' title='bbox 507 3674 652 3744; x_wconf 88' lang='lat' dir='ltr'><strong>quod</strong></span> <span class='ocrx_word' id='word_1_483' title='bbox 679 3688 786 3729; x_wconf 90' lang='lat' dir='ltr'><strong>non</strong></span> <span class='ocrx_word' id='word_1_484' title='bbox 823 3672 1119 3744; x_wconf 79' lang='lat' dir='ltr'><strong>accepisti?</strong></span> <span class='ocrx_word' id='word_1_485' title='bbox 1149 3691 1169 3726; x_wconf 70' lang='grc' dir='ltr'><strong>ι</strong></span> 
     </span>
    </p>
   </div>
   <div class='ocr_carea' id='block_1_70' title="bbox 581 3787 2074 3860">
    <p class='ocr_par' dir='ltr' id='par_1_70' title="bbox 581 3787 2074 3860">
     <span class='ocr_line' id='line_1_70' title="bbox 581 3787 2074 3860; baseline 0 -18"><span class='ocrx_word' id='word_1_486' title='bbox 581 3788 822 3844; x_wconf 84' lang='lat' dir='ltr'><strong>Omissis</strong></span> <span class='ocrx_word' id='word_1_487' title='bbox 867 3789 1124 3854; x_wconf 88' lang='lat' dir='ltr'><strong>subditis,</strong></span> <span class='ocrx_word' id='word_1_488' title='bbox 1173 3788 1239 3844; x_wconf 86' lang='lat' dir='ltr'><strong>ad</strong></span> <span class='ocrx_word' id='word_1_489' title='bbox 1293 3789 1572 3860; x_wconf 87' lang='lat' dir='ltr'><strong>principes</strong></span> <span class='ocrx_word' id='word_1_490' title='bbox 1605 3789 1768 3844; x_wconf 89' lang='lat' dir='ltr'><strong>modo</strong></span> <span class='ocrx_word' id='word_1_491' title='bbox 1797 3787 2074 3844; x_wconf 84' lang='lat' dir='ltr'><strong>converti-</strong></span> 
     </span>
    </p>
   </div>
   <div class='ocr_carea' id='block_1_71' title="bbox 508 3881 2072 3954">
    <p class='ocr_par' dir='ltr' id='par_1_71' title="bbox 508 3881 2072 3954">
     <span class='ocr_line' id='line_1_71' title="bbox 508 3881 2072 3954; baseline -0.003 -11"><span class='ocrx_word' id='word_1_492' title='bbox 508 3895 621 3943; x_wconf 83' lang='lat' dir='ltr'><strong>tur.</strong></span> <span class='ocrx_word' id='word_1_493' title='bbox 663 3883 796 3954; x_wconf 80' lang='lat' dir='ltr'><strong>Ejus</strong></span> <span class='ocrx_word' id='word_1_494' title='bbox 830 3891 1011 3938; x_wconf 83' lang='lat' dir='ltr'><strong>autem</strong></span> <span class='ocrx_word' id='word_1_495' title='bbox 1052 3884 1346 3939; x_wconf 84' lang='lat' dir='ltr'><strong>verborum</strong></span> <span class='ocrx_word' id='word_1_496' title='bbox 1381 3883 1497 3938; x_wconf 75' lang='lat' dir='ltr'><strong>haec</strong></span> <span class='ocrx_word' id='word_1_497' title='bbox 1555 3881 1926 3953; x_wconf 82' lang='lat' dir='ltr'><strong>signiﬁcantia</strong></span> <span class='ocrx_word' id='word_1_498' title='bbox 1966 3888 2072 3939; x_wconf 90' lang='lat' dir='ltr'><strong>est.</strong></span> 
     </span>
    </p>
   </div>
   <div class='ocr_carea' id='block_1_72' title="bbox 511 3973 2078 4047">
    <p class='ocr_par' dir='ltr' id='par_1_72' title="bbox 511 3973 2078 4047">
     <span class='ocr_line' id='line_1_72' title="bbox 511 3973 2078 4047; baseline -0.001 -17"><span class='ocrx_word' id='word_1_499' title='bbox 511 3973 664 4032; x_wconf 85' lang='lat' dir='ltr'><strong>Unde</strong></span> <span class='ocrx_word' id='word_1_500' title='bbox 690 3983 907 4032; x_wconf 85' lang='lat' dir='ltr'><strong>constat</strong></span> <span class='ocrx_word' id='word_1_501' title='bbox 945 3983 998 4031; x_wconf 91' lang='lat' dir='ltr'><strong>te</strong></span> <span class='ocrx_word' id='word_1_502' title='bbox 1031 3975 1256 4047; x_wconf 82' lang='lat' dir='ltr'><strong>dignum</strong></span> <span class='ocrx_word' id='word_1_503' title='bbox 1290 3991 1415 4032; x_wconf 87' lang='lat' dir='ltr'><strong>esse</strong></span> <span class='ocrx_word' id='word_1_504' title='bbox 1446 3974 1645 4030; x_wconf 88' lang='lat' dir='ltr'><strong>laude?</strong></span> <span class='ocrx_word' id='word_1_505' title='bbox 1676 3973 1959 4031; x_wconf 80' lang='lat' dir='ltr'><strong>factumne</strong></span> <span class='ocrx_word' id='word_1_506' title='bbox 1992 3981 2078 4031; x_wconf 87' lang='lat' dir='ltr'><strong>est</strong></span> 
     </span>
    </p>
   </div>
   <div class='ocr_carea' id='block_1_73' title="bbox 504 4067 2078 4141">
    <p class='ocr_par' dir='ltr' id='par_1_73' title="bbox 504 4067 2078 4141">
     <span class='ocr_line' id='line_1_73' title="bbox 504 4067 2078 4141; baseline 0.001 -17"><span class='ocrx_word' id='word_1_507' title='bbox 504 4069 808 4138; x_wconf 72' lang='lat' dir='ltr'><strong>judicium?</strong></span> <span class='ocrx_word' id='word_1_508' title='bbox 846 4069 1092 4138; x_wconf 89' lang='lat' dir='ltr'><strong>nunquid</strong></span> <span class='ocrx_word' id='word_1_509' title='bbox 1161 4069 1444 4140; x_wconf 87' lang='lat' dir='ltr'><strong>inquisitio</strong></span> <span class='ocrx_word' id='word_1_510' title='bbox 1476 4067 1779 4141; x_wconf 72' lang='lat' dir='ltr'><strong>praecessit,</strong></span> <span class='ocrx_word' id='word_1_511' title='bbox 1813 4068 2078 4141; x_wconf 75' lang='lat' dir='ltr'><strong>diligens~</strong></span> 
     </span>
    </p>
   </div>
   <div class='ocr_carea' id='block_1_74' title="bbox 510 4159 2078 4232">
    <p class='ocr_par' dir='ltr' id='par_1_74' title="bbox 510 4159 2078 4232">
     <span class='ocr_line' id='line_1_74' title="bbox 510 4159 2078 4232; baseline 0 -16"><span class='ocrx_word' id='word_1_512' title='bbox 510 4178 617 4231; x_wconf 91' lang='lat' dir='ltr'><strong>que</strong></span> <span class='ocrx_word' id='word_1_513' title='bbox 648 4162 918 4232; x_wconf 82' lang='lat' dir='ltr'><strong>probatio.</strong></span> <span class='ocrx_word' id='word_1_514' title='bbox 947 4173 999 4217; x_wconf 93' lang='lat' dir='ltr'><strong>et</strong></span> <span class='ocrx_word' id='word_1_515' title='bbox 1028 4171 1290 4217; x_wconf 87' lang='lat' dir='ltr'><strong>accurata</strong></span> <span class='ocrx_word' id='word_1_516' title='bbox 1322 4161 1588 4231; x_wconf 68' lang='lat' dir='ltr'><strong>quasstio?</strong></span> <span class='ocrx_word' id='word_1_517' title='bbox 1629 4159 1724 4218; x_wconf 88' lang='lat' dir='ltr'><strong>sed</strong></span> <span class='ocrx_word' id='word_1_518' title='bbox 1767 4175 1945 4232; x_wconf 88' lang='lat' dir='ltr'><strong>neque</strong></span> <span class='ocrx_word' id='word_1_519' title='bbox 1972 4161 2078 4216; x_wconf 87' lang='lat' dir='ltr'><strong>hoc</strong></span> 
     </span>
    </p>
   </div>
   <div class='ocr_carea' id='block_1_75' title="bbox 510 4253 2078 4327">
    <p class='ocr_par' dir='ltr' id='par_1_75' title="bbox 510 4253 2078 4327">
     <span class='ocr_line' id='line_1_75' title="bbox 510 4253 2078 4327; baseline 0.001 -19"><span class='ocrx_word' id='word_1_520' title='bbox 510 4257 691 4327; x_wconf 88' lang='lat' dir='ltr'><strong>possis</strong></span> <span class='ocrx_word' id='word_1_521' title='bbox 719 4271 1053 4312; x_wconf 84' lang='lat' dir='ltr'><strong>asseverare.</strong></span> <span class='ocrx_word' id='word_1_522' title='bbox 1092 4255 1156 4310; x_wconf 87' lang='lat' dir='ltr'><strong>Et</strong></span> <span class='ocrx_word' id='word_1_523' title='bbox 1189 4256 1234 4310; x_wconf 93' lang='lat' dir='ltr'><strong>si</strong></span> <span class='ocrx_word' id='word_1_524' title='bbox 1268 4271 1395 4311; x_wconf 85' lang='lat' dir='ltr'><strong>vero</strong></span> <span class='ocrx_word' id='word_1_525' title='bbox 1419 4254 1667 4309; x_wconf 88' lang='lat' dir='ltr'><strong>homines</strong></span> <span class='ocrx_word' id='word_1_526' title='bbox 1701 4253 1820 4311; x_wconf 86' lang='lat' dir='ltr'><strong>suis</strong></span> <span class='ocrx_word' id='word_1_527' title='bbox 1849 4254 2078 4310; x_wconf 86' lang='lat' dir='ltr'><strong>calculis</strong></span> 
     </span>
    </p>
   </div>
   <div class='ocr_carea' id='block_1_76' title="bbox 510 4345 2080 4416">
    <p class='ocr_par' dir='ltr' id='par_1_76' title="bbox 510 4345 2080 4416">
     <span class='ocr_line' id='line_1_76' title="bbox 510 4345 2080 4416; baseline -0.001 -14"><span class='ocrx_word' id='word_1_528' title='bbox 510 4348 716 4414; x_wconf 79' lang='lat' dir='ltr'><strong>favent,</strong></span> <span class='ocrx_word' id='word_1_529' title='bbox 761 4357 912 4403; x_wconf 85' lang='lat' dir='ltr'><strong>recta</strong></span> <span class='ocrx_word' id='word_1_530' title='bbox 961 4363 1069 4402; x_wconf 91' lang='lat' dir='ltr'><strong>non</strong></span> <span class='ocrx_word' id='word_1_531' title='bbox 1119 4359 1205 4404; x_wconf 84' lang='lat' dir='ltr'><strong>est</strong></span> <span class='ocrx_word' id='word_1_532' title='bbox 1265 4349 1506 4416; x_wconf 89' lang='lat' dir='ltr'><strong>ipsorum</strong></span> <span class='ocrx_word' id='word_1_533' title='bbox 1555 4345 1868 4414; x_wconf 85' lang='lat' dir='ltr'><strong>sententia;</strong></span> <span class='ocrx_word' id='word_1_534' title='bbox 1902 4360 2080 4416; x_wconf 89' lang='lat' dir='ltr'><strong>neque</strong></span> 
     </span>
    </p>
   </div>
   <div class='ocr_carea' id='block_1_77' title="bbox 2167 3195 3746 3273">
    <p class='ocr_par' dir='ltr' id='par_1_77' title="bbox 2167 3195 3746 3273">
     <span class='ocr_line' id='line_1_77' title="bbox 2167 3195 3746 3273; baseline -0.005 -12"><span class='ocrx_word' id='word_1_535' title='bbox 2167 3205 2418 3273; x_wconf 72' lang='grc' dir='ltr'><strong>,Βλέπεις</strong></span> <span class='ocrx_word' id='word_1_536' title='bbox 2443 3204 2510 3258; x_wconf 79' lang='grc' dir='ltr'><strong>τὸ</strong></span> <span class='ocrx_word' id='word_1_537' title='bbox 2544 3201 2767 3272; x_wconf 71' lang='grc' dir='ltr'>κάρφος</span> <span class='ocrx_word' id='word_1_538' title='bbox 2798 3200 2866 3256; x_wconf 83' lang='grc' dir='ltr'><strong>τὸ</strong></span> <span class='ocrx_word' id='word_1_539' title='bbox 2895 3201 2968 3256; x_wconf 70' lang='grc' dir='ltr'><strong>ἐν</strong></span> <span class='ocrx_word' id='word_1_540' title='bbox 2991 3198 3072 3267; x_wconf 82' lang='grc' dir='ltr'><strong>τῷ</strong></span> <span class='ocrx_word' id='word_1_541' title='bbox 3096 3196 3381 3270; x_wconf 64' lang='grc' dir='ltr'><strong>ὀφθαλμῷ</strong></span> <span class='ocrx_word' id='word_1_542' title='bbox 3434 3195 3543 3252; x_wconf 81' lang='grc' dir='ltr'><strong>τοῦ</strong></span> <span class='ocrx_word' id='word_1_543' title='bbox 3565 3195 3746 3254; x_wconf 71' lang='grc' dir='ltr'>ἀδελ-</span> 
     </span>
    </p>
   </div>
   <div class='ocr_carea' id='block_1_78' title="bbox 2173 3290 3746 3372">
    <p class='ocr_par' dir='ltr' id='par_1_78' title="bbox 2173 3290 3746 3372">
     <span class='ocr_line' id='line_1_78' title="bbox 2173 3290 3746 3372; baseline -0.006 -17"><span class='ocrx_word' id='word_1_544' title='bbox 2173 3299 2291 3372; x_wconf 73' lang='grc' dir='ltr'><strong>φοῦ</strong></span> <span class='ocrx_word' id='word_1_545' title='bbox 2319 3313 2458 3362; x_wconf 87' lang='grc' dir='ltr'><strong>σου,</strong></span> <span class='ocrx_word' id='word_1_546' title='bbox 2493 3295 2611 3366; x_wconf 71' lang='grc' dir='ltr'><strong>τὴν</strong></span> <span class='ocrx_word' id='word_1_547' title='bbox 2640 3294 2708 3351; x_wconf 79' lang='grc' dir='ltr'>δὲ</span> <span class='ocrx_word' id='word_1_548' title='bbox 2733 3295 2802 3351; x_wconf 82' lang='grc' dir='ltr'><strong>ἑν</strong></span> <span class='ocrx_word' id='word_1_549' title='bbox 2825 3294 2905 3362; x_wconf 78' lang='grc' dir='ltr'><strong>τῷ</strong></span> <span class='ocrx_word' id='word_1_550' title='bbox 2948 3292 3234 3366; x_wconf 72' lang='grc' dir='ltr'><strong>ὀφθαλμῷ</strong></span> <span class='ocrx_word' id='word_1_551' title='bbox 3283 3309 3402 3348; x_wconf 84' lang='grc' dir='ltr'><strong>σου</strong></span> <span class='ocrx_word' id='word_1_552' title='bbox 3441 3290 3626 3348; x_wconf 72' lang='grc' dir='ltr'>δοκὸν</span> <span class='ocrx_word' id='word_1_553' title='bbox 3673 3291 3746 3346; x_wconf 82' lang='grc' dir='ltr'><strong>οὐ</strong></span> 
     </span>
    </p>
   </div>
   <div class='ocr_carea' id='block_1_79' title="bbox 2173 3403 2520 3456">
    <p class='ocr_par' dir='ltr' id='par_1_79' title="bbox 2173 3403 2520 3456">
     <span class='ocr_line' id='line_1_79' title="bbox 2173 3403 2520 3456; baseline -0.009 -10"><span class='ocrx_word' id='word_1_554' title='bbox 2173 3405 2485 3456; x_wconf 66' lang='grc' dir='ltr'><strong>κατανοεῖς</strong></span> <span class='ocrx_word' id='word_1_555' title='bbox 2503 3403 2520 3452; x_wconf 84' lang='lat'><strong>;</strong></span> 
     </span>
    </p>
   </div>
   <div class='ocr_carea' id='block_1_80' title="bbox 2253 3581 3738 3665">
    <p class='ocr_par' dir='ltr' id='par_1_80' title="bbox 2253 3581 3738 3665">
     <span class='ocr_line' id='line_1_80' title="bbox 2253 3581 3738 3665; baseline -0.007 -20"><span class='ocrx_word' id='word_1_556' title='bbox 2253 3591 2377 3656; x_wconf 77' lang='grc' dir='ltr'><strong>«Τίς</strong></span> <span class='ocrx_word' id='word_1_557' title='bbox 2399 3591 2507 3665; x_wconf 78' lang='grc' dir='ltr'>γάρ</span> <span class='ocrx_word' id='word_1_558' title='bbox 2542 3607 2600 3644; x_wconf 81' lang='grc' dir='ltr'><strong>σε</strong></span> <span class='ocrx_word' id='word_1_559' title='bbox 2623 3589 2919 3664; x_wconf 80' lang='grc' dir='ltr'>διακρίνει;</span> <span class='ocrx_word' id='word_1_560' title='bbox 2949 3588 3003 3643; x_wconf 83' lang='grc' dir='ltr'>τί</span> <span class='ocrx_word' id='word_1_561' title='bbox 3022 3589 3078 3643; x_wconf 76' lang='grc' dir='ltr'>δὲ</span> <span class='ocrx_word' id='word_1_562' title='bbox 3107 3586 3255 3661; x_wconf 76' lang='grc' dir='ltr'><strong>ἔχεις</strong></span> <span class='ocrx_word' id='word_1_563' title='bbox 3282 3587 3311 3641; x_wconf 77' lang='grc' dir='ltr'><strong>ὃ</strong></span> <span class='ocrx_word' id='word_1_564' title='bbox 3336 3587 3438 3642; x_wconf 82' lang='grc' dir='ltr'>οὐκ</span> <span class='ocrx_word' id='word_1_565' title='bbox 3471 3581 3696 3652; x_wconf 74' lang='grc' dir='ltr'><strong>ιλασιςς</strong></span> <span class='ocrx_word' id='word_1_566' title='bbox 3720 3599 3738 3634; x_wconf 80' lang='grc' dir='ltr'><strong>ι</strong></span> 
     </span>
    </p>
   </div>
   <div class='ocr_carea' id='block_1_81' title="bbox 2243 3777 3749 3870">
    <p class='ocr_par' dir='ltr' id='par_1_81' title="bbox 2243 3777 3749 3870">
     <span class='ocr_line' id='line_1_81' title="bbox 2243 3777 3749 3870; baseline -0.008 -24"><span class='ocrx_word' id='word_1_567' title='bbox 2243 3791 2441 3846; x_wconf 72' lang='grc' dir='ltr'><strong>Λοιπὸν</strong></span> <span class='ocrx_word' id='word_1_568' title='bbox 2471 3788 2629 3860; x_wconf 72' lang='grc' dir='ltr'>ἀφεὶς</span> <span class='ocrx_word' id='word_1_569' title='bbox 2659 3787 2787 3850; x_wconf 73' lang='grc' dir='ltr'><strong>τοὺς</strong></span> <span class='ocrx_word' id='word_1_570' title='bbox 2814 3784 3167 3870; x_wconf 79' lang='grc' dir='ltr'><strong>ἀρχομένους,</strong></span> <span class='ocrx_word' id='word_1_571' title='bbox 3209 3781 3346 3857; x_wconf 74' lang='grc' dir='ltr'><strong>πρὸς</strong></span> <span class='ocrx_word' id='word_1_572' title='bbox 3374 3780 3502 3845; x_wconf 76' lang='grc' dir='ltr'><strong>τοὺς</strong></span> <span class='ocrx_word' id='word_1_573' title='bbox 3553 3777 3749 3850; x_wconf 74' lang='grc' dir='ltr'>ἀρχονο</span> 
     </span>
    </p>
   </div>
   <div class='ocr_carea' id='block_1_82' title="bbox 2175 3870 3747 3956">
    <p class='ocr_par' dir='ltr' id='par_1_82' title="bbox 2175 3870 3747 3956">
     <span class='ocr_line' id='line_1_82' title="bbox 2175 3870 3747 3956; baseline -0.01 -16"><span class='ocrx_word' id='word_1_574' title='bbox 2175 3901 2276 3949; x_wconf 86' lang='grc' dir='ltr'><strong>τας</strong></span> <span class='ocrx_word' id='word_1_575' title='bbox 2306 3881 2590 3956; x_wconf 74' lang='grc' dir='ltr'><strong>τρέπεται.</strong></span> <span class='ocrx_word' id='word_1_576' title='bbox 2627 3880 2694 3932; x_wconf 87' lang='grc' dir='ltr'><strong>Ὃ</strong></span> <span class='ocrx_word' id='word_1_577' title='bbox 2723 3878 2780 3932; x_wconf 75' lang='grc' dir='ltr'>δὲ</span> <span class='ocrx_word' id='word_1_578' title='bbox 2810 3878 2957 3948; x_wconf 79' lang='grc' dir='ltr'><strong>λέγει</strong></span> <span class='ocrx_word' id='word_1_579' title='bbox 2984 3877 3226 3932; x_wconf 81' lang='grc' dir='ltr'><strong>τοιοῦτόν</strong></span> <span class='ocrx_word' id='word_1_580' title='bbox 3267 3878 3405 3930; x_wconf 70' lang='grc' dir='ltr'><strong>ἐστι*</strong></span> <span class='ocrx_word' id='word_1_581' title='bbox 3439 3872 3605 3929; x_wconf 78' lang='grc' dir='ltr'><strong>πόθεν</strong></span> <span class='ocrx_word' id='word_1_582' title='bbox 3648 3870 3747 3942; x_wconf 80' lang='grc' dir='ltr'><strong>δῆ-</strong></span> 
     </span>
    </p>
   </div>
   <div class='ocr_carea' id='block_1_83' title="bbox 2174 3964 3749 4043">
    <p class='ocr_par' dir='ltr' id='par_1_83' title="bbox 2174 3964 3749 4043">
     <span class='ocr_line' id='line_1_83' title="bbox 2174 3964 3749 4043; baseline -0.008 -11"><span class='ocrx_word' id='word_1_583' title='bbox 2174 3979 2266 4032; x_wconf 85' lang='grc' dir='ltr'>λον</span> <span class='ocrx_word' id='word_1_584' title='bbox 2295 3977 2377 4031; x_wconf 82' lang='grc' dir='ltr'><strong>ὅτι</strong></span> <span class='ocrx_word' id='word_1_585' title='bbox 2416 3975 2566 4042; x_wconf 84' lang='grc' dir='ltr'><strong>ἀξιος</strong></span> <span class='ocrx_word' id='word_1_586' title='bbox 2595 3969 2645 4028; x_wconf 77' lang='grc' dir='ltr'><strong>εἷ</strong></span> <span class='ocrx_word' id='word_1_587' title='bbox 2687 3971 2783 4027; x_wconf 81' lang='grc' dir='ltr'><strong>τοῦ</strong></span> <span class='ocrx_word' id='word_1_588' title='bbox 2811 3971 3187 4036; x_wconf 73' lang='grc' dir='ltr'><strong>ἑπαινείσθαις</strong></span> <span class='ocrx_word' id='word_1_589' title='bbox 3234 3969 3416 4043; x_wconf 81' lang='grc' dir='ltr'>κρίσις</span> <span class='ocrx_word' id='word_1_590' title='bbox 3455 3965 3564 4037; x_wconf 79' lang='grc' dir='ltr'>γὰρ</span> <span class='ocrx_word' id='word_1_591' title='bbox 3587 3964 3749 4036; x_wconf 77' lang='grc' dir='ltr'><strong>γέγο-</strong></span> 
     </span>
    </p>
   </div>
   <div class='ocr_carea' id='block_1_84' title="bbox 2177 4058 3750 4142">
    <p class='ocr_par' dir='ltr' id='par_1_84' title="bbox 2177 4058 3750 4142">
     <span class='ocr_line' id='line_1_84' title="bbox 2177 4058 3750 4142; baseline -0.01 -15"><span class='ocrx_word' id='word_1_592' title='bbox 2177 4087 2288 4135; x_wconf 79' lang='grc' dir='ltr'><strong>νεν,</strong></span> <span class='ocrx_word' id='word_1_593' title='bbox 2311 4071 2346 4142; x_wconf 81' lang='grc' dir='ltr'>ἡ</span> <span class='ocrx_word' id='word_1_594' title='bbox 2378 4069 2620 4137; x_wconf 65' lang='grc' dir='ltr'><strong>ἐξέτασις</strong></span> <span class='ocrx_word' id='word_1_595' title='bbox 2651 4063 3060 4139; x_wconf 73' lang='grc' dir='ltr'><strong>προεχώρησεν·</strong></span> <span class='ocrx_word' id='word_1_596' title='bbox 3096 4061 3388 4134; x_wconf 79' lang='grc' dir='ltr'>δοκιμασία</span> <span class='ocrx_word' id='word_1_597' title='bbox 3424 4060 3482 4114; x_wconf 72' lang='grc' dir='ltr'>δὲ</span> <span class='ocrx_word' id='word_1_598' title='bbox 3509 4059 3672 4122; x_wconf 72' lang='grc' dir='ltr'><strong>ὅλως,</strong></span> <span class='ocrx_word' id='word_1_599' title='bbox 3712 4058 3750 4128; x_wconf 81' lang='grc' dir='ltr'><strong>ἠ</strong></span> 
     </span>
    </p>
   </div>
   <div class='ocr_carea' id='block_1_85' title="bbox 2180 4145 3748 4233">
    <p class='ocr_par' dir='ltr' id='par_1_85' title="bbox 2180 4145 3748 4233">
     <span class='ocr_line' id='line_1_85' title="bbox 2180 4145 3748 4233; baseline -0.011 -15"><span class='ocrx_word' id='word_1_600' title='bbox 2180 4161 2414 4233; x_wconf 80' lang='grc' dir='ltr'><strong>βάσανος</strong></span> <span class='ocrx_word' id='word_1_601' title='bbox 2468 4155 2722 4230; x_wconf 72' lang='grc' dir='ltr'>ἀκριϐής.</span> <span class='ocrx_word' id='word_1_602' title='bbox 2766 4156 2904 4210; x_wconf 79' lang='grc' dir='ltr'><strong>Ἀλλ’</strong></span> <span class='ocrx_word' id='word_1_603' title='bbox 2936 4156 3036 4210; x_wconf 75' lang='grc' dir='ltr'>οὐκ</span> <span class='ocrx_word' id='word_1_604' title='bbox 3096 4154 3161 4207; x_wconf 80' lang='grc' dir='ltr'><strong>ἂν</strong></span> <span class='ocrx_word' id='word_1_605' title='bbox 3187 4152 3330 4223; x_wconf 79' lang='grc' dir='ltr'><strong>ἔχοις</strong></span> <span class='ocrx_word' id='word_1_606' title='bbox 3362 4150 3554 4204; x_wconf 71' lang='grc' dir='ltr'><strong>εἰπεῖν’</strong></span> <span class='ocrx_word' id='word_1_607' title='bbox 3590 4149 3640 4202; x_wconf 80' lang='grc' dir='ltr'><strong>εἰ</strong></span> <span class='ocrx_word' id='word_1_608' title='bbox 3692 4145 3748 4201; x_wconf 74' lang='grc' dir='ltr'>δὲ</span> 
     </span>
    </p>
   </div>
   <div class='ocr_carea' id='block_1_86' title="bbox 2177 4239 3746 4325">
    <p class='ocr_par' dir='ltr' id='par_1_86' title="bbox 2177 4239 3746 4325">
     <span class='ocr_line' id='line_1_86' title="bbox 2177 4239 3746 4325; baseline -0.01 -17"><span class='ocrx_word' id='word_1_609' title='bbox 2177 4253 2454 4325; x_wconf 73' lang='grc' dir='ltr'><strong>ἀνθρωττοι</strong></span> <span class='ocrx_word' id='word_1_610' title='bbox 2483 4247 2810 4321; x_wconf 63' lang='grc' dir='ltr'><strong>ψηφίζονται</strong></span> <span class='ocrx_word' id='word_1_611' title='bbox 2845 4263 2949 4311; x_wconf 88' lang='grc' dir='ltr'><strong>σοι,</strong></span> <span class='ocrx_word' id='word_1_612' title='bbox 2974 4245 3221 4318; x_wconf 79' lang='grc' dir='ltr'><strong>οὕκόρθὴ</strong></span> <span class='ocrx_word' id='word_1_613' title='bbox 3246 4242 3447 4298; x_wconf 79' lang='grc' dir='ltr'><strong>τούτων</strong></span> <span class='ocrx_word' id='word_1_614' title='bbox 3481 4242 3516 4313; x_wconf 82' lang='grc' dir='ltr'>ὴ</span> <span class='ocrx_word' id='word_1_615' title='bbox 3541 4239 3746 4308; x_wconf 83' lang='grc' dir='ltr'>κρίσις.</span> 
     </span>
    </p>
   </div>
   <div class='ocr_carea' id='block_1_87' title="bbox 2178 4328 3750 4414">
    <p class='ocr_par' dir='ltr' id='par_1_87' title="bbox 2178 4328 3750 4414">
     <span class='ocr_line' id='line_1_87' title="bbox 2178 4328 3750 4414; baseline -0.011 -14"><span class='ocrx_word' id='word_1_616' title='bbox 2178 4345 2297 4400; x_wconf 78' lang='grc' dir='ltr'>οὐδὲ</span> <span class='ocrx_word' id='word_1_617' title='bbox 2333 4342 2505 4406; x_wconf 73' lang='grc' dir='ltr'><strong>οὕτως</strong></span> <span class='ocrx_word' id='word_1_618' title='bbox 2530 4341 2700 4414; x_wconf 73' lang='grc' dir='ltr'><strong>ἐχρῆν</strong></span> <span class='ocrx_word' id='word_1_619' title='bbox 2750 4340 2893 4412; x_wconf 79' lang='grc' dir='ltr'><strong>μέγα</strong></span> <span class='ocrx_word' id='word_1_620' title='bbox 2929 4338 3166 4409; x_wconf 78' lang='grc' dir='ltr'><strong>φρονεῖν’</strong></span> <span class='ocrx_word' id='word_1_621' title='bbox 3201 4334 3353 4389; x_wconf 77' lang='grc' dir='ltr'>οὐδὲν</span> <span class='ocrx_word' id='word_1_622' title='bbox 3398 4333 3509 4403; x_wconf 78' lang='grc' dir='ltr'>γὰρ</span> <span class='ocrx_word' id='word_1_623' title='bbox 3537 4328 3750 4386; x_wconf 70' lang='grc' dir='ltr'><strong>οἴκοθεν</strong></span> 
     </span>
    </p>
   </div>
   <div class='ocr_carea' id='block_1_88' title="bbox 510 4425 2074 4533">
    <p class='ocr_par' dir='ltr' id='par_1_88' title="bbox 510 4437 2074 4504">
     <span class='ocr_line' id='line_1_88' title="bbox 510 4437 2074 4504; baseline -0.003 -7"><span class='ocrx_word' id='word_1_624' title='bbox 510 4446 590 4498; x_wconf 90' lang='lat' dir='ltr'><strong>sic</strong></span> <span class='ocrx_word' id='word_1_625' title='bbox 625 4443 862 4498; x_wconf 85' lang='lat' dir='ltr'><strong>debebas</strong></span> <span class='ocrx_word' id='word_1_626' title='bbox 892 4441 1100 4496; x_wconf 81' lang='lat' dir='ltr'><strong>extolli.</strong></span> <span class='ocrx_word' id='word_1_627' title='bbox 1135 4439 1278 4494; x_wconf 80' lang='lat' dir='ltr'><strong>Nihil</strong></span> <span class='ocrx_word' id='word_1_628' title='bbox 1302 4439 1445 4495; x_wconf 87' lang='lat' dir='ltr'><strong>enim</strong></span> <span class='ocrx_word' id='word_1_629' title='bbox 1482 4439 1581 4495; x_wconf 88' lang='lat' dir='ltr'><strong>abs</strong></span> <span class='ocrx_word' id='word_1_630' title='bbox 1611 4445 1665 4494; x_wconf 89' lang='lat' dir='ltr'><strong>te</strong></span> <span class='ocrx_word' id='word_1_631' title='bbox 1698 4437 1892 4504; x_wconf 88' lang='lat' dir='ltr'><strong>babes,</strong></span> <span class='ocrx_word' id='word_1_632' title='bbox 1922 4440 2016 4494; x_wconf 89' lang='lat' dir='ltr'><strong>sed</strong></span> <span class='ocrx_word' id='word_1_633' title='bbox 2048 4454 2074 4493; x_wconf 91' lang='lat' dir='ltr'><strong>a</strong></span> 
     </span>
    </p>
   </div>
   <div class='ocr_carea' id='block_1_89' title="bbox 2170 4425 3386 4533">
    <p class='ocr_par' dir='ltr' id='par_1_89' title="bbox 2181 4425 3386 4511">
     <span class='ocr_line' id='line_1_89' title="bbox 2181 4425 3386 4511; baseline -0.011 -19"><span class='ocrx_word' id='word_1_634' title='bbox 2181 4440 2347 4511; x_wconf 69' lang='grc' dir='ltr'><strong>ἔχεις,</strong></span> <span class='ocrx_word' id='word_1_635' title='bbox 2371 4435 2506 4492; x_wconf 86' lang='grc' dir='ltr'>ἀλλὰ</span> <span class='ocrx_word' id='word_1_636' title='bbox 2536 4433 2684 4506; x_wconf 86' lang='grc' dir='ltr'>παρά</span> <span class='ocrx_word' id='word_1_637' title='bbox 2710 4431 2802 4487; x_wconf 81' lang='grc' dir='ltr'><strong>τοῦ</strong></span> <span class='ocrx_word' id='word_1_638' title='bbox 2821 4428 2954 4486; x_wconf 81' lang='grc' dir='ltr'><strong>Θεοῦ</strong></span> <span class='ocrx_word' id='word_1_639' title='bbox 2985 4429 3162 4484; x_wconf 86' lang='grc' dir='ltr'><strong>πάντα</strong></span> <span class='ocrx_word' id='word_1_640' title='bbox 3185 4425 3386 4481; x_wconf 74' lang='grc' dir='ltr'><strong>λαϐὼν.</strong></span> 
     </span>
    </p>
   </div>
   <div class='ocr_carea' id='block_1_90' title="bbox 511 4533 1152 4602">
    <p class='ocr_par' dir='ltr' id='par_1_90' title="bbox 511 4533 1152 4602">
     <span class='ocr_line' id='line_1_90' title="bbox 511 4533 1152 4602; baseline -0.002 -14"><span class='ocrx_word' id='word_1_641' title='bbox 511 4535 621 4590; x_wconf 87' lang='lat' dir='ltr'><strong>Deo</strong></span> <span class='ocrx_word' id='word_1_642' title='bbox 653 4537 836 4590; x_wconf 89' lang='lat' dir='ltr'><strong>omnia</strong></span> <span class='ocrx_word' id='word_1_643' title='bbox 868 4533 1152 4602; x_wconf 87' lang='lat' dir='ltr'><strong>accepisti.</strong></span> 
     </span>
    </p>
   </div>
   <div class='ocr_carea' id='block_1_91' title="bbox 586 4643 2074 4717">
    <p class='ocr_par' dir='ltr' id='par_1_91' title="bbox 586 4643 2074 4717">
     <span class='ocr_line' id='line_1_91' title="bbox 586 4643 2074 4717; baseline -0.001 -16"><span class='ocrx_word' id='word_1_644' title='bbox 586 4671 604 4701; x_wconf 87' lang='grc'><strong>‹</strong></span> <span class='ocrx_word' id='word_1_645' title='bbox 642 4650 694 4702; x_wconf 88' lang='lat' dir='ltr'><strong>Si</strong></span> <span class='ocrx_word' id='word_1_646' title='bbox 738 4657 917 4703; x_wconf 85' lang='lat' dir='ltr'><strong>antem</strong></span> <span class='ocrx_word' id='word_1_647' title='bbox 949 4656 1000 4701; x_wconf 87' lang='lat' dir='ltr'><strong>et</strong></span> <span class='ocrx_word' id='word_1_648' title='bbox 1032 4645 1312 4715; x_wconf 79' lang='lat' dir='ltr'><strong>accepisti,</strong></span> <span class='ocrx_word' id='word_1_649' title='bbox 1344 4645 1474 4715; x_wconf 87' lang='lat' dir='ltr'><strong>quid</strong></span> <span class='ocrx_word' id='word_1_650' title='bbox 1503 4643 1759 4717; x_wconf 83' lang='lat' dir='ltr'><strong>gloriaris</strong></span> <span class='ocrx_word' id='word_1_651' title='bbox 1779 4645 1933 4715; x_wconf 84' lang='lat' dir='ltr'><strong>quasi</strong></span> <span class='ocrx_word' id='word_1_652' title='bbox 1969 4660 2074 4700; x_wconf 91' lang='lat' dir='ltr'><strong>non</strong></span> 
     </span>
    </p>
   </div>
   <div class='ocr_carea' id='block_1_92' title="bbox 513 4741 870 4811">
    <p class='ocr_par' dir='ltr' id='par_1_92' title="bbox 513 4741 870 4811">
     <span class='ocr_line' id='line_1_92' title="bbox 513 4741 870 4811; baseline -0.003 -17"><span class='ocrx_word' id='word_1_653' title='bbox 513 4741 827 4811; x_wconf 77' lang='lat' dir='ltr'><strong>acceperis?</strong></span> <span class='ocrx_word' id='word_1_654' title='bbox 853 4759 870 4793; x_wconf 76' lang='grc' dir='ltr'><strong>ι</strong></span> 
     </span>
    </p>
   </div>
   <div class='ocr_carea' id='block_1_93' title="bbox 585 4853 2082 4926">
    <p class='ocr_par' dir='ltr' id='par_1_93' title="bbox 585 4853 2082 4926">
     <span class='ocr_line' id='line_1_93' title="bbox 585 4853 2082 4926; baseline 0.002 -17"><span class='ocrx_word' id='word_1_655' title='bbox 585 4855 770 4926; x_wconf 76' lang='lat' dir='ltr'><strong>Atqui,</strong></span> <span class='ocrx_word' id='word_1_656' title='bbox 829 4855 1098 4924; x_wconf 46' lang='lat' dir='ltr'><strong>accepisti,</strong></span> <span class='ocrx_word' id='word_1_657' title='bbox 1156 4853 1365 4923; x_wconf 87' lang='lat' dir='ltr'><strong>inquit;</strong></span> <span class='ocrx_word' id='word_1_658' title='bbox 1415 4862 1468 4908; x_wconf 87' lang='lat' dir='ltr'><strong>et</strong></span> <span class='ocrx_word' id='word_1_659' title='bbox 1499 4868 1619 4910; x_wconf 90' lang='lat' dir='ltr'><strong>eam</strong></span> <span class='ocrx_word' id='word_1_660' title='bbox 1664 4855 1733 4911; x_wconf 87' lang='lat' dir='ltr'><strong>ob</strong></span> <span class='ocrx_word' id='word_1_661' title='bbox 1774 4871 1885 4912; x_wconf 87' lang='lat' dir='ltr'><strong>rem</strong></span> <span class='ocrx_word' id='word_1_662' title='bbox 1923 4855 2082 4912; x_wconf 84' lang='lat' dir='ltr'><strong>valde</strong></span> 
     </span>
    </p>
   </div>
   <div class='ocr_carea' id='block_1_94' title="bbox 515 4946 2086 5019">
    <p class='ocr_par' dir='ltr' id='par_1_94' title="bbox 515 4946 2086 5019">
     <span class='ocr_line' id='line_1_94' title="bbox 515 4946 2086 5019; baseline 0.001 -16"><span class='ocrx_word' id='word_1_663' title='bbox 515 4947 814 5019; x_wconf 77' lang='lat' dir='ltr'><strong>gloriaris?</strong></span> <span class='ocrx_word' id='word_1_664' title='bbox 866 4947 1115 5017; x_wconf 88' lang='lat' dir='ltr'><strong>quinimo</strong></span> <span class='ocrx_word' id='word_1_665' title='bbox 1164 4953 1388 5016; x_wconf 77' lang='lat' dir='ltr'><strong>propter</strong></span> <span class='ocrx_word' id='word_1_666' title='bbox 1452 4947 1557 5001; x_wconf 85' lang='lat' dir='ltr'><strong>hoc</strong></span> <span class='ocrx_word' id='word_1_667' title='bbox 1604 4946 1785 5017; x_wconf 85' lang='lat' dir='ltr'><strong>ipsum</strong></span> <span class='ocrx_word' id='word_1_668' title='bbox 1836 4949 2086 5004; x_wconf 81' lang='lat' dir='ltr'><strong>modeste</strong></span> 
     </span>
    </p>
   </div>
   <div class='ocr_carea' id='block_1_95' title="bbox 515 5037 2084 5111">
    <p class='ocr_par' dir='ltr' id='par_1_95' title="bbox 515 5037 2084 5111">
     <span class='ocr_line' id='line_1_95' title="bbox 515 5037 2084 5111; baseline 0.001 -17"><span class='ocrx_word' id='word_1_669' title='bbox 515 5056 678 5111; x_wconf 82' lang='lat' dir='ltr'><strong>agere</strong></span> <span class='ocrx_word' id='word_1_670' title='bbox 707 5041 1017 5111; x_wconf 86' lang='lat' dir='ltr'><strong>oportebat.</strong></span> <span class='ocrx_word' id='word_1_671' title='bbox 1072 5037 1213 5104; x_wconf 73' lang='lat' dir='ltr'><strong>Quia</strong></span> <span class='ocrx_word' id='word_1_672' title='bbox 1258 5046 1410 5092; x_wconf 88' lang='lat' dir='ltr'><strong>tuum</strong></span> <span class='ocrx_word' id='word_1_673' title='bbox 1460 5053 1572 5093; x_wconf 90' lang='lat' dir='ltr'><strong>non</strong></span> <span class='ocrx_word' id='word_1_674' title='bbox 1613 5049 1696 5094; x_wconf 85' lang='lat' dir='ltr'><strong>est</strong></span> <span class='ocrx_word' id='word_1_675' title='bbox 1730 5040 1782 5094; x_wconf 87' lang='lat' dir='ltr'><strong>id</strong></span> <span class='ocrx_word' id='word_1_676' title='bbox 1811 5040 1955 5110; x_wconf 90' lang='lat' dir='ltr'><strong>quod</strong></span> <span class='ocrx_word' id='word_1_677' title='bbox 1984 5041 2084 5096; x_wconf 50' lang='lat' dir='ltr'><strong>da.</strong></span> 
     </span>
    </p>
   </div>
   <div class='ocr_carea' id='block_1_96' title="bbox 516 5129 2082 5205">
    <p class='ocr_par' dir='ltr' id='par_1_96' title="bbox 516 5129 2082 5205">
     <span class='ocr_line' id='line_1_96' title="bbox 516 5129 2082 5205; baseline 0.001 -19"><span class='ocrx_word' id='word_1_678' title='bbox 516 5144 630 5187; x_wconf 88' lang='lat' dir='ltr'><strong>tum</strong></span> <span class='ocrx_word' id='word_1_679' title='bbox 664 5141 747 5187; x_wconf 85' lang='lat' dir='ltr'><strong>est</strong></span> <span class='ocrx_word' id='word_1_680' title='bbox 784 5131 903 5198; x_wconf 72' lang='lat' dir='ltr'><strong>tibi,</strong></span> <span class='ocrx_word' id='word_1_681' title='bbox 930 5131 1026 5186; x_wconf 68' lang='lat' dir='ltr'><strong>sui</strong></span> <span class='ocrx_word' id='word_1_682' title='bbox 1075 5131 1222 5184; x_wconf 88' lang='lat' dir='ltr'><strong>illius</strong></span> <span class='ocrx_word' id='word_1_683' title='bbox 1258 5129 1350 5200; x_wconf 88' lang='lat' dir='ltr'><strong>qui</strong></span> <span class='ocrx_word' id='word_1_684' title='bbox 1388 5129 1558 5185; x_wconf 89' lang='lat' dir='ltr'><strong>dedit.</strong></span> <span class='ocrx_word' id='word_1_685' title='bbox 1611 5129 1749 5186; x_wconf 82' lang='lat' dir='ltr'><strong>Nam</strong></span> <span class='ocrx_word' id='word_1_686' title='bbox 1786 5131 1832 5187; x_wconf 90' lang='lat' dir='ltr'><strong>si</strong></span> <span class='ocrx_word' id='word_1_687' title='bbox 1865 5133 2082 5205; x_wconf 87' lang='lat' dir='ltr'><strong>accepi-</strong></span> 
     </span>
    </p>
   </div>
   <div class='ocr_carea' id='block_1_97' title="bbox 516 5220 2077 5294">
    <p class='ocr_par' dir='ltr' id='par_1_97' title="bbox 516 5220 2077 5294">
     <span class='ocr_line' id='line_1_97' title="bbox 516 5220 2077 5294; baseline 0.001 -15"><span class='ocrx_word' id='word_1_688' title='bbox 516 5225 612 5292; x_wconf 86' lang='lat' dir='ltr'><strong>sti,</strong></span> <span class='ocrx_word' id='word_1_689' title='bbox 651 5225 720 5278; x_wconf 88' lang='lat' dir='ltr'><strong>ab</strong></span> <span class='ocrx_word' id='word_1_690' title='bbox 755 5223 850 5278; x_wconf 90' lang='lat' dir='ltr'><strong>illo</strong></span> <span class='ocrx_word' id='word_1_691' title='bbox 883 5222 1164 5292; x_wconf 84' lang='lat' dir='ltr'><strong>accepisti.</strong></span> <span class='ocrx_word' id='word_1_692' title='bbox 1203 5220 1357 5287; x_wconf 89' lang='lat' dir='ltr'><strong>Quod</strong></span> <span class='ocrx_word' id='word_1_693' title='bbox 1389 5223 1436 5277; x_wconf 86' lang='lat' dir='ltr'><strong>si</strong></span> <span class='ocrx_word' id='word_1_694' title='bbox 1467 5223 1535 5277; x_wconf 87' lang='lat' dir='ltr'><strong>ab</strong></span> <span class='ocrx_word' id='word_1_695' title='bbox 1557 5237 1622 5278; x_wconf 90' lang='lat' dir='ltr'><strong>eo</strong></span> <span class='ocrx_word' id='word_1_696' title='bbox 1655 5223 1938 5294; x_wconf 80' lang='lat' dir='ltr'><strong>accepisti,</strong></span> <span class='ocrx_word' id='word_1_697' title='bbox 1966 5241 2077 5280; x_wconf 87' lang='lat' dir='ltr'><strong>non</strong></span> 
     </span>
    </p>
   </div>
   <div class='ocr_carea' id='block_1_98' title="bbox 516 5313 2076 5386">
    <p class='ocr_par' dir='ltr' id='par_1_98' title="bbox 516 5313 2076 5386">
     <span class='ocr_line' id='line_1_98' title="bbox 516 5313 2076 5386; baseline 0.001 -16"><span class='ocrx_word' id='word_1_698' title='bbox 516 5317 567 5370; x_wconf 87' lang='lat' dir='ltr'><strong>id</strong></span> <span class='ocrx_word' id='word_1_699' title='bbox 605 5315 749 5386; x_wconf 90' lang='lat' dir='ltr'><strong>quod</strong></span> <span class='ocrx_word' id='word_1_700' title='bbox 791 5322 944 5368; x_wconf 89' lang='lat' dir='ltr'><strong>tuum</strong></span> <span class='ocrx_word' id='word_1_701' title='bbox 988 5321 1135 5369; x_wconf 86' lang='lat' dir='ltr'><strong>esset</strong></span> <span class='ocrx_word' id='word_1_702' title='bbox 1175 5313 1455 5384; x_wconf 85' lang='lat' dir='ltr'><strong>accepisti.</strong></span> <span class='ocrx_word' id='word_1_703' title='bbox 1508 5314 1588 5371; x_wconf 81' lang='lat' dir='ltr'><strong>Ac</strong></span> <span class='ocrx_word' id='word_1_704' title='bbox 1627 5315 1671 5370; x_wconf 88' lang='lat' dir='ltr'><strong>si</strong></span> <span class='ocrx_word' id='word_1_705' title='bbox 1725 5317 1868 5386; x_wconf 91' lang='lat' dir='ltr'><strong>quod</strong></span> <span class='ocrx_word' id='word_1_706' title='bbox 1924 5325 2076 5372; x_wconf 89' lang='lat' dir='ltr'><strong>tuum</strong></span> 
     </span>
    </p>
   </div>
   <div class='ocr_carea' id='block_1_99' title="bbox 519 5402 2077 5473">
    <p class='ocr_par' dir='ltr' id='par_1_99' title="bbox 519 5402 2077 5473">
     <span class='ocr_line' id='line_1_99' title="bbox 519 5402 2077 5473; baseline -0.001 -13"><span class='ocrx_word' id='word_1_707' title='bbox 519 5422 627 5460; x_wconf 88' lang='lat' dir='ltr'><strong>non</strong></span> <span class='ocrx_word' id='word_1_708' title='bbox 674 5412 816 5466; x_wconf 87' lang='lat' dir='ltr'><strong>erat,</strong></span> <span class='ocrx_word' id='word_1_709' title='bbox 869 5402 1170 5473; x_wconf 80' lang='lat' dir='ltr'><strong>accepisti;</strong></span> <span class='ocrx_word' id='word_1_710' title='bbox 1221 5402 1354 5473; x_wconf 90' lang='lat' dir='ltr'><strong>quid</strong></span> <span class='ocrx_word' id='word_1_711' title='bbox 1400 5404 1758 5459; x_wconf 80' lang='lat' dir='ltr'><strong>ostentationi</strong></span> <span class='ocrx_word' id='word_1_712' title='bbox 1809 5403 2077 5473; x_wconf 86' lang='lat' dir='ltr'><strong>indulges,</strong></span> 
     </span>
    </p>
   </div>
   <div class='ocr_carea' id='block_1_100' title="bbox 516 5494 1492 5568">
    <p class='ocr_par' dir='ltr' id='par_1_100' title="bbox 516 5494 1492 5568">
     <span class='ocr_line' id='line_1_100' title="bbox 516 5494 1492 5568; baseline 0.002 -19"><span class='ocrx_word' id='word_1_713' title='bbox 516 5498 612 5568; x_wconf 86' lang='lat' dir='ltr'><strong>qui</strong></span> <span class='ocrx_word' id='word_1_714' title='bbox 643 5498 789 5568; x_wconf 86' lang='lat' dir='ltr'><strong>quod</strong></span> <span class='ocrx_word' id='word_1_715' title='bbox 827 5505 980 5552; x_wconf 88' lang='lat' dir='ltr'><strong>tuum</strong></span> <span class='ocrx_word' id='word_1_716' title='bbox 1010 5511 1119 5551; x_wconf 89' lang='lat' dir='ltr'><strong>non</strong></span> <span class='ocrx_word' id='word_1_717' title='bbox 1145 5505 1227 5552; x_wconf 88' lang='lat' dir='ltr'><strong>est</strong></span> <span class='ocrx_word' id='word_1_718' title='bbox 1255 5494 1492 5553; x_wconf 85' lang='lat' dir='ltr'><strong>habeas?</strong></span> 
     </span>
    </p>
   </div>
   <div class='ocr_carea' id='block_1_101' title="bbox 598 5763 1077 5828">
    <p class='ocr_par' dir='ltr' id='par_1_101' title="bbox 598 5763 1077 5828">
     <span class='ocr_line' id='line_1_101' title="bbox 598 5763 1077 5828; baseline -0.006 -10"><span class='ocrx_word' id='word_1_719' title='bbox 598 5767 633 5796; x_wconf 78' lang='lat'><strong>&quot;</strong></span> <span class='ocrx_word' id='word_1_720' title='bbox 679 5763 868 5818; x_wconf 73' lang='lat' dir='ltr'><strong>Matth.</strong></span> <span class='ocrx_word' id='word_1_721' title='bbox 901 5779 996 5828; x_wconf 74' lang='lat' dir='ltr'><strong>vn,</strong></span> <span class='ocrx_word' id='word_1_722' title='bbox 1027 5763 1077 5816; x_wconf 80' lang='lat'><strong>3.</strong></span> 
     </span>
    </p>
   </div>
   <div class='ocr_carea' id='block_1_102' title="bbox 2257 4622 3708 4701">
    <p class='ocr_par' dir='ltr' id='par_1_102' title="bbox 2257 4622 3708 4701">
     <span class='ocr_line' id='line_1_102' title="bbox 2257 4622 3708 4701; baseline -0.011 -10"><span class='ocrx_word' id='word_1_723' title='bbox 2257 4655 2280 4692; x_wconf 76' lang='grc' dir='ltr'><strong>,ι</strong></span> <span class='ocrx_word' id='word_1_724' title='bbox 2316 4637 2378 4691; x_wconf 83' lang='grc' dir='ltr'>Εἰ</span> <span class='ocrx_word' id='word_1_725' title='bbox 2410 4635 2465 4690; x_wconf 80' lang='grc' dir='ltr'>δὲ</span> <span class='ocrx_word' id='word_1_726' title='bbox 2500 4633 2592 4689; x_wconf 79' lang='grc' dir='ltr'>καὶ</span> <span class='ocrx_word' id='word_1_727' title='bbox 2621 4632 2830 4698; x_wconf 75' lang='grc' dir='ltr'><strong>ἔλαϐες,</strong></span> <span class='ocrx_word' id='word_1_728' title='bbox 2859 4629 3197 4701; x_wconf 83' lang='grc' dir='ltr'>τίκαυχᾶσαι</span> <span class='ocrx_word' id='word_1_729' title='bbox 3222 4627 3298 4692; x_wconf 85' lang='grc' dir='ltr'><strong>ὼς</strong></span> <span class='ocrx_word' id='word_1_730' title='bbox 3337 4627 3412 4700; x_wconf 84' lang='grc' dir='ltr'><strong>μὴ</strong></span> <span class='ocrx_word' id='word_1_731' title='bbox 3438 4622 3655 4691; x_wconf 81' lang='grc' dir='ltr'><strong>).α6ών;</strong></span> <span class='ocrx_word' id='word_1_732' title='bbox 3688 4639 3708 4674; x_wconf 79' lang='grc' dir='ltr'><strong>ι</strong></span> 
     </span>
    </p>
   </div>
   <div class='ocr_carea' id='block_1_103' title="bbox 2267 4824 3750 4902">
    <p class='ocr_par' dir='ltr' id='par_1_103' title="bbox 2267 4824 3750 4902">
     <span class='ocr_line' id='line_1_103' title="bbox 2267 4824 3750 4902; baseline -0.001 -14"><span class='ocrx_word' id='word_1_733' title='bbox 2267 4835 2408 4888; x_wconf 83' lang='grc' dir='ltr'><strong>Ἀλλ’</strong></span> <span class='ocrx_word' id='word_1_734' title='bbox 2431 4833 2664 4899; x_wconf 71' lang='grc' dir='ltr'><strong>ἔλαϐες,</strong></span> <span class='ocrx_word' id='word_1_735' title='bbox 2697 4830 2880 4902; x_wconf 61' lang='grc' dir='ltr'><strong>φησιν,</strong></span> <span class='ocrx_word' id='word_1_736' title='bbox 2908 4829 3002 4884; x_wconf 70' lang='grc' dir='ltr'>καὶ</span> <span class='ocrx_word' id='word_1_737' title='bbox 3023 4828 3110 4883; x_wconf 86' lang='grc' dir='ltr'><strong>διὰ</strong></span> <span class='ocrx_word' id='word_1_738' title='bbox 3129 4826 3288 4881; x_wconf 82' lang='grc' dir='ltr'><strong>τοῦτο</strong></span> <span class='ocrx_word' id='word_1_739' title='bbox 3333 4825 3477 4896; x_wconf 81' lang='grc' dir='ltr'><strong>μέγα</strong></span> <span class='ocrx_word' id='word_1_740' title='bbox 3500 4824 3718 4894; x_wconf 78' lang='grc' dir='ltr'>φρονεῖς</span> <span class='ocrx_word' id='word_1_741' title='bbox 3732 4839 3750 4888; x_wconf 75' lang='grc' dir='ltr'>ς</span> 
     </span>
    </p>
   </div>
   <div class='ocr_carea' id='block_1_104' title="bbox 2179 4913 3750 4994">
    <p class='ocr_par' dir='ltr' id='par_1_104' title="bbox 2179 4913 3750 4994">
     <span class='ocr_line' id='line_1_104' title="bbox 2179 4913 3750 4994; baseline -0.01 -12"><span class='ocrx_word' id='word_1_742' title='bbox 2179 4929 2314 4983; x_wconf 82' lang='grc' dir='ltr'>ἀλλὰ</span> <span class='ocrx_word' id='word_1_743' title='bbox 2343 4927 2407 4981; x_wconf 84' lang='grc' dir='ltr'><strong>δι’</strong></span> <span class='ocrx_word' id='word_1_744' title='bbox 2448 4926 2577 4980; x_wconf 80' lang='grc' dir='ltr'><strong>αὐτὸ</strong></span> <span class='ocrx_word' id='word_1_745' title='bbox 2617 4926 2716 4994; x_wconf 81' lang='grc' dir='ltr'><strong>μὲν</strong></span> <span class='ocrx_word' id='word_1_746' title='bbox 2749 4923 2909 4978; x_wconf 80' lang='grc' dir='ltr'><strong>τοῦτο</strong></span> <span class='ocrx_word' id='word_1_747' title='bbox 2929 4922 3036 4976; x_wconf 78' lang='grc' dir='ltr'>Ξδει</span> <span class='ocrx_word' id='word_1_748' title='bbox 3085 4917 3461 4974; x_wconf 82' lang='grc' dir='ltr'><strong>συνεστάλθαι.</strong></span> <span class='ocrx_word' id='word_1_749' title='bbox 3514 4916 3592 4970; x_wconf 88' lang='grc' dir='ltr'><strong>Οὐ</strong></span> <span class='ocrx_word' id='word_1_750' title='bbox 3640 4913 3750 4986; x_wconf 81' lang='grc' dir='ltr'><strong>γὰρ</strong></span> 
     </span>
    </p>
   </div>
   <div class='ocr_carea' id='block_1_105' title="bbox 2183 5005 3750 5087">
    <p class='ocr_par' dir='ltr' id='par_1_105' title="bbox 2183 5005 3750 5087">
     <span class='ocr_line' id='line_1_105' title="bbox 2183 5005 3750 5087; baseline -0.011 -11"><span class='ocrx_word' id='word_1_751' title='bbox 2183 5023 2273 5076; x_wconf 82' lang='grc' dir='ltr'><strong>σόν</strong></span> <span class='ocrx_word' id='word_1_752' title='bbox 2301 5023 2418 5076; x_wconf 72' lang='grc' dir='ltr'><strong>ἐστι</strong></span> <span class='ocrx_word' id='word_1_753' title='bbox 2446 5021 2505 5073; x_wconf 81' lang='grc' dir='ltr'><strong>τὸ</strong></span> <span class='ocrx_word' id='word_1_754' title='bbox 2529 5017 2702 5083; x_wconf 86' lang='grc' dir='ltr'><strong>δοθὲν,</strong></span> <span class='ocrx_word' id='word_1_755' title='bbox 2741 5015 2878 5070; x_wconf 81' lang='grc' dir='ltr'><strong>ἀλλά</strong></span> <span class='ocrx_word' id='word_1_756' title='bbox 2905 5013 3003 5067; x_wconf 82' lang='grc' dir='ltr'><strong>τοῦ</strong></span> <span class='ocrx_word' id='word_1_757' title='bbox 3033 5010 3347 5087; x_wconf 80' lang='grc' dir='ltr'>δεδωκότος.</span> <span class='ocrx_word' id='word_1_758' title='bbox 3404 5009 3464 5060; x_wconf 80' lang='lat' dir='ltr'><strong>Ei</strong></span> <span class='ocrx_word' id='word_1_759' title='bbox 3489 5007 3598 5078; x_wconf 83' lang='grc' dir='ltr'><strong>γὰρ</strong></span> <span class='ocrx_word' id='word_1_760' title='bbox 3623 5005 3750 5059; x_wconf 75' lang='grc' dir='ltr'>ἐλα-</span> 
     </span>
    </p>
   </div>
   <div class='ocr_carea' id='block_1_106' title="bbox 2179 5095 3750 5182">
    <p class='ocr_par' dir='ltr' id='par_1_106' title="bbox 2179 5095 3750 5182">
     <span class='ocr_line' id='line_1_106' title="bbox 2179 5095 3750 5182; baseline -0.011 -16"><span class='ocrx_word' id='word_1_761' title='bbox 2179 5115 2293 5177; x_wconf 73' lang='grc' dir='ltr'><strong>ϐες,</strong></span> <span class='ocrx_word' id='word_1_762' title='bbox 2328 5111 2458 5182; x_wconf 81' lang='grc' dir='ltr'>παρ’</span> <span class='ocrx_word' id='word_1_763' title='bbox 2495 5109 2703 5163; x_wconf 75' lang='grc' dir='ltr'>ἐκείνου</span> <span class='ocrx_word' id='word_1_764' title='bbox 2731 5105 2941 5170; x_wconf 74' lang='grc' dir='ltr'><strong>ἐλαϐεςο</strong></span> <span class='ocrx_word' id='word_1_765' title='bbox 2971 5106 3020 5157; x_wconf 86' lang='grc' dir='ltr'>εἰ</span> <span class='ocrx_word' id='word_1_766' title='bbox 3053 5102 3112 5156; x_wconf 72' lang='grc' dir='ltr'>δὲ</span> <span class='ocrx_word' id='word_1_767' title='bbox 3144 5101 3271 5174; x_wconf 86' lang='grc' dir='ltr'>παρ’</span> <span class='ocrx_word' id='word_1_768' title='bbox 3294 5096 3502 5154; x_wconf 72' lang='grc' dir='ltr'><strong>ικείνου</strong></span> <span class='ocrx_word' id='word_1_769' title='bbox 3534 5095 3750 5162; x_wconf 73' lang='grc' dir='ltr'><strong>ελαϐες,</strong></span> 
     </span>
    </p>
   </div>
   <div class='ocr_carea' id='block_1_107' title="bbox 2181 5189 3750 5266">
    <p class='ocr_par' dir='ltr' id='par_1_107' title="bbox 2181 5189 3750 5266">
     <span class='ocr_line' id='line_1_107' title="bbox 2181 5189 3750 5266; baseline -0.011 -7"><span class='ocrx_word' id='word_1_770' title='bbox 2181 5206 2242 5260; x_wconf 81' lang='grc' dir='ltr'><strong>οὐ</strong></span> <span class='ocrx_word' id='word_1_771' title='bbox 2272 5203 2362 5259; x_wconf 78' lang='grc' dir='ltr'><strong>σὺν</strong></span> <span class='ocrx_word' id='word_1_772' title='bbox 2383 5203 2594 5266; x_wconf 71' lang='grc' dir='ltr'><strong>ἔλαϐες.</strong></span> <span class='ocrx_word' id='word_1_773' title='bbox 2625 5200 2688 5254; x_wconf 82' lang='lat' dir='ltr'><strong>El</strong></span> <span class='ocrx_word' id='word_1_774' title='bbox 2721 5198 2778 5254; x_wconf 79' lang='grc' dir='ltr'>δὲ</span> <span class='ocrx_word' id='word_1_775' title='bbox 2803 5199 2862 5252; x_wconf 82' lang='grc' dir='ltr'><strong>οὐ</strong></span> <span class='ocrx_word' id='word_1_776' title='bbox 2886 5197 2976 5251; x_wconf 73' lang='grc' dir='ltr'><strong>σὺν</strong></span> <span class='ocrx_word' id='word_1_777' title='bbox 3008 5192 3220 5261; x_wconf 69' lang='grc' dir='ltr'><strong>ἔλασις,</strong></span> <span class='ocrx_word' id='word_1_778' title='bbox 3252 5192 3306 5247; x_wconf 89' lang='grc' dir='ltr'>τί</span> <span class='ocrx_word' id='word_1_779' title='bbox 3335 5190 3480 5265; x_wconf 79' lang='grc' dir='ltr'><strong>μέγα</strong></span> <span class='ocrx_word' id='word_1_780' title='bbox 3507 5189 3750 5263; x_wconf 72' lang='grc' dir='ltr'><strong>φρονεῖς,</strong></span> 
     </span>
    </p>
   </div>
   <div class='ocr_carea' id='block_1_108' title="bbox 2183 5294 2634 5371">
    <p class='ocr_par' dir='ltr' id='par_1_108' title="bbox 2183 5294 2634 5371">
     <span class='ocr_line' id='line_1_108' title="bbox 2183 5294 2634 5371; baseline -0.016 -19"><span class='ocrx_word' id='word_1_781' title='bbox 2183 5300 2211 5352; x_wconf 83' lang='grc' dir='ltr'>ὀ</span> <span class='ocrx_word' id='word_1_782' title='bbox 2241 5298 2316 5371; x_wconf 79' lang='grc' dir='ltr'><strong>μὴ</strong></span> <span class='ocrx_word' id='word_1_783' title='bbox 2356 5296 2446 5351; x_wconf 79' lang='grc' dir='ltr'><strong>σὺν</strong></span> <span class='ocrx_word' id='word_1_784' title='bbox 2469 5294 2634 5366; x_wconf 81' lang='grc' dir='ltr'><strong>ἔχων;</strong></span> 
     </span>
    </p>
   </div>
  </div>
