4038 6284
343 341 441 408 601

419 470 438 505 ι
479 452 617 525 Ἤδη
640 455 1030 527 κεκορεσμένοι
1058 456 1315 533 ἐστέ·ἧδη
1337 459 1731 531 ἐπλουτήσατε.
1773 476 1793 509 ι

412 633 608 698 Καλῶς
649 635 741 699 τὸ,
769 636 908 706 ἤδη,
942 638 1049 692 ἀπὸ
1097 641 1190 694 τοῦ
1214 640 1406 712 χρόνου
1433 637 1652 700 δεικνὺς
1703 634 1766 689 τὸ
1785 633 1916 688 ἀπί-

341 727 502 784 θανον
529 729 730 794 αὐτῶν,
765 733 857 786 καὶ
876 731 976 803 τὴν
1010 733 1272 804 ἀνάλογον
1314 734 1510 806 οἴησιν.

420 919 438 951 ι
469 900 654 970 Χωρὶς
687 901 842 972 ἡμῶν
871 902 1280 959 ἐϐασιλεύσατε·
1308 907 1404 959 καὶ
1427 904 1618 975 δφελόν
1640 923 1705 977 γε
1732 906 1920 963 ἐϐασι-

339 989 592 1057 λεύσατε,
624 994 710 1047 ἵνα
728 995 818 1048 καὶ
837 998 999 1066 ἡμεῖς
1024 997 1152 1068 ὑμῖν
1183 999 1728 1072 συμϐασιλεύσωμεν.
1763 1001 1917 1057 Δοκῶ

338 1084 469 1157 γάρ,
500 1086 530 1138 δ
555 1085 686 1151 Θεὸς
714 1089 861 1158 ἡμᾶς
883 1089 1217 1156 ἀποστόλους
1244 1091 1503 1161 ἐσχάτους
1539 1093 1821 1162 ἀπέδειξεν
1841 1093 1918 1158 ὡς

341 1175 739 1242 ἐπιθανατίους.
768 1197 788 1232 ι

409 1269 741 1340 Βουλόμενος
772 1272 955 1329 αὐτῶν
993 1273 1241 1329 καθελεῖν
1294 1276 1388 1332 τὸν
1413 1277 1602 1349 τῦφον,
1633 1279 1728 1334 καῖ
1747 1279 1918 1346 δεῖξαι

343 1361 424 1418 ὅτι
451 1363 544 1417 ἐπὶ
568 1364 778 1428 τούτοις
803 1366 862 1420 ού
897 1367 1056 1436 μόνον
1079 1369 1142 1422 ού
1174 1368 1630 1438 καλλωπίζεσθαι,
1667 1371 1804 1426 ἀλλά
1825 1373 1918 1427 καὶ

343 1455 695 1526 αἰσχύνεσθαι
717 1457 842 1530 χρὴ,
889 1459 1106 1532 πρῶτον
1156 1463 1256 1531 μὲν
1282 1464 1482 1530 αὐτοὺς
1528 1464 1778 1519 καταιδεῖ
1815 1463 1917 1533 τῷ,

350 1539 499 1618 Ἤδη
529 1553 952 1622 κεκορεσμένοι
975 1555 1136 1610 ἐστέ.
1168 1556 1308 1610 Νυνὶ
1326 1556 1382 1611 δὲ
1400 1556 1576 1627 λέγων
1596 1559 1780 1626 πάλιν,
1800 1561 1920 1613 Xa)-

344 1640 436 1710 ρίς
491 1641 662 1713 ἡμῶν
713 1645 1169 1713 ἐϐασιλεύσατε,
1226 1649 1467 1704 τοιοῦτόν
1520 1667 1574 1706 τι
1639 1651 1914 1723 σημαίνει·

345 1733 521 1805 Λέγω,
547 1739 730 1808 φησὶν,
745 1738 826 1793 ὃτι
856 1740 883 1792 ό
909 1738 1099 1812 παρὼν
1129 1741 1336 1815 καιρὸς,
1355 1742 1416 1797 ού
1440 1741 1628 1814 τιμῆς,
1651 1744 1712 1798 ού
1734 1742 1915 1816 δόξης,

1459 353 1543 414 ΙΝ
1581 352 1820 414 EPIST.
1859 353 1959 412 AD
1996 348 2358 417 CORINTH.
2398 357 2450 418 Ι.

3504 350 3608 415 602

1946 461 1990 518 Δ
2093 457 2262 515 Vens.
2293 463 2347 517 8.
2387 479 2405 513 ι
2443 460 2562 518 Jam
2612 460 2841 519 saturati
2890 464 3048 527 estis,
3088 458 3198 530 jam
3239 457 3439 514 divites
3476 457 3606 515 facti

2023 551 2182 608 estis.
2223 572 2241 604 ι

2097 644 2364 716 Apposite
2392 657 2575 702 autem
2619 645 2876 715 ait,jam,
2932 659 2962 698 a
3007 650 3257 712 tempore
3284 638 3606 705 ostendens,

2023 751 2204 807 neque
2253 738 2555 793 verisimile
2604 738 2737 793 illud
2797 752 2942 803 esse,
2989 749 3091 791 nec
3122 732 3502 788 rationabilem
3538 731 3606 787 de

2023 831 2148 886 istis
2178 829 2528 899 opinionem.

2098 943 2119 977 ι
2154 924 2283 980 Sine
2302 923 2458 979 nobis
2491 923 2780 993 regnastis.
2819 919 2885 976 Et
2914 920 3122 976 utinam
3158 918 3423 990 regnetis,
3458 923 3604 972 utet

2024 1032 2126 1072 nos
2153 1017 2436 1072 vobiscqu
2454 1031 2740 1087 regnemus
2766 1014 2777 1068 l
2811 1012 2998 1088 [νεεδ.
3021 1008 3103 1083 9.]
3129 1011 3261 1065 Puto
3278 1012 3423 1066 enim
3454 1009 3602 1080 quod

2026 1109 2294 1166 Densnos
2338 1110 2620 1180 apostolos
2657 1108 2993 1164 novissimos
3048 1103 3292 1161 ostendit
3339 1111 3602 1174 tanquam

2024 1203 2192 1258 morti
2220 1203 2542 1258 destinatos.
2571 1220 2589 1255 ›

2094 1295 2232 1350 Cum
2294 1294 2497 1350 fastum
2542 1309 2732 1349 eorum
2786 1289 3097 1363 deprimere
3144 1288 3518 1362 proposuerit,
3551 1297 3602 1344 et

2025 1389 2317 1443 ostendere
2356 1388 2552 1441 horum
2589 1401 2757 1441 causa
2787 1382 3134 1456 gloriandum
3171 1400 3278 1438 non
3322 1397 3478 1449 esse,
3509 1383 3603 1439 sed

2027 1478 2205 1549 magis
2252 1477 2734 1543 erubescendum;
2786 1478 3022 1548 primum
3077 1475 3298 1545 quidem
3353 1490 3450 1529 eos
3501 1491 3604 1546 pu-

2025 1573 2156 1629 dore
2185 1571 2473 1635 suﬂundit,
2504 1570 2771 1626 dicendo:
2807 1567 2930 1622 lam
2979 1569 3215 1624 saturatt’
3262 1568 3409 1622 estis.
3443 1567 3605 1622 item-

2024 1681 2132 1737 que
2171 1681 2318 1722 nunc
2363 1666 2493 1720 dum
2523 1665 2654 1720 ait:
2712 1663 2842 1719 Sine
2891 1664 3040 1718 nobis
3089 1663 3374 1731 regnauit,
3411 1660 3606 1716 consi-

2025 1759 2156 1814 mile
2183 1757 2466 1831 quidpiam
2501 1759 2586 1813 his
2633 1757 2821 1813 verbis
2854 1755 3240 1828 signiﬁcatur:
3286 1753 3418 1809 Dico
3466 1758 3603 1824 quod

345 1819 420 1881 ὧν
448 1828 605 1900 ὑμεῖς
629 1827 951 1897 ἀπολαύετε,
995 1829 1132 1885 ἀλλά
1165 1831 1262 1886 καὶ
1304 1831 1619 1905 ὑϐρίζεσθαι
1650 1833 1744 1887 καὶ
1787 1831 1916 1886 διῶ-

2025 1860 2225 1921 tempus
2258 1850 2406 1905 breve
2446 1859 2559 1913 est;
2619 1864 2732 1904 non
2773 1860 2992 1920 tempus
3036 1846 3289 1912 honoris,
3338 1861 3448 1901 non
3488 1847 3604 1916 glo-

344 1919 558 1986 κεσθαι,
583 1919 727 1992 ἅπερ
756 1922 917 1992 ἡμεῖς
947 1921 1246 1994 πάσχομεν.
1284 1921 1347 1977 Et
1377 1924 1435 1978 δέ
1459 1923 1560 1995 οὐχ
1591 1923 1764 1989 οὕτως
1782 1922 1919 1996 ἔχει,

345 2009 483 2066 ἀλλά
518 2011 626 2065 τῶν
662 2012 905 2084 ἀμοιϐῶν
949 2013 979 2067 ὁ
1020 2016 1211 2088 καιρὸς
1265 2007 1445 2084 οὗτος,
1496 2018 1653 2088 ὑμεῖς
1719 2018 1817 2088 μὲν
1870 2021 1921 2072 οἱ

350 2102 609 2175 μαθηταὶ,
647 2105 742 2158 καὶ
764 2103 1154 2161 ἐϐασιλεύσατε
1185 2107 1390 2163 λοιπόν·
1424 2110 1585 2182 ἡμεῖς
1608 2109 1666 2163 δὲ
1709 2112 1758 2163 οῖ
1779 2109 1922 2164 διδά-

348 2194 560 2284 σκαλοι,
611 2197 702 2250 καὶ
731 2197 838 2268 πρὸ
878 2197 1099 2253 πάντων
1135 2199 1447 2269 ὀφείλοντες
1492 2201 1680 2257 λαϐεῖν
1711 2201 1804 2256 τὸν
1833 2221 1926 2283 μι-

348 2279 494 2354 σθὸν,
524 2287 588 2343 οὐ
622 2287 782 2360 μόνον
827 2289 981 2368 ὑμῶν
1011 2290 1233 2362 ἔσχατοι
1261 2293 1599 2364 γεγόναμεν,
1657 2292 1793 2349 ἀλλὰ
1831 2279 1924 2348 διαὶ

347 2377 426 2442 ὡς
446 2379 806 2447 ἐπιθανάτιοι,
865 2382 1110 2438 τουτέστι
1148 2384 1430 2440 κατάδικοι
1453 2427 1468 2450 ,
1500 2384 1678 2440 διόλου
1719 2386 1775 2440 ἐν
1805 2387 1921 2440 ἀτι-

352 2471 506 2542 μίαις
535 2474 626 2526 καὶ
652 2473 919 2540 κινδύνοις
947 2475 1042 2530 καῖ
1069 2475 1216 2548 λιμῷ
1261 2477 1542 2547 διάγομεν.
1595 2477 1925 2549 ’Υϐριζόμε-

351 2565 432 2619 vat
453 2582 532 2630 τε,
557 2564 635 2632 ῶς
675 2568 852 2638 μωροῖ¹
880 2569 1362 2641 κατελαυνόμενοι,
1397 2571 1494 2625 καὶ
1546 2569 1617 2626 τὰ
1649 2571 1924 2642 ἀνήκεστα

350 2656 734 2728 ὑπομένοντες.
763 2660 951 2716 Ταῦτα
983 2662 1041 2716 δέ
1079 2661 1288 2733 ἔλεγεν,
1314 2663 1403 2718 ῖνα
1451 2663 1652 2728 αὐτοὺς
1712 2666 1776 2718 ἐκ
1804 2663 1925 2718 cnti-

347 2765 459 2803 των
491 2751 695 2826 ποιήσῃ
715 2753 964 2822 συνιδεῖν,
982 2754 1066 2809 ὃτι
1091 2755 1160 2810 τά
1185 2754 1296 2810 τῶν
1316 2755 1630 2810 ἀποστόλων
1653 2755 1925 2825 ὀφείλουσι

350 2842 570 2914 ζηλοῦν,
597 2846 726 2912 τοὺς
758 2846 1057 2913 κινδύνους,
1104 2847 1199 2903 καὶ
1245 2848 1344 2913 τὰς
1379 2847 1590 2920 ὕϐρεις,
1622 2847 1683 2902 οὐ
1719 2847 1819 2913 τὰς
1841 2866 1928 2902 τι-

354 2935 459 3007 μὰς
486 2937 578 2992 καὶ
606 2939 704 3004 τάς
722 2939 903 3008 δόξας.
933 2942 1011 2997 Οὐ
1033 2939 1142 3016 γὰρ
1167 2942 1376 3009 ἐκεῖνα,
1395 2942 1530 2998 ἀλλά
1559 2941 1735 3000 ταῦτα
1757 2943 1922 2998 ἀπαι-

348 3029 433 3083 τεῖ
459 3028 521 3085 τὸ
550 3032 836 3105 κήρυγμα.

425 3364 447 3400 ι
485 3344 606 3400 ὀτι
637 3343 866 3418 θέατρον
891 3341 1232 3418 ἐγενήθημεν
1261 3341 1338 3417 τῷ
1364 3342 1576 3417 κόσμῳ,
1609 3341 1707 3398 καὶ
1739 3341 1921 3414 ἀγγέο

347 3443 483 3509 λοις,
512 3442 609 3497 καὶ
637 3436 967 3512 ἀνθρώποις.
1011 3457 1030 3490 ι

421 3557 537 3612 υύκ
564 3553 624 3610 ἐν
658 3556 759 3628 μιᾷ
787 3553 965 3621 πόλει,
989 3550 1178 3623 φησὶν,
1211 3549 1244 3621 ἢ
1280 3551 1339 3603 ἐν
1372 3548 1530 3621 μέρει
1592 3547 1696 3620 τῆς
1736 3549 1922 3603 οἰκου-

351 3649 521 3720 μένης
561 3646 736 3702 ταῦτα
796 3644 1104 3715 πάσχομεν,
1160 3640 1299 3696 ἀλλά
1351 3639 1630 3712 πανταχοῦ
1683 3639 1778 3694 καὶ
1833 3641 1926 3695 ἐπὶ

350 3741 590 3796 πάντων.
622 3739 696 3793 Τὸ
723 3737 804 3805 δέ,
829 3735 927 3792 καὶ
952 3734 1250 3808 ἀγγέλοις,
1281 3733 1441 3790 τοῦτό
1463 3737 1581 3789 ἐστι
1615 3735 1922 3808 δηλοῦντος,

347 3833 426 3898 ὡς
456 3833 524 3888 τὰ
560 3829 721 3903 ἡμῶν
769 3829 1121 3900 παλαίσματα
1166 3826 1392 3882 τοιαῦτα
1414 3867 1430 3893 ,
1460 3827 1538 3890 ὡς
1564 3828 1658 3883 καὶ
1687 3825 1789 3897 τῆς
1824 3827 1928 3896 ἀγ-

349 3926 576 3996 γελικῆς
627 3924 756 3990 θέας
788 3923 918 3989 ἀξια
968 3918 1130 3978 εἷναι.
1174 3922 1318 3995 Ὅρα
1348 3922 1408 3977 δέ
1437 3921 1558 3986 πῶς
1617 3920 1811 3976 ἑαυτὸν
1835 3921 1926 3989 ἐξ·

350 4001 616 4082 ευτελίζει
650 4032 666 4048 ·
699 4017 820 4079 πῶς
867 4015 1012 4088 μέγα
1059 4014 1334 4070 δείκνυσιν
1365 4028 1380 4043 ’
1420 4013 1516 4082 ἀφ’
1550 4005 1698 4068 ὧνδέ
1727 4013 1928 4069 ἐκεῖνοι

355 4111 499 4185 μέγα
550 4108 788 4182 φρονῶσι
821 4125 837 4140 ’
879 4108 1000 4174 πῶς
1053 4108 1248 4170 αὐτοὺς
1311 4106 1553 4173 εὐτελεῖς
1611 4105 1925 4175 ἀποφαίνει.

363 4205 583 4277 Ἐπειδὴ
617 4202 727 4275 γὰρ
749 4202 813 4256 τὸ
844 4202 1065 4274 μωροὺς
1093 4197 1234 4256 εἶναι
1258 4200 1353 4256 τοῦ
1405 4201 1709 4273 φρονίμους
1737 4199 1928 4269 φαίνε-

353 4296 501 4362 σθαι,
528 4296 623 4349 καὶ
650 4293 714 4349 τὸ
740 4295 988 4358 ἀσθενεῖς
1013 4289 1152 4349 εἴναι
1205 4292 1302 4349 τοῦ
1354 4293 1612 4366 ἰσχυροὺς
1659 4290 1925 4362 γίνεσθαι,

353 4386 446 4440 καὶ
471 4386 532 4440 τὺ
559 4385 790 4456 ἀτίμους
811 4379 952 4440 εἶναι
980 4383 1076 4438 τοῦ
1122 4384 1363 4452 ἐνδόξους
1421 4383 1653 4456 δρᾶσθαι
1711 4384 1928 4440 εὐτελές

2025 1947 2142 2010 riae,
2183 1943 2384 2015 quibus
2435 1957 2533 2000 vos
2589 1941 2857 2007 fruimini,
2900 1940 2998 1997 sed
3061 1948 3174 1995 tum
3234 1939 3602 2002 contumeliae,

2024 2041 2138 2088 tum
2190 2032 2630 2104 persecutionis;
2686 2046 2809 2103 quae
2852 2030 3074 2102 quidem
3127 2045 3231 2085 nos
3275 2031 3602 2085 toleramus.

2026 2122 2084 2178 Si
2116 2124 2261 2179 enim
2298 2138 2386 2178 res
2415 2124 2490 2178 ita
2523 2137 2583 2179 se
2608 2136 2717 2177 non
2752 2121 2938 2185 habet,
2969 2121 3064 2176 sed
3095 2120 3602 2176 remuneratiouum

2026 2231 2245 2287 tempus
2297 2217 2474 2282 adest,
2521 2230 2619 2270 vos
2677 2212 2925 2285 quidem,
2978 2214 3069 2285 qui
3126 2211 3387 2283 discipuli
3439 2210 3600 2279 estis,

2024 2325 2254 2379 regnum
2299 2307 2623 2364 obtinuistis
2649 2306 2847 2376 modo;
2883 2322 2987 2363 nos
3022 2313 3228 2369 autem,
3276 2304 3368 2375 qui
3412 2319 3603 2360 sumus

2026 2401 2306 2472 magistri,
2349 2399 2555 2472 quique
2589 2415 2702 2471 prie
2740 2399 2958 2456 caeteris
2995 2398 3302 2454 mercedem
3351 2397 3606 2470 accipere

2025 2493 2388 2557 debebamus,
2443 2508 2553 2548 non
2619 2494 2799 2549 solum
2853 2492 3148 2549 novissimi
3179 2498 3424 2546 vestrum
3475 2489 3605 2544 facti

2025 2601 2242 2653 sumus,
2279 2586 2372 2640 sed
2417 2592 2473 2640 et
2509 2584 2616 2656 75
2645 2593 2905 2655 tanquam
2951 2585 3114 2640 morti
3152 2583 3453 2645 destinati,
3483 2582 3603 2638 sive

2025 2677 2313 2744 damnati;
2359 2677 2415 2734 in
2453 2676 2790 2749 opprobriis,
2828 2686 2880 2733 et
2912 2678 3198 2749 periculis,
3222 2685 3278 2731 ct
3306 2677 3448 2730 fame
3483 2689 3603 2747 per-

2025 2780 2188 2844 petuo
2239 2785 2547 2828 versamur.
2611 2768 2932 2842 lgnominiis
2974 2769 3262 2834 allicimur,
3329 2778 3595 2838 tanquam

2026 2864 2205 2921 insani
2243 2863 2517 2936 pellimur,
2551 2871 2606 2920 et
2651 2862 3026 2919 ineluctabilia
3086 2862 3444 2918 sustinemus.
3485 2860 3607 2917 Haec

2025 2971 2191 3028 porro
2217 2955 2420 3020 aiebat,
2454 2962 2514 3008 ut
2551 2954 2676 3010 illos
2715 2962 3093 3010 commoneret
3132 2951 3438 3006 aemulanda
3471 2965 3596 3006 esse

2025 3047 2404 3118 apostolorum
2457 3045 2729 3110 facinora,
2784 3046 3050 3116 pericula,
3094 3053 3149 3102 ct
3201 3043 3456 3115 injurias,
3495 3057 3606 3097 non

1949 3169 1994 3230 ο
2028 3140 2289 3195 honorem
2332 3148 2384 3196 et
2427 3137 2680 3209 gloriam.
2722 3137 3050 3194 Praedicatio
3111 3137 3385 3211 siquidem
3428 3134 3610 3190 Evan-

2029 3233 2180 3306 gelii,
2202 3247 2312 3288 non
2345 3232 2461 3287 hac
2490 3230 2586 3288 sed
2614 3232 2704 3288 illa
2732 3232 3000 3304 postulat.

2105 3361 2125 3396 ι
2167 3342 2307 3410 Quia
2342 3343 2715 3413 spectaculum
2754 3342 2882 3399 facti
2917 3358 3113 3403 sumas
3153 3345 3379 3413 mundo,
3411 3353 3468 3402 et
3506 3359 3609 3400 au-

2028 3437 2189 3511 gelis,
2228 3447 2284 3493 et
2326 3436 2667 3492 hominibus.
2701 3455 2719 3488 ι

2103 3550 2222 3607 Νοη
2252 3551 2303 3606 in
2335 3566 2440 3606 una
2481 3549 2728 3614 civitate,
2775 3556 2869 3605 aut
2907 3549 2962 3606 in
2993 3550 3231 3622 quadam
3257 3549 3411 3606 orbis
3453 3560 3608 3623 parte

2032 3643 2147 3699 haec
2203 3642 2483 3714 patimur;
2531 3643 2625 3700 sed
2658 3641 2861 3713 ubique
2902 3642 3151 3700 locorum
3199 3651 3253 3700 et
3290 3643 3456 3699 nullis
3493 3658 3606 3699 non

2031 3737 2100 3794 de
2136 3736 2342 3792 causis.
2369 3734 2541 3791 Porro
2569 3735 2772 3806 angelis
2805 3735 2902 3803 ait,
2939 3735 3305 3809 signiﬁcando
3337 3734 3608 3807 ejusmodi

2031 3844 2157 3888 esse
2194 3839 2388 3885 nostra
2437 3829 2767 3894 certamina,
2824 3837 2886 3884 ut
2931 3829 3254 3901 angelorum
3294 3828 3457 3902 digna
3495 3829 3609 3886 sint

2032 3932 2278 3995 aspectu.
2331 3919 2554 3977 Videsis
2613 3928 2798 3976 autem
2855 3907 3135 3993 quomodo
3185 3922 3429 3993 seipsum
3461 3929 3609 3977 exte-

2033 4025 2190 4082 nuat,
2245 4024 2298 4073 et
2345 4020 2625 4084 quomodo
2681 4029 2905 4070 rursum
2969 4014 3153 4087 magni
3216 4013 3385 4070 facit:
3432 4015 3488 4069 in
3519 4013 3609 4069 his

2033 4119 2218 4166 autem
2256 4109 2513 4180 aquibus
2566 4110 2644 4163 illi
2686 4105 3078 4174 eﬂ‘erebantur,
3113 4122 3226 4179 quo
3279 4115 3440 4180 pacto
3472 4107 3609 4164 viles

2035 4201 2186 4274 ipsos
2216 4201 2481 4258 ostendit.
2521 4199 2657 4255 Nam
2689 4200 2820 4272 quia
2866 4201 3137 4257 humilius
3167 4208 3221 4257 et
3255 4199 3422 4257 vilius
3452 4199 3609 4256 vide-

2035 4306 2123 4351 tur
2144 4309 2267 4350 esse
2307 4295 2506 4350 stultos
2555 4308 2719 4363 quam
2769 4294 3066 4363 prudentes
3115 4293 3328 4357 haberi,
3359 4308 3459 4348 nec
3492 4309 3600 4349 non

2033 4387 2284 4442 inlirmos
2314 4401 2438 4440 esse
2469 4399 2633 4456 quam
2671 4383 2843 4442 fortes
2886 4384 3026 4452 ﬁeri,
3061 4395 3116 4441 et
3153 4384 3421 4455 inglorios
3445 4399 3606 4452 quam

364 4493 552 4548 στερον
603 4471 742 4532 εἷναι
800 4475 994 4530 δοκεῖ·
1040 4477 1133 4530 καὶ
1192 4477 1260 4531 τὰ
1315 4477 1414 4547 μέν
1465 4478 1694 4544 ἐκείνοις
1745 4479 1924 4551 μέλλει

2037 4480 2245 4533 honore
2274 4483 2330 4533 et
2361 4477 2534 4547 gloria
2563 4484 2792 4532 ornatos
2817 4474 2995 4532 videri
3019 4494 3033 4529 :
3068 4483 3236 4546 atque
3265 4476 3356 4530 illa
3387 4475 3606 4544 quidem

361 4543 588 4639 ῥίπτειν,
619 4569 689 4624 τά
704 4568 759 4623 δὲ
788 4570 952 4634 αὐτὸς
972 4543 1336 4635 κατεδέξατολ
1365 4569 1637 4625 δείκνυσιν
1658 4543 1924 4627 att-“cauta

2036 4573 2088 4626 iu
2121 4584 2220 4626 eos
2269 4552 2582 4640 rdjecturus
2632 4577 2773 4633 erat,
2811 4567 2926 4623 haec
2975 4582 3103 4624 vero
3139 4566 3260 4639 ipse
3289 4567 3394 4622 sibi
3425 4567 3604 4621 vindi-

353 4660 576 4714 ἐκείνων
627 4660 856 4730 ἀμείνω,
905 4662 960 4714 ετ
987 4677 1050 4732 τε
1090 4660 1181 4715 διὰ
1233 4660 1409 4715 ταῦτα
1439 4661 1515 4733 μὴ
1548 4661 1707 4732 μόνον
1723 4661 1932 4732 ἀνθρώ-

355 4765 496 4814 πων,
524 4748 661 4804 ἀλλά
692 4749 787 4804 καὶ
825 4751 986 4804 αὑτὸν
1015 4749 1123 4805 τῶν
1152 4750 1400 4819 ἀγγέλων
1432 4750 1521 4805 τὸν
1574 4751 1747 4824 δῆμον
1799 4752 1935 4825 πρὸς

353 4839 454 4912 τὴν
489 4839 618 4896 θέαν
644 4841 976 4914 ἐπέστρεψεν
1006 4841 1105 4913 τὴν
1133 4842 1361 4899 ἐαυτῶν.

434 5057 454 5091 ι
476 5039 669 5110 Ἡμεῖς
703 5037 877 5110 μωροὶ
929 5038 1019 5092 διὰ
1051 5041 1303 5108 Χριστὸν,
1329 5041 1486 5113 ὑμεῖς
1508 5044 1564 5097 δὲ
1588 5044 1842 5116 φρόνιμοι
1874 5048 1932 5099 ἐν

354 5129 598 5201 Χριστῷ.
660 5130 850 5202 Ἡμεῖς
878 5131 1144 5203 ἀσθενεῖς,
1170 5133 1328 5204 ὑμεῖς
1361 5134 1417 5187 δὲ
1439 5133 1526 5200 tax
1554 5135 1696 5206 υροί.
1739 5135 1932 5207 Ὑμεῖς

357 5219 593 5287 ἔνδοξοι,
623 5221 787 5291 ἡμεῖς
821 5220 879 5274 δέ
909 5219 1115 5291 ἄτιμοι.
1147 5223 1310 5294 Ἄχρι
1339 5224 1443 5297 τῆς
1487 5225 1613 5296 ἀρτι
1653 5226 1806 5300 ὥρας
1839 5232 1931 5285 καὶ

356 5312 658 5383 πεινῶμεν,
715 5313 811 5366 καὶ
864 5311 1147 5385 διψῶμεν,
1181 5315 1275 5369 καὶ
1324 5316 1777 5388 γυμνητεύομεν,
1840 5322 1933 5376 καὶ

357 5401 788 5477 κολαφιζόμεθα,
825 5405 921 5459 καὶ
945 5405 1312 5478 ἀστατοῦμεν,
1353 5409 1452 5463 καὶ
1507 5410 1809 5482 κοπιῶμεν,
1843 5414 1930 5486 ἐρ-

357 5495 662 5569 γαζόμενοι
684 5498 809 5562 ταῖς
841 5493 1001 5563 ἰδίαις
1033 5499 1244 5572 χερσίν.
1275 5519 1296 5553 a

429 5608 601 5666 Πάλιν
626 5611 726 5666 καὶ
761 5608 922 5665 τοῦτο
967 5612 1336 5684 ἐντρεπ-τικῶς
1363 5611 1516 5672 εἶπεν
1549 5636 1563 5649 ·
1606 5619 1793 5694 ἐπειδὴ
1823 5622 1931 5693 γὰρ

358 5701 518 5756 αὐτοὶ
579 5701 681 5772 μὲν
726 5703 1022 5760 ἐτύπτοντο
1072 5706 1168 5760 κο.)⁵
1230 5708 1594 5778 ἠτιμάζοντο,
1653 5715 1850 5768 ἐκεῖνοι
1873 5717 1931 5768 δὲ

363 5792 634 5865 ἐτιμῶντο
677 5793 770 5850 καὶ
798 5796 953 5865 σοφοὶ
1011 5796 1416 5867 ὗπωπτεύοντο,
1477 5802 1592 5867 πῶς
1641 5802 1738 5871 ἔνι,
1770 5809 1930 5877 φησὶ,

2033 4665 2290 4725 caverat;
2343 4657 2554 4712 idcirco
2609 4658 2800 4712 isthaac
2845 4658 2954 4714 illis
2993 4658 3206 4728 potiora
3228 4672 3356 4713 esse
3381 4658 3604 4723 evincit,

2036 4753 2166 4825 quia
2211 4759 2437 4823 propter
2475 4751 2606 4812 ista,
2649 4765 2760 4806 non
2816 4750 3100 4805 hominum
3155 4759 3390 4817 tantum,
3431 4749 3525 4808 sed
3553 4760 3602 4806 et

2038 4843 2359 4914 angelorum
2418 4842 2830 4898 multitudinem
2875 4843 2941 4896 ad
2974 4841 3059 4899 sui
3093 4857 3434 4914 suorumque
3484 4856 3607 4913 spe-

2036 4937 2316 4993 ctaculum
2349 4935 2646 4991 convertit.

2107 5048 2272 5105 Vens.
2337 5049 2519 5104 10-12.
2586 5066 2604 5102 ι
2659 5047 2772 5103 Nos
2821 5047 2976 5101 stulti
3031 5054 3257 5118 propter
3301 5048 3608 5114 Christum,

2034 5157 2136 5199 vos
2176 5150 2357 5196 autem
2390 5141 2688 5212 prudentes
2725 5140 2778 5194 in
2806 5139 3028 5194 Christo
3063 5157 3076 5194 :
3106 5154 3208 5195 nos
3239 5139 3461 5204 infirmi.
3503 5154 3602 5194 vos

2037 5243 2219 5289 autem
2270 5233 2441 5288 fortes
2496 5246 2645 5288 :nos
2676 5230 2968 5301 ignobiles,
3012 5244 3108 5286 vos
3144 5230 3377 5286 nobiles.
3419 5230 3609 5301 Usque

2035 5327 2090 5382 in
2142 5327 2284 5381 hanc
2326 5327 2516 5392 horam
2565 5334 2620 5380 et
2648 5325 2948 5387 esurimus,
2993 5331 3048 5380 et
3091 5322 3336 5390 sitimus,
3379 5334 3434 5380 et
3476 5323 3607 5381 nudi
3662 5371 3666 5376 .

2038 5435 2252 5485 sumus,
2284 5426 2340 5473 et
2371 5418 2618 5486 colaphis
2651 5416 2938 5483 caedimur,
2978 5423 3034 5472 et
3071 5416 3361 5473 instabiles
3391 5433 3606 5484 sumus,

2032 5517 2090 5566 et
2121 5510 2435 5565 laboramus
2467 5515 2760 5578 operantcs
2789 5507 3045 5562 manibus
3079 5507 3308 5565 nostris.
3347 5525 3367 5560 ι

2107 5622 2223 5678 Hoc
2257 5623 2423 5678 etiam
2452 5622 2612 5686 dixit,
2645 5629 2703 5676 ut
2738 5635 2835 5676 eos
2876 5618 3252 5689 pudetaceret.
3293 5619 3428 5675 Cum
3457 5618 3607 5674 enim

2035 5713 2130 5767 alii
2181 5712 2400 5782 quidem
2449 5711 2710 5780 vapulent
2760 5721 2814 5765 et
2863 5719 3314 5777 contemnantur,
3349 5710 3441 5764 alii
3473 5725 3607 5765 vero

2036 5803 2337 5860 honoribus
2404 5814 2730 5874 augeantur,
2787 5811 2837 5858 et
2898 5803 3176 5874 sapientes
3233 5802 3607 5871 aestimentur;
