4038 6284
425 354 531 423 607

1603 360 1664 421 5.
1703 358 2021 423 IOANNIS
2057 358 2488 421 DAMASCENI

3580 352 3693 421 608

432 472 507 529 sit
546 470 781 529 crimen.
807 472 1132 539 Commune,
1183 476 1432 546 inquam,
1465 488 1577 531 non
1601 476 1783 545 quoad
1816 490 2016 548 pecca—

2126 473 2175 527 Βὲ
2200 474 2303 529 οὐκ
2333 474 2428 528 ἐπὶ
2465 471 2545 543 τῷ
2570 472 2935 545 ἁμαρτήματι
2962 472 3122 540 λέγω,
3179 469 3295 526 ἀλλ’
3331 469 3423 526 ἐπὶ
3444 473 3513 544 τῇ
3540 471 3692 527 διδα-

434 573 573 629 tum,
633 563 729 621 sed
773 566 954 637 quoad
1015 566 1346 623 doctrinam.
1382 566 1712 639 Quanquam
1754 583 1865 625 non
1908 569 2013 624 hoc

436 655 767 720 enuntiavit,
828 656 923 711 sed
959 654 1015 709 in
1066 656 1249 711 medio
1282 655 1529 725 reliquit,
1572 663 1633 710 ut
1659 657 1836 725 magis
1882 655 2016 711 ieri-

434 757 536 803 ret.
570 747 723 804 Unus
764 750 955 820 utique
982 749 1264 805 doctorum
1296 757 1417 804 crat
1441 748 1692 806 incestus
1724 749 1836 805 ille.

512 860 532 893 ι
557 839 623 894 Ει
652 857 759 897 non
788 842 972 911 potius
1029 842 1244 898 luctum
1275 840 1574 908 habuistis,
1602 847 1663 897 ut
1700 842 1925 899 tollatur
1948 841 2017 901 de

436 934 618 990 medio
644 944 887 990 vestrum
917 935 1011 1006 qui
1042 935 1149 989 hoc
1178 949 1319 1006 opus
1353 934 1507 990 fecit.
1539 954 1558 989 ι

510 1027 785 1094 Quoniam
823 1027 877 1083 in
901 1042 1193 1085 commune
1220 1042 1424 1099 corpus
1452 1026 1714 1084 Ecclesiae
1727 1044 2017 1101 progressa

437 1127 525 1175 est
556 1120 899 1187 criminatio,
954 1120 1155 1192 inquit.
1186 1118 1379 1192 Neque
1411 1119 1574 1187 dixit,
1606 1129 1660 1176 et
1688 1136 1799 1178 non
1828 1123 2017 1194 potius

438 1214 683 1285 eiecistis
715 1233 729 1270 :
765 1215 859 1271 sed
883 1215 1103 1271 sicutin
1137 1215 1333 1272 morbo
1366 1214 1559 1286 aliquo
1586 1222 1643 1271 et
1664 1224 1841 1286 peste,
1861 1215 2018 1274 luctu

440 1323 578 1380 opus
607 1324 730 1365 esse
761 1310 1161 1380 pronuntiavit.

512 1398 680 1455 Vens.
722 1401 777 1456 5.
808 1420 828 1453 ι
879 1400 994 1474 Ego
1038 1403 1263 1475 quidem
1304 1408 1462 1466 velut
1512 1410 1714 1468 absens
1762 1419 2016 1478 corpore,

440 1504 686 1561 praesens
721 1500 904 1549 autem
940 1494 1160 1564 spiritu.
1212 1515 1232 1550 ι

510 1579 701 1653 Neque
722 1596 1048 1655 exspectare
1081 1588 1381 1647 adventum
1411 1608 1569 1649 suum
1619 1593 1799 1665 iubet,
1828 1605 1929 1647 nec
1960 1605 2021 1647 se

443 1688 674 1744 prorsus
706 1679 1034 1747 praestolari,
1064 1688 1126 1736 ut
1157 1684 1434 1756 negotium
1461 1693 1595 1741 tunc
1622 1692 1852 1755 agatur;
1896 1682 2015 1749 sed,

442 1766 611 1821 veluti
647 1769 819 1839 pestis
845 1770 1036 1841 aliqua
1076 1776 1271 1843 procul
1326 1788 1475 1833 esset
1515 1777 1673 1848 prius
1723 1777 2018 1848 abigenda,

440 1873 565 1929 qua!
604 1876 702 1930 per
780 1868 957 1917 totum
1000 1879 1199 1936 corpus
1234 1877 1502 1940 serperet,
1536 1884 1796 1925 coercere
1837 1871 2023 1928 scelus

441 1958 725 2021 properat.
783 1952 941 2012 Unde
969 1967 1021 2012 et
1052 1959 1345 2032 subiungit
1379 1978 1394 2015 :
1430 1958 1556 2016 lam
1595 1960 1839 2031 judicavi
1897 1972 2022 2018 tan-

442 2059 602 2114 quam
626 2061 881 2116 prtesem.
911 2047 968 2104 id
996 2051 1142 2121 quod
1170 2052 1331 2119 dixit,
1361 2068 1470 2109 non
1522 2054 1687 2110 modo
1719 2062 1779 2109 ut
1806 2069 1904 2113 eos
1928 2070 2026 2111 ur-

443 2144 598 2206 geret
648 2137 717 2193 ad
774 2138 1060 2197 ferendam
1095 2144 1473 2203 damnationis
1532 2148 1889 2214 sententiam,
1929 2156 2024 2204 aut

443 2231 592 2286 aliud
620 2232 754 2304 quid
784 2233 925 2291 inire
950 2237 1174 2293 consilii
1209 2238 1452 2307 sineret;
1483 2238 1579 2296 sed
1605 2240 1769 2295 etiam
1809 2249 1870 2295 ut
1909 2247 2023 2296 ter-

441 2320 661 2405 ritaret,
694 2331 956 2395 tanquam
1012 2327 1119 2383 sibi
1156 2336 1445 2401 perspecta
1475 2337 1667 2388 essent
1718 2331 1934 2399 futura,
1971 2339 2027 2388 et

442 2428 790 2489 quascunque
818 2415 1030 2486 iudicio
1056 2420 1354 2478 sancienda
1386 2432 1568 2478 erant.
1617 2421 1756 2479 Nam
1786 2431 1842 2481 et
1867 2424 1921 2481 id
1945 2424 2027 2481 si-

446 2506 698 2577 gnificat,
747 2525 862 2565 esse
906 2524 1218 2582 prmentem
1280 2515 1477 2586 spiritu
1507 2530 1527 2571 :
1554 2516 2022 2589 quemadmodum

442 2596 674 2656 Elisaaus
719 2616 960 2671 praesens
990 2605 1166 2661 tuerat
1184 2605 1357 2673 Giezi,
1391 2623 1517 2664 cum
1546 2608 1754 2667 diceret
1783 2626 1799 2665 :
1836 2608 2028 2670 Nonne

443 2704 539 2745 cor
565 2707 736 2746 meum
768 2700 938 2748 tecum
956 2695 1046 2751 "?

521 2778 687 2839 Vens.
750 2785 807 2846 4,
849 2784 902 2841 5.
949 2806 967 2837 ι
1005 2785 1126 2843 Jam
1179 2788 1428 2861 iudicavi
1478 2802 1539 2847 ut
1590 2807 1837 2864 praesens
1895 2810 2024 2852 eum

445 2874 540 2946 qui
578 2877 661 2931 sic
685 2889 951 2949 operatus
976 2890 1083 2948 est,
1114 2883 1169 2941 in
1202 2885 1427 2942 nomine
1450 2884 1668 2945 Domini
1686 2890 1865 2946 nostri
1891 2888 2025 2948 Jesu

443 2964 649 3025 Christi
684 2968 1031 3043 congregatis
1067 2975 1225 3033 vobis
1261 2986 1317 3034 et
1349 2993 1475 3034 meo
1503 2980 1726 3053 spiritu,
1757 2998 1883 3039 cum
1912 2984 2026 3039 vir-

2117 567 2315 639 σκαλία
2339 570 2407 639 τῇ
2444 571 2576 638 παρ’
2623 565 2855 620 ἐκείνου.
2887 566 2949 619 Εί
2978 564 3076 620 καὶ
3114 564 3213 635 οὐχ
3242 562 3415 629 οὕτως
3444 564 3688 637 εἴρηκεν.

2115 658 2251 716 ἀλλά
2272 660 2485 731 ἀφῆκεν
2511 659 2644 714 αὐτὸ
2680 660 2877 731 μέσον,
2910 659 2996 715 ἵνα
3037 657 3217 730 πλήξῃ
3272 656 3555 730 μειζόνως.
3595 651 3693 723 Εἷς

2116 752 2174 807 δὲ
2204 740 2313 807 τῶν
2342 751 2678 807 διδασκάλων
2708 751 3013 825 πορνεύσας
3039 746 3128 823 ἦν.

2194 867 2212 900 ι
2248 847 2360 901 Καὶ
2411 847 2532 918 οὐχὶ
2590 846 2792 918 μᾶλλον
2841 845 3202 917 ἐπενθήσατε,
3256 845 3346 900 ἵνα
3391 844 3595 919 ἔξαρθῇ
3625 846 3696 902 ἐκ

2120 940 2288 1014 μέσου
2317 941 2472 1013 ὑμῶν
2500 942 2529 996 ὀ
2551 939 2612 995 τδ
2643 940 2805 1012 ἔργον
2835 938 2989 995 τοῦτο
3016 941 3266 1012 ποιήσας.
3287 957 3309 992 ι
3636 982 3639 983 ν

2190 1034 2313 1089 Ὅτι
2340 1035 2419 1099 είς
2442 1033 2506 1089 τδ
2530 1033 2735 1101 κοινὸν,
2777 1033 2948 1105 φησι,
3012 1034 3113 1105 τῆς
3153 1030 3481 1104 Ἐκκλησίας
3511 1032 3544 1104 ή
3578 1032 3698 1088 δια-

2119 1121 2251 1195 ϐολὴ
2304 1121 2717 1196 προεχώρησεν.
2750 1121 2863 1177 Καὶ
2917 1120 3017 1175 οὐκ
3077 1115 3232 1175 εἶπεν
3262 1134 3279 1154 ⁸
3306 1120 3433 1193 οὐχὶ
3492 1122 3700 1193 μᾶλλον

2119 1213 2430 1281 ἐξεϐάλετε,
2463 1215 2579 1269 ἀλλ’
2608 1213 2686 1279 ὡς
2719 1212 2815 1268 ἐπὶ
2843 1212 3005 1268 νόσου
3029 1214 3174 1279 τινὸς
3199 1214 3297 1269 καὶ
3342 1213 3535 1287 λοιμοῦ
3566 1212 3700 1270 πέν-

2122 1304 2249 1370 θους
2277 1305 2470 1377 χρείαν
2495 1306 2823 1379 πεποίηκεν.

2197 1412 2218 1447 ι
2271 1392 2413 1463 Ἐγὼ
2442 1395 2541 1467 μὲν
2570 1395 2681 1468 γάρ
2702 1396 2780 1460 ὡς
2810 1395 3005 1471 παρὼν
3024 1393 3104 1467 τῷ
3135 1390 3373 1469 σώματι,
3423 1396 3618 1467 παρὼν
3638 1396 3701 1454 Si

2119 1482 2199 1559 τῷ
2227 1485 2523 1558 πνεύματι.
2559 1505 2580 1539 ι

2192 1580 2305 1634 Οὐκ
2328 1578 2618 1652 ἀναμεῖναι
2651 1578 2819 1634 αὑτοῦ
2841 1580 2941 1652 τὴν
2998 1585 3308 1655 παρουσίαν
3356 1586 3543 1658 φησὶν,
3572 1584 3697 1641 οὺδὶ

2122 1670 2447 1739 ικδέξασθαι
2490 1671 2672 1739 αὐτὸν,
2732 1672 2829 1727 καὶ
2886 1672 3007 1729 τότε
3052 1676 3309 1749 πρᾶξαι⁹
3337 1676 3460 1732 ἀλλ’
3505 1676 3700 1751 ὥσπερ

2121 1762 2242 1817 τινὰ
2262 1761 2449 1834 λοιμὸν
2480 1762 2809 1818 ἀπελαύνειν
2863 1762 3095 1835 μέλλων,
3150 1766 3341 1841 πρὶνή
3373 1766 3699 1840 διαδοθῆναι

2121 1853 2203 1917 είς
2232 1852 2294 1906 τὸ
2323 1853 2510 1909 λοιπὸν
2548 1854 2708 1926 σῶμα
2749 1855 3032 1925 ἐπείγεται
3092 1861 3413 1931 κατασχεῖν.
3467 1861 3561 1916 Διδ
3597 1861 3699 1917 καὶ

2123 1944 2324 2015 ἐπάγει
2349 1944 2525 2016 λέγων
2555 1963 2573 1978 ·
2602 1946 2753 2017 Ἤδη
2784 1947 3035 2017 κέκρικα
3051 1948 3133 2017 ὡς
3162 1950 3389 2021 παρών.
3442 1952 3617 2009 Τοῦτο
3636 1954 3700 2010 δὲ

2123 2033 2311 2109 ἔλεγεν
2340 2037 2404 2093 οὐ
2443 2037 2607 2106 μόνον
2630 2039 2979 2110 κατεπείγων
3004 2041 3205 2107 αὐτοὺς
3233 2044 3316 2108 εις
3350 2044 3449 2117 τὴν
3485 2044 3705 2118 ἀπόφα-

2124 2148 2233 2200 σιν,
2262 2134 2360 2187 καὶ
2384 2133 2485 2188 οὐκ
2523 2133 2684 2203 ἀφεὶς
2708 2133 2891 2191 mm:
2937 2134 3354 2207 βουλεύσασθαι,
3417 2138 3556 2194 ἀλλά
3605 2142 3705 2197 καὶ

2123 2224 2327 2297 φοϐῶν,
2355 2226 2432 2291 ὡς
2465 2225 2625 2292 εἰδὼς
2649 2227 2720 2282 τά
2749 2229 2873 2283 ἐκεῖ
2897 2230 3247 2302 γενησόμενα
3286 2232 3383 2287 καὶ
3443 2231 3706 2305 κριθησό-

2127 2334 2287 2390 μενα.
2318 2317 2491 2373 Τοῦτο
2518 2319 2629 2391 γάρ
2663 2321 2781 2374 ἐστι
2824 2323 3086 2393 παρεῖναι
3106 2321 3186 2396 τῷ
3209 2323 3481 2395 πνεύματι
3510 2323 3705 2397 ὥσπερ

2122 2412 2154 2465 ὁ
2190 2408 2494 2475 Ἐλισσαῖος
2527 2413 2707 2484 παρῆν
2738 2412 2816 2485 τῷ
2846 2413 3035 2489 nam,
3088 2416 3186 2472 καὶ
3235 2415 3427 2489 Diser
3454 2433 3472 2450 ⁸
3492 2418 3639 2492 οὐχί
3658 2419 3701 2489 ἠ

2123 2503 2338 2574 καρδία
2349 2522 2467 2576 μου
2482 2506 2633 2576 μετὰ
2656 2505 2774 2561 σοῦ
2796 2522 2819 2573 ;

2202 2793 2223 2829 ι
2258 2776 2395 2847 Ἤδη
2422 2775 2660 2848 κέκρικα
2691 2776 2767 2841 ὡς
2795 2774 2987 2849 παρὼν
3036 2776 3129 2830 τὸν
3160 2775 3337 2843 οὕτως
3383 2775 3543 2832 τοῦτο
3564 2793 3705 2833 κατ·

2125 2868 2520 2940 ιργασάμενον,
2552 2869 2610 2922 ἐν
2640 2867 2719 2940 τῷ
2755 2867 2984 2940 ὀνόματι
3011 2868 3106 2923 τοῦ
3147 2868 3355 2939 Κυρίου
3386 2867 3547 2940 ἡμῶν
3592 2869 3703 2939 ἰη-

2128 2959 2221 3015 σοῦ
2253 2961 2489 3033 Χριστοῦ
2522 2960 2901 3033 συναχθέντων
2940 2960 3097 3033 ὑμῶν
3113 2963 3210 3016 καὶ
3230 2957 3328 3015 τοῦ
3357 2959 3497 3033 ἐμοῦ
3530 2959 3692 3016 Ilvati-

442 3064 562 3167 tute
585 3058 803 3119 Domini
833 3066 1008 3121 nostri
1036 3064 1170 3124 Jesu
1191 3068 1419 3139 Christi,
1456 3052 1676 3131 tradere
1702 3074 2019 3147 huiusmodi

2130 3068 2332 3125 ματος,
2389 3053 2489 3109 σὺν
2520 3056 2587 3125 τῇ
2636 3054 2866 3126 δυνάμει
2926 3052 3023 3107 τοῦ
3088 3054 3295 3127 Κυρίου
3330 3054 3491 3127 ήμῶν
3526 3054 3705 3128 Ἰησοῦ

445 3147 684 3208 Satanae.
718 3173 738 3207 ι

425 3299 428 3301 λ
514 3239 635 3298 Non
661 3243 796 3299 sinit
822 3260 918 3302 eos
954 3246 1102 3303 aliud
1126 3250 1407 3322 quidpiam
1431 3255 1801 3315 comminisci.
1833 3258 2025 3331 Siqui-

442 3332 569 3390 dem
600 3338 932 3394 sententiam
964 3342 1068 3397 tuli
1090 3354 1149 3398 ut
1176 3361 1448 3416 praesens,
1480 3348 1684 3422 inquit.
1724 3352 1933 3411 Deinde
1958 3370 2028 3413 ne

446 3428 561 3501 78
607 3430 835 3487 nimiam
867 3433 971 3489 sibi
1013 3449 1274 3509 arrogare
1320 3442 1706 3501 auctoritatem
1749 3445 2024 3514 videatur,

445 3519 683 3578 observa
746 3526 1027 3594 quomodo
1077 3529 1230 3600 ipsos
1262 3542 1485 3604 quoque
1522 3534 1742 3603 judicio
1795 3535 2031 3593 ferendo

446 3612 631 3669 socios
676 3613 885 3686 allegit,
940 3618 1070 3674 dum
1116 3622 1237 3675 ait:
1272 3619 1620 3696 Congregatis
1642 3627 1809 3683 vobis.
1842 3625 1909 3684 In
1933 3645 2027 3685 no-

448 3702 590 3760 mine
622 3702 880 3774 Domini;
906 3708 1012 3766 hoc
1042 3722 1144 3781 est,
1169 3714 1261 3785 qui
1288 3715 1492 3774 Christi
1524 3720 1739 3776 nomini
1766 3720 2026 3792 iniuriam

446 3793 601 3860 fecit,
637 3798 732 3869 qui
770 3809 1066 3872 postquam
1100 3802 1281 3863 factus
1315 3815 1403 3862 est
1457 3808 1661 3879 ﬁdelis,
1702 3826 1883 3882 eoque
1922 3825 2030 3869 no-

446 3887 596 3944 mine
618 3892 948 3961 appellatus,
978 3896 1110 3951 talia
1141 3906 1367 3967 patrare
1406 3915 1518 3957 non
1551 3902 1846 3971 dubitavit,
1880 3907 2030 3966 hunc

447 3981 653 4037 tradite
700 3982 937 4043 Satanae.
973 3987 1234 4059 Apprime
1266 4007 1399 4049 vero
1446 3994 1651 4051 tradere
1691 3996 1913 4055 Satame
1937 4001 2026 4056 di-

449 4072 553 4134 xit,
592 4088 702 4129 non
731 4084 938 4144 autem,
997 4077 1226 4149 dedere;
1267 4085 1429 4154 quasi
1469 4089 1728 4156 aperiens
1748 4089 1827 4146 illi
1855 4094 2031 4163 poeni-

451 4164 637 4222 tentiae
690 4166 921 4237 ianuas.
970 4170 1270 4243 Prmterca,
1332 4178 1640 4248 hujusmodi
1723 4183 2025 4254 hominem,

451 4271 556 4313 ceu
588 4259 811 4318 minime
845 4264 1192 4323 tolerandum
1220 4278 1280 4325 ut
1324 4272 1410 4327 vel
1444 4276 1669 4333 nomine
1704 4278 1900 4337 saltem
1929 4280 2028 4338 de-

452 4351 726 4423 signetur.

2127 3146 2391 3218 Χριστοῦ,
2421 3145 2765 3219 παραδοῦναι
2792 3146 2887 3201 τὸν
2919 3145 3166 3203 τοιοῦτον
3187 3146 3267 3220 τῷ
3295 3148 3562 3222 Σατανᾷ.ι

2196 3237 2315 3294 Οὐκ
2341 3238 2569 3311 ἀφίησιν
2589 3240 2793 3303 αὐτοὺς
2816 3239 3007 3313 ἕτερόν
3031 3257 3085 3294 τι
3121 3240 3396 3312 ἒννοῆσαι.
3428 3240 3541 3295 Καὶ
3593 3239 3707 3313 γὰρ

2127 3332 2398 3405 ἐξήνεγκε.
2432 3331 2533 3405 τὴν
2579 3333 2887 3404 ἀπόφασιν,
2910 3333 2987 3398 ὡς
3019 3331 3213 3406 παρὼν
3233 3345 3259 3398 ,·
3316 3333 3500 3406 φησίν.
3558 3329 3698 3391 Εἶτα

2128 3425 2220 3483 ἵνα
2242 3426 2318 3499 μὴ
2346 3426 2474 3499 δόξῃ
2502 3425 2674 3500 πολλὴ
2700 3422 2841 3482 εἶναι
2868 3429 2902 3496 ή
2934 3427 3249 3491 αὕθεντεία,
3286 3426 3388 3499 ὅρα
3439 3426 3558 3492 πῶς
3585 3443 3705 3483 κοι-

2127 3520 2332 3585 νωνοὺς
2383 3518 2723 3586 καὶ⁷αὐτοὺς
2787 3522 2933 3576 ποιεῖ
2980 3519 3078 3574 τοῦ
3137 3519 3445 3592 κρίματος,
3508 3517 3702 3585 εἰπὼν,

2128 3614 2561 3682 Συναχθέντων
2612 3611 2800 3685 ὑμῶν.
2834 3613 2909 3667 Τὸ
2937 3610 3017 3679 δὲ,
3043 3612 3115 3668 ἐν
3139 3613 3387 3683 ὀνόματι
3423 3611 3532 3668 τοῦ
3584 3615 3705 3667 Κυ-

2122 3708 2262 3779 ρίου
2284 3706 2475 3775 ἡμῶν,
2498 3708 2772 3773 τουτέστι,
2799 3706 2891 3761 τὸν
2911 3708 2995 3771 εἰς
3019 3706 3083 3760 τδ
3109 3704 3283 3776 όνομα
3314 3703 3410 3761 τοῦ
3465 3701 3706 3779 Χριστοῦ

2128 3799 2601 3869 ὲνυϐρίσαντα,τδν
2621 3798 2757 3871 μετά
2774 3798 2833 3852 τὸ
2846 3798 3098 3868 γενέσθαι
3113 3799 3301 3853 πιστὸν
3312 3799 3407 3853 καὶ
3421 3797 3709 3869 ἐπώνυμον

2126 3889 2345 3964 ικείνης
2363 3891 2461 3962 τῆς
2481 3892 2874 3964 προσηγορίας,
2891 3890 3113 3946 τοιαῦτα
3128 3892 3495 3962 τολμήσαντα,
3513 3890 3701 3946 τοῦτον

2130 3984 2399 4056 παράδοτε
2439 3983 2518 4055 τῷ
2549 3985 2781 4057 Σατανᾷ.
2828 3979 2901 4038 Εὖ
2931 3984 2988 4038 δὲ
3014 3984 3111 4039 καὶ
3148 3984 3210 4038 τὸ
3233 3983 3605 4052 παραδοῦναι
3627 3984 3708 4053 τῷ

2129 4074 2366 4147 Σατανᾷ
2386 4090 2405 4141 ,‘
2463 4075 2602 4131 ἀλλά
2662 4077 2738 4149 μὴ
2783 4076 3070 4143 ἐκδοῦναι,
3139 4075 3215 4142 ὡς
3268 4076 3507 4147 ἀνοίγων
3557 4079 3710 4153 αὐτῷ

2127 4171 2227 4242 τῆς
2267 4172 2551 4243 μετανοίας
2606 4171 2707 4235 τὰς
2764 4168 2954 4242 θύρας.
2999 4169 3109 4222 Kal
3169 4168 3333 4223 πάλιν
3368 4167 3480 4224 τὸν
3513 4169 3708 4225 tam?»

2128 4280 2257 4329 τον,
2280 4264 2355 4329 ὡς
2374 4264 2447 4335 μὴ
2497 4263 2820 4335 ἀνεχόμενον
2853 4261 2989 4335 μηδὲ
3022 4261 3117 4332 τῆς
3140 4261 3511 4335 προσηγορίας
3540 4260 3707 4319 αὐτοῦ

2134 4356 2528 4428 μνημονεῦσαι.

526 4444 641 4503 Hoc
669 4458 775 4513 est.
812 4451 1119 4508 secundum
1180 4451 1350 4511 Deum
1376 4472 1391 4511 :
1417 4456 1656 4516 humana
1684 4478 2026 4539 nequaquam

2198 4451 2479 4513 Τουτέστι,
2520 4448 2662 4504 κατά
2686 4448 2821 4503 Θεόν
2842 4465 2857 4481 ·
2888 4448 2965 4521 μὴ
2990 4448 3311 4522 ἀνθρωπίνῃ
3340 4448 3709 4521 κατεχόμενον

454 4539 716 4609 opinione
746 4543 1001 4613 occupati
1032 4559 1048 4599 :
1078 4545 1196 4602 sive
1234 4549 1458 4606 nomine
1488 4550 1640 4611 illius
1673 4570 1770 4611 vos
1807 4574 1916 4614 una
1934 4575 2029 4617 co-

456 4642 617 4702 gente
646 4631 711 4686 ad
757 4633 809 4689 id
841 4637 1001 4707 cuius
1050 4637 1230 4706 gratia
1260 4641 1425 4697 modo
1458 4645 1789 4704 convenitis.

531 4719 783 4790 Seipsum
809 4723 1010 4801 iterum
1048 4736 1428 4795 repraesentat,
1461 4732 1539 4785 uti
1571 4736 2033 4805 quandojudices

456 4813 735 4874 steterint,
779 4810 929 4864 velut
991 4828 1051 4869 se
1087 4824 1358 4884 praesente
1388 4820 1470 4874 sic
1511 4835 1637 4876 eum
1673 4825 2031 4897 abscindant,

456 4897 757 4967 nullusque
817 4901 1014 4957 audeat
1044 4904 1220 4961 ‘venia
1272 4907 1498 4978 dignum
1546 4928 1801 4981 censere,
1845 4919 2028 4977 sciens

456 5004 522 5045 ea
580 5007 704 5063 qua:
794 4994 1029 5051 dicenda
1088 5011 1239 5065 sunt,
1304 5000 1477 5061 Paulo
1537 5006 1644 5078 ipsi
1740 5023 2043 5084 perspecta.

458 5083 599 5140 fore.

533 5177 591 5231 Id
620 5186 731 5245 est,
754 5181 837 5237 vel
859 5182 1111 5241 Christus
1142 5194 1347 5244 tantam
1377 5189 1537 5247 nobis
1559 5191 1749 5265 largiri
1772 5196 2030 5254 virtutem

462 5276 666 5339 potest,
719 5283 778 5326 ut
834 5273 1111 5331 hominem
1170 5278 1393 5335 diabolo
1423 5284 1643 5338 tradere
1696 5287 2027 5355 possimus:

465 5368 547 5423 vel
576 5380 635 5425 ut
666 5370 782 5441 ipse
801 5389 1020 5445 quoque
1058 5377 1345 5434 nobiscum
1378 5389 1572 5437 contra
1594 5380 1747 5438 illum
1779 5383 1883 5442 fert
1907 5401 2035 5442 seu-

464 5459 717 5517 tentiam.

540 5550 641 5603 tin
674 5551 952 5608 interitum
1006 5557 1219 5623 carnis,
1252 5568 1309 5615 ut
1354 5561 1586 5631 spiritus
1638 5566 1826 5624 salvus
1862 5567 1935 5624 sit
1980 5568 2033 5625 in

466 5644 555 5699 die
578 5641 792 5698 Domini
825 5645 996 5701 nostri
1034 5644 1164 5706 Jesu
1207 5648 1433 5710 Christi.
1472 5672 1490 5707 ι

532 5840 574 5876 ⁵³
602 5837 667 5895 ιν
691 5838 823 5912 Reg.
842 5856 895 5907 v,
917 5841 1006 5898 26.

2136 4542 2426 4615 ὑπολήψει,
2448 4542 2619 4613 ἤγουν
2648 4540 2812 4596 αὐτοῦ
2831 4540 2924 4595 τοῦ
2951 4541 3220 4613 ὀνόματος
3250 4542 3395 4613 ὑμᾶς
3428 4541 3710 4612 συλλέγον-

2134 4652 2227 4699 τος
2250 4634 2392 4705 ὑπὲρ
2421 4634 2484 4690 οῦ
2516 4632 2859 4706 συνέρχεσθε.

2208 4720 2285 4781 Αὖ
2346 4725 2509 4780 πάλιν
2540 4724 2842 4794 ἐπέστησεν
2874 4724 3061 4789 αὐτοῖς
3106 4723 3323 4791 ἑαυτὸν,
3356 4724 3446 4779 ἴνα
3475 4724 3604 4779 ὅταν
3632 4723 3710 4780 δι-

2138 4816 2400 4883 κάζωσιν,
2428 4816 2503 4880 ὡς
2535 4815 2704 4871 αὐτοῦ
2735 4814 3024 4883 παρόντος,
3078 4814 3251 4879 οὕτως
3298 4814 3460 4870 αὑτὸν
3512 4814 3713 4870 ἀποτέ-

2141 4927 2313 4981 μωσι,
2340 4909 2432 4962 καὶ
2470 4908 2656 4978 μηδεὶς
2688 4904 2936 4979 τολμήσῃ
2967 4905 3301 4977 συγγνώμης
3335 4906 3498 4960 αὐτὸν
3545 4905 3710 4974 ἀξιῶ·

2141 5019 2253 5068 σαι,
2287 5000 2443 5064 εἰδὼς
2486 5000 2567 5053 ὅτι
2614 4998 2823 5069 Παῦλος
2845 4997 3051 5052 είσεται
3074 4996 3139 5052 τὰ
3170 4997 3460 5069 λεγόμενα.

2207 5184 2533 5248 Τουτέστιν,
2581 5181 2640 5236 '0
2684 5180 2921 5252 Χριστδς
2974 5178 3202 5235 δύναται
3258 5177 3515 5251 τοιαύτην
3578 5181 3714 5252 ἡμῖν

2137 5280 2296 5352 χάριν
2323 5277 2542 5339 διδόναι,
2562 5275 2637 5339 ὡς
2662 5273 2923 5330 δύνασθαι
2965 5272 3045 5345 τῷ
3071 5272 3305 5343 διαόόλῳ
3332 5272 3706 5344 παραδιδόναι·

2138 5374 2173 5445 ἢ
2201 5376 2283 5428 ὅτι
2313 5371 2425 5425 Kal
2458 5367 2621 5433 αὐτὸς
2644 5366 2768 5439 μεθ’
2797 5364 2955 5439 ἡμῶν
2985 5366 3105 5421 κατ’
3132 5363 3299 5420 αὐτοῦ
3331 5365 3549 5436 ἐπαίρει
3608 5368 3712 5438 τὴν

2140 5464 2337 5537 ψῆφον·

2235 5576 2253 5609 ι
2285 5557 2380 5621 Et;
2448 5553 2672 5625 ὄλεθρον
2745 5551 2846 5622 τῆς
2903 5549 3154 5623 σαρκὸς,
3196 5550 3287 5605 ἴνα
3357 5548 3421 5603 τὸ
3489 5548 3715 5620 πνεῦμα

2144 5649 2292 5721 σωθῇ
2321 5651 2377 5703 ὲν
2410 5650 2478 5723 τῇ
2518 5646 2703 5721 ἡμέρᾳ
2764 5643 2859 5699 τοῦ
2904 5643 3110 5716 Κυρίου
3160 5641 3319 5717 ήμῶν
3357 5638 3533 5714 Ἰησοῦ
3576 5640 3717 5715 Χρι-

2146 5760 2295 5799 στου.
2323 5760 2343 5794 ›
