4038 6284
343 405 450 473 609

1470 396 1554 459 IN
1576 393 1814 456 EPIST.
1841 395 1941 454 AD
1977 392 2338 459 CUlilNTH.
2381 394 2431 457 Ι.

3486 397 3594 462 θίθ

419 516 535 569 Ἵνα
574 509 813 585 μαστίξῃ
842 507 1006 565 αὐτὸν
1069 505 1220 562 ῐλκει
1249 499 1475 576 πονηρῷ
1503 504 1538 574 ἦ
1572 503 1713 570 νόσῳ
1737 499 1920 569 ὲτέρςυ

2101 497 2188 554 Uti
2235 515 2432 572 nempe
2483 501 2759 572 percutiat
2802 515 2926 557 eum
2955 501 3140 558 ulcere
3200 503 3466 574 pessimo,
3500 514 3596 562 aut

348 607 440 661 καὶ
464 605 595 660 αὐτὸ
619 605 675 658 δὲ
704 602 864 658 τοῦτο
888 601 964 674 τῷ
990 598 1108 670 Θεῷ
1134 596 1324 652 δοκοῦν
1384 595 1619 664 ἐγένετο,
1655 593 1797 646 ὥστε
1822 608 1913 642 κο-

346 697 607 764 λάζεσθαι
650 694 818 750 αὐτοῦ
872 693 970 765 τὴν
1012 693 1209 760 σάρκα.
1242 688 1466 758 Ἐπειδὴ
1507 684 1616 756 γὰρ
1665 683 1774 737 ἀπὸ
1827 683 1924 752 τῆς

349 786 552 862 σαρκὸς
577 787 634 840 αι
667 783 952 855 ἐπιθυμίαι
989 783 1290 843 τίκτονται,
1337 776 1508 848 αὐτὴν
1551 773 1793 838 κολάζει,
1836 773 1925 826 ἵνα

346 879 408 934 τὸ
432 875 650 948 πνεῦμα
674 874 847 947 σωθῇ,
873 873 994 929 ἀλλ’
1017 877 1073 930 ιν
1096 871 1281 942 ἐκείνῃ
1297 871 1364 940 τῇ
1391 868 1594 939 ἡμέρᾳ,
1621 865 1801 928 καλῶς
1831 863 1926 916 αὐ-

346 971 473 1033 τοὺς
503 968 598 1023 καὶ
625 968 896 1039 εὐκαίρως
951 965 1051 1036 τῆς
1085 963 1300 1036 ἡμέρας
1345 960 1560 1029 ἐκείνης
1614 956 1927 1027 ἀναμιμνή-

351 1079 516 1127 σκων,
547 1060 637 1116 ῐνα
663 1058 762 1114 καὶ
782 1059 937 1114 αὐτοὶ
991 1054 1404 1128 προθυμότερον
1443 1049 1670 1104 ἔλθωσιν
1705 1049 1801 1102 ἐπὶ
1825 1048 1926 1120 τὴν

351 1151 617 1222 ίατρείαν.
670 1149 810 1221 ’Ἤδη
846 1149 902 1204 δὲ
929 1149 1019 1204 καὶ
1054 1133 1273 1218 νόμους
1307 1144 1558 1215 φαίνεται
1591 1140 1670 1212 τῷ
1695 1139 1928 1210 διαϐόλῳ

348 1243 538 1310 τιθεὶς,
563 1242 666 1296 οὐκ
698 1241 861 1310 ἀφεὶς
918 1239 1081 1294 αὐτὸν
1139 1237 1452 1310 περαιτέρω
1510 1234 1780 1306 προΰῆναι
1811 1251 1825 1266 ·
1850 1235 1928 1298 ὡς

2022 590 2132 646 alio
2182 594 2398 648 morbo.
2455 592 2632 663 Atque
2677 593 2781 648 hoc
2814 595 2997 664 ipsum
3037 593 3148 649 Deo
3174 597 3434 665 placitum
3469 597 3594 664 fuit,

2024 691 2086 737 ut
2132 684 2255 754 ejus
2276 699 2404 739 caro
2442 687 2800 756 plecteretur.
2839 684 2977 740 Nam
3008 687 3135 757 quia
3159 704 3221 742 ex
3246 703 3413 745 carne
3433 692 3594 760 cupi-

2023 772 2229 829 ditates
2269 775 2598 846 gignuntur,
2631 776 2772 831 hanc
2804 777 2960 849 punit
2991 792 3101 848 quo
3141 781 3330 834 salvus
3366 781 3594 851 spiritus

2027 864 2137 920 fiat.
2162 865 2432 924 Caeterum
2469 870 2522 923 iu
2558 884 2623 924 ea
2675 870 2765 924 die
2801 881 2948 925 recte
2985 887 3212 943 prorsus
3261 882 3315 928 et
3346 877 3596 944 apposite

2026 960 2349 1015 memoriam
2398 961 2480 1017 eis
2528 961 2796 1031 perfricat
2849 963 2999 1018 illius
3059 964 3168 1019 diei
3199 966 3412 1034 futurae,
3445 978 3502 1023 ut
3539 975 3596 1023 et

2025 1051 2128 1122 ipsi
2160 1051 2420 1108 libentius
2446 1055 2862 1126 promptiusque
2900 1054 3168 1111 medelam
3201 1057 3447 1112 aﬁ‘eraut.
3471 1057 3593 1112 Jant

2025 1160 2158 1200 vero
2187 1147 2407 1202 diabolo
2432 1147 2582 1219 leges
2604 1157 2852 1205 statuere
2879 1150 3120 1217 videtur,
3150 1166 3312 1222 quem
3344 1168 3443 1206 nec
3473 1168 3593 1222 per-

2027 1238 2208 1294 mittat
2257 1240 2496 1299 ulterius
2548 1244 2888 1313 procedere;
2925 1261 3035 1314 quo
3063 1245 3226 1316 plane
3261 1245 3425 1300 modo
3452 1246 3593 1303 Deus

349 1337 446 1390 καὶ
473 1334 603 1398 Θεὸς
633 1335 780 1404 αύτῷ
809 1333 1051 1406 περὶτοῦ
1081 1331 1201 1387 ’1ὼὸ
1231 1331 1386 1400 ἔλεγε
1415 1346 1427 1360 ·
1458 1328 1634 1398 Πλὴν
1680 1329 1790 1398 τῆς
1817 1333 1928 1401 ψυ-

2025 1326 2086 1381 de
2113 1327 2237 1392 Job,
2269 1331 2450 1386 aiebat
2479 1349 2495 1388 :
2535 1331 2904 1391 Verumtamen
2933 1337 3167 1392 animam
3201 1340 3347 1396 illius
3379 1358 3442 1397 ne
3468 1342 3590 1398 mi-

350 1427 666 1501 κῆςαῠτοῦ
689 1427 770 1497 μὴ
800 1425 946 1498 «ira.

425 1539 445 1574 ι
483 1521 556 1575 Ού
593 1520 761 1576 καλὸν
787 1522 849 1576 τὸ
885 1519 1146 1592 καύχημα
1177 1517 1352 1589 ὑμῶν.
1383 1536 1402 1568 ι

437 1613 666 1682 Ἐπὰγει
691 1611 857 1666 πάλιν
889 1612 1210 1684 ἐπιτίμησιν
1236 1611 1370 1683 πρὸς
1415 1607 1660 1676 ἐκείνους
1707 1611 1929 1664 ἀποτει-

353 1706 598 1777 νόμενος,
648 1706 889 1770 δεικνὺς,
918 1706 1000 1757 ὅτι
1045 1706 1244 1757 ἐκεῖνοι
1289 1702 1454 1774 μέχρι
1513 1701 1608 1756 τοῦ
1658 1702 1926 1773 παρόντος

350 1799 452 1853 οὐκ
475 1798 663 1854 είασαν
694 1797 856 1854 αὑτὸν
891 1797 1243 1869 μετανοῆσαι,
1273 1796 1616 1866 καυχώμενοι
1641 1794 1724 1848 ἐπ’
1749 1793 1918 1864 αὐτῷ.

432 1995 450 2031 ι
484 1977 599 2031 Ούκ
624 1975 800 2031 οἴδατε
835 1975 918 2030 ὅτι
951 1976 1121 2047 μικρὰ
1155 1973 1302 2047 ζύμη
1346 1975 1464 2028 ὅλον
1493 1972 1554 2027 τὸ
1581 1971 1809 2044 φύραμα
1845 1975 1928 2039 ζυ-

355 2069 467 2141 μοῖ.
497 2086 517 2121 ι

423 2161 582 2232 Δηλοί
603 2158 693 2216 διὰ
737 2160 952 2228 τούτου,
980 2158 1055 2224 ὡς
1077 2159 1178 2214 οὐκ
1239 2158 1454 2214 ἐκείνου
1497 2158 1810 2230 φειδόμενος
1840 2157 1932 2229 μό·

353 2270 444 2309 νον
485 2253 642 2308 τοῦτο
679 2253 846 2317 ποιεί,
891 2250 1030 2306 ἀλλὰ
1069 2251 1165 2306 καὶ
1220 2249 1399 2304 αὐτῶν
1433 2250 1659 2306 τούτων.
1703 2251 1929 2322 Ὅμοιον

351 2348 409 2401 δὲ
431 2347 506 2410 ὡς
537 2346 586 2399 εί
609 2345 783 2416 λέγοι·
820 2346 885 2400 Et
921 2343 1017 2399 ml.
1072 2344 1280 2398 ἐκείνου
1321 2344 1383 2397 τὸ
1413 2343 1737 2415 ἁμάρτημα,
1793 2343 1929 2399 ἀλλὰ

351 2437 723 2510 ἀμελούμενον
771 2435 1082 2490 δύναταίτε
1123 2437 1213 2490 καὶ
1247 2436 1306 2489 τὸ
1329 2435 1516 2488 λοιπὸν
1562 2436 1660 2505 τῆς
1703 2435 1930 2508 Ἐκκλη-

355 2532 474 2597 σίας
498 2531 657 2602 σῶμα
684 2532 1052 2604 λυμήνασθαι.
1101 2532 1270 2586 Ὅταν
1301 2530 1411 2603 γὰρ
1432 2533 1460 2584 ὁ
1489 2532 1703 2602 πρῶτος
1750 2532 1929 2602 ἀμαρο

352 2621 460 2676 τὼν
515 2623 591 2695 μὴ
635 2622 711 2694 δῷ
743 2624 922 2694 δίκην,
986 2622 1197 2696 ταχέως
1244 2623 1339 2677 καὶ
1383 2623 1563 2694 ἕτεροι
1602 2622 1671 2676 τὰ
1706 2620 1930 2678 τοιαῦτα

355 2714 764 2786 πλημμελοῦσι.

433 2826 451 2859 ι
490 2806 691 2862 Ἐκκαθ
704 2807 872 2880 άρατε
898 2801 993 2862 οὖν
1016 2808 1113 2878 τὴν
1138 2807 1371 2862 παλαιὰν
1395 2805 1594 2879 ζύμην.
1623 2825 1642 2861 ι

426 2899 471 2953 Τ
473 2898 736 2964 ουτίστιν,
759 2899 851 2956 τὸν
881 2899 1120 2972 πονηρὸν
1149 2898 1355 2953 τοῦτον.
1393 2898 1613 2956 Μᾶλλον
1636 2897 1694 2978 δε
1716 2896 1776 2952 ού
1801 2896 1930 2970 περὶ

355 2989 558 3044 τούτου
601 2990 759 3063 μόνον
803 2992 990 3062 φησιν,
1048 2989 1186 3045 ἀλλὰ
1235 2992 1331 3045 καὶ
1378 2990 1571 3052 ἄλλους
1615 2993 1928 3047 αἰνίττεται.

353 3080 442 3138 θὺ
475 3086 583 3155 γὰρ
616 3082 841 3154 πορνεία
870 3083 1027 3154 μόνον
1049 3081 1257 3136 παλαιὰ
1289 3079 1470 3153 ζύμη,
1501 3082 1637 3137 ἀλλὰ
1665 3083 1758 3137 καὶ
1783 3084 1928 3138 πᾶσα

357 3175 546 3230 κακία.
573 3176 683 3231 Καὶ
712 3175 811 3230 οὐκ
832 3170 976 3241 εἷπε,
1001 3175 1312 3248 Καθάρατε,
1336 3175 1490 3242 ἀλλὰ,
1508 3174 1925 3246 Ἐκκάθαρατεο
1952 3202 1998 3264 c

372 3267 402 3321 ὃ
422 3268 591 3334 ἐστιν,
633 3267 772 3338 μετὰ
803 3267 1090 3339 ἀκριϐείας
1121 3267 1430 3339 καθάρατε,
1460 3267 1601 3322 ὥστε
1634 3267 1770 3340 μηδὲ
1818 3267 1928 3322 λεί-

356 3358 549 3428 ψανον,
581 3358 716 3432 μηδὲ
755 3358 926 3414 σκιὰν
965 3356 1103 3416 εἶναι
1134 3359 1408 3433 τοιαύτην.

433 3555 455 3592 ι
484 3539 604 3594 Ἵνα
628 3533 730 3612 ἦτε
759 3538 878 3594 νέον
906 3537 1160 3612 φύραμα,
1188 3539 1372 3605 καθὼς
1403 3540 1526 3594 ἐστε
1552 3541 1772 3610 ἄζυμοι.
1798 3558 1819 3594 ι

427 3628 586 3700 Δηλοῐ
635 3629 734 3684 καὶ
776 3629 1032 3701 ἐμφαίνει
1060 3630 1122 3684 οὐ
1177 3630 1383 3702 σφόδρα
1434 3629 1642 3684 πολλῶν
1697 3628 1928 3704 κρατοῦ-

357 3740 459 3778 σαν
483 3721 580 3795 τὴν
605 3725 822 3778 κακίαν.
850 3723 914 3776 Εἰ
947 3723 1002 3777 δὲ
1035 3722 1209 3791 λέγει,
1265 3723 1469 3790 Καθὼς
1520 3722 1661 3778 ἐστε
1694 3722 1922 3795 ἄζυμοι,

357 3815 420 3868 οὐ
455 3815 611 3869 τοῦτο
626 3813 776 3882 λέγει
797 3816 879 3867 ὃτι
906 3815 1106 3879 πάντες
1133 3810 1273 3887 ἦσαν
1293 3815 1544 3887 καθαροὶ,
1574 3815 1710 3871 ἀλλὰ
1733 3815 1927 3882 Καθὼς

341 3905 559 3978 ,πρέπει
579 3898 718 3960 εἶναι
747 3905 924 3981 ὑμᾶς.

433 4039 454 4074 ι
488 4020 598 4076 Καὶ
624 4021 733 4093 γὰρ
754 4022 814 4075 τὸ
837 4019 1028 4093 Πάσχα
1052 4020 1208 4092 ἡμῶν
1236 4020 1378 4092 ὑπὲρ
1402 4020 1562 4093 ὴμῶν
1591 4021 1758 4094 ἐτύθη
1787 4022 1927 4094 Χρι-

359 4113 504 4182 urbe,
542 4112 684 4169 ὥστε
719 4113 1089 4186 ἑορτάζωμεν,
1133 4115 1209 4185 μὴ
1237 4116 1294 4168 ὲν
1339 4113 1488 4188 ζύμῃ
1535 4115 1759 4188 παλαιᾷ,
1792 4117 1928 4188 μηδὲ

357 4206 418 4260 ὲν
441 4203 587 4281 ζύμῃ
623 4207 821 4269 κακίας
852 4210 947 4261 καὶ
986 4205 1274 4277 πονηρίας,
1301 4206 1418 4262 ἀλλ’
1443 4209 1499 4260 ὲν
1538 4205 1767 4277 ἀζύμοις
1795 4207 1929 4261 stlt-

359 4296 601 4370 κρινείας
630 4296 726 4352 καὶ
755 4296 1036 4368 ἀληθείας.
1058 4298 1312 4370 Ἔγραψα
1341 4298 1467 4367 ὑμίν
1495 4297 1553 4351 ὲν
1576 4300 1643 4370 τῇ
1671 4299 1926 4373 ἐπιστολῇ

362 4390 438 4462 μὴ
471 4389 974 4461 συναναμίγνυσθαι
1024 4391 1263 4462 πόρνοις.
1313 4391 1424 4443 Καὶ
1461 4390 1521 4443 ού
1566 4390 1784 4454 πάντως
1815 4393 1928 4457 τοῖς

2021 1417 2156 1486 geris
2194 1416 2260 1472 “.

2102 1513 2266 1570 Vens.
2300 1513 2355 1568 6.
2399 1535 2417 1567 ι
2445 1513 2565 1572 Non
2605 1525 2687 1573 est
2715 1517 2858 1574 bona
2889 1518 3147 1590 gloriatio
3181 1530 3388 1574 vestra.
3428 1538 3448 1572 ι

2099 1605 2396 1680 Subjungit
2428 1609 2626 1664 iterum
2679 1611 3135 1682 increpationem,
3187 1627 3493 1667 sermonem
3526 1612 3594 1666 ad

2028 1699 2152 1755 illos
2201 1702 2503 1757 extendens
2555 1717 2694 1772 quos
2728 1704 2967 1758 declarat
3020 1704 3073 1758 in
3107 1717 3272 1758 causa
3310 1704 3499 1768 fuisse,
3537 1714 3597 1760 ut

2027 1807 2154 1847 eum
2184 1808 2292 1848 non
2328 1795 2640 1864 paeniteret,
2677 1808 2801 1848 cum
2841 1796 3266 1866 propteripsum
3294 1795 3597 1865 gloriaren-

2031 1892 2146 1940 tur.

2106 1997 2124 2030 ι
2153 1975 2389 2034 Nescitis
2433 1979 2561 2049 quia
2587 1977 2860 2036 modicum
2895 1978 3220 2034 fermentum
3256 1985 3421 2035 lotam
3454 1994 3594 2035 tuas-

2032 2087 2148 2128 sam
2181 2073 2510 2142 corrumpit.
2549 2089 2568 2122 ι

2105 2164 2202 2219 His
2237 2163 2419 2218 verbis
2446 2162 2715 2230 declarat,
2747 2179 2858 2218 non
2894 2163 3056 2218 modo
3087 2179 3148 2218 se
3179 2163 3256 2216 illi
3285 2162 3594 2235 indulgere,

2033 2259 2129 2312 sed
2157 2266 2211 2312 et
2234 2255 2315 2310 eis
2345 2254 2500 2326 ipsis.
2529 2253 2690 2309 Velut
2715 2257 2760 2310 si
2787 2255 2992 2310 diceret
3021 2271 3034 2306 :
3071 2251 3310 2309 Tametsi
3337 2253 3426 2309 ille
3445 2254 3597 2310 solus

2030 2354 2319 2421 peceatum
2375 2346 2638 2414 admisit,
2668 2353 2905 2402 attamen
2959 2347 3005 2401 si
3054 2345 3384 2416 negligatur,
3421 2353 3596 2401 totum

2029 2439 2294 2511 deinceps
2363 2436 2624 2494 Ecclesiae
2691 2436 3028 2493 labefactare
3108 2451 3310 2508 corpus
3393 2444 3594 2507 potest.

2030 2532 2309 2600 Quantum
2368 2531 2519 2586 enim
2572 2529 2661 2586 ille
2713 2530 2804 2600 qui
2842 2531 3056 2600 primus
3087 2530 3415 2599 peccaverit,
3447 2527 3593 2582 haud

2031 2637 2226 2694 poenas
2282 2620 2628 2693 persolverit,
2671 2617 2762 2674 alii
2794 2618 2980 2675 statim
3023 2616 3387 2674 consimiliter
3422 2617 3600 2673 delin-

2029 2723 2230 2786 quunt.
3162 2709 3164 2711 ’

2102 2805 2268 2860 Vsus.
2306 2803 2359 2858 ’1.
2399 2821 2418 2855 ι
2457 2802 2770 2876 Expurgate
2794 2812 2950 2859 vetus
2981 2801 3328 2858 fermentum.
3363 2819 3384 2854 ι

2102 2899 2159 2956 ld
2183 2905 2290 2963 est,
2321 2897 2471 2953 hunc
2527 2897 2846 2953 scelestum.
2909 2893 3007 2950 Vel
3040 2895 3224 2968 potius
3253 2909 3362 2949 non
3393 2893 3462 2950 de
3496 2893 3600 2952 hoc

2031 2992 2415 3050 tantummodo
2443 2989 2708 3063 loquitur,
2743 2991 2838 3046 sed
2869 2997 2924 3044 et
2953 2989 3094 3044 alios
3119 2987 3325 3043 innuit.
3355 2985 3478 3042 Non
3507 3001 3600 3042 so-

2031 3085 2145 3140 lum
2180 3082 2323 3139 enim
2355 3082 2681 3138 fermentum
2715 3089 2871 3136 vetus
2893 3088 2978 3136 est
3006 3078 3407 3144 scortatio,scd
3435 3077 3598 3132 etiam

2032 3175 2214 3231 omnis
2241 3173 2506 3244 nequitia.
2531 3170 2720 3244 Neque
2738 3173 2877 3227 dixit
2913 3187 2929 3224 :
2960 3179 3212 3243 purgate,
3246 3170 3365 3235 sed,
3397 3185 3598 3240 expur-

2027 3276 2192 3341 gate;
2217 3265 2364 3336 quod
2414 3266 2556 3321 idem
2611 3273 2694 3320 est
2724 3278 2813 3328 ac,
2846 3263 3137 3335 diligenter
3187 3263 3506 3329 emundate,
3539 3272 3599 3318 ut

2031 3377 2100 3418 ne
2126 3358 2258 3431 quid
2286 3357 2558 3429 reliquum
2593 3355 2891 3429 ejusmodi,
2947 3371 3127 3427 neque
3169 3357 3254 3412 vel
3284 3357 3478 3413 umbra
3499 3371 3599 3412 su-

2029 3448 2224 3519 persit.
3130 3496 3135 3502 .
3219 3448 3221 3450 ’

2104 3561 2123 3594 ι
2148 3539 2219 3598 Ut
2247 3541 2373 3599 sitis
2423 3555 2564 3596 nova
2623 3539 2968 3610 couSpersio,
3008 3539 3146 3597 sicut
3177 3543 3309 3598 estis
3337 3543 3536 3613 azymi.
3572 3562 3593 3596 ι

2100 3634 2355 3691 Declarat
2383 3641 2437 3690 et
2467 3633 2646 3705 palam
2680 3640 2937 3694 testatur,
2981 3634 3126 3688 hanc
3151 3635 3416 3691 malitiam
3451 3637 3596 3706 apud

2029 3726 2230 3784 multos
2257 3733 2562 3800 grassatam
2590 3740 2698 3780 non
2730 3741 2873 3780 esse.
2908 3724 3150 3781 Tametsi
3182 3742 3308 3782 vero
3338 3727 3432 3790 ait,
3459 3730 3596 3781 sicut

2025 3819 2152 3875 estis
2185 3818 2385 3890 azyma“,
2420 3818 2526 3873 hoc
2555 3831 2664 3871 non
2697 3816 2915 3882 annuit,
2981 3832 3174 3873 omnes
3204 3834 3328 3874 esse
3359 3821 3610 3886 mundos,

2028 3913 2150 3980 sed,
2180 3908 2642 3982 quemadmodum
2672 3925 2769 3966 vos
2784 3925 2909 3966 esse
2939 3925 3107 3982 puros
3129 3909 3308 3966 decet.

2099 4026 2209 4100 79
2245 4045 2266 4080 ι
2298 4024 2512 4080 Etenim
2541 4023 2750 4080 Pascha
2785 4032 3032 4080 nostrum
3075 4037 3175 4093 pro
3205 4022 3366 4080 nobis
3397 4023 3594 4080 immo-

2027 4119 2173 4175 latus
2201 4125 2285 4175 est
2310 4114 2588 4172 Christus.
2618 4111 2814 4188 [νεεδ.
2851 4112 3033 4188 840.]
3067 4114 3258 4186 itaque
3305 4113 3593 4186 epulemur

2029 4226 2134 4267 non
2167 4211 2223 4266 in
2246 4208 2518 4266 fermento
2551 4208 2743 4276 veteri,
2775 4223 2954 4279 neque
2985 4209 3040 4263 in
3069 4207 3345 4264 fermento
3370 4209 3594 4265 malitia:

2009 4312 2083 4373 ⁵ει
2113 4301 2393 4374 nequitiae,
2435 4300 2530 4356 sed
2558 4300 2612 4354 in
2643 4300 2850 4371 azymis
2877 4299 3212 4356 sinceritatis
3238 4311 3290 4357 et
3322 4300 3592 4357 veritatis.

2030 4394 2239 4466 Scripsi
2268 4393 2425 4448 vobis
2449 4394 2505 4448 in
2533 4393 2767 4463 epistola
2795 4407 2864 4448 ne
2901 4393 3372 4449 cominisceamini
3418 4393 3596 4448 forni-

361 4483 578 4557 πόρνοις
610 4482 704 4537 τοῦ
749 4483 958 4553 κόσμου
1006 4483 1220 4549 τούτου,
1251 4483 1285 4554 ἢ
1318 4485 1432 4546 τοῖς
1489 4482 1859 4550 πλεονέκταις,
1891 4483 1926 4555 ἢ

2028 4487 2232 4542 cariis:
2264 4499 2373 4541 non
2407 4484 2632 4557 penitus
2668 4483 2985 4540 fornicariis
3035 4485 3199 4552 hujus
3229 4486 3436 4551 mundi,
3498 4495 3595 4542 aut

364 4575 622 4648 ἅρπαξιν,
657 4575 688 4648 ἢ
723 4575 1163 4644 είδωλολάτραις.
1200 4595 1220 4628 ι

430 4690 551 4744 Τῶν
577 4690 904 4762 εὐεργεσιῶν
926 4690 1088 4744 πάλιν
1110 4691 1508 4760 ἀναμιμνήσκει
1527 4689 1743 4754 αύτούς.
1769 4689 1924 4760 Ἐορ-

359 4779 463 4850 τῆς
484 4780 611 4854 γὰρ,
640 4782 822 4851 φησιν,
851 4782 1092 4851 ὁ.παρὼν
1121 4781 1331 4851 καιρός.
1354 4780 1454 4834 Διά
1483 4779 1536 4834 τί
1561 4781 1617 4834 δὲ
1642 4779 1802 4835 πάλιν
1826 4781 1923 4852 τὴν

362 4871 538 4943 ζύμην
589 4873 777 4942 καλεῖ,
832 4874 864 4946 ἢ
918 4875 1005 4929 διὰ
1054 4874 1116 4928 τὸ
1167 4874 1259 4928 τὸν
1297 4873 1450 4944 ἡμῶν
1510 4873 1626 4944 βίον
1684 4872 1923 4928 τοιοῦτον

361 4959 498 5017 εἶναι
518 4981 532 5028 ;

433 5095 451 5127 ι
485 5076 637 5130 Ἐπεὶ
681 5076 940 5145 ὠφείλετε
976 5077 1082 5149 ἄρα
1117 5077 1210 5131 τοῦ
1271 5077 1475 5149 κόσμου
1520 5077 1772 5143 ἐξελθεῖν.
1807 5077 1921 5131 Νῦν

355 5169 415 5222 δὲ
439 5168 650 5239 ἔγραψα
685 5169 832 5238 ὑμῖν,
869 5171 943 5241 μὴ
977 5170 1496 5240 συναναμίγνυσθαι,
1531 5172 1623 5225 ἐάν
1654 5188 1736 5234 τις
1770 5171 1924 5224 ἀδελ-

357 5261 457 5330 φὸς
483 5261 909 5333 ὀνομαζόμενος,
946 5261 977 5332 ἢ
1017 5264 1234 5335 πόρνος,
1271 5263 1304 5336 ἢ
1346 5264 1694 5333 πλεονέκτης
1731 5282 1746 5314 ι

431 5480 551 5535 Ἵνα
580 5479 688 5552 γὰρ
726 5479 803 5552 μὴ
835 5480 1176 5551 νομίσαντες,
1199 5483 1280 5536 ὅτι
1307 5483 1381 5546 ὡς
1417 5481 1786 5552 ἀτελεστέροις
1823 5483 1921 5535 αύ-

357 5573 470 5635 τοῑς
502 5570 659 5624 τοῦτο
687 5574 788 5626 οὐκ
809 5570 1093 5638 ἐπέταξεν,
1121 5573 1215 5628 καὶ
1245 5573 1322 5638 ὡς
1360 5573 1555 5627 τέλειοι
1587 5573 1746 5643 δῆθεν
1768 5574 1924 5627 αὐτοὶ

357 5663 564 5734 πρᾶξαι
607 5665 1037 5736 ἐπιχειρήσουσι,
1075 5665 1348 5722 δείκνυσιν
1400 5667 1481 5721 ὅτι
1526 5667 1651 5721 οὐδὲ
1704 5666 1926 5722 δύναται

432 5832 478 5866 ⁸⁸
506 5836 605 5896 Iob
659 5855 722 5908 ιι,
750 5838 806 5896 6.

1949 4553 2002 4612 Β
2031 4585 2236 4650 avaris,
2265 4590 2362 4637 aut
2381 4553 2696 4652 rapacibus,
2727 4589 2821 4635 aut
2859 4580 3026 4637 idolis
3053 4580 3446 4637 servientibus.
3486 4601 3505 4634 ι

2099 4696 2227 4751 lllos
2253 4693 2452 4750 iterum
2505 4691 2898 4748 beneﬁciorum
2931 4691 3209 4746 admonet.
3259 4691 3595 4752 Festivitatis

2028 4786 2176 4844 enim
2211 4792 2265 4841 et
2286 4783 2432 4853 epuli
2460 4793 2681 4852 tempus
2707 4790 2813 4849 est,
2856 4782 3058 4852 inquit.
3091 4782 3267 4838 Eccur
3308 4799 3439 4840 vero
3473 4801 3596 4839 rur-

2030 4896 2151 4938 sum
2187 4879 2520 4934 fermentum
2560 4876 2830 4941 nominat,
2859 4876 2963 4930 nisi
2993 4876 3139 4945 quod
3176 4876 3447 4946 ejusmodi
3483 4879 3588 4933 vita

2030 4981 2215 5027 nostra
2241 4971 2311 5024 sit
2335 4969 2358 5020 ἲ

2106 5108 2122 5138 ι
2181 5082 2393 5153 Alioqui
2457 5081 2772 5137 debueratis
2826 5085 2891 5137 de
2950 5082 3055 5137 hoc
3105 5085 3308 5138 mundo
3363 5085 3588 5141 exiissc.

2026 5178 2226 5252 [νεεδ.
2259 5172 2371 5246 11.]
2399 5172 2549 5227 Nunc
2576 5181 2757 5226 autem
2818 5173 3017 5241 scripsi
3060 5173 3238 5234 vobis,
3289 5188 3398 5228 non
3443 5189 3595 5228 cum-

2030 5269 2278 5334 misceri,
2312 5267 2358 5323 si
2392 5266 2439 5322 is
2475 5265 2570 5337 qui
2605 5264 2773 5319 frater
2803 5265 3136 5328 nominatur,
3160 5273 3244 5319 est
3273 5263 3590 5334 fornicator,

2026 5375 2124 5420 aut
2155 5376 2373 5416 avarus.
2413 5378 2432 5411 ι

2100 5473 2179 5530 Ne
2206 5471 2610 5534 existimarent,
2638 5470 2743 5524 hoc
2780 5468 2885 5523 sibi
2917 5469 3066 5524 velut
3095 5467 3594 5539 imperfectioribus

2030 5568 2102 5624 ab
2155 5568 2277 5637 ipso
2316 5577 2425 5617 non
2485 5559 2655 5616 fuisse
2712 5568 3067 5630 pmceptum,
3126 5559 3269 5628 quod
3332 5568 3595 5629 tanquam

2031 5657 2263 5731 perfecti
2297 5661 2562 5730 praestare
2591 5649 3044 5725 aggrederentur,
3081 5650 3324 5708 ostendit
3353 5652 3596 5707 nullate-
