4038 6284
418 326 537 394 615

1628 349 1685 411 S.
1716 347 2038 410 JOANNIS
2062 347 2494 411 DAMASCENI

3587 336 3698 405 616

505 463 714 537 Duplex
740 466 973 528 crimen.
994 464 1145 537 quod
1169 462 1380 536 indicio
1407 458 1772 525 contendant,
1790 465 1844 515 et
1866 458 2012 529 quod

2188 458 2421 513 Διπλοῢν
2469 459 2530 514 τὸ
2566 457 2837 529 ἔγκλημα,
2879 456 2962 511 ὅτι
2994 456 3090 511 καὶ
3127 454 3399 527 κρίνεται,
3451 452 3547 509 καὶ
3595 453 3694 507 ἐπὶ

433 556 579 627 apud
605 556 879 614 inﬁdeles.

516 666 536 698 ε
584 646 761 704 Nolite
794 662 1027 705 errare:
1064 663 1241 720 neque
1264 646 1579 711 fornicarii,
1624 659 1799 717 neque
1849 642 2017 700 idolis

431 739 758 806 servientes,
794 756 973 811 neque
1025 740 1265 797 adulteri
1295 738 1485 812 [Vens.
1526 737 1635 811 l0},
1668 752 1848 809 neque
1874 737 2019 792 mol-

433 830 537 895 les.
573 846 751 903 neque
782 833 1157 888 masculorum
1181 833 1604 899 concubitores,
1634 845 1815 901 neque
1841 828 2017 894 avari,

435 938 621 991 neque
650 921 859 981 fures.»

498 1012 601 1071 Hie
634 1017 906 1088 quosdam
971 1018 1154 1073 innuit
1186 1017 1282 1089 qui
1313 1017 1564 1075 dicerent
1596 1013 1651 1070 id
1680 1012 1824 1085 quod
1871 1026 2019 1068 nunc

433 1108 822 1175 multidicunt,
872 1111 1167 1181 benignum
1198 1125 1325 1167 esse
1369 1110 1540 1165 Deum
1563 1119 1618 1165 et
1657 1109 1885 1170 bonum,
1922 1121 2021 1162 ne-

430 1212 541 1269 que
605 1200 797 1257 ulcisci
858 1212 1103 1271 peccata.
1170 1201 1386 1258 Idcirco
1442 1196 1553 1266 ait,
1585 1198 1770 1254 Nolite
1812 1211 2016 1251 errare.

430 1290 674 1347 Extremi
720 1292 922 1364 quippe
971 1295 1182 1349 erroris
1213 1292 1378 1347 fuerit
1404 1300 1457 1348 et
1485 1291 1847 1363 deceptionis,
1880 1290 2014 1346 dum

429 1382 637 1452 Optima
676 1395 995 1453 sperantur,
1033 1384 1308 1438 contraria
1330 1384 1611 1452 consequi.

515 1492 534 1527 ε
565 1472 755 1545 Neque
775 1475 1008 1541 ebriosi,
1042 1491 1228 1546 neque
1250 1475 1729 1545 maledici,neque
1760 1487 2018 1544 rapaces,

430 1581 661 1638 regnum
681 1566 775 1622 Dei
808 1566 1199 1638 possidebunt.
1226 1566 1425 1641 [ναις.
1459 1567 1546 1622 il.
1580 1565 1602 1640 ]
1638 1566 1703 1621 Et
1734 1567 1853 1622 haec
1883 1566 2013 1638 qui-

430 1656 558 1713 dem
585 1658 775 1714 fuistis
811 1677 829 1714 :
858 1657 954 1714 sed
983 1659 1156 1715 abluti
1177 1658 1317 1715 estis
1340 1698 1359 1727 ,
1384 1658 1477 1715 sed
1498 1656 1831 1721 sanctificati
1853 1657 2009 1720 estis,

430 1749 835 1821 sedjustilicati
864 1754 997 1806 estis
1021 1751 1079 1805 in
1128 1750 1352 1806 nomine
1407 1747 1627 1804 Domini
1656 1748 1829 1804 nostri
1879 1745 2012 1804 Jesu

432 1839 665 1903 Christi,
706 1847 761 1893 et
793 1839 847 1893 in
884 1838 1100 1911 Spiritu
1136 1840 1233 1896 Dei
1272 1840 1472 1895 nostri.
1516 1857 1536 1891 ι

504 1930 667 2002 Atqui
702 1938 950 1986 extrema
985 1940 1209 2001 peccata
1256 1932 1369 1985 haec
1406 1937 1562 1996 sunt,
1596 1944 1721 1983 cum
1754 1928 2017 1993 ebrietas.

431 2032 548 2078 tum
593 2022 1009 2078 maledicentia.
1041 2022 1178 2079 Nam
1203 2024 1462 2080 Christus
1496 2024 1649 2078 illum
1680 2022 1893 2077 addixit
1925 2037 2021 2092 ge-

433 2116 630 2172 hennae
652 2116 746 2186 qui
762 2114 984 2170 fratrem
1019 2116 1246 2172 stultum
1290 2116 1632 2172 vocaverit“
1666 2127 1756 2172 :et
1790 2116 2019 2185 populus

430 2205 747 2262 Judaeorum
776 2220 842 2262 ex
867 2206 1137 2263 ebrietate
1157 2208 1213 2262 in
1234 2208 1443 2263 cultum
1469 2207 1747 2262 idolorum
1770 2206 2019 2261 declina-

432 2301 513 2354 vit
551 2298 616 2351 ".

502 2389 761 2457 Peusate,
786 2391 988 2464 inquit,
1024 2391 1383 2449 humanitatis
1426 2394 1519 2450 Dei
1554 2391 2014 2464 magnitudinem.

431 2482 551 2539 Non
566 2487 740 2541 solum
760 2484 905 2540 enim
921 2484 1159 2556 peccatis
1171 2500 1274 2541 nos
1283 2487 1505 2551 exemit,
1521 2500 1709 2541 verum
1727 2494 1779 2539 et
1796 2496 2018 2544 sanctos

431 2584 487 2632 et
503 2577 687 2649 justos
717 2575 867 2633 fecit.
900 2575 1028 2633 Haec
1057 2577 1156 2645 ait,
1184 2587 1245 2633 ut
1264 2593 1359 2634 eos
1388 2577 1599 2650 pudore
1621 2578 1924 2634 suﬂ'undat.

506 2754 675 2814 Vsus.
727 2756 817 2812 12.
854 2778 873 2809 ι
911 2755 1106 2812 Omnia
1132 2755 1267 2811 mihi
1293 2755 1483 2822 licent,
1535 2754 1631 2813 sed
1674 2771 1784 2812 non
1831 2754 2016 2813 omnia

440 2849 760 2922 expediunt.
796 2866 817 2903 ι

501 2941 739 2999 Gulosos
771 2940 862 2997 hic
898 2939 1126 2996 iudicat.
1152 2937 1288 2995 Nam
1308 2940 1440 3011 quia
1464 2941 1751 3012 proposuit
1780 2941 1834 2995 in
1858 2954 2016 2997 scor-

431 3044 666 3092 tatorem
702 3034 908 3096 invehi.
950 3036 1223 3090 scortatio
1247 3042 1434 3088 autem
1461 3047 1528 3089 ex
1558 3032 1779 3089 deliciis
1799 3040 1854 3088 et
1880 3032 2013 3104 gula

435 3129 714 3200 gignitur;
748 3142 867 3183 eam
906 3127 976 3183 oh
1014 3142 1240 3184 causam
1273 3126 1425 3183 istud
1455 3126 1647 3182 vitium
1684 3127 1888 3183 acriter
1915 3141 2007 3182 re-

2116 551 2648 716 ὰπξῖῗέντιλανᾶσθε
2672 659 2684 671 ·
2718 641 2843 696 οὔτε
2878 642 3090 713 πόρνοι,
3121 638 3246 694 οὗτε
3283 635 3693 708 εἰδωλολάτραι,

2116 736 2244 801 οὔτε
2275 739 2477 809 μοιχοὶ,
2499 736 2623 791 οὔτε
2672 736 2928 809 μαλακοὶ,
2974 734 3101 790 οὔτε
3134 732 3533 806 ἀρσενοκοῖται,
3567 729 3697 784 οὔτε

2119 831 2471 897 πλεονέκται,
2499 829 2623 885 οὔτε
2654 830 2907 885 κλέπται.
2935 848 2954 881 ι

2199 1006 2471 1065 Ἐνταῦθα.
2500 1006 2799 1063 αίνίττεταί
2829 1022 2983 1068 τινας
3015 1003 3277 1074 λέγοντας
3304 1002 3450 1076 ἆπερ
3474 1001 3570 1058 καὶ
3594 1001 3697 1057 νῦν

2115 1100 2369 1172 λέγουσιν
2392 1100 2444 1155 οί
2476 1099 2685 1165 πολλοὶ,
2725 1099 2810 1155 ὃτι
2848 1096 3233 1170 φιλάνθρωπος
3264 1094 3341 1149 ὢν
3369 1097 3399 1151 ὁ
3438 1094 3571 1160 Θεὸς
3595 1095 3700 1149 καὶ

2117 1193 2348 1263 ἀγαθὸς,
2380 1194 2483 1248 οὐκ
2536 1191 2902 1265 ἀπεξέρχεται
2939 1192 3054 1254 τοῖς
3102 1188 3560 1262 πλημμελήμασι.
3604 1186 3701 1241 Διδ

2117 1285 2273 1358 φησι,
2326 1283 2426 1353 Μὴ
2475 1282 2814 1341 πλανᾶσθε.
2876 1282 3092 1353 Πλάνης
3148 1282 3257 1354 γὰρ
3312 1280 3551 1353 ἐσχάτης
3602 1280 3701 1336 καὶ

2121 1380 2361 1449 ἀπάτης,
2392 1378 2718 1443 ἐλπίσαντας
2750 1376 2965 1450 χρηστὰ
2989 1376 3100 1431 τῶν
3130 1375 3391 1431 ἐναντίων
3417 1376 3625 1446 τυχεῖν.

2195 1488 2212 1522 ι
2239 1470 2376 1527 Οὔτε
2424 1470 2671 1543 μέθυσοι,
2706 1470 2769 1523 οὐ
2810 1469 3066 1541 λοίδοροι,
3105 1468 3205 1541 οὐχ
3249 1467 3499 1539 ιρπαγις
3544 1464 3701 1537 βασι-

2116 1564 2267 1619 λείαν
2296 1564 2392 1617 τοῦ
2425 1562 2561 1618 Θεοῦ
2590 1562 2651 1616 οὐ
2687 1562 3181 1633 κληρονομήσουσι.
3210 1562 3321 1616 Καὶ
3343 1559 3520 1617 ταῦτά
3548 1576 3700 1622 τινες

2117 1653 2255 1729 ἦτε,
2305 1656 2441 1712 ἀλλὰ
2480 1654 2881 1717 ἀπελούσασθε,
2914 1653 3051 1709 ἀλλὰ
3102 1653 3459 1725 ἐδικαιώθητε
3508 1653 3567 1707 ἐν
3612 1651 3695 1721 τῷ

2115 1748 2341 1819 ὀνόματι
2367 1746 2463 1802 τοῦ
2496 1747 2704 1819 Κυρίου
2747 1745 2921 1817 Ἰησοῦ
2959 1746 3054 1802 καὶ
3080 1747 3139 1802 ἐν
3175 1744 3253 1816 τῷ
3288 1742 3570 1817 Πνεῦματι
3592 1741 3691 1797 τοῦ

2045 1820 2090 1881 Β
2119 1839 2256 1896 Θεοῦ
2286 1840 2464 1912 ἡμῶν.
2501 1859 2520 1892 ›

2191 1935 2303 1989 Καὶ
2338 1934 2513 1988 ταῦτα
2541 1930 2651 1986 τῶν
2692 1930 2939 2003 ἐσχάτων
2980 1928 3397 2000 ἁμαρτημάτων
3426 1927 3597 1991 ἐστὶν,
3633 1922 3697 1979 τὸ

2119 2024 2216 2095 τῆς
2244 2022 2417 2094 μέθης
2442 2023 2538 2078 καὶ
2566 2022 2628 2076 τδ
2656 2023 2755 2094 τῆς
2789 2022 3078 2093 λοιδορίας.
3103 2021 3215 2075 Καὶ
3240 2020 3350 2091 γὰρ
3380 2019 3477 2074 καὶ
3505 2021 3534 2074 6
3562 2019 3607 2072 Χ
3617 2036 3700 2090 ρι-

2121 2116 2246 2181 στὸς
2286 2117 2378 2171 τὸν
2432 2114 2741 2170 καλέσαντα
2784 2114 2877 2169 τὸν
2919 2111 3148 2184 ἀδελφὸν
3200 2111 3367 2167 αὐτοῦ
3403 2111 3587 2185 μωρὸν
3624 2112 3695 2184 τῇ

2116 2208 2311 2281 γεέννῃ
2373 2206 2788 2279 παραδέδωκεν·
2848 2207 2944 2261 καὶ
3008 2207 3040 2262 δ
3086 2202 3198 2259 τῶν
3238 2202 3509 2259 Ἰουδαίων
3564 2202 3697 2268 λαδς

2122 2300 2411 2374 μεθυσθεὶς
2436 2302 2522 2365 είς
2555 2298 3003 2372 είδωλολατρείαν
3031 2296 3323 2365 ἐξέκλινεν.

2202 2394 2544 2464 Ἐννοήσατε,
2570 2393 2759 2461 φησιν,
2788 2391 2888 2463 τῆς
2918 2388 3331 2462 φιλανθρωπίας
3354 2386 3416 2443 τὸ
3442 2385 3696 2459 μέγεθος.

2118 2485 2197 2543 Οὐ
2231 2485 2341 2558 γὰρ
2388 2484 2499 2539 τῶν
2550 2483 2967 2557 ἁμαρτημάτων
2994 2474 3309 2555 ἀπήλλαξεν
3341 2481 3523 2555 μόνον,
3554 2480 3696 2535 ἀλλα

2117 2580 2213 2635 καὶ
2234 2578 2489 2650 ἡγίασεν,
2519 2576 2616 2632 καὶ
2645 2575 2986 2632 ἐδικαίωσεν.
3021 2572 3209 2629 Ταῦτα
3248 2572 3307 2629 δέ
3349 2566 3527 2640 εἶπεν,
3558 2569 3695 2643 σφό-

2115 2674 2217 2746 δρα
2244 2670 2505 2744 ἐντρέψαι
2529 2669 2876 2741 βουλόμενος.

2193 2782 2212 2818 ι
2249 2764 2438 2819 Πάντα
2470 2780 2564 2835 μοι
2590 2761 2820 2831 ἔξεστιν,
2841 2759 2958 2816 ἀλλ’
2980 2758 3040 2816 οὐ
3064 2758 3246 2816 πάντα
3278 2757 3569 2833 συμφέρει.
3591 2775 3613 2809 ι

2176 2943 2326 3009 Τοὺς
2354 2943 2693 3015 λαιμάργους
2722 2942 2960 2999 ἐνταῦθα
2989 2941 3307 3000 αἰνίττεται.
3338 2940 3557 3011 Ἐπειδὴ
3578 2936 3695 3013 7&9

2118 3038 2303 3112 μέλλει
2341 3039 2434 3092 ἐπὶ
2477 3038 2569 3092 τὸν
2604 3035 3017 3109 πεπορνευκότα
3061 3033 3349 3108 φέρεσθαι,
3382 3037 3415 3105 ἡ
3461 3034 3523 3089 δέ
3550 3050 3697 3107 πορ-

2115 3130 2235 3188 νεία
2260 3130 2368 3185 ἀπὸ
2389 3132 2601 3203 τρυφῆς
2636 3131 2729 3183 καὶ
2758 3126 3113 3201 λαιμαργίας,
3136 3127 3329 3181 τούτου
3367 3126 3527 3198 χάριν
3561 3140 3697 3195 σφο-

439 3180 741 3289 ;rehendit.
798 3219 964 3286 Quasi
1015 3218 1203 3274 dicat:
1235 3217 1524 3274 comedere
1563 3216 1775 3273 licitum
1799 3226 1925 3282 est;
1958 3227 2012 3273 at

3181 3218 3258 3284 ὡς
3293 3219 3343 3273 εί
3367 3180 3694 3288 λέγοιθέξο

433 3327 547 3367 non
578 3311 1034 3381 intemperanter.

509 3420 527 3453 ι
555 3399 754 3456 Omnia
786 3401 919 3455 mihi
942 3402 1148 3468 licent;
1176 3397 1272 3457 sed
1301 3400 1405 3456 sub
1432 3399 1641 3456 nullius
1672 3399 1892 3473 redigar
1920 3415 2018 3473 po-

435 3503 657 3550 testate.
695 3512 717 3545 ε

504 3586 606 3642 Hic
633 3584 817 3642 verbis
865 3583 1133 3651 declarat,
1159 3599 1270 3640 non
1298 3585 1477 3639 solum
1513 3598 1621 3639 non
1650 3584 1907 3655 expedire
1936 3598 2007 3639 ea

436 3692 557 3750 qua
592 3681 650 3735 in
705 3683 978 3749 potestate
1010 3684 1198 3730 nostra
1229 3684 1360 3731 sunt
1425 3674 1630 3742 facere,
1663 3674 1756 3730 sed
1789 3689 1856 3729 ne
1908 3675 2016 3729 hoc

434 3772 653 3843 quidem
676 3786 797 3826 esse
828 3769 1143 3841 potestatis,
1178 3782 1367 3824 verum
1403 3767 1705 3823 servitutis.
1760 3765 1829 3821 Ut
1857 3776 2013 3839 puta,

435 3878 605 3937 penes
638 3871 692 3920 te
715 3870 800 3920 est
824 3861 1364 3933 ederezpotestatem
1389 3859 1535 3916 hanc
1561 3875 1742 3926 serva,
1766 3875 1867 3915 nec
1884 3858 2015 3917 atl‘e-

434 3955 634 4015 ctionis
650 3956 813 4013 istius
829 3952 1027 4012 scrvus
1047 3954 1164 4011 tias.
1180 3951 1315 4008 Nam
1334 3952 1426 4024 qui
1447 3966 1511 4008 ea
1537 3954 1711 4008 utitur
1729 3953 1796 4009 ad
1821 3968 2017 4010 neces-

435 4051 680 4114 sitatem,
705 4049 754 4105 is
770 4049 1027 4104 dominus
1049 4058 1134 4102 est
1152 4046 1323 4103 illius.
1351 4044 1456 4113 Qui
1482 4061 1612 4103 vero
1634 4048 2015 4117 temperantia:

434 4144 659 4199 modum
706 4140 950 4209 excedit,
1001 4140 1093 4195 hic
1144 4139 1383 4209 amplius
1412 4139 1525 4209 jam
1584 4139 1843 4195 dominus
1904 4153 2014 4194 non

434 4245 547 4300 est,
588 4235 683 4291 sed
720 4249 917 4291 servus
980 4232 1238 4296 edicitur,
1280 4233 1405 4304 gula
1446 4232 1794 4303 tyrannidem
1830 4232 1887 4288 in
1927 4233 2015 4303 ip-

434 4346 558 4385 sum
580 4335 893 4384 exercente.
931 4324 1095 4381 Vides
1116 4325 1396 4396 quomodo
1430 4326 1583 4380 illum
1612 4326 1707 4396 qui
1740 4335 2011 4397 potestate

434 4422 639 4492 pollere
666 4434 725 4474 se
754 4425 929 4490 putat,
955 4418 1058 4474 sub
1084 4426 1360 4488 potestate
1401 4433 1529 4473 esse
1560 4418 1821 4474 ostendit.
1851 4417 2005 4474 Solet

433 4512 581 4568 enim
614 4510 831 4580 objecta
866 4508 920 4563 in
946 4508 1288 4563 contrarium
1324 4519 1659 4577 retorquere.
1694 4508 1855 4574 Quod
1888 4509 2011 4579 qui-

2118 4514 2437 4576 ἀντιθέσεις,
2470 4511 2671 4566 Σκόπει
2704 4510 2763 4564 δέ
2783 4527 2799 4545 ο
2828 4508 3056 4563 ἐκείνων
3090 4508 3319 4573 ἕκαστος
3345 4507 3530 4579 ελεγεν
3549 4546 3564 4571 ,
3594 4508 3689 4575 εξ-
3728 4562 3733 4565 Α
3830 4506 3836 4520 ³

434 4603 556 4659 dem
586 4602 846 4657 observes
872 4600 1050 4654 velim.
1089 4596 1480 4670 Unusquisque
1530 4599 1749 4655 illorum
1784 4599 2005 4655 aiebat:

432 4696 560 4752 licet
589 4694 722 4750 mihi
755 4692 967 4749 deliciis
994 4692 1303 4763 indulgere.
1326 4693 1447 4763 Ipse
1474 4706 1625 4753 vero.
1660 4707 2006 4761 nequaquam

431 4790 489 4848 id
522 4788 679 4851 facis,
709 4786 908 4855 inquit,
941 4800 1040 4841 ceu
1078 4786 1287 4855 integra
1340 4800 1505 4855 penes
1540 4794 1593 4840 te
1625 4794 1869 4856 potestas
1900 4785 2007 4840 hu-

428 4884 520 4955 jus
560 4892 816 4947 maneat;
848 4879 942 4935 sed
975 4895 1097 4933 enm
1132 4880 1246 4947 ipse
1270 4879 1398 4931 huic
1433 4879 1692 4947 potestati
1722 4878 1801 4933 sis
1830 4879 2008 4933 obno-

432 4978 578 5033 xius.
619 4973 737 5029 Non
772 4976 915 5027 enim
950 4974 1160 5027 ventris
1189 4982 1512 5041 potestatem
1554 4971 1743 5039 habes,
1786 4971 2008 5045 quando

431 5069 860 5133 intemperanter
876 5064 1026 5132 agis:
1050 5064 1183 5132 quin
1213 5065 1395 5131 potius
1415 5065 1676 5132 petestati
1702 5064 1852 5118 illius
1871 5064 2008 5118 sub-

430 5149 641 5219 jiceris.
685 5154 795 5209 iloc
822 5164 1001 5209 autem
1036 5155 1103 5209 de
1127 5155 1378 5225 pecuniis
1404 5170 1642 5225 quoque,
1667 5157 1844 5226 deque
1877 5157 2007 5212 aliis

431 5252 599 5305 rebus
630 5248 743 5304 dici
782 5248 976 5316 possit.

504 5338 667 5397 Vsus.
707 5340 797 5396 15.
832 5360 850 5393 ι
892 5340 1030 5396 Esca
1060 5342 1262 5405 ventri,
1292 5348 1347 5397 et
1379 5350 1569 5397 venter
1598 5343 1763 5399 escis.
1804 5362 1823 5395 ι

511 5513 755 5568 Ventrem
789 5513 939 5578 istic,
972 5530 1083 5569 non
1111 5514 1291 5569 alvum
1315 5525 1501 5581 vocat,
1538 5517 1631 5571 sed
1664 5518 1844 5587 gulam
1890 5535 1903 5571 :
1944 5527 2005 5572 ut

437 5606 652 5677 quando
682 5606 814 5662 dicit
861 5624 875 5661 :
910 5607 1150 5674 Quorum
1180 5609 1321 5663 Deus
1368 5619 1547 5665 venter
1572 5622 1650 5665 est
1684 5613 1751 5679 ",
1787 5625 1893 5666 non
1934 5610 2003 5666 de

2118 3332 2236 3371 εστι
2281 3317 2474 3385 φαγεῖν
2499 3315 2683 3386 φησὶν,
2708 3312 2845 3369 ἀλλὰ
2874 3312 2949 3384 μὴ
2982 3311 3120 3383 μετὰ
3161 3311 3422 3375 ἀσωτίας.

2193 3427 2214 3462 ι
2239 3409 2429 3465 Πάντα
2456 3428 2545 3481 μοι
2568 3408 2771 3475 ἐξεστι,
2798 3406 2915 3461 ἀλλ’
2941 3407 3043 3460 οὐκ
3063 3404 3175 3475 ἐγὼ
3193 3402 3694 3477 ἐξουσιασθήσομαι

2119 3501 2226 3558 ὑπό
2249 3519 2413 3566 τινος.
2441 3521 2459 3554 ι

2187 3595 2285 3649 Διά
2313 3593 2507 3648 τούτου
2534 3592 2829 3655 δείκνυσιν,
2855 3590 2939 3644 ὅτι
2968 3589 3041 3644 τὰ
3070 3589 3127 3643 ἐν
3157 3586 3377 3661 ἐξουσίᾳ
3403 3589 3597 3653 ποιεῖν,
3626 3587 3693 3641 οὐ

2122 3685 2365 3758 μόνονού
2399 3684 2690 3756 συμφέρει,
2723 3680 2841 3735 ἀλλ’
2885 3680 3006 3735 οὐδὲ
3058 3679 3281 3745 ἐξουσία
3333 3679 3502 3745 ἐστὶν,
3552 3678 3695 3735 ἀλλὰ

2114 3780 2332 3837 δουλεία
2354 3795 2368 3809 ·
2426 3774 2538 3833 οἷον
2571 3776 2759 3849 κύριος
2792 3770 2845 3829 εἴ
2879 3773 2974 3830 τοῦ
3029 3775 3225 3843 φαγεῖν
3245 3788 3261 3804 ⁸
3318 3768 3512 3827 οὐκοῦν
3558 3772 3693 3842 μένε

2117 3871 2313 3944 κύριος
2347 3868 2446 3936 ὢν,
2479 3870 2575 3923 xui.
2627 3867 2822 3923 σκόπει
2854 3866 2930 3939 μὴ
2969 3867 3105 3940 γένῃ
3130 3864 3316 3930 δοῦλος
3366 3864 3560 3919 τούτου
3588 3863 3690 3919 τοῦ

2117 3963 2347 4027 πάθους.
2392 3963 2452 4016 '0
2482 3961 2580 4033 μὲν
2605 3960 2715 4031 γὰρ
2744 3962 2823 4024 είς
2861 3958 2979 4014 δέον
3013 3956 3165 4030 αὐτῷ
3192 3956 3553 4031 κεχρημένος,
3588 3957 3695 4011 αὐ-

2115 4057 2208 4123 τὸς
2240 4054 2409 4111 αὑτοῦ
2437 4054 2630 4126 κύριός
2656 4056 2823 4109 ἐστιν.
2873 4051 2931 4108 '0
2963 4052 3021 4107 δέ
3052 4053 3133 4117 εις
3180 4049 3454 4123 ἀμετρίαν
3501 4046 3689 4115 ἐξιὼν,

2113 4149 2302 4205 οὐκέτι
2344 4149 2462 4202 ἐστὶ
2487 4146 2698 4221 κύριος,
2732 4145 2867 4200 ἀλλὰ
2900 4143 3085 4209 δοῦλος
3121 4142 3289 4198 αὐτοῦ
3322 4140 3554 4211 γίνεται,
3580 4140 3691 4213 τῆς

2114 4228 2454 4312 ἀδδηφαγίας
2482 4238 2542 4292 ἐν
2574 4237 2723 4309 αὑτῷ
2757 4234 3152 4308 τυραννούσης.
3179 4234 3282 4288 Ἴδε
3314 4232 3432 4298 πῶς
3473 4234 3567 4287 τὺν
3594 4249 3689 4288 νο-

2119 4332 2347 4404 μίζοντα
2386 4330 2639 4398 ἐξουσίαν
2667 4328 2831 4400 ἔχειν,
2859 4326 3058 4394 ἔδειξεν
3104 4328 3197 4382 ὑπ’
3248 4326 3494 4393 ἐξουσίαν
3530 4325 3688 4383 ὅντα.

2113 4423 2286 4479 Τοῦτο
2307 4421 2416 4491 γὰρ
2438 4420 2558 4485 ἔθος
2584 4419 2731 4491 αὐτῷ
2768 4419 2856 4474 ἀεὶ
2874 4420 2954 4484 είς
2974 4420 3036 4473 τὸ
3060 4418 3304 4473 ἐναντίον
3328 4420 3688 4491 περιτρέπειν

2115 4601 2232 4656 εστί
2274 4617 2363 4672 μοι
2402 4601 2633 4670 τρυφᾷν.
2676 4595 2840 4661 Αὐτὸς
2886 4598 2943 4652 δὲ
2972 4596 3173 4669 φησίν*
3206 4598 3319 4669 οὐχ
3346 4597 3519 4662 οὕτως
3551 4598 3688 4652 αὐτὸ

2115 4695 2289 4756 ποιεῖς
2322 4693 2397 4758 ὡς
2418 4691 2668 4757 ἐξουσίαν
2698 4690 2836 4763 ἔχων
2875 4689 3064 4755 αὐτοῦ,
3096 4689 3212 4744 ἀλλ’
3248 4690 3326 4755 ὡς
3356 4690 3519 4753 αὐτὸς
3547 4690 3686 4745 ὑπο-

2113 4784 2366 4856 κείμενος
2396 4788 2461 4856 τῇ
2506 4783 2724 4853 ἐξουσία
2765 4782 2959 4855 ταύτῃ.
2996 4783 3070 4836 Οὐ
3104 4782 3214 4853 γὰρ
3251 4782 3393 4853 ἔχεις
3435 4782 3686 4851 ἐξουσίαν

2114 4878 2213 4949 τῆς
2236 4878 2496 4949 γαστρὸς,
2534 4877 2638 4940 ἕως
2660 4876 2727 4931 ἂν
2756 4871 3079 4940 ἄσωτοςηεῐ·
3125 4874 3263 4930 ἀλλὰ
3296 4876 3435 4945 αὕτη
3457 4892 3552 4929 σου
3582 4878 3685 4946 τὴν

2115 4971 2364 5036 ἐξουσίαν
2412 4971 2543 5041 ἔχει.
2568 4969 2739 5023 Τοῦτο
2779 4971 2833 5022 δὲ
2869 4971 2965 5024 καὶ
3004 4970 3096 5024 ἐπὶ
3126 4969 3423 5041 χρημάτων
3459 4969 3551 5023 καὶ
3589 4970 3685 5023 ἐπὶ

2112 5064 2221 5117 τῶν
2244 5063 2421 5119 ἄλλων
2458 5064 2602 5118 ἔστιν
2640 5065 2836 5117 εἰπεῖν.

2190 5352 2206 5385 ι
2240 5332 2321 5386 T&
2376 5332 2641 5405 βρώματα
2668 5335 2733 5405 τῇ
2763 5333 2961 5407 κοιλίᾳ,
2990 5334 3083 5388 καὶ
3113 5334 3145 5404 ἡ
3185 5332 3360 5387 κοιλία
3398 5334 3507 5396 τοῖς

2114 5444 2271 5496 μασι.
2304 5448 2321 5479 ι
2782 5464 2791 5473 .

2183 5522 2430 5574 Κοιλίαν
2457 5519 2713 5584 ἐνταῦθα,
2748 5522 2807 5573 οὐ
2839 5521 2940 5589 τὴν
2978 5520 3240 5590 γαστέρα,
3270 5518 3404 5573 ἀλλὰ
3445 5518 3545 5589 τὴν
3573 5535 3680 5587 γαι-

2113 5612 2482 5686 στριμαργίαν
2527 5616 2725 5684 φησὶν,
2754 5613 2830 5677 ὡς
2864 5612 2990 5667 ὅταν
3042 5613 3207 5686 λέγῃο
3242 5604 3353 5667 Ἦν
3399 5613 3431 5666 ὁ
3458 5610 3601 5677 Θεὸς
3646 5611 3683 5679 ἠ

506 5811 551 5843 ⁸⁸
590 5807 781 5865 Matth.
812 5826 864 5879 ν,
896 5809 986 5865 22.
1066 5813 1106 5845 ⁶¹
1136 5811 1303 5869 Exod.
1354 5829 1531 5883 xxx",
1564 5814 1617 5872 6.
1692 5816 1733 5848 ⁶²
1764 5814 1996 5886 Philipp.
2036 5830 2117 5880 tn,
2140 5814 2225 5869 i9.
