4038 6284
208 337 300 403 617

1343 332 1426 394 ΙΝ
1467 329 1707 393 EPIST.
1748 331 1847 387 AD
1881 331 2244 394 CORINTH.
2292 335 2340 394 Ι.

3345 335 3446 400 618

207 452 409 517 κοιλία,
441 450 502 506 οὗ
533 449 662 518 περὶ
687 446 888 520 μέλους
916 447 1114 516 λέγων,
1139 446 1277 502 ἀλλά
1309 449 1440 520 περὶ
1468 446 1570 516 τῆς
1608 443 1767 512 ἀδδη-

1877 453 2029 510 pai-te
2090 450 2343 516 corporis
2398 449 2663 517 loquitur,
2695 452 2790 506 sed
2823 451 2889 506 de
2920 452 3215 508 edacitate.
3259 455 3446 520 Quod-

207 546 413 619 φαγίας.
457 541 569 596 Καὶ
623 541 706 594 ὅτι
747 541 809 595 οὐ
864 539 1026 612 σῶμα
1080 538 1379 604 διαϐάλλει,
1421 538 1587 593 ἄκουε
1646 538 1762 601 πῶς

207 651 386 710 φησιν’
419 632 490 689 Τὸ
522 631 592 687 δὲ
621 631 815 703 σῶμα,
848 633 923 687 οὐ
956 629 1035 700 τῇ
1059 632 1329 699 πορνείᾳ,
1354 630 1515 686 ἀλλά
1541 629 1621 696 τῷ
1648 634 1764 685 Κυ-

199 733 321 802 ρίῳ.
352 731 415 781 Ὃ
438 727 496 782 δι
534 726 687 797 λέγει
718 723 964 782 τοιοῦτόν
996 727 1145 780 ἐστιν
1166 741 1182 760 ο
1220 724 1292 780 τά
1333 723 1600 808 ρρὼματα
1628 723 1765 795 πρὸς

204 823 292 892 τὴν
314 818 756 892 γαστριμαργίαν
781 817 896 890 ἔχει
919 816 1126 889 φιλίαν,
1151 816 1251 873 καὶ
1275 816 1416 888 αὕτη
1438 817 1578 890 πρὸς
1599 815 1764 882 αὐτὰ,

202 916 287 969 καὶ
318 912 374 966 οὖ
403 912 625 967 δύναται
655 911 803 984 ἡμᾶς
835 909 970 984 πρὸς
1017 909 1109 965 τὸν
1135 907 1375 981 Χριστὸν
1403 909 1582 978 ἄγειν,
1626 906 1765 962 ά).λά

203 1007 327 1078 πρὸς
361 1005 499 1059 αύτά
537 1005 706 1059 ἕλκει.
733 1002 916 1068 uaso;
951 1001 1062 1075 γάρ
1091 1001 1329 1074 χαλεπὸν
1365 1004 1461 1056 καὶ
1495 1001 1765 1074 θηριῶδές

198 1099 358 1161 ἐστιν,
387 1097 482 1149 καὶ
509 1093 784 1148 δουλεύειν
826 1095 1003 1158 ποιεί,
1051 1090 1349 1164 καὶταύτῃ
1396 1090 1766 1146 διακονεῖσθαι

201 1187 630 1260 παρασκευάζει.

268 1303 285 1335 ι
327 1281 386 1335 '0
429 1281 488 1334 δὲ
523 1279 658 1346 Θεὸς
685 1280 781 1336 καὶ
819 1279 1025 1352 ταύτην
1054 1279 1151 1334 καὶ
1192 1279 1367 1334 ταῦτα
1399 1277 1763 1349 καταργήσει.

196 1371 267 1423 Τὸ
290 1369 344 1423 δὲ
368 1367 528 1440 σῶμα
560 1368 621 1422 οὐ
654 1376 724 1441 τε,
760 1369 1008 1442 πορνείᾳ,
1064 1368 1201 1425 ἀλλά
1243 1367 1326 1438 τῷ
1353 1369 1574 1439 Κυρίῳο
1611 1368 1706 1421 καὶ
1738 1370 1766 1421 ὁ

193 1463 388 1535 Κύριος
421 1461 501 1536 τῷ
539 1461 774 1535 σώματι.
798 1481 820 1515 ι

261 1559 332 1613 Ob
368 1558 470 1629 τὴν
495 1558 740 1630 γαστέρα
769 1556 943 1627 λέγει,
970 1556 1110 1612 ἀλλὰ
1152 1555 1252 1629 τὴν
1299 1555 1538 1628 ἄμετρον
1572 1554 1765 1608 ἐπιθυ-

194 1652 342 1722 μὶαν,
367 1650 488 1706 οὐδὲ
519 1651 620 1723 τὴν
644 1649 875 1724 τροφὴν,
901 1649 1039 1704 ἀλλά
1071 1649 1170 1722 τὴν
1189 1651 1427 1722 τρυφήν.

260 1746 333 1798 06
364 1745 477 1815 γὰρ
503 1744 590 1798 διά
631 1741 793 1798 τοῦτο
844 1742 1285 1815 κατεσκευάσθη,
1326 1743 1414 1796 ἵνα
1456 1743 1668 1804 ἄσωτος
1699 1736 1767 1815 ᾖς

191 1838 282 1889 καὶ
305 1835 601 1908 πορνεύῃς,
627 1833 820 1908 ὥσπερ
843 1832 966 1888 οὐδὲ
984 1833 1182 1901 κοιλία,
1213 1834 1299 1888 ἵνα
1319 1835 1764 1905 γαστριμαργῇς,

191 1927 305 1982 ἀλλ’
341 1926 434 1982 ἵνα
458 1926 537 1998 τῷ
587 1923 813 1998 Χριστῷ
840 1923 1044 1998 ἕπηται
1073 1925 1150 1990 ὡς
1180 1925 1416 1998 κεφαλῇ,
1449 1925 1543 1979 καὶ⁸
1589 1925 1619 1977 6
1658 1923 1768 1978 Κύ-

191 2039 304 2093 ριος
330 2019 408 2094 τῷ
448 2019 661 2091 σώματι
719 2020 1033 2090 ἐπικέηται.
1063 2017 1413 2088 Αἰδεσθῶμεν
1434 2055 1451 2080 ,
1488 2016 1768 2088 φρίξωμεν

185 2117 288 2179 ὅτι,
321 2114 416 2170 τοῦ
454 2115 567 2170 ἄνω
599 2113 914 2186 καθημένου
962 2111 1284 2182 ἀξιωθέντες
1315 2110 1572 2180 γενέσθαι
1610 2110 1771 2181 μέλη.

186 2209 468 2272 τοσούτοις
517 2208 710 2272 κακοῖς
739 2205 1182 2278 καταισχύνομεν
1213 2201 1464 2267 ἑαυτούς.

264 2410 284 2443 ε
315 2391 377 2445 '0
421 2390 483 2444 δὲ
531 2388 666 2455 Θεὸς
717 2387 816 2445 καὶ
849 2385 942 2444 τδν
968 2385 1172 2457 Κύριον
1205 2385 1450 2457 ἤγειρεν,
1495 2384 1591 2437 καὶ
1627 2383 1774 2454 ἡμᾶς

187 2484 372 2554 ἐγερεῖ
397 2483 491 2538 διὰ
521 2481 624 2554 τῆς
651 2480 940 2553 δυνάμεως
962 2477 1152 2535 αὐτοῦ.
1179 2496 1199 2530 ι

258 2575 669 2649 Κατηγορήσας
705 2571 910 2638 ἱκανῶς
947 2573 1055 2627 τῶν
1093 2569 1551 2644 γαστριμάργων,
1584 2570 1680 2624 καὶ
1706 2572 1774 2640 τῇ

186 2667 294 2722 τῶν
328 2666 642 2738 μελλόντων
683 2663 863 2719 ἐλπίδι
899 2662 1002 2735 τῆς
1047 2661 1249 2727 κακίας
1297 2659 1503 2733 ταύτης
1547 2659 1774 2728 ἀπάγει.

187 2760 391 2814 Σκόπει
418 2757 480 2813 δὶ
507 2756 624 2824 πῶς
671 2755 766 2810 ἰπὶ
811 2755 914 2828 μὶν
950 2751 1045 2809 τοῦ
1091 2751 1302 2826 Κυρίου
1357 2750 1550 2816 ἁπλῶς
1600 2745 1777 2815 εἶπεν,

191 2854 302 2908 τὸν
323 2853 555 2922 Κύριον
584 2849 842 2921 ἤγειρενο
863 2848 957 2903 ἐπὶ
975 2845 1034 2906 δὲ
1062 2845 1170 2901 τῶν
1191 2847 1480 2919 ἡμετέρων
1508 2844 1780 2917 σωμάτων

188 2946 539 3019 προσέθηκεν
568 2944 654 3013 τδ,
683 2941 786 2999 διὰ
809 2942 922 3013 τῆς
940 2940 1256 3013 δυνάμεως
1284 2941 1500 3006 αὑτοῦ,
1531 2943 1601 3013 τῇ
1633 2939 1779 3005 aeto-

187 3039 383 3112 πιστίᾳ
414 3038 525 3109 τῆς
551 3034 649 3092 τοῦ
692 3034 975 3101 ποιοῦντος
1008 3033 1192 3106 ἰσχύος
1238 3034 1367 3098 τοὺς
1398 3033 1781 3101 ἀντιλέγοντας

1863 552 1970 605 que
2003 539 2113 608 82
2141 554 2348 610 corpus
2382 557 2492 596 non
2523 543 2870 609 criminetur,
2902 545 3029 600 audi
3054 548 3328 616 quomodo
3359 547 3453 601 de-

1865 630 2041 684 clarat
2078 649 2091 686 :
2126 631 2330 703 Corpus
2364 645 2541 690 autem
2572 652 2678 690 non
2716 637 3086 706 fornicationi,
3123 640 3220 692 sed
3257 639 3448 694 Domi-

1872 740 1964 779 ιιο.
2016 724 2171 792 Quod
2214 737 2396 784 autem
2425 743 2569 784 nunc
2605 730 2700 794 ait,
2732 729 2893 800 hujus
2923 729 3303 801 significantia:
3326 742 3442 788 cst:

1864 816 1983 872 Cibi
2015 832 2138 873 cum
2161 819 2286 891 gula
2345 820 2811 877 necessitudinem
2841 820 3063 886 habent,
3090 832 3150 876 et.
3171 822 3290 877 haec
3328 838 3449 878 cum

1868 909 2004 977 illis;
2033 926 2132 966 nec
2161 927 2222 966 ca
2253 919 2434 982 potest
2464 929 2568 966 nos
2598 912 2665 967 ad
2696 910 2974 969 Christum
3006 911 3233 978 ducere,
3267 915 3359 968 sed
3381 917 3451 969 ad

1867 1003 1955 1056 illa
1987 1005 2272 1073 pertraltit.
2310 1003 2602 1076 JEgritudo
2624 1007 2826 1077 quippe
2857 1004 3042 1075 gravis
3080 1014 3165 1062 est
3212 1014 3271 1062 et
3322 1004 3454 1060 οπε-

1868 1106 1951 1156 ra,
1985 1108 2107 1162 qua:
2136 1094 2386 1149 servituti
2439 1095 2708 1152 obnoxios
2742 1095 2943 1160 reddit,
2985 1094 3229 1167 facitque
3249 1103 3310 1148 ut
3347 1095 3449 1150 sibi

1867 1182 2124 1244 homines
2155 1202 2360 1244 morem
2397 1196 2609 1259 gerant.

1946 1297 1964 1330 ε
2005 1279 2148 1335 Deus
2177 1289 2358 1336 autem
2392 1280 2538 1336 hunc
2570 1289 2625 1335 et
2668 1282 2770 1336 has
2803 1281 3066 1338 destruet.
3095 1282 3310 1354 Corpus
3350 1298 3448 1336 au-

1869 1381 1977 1426 tem
2034 1387 2144 1427 non
2204 1371 2590 1438 fornicationi,
2622 1373 2721 1430 sed
2775 1374 3051 1444 Domino;
3089 1384 3144 1432 et
3188 1372 3451 1433 Dominus

1867 1466 2107 1536 corpori.
2150 1484 2170 1517 ε

1938 1553 2058 1610 Non
2097 1554 2253 1618 dicit,
2285 1564 2532 1612 ventrem
2566 1556 2839 1620 destruet,
2872 1559 2968 1614 scd
3035 1558 3452 1616 immoderatam

1867 1647 2257 1717 cupiditatem;
2290 1663 2400 1705 non
2429 1649 2635 1715 cibum,
2670 1649 2771 1704 sed
2811 1650 3176 1721 voluptatem.

1946 1739 2309 1811 Nequaquam
2364 1741 2512 1796 enim
2533 1757 2596 1797 ea
2627 1757 2686 1796 re
2731 1742 3017 1798 conditum
3075 1753 3159 1800 est
3201 1754 3256 1799 ut
3293 1745 3451 1799 luxu-

1877 1830 2055 1887 riosus
2085 1830 2160 1888 sis
2186 1839 2239 1886 et
2259 1840 2552 1901 scortator,
2587 1819 2665 1886 uti
2698 1848 2877 1904 neque
2908 1843 3096 1890 venter
3120 1845 3177 1890 ut
3203 1837 3344 1907 gulae
3370 1839 3452 1892 in-

1871 1924 2138 1996 dulgeas;
2172 1923 2266 1980 sed
2300 1924 2657 1981 uthristum
2693 1935 3242 1998 sequatuutanquam
3268 1938 3452 2000 caput,

1867 2026 1925 2072 et
2002 2018 2265 2072 Dominus
2295 2018 2516 2087 corpori
2569 2020 2962 2074 constituatur.
3028 2019 3452 2088 Erubescamus,

1870 2110 2218 2176 horreamus,
2275 2109 2446 2182 quod,
2481 2125 2608 2164 cum
2638 2126 2706 2165 eo
2733 2110 2944 2181 dignati
2978 2112 3150 2168 simus
3208 2115 3448 2178 honore.

1870 2211 1934 2258 ut
1964 2204 2210 2260 membra
2240 2218 2495 2258 essemus
2527 2203 2694 2269 illius,
2729 2211 2810 2260 tot
2854 2205 3134 2275 tantisque
3166 2222 3267 2261 nos
3309 2208 3455 2264 vitiis

1871 2294 2251 2366 deturpamus.

1949 2387 2110 2444 Vsus.
2132 2387 2218 2442 14.
2240 2407 2259 2441 ε
2297 2387 2443 2444 Deus
2473 2402 2623 2455 vero,
2653 2395 2708 2445 et
2738 2387 3030 2447 Dominum
3061 2390 3374 2459 suscitavit,
3404 2404 3452 2448 et

1874 2495 1977 2536 nos
2005 2479 2295 2536 suscitabit
2323 2495 2422 2552 per
2448 2481 2704 2535 virtutem
2737 2495 2917 2539 suam.
2959 2502 2979 2536 ι

1946 2575 2247 2648 Postquam
2287 2577 2425 2634 satis
2446 2592 2722 2650 superque
2751 2580 2978 2650 gulosos
3008 2582 3356 2652 perstrinxit,
3389 2585 3456 2640 ab

1876 2671 1983 2727 hoc
2012 2670 2150 2727 vitio
2180 2685 2284 2727 nos
2314 2685 2410 2740 spe
2441 2670 2751 2726 futurorum
2780 2672 3025 2728 abducit.
3084 2674 3320 2732 Attende
3354 2691 3454 2732 au-

1877 2771 1986 2820 tem
2017 2764 2292 2834 quomodo
2323 2764 2391 2818 de
2432 2762 2658 2819 Christo
2686 2762 2906 2834 quidem
2937 2759 3264 2836 simpliciter
3294 2769 3456 2833 dixit,

1878 2855 2169 2912 Dominam
2231 2855 2651 2923 su:citarit;de
2706 2858 3031 2927 corporibus
3060 2875 3190 2916 vero
3251 2864 3457 2919 nostris

1877 2949 2110 3022 loquens
2142 2950 2364 3020 adjecit,
2408 2965 2501 3021 per
2523 2952 2770 3006 virtutem
2802 2966 2979 3017 suam,
3021 2953 3211 3025 sicque
3253 2965 3455 3012 aucto-

1877 3043 2039 3098 ritate
2065 3043 2214 3100 illius
2239 3057 2267 3096 a
2295 3057 2401 3112 quo
2434 3042 2486 3097 id
2520 3049 2790 3113 patratur,
2823 3058 2918 3100 ora
2949 3045 3191 3101 obstruit
3236 3061 3449 3104 eorum.

187 3129 589 3204 ἐπιστομίζων.
619 3129 686 3186 Εί
707 3128 765 3183 δὲ
786 3126 863 3200 τῷ
902 3130 1081 3199 Πατρὶ
1108 3129 1206 3200 τὴν
1245 3128 1542 3182 ἀνάστασιν
1570 3123 1776 3195 λογίζε-

1877 3136 1969 3207 qui
1998 3135 2456 3190 contradicerent.
2488 3134 2645 3202 Quod
2681 3137 2728 3194 si
2755 3140 3223 3195 resurrectionem
3253 3140 3458 3196 Christi

183 3243 275 3281 ται
303 3224 404 3280 τοῦ
450 3221 718 3298 Χριστοῦ,
755 3221 920 3296 μηδὲν
950 3222 1097 3291 ὑμᾶς
1141 3218 1301 3275 τοῦτο
1344 3218 1663 3292 θορυϐείτω.
1697 3216 1777 3273 Ού

187 3320 296 3394 γὰρ
324 3320 406 3385 ὡς
441 3315 769 3382 ἀτονοῦντος
809 3315 906 3371 τοῦ
936 3313 1071 3370 Υίοῦ
1119 3313 1281 3370 τοῦτο
1307 3313 1571 3369 τέθεικεν.
1607 3312 1779 3376 Αὐτὸς

184 3417 294 3487 γάρ
323 3415 481 3470 ἐστιν
508 3416 539 3470 6
558 3413 738 3484 λέγων
755 3428 770 3443 ·
803 3411 1047 3468 Λύσατε
1078 3407 1190 3466 τὸν
1211 3408 1368 3466 ναὸν
1404 3408 1644 3474 τοῦτον,
1677 3407 1777 3462 καὶ

185 3510 256 3562 ἐν
285 3506 501 3578 τρισὶν
537 3505 790 3581 ἡμέραις
813 3501 997 3576 ἐγερῶ
1024 3504 1233 3559 αὐτόν.
1267 3502 1379 3557 Καὶ
1408 3501 1601 3556 πάλινο
1645 3499 1780 3563 Ἐξ·-

183 3603 415 3657 ουσίαν
439 3601 564 3672 ἔχω
589 3600 776 3656 θεῖναι
811 3598 929 3668 τὴν
951 3596 1166 3669 ψυχήν
1187 3614 1333 3667 μου,
1362 3595 1463 3650 καὶ
1487 3594 1780 3660 ἐξουσίαν

184 3695 305 3763 ἐχω
330 3693 555 3748 λαϐεῖν
577 3690 796 3758 αὐτὴν.
837 3689 951 3744 Καὶ
978 3688 1009 3741 6
1057 3688 1274 3752 Λουκᾶς
1297 3689 1356 3741 ὲν
1383 3688 1498 3749 τοῖς
1545 3682 1780 3757 Πράξεσί

183 3802 378 3861 φησιν’
415 3781 525 3856 οἷς
564 3784 956 3855 παρέστησεν
991 3781 1212 3837 ἑαυτὸν
1240 3779 1444 3842 ζῶντα.
1494 3772 1653 3843 Τίνος
1687 3778 1781 3832 οὖν
1825 3851 1828 3853 Α

182 3883 381 3937 ἓνεκεν
419 3873 606 3944 οὕτως
650 3876 1001 3950 φησίνςἽνα
1044 3875 1205 3930 τοῦτο
1250 3875 1408 3947 νοῇς,
1453 3873 1537 3927 ὅτι
1582 3871 1676 3927 καὶ
1713 3871 1783 3925 τὰ

180 3974 276 4029 τοῦ
313 3970 459 4028 Υίοῦ
495 3969 578 4042 τῷ
621 3969 802 4044 Πατρὶ
831 3967 1132 4039 λογίζεται,
1163 3967 1261 4021 καὶ
1308 3965 1379 4020 τά
1429 3964 1525 4020 τοῦ
1569 3963 1783 4036 Πατρὶς

180 4066 261 4136 τῷ
303 4063 452 4137 Υίῷ.
501 4063 594 4130 Ὠς
641 4060 752 4134 γάρ
793 4060 961 4127 αὐτος
991 4059 1023 4113 6
1079 4059 1288 4131 Κύριός
1317 4074 1513 4130 φησιν·
1567 4058 1630 4112 Ἃ
1672 4055 1784 4126 γὰρ

180 4157 428 4225 ἐκεῖνος
466 4153 650 4220 ποιεῖ,
709 4151 901 4208 ταῦτα
940 4150 1040 4206 καὶ
1073 4151 1108 4205 ὁ
1148 4150 1284 4218 Υἱὸς
1325 4149 1542 4218 ὁμοίως
1592 4146 1779 4202 ποιεῖ·

186 4248 406 4319 σφόδρα
439 4247 504 4302 δὲ
531 4243 808 4318 εὐκαίρως
843 4242 1080 4299 ενταῦθα
1105 4241 1208 4312 τῆς
1237 4241 1590 4303 ἀναστάσεως
1617 4241 1785 4310 ἐμνη-

185 4339 487 4410 μόνευσεν,
541 4337 664 4402 ταῖς
700 4335 916 4390 ἐλπίσιν
973 4332 1214 4398 ἐκείναις
1255 4330 1639 4388 καταστέλλων
1683 4334 1784 4400 τῆς

183 4428 544 4500 ἀδδηφαγίας
569 4425 669 4498 τὴν
689 4423 1002 4498 τυραννίδα.

1879 3229 2133 3285 attribuit
2178 3229 2348 3294 Patri,
2386 3229 2524 3284 nihil
2553 3244 2649 3286 vos
2676 3229 2782 3286 hoc
2815 3233 3120 3300 perturbet.
3157 3231 3276 3288 Non
3307 3235 3452 3291 enim

1879 3322 1932 3376 id
1993 3322 2197 3392 posuit,
2258 3336 2359 3378 ceu
2418 3319 2591 3377 Filius
2660 3323 2874 3379 viribus
2929 3324 3274 3383 deficeretur.
3341 3328 3458 3397 Ipso,

1878 3412 2023 3469 enim
2049 3421 2134 3468 est
2161 3412 2254 3484 qui
2279 3413 2354 3467 ait
2377 3431 2397 3468 :
2416 3412 2609 3469 Solvite
2629 3412 2680 3446 “
2705 3414 2956 3485 templum
2989 3416 3106 3481 hoc,
3123 3426 3171 3470 et
3208 3420 3261 3471 in
3291 3419 3454 3471 tribus

1878 3504 2063 3559 diebus
2090 3504 2334 3559 excitabo
2365 3505 2521 3560 illud.
2551 3505 2618 3559 Et
2650 3520 2909 3562 rursum:
2936 3505 3264 3563 Polestatcm
3292 3509 3458 3563 haben

1879 3593 2111 3663 ponendi
2140 3594 2376 3649 animum
2400 3610 2592 3662 meam,
2609 3602 2660 3650 et
2683 3605 3000 3665 potestatem
3027 3598 3193 3654 habeo
3218 3603 3455 3656 sumendi

1879 3703 2000 3742 eam
2030 3687 2094 3741 “.
2128 3686 2235 3744 Sed
2263 3695 2320 3742 et
2372 3686 2551 3744 Lucas
2611 3689 2664 3744 iu
2691 3687 2942 3758 Actibus,
2977 3690 3180 3756 Quibus
3207 3693 3454 3761 prmbuit.

1881 3781 2081 3852 inquit,
2102 3782 2335 3853 “ipsum
2376 3780 2548 3839 vivum
2568 3782 2635 3838 “.
2660 3780 2847 3849 Quare
2877 3782 3044 3854 igitur
3073 3786 3146 3839 ita
3178 3787 3460 3858 loquitur?

1884 3882 1942 3929 ut
1971 3875 2077 3931 hoc
2105 3877 2312 3946 cogites
2337 3875 2544 3933 ascribi
2579 3875 2723 3932 Patri
2756 3893 2878 3948 qua:
2909 3875 3031 3932 Filii
3080 3889 3229 3944 sunt,
3252 3891 3309 3934 et
3337 3897 3459 3951 qua:

1884 3967 2052 4033 Patri,
2102 3966 2267 4023 Filio.
2298 3965 2457 4032 Nam,
2519 3967 2982 4039 quemadmodum
3017 3969 3134 4039 ipse
3192 3969 3456 4026 Dominus

1883 4057 2017 4110 dicit
2050 4056 2216 4122 :Quae
2244 4055 2335 4110 ille
2363 4055 2514 4124 facit,
2547 4055 2657 4110 haec
2677 4066 2725 4110 et
2756 4055 2932 4111 Filius
2957 4058 3208 4112 similiter
3240 4059 3369 4128 facit
3391 4061 3458 4116 “.

1885 4150 2144 4220 Apposite
2200 4163 2334 4204 vero
2392 4151 2493 4203 hoc
2553 4150 2605 4202 in
2667 4151 2787 4204 loco
2875 4151 3128 4206 meminit
3209 4168 3459 4208 resurre-

1847 4309 1849 4311 ι
1886 4239 2109 4305 etinnis,
2148 4253 2257 4310 quo
2295 4239 2380 4291 illa
2416 4253 2513 4308 spe
2543 4238 2650 4291 vim
2683 4238 2997 4308 gulositatis
3027 4253 3423 4311 compesceret.

700 4479 784 4574 δτὶ
814 4517 883 4570 τά
917 4515 1148 4587 σώματα
1179 4513 1334 4584 ὑμῶν
1377 4512 1517 4583 μέλη
1544 4507 1778 4582 Χριστοῦ

1966 4510 2126 4565 Vsus.
2181 4511 2266 4564 15.
2317 4527 2335 4560 ι
2371 4507 2606 4570 Nescitis
2671 4507 2930 4580 quoniam
2985 4523 3220 4579 corpora
3284 4520 3462 4564 vestra

183 4616 370 4682 tcztv;
409 4633 430 4667 ι

269 4707 417 4761 Ἀπὸ
445 4704 546 4759 τοῦ
577 4701 1012 4776 πεπορνευκότος
1030 4700 1124 4754 ἐπὶ
1146 4699 1238 4752 τὸν
1265 4698 1594 4769 πλεονέκτην
1623 4714 1786 4766 μετα-

182 4803 312 4868 ϐὰς,
339 4800 522 4855 πάλιν
552 4798 660 4853 ἀπὸ
698 4795 893 4851 τούτου
931 4793 1018 4848 ἐπ’
1069 4795 1278 4847 ἐκεῖνον
1314 4791 1563 4864 ἔρχεταιο
1599 4791 1788 4845 οὐκέτι

183 4893 380 4949 λοιπὸν
417 4890 579 4962 αύτῷ
604 4887 1008 4961 διαλεγόμενος,
1041 4885 1179 4941 ἀλλά
1213 4887 1327 4948 τοῖς
1354 4883 1537 4949 ἄλλοις
1565 4885 1679 4946 τοῖς
1710 4883 1787 4954 μὴ

183 4985 633 5060 πεπορνευκόσι,
687 4983 787 5038 καὶ
840 4980 930 5036 διά
984 4979 1176 5035 τούτου
1233 4975 1668 5048 ἀσφαλιζόμενος
1706 4977 1782 5046 μή

183 5098 324 5135 ποτε
364 5075 719 5149 περιπέσωσι
745 5075 861 5138 τοῖς
892 5073 1098 5136 αὐτοῖς.

267 5193 289 5226 ε
315 5167 480 5244 Ἀρα
521 5165 617 5224 οὖν
648 5168 722 5223 τά
749 5165 888 5239 μέλη
929 5163 1026 5220 τοῦ
1058 5164 1298 5236 Χριστοῦ
1337 5162 1553 5233 ποιήσω
1581 5161 1790 5233 πόρνης

185 5263 374 5336 μέλης
422 5259 520 5332 μὴ.
538 5258 770 5329 γένοιτο.
802 5257 920 5311 Οὐκ
955 5255 1157 5320 οῐδατε,
1183 5255 1265 5309 ότι
1289 5256 1317 5309 6
1347 5252 1692 5326 κολλώμενος
1719 5253 1790 5323 τῇ

181 5358 370 5430 πόρνῃ
399 5354 467 5410 ἓν
507 5352 672 5422 σῶμά
705 5351 893 5419 tactv;
923 5350 1179 5404 Ἔσονται
1202 5348 1334 5421 γὰρ,
1374 5348 1562 5418 φησιν,
1595 5349 1644 5402 et
1692 5345 1792 5402 δύο

182 5453 266 5513 εἰς
318 5447 521 5518 σάρκα
563 5444 714 5517 μίαν.
757 5444 818 5498 ’0
864 5443 923 5498 δὲ
967 5440 1311 5512 κολλώμενος
1351 5440 1430 5512 τῷ
1462 5440 1674 5513 Κυρίῳ,
1728 5440 1788 5495 ἓν

181 5545 420 5616 πνεῦμά
459 5546 606 5598 ἐστι.
631 5558 652 5597 ο
1364 5551 1369 5558 ’

272 5639 411 5693 Ἐπὶ
452 5636 523 5689 τὸ
560 5633 996 5707 φρικωδέστερον
1029 5631 1331 5704 μεταφέρει
1371 5631 1462 5683 τὸν
1500 5629 1678 5696 λόγον.
1714 5627 1788 5682 Οὐ

1895 4604 2134 4658 membra
2166 4610 2294 4658 sunt
2327 4603 2570 4658 Christi?
2597 4621 2616 4652 ι

1965 4697 2099 4750 Cum
2137 4696 2204 4749 ab
2236 4696 2444 4750 incesto
2492 4693 2782 4750 transisset
2813 4694 2882 4748 ad
2939 4708 3188 4759 avarum,
3249 4712 3463 4751 rursum

1895 4791 1962 4845 ab
2000 4805 2164 4844 avaro
2229 4788 2295 4842 ad
2325 4787 2591 4842 incestum
2623 4788 2962 4852 revertitur;
3007 4801 3116 4841 non
3166 4796 3345 4844 tamen
3409 4802 3461 4843 ut

1893 4898 2018 4941 cum
2055 4882 2313 4950 deinceps
2344 4880 2671 4949 alloquatur,
2691 4867 2786 4934 sed
2817 4873 2955 4932 alios
2986 4879 3171 4948 potius
3194 4881 3285 4950 qui
3319 4896 3464 4937 scar-

1891 4977 1989 5029 tati
2021 4989 2127 5028 non
2163 4980 2307 5029 sunt.
2364 4973 2539 5043 Atque
2571 4973 2672 5027 hac
2719 4973 2800 5027 eis
2854 4972 3073 5027 ratione
3111 4974 3370 5039 consulit,
3406 4993 3469 5030 uc

1893 5067 1948 5120 in
1977 5065 2166 5123 eadem
2203 5074 2257 5120 et
2293 5066 2396 5137 ipsi
2426 5064 2568 5118 mala
2604 5065 2870 5121 incidant.

1969 5180 1987 5210 ε
2025 5158 2163 5214 Num
2213 5174 2346 5230 ergo
2395 5158 2642 5213 membra
2682 5158 2907 5225 Christi.
2970 5161 3167 5218 faciam
3224 5163 3466 5218 membra

1894 5252 2242 5309 meretricis?
2279 5253 2438 5306 absit.
2475 5249 2494 5324 [
2533 5250 2702 5307 Vsus.
2732 5251 2824 5316 16,
2869 5253 2953 5308 l1.
2988 5253 3011 5326 ]
3071 5255 3154 5310 Au
3212 5258 3464 5314 nescitis.

1895 5347 2152 5416 quoniam
2183 5346 2275 5416 qui
2308 5344 2548 5398 adhaeret
2581 5345 2880 5410 meretrici,
2929 5361 3100 5401 unum
3135 5361 3335 5417 corpus
3354 5347 3462 5400 em.

1896 5443 2068 5499 citur?
2095 5439 2267 5493 Erunt
2303 5437 2472 5502 enim,
2505 5437 2705 5507 inquit,
2746 5437 2855 5492 duo
2889 5438 2945 5492 in
2977 5454 3142 5494 carne
3175 5455 3301 5494 una.
3361 5440 3463 5506 Qui

1896 5545 2079 5588 autem
2118 5533 2361 5587 adliceret
2396 5532 2640 5592 Domino,
2687 5547 2828 5585 unus
2863 5531 3092 5603 spiritus
3126 5541 3228 5588 est.
3265 5553 3284 5586 ι

1973 5623 2316 5678 llurribilim’i
2342 5623 2662 5690 metaphora
2695 5621 2956 5693 loquitur.
2990 5623 3106 5680 Non
3134 5627 3283 5680 enlm
3304 5625 3461 5684 dixit.

275 5821 325 5854 ⁸⁸
349 5817 534 5876 Joan.
570 5829 629 5886 ιι,
667 5814 759 5870 l9.
836 5810 1062 5871 “.Joan.
1093 5827 1155 5875 ιι,
1188 5812 1271 5867 18.
1351 5810 1396 5890 ε’
1420 5810 1546 5864 Act.
1590 5808 1710 5872 1,5.
1764 5807 1778 5839 ‘

1881 5819 2004 5860 oan.
2036 5818 2091 5866 γ,
2118 5802 2204 5856 19.

545 5908 626 5973 ΡΑ
639 5925 813 5971 mon.
853 5908 970 5968 Gn.
1018 5905 1188 5966 XCV.

2970 5891 3043 5952 :20
