4038 6284
580 296 701 362 619

1768 296 1827 359 S.
1866 295 2187 357 IOANNIS
2225 295 2654 359 DAMASCENI

3744 298 3855 368 620

591 411 923 483 conjttugam
988 412 1287 479 meretrici,
1326 411 1445 478 sed,
1480 410 1677 485 faciam
1732 412 1965 465 membra
2014 425 2149 464 mere

2278 405 2561 480 γὰρ-εἶπε,
2594 406 2818 477 συνάψω
2844 409 2911 479 τῇ
2948 406 3323 480 πόρνῃ,ἀλλὰ,
3359 408 3591 477 ποιήσω
3619 410 3849 483 κόρρης

593 506 765 559 tricis.

634 596 831 661 γεω.
858 597 945 665 ts.
978 617 997 649 ι
1021 598 1216 671 Fugite
1248 594 1684 660 fornicationem.
1712 617 1730 649 ι

616 733 621 739 .
659 690 784 747 Non
852 693 1402 760 ait;.abstinete.vos
1431 708 1462 748 a
1494 692 1884 757 fornicatione,
1921 691 2040 755 sed,
2079 689 2170 760 [u-

2268 500 2450 569 μέλη.

2351 612 2370 647 ι
2399 593 2637 662 Φεύγετε
2666 594 2768 664 τὴν
2788 594 3069 666 πορνείαν.
3098 613 3117 647 ι

2262 718 2267 723 ο
2344 689 2460 747 Οὐκ
2507 682 2685 753 εἶπεν,
2716 689 3019 761 ἁπόσχεσθε
3043 689 3322 760 πορνείας,
3346 688 3517 756 ἀλλὰ,
3556 690 3817 760 φεύγετε
3839 706 3851 717 ·

587 784 731 853 gite:
765 786 872 841 hac
902 792 1011 853 est,
1071 801 1289 843 summa
1324 800 1453 843 cum
1500 784 1783 854 diligentia
1816 783 2039 839 eximite
2073 796 2149 836 vo:

2269 779 2518 841 τουτέστι
2557 777 2700 849 μετὰ
2725 779 2961 849 σπουδῆς
2994 778 3238 847 ποιεῖσθε
3263 779 3365 849 τὴν
3400 778 3726 848 ἀπαλλαγὴν
3755 780 3854 833 τοῦ

588 891 617 927 a
656 876 827 931 malo.

571 1009 574 1013 .
657 962 768 1035 83
824 983 844 1017 ι
909 965 1084 1024 Omne
1153 974 1449 1037 peccatum
1514 968 1888 1039 quodcunque
1974 962 2169 1021 fecerit

588 1055 781 1123 homo,
814 1065 975 1115 extra
1005 1070 1210 1128 corpus
1240 1064 1322 1114 est
1351 1075 1364 1112 :
1397 1057 1490 1128 qui
1523 1064 1706 1114 autem
1743 1056 2069 1122 fornicatur,
2108 1055 2165 1110 in

585 1160 794 1218 corpus
823 1162 985 1203 suum
1053 1154 1271 1218 peccat.
1324 1145 1516 1220 [νεεδ.
1550 1147 1639 1214 19,
1669 1146 1788 1221 20].
1820 1148 1904 1204 An
1933 1146 2166 1209 nescitis

574 1238 846 1309 quoniam
900 1254 1107 1312 corpus
1164 1250 1410 1297 vestrum
1460 1242 1726 1314 templum
1774 1250 1860 1298 est
1924 1241 2165 1312 Spiritus

584 1331 781 1399 sancti,
799 1332 897 1403 qui
928 1334 983 1389 in
1013 1334 1171 1392 vobis
1199 1342 1304 1399 est,
1325 1348 1487 1404 quem
1517 1333 1732 1390 habetis
1758 1348 1789 1389 a
1815 1332 1944 1394 Deo.
1973 1342 2028 1388 et
2053 1348 2163 1388 non

585 1419 725 1476 estis
757 1421 972 1477 vestri?
1003 1421 1183 1494 Empti
1245 1423 1391 1479 enim
1442 1422 1579 1479 estis
1607 1423 1807 1493 pretio.
1849 1420 2163 1477 Gloriiicate

586 1519 755 1576 Deum
786 1518 843 1573 in
874 1531 1109 1588 corpore
1141 1526 1351 1584 vestro,
1381 1525 1436 1573 ct
1462 1517 1522 1574 in
1554 1517 1756 1587 spiritu
1802 1524 2007 1581 vestro,
2038 1529 2161 1587 quas

584 1614 679 1669 Dei
712 1623 863 1677 sunt,
903 1630 922 1664 ι

654 1706 829 1763 Extra
861 1722 1054 1775 corpus
1081 1713 1189 1783 est,
1229 1704 1581 1761 Dominieum
1607 1704 1817 1774 utique.
1853 1702 2154 1774 Postquam

2271 888 2446 927 κακον
2459 910 2474 927 .

2345 982 2365 1018 ι
2405 964 2522 1041 Πᾶν
2570 963 2876 1035 ἁμάρτημα
2904 963 2933 1016 ὂ
2966 966 3063 1028 ὲᾲν
3099 961 3302 1033 ποιήσῃ
3329 960 3641 1032 ἄνθρωπος,
3695 959 3856 1023 ἐκτὸς

2265 1057 2360 1112 τοῦ
2416 1056 2669 1128 σώματός
2721 1057 2891 1111 ἐστιν.
2923 1056 2990 1108 Ὃ
3035 1055 3091 1108 δὲ
3130 1054 3434 1125 πορνεύων,
3490 1054 3575 1118 είς
3609 1053 3669 1107 τὸ
3718 1054 3858 1127 ῐδιον

2267 1149 2427 1221 σῶμα
2483 1130 2815 1220 ἁμαρτάνει.
2866 1147 2982 1201 Οὐκ
3032 1145 3237 1211 οἴδατε,
3272 1146 3445 1213 ὅτιτὸ
3474 1145 3637 1217 σῶμα
3693 1145 3857 1218 ὑμῶν

2259 1242 2389 1306 ναὸς
2428 1240 2523 1294 τοῦ
2552 1244 2611 1296 ὲν
2636 1242 2767 1312 ὑμῖν
2823 1239 2977 1313 ἁγίου
3019 1238 3338 1311 ηνεύματός
3389 1238 3571 1304 ἐστιν,
3599 1232 3661 1291 οῦ
3694 1238 3857 1310 ἔχετε

2263 1334 2373 1389 ἀπὸ
2402 1332 2562 1398 Θεοῦ,
2589 1334 2684 1397 καὶ
2718 1332 2831 1410 οὐκ
2872 1331 2997 1387 ἐστὲ
3022 1398 3025 1401 _
3052 1330 3282 1393 ἑαυτῶν.
3329 1331 3701 1410 Ἥγοράσθητε
3734 1331 3857 1401 γὰρ

2261 1427 2457 1499 τιμῆς·
2502 1407 2763 1492 δοξάσατε
2808 1426 2873 1497 δὴ
2909 1424 3001 1479 τὸν
3033 1423 3168 1479 Θεὸν
3204 1424 3261 1477 ὲν
3305 1424 3399 1495 τῷ-
3424 1422 3639 1496 σώματι
3662 1407 3666 1410 ⁴
3691 1423 3857 1493 ὑμῶν

2262 1519 2355 1573 καὶ
2375 1519 2433 1570 ἐν
2462 1517 2538 1588 τῷ
2566 1518 2841 1589 πνεύματι
2874 1516 3051 1588 ὐμῶν,
3087 1514 3249 1571 ἅτινά
3268 1516 3385 1571 ἐστι
3410 1515 3504 1583 τοῦ
3534 1513 3695 1570 Θεοῦ.

2327 1697 2434 1753 Τοῦ
2490 1698 2769 1772 Κυριακοῦ
2814 1699 3056 1771 δηλονότι
3083 1716 3097 1730 ο
3138 1696 3325 1769 ἐπειδὴ
3377 1695 3486 1773 γᾴρ
3534 1696 3700 1751 πολὺν
3746 1699 3854 1752 ἀν-

578 1797 835 1867 pluribus
887 1773 1138 1853 ostendit
1172 1780 1295 1855 Ieos,
1338 1811 1463 1853 esse
1546 1796 1793 1852 membra
1845 1773 2049 1851 Christi
2102 1800 2149 1849 et

2261 1793 2442 1866 ήλωσε
2471 1793 2648 1861 λόγον,
2681 1793 2818 1865 μέλη
2866 1793 3105 1867 Χριστοῦ
3126 1792 3296 1858 ,ὄντας
3320 1793 3534 1857 δεικνὺς
3564 1794 3657 1847 καὶ
3685 1792 3858 1862 σῶμα

578 1888 968 1961 corpusejus,
991 1889 1070 1945 ita
1112 1897 1170 1944 ut
1195 1890 1376 1960 ipsum
1417 1895 1584 1960 caput
1624 1878 1898 1956 habeant;
1930 1903 2000 1945 ne
2028 1888 2156 1959 quis

580 1982 884 2039 arbitretur
934 1981 1147 2039 Christi
1191 1996 1397 2056 corpus
1442 1981 1790 2049 sordescere,
1836 1980 1966 2037 dum
2001 1995 2157 2038 scor-

580 2084 728 2131 tatur
760 2075 945 2142 homo,
976 2074 1085 2130 hoc
1114 2074 1230 2129 ait:
1260 2073 1485 2145 quando
1512 2074 1639 2145 quis
1672 2072 1915 2131 adhzrret
1946 2081 2153 2138 scorto,

582 2170 729 2230 haud
756 2168 999 2239 amplius
1027 2175 1113 2228 est
1140 2182 1342 2238 corpus
1368 2166 1602 2235 Christi,
1633 2183 1816 2239 neque
1846 2167 2154 2232 membrum

575 2263 781 2319 Christi
822 2281 838 2319 :
873 2262 967 2319 sed
1021 2262 1077 2317 in
1126 2262 1407 2334 proprium
1461 2277 1667 2333 corpus
1732 2276 1889 2325 suum
1938 2268 2150 2333 peccat.

573 2356 765 2412 Gratia
811 2358 1035 2428 quippe,
1086 2369 1215 2429 cum
1289 2362 1652 2412 scortatorem
1718 2354 1916 2426 fugiat,
1998 2356 2151 2410 illum

573 2448 828 2520 prohibet
882 2462 953 2503 ne
999 2447 1142 2510 ultra
1192 2448 1269 2508 sit
1298 2462 1502 2519 corpus
1548 2447 1762 2512 Christi
1794 2469 1809 2506 :
1842 2465 1908 2505 ex
1948 2464 2059 2519 quo
2088 2450 2147 2505 tit

575 2549 637 2608 ut
661 2554 789 2613 erga
822 2540 1103 2612 proprium
1130 2555 1334 2615 corpus
1364 2550 1654 2615 peccatum
1677 2543 1953 2599 admittat.

646 2721 790 2790 Quid
824 2738 981 2794 ergo,
1033 2724 1255 2796 inquit?
1279 2723 1533 2796 nunquid
1581 2740 1693 2780 non
1724 2724 2009 2801 homicida»
2036 2739 2151 2781 ma-

2258 1886 2444 1952 αὐτοῦ,
2482 1886 2578 1949 κα)⁸
2612 1886 2773 1953 αὑτὸν
2828 1887 2977 1963 ἒχειν
3026 1885 3295 1957 κεφαλὴν,
3335 1886 3421 1940 ἵνα
3454 1887 3528 1957 μή
3557 1903 3638 1950 τις
3664 1886 3857 1939 ἐκεῖνο

2257 1977 2541 2045 ὑπολάϐοι,
2562 1979 2639 2043 ὡς
2665 1974 2832 2037 αὑτοῦ
2862 1977 2957 2035 τοῦ
2989 1978 3228 2051 Χριστοῦ
3257 1979 3320 2033 τὺ
3349 1970 3516 2051 σῶμα
3542 1978 3852 2052 μιαίνεται,

2257 2072 2354 2128 ἐὰν
2392 2071 3019 2148 πορνεύσῃηᾶνθρωπος,
3066 2072 3247 2143 λέγει’
3275 2072 3349 2139 ὼς
3388 2074 3518 2129 ὅταν
3570 2090 3656 2137 τις
3714 2073 3855 2127 κολ-

2252 2166 2417 2222 λᾶται
2449 2169 2515 2239 τῇ
2550 2166 2748 2238 πόρνῃ,
2782 2165 2967 2220 οὐκέτι
2992 2165 3118 2219 οὐδὲ
3150 2164 3331 2237 σῶμα,
3363 2165 3485 2219 οὐδὲ
3519 2166 3653 2237 μέλη
3696 2166 3852 2236 Χρι-

2257 2259 2385 2314 στοῦ
2449 2262 2636 2325 ἐστιν,
2687 2259 2805 2334 ἀλλ’
2853 2259 2936 2323 είς
2970 2258 3033 2313 τδ
3071 2258 3203 2313 ίδιον
3239 2259 3421 2330 σῶμα
3482 2260 3795 2332 ἁμαρτάνει
3832 2275 3851 2291 θ

2256 2352 2535 2423 φεύγουσα
2563 2353 2673 2425 γὰρ
2699 2354 2731 2424 ἡ
2760 2352 2922 2425 χάρις
2948 2351 3042 2417 τὸν
3098 2352 3455 2428 πορνεύοντα,
3515 2354 3854 2424 ἀφαιρεῖται

2253 2445 2405 2516 αὐτῷ
2435 2445 2529 2499 τοῦ
2574 2444 2654 2499 ἔτι
2693 2442 2834 2499 εῖναι
2884 2443 3042 2516 σῶμα
3089 2444 3356 2518 Χριστοῦ,
3406 2445 3550 2499 ὥστε
3600 2444 3855 2517 συμϐαί-

2254 2553 2371 2591 νειν
2437 2537 2588 2609 αὐτῷ
2635 2540 2718 2605 είς
2774 2537 2865 2595 τὸν
2940 2536 3079 2593 ἴδιον
3129 2536 3294 2609 σῶμα
3371 2524 3475 2609 τὴν
3512 2583 3516 2587 .
3551 2536 3854 2610 ἁμαρτίαν

2256 2631 2450 2685 ποιεῖν.

2326 2720 2392 2777 Τί
2457 2718 2590 2789 οὗν;
2624 2722 2654 2776 δ
2698 2722 3058 2794 ἀνδροφόνος,
3115 2721 3303 2795 φησιν,
3358 2721 3622 2794 οὐχὶ-τὴν
3673 2731 3851 2794 χεῖρα

579 2828 709 2889 num
778 2814 1013 2892 polluit?
1039 2829 1223 2879 annon
1270 2828 1472 2871 avarus
1516 2823 1573 2873 et
1600 2816 1823 2888 raptor?
1855 2815 1911 2878 ld
1942 2816 2149 2875 nemini

2257 2816 2492 2890 μιαίνεις
2521 2816 2587 2870 Τί
2618 2816 2677 2870 δὲ
2711 2817 2740 2871 ό
2772 2814 3104 2888 πλεονέκτης
3134 2817 3230 2870 καὶ
3263 2815 3452 2887 ἅρπαξ
3485 2815 3691 2889 illam
3720 2833 3842 2870 που

573 2922 685 2963 non
744 2907 1107 2979 perspicuum
1160 2914 1268 2964 est.
1325 2906 1434 2963 Sed
1463 2909 1592 2982 quia
1627 2908 1739 2965 dici
1772 2923 1882 2966 non
1932 2917 2149 2981 poterat

2255 2909 2412 2982 δῆλον
2437 2908 2587 2965 ’ἀλλ’
2618 2908 2804 2985 ὲπειδῂ
2833 2910 3010 2964 εἰπεῖν
3037 2908 3140 2962 οὐκ
3171 2908 3322 2979 ἐνῆν,
3365 2909 3446 2985 δτι
3512 2909 3712 2977 πόρνου
3740 2910 3849 2963 οὐ»

572 2998 717 3054 nihil
766 3007 1075 3056 scortatore
1122 2999 1281 3071 pejus
1327 3014 1483 3068 esse,
1516 3001 1625 3056 alio
1665 3000 1829 3057 modo
1858 2990 2149 3073 peccatum

2255 3002 2344 3057 δὲν
2393 3005 2599 3073 χεῖρον,
2654 2984 2856 3075 ἑτέρως
2912 3002 3046 3058 αὐτὸ
3107 2998 3316 3071 ηὔξησε
3367 2984 3563 3071 λέγων,
3594 3000 3678 3054 ὅτι
3736 3001 3850 3054 ἐπὶ

572 3091 711 3147 illud
755 3091 916 3147 auxit
969 3076 1228 3157 dicendo,
1304 3092 1645 3149 scortatioue
1697 3101 1872 3150 totum
1918 3108 2149 3165 prorsus

2255 3094 2354 3167 τῆς
2408 3096 2668 3169 πορνείας
2713 3094 3008 3168 ὁλόκληρον
3042 3092 3106 3149 τδ
3121 3092 3282 3164 σῶμα
3339 3093 3550 3166 γίνεται
3607 3094 3842 3165 μιαρὸνο

572 3198 779 3256 corpus
818 3184 1122 3258 inquinari.
1174 3184 1409 3244 Perinde
1434 3185 1709 3260 siquidem
1752 3187 2052 3257 sordescit,
2085 3202 2149 3245 ac

2255 3193 2444 3268 ὥσπερ
2476 3192 2586 3266 γὰρ
2611 3192 2692 3257 είς
2719 3190 2924 3262 λὲδητα
2966 3187 3316 3262 ἀκαθαρσίας
3352 3186 3690 3261 ἐμπίπτων,
3733 3188 3849 3262 καὶ

573 3276 667 3346 qui
702 3276 756 3331 in
797 3276 1034 3333 lebetem
1080 3277 1427 3335 immundum
1477 3279 1855 3351 spurcitiaque
1886 3279 2148 3337 infectum

573 3368 853 3426 inciderit.
889 3368 965 3424 Ea
996 3368 1206 3442 quippe
1232 3369 1398 3427 nobis
1442 3372 1787 3429 consuetudo
1836 3379 1947 3430 est.
1977 3370 2148 3430 Nemo

569 3464 715 3521 enim
747 3463 817 3520 ab
867 3463 1101 3519 avaritia
1154 3462 1223 3517 ad
1263 3463 1494 3520 balneas
1548 3480 1777 3535 pergere
1831 3464 2145 3534 festinarit,

572 3557 665 3613 sed
723 3556 864 3611 nihil
891 3555 1167 3613 sollicitus
1198 3555 1422 3615 domum
1471 3572 1634 3613 suam
1681 3558 1906 3630 repetit.
1937 3556 2147 3615 Verum

570 3667 600 3705 α
630 3650 929 3707 concubitu
964 3664 1093 3705 cum
1126 3649 1441 3717 meretrice,
1474 3651 1645 3707 veluti
1678 3659 1829 3708 totus
1862 3650 2047 3707 factus
2072 3650 2148 3707 sit

563 3742 914 3807 immundus,
946 3743 1014 3799 ad
1042 3741 1329 3805 lavacrum
1375 3743 1687 3801 contendit.
1719 3743 1981 3815 Adeoque
2010 3758 2147 3802 con-

472 3866 475 3867 ν
569 3834 805 3891 scientia
862 3841 1090 3905 propter
1132 3834 1240 3890 hoc
1280 3843 1576 3909 peccatum
1613 3837 1918 3908 turpiorem
1960 3824 2144 3909 suspi-

569 3928 788 3983 cionem
824 3925 1118 3998 quamdam
1149 3928 1336 3985 habet.
1365 3928 1636 3985 Caaterum
1670 3930 1831 3999 ambo
1862 3930 1977 3987 haec
2008 3946 2140 4003 gra-

568 4016 659 4073 via
689 4015 1116 4088 periculosaque
1168 4025 1323 4085 sunt,
1373 4034 1499 4075 cum
1534 4022 1787 4089 avaritia,
1836 4029 1953 4077 tum
1988 4036 2145 4079 scor-

574 4112 727 4178 tatlo,
768 4117 937 4181 atque
1047 4111 1105 4167 in
1134 4112 1442 4183 gehennam
1473 4111 1803 4171 detrudunt.

640 4199 749 4257 Sed
778 4203 1042 4274 quoniam
1072 4202 1278 4262 Paulus
1309 4204 1446 4259 nihil
1478 4220 1589 4260 non
1621 4214 1773 4262 certa
1804 4208 2020 4263 ratione
2058 4205 2142 4261 fa-

568 4295 768 4361 ciebat,
819 4295 1005 4365 quoad
1047 4297 1250 4368 potuit,
1311 4298 1675 4356 scortationis
1702 4299 1914 4356 crimen
1944 4300 2141 4371 ampli-

568 4385 774 4444 ﬁcavit.
808 4386 929 4442 Non
982 4385 1315 4459 simpliciter
1363 4390 1440 4445 ait
1470 4390 1729 4461 Spiritus,
1776 4393 1871 4449 sed
1902 4393 2136 4461 Spiritus

2247 3283 2330 3357 τῷ
2366 3283 2628 3356 μολυσμῷ
2660 3283 3036 3355 βαπτόμένον,
3059 3279 3208 3349 οὕτω
3264 3280 3525 3351 φύρεται.
3569 3276 3846 3352 Teii-toﬁs

2249 3376 2346 3431 καὶ
2377 3376 2509 3446 ἡμῖν
2551 3373 2690 3439 ἔθος.
2729 3372 2865 3431 Ἀπὸ
2901 3372 3013 3446 γὰρ
3069 3373 3167 3443 τῆς
3219 3369 3533 3435 πλεονεξίας
3586 3368 3681 3424 καὶ
3724 3368 3845 3442 τῆς

2249 3468 2509 3540 ἁρπαγῆς
2537 3466 2638 3531 οὐκ
2658 3467 2725 3522 ἄν
2756 3483 2843 3531 τις
2894 3464 3249 3521 σπουδάσειεν
3299 3464 3392 3533 ἐπὶ
3424 3460 3842 3544 βαλᾴνειονιὲλ-

2248 3558 2386 3627 θεῖν,
2417 3558 2554 3613 ἀλλὰ
2575 3558 2884 3631 ἀδιαφόρως
2904 3556 2998 3613 ἐπὶ
3020 3560 3118 3627 τὴν
3140 3618 3143 3621 η
3166 3555 3375 3610 οἰκείαν
3401 3603 3404 3606 .
3427 3554 3633 3613 ἄνεισιν
3663 3569 3679 3586 ο
3711 3554 3840 3608 ἀπὸ

2239 3651 2305 3711 ,δὲ
2333 3652 2535 3723 μίξεως
2554 3651 2781 3725 πόρνης,
2810 3649 3065 3723 καθάπερ
3091 3648 3229 3714 ὅλως
3256 3648 3553 3719 γενόμενος
3576 3646 3839 3719 ἀκάθαρ-

2244 3762 2359 3812 τος,
2388 3744 2481 3799 ὲπὶ
2505 3745 2565 3798 τὸ
2590 3743 2884 3803 λούσασθαι
2913 3741 3131 3816 ἔρχεται
3165 3759 3182 3777 ο
3208 3740 3384 3803 οὕτως
3434 3740 3549 3811 ἔχει
3584 3736 3730 3817 ,τινὰ
3770 3738 3839 3791 τὸ

2247 3837 2487 3901 συνειδὸς
2512 3836 2621 3891 ἀπὸ
2639 3835 2738 3906 τῆς
2766 3835 3043 3911 ἁμαρτίας
3073 3833 3278 3905 ταύτης
3309 3827 3843 3918 ὑπόληψινιαίσχρο-

2242 3928 2429 3998 τέραν.
2459 3928 2768 4000 Ἀμφότερα
2797 3927 2896 3998 μὲν
2922 3922 3016 3983 οῦν
3039 3924 3270 3998 χαλεπὰ,
3298 3926 3395 3982 καὶ
3426 3922 3703 3993 πλεονεξία
3729 3926 3840 3993 καὶ

2244 4021 2490 4092 πορνεία,
2526 4022 2619 4075 καὶ
2651 4021 2730 4084 είς
2750 4020 2973 4091 γέενναν
3000 4015 3375 4090 ἐμϐάλλουσιν.
3438 4072 3439 4075 η

2242 4242 2249 4250 ι
2329 4204 2468 4259 Ἀλλ’
2500 4205 2689 4276 ἐπειδὴ
2727 4204 3089 4275 οἰκονομικῶς
3121 4203 3301 4259 πάντα
3323 4203 3352 4261 δ
3379 4180 3827 4281 Παῦλοςὲποίει,

2242 4293 2326 4361 οἷς
2343 4290 2511 4368 εῖχεν,
2544 4295 2756 4360 τούτοις
2781 4294 3021 4369 ηὔξησεν
3038 4296 3101 4351 τὸ
3119 4296 3221 4367 τῆς
3248 4294 3507 4367 πορνείας
3537 4294 3827 4366 ἔγκλημα.

2243 4392 2358 4462 Οὐχ
2389 4390 2577 4455 ἁπλῶς
2614 4387 2758 4453 εἷπε,
2821 4391 3181 4461 πνεύματος,
3233 4390 3370 4446 ἀλλὰ
3425 4389 3532 4445 τοῦ
3557 4390 3627 4446 ἐν
3655 4389 3829 4460 ὑμῖν,

564 4481 656 4546 qui
712 4480 768 4533 in
812 4478 957 4534 vobis
994 4490 1074 4535 ett
1105 4495 1125 4536 :
1160 4495 1277 4552 quo
1308 4489 1471 4553 pacto
1518 4483 1886 4539 consolatorie
1942 4484 2136 4556 agebat

2255 4484 2380 4554 imp
2421 4477 2491 4553 ἦν
2534 4484 2629 4537 καὶ
2681 4482 3208 4555 παραμυθουμένου,
3266 4483 3361 4551 καὶ
3407 4481 3512 4553 τὸν
3547 4481 3829 4544 δεδωκότα

568 4572 736 4627 vices.
769 4570 1001 4642 Insuper
1035 4580 1091 4629 et
1116 4587 1242 4630 eum
1270 4574 1364 4645 qui
1389 4574 1624 4647 largitus
1666 4585 1771 4642 est,
1830 4577 2038 4648 posuit,
2083 4583 2141 4630 ut

565 4668 840 4725 attentum
869 4662 1034 4719 simul
1066 4661 1324 4721 redderet
1355 4664 1685 4730 auditorem,
1715 4675 1771 4721 et
1805 4673 2137 4731 exterreret,

569 4764 684 4807 tum
745 4754 987 4827 depositi
1040 4756 1422 4829 magnitudine
1452 4764 1508 4813 et
1554 4758 1892 4827 praestantia,
1927 4766 2040 4813 tum
2075 4758 2143 4813 il-

570 4844 677 4900 lius
707 4845 799 4915 qui
831 4845 1088 4918 deposuit
1113 4846 1401 4919 dignitate.

588 5004 589 5007 η
635 4934 1073 5009 Haudquaquam
1103 4940 1248 4996 enim
1279 4939 1362 4998 eis
1414 4941 1752 5013 indignatur,
1783 4942 1917 5013 quin
1949 4942 2137 5013 potius

564 5024 637 5082 de
668 5027 777 5082 illis
808 5030 1019 5096 statuit,
1060 5030 1152 5085 ubi
1186 5033 1264 5087 ait
1296 5050 1309 5086 :
1362 5031 1628 5087 Habentes
1669 5030 1843 5087 cibam
1876 5045 1926 5089 et
1977 5035 2139 5089 vesti-

565 5128 761 5184 menta,
803 5120 883 5177 Itis
922 5125 1153 5177 contenti
1202 5125 1372 5179 sinitis
1400 5125 1467 5179 ".
1526 5125 1632 5181 Sed
1683 5128 1827 5181 hanc
1875 5141 1965 5182 res
2017 5127 2135 5198 ipsa

564 5211 823 5281 destruit,
854 5215 1085 5287 ejusque
1118 5218 1557 5274 emendationem
1608 5222 1848 5276 orationi
1907 5225 2136 5294 permit-

568 5302 653 5369 tit,
686 5315 977 5377 postquam
1010 5309 1305 5365 consilium
1337 5310 1586 5380 prmbttit.

656 5462 681 5501 ἀ
719 5461 736 5516 Ι
765 5460 907 5519 Tim.
952 5482 1026 5534 vr,
1056 5465 1111 5521 8.

2243 4575 2516 4642 τέθεικεν,
2542 4574 2746 4646 ὑψηλόν
2776 4592 2837 4629 τε
2872 4575 3006 4646 ὁμοῦ
3058 4575 3231 4629 ποιῶν
3263 4574 3355 4629 τὸν
3388 4576 3667 4647 ἀκροατὴν
3718 4578 3826 4633 καὶ

2244 4668 2427 4736 φοϐῶν
2454 4685 2469 4701 ο
2500 4670 2595 4725 καὶ
2622 4667 2700 4740 τῷ
2736 4667 2960 4740 μεγέθει
2988 4669 3101 4740 τῆς·
3124 4665 3601 4740 παρακαταθήκης
3626 4668 3722 4722 καί
3751 4671 3825 4741 τῇ

2244 4759 2372 4835 ἀξίᾳ
2400 4761 2493 4816 τοῦ
2528 4761 3075 4834 παρακαταθεμένου.

2314 4945 2458 5022 Πρὸς
2483 4945 2593 5017 γὰρ
2644 4944 2884 5008 ἐκείνους
2910 4944 2972 4998 οὐ
3002 4943 3366 5016 δυσχεραίνει,
3422 4942 3561 4999 ἀλλὰ
3601 4943 3696 4997 καὶ
3726 4960 3824 4999 νο-

2244 5038 2465 5109 μοθετεῖ
2523 5038 2651 5108 περὶ
2708 5037 2927 5103 αὐτῶν,
2974 5036 3205 5105 λέγων’
3253 5035 3542 5113 Ἔχοντες
3585 5034 3827 5106 τροφὴν

2239 5130 2342 5185 καί
2398 5129 2797 5200 σκεπάσματα
2820 5169 2837 5196 ,
2894 5130 3155 5194 τούτοις,
3203 5120 3781 5206 ἀρκεσῂσᾶψεθαά
3805 5146 3821 5161 ο

2238 5224 2375 5279 ἀλλὰ
2404 5222 2611 5294 ταύτην
2643 5222 2829 5293 βάλλει
2867 5222 2928 5277 τὸ
2963 5222 3217 5293 πρᾶγμα,
3251 5221 3349 5292 καὶ
3377 5219 3477 5292 τὴν
3526 5217 3827 5292 διόρθωσιν

2237 5315 2403 5373 αὐτοῦ
2435 5317 2571 5389 μετὰ
2596 5316 2693 5389 τὴν
2715 5315 3022 5388 συμϐουλὴν
3044 5310 3343 5388 ἐπιτρέψας
3354 5314 3516 5389 εὐχῇ.

1853 5589 2083 5647 VARUE
2122 5589 2525 5649 LECTIONES.

618 5667 808 5758 f'dllric‘
867 5682 1049 5730 textus
1112 5675 1339 5733 mutilus
1381 5682 1787 5753 permistusque
1818 5691 1924 5749 est,
1959 5700 2059 5741 nec
2089 5687 2273 5740 sanari
2299 5693 2481 5755 potest
2508 5698 2574 5738 ex
2614 5682 3030 5755 Chrysostomo,
3072 5683 3215 5757 apud
3243 5685 3416 5758 quem‘
3447 5681 3824 5746 nibii'ltorurn

571 5742 837 5799 occurrit.
