  <div class='ocr_page' id='page_1' title='image "/cluster/home/n/w/nwhite01/storage/ocr_20150623/95/mdp.39015004289776/323.png"; bbox 0 0 4038 6284; ppageno 0'>
   <div class='ocr_carea' id='block_1_1' title="bbox 581 358 701 421">
    <p class='ocr_par' dir='ltr' id='par_1_1' title="bbox 581 358 701 421">
     <span class='ocr_line' id='line_1_1' title="bbox 581 358 701 421; baseline 0 0"><span class='ocrx_word' id='word_1_1' title='bbox 581 358 701 421; x_wconf 69' lang='grc'><strong>’693</strong></span> 
     </span>
    </p>
   </div>
   <div class='ocr_carea' id='block_1_2' title="bbox 1736 331 2659 410">
    <p class='ocr_par' dir='ltr' id='par_1_2' title="bbox 1736 331 2659 410">
     <span class='ocr_line' id='line_1_2' title="bbox 1736 331 2659 410; baseline -0.017 -3"><span class='ocrx_word' id='word_1_2' title='bbox 1736 347 1800 410; x_wconf 89' lang='lat' dir='ltr'><strong>S.</strong></span> <span class='ocrx_word' id='word_1_3' title='bbox 1837 338 2161 407; x_wconf 79' lang='lat' dir='ltr'><strong>JOANNIS</strong></span> <span class='ocrx_word' id='word_1_4' title='bbox 2221 331 2659 396; x_wconf 72' lang='lat' dir='ltr'><strong>DAMASCENI</strong></span> 
     </span>
    </p>
   </div>
   <div class='ocr_carea' id='block_1_3' title="bbox 3737 300 3842 376">
    <p class='ocr_par' dir='ltr' id='par_1_3' title="bbox 3737 300 3842 376">
     <span class='ocr_line' id='line_1_3' title="bbox 3737 300 3842 376; baseline 0.048 -5"><span class='ocrx_word' id='word_1_5' title='bbox 3737 300 3842 376; x_wconf 68' lang='grc'><strong>624</strong></span> 
     </span>
    </p>
   </div>
   <div class='ocr_carea' id='block_1_4' title="bbox 585 421 2179 535">
    <p class='ocr_par' dir='ltr' id='par_1_4' title="bbox 585 450 2179 535">
     <span class='ocr_line' id='line_1_4' title="bbox 585 450 2179 535; baseline -0.017 -2"><span class='ocrx_word' id='word_1_6' title='bbox 585 477 705 535; x_wconf 64' lang='lat' dir='ltr'><strong>tiro</strong></span> <span class='ocrx_word' id='word_1_7' title='bbox 742 487 843 530; x_wconf 89' lang='lat' dir='ltr'><strong>suo</strong></span> <span class='ocrx_word' id='word_1_8' title='bbox 873 465 1220 526; x_wconf 86' lang='lat' dir='ltr'><strong>reconciliari</strong></span> <span class='ocrx_word' id='word_1_9' title='bbox 1246 481 1260 520; x_wconf 90' lang='lat'><strong>:</strong></span> <span class='ocrx_word' id='word_1_10' title='bbox 1294 471 1350 521; x_wconf 88' lang='lat' dir='ltr'><strong>et</strong></span> <span class='ocrx_word' id='word_1_11' title='bbox 1380 461 1562 519; x_wconf 89' lang='lat' dir='ltr'><strong>virum</strong></span> <span class='ocrx_word' id='word_1_12' title='bbox 1592 472 1820 516; x_wconf 78' lang='lat' dir='ltr'><strong>uxorem</strong></span> <span class='ocrx_word' id='word_1_13' title='bbox 1848 471 1961 512; x_wconf 88' lang='lat' dir='ltr'><strong>non</strong></span> <span class='ocrx_word' id='word_1_14' title='bbox 1999 450 2179 508; x_wconf 83' lang='lat' dir='ltr'><strong>dimit-</strong></span> 
     </span>
    </p>
   </div>
   <div class='ocr_carea' id='block_1_5' title="bbox 2292 421 3834 535">
    <p class='ocr_par' dir='ltr' id='par_1_5' title="bbox 2292 421 3834 517">
     <span class='ocr_line' id='line_1_5' title="bbox 2292 421 3834 517; baseline -0.016 -18"><span class='ocrx_word' id='word_1_15' title='bbox 2292 445 2434 517; x_wconf 77' lang='grc' dir='ltr'>ινδρα</span> <span class='ocrx_word' id='word_1_16' title='bbox 2488 443 2722 514; x_wconf 82' lang='grc' dir='ltr'>γυναῖκα</span> <span class='ocrx_word' id='word_1_17' title='bbox 2757 435 2833 511; x_wconf 83' lang='grc' dir='ltr'>μὴ</span> <span class='ocrx_word' id='word_1_18' title='bbox 2869 434 3110 509; x_wconf 75' lang='grc' dir='ltr'>ἀφιέναι.</span> <span class='ocrx_word' id='word_1_19' title='bbox 3155 431 3278 498; x_wconf 82' lang='grc' dir='ltr'>Τοῖς</span> <span class='ocrx_word' id='word_1_20' title='bbox 3314 428 3375 485; x_wconf 60' lang='grc' dir='ltr'><strong>δὲ</strong></span> <span class='ocrx_word' id='word_1_21' title='bbox 3405 424 3612 490; x_wconf 85' lang='grc' dir='ltr'>λοιποῖς</span> <span class='ocrx_word' id='word_1_22' title='bbox 3664 421 3834 489; x_wconf 80' lang='grc' dir='ltr'>λέγω,</span> 
     </span>
    </p>
   </div>
   <div class='ocr_carea' id='block_1_6' title="bbox 585 545 2051 625">
    <p class='ocr_par' dir='ltr' id='par_1_6' title="bbox 585 545 2051 625">
     <span class='ocr_line' id='line_1_6' title="bbox 585 545 2051 625; baseline -0.011 -7"><span class='ocrx_word' id='word_1_23' title='bbox 585 575 722 618; x_wconf 86' lang='lat' dir='ltr'><strong>tere.</strong></span> <span class='ocrx_word' id='word_1_24' title='bbox 754 558 980 615; x_wconf 67' lang='lat' dir='ltr'><strong>Cmteris</strong></span> <span class='ocrx_word' id='word_1_25' title='bbox 1015 565 1197 611; x_wconf 90' lang='lat' dir='ltr'><strong>autem</strong></span> <span class='ocrx_word' id='word_1_26' title='bbox 1231 569 1338 625; x_wconf 73' lang='lat' dir='ltr'><strong>ego</strong></span> <span class='ocrx_word' id='word_1_27' title='bbox 1369 551 1516 618; x_wconf 89' lang='lat' dir='ltr'><strong>dico,</strong></span> <span class='ocrx_word' id='word_1_28' title='bbox 1555 565 1669 608; x_wconf 92' lang='lat' dir='ltr'><strong>non</strong></span> <span class='ocrx_word' id='word_1_29' title='bbox 1704 545 1998 603; x_wconf 83' lang='lat' dir='ltr'><strong>Dominus.</strong></span> <span class='ocrx_word' id='word_1_30' title='bbox 2031 561 2051 595; x_wconf 76' lang='grc' dir='ltr'><strong>ι</strong></span> 
     </span>
    </p>
   </div>
   <div class='ocr_carea' id='block_1_7' title="bbox 657 635 2165 716">
    <p class='ocr_par' dir='ltr' id='par_1_7' title="bbox 657 635 2165 716">
     <span class='ocr_line' id='line_1_7' title="bbox 657 635 2165 716; baseline -0.007 -11"><span class='ocrx_word' id='word_1_31' title='bbox 657 649 840 706; x_wconf 77' lang='lat' dir='ltr'><strong>Palam</strong></span> <span class='ocrx_word' id='word_1_32' title='bbox 904 645 1147 703; x_wconf 85' lang='lat' dir='ltr'><strong>ostendit</strong></span> <span class='ocrx_word' id='word_1_33' title='bbox 1201 651 1410 716; x_wconf 82' lang='lat' dir='ltr'><strong>quanta</strong></span> <span class='ocrx_word' id='word_1_34' title='bbox 1468 643 1543 700; x_wconf 86' lang='lat' dir='ltr'><strong>sit</strong></span> <span class='ocrx_word' id='word_1_35' title='bbox 1599 639 1851 696; x_wconf 75' lang='lat' dir='ltr'><strong>libidinis</strong></span> <span class='ocrx_word' id='word_1_36' title='bbox 1877 635 1968 692; x_wconf 75' lang='lat' dir='ltr'><strong>vis</strong></span> <span class='ocrx_word' id='word_1_37' title='bbox 1998 642 2055 690; x_wconf 89' lang='lat' dir='ltr'><strong>et</strong></span> <span class='ocrx_word' id='word_1_38' title='bbox 2078 642 2165 705; x_wconf 77' lang='lat' dir='ltr'><strong>ty-</strong></span> 
     </span>
    </p>
   </div>
   <div class='ocr_carea' id='block_1_8' title="bbox 589 721 2162 809">
    <p class='ocr_par' dir='ltr' id='par_1_8' title="bbox 589 721 2162 809">
     <span class='ocr_line' id='line_1_8' title="bbox 589 721 2162 809; baseline -0.014 -12"><span class='ocrx_word' id='word_1_39' title='bbox 589 743 800 798; x_wconf 83' lang='lat' dir='ltr'><strong>rannis.</strong></span> <span class='ocrx_word' id='word_1_40' title='bbox 850 741 986 809; x_wconf 81' lang='lat' dir='ltr'><strong>Eius</strong></span> <span class='ocrx_word' id='word_1_41' title='bbox 1031 751 1201 809; x_wconf 88' lang='lat' dir='ltr'><strong>porro</strong></span> <span class='ocrx_word' id='word_1_42' title='bbox 1243 736 1539 792; x_wconf 80' lang='lat' dir='ltr'><strong>verborum</strong></span> <span class='ocrx_word' id='word_1_43' title='bbox 1591 731 1687 789; x_wconf 89' lang='lat' dir='ltr'><strong>hic</strong></span> <span class='ocrx_word' id='word_1_44' title='bbox 1720 743 1918 787; x_wconf 79' lang='lat' dir='ltr'><strong>sensus</strong></span> <span class='ocrx_word' id='word_1_45' title='bbox 1965 733 2073 781; x_wconf 87' lang='lat' dir='ltr'><strong>est.</strong></span> <span class='ocrx_word' id='word_1_46' title='bbox 2103 721 2162 777; x_wconf 83' lang='lat' dir='ltr'><strong>Si</strong></span> 
     </span>
    </p>
   </div>
   <div class='ocr_carea' id='block_1_9' title="bbox 589 813 2166 899">
    <p class='ocr_par' dir='ltr' id='par_1_9' title="bbox 589 813 2166 899">
     <span class='ocr_line' id='line_1_9' title="bbox 589 813 2166 899; baseline -0.013 -9"><span class='ocrx_word' id='word_1_47' title='bbox 589 837 696 891; x_wconf 71' lang='lat' dir='ltr'><strong>vim</strong></span> <span class='ocrx_word' id='word_1_48' title='bbox 732 833 962 890; x_wconf 89' lang='lat' dir='ltr'><strong>multam</strong></span> <span class='ocrx_word' id='word_1_49' title='bbox 996 839 1052 886; x_wconf 89' lang='lat' dir='ltr'><strong>et</strong></span> <span class='ocrx_word' id='word_1_50' title='bbox 1080 835 1280 885; x_wconf 83' lang='lat' dir='ltr'><strong>aestum</strong></span> <span class='ocrx_word' id='word_1_51' title='bbox 1328 825 1562 899; x_wconf 86' lang='lat' dir='ltr'><strong>pateris,</strong></span> <span class='ocrx_word' id='word_1_52' title='bbox 1601 821 1782 878; x_wconf 80' lang='lat' dir='ltr'><strong>exime</strong></span> <span class='ocrx_word' id='word_1_53' title='bbox 1815 827 1870 875; x_wconf 90' lang='lat' dir='ltr'><strong>te</strong></span> <span class='ocrx_word' id='word_1_54' title='bbox 1897 813 2166 874; x_wconf 87' lang='lat' dir='ltr'><strong>molestiis</strong></span> 
     </span>
    </p>
   </div>
   <div class='ocr_carea' id='block_1_10' title="bbox 587 911 2011 985">
    <p class='ocr_par' dir='ltr' id='par_1_10' title="bbox 587 911 2011 985">
     <span class='ocr_line' id='line_1_10' title="bbox 587 911 2011 985; baseline -0.015 0"><span class='ocrx_word' id='word_1_55' title='bbox 587 938 641 985; x_wconf 88' lang='lat' dir='ltr'><strong>et</strong></span> <span class='ocrx_word' id='word_1_56' title='bbox 667 925 985 985; x_wconf 74' lang='lat' dir='ltr'><strong>sudoribus.</strong></span> <span class='ocrx_word' id='word_1_57' title='bbox 1017 938 1085 979; x_wconf 89' lang='lat' dir='ltr'><strong>ne</strong></span> <span class='ocrx_word' id='word_1_58' title='bbox 1123 921 1348 978; x_wconf 91' lang='lat' dir='ltr'><strong>tandem</strong></span> <span class='ocrx_word' id='word_1_59' title='bbox 1392 917 1704 974; x_wconf 89' lang='lat' dir='ltr'><strong>deturbcris</strong></span> <span class='ocrx_word' id='word_1_60' title='bbox 1733 921 1787 970; x_wconf 91' lang='lat' dir='ltr'><strong>et</strong></span> <span class='ocrx_word' id='word_1_61' title='bbox 1818 911 2011 968; x_wconf 84' lang='lat' dir='ltr'><strong>cadas.</strong></span> 
     </span>
    </p>
   </div>
   <div class='ocr_carea' id='block_1_11' title="bbox 661 997 2166 1091">
    <p class='ocr_par' dir='ltr' id='par_1_11' title="bbox 661 997 2166 1091">
     <span class='ocr_line' id='line_1_11' title="bbox 661 997 2166 1091; baseline -0.014 -19"><span class='ocrx_word' id='word_1_62' title='bbox 661 1016 721 1072; x_wconf 79' lang='lat' dir='ltr'><strong>Si</strong></span> <span class='ocrx_word' id='word_1_63' title='bbox 754 1015 882 1091; x_wconf 84' lang='lat' dir='ltr'><strong>quis</strong></span> <span class='ocrx_word' id='word_1_64' title='bbox 939 1013 1112 1068; x_wconf 88' lang='lat' dir='ltr'><strong>frater</strong></span> <span class='ocrx_word' id='word_1_65' title='bbox 1164 1025 1389 1066; x_wconf 77' lang='lat' dir='ltr'><strong>uxorem</strong></span> <span class='ocrx_word' id='word_1_66' title='bbox 1436 1008 1601 1063; x_wconf 89' lang='lat' dir='ltr'><strong>habet</strong></span> <span class='ocrx_word' id='word_1_67' title='bbox 1639 1003 1941 1066; x_wconf 87' lang='lat' dir='ltr'><strong>inﬁdelem,</strong></span> <span class='ocrx_word' id='word_1_68' title='bbox 1966 1006 2020 1056; x_wconf 88' lang='lat' dir='ltr'><strong>et</strong></span> <span class='ocrx_word' id='word_1_69' title='bbox 2050 997 2166 1053; x_wconf 69' lang='lat' dir='ltr'><strong>haec</strong></span> 
     </span>
    </p>
   </div>
   <div class='ocr_carea' id='block_1_12' title="bbox 588 1090 2165 1166">
    <p class='ocr_par' dir='ltr' id='par_1_12' title="bbox 588 1090 2165 1166">
     <span class='ocr_line' id='line_1_12' title="bbox 588 1090 2165 1166; baseline -0.015 1"><span class='ocrx_word' id='word_1_70' title='bbox 588 1090 864 1166; x_wconf 85' lang='lat' dir='ltr'><strong>consentit</strong></span> <span class='ocrx_word' id='word_1_71' title='bbox 929 1106 1184 1161; x_wconf 89' lang='lat' dir='ltr'><strong>habitare</strong></span> <span class='ocrx_word' id='word_1_72' title='bbox 1221 1117 1348 1159; x_wconf 90' lang='lat' dir='ltr'><strong>cum</strong></span> <span class='ocrx_word' id='word_1_73' title='bbox 1402 1101 1522 1165; x_wconf 86' lang='lat' dir='ltr'><strong>illo.</strong></span> <span class='ocrx_word' id='word_1_74' title='bbox 1571 1113 1683 1156; x_wconf 82' lang='lat' dir='ltr'><strong>non</strong></span> <span class='ocrx_word' id='word_1_75' title='bbox 1709 1096 1954 1154; x_wconf 79' lang='lat' dir='ltr'><strong>dimittat</strong></span> <span class='ocrx_word' id='word_1_76' title='bbox 1992 1090 2165 1146; x_wconf 83' lang='lat' dir='ltr'><strong>illam.</strong></span> 
     </span>
    </p>
   </div>
   <div class='ocr_carea' id='block_1_13' title="bbox 589 1183 2166 1276">
    <p class='ocr_par' dir='ltr' id='par_1_13' title="bbox 589 1183 2166 1276">
     <span class='ocr_line' id='line_1_13' title="bbox 589 1183 2166 1276; baseline -0.013 -17"><span class='ocrx_word' id='word_1_77' title='bbox 589 1201 780 1276; x_wconf 62' lang='lat' dir='ltr'><strong>[Vnus</strong></span> <span class='ocrx_word' id='word_1_78' title='bbox 816 1197 938 1273; x_wconf 76' lang='lat'><strong>13.]</strong></span> <span class='ocrx_word' id='word_1_79' title='bbox 973 1201 1040 1254; x_wconf 84' lang='lat' dir='ltr'><strong>Et</strong></span> <span class='ocrx_word' id='word_1_80' title='bbox 1075 1199 1122 1254; x_wconf 90' lang='lat' dir='ltr'><strong>si</strong></span> <span class='ocrx_word' id='word_1_81' title='bbox 1163 1213 1272 1269; x_wconf 85' lang='lat' dir='ltr'><strong>qua</strong></span> <span class='ocrx_word' id='word_1_82' title='bbox 1323 1194 1524 1249; x_wconf 83' lang='lat' dir='ltr'><strong>mulier</strong></span> <span class='ocrx_word' id='word_1_83' title='bbox 1553 1192 1717 1248; x_wconf 86' lang='lat' dir='ltr'><strong>habet</strong></span> <span class='ocrx_word' id='word_1_84' title='bbox 1748 1188 1931 1245; x_wconf 84' lang='lat' dir='ltr'><strong>virum</strong></span> <span class='ocrx_word' id='word_1_85' title='bbox 1967 1183 2166 1276; x_wconf 80' lang='lat' dir='ltr'><strong>inﬁde-</strong></span> 
     </span>
    </p>
   </div>
   <div class='ocr_carea' id='block_1_14' title="bbox 589 1274 2170 1357">
    <p class='ocr_par' dir='ltr' id='par_1_14' title="bbox 589 1274 2170 1357">
     <span class='ocr_line' id='line_1_14' title="bbox 589 1274 2170 1357; baseline -0.015 -7"><span class='ocrx_word' id='word_1_86' title='bbox 589 1274 718 1357; x_wconf 75' lang='lat' dir='ltr'><strong>lem,</strong></span> <span class='ocrx_word' id='word_1_87' title='bbox 745 1300 801 1348; x_wconf 90' lang='lat' dir='ltr'><strong>et</strong></span> <span class='ocrx_word' id='word_1_88' title='bbox 833 1291 925 1346; x_wconf 88' lang='lat' dir='ltr'><strong>hic</strong></span> <span class='ocrx_word' id='word_1_89' title='bbox 959 1288 1243 1346; x_wconf 81' lang='lat' dir='ltr'><strong>consentit</strong></span> <span class='ocrx_word' id='word_1_90' title='bbox 1277 1288 1528 1342; x_wconf 83' lang='lat' dir='ltr'><strong>habitare</strong></span> <span class='ocrx_word' id='word_1_91' title='bbox 1586 1299 1713 1340; x_wconf 88' lang='lat' dir='ltr'><strong>cum</strong></span> <span class='ocrx_word' id='word_1_92' title='bbox 1771 1281 1888 1346; x_wconf 79' lang='lat' dir='ltr'><strong>illa,</strong></span> <span class='ocrx_word' id='word_1_93' title='bbox 1939 1293 2049 1334; x_wconf 91' lang='lat' dir='ltr'><strong>non</strong></span> <span class='ocrx_word' id='word_1_94' title='bbox 2081 1274 2170 1329; x_wconf 78' lang='lat' dir='ltr'><strong>di-</strong></span> 
     </span>
    </p>
   </div>
   <div class='ocr_carea' id='block_1_15' title="bbox 590 1388 1009 1442">
    <p class='ocr_par' dir='ltr' id='par_1_15' title="bbox 590 1388 1009 1442">
     <span class='ocr_line' id='line_1_15' title="bbox 590 1388 1009 1442; baseline -0.017 -1"><span class='ocrx_word' id='word_1_95' title='bbox 590 1388 771 1442; x_wconf 83' lang='lat' dir='ltr'><strong>mittat</strong></span> <span class='ocrx_word' id='word_1_96' title='bbox 799 1398 949 1440; x_wconf 76' lang='lat' dir='ltr'><strong>eum.</strong></span> <span class='ocrx_word' id='word_1_97' title='bbox 989 1400 1009 1434; x_wconf 76' lang='grc' dir='ltr'><strong>ι</strong></span> 
     </span>
    </p>
   </div>
   <div class='ocr_carea' id='block_1_16' title="bbox 662 1466 2168 1545">
    <p class='ocr_par' dir='ltr' id='par_1_16' title="bbox 662 1466 2168 1545">
     <span class='ocr_line' id='line_1_16' title="bbox 662 1466 2168 1545; baseline -0.013 -13"><span class='ocrx_word' id='word_1_98' title='bbox 662 1476 802 1532; x_wconf 80' lang='lat' dir='ltr'><strong>Eum</strong></span> <span class='ocrx_word' id='word_1_99' title='bbox 859 1474 954 1545; x_wconf 86' lang='lat' dir='ltr'><strong>qui</strong></span> <span class='ocrx_word' id='word_1_100' title='bbox 1005 1473 1294 1529; x_wconf 80' lang='lat' dir='ltr'><strong>mulierem</strong></span> <span class='ocrx_word' id='word_1_101' title='bbox 1357 1480 1487 1526; x_wconf 83' lang='lat' dir='ltr'><strong>ante</strong></span> <span class='ocrx_word' id='word_1_102' title='bbox 1551 1466 1794 1531; x_wconf 74' lang='lat' dir='ltr'><strong>duxerit,</strong></span> <span class='ocrx_word' id='word_1_103' title='bbox 1828 1477 1993 1536; x_wconf 88' lang='lat' dir='ltr'><strong>quam</strong></span> <span class='ocrx_word' id='word_1_104' title='bbox 2040 1473 2168 1532; x_wconf 79' lang='lat' dir='ltr'><strong>gra-</strong></span> 
     </span>
    </p>
   </div>
   <div class='ocr_carea' id='block_1_17' title="bbox 587 1559 2170 1634">
    <p class='ocr_par' dir='ltr' id='par_1_17' title="bbox 587 1559 2170 1634">
     <span class='ocr_line' id='line_1_17' title="bbox 587 1559 2170 1634; baseline -0.013 -8"><span class='ocrx_word' id='word_1_105' title='bbox 587 1571 724 1626; x_wconf 84' lang='lat' dir='ltr'><strong>tiam</strong></span> <span class='ocrx_word' id='word_1_106' title='bbox 771 1574 1113 1623; x_wconf 76' lang='lat' dir='ltr'><strong>consecutus</strong></span> <span class='ocrx_word' id='word_1_107' title='bbox 1162 1565 1255 1632; x_wconf 88' lang='lat' dir='ltr'><strong>sit,</strong></span> <span class='ocrx_word' id='word_1_108' title='bbox 1315 1580 1424 1618; x_wconf 90' lang='lat' dir='ltr'><strong>non</strong></span> <span class='ocrx_word' id='word_1_109' title='bbox 1462 1559 1729 1634; x_wconf 67' lang='lat' dir='ltr'><strong>prmeipit,</strong></span> <span class='ocrx_word' id='word_1_110' title='bbox 1761 1563 2015 1628; x_wconf 83' lang='lat' dir='ltr'><strong>suscepta</strong></span> <span class='ocrx_word' id='word_1_111' title='bbox 2046 1567 2170 1625; x_wconf 75' lang='lat' dir='ltr'><strong>gra-</strong></span> 
     </span>
    </p>
   </div>
   <div class='ocr_carea' id='block_1_18' title="bbox 589 1645 2168 1726">
    <p class='ocr_par' dir='ltr' id='par_1_18' title="bbox 589 1645 2168 1726">
     <span class='ocr_line' id='line_1_18' title="bbox 589 1645 2168 1726; baseline -0.013 -8"><span class='ocrx_word' id='word_1_112' title='bbox 589 1664 690 1726; x_wconf 86' lang='lat' dir='ltr'><strong>tia,</strong></span> <span class='ocrx_word' id='word_1_113' title='bbox 735 1659 1020 1714; x_wconf 86' lang='lat' dir='ltr'><strong>dimittere</strong></span> <span class='ocrx_word' id='word_1_114' title='bbox 1074 1671 1344 1712; x_wconf 83' lang='lat' dir='ltr'><strong>uxorem:</strong></span> <span class='ocrx_word' id='word_1_115' title='bbox 1395 1655 1495 1711; x_wconf 87' lang='lat' dir='ltr'><strong>sed</strong></span> <span class='ocrx_word' id='word_1_116' title='bbox 1546 1669 1672 1710; x_wconf 86' lang='lat' dir='ltr'><strong>eum</strong></span> <span class='ocrx_word' id='word_1_117' title='bbox 1715 1653 1807 1722; x_wconf 86' lang='lat' dir='ltr'><strong>qui</strong></span> <span class='ocrx_word' id='word_1_118' title='bbox 1849 1645 2168 1721; x_wconf 80' lang='lat' dir='ltr'><strong>gratiajam</strong></span> 
     </span>
    </p>
   </div>
   <div class='ocr_carea' id='block_1_19' title="bbox 590 1745 1863 1822">
    <p class='ocr_par' dir='ltr' id='par_1_19' title="bbox 590 1745 1863 1822">
     <span class='ocr_line' id='line_1_19' title="bbox 590 1745 1863 1822; baseline -0.011 -13"><span class='ocrx_word' id='word_1_119' title='bbox 590 1765 820 1809; x_wconf 84' lang='lat' dir='ltr'><strong>ornatus</strong></span> <span class='ocrx_word' id='word_1_120' title='bbox 840 1757 948 1818; x_wconf 85' lang='lat' dir='ltr'><strong>est,</strong></span> <span class='ocrx_word' id='word_1_121' title='bbox 981 1747 1236 1822; x_wconf 88' lang='lat' dir='ltr'><strong>prohibet</strong></span> <span class='ocrx_word' id='word_1_122' title='bbox 1263 1764 1332 1803; x_wconf 90' lang='lat' dir='ltr'><strong>ne</strong></span> <span class='ocrx_word' id='word_1_123' title='bbox 1358 1746 1634 1802; x_wconf 86' lang='lat' dir='ltr'><strong>inﬁdelem</strong></span> <span class='ocrx_word' id='word_1_124' title='bbox 1672 1745 1863 1799; x_wconf 89' lang='lat' dir='ltr'><strong>ducat.</strong></span> 
     </span>
    </p>
   </div>
   <div class='ocr_carea' id='block_1_20' title="bbox 669 1808 2250 1900">
    <p class='ocr_par' dir='ltr' id='par_1_20' title="bbox 669 1808 2250 1900">
     <span class='ocr_line' id='line_1_20' title="bbox 669 1808 2250 1900; baseline -0.011 -2"><span class='ocrx_word' id='word_1_125' title='bbox 669 1845 831 1899; x_wconf 71' lang='lat' dir='ltr'><strong>Vsus.</strong></span> <span class='ocrx_word' id='word_1_126' title='bbox 867 1808 956 1900; x_wconf 44' lang='grc' dir='ltr'><strong>Μ’.</strong></span> <span class='ocrx_word' id='word_1_127' title='bbox 983 1808 1032 1896; x_wconf 78' lang='grc' dir='ltr'><strong>⁵ι</strong></span> <span class='ocrx_word' id='word_1_128' title='bbox 1068 1841 1462 1896; x_wconf 77' lang='lat' dir='ltr'><strong>Sanctiﬁcatus</strong></span> <span class='ocrx_word' id='word_1_129' title='bbox 1503 1845 1589 1894; x_wconf 84' lang='lat' dir='ltr'><strong>est</strong></span> <span class='ocrx_word' id='word_1_130' title='bbox 1621 1838 1768 1894; x_wconf 86' lang='lat' dir='ltr'><strong>enim</strong></span> <span class='ocrx_word' id='word_1_131' title='bbox 1815 1836 1898 1889; x_wconf 79' lang='lat' dir='ltr'><strong>vir</strong></span> <span class='ocrx_word' id='word_1_132' title='bbox 1929 1828 2175 1886; x_wconf 87' lang='lat' dir='ltr'><strong>inﬁdelis</strong></span> <span class='ocrx_word' id='word_1_133' title='bbox 2207 1808 2250 1864; x_wconf 71' lang='grc' dir='ltr'><strong>Β</strong></span> 
     </span>
    </p>
   </div>
   <div class='ocr_carea' id='block_1_21' title="bbox 590 1921 2176 2007">
    <p class='ocr_par' dir='ltr' id='par_1_21' title="bbox 590 1921 2176 2007">
     <span class='ocr_line' id='line_1_21' title="bbox 590 1921 2176 2007; baseline -0.015 -14"><span class='ocrx_word' id='word_1_134' title='bbox 590 1953 689 2007; x_wconf 81' lang='lat' dir='ltr'><strong>per</strong></span> <span class='ocrx_word' id='word_1_135' title='bbox 719 1934 1002 1990; x_wconf 84' lang='lat' dir='ltr'><strong>mulierem</strong></span> <span class='ocrx_word' id='word_1_136' title='bbox 1033 1931 1268 1997; x_wconf 89' lang='lat' dir='ltr'><strong>ﬁdelem,</strong></span> <span class='ocrx_word' id='word_1_137' title='bbox 1304 1938 1359 1985; x_wconf 93' lang='lat' dir='ltr'><strong>et</strong></span> <span class='ocrx_word' id='word_1_138' title='bbox 1385 1926 1732 1986; x_wconf 87' lang='lat' dir='ltr'><strong>sanctiﬁcata</strong></span> <span class='ocrx_word' id='word_1_139' title='bbox 1750 1933 1837 1981; x_wconf 87' lang='lat' dir='ltr'><strong>est</strong></span> <span class='ocrx_word' id='word_1_140' title='bbox 1873 1922 2071 1978; x_wconf 82' lang='lat' dir='ltr'><strong>mulier</strong></span> <span class='ocrx_word' id='word_1_141' title='bbox 2091 1921 2176 1973; x_wconf 83' lang='lat' dir='ltr'><strong>in-</strong></span> 
     </span>
    </p>
   </div>
   <div class='ocr_carea' id='block_1_22' title="bbox 593 2016 2174 2098">
    <p class='ocr_par' dir='ltr' id='par_1_22' title="bbox 593 2016 2174 2098">
     <span class='ocr_line' id='line_1_22' title="bbox 593 2016 2174 2098; baseline -0.013 -14"><span class='ocrx_word' id='word_1_142' title='bbox 593 2029 771 2084; x_wconf 84' lang='lat' dir='ltr'><strong>ﬁdelis</strong></span> <span class='ocrx_word' id='word_1_143' title='bbox 816 2041 914 2098; x_wconf 87' lang='lat' dir='ltr'><strong>per</strong></span> <span class='ocrx_word' id='word_1_144' title='bbox 960 2023 1190 2079; x_wconf 87' lang='lat' dir='ltr'><strong>virum:</strong></span> <span class='ocrx_word' id='word_1_145' title='bbox 1239 2023 1447 2094; x_wconf 85' lang='lat' dir='ltr'><strong>alioqui</strong></span> <span class='ocrx_word' id='word_1_146' title='bbox 1489 2020 1589 2077; x_wconf 88' lang='lat' dir='ltr'><strong>ﬁlii</strong></span> <span class='ocrx_word' id='word_1_147' title='bbox 1637 2016 1907 2075; x_wconf 88' lang='lat' dir='ltr'><strong>immundi</strong></span> <span class='ocrx_word' id='word_1_148' title='bbox 1940 2018 2126 2069; x_wconf 84' lang='lat' dir='ltr'><strong>essent</strong></span> <span class='ocrx_word' id='word_1_149' title='bbox 2161 2027 2174 2062; x_wconf 88' lang='lat'><strong>:</strong></span> 
     </span>
    </p>
   </div>
   <div class='ocr_carea' id='block_1_23' title="bbox 593 2115 1421 2178">
    <p class='ocr_par' dir='ltr' id='par_1_23' title="bbox 593 2115 1421 2178">
     <span class='ocr_line' id='line_1_23' title="bbox 593 2115 1421 2178; baseline -0.012 0"><span class='ocrx_word' id='word_1_150' title='bbox 593 2136 749 2178; x_wconf 89' lang='lat' dir='ltr'><strong>nunc</strong></span> <span class='ocrx_word' id='word_1_151' title='bbox 786 2127 968 2174; x_wconf 89' lang='lat' dir='ltr'><strong>autem</strong></span> <span class='ocrx_word' id='word_1_152' title='bbox 997 2115 1178 2172; x_wconf 86' lang='lat' dir='ltr'><strong>sancti</strong></span> <span class='ocrx_word' id='word_1_153' title='bbox 1206 2125 1356 2171; x_wconf 87' lang='lat' dir='ltr'><strong>sunt.</strong></span> <span class='ocrx_word' id='word_1_154' title='bbox 1394 2133 1421 2168; x_wconf 65' lang='grc' dir='ltr'><strong><em>ι</em></strong></span> 
     </span>
    </p>
   </div>
   <div class='ocr_carea' id='block_1_24' title="bbox 672 2198 2179 2276">
    <p class='ocr_par' dir='ltr' id='par_1_24' title="bbox 672 2198 2179 2276">
     <span class='ocr_line' id='line_1_24' title="bbox 672 2198 2179 2276; baseline -0.011 -9"><span class='ocrx_word' id='word_1_155' title='bbox 672 2210 911 2276; x_wconf 7' lang='grc' dir='ltr'>Ηοοήοὶι,</span> <span class='ocrx_word' id='word_1_156' title='bbox 969 2225 1040 2266; x_wconf 90' lang='lat' dir='ltr'><strong>ne</strong></span> <span class='ocrx_word' id='word_1_157' title='bbox 1101 2209 1294 2264; x_wconf 86' lang='lat' dir='ltr'><strong>timeat</strong></span> <span class='ocrx_word' id='word_1_158' title='bbox 1335 2223 1497 2274; x_wconf 79' lang='lat' dir='ltr'><strong>uxor,</strong></span> <span class='ocrx_word' id='word_1_159' title='bbox 1524 2222 1588 2262; x_wconf 90' lang='lat' dir='ltr'><strong>ac</strong></span> <span class='ocrx_word' id='word_1_160' title='bbox 1629 2206 1676 2262; x_wconf 89' lang='lat' dir='ltr'><strong>si</strong></span> <span class='ocrx_word' id='word_1_161' title='bbox 1721 2202 2008 2260; x_wconf 86' lang='lat' dir='ltr'><strong>immunda</strong></span> <span class='ocrx_word' id='word_1_162' title='bbox 2041 2198 2179 2254; x_wconf 87' lang='lat' dir='ltr'><strong>foret</strong></span> 
     </span>
    </p>
   </div>
   <div class='ocr_carea' id='block_1_25' title="bbox 595 2293 2179 2379">
    <p class='ocr_par' dir='ltr' id='par_1_25' title="bbox 595 2293 2179 2379">
     <span class='ocr_line' id='line_1_25' title="bbox 595 2293 2179 2379; baseline -0.012 -17"><span class='ocrx_word' id='word_1_163' title='bbox 595 2313 822 2379; x_wconf 79' lang='lat' dir='ltr'><strong>propter</strong></span> <span class='ocrx_word' id='word_1_164' title='bbox 846 2301 1123 2373; x_wconf 85' lang='lat' dir='ltr'><strong>ejusmodi</strong></span> <span class='ocrx_word' id='word_1_165' title='bbox 1170 2300 1400 2356; x_wconf 89' lang='lat' dir='ltr'><strong>coitum.</strong></span> <span class='ocrx_word' id='word_1_166' title='bbox 1444 2299 1542 2356; x_wconf 82' lang='lat' dir='ltr'><strong>Est</strong></span> <span class='ocrx_word' id='word_1_167' title='bbox 1566 2299 1716 2355; x_wconf 88' lang='lat' dir='ltr'><strong>enim</strong></span> <span class='ocrx_word' id='word_1_168' title='bbox 1741 2311 1869 2352; x_wconf 88' lang='lat' dir='ltr'><strong>cum</strong></span> <span class='ocrx_word' id='word_1_169' title='bbox 1904 2293 2024 2348; x_wconf 88' lang='lat' dir='ltr'><strong>viro</strong></span> <span class='ocrx_word' id='word_1_170' title='bbox 2052 2305 2179 2346; x_wconf 90' lang='lat' dir='ltr'><strong>cor-</strong></span> 
     </span>
    </p>
   </div>
   <div class='ocr_carea' id='block_1_26' title="bbox 598 2380 2176 2468">
    <p class='ocr_par' dir='ltr' id='par_1_26' title="bbox 598 2380 2176 2468">
     <span class='ocr_line' id='line_1_26' title="bbox 598 2380 2176 2468; baseline -0.009 -17"><span class='ocrx_word' id='word_1_171' title='bbox 598 2411 702 2468; x_wconf 88' lang='lat' dir='ltr'><strong>pus</strong></span> <span class='ocrx_word' id='word_1_172' title='bbox 728 2392 839 2465; x_wconf 75' lang='grc'><strong>85</strong></span> <span class='ocrx_word' id='word_1_173' title='bbox 872 2406 1096 2459; x_wconf 75' lang='lat' dir='ltr'><strong>unum;</strong></span> <span class='ocrx_word' id='word_1_174' title='bbox 1143 2389 1292 2461; x_wconf 82' lang='lat' dir='ltr'><strong>quod</strong></span> <span class='ocrx_word' id='word_1_175' title='bbox 1337 2398 1523 2446; x_wconf 88' lang='lat' dir='ltr'><strong>tamen</strong></span> <span class='ocrx_word' id='word_1_176' title='bbox 1555 2387 1904 2446; x_wconf 87' lang='lat' dir='ltr'><strong>immundum</strong></span> <span class='ocrx_word' id='word_1_177' title='bbox 1945 2398 2054 2440; x_wconf 87' lang='lat' dir='ltr'><strong>non</strong></span> <span class='ocrx_word' id='word_1_178' title='bbox 2096 2380 2176 2437; x_wconf 83' lang='lat' dir='ltr'><strong>ﬁt.</strong></span> 
     </span>
    </p>
   </div>
   <div class='ocr_carea' id='block_1_27' title="bbox 598 2476 2176 2542">
    <p class='ocr_par' dir='ltr' id='par_1_27' title="bbox 598 2476 2176 2542">
     <span class='ocr_line' id='line_1_27' title="bbox 598 2476 2176 2542; baseline -0.004 -5"><span class='ocrx_word' id='word_1_179' title='bbox 598 2483 787 2542; x_wconf 74' lang='lat' dir='ltr'><strong>Vincit</strong></span> <span class='ocrx_word' id='word_1_180' title='bbox 821 2483 972 2538; x_wconf 82' lang='lat' dir='ltr'><strong>enirn</strong></span> <span class='ocrx_word' id='word_1_181' title='bbox 1014 2485 1204 2538; x_wconf 80' lang='lat' dir='ltr'><strong>uxoris</strong></span> <span class='ocrx_word' id='word_1_182' title='bbox 1264 2481 1538 2539; x_wconf 84' lang='lat' dir='ltr'><strong>munditia</strong></span> <span class='ocrx_word' id='word_1_183' title='bbox 1585 2479 1995 2538; x_wconf 87' lang='lat' dir='ltr'><strong>immunditiam</strong></span> <span class='ocrx_word' id='word_1_184' title='bbox 2050 2476 2176 2541; x_wconf 87' lang='lat' dir='ltr'><strong>viri,</strong></span> 
     </span>
    </p>
   </div>
   <div class='ocr_carea' id='block_1_28' title="bbox 598 2566 2178 2634">
    <p class='ocr_par' dir='ltr' id='par_1_28' title="bbox 598 2566 2178 2634">
     <span class='ocr_line' id='line_1_28' title="bbox 598 2566 2178 2634; baseline -0.008 -1"><span class='ocrx_word' id='word_1_185' title='bbox 598 2585 653 2634; x_wconf 86' lang='lat' dir='ltr'><strong>et</strong></span> <span class='ocrx_word' id='word_1_186' title='bbox 683 2574 922 2631; x_wconf 82' lang='lat' dir='ltr'><strong>inﬁdelis</strong></span> <span class='ocrx_word' id='word_1_187' title='bbox 990 2571 1239 2628; x_wconf 87' lang='lat' dir='ltr'><strong>mulieris</strong></span> <span class='ocrx_word' id='word_1_188' title='bbox 1296 2570 1706 2628; x_wconf 86' lang='lat' dir='ltr'><strong>immunditiam</strong></span> <span class='ocrx_word' id='word_1_189' title='bbox 1740 2568 2014 2626; x_wconf 86' lang='lat' dir='ltr'><strong>munditia</strong></span> <span class='ocrx_word' id='word_1_190' title='bbox 2071 2566 2178 2623; x_wconf 90' lang='lat' dir='ltr'><strong>viri</strong></span> 
     </span>
    </p>
   </div>
   <div class='ocr_carea' id='block_1_29' title="bbox 599 2676 846 2740">
    <p class='ocr_par' dir='ltr' id='par_1_29' title="bbox 599 2676 846 2740">
     <span class='ocr_line' id='line_1_29' title="bbox 599 2676 846 2740; baseline -0.008 -14"><span class='ocrx_word' id='word_1_191' title='bbox 599 2676 846 2740; x_wconf 84' lang='lat' dir='ltr'><strong>supcrat.</strong></span> 
     </span>
    </p>
   </div>
   <div class='ocr_carea' id='block_1_30' title="bbox 674 2751 2176 2826">
    <p class='ocr_par' dir='ltr' id='par_1_30' title="bbox 674 2751 2176 2826">
     <span class='ocr_line' id='line_1_30' title="bbox 674 2751 2176 2826; baseline -0.006 -10"><span class='ocrx_word' id='word_1_192' title='bbox 674 2762 840 2817; x_wconf 74' lang='lat' dir='ltr'><strong>Vsus.</strong></span> <span class='ocrx_word' id='word_1_193' title='bbox 874 2760 964 2815; x_wconf 75' lang='grc'>15.</span> <span class='ocrx_word' id='word_1_194' title='bbox 1010 2778 1030 2812; x_wconf 79' lang='grc' dir='ltr'><strong>ι</strong></span> <span class='ocrx_word' id='word_1_195' title='bbox 1070 2754 1225 2826; x_wconf 85' lang='lat' dir='ltr'><strong>Quod</strong></span> <span class='ocrx_word' id='word_1_196' title='bbox 1259 2757 1306 2816; x_wconf 90' lang='lat' dir='ltr'><strong>si</strong></span> <span class='ocrx_word' id='word_1_197' title='bbox 1333 2757 1573 2814; x_wconf 87' lang='lat' dir='ltr'><strong>inﬁdelis</strong></span> <span class='ocrx_word' id='word_1_198' title='bbox 1605 2754 1864 2822; x_wconf 85' lang='lat' dir='ltr'><strong>discedit,</strong></span> <span class='ocrx_word' id='word_1_199' title='bbox 1907 2751 2176 2809; x_wconf 87' lang='lat' dir='ltr'><strong>discedat.</strong></span> 
     </span>
    </p>
   </div>
   <div class='ocr_carea' id='block_1_31' title="bbox 597 2843 2178 2924">
    <p class='ocr_par' dir='ltr' id='par_1_31' title="bbox 597 2843 2178 2924">
     <span class='ocr_line' id='line_1_31' title="bbox 597 2843 2178 2924; baseline -0.009 -11"><span class='ocrx_word' id='word_1_200' title='bbox 597 2856 716 2913; x_wconf 78' lang='lat' dir='ltr'><strong>Non</strong></span> <span class='ocrx_word' id='word_1_201' title='bbox 745 2854 1000 2911; x_wconf 86' lang='lat' dir='ltr'><strong>servituti</strong></span> <span class='ocrx_word' id='word_1_202' title='bbox 1053 2851 1340 2924; x_wconf 82' lang='lat' dir='ltr'><strong>subjectus</strong></span> <span class='ocrx_word' id='word_1_203' title='bbox 1389 2859 1478 2913; x_wconf 88' lang='lat' dir='ltr'><strong>est</strong></span> <span class='ocrx_word' id='word_1_204' title='bbox 1539 2850 1733 2918; x_wconf 85' lang='lat' dir='ltr'><strong>frater,</strong></span> <span class='ocrx_word' id='word_1_205' title='bbox 1783 2858 1880 2906; x_wconf 87' lang='lat' dir='ltr'><strong>aut</strong></span> <span class='ocrx_word' id='word_1_206' title='bbox 1931 2860 2095 2903; x_wconf 83' lang='lat' dir='ltr'><strong>soror</strong></span> <span class='ocrx_word' id='word_1_207' title='bbox 2121 2843 2178 2899; x_wconf 93' lang='lat' dir='ltr'><strong>in</strong></span> 
     </span>
    </p>
   </div>
   <div class='ocr_carea' id='block_1_32' title="bbox 600 2948 998 3022">
    <p class='ocr_par' dir='ltr' id='par_1_32' title="bbox 600 2948 998 3022">
     <span class='ocr_line' id='line_1_32' title="bbox 600 2948 998 3022; baseline -0.015 -14"><span class='ocrx_word' id='word_1_208' title='bbox 600 2948 937 3022; x_wconf 74' lang='lat' dir='ltr'><strong>huiusmodi.</strong></span> <span class='ocrx_word' id='word_1_209' title='bbox 976 2966 998 3002; x_wconf 72' lang='grc' dir='ltr'><strong>ι</strong></span> 
     </span>
    </p>
   </div>
   <div class='ocr_carea' id='block_1_33' title="bbox 669 3031 2181 3115">
    <p class='ocr_par' dir='ltr' id='par_1_33' title="bbox 669 3031 2181 3115">
     <span class='ocr_line' id='line_1_33' title="bbox 669 3031 2181 3115; baseline -0.006 -18"><span class='ocrx_word' id='word_1_210' title='bbox 669 3042 961 3108; x_wconf 73' lang='lat' dir='ltr'><strong>Videlicet,</strong></span> <span class='ocrx_word' id='word_1_211' title='bbox 1011 3041 1059 3099; x_wconf 89' lang='lat' dir='ltr'><strong>si</strong></span> <span class='ocrx_word' id='word_1_212' title='bbox 1116 3050 1340 3115; x_wconf 86' lang='lat' dir='ltr'><strong>propter</strong></span> <span class='ocrx_word' id='word_1_213' title='bbox 1373 3036 1695 3110; x_wconf 78' lang='lat' dir='ltr'><strong>conjugium</strong></span> <span class='ocrx_word' id='word_1_214' title='bbox 1729 3036 1882 3108; x_wconf 85' lang='lat' dir='ltr'><strong>jubet</strong></span> <span class='ocrx_word' id='word_1_215' title='bbox 1915 3044 1968 3096; x_wconf 90' lang='lat' dir='ltr'><strong>tc</strong></span> <span class='ocrx_word' id='word_1_216' title='bbox 2002 3031 2181 3090; x_wconf 87' lang='lat' dir='ltr'><strong>sacri-</strong></span> 
     </span>
    </p>
   </div>
   <div class='ocr_carea' id='block_1_34' title="bbox 2268 535 2746 610">
    <p class='ocr_par' dir='ltr' id='par_1_34' title="bbox 2268 535 2746 610">
     <span class='ocr_line' id='line_1_34' title="bbox 2268 535 2746 610; baseline -0.017 -16"><span class='ocrx_word' id='word_1_217' title='bbox 2268 541 2369 610; x_wconf 82' lang='grc' dir='ltr'>οὐχ</span> <span class='ocrx_word' id='word_1_218' title='bbox 2394 535 2696 608; x_wconf 79' lang='grc' dir='ltr'>ὀΧριστὸς.</span> <span class='ocrx_word' id='word_1_219' title='bbox 2727 552 2746 586; x_wconf 73' lang='grc' dir='ltr'><strong>ι</strong></span> 
     </span>
    </p>
   </div>
   <div class='ocr_carea' id='block_1_35' title="bbox 2350 606 3836 702">
    <p class='ocr_par' dir='ltr' id='par_1_35' title="bbox 2350 606 3836 702">
     <span class='ocr_line' id='line_1_35' title="bbox 2350 606 3836 702; baseline -0.018 -16"><span class='ocrx_word' id='word_1_220' title='bbox 2350 606 2642 702; x_wconf 74' lang='grc' dir='ltr'>Ἓνέςρηνεν</span> <span class='ocrx_word' id='word_1_221' title='bbox 2698 627 2799 698; x_wconf 79' lang='grc' dir='ltr'><strong>ὅση</strong></span> <span class='ocrx_word' id='word_1_222' title='bbox 2858 624 2958 696; x_wconf 79' lang='grc' dir='ltr'>τῆς</span> <span class='ocrx_word' id='word_1_223' title='bbox 3005 617 3307 693; x_wconf 70' lang='grc' dir='ltr'>ὶπιθυμίας</span> <span class='ocrx_word' id='word_1_224' title='bbox 3335 610 3672 688; x_wconf 69' lang='grc' dir='ltr'>ἠτυραννίς.</span> <span class='ocrx_word' id='word_1_225' title='bbox 3701 609 3764 663; x_wconf 77' lang='grc' dir='ltr'><strong>Ὀ</strong></span> <span class='ocrx_word' id='word_1_226' title='bbox 3782 606 3836 702; x_wconf 52' lang='grc' dir='ltr'>δε</span> 
     </span>
    </p>
   </div>
   <div class='ocr_carea' id='block_1_36' title="bbox 2266 699 3846 794">
    <p class='ocr_par' dir='ltr' id='par_1_36' title="bbox 2266 699 3846 794">
     <span class='ocr_line' id='line_1_36' title="bbox 2266 699 3846 794; baseline -0.018 -15"><span class='ocrx_word' id='word_1_227' title='bbox 2266 724 2414 794; x_wconf 66' lang='grc' dir='ltr'>λέγει</span> <span class='ocrx_word' id='word_1_228' title='bbox 2440 699 2685 777; x_wconf 68' lang='grc' dir='ltr'>τοιοῦτον</span> <span class='ocrx_word' id='word_1_229' title='bbox 2715 720 2884 773; x_wconf 71' lang='grc' dir='ltr'>ἐστιν.</span> <span class='ocrx_word' id='word_1_230' title='bbox 2915 716 2979 772; x_wconf 80' lang='grc' dir='ltr'><strong>ει</strong></span> <span class='ocrx_word' id='word_1_231' title='bbox 3001 709 3203 785; x_wconf 77' lang='grc' dir='ltr'>πολλὴν</span> <span class='ocrx_word' id='word_1_232' title='bbox 3228 707 3532 782; x_wconf 73' lang='grc' dir='ltr'>ὑπομένεις</span> <span class='ocrx_word' id='word_1_233' title='bbox 3573 703 3701 794; x_wconf 82' lang='grc' dir='ltr'>βίαν</span> <span class='ocrx_word' id='word_1_234' title='bbox 3754 699 3846 754; x_wconf 64' lang='grc' dir='ltr'>καὶ</span> 
     </span>
    </p>
   </div>
   <div class='ocr_carea' id='block_1_37' title="bbox 2270 793 3841 889">
    <p class='ocr_par' dir='ltr' id='par_1_37' title="bbox 2270 793 3841 889">
     <span class='ocr_line' id='line_1_37' title="bbox 2270 793 3841 889; baseline -0.017 -19"><span class='ocrx_word' id='word_1_235' title='bbox 2270 817 2539 889; x_wconf 79' lang='grc' dir='ltr'>πύρωσιν,</span> <span class='ocrx_word' id='word_1_236' title='bbox 2569 807 2923 881; x_wconf 77' lang='grc' dir='ltr'>ἀπαλλάγηθι</span> <span class='ocrx_word' id='word_1_237' title='bbox 2952 808 3132 864; x_wconf 80' lang='grc' dir='ltr'>πόνων</span> <span class='ocrx_word' id='word_1_238' title='bbox 3165 802 3262 860; x_wconf 73' lang='grc' dir='ltr'><strong>καί⁸</strong></span> <span class='ocrx_word' id='word_1_239' title='bbox 3316 794 3578 872; x_wconf 75' lang='grc' dir='ltr'><strong>ἱδρώτων,</strong></span> <span class='ocrx_word' id='word_1_240' title='bbox 3633 793 3841 866; x_wconf 80' lang='grc' dir='ltr'>μήποτε</span> 
     </span>
    </p>
   </div>
   <div class='ocr_carea' id='block_1_38' title="bbox 2267 904 2781 976">
    <p class='ocr_par' dir='ltr' id='par_1_38' title="bbox 2267 904 2781 976">
     <span class='ocr_line' id='line_1_38' title="bbox 2267 904 2781 976; baseline -0.01 -16"><span class='ocrx_word' id='word_1_241' title='bbox 2267 907 2365 960; x_wconf 68' lang='grc' dir='ltr'>καὶ</span> <span class='ocrx_word' id='word_1_242' title='bbox 2388 904 2781 976; x_wconf 74' lang='grc' dir='ltr'>παρατραπῇς.</span> 
     </span>
    </p>
   </div>
   <div class='ocr_carea' id='block_1_39' title="bbox 2344 974 3843 1066">
    <p class='ocr_par' dir='ltr' id='par_1_39' title="bbox 2344 974 3843 1066">
     <span class='ocr_line' id='line_1_39' title="bbox 2344 974 3843 1066; baseline -0.017 -14"><span class='ocrx_word' id='word_1_243' title='bbox 2344 1020 2363 1052; x_wconf 79' lang='grc' dir='ltr'><strong>ι</strong></span> <span class='ocrx_word' id='word_1_244' title='bbox 2403 974 2576 1061; x_wconf 53' lang='lat' dir='ltr'><strong>Etsi;</strong></span> <span class='ocrx_word' id='word_1_245' title='bbox 2610 994 2838 1066; x_wconf 73' lang='grc' dir='ltr'>ἁδελφὸς</span> <span class='ocrx_word' id='word_1_246' title='bbox 2863 989 3101 1064; x_wconf 84' lang='grc' dir='ltr'>γυναῖκα</span> <span class='ocrx_word' id='word_1_247' title='bbox 3149 987 3263 1059; x_wconf 70' lang='grc' dir='ltr'>ἔχει</span> <span class='ocrx_word' id='word_1_248' title='bbox 3292 983 3546 1046; x_wconf 74' lang='grc' dir='ltr'>ἄπιστον,</span> <span class='ocrx_word' id='word_1_249' title='bbox 3581 975 3681 1032; x_wconf 67' lang='grc' dir='ltr'>καὶ</span> <span class='ocrx_word' id='word_1_250' title='bbox 3712 974 3843 1048; x_wconf 73' lang='grc' dir='ltr'>αὐτὴ</span> 
     </span>
    </p>
   </div>
   <div class='ocr_carea' id='block_1_40' title="bbox 2272 1069 3841 1156">
    <p class='ocr_par' dir='ltr' id='par_1_40' title="bbox 2272 1069 3841 1156">
     <span class='ocr_line' id='line_1_40' title="bbox 2272 1069 3841 1156; baseline -0.014 -10"><span class='ocrx_word' id='word_1_251' title='bbox 2272 1092 2583 1148; x_wconf 79' lang='grc' dir='ltr'>συνευδοκεῖ</span> <span class='ocrx_word' id='word_1_252' title='bbox 2630 1089 2802 1144; x_wconf 81' lang='grc' dir='ltr'>οἰκεῖν</span> <span class='ocrx_word' id='word_1_253' title='bbox 2867 1083 2989 1156; x_wconf 76' lang='grc' dir='ltr'>μετ’</span> <span class='ocrx_word' id='word_1_254' title='bbox 3030 1079 3220 1147; x_wconf 81' lang='grc' dir='ltr'>αὐτοῦ,</span> <span class='ocrx_word' id='word_1_255' title='bbox 3258 1077 3337 1151; x_wconf 78' lang='grc' dir='ltr'>μὴ</span> <span class='ocrx_word' id='word_1_256' title='bbox 3383 1072 3596 1147; x_wconf 75' lang='grc' dir='ltr'>ἀφιέτω</span> <span class='ocrx_word' id='word_1_257' title='bbox 3648 1069 3841 1139; x_wconf 80' lang='grc' dir='ltr'>αύτήν.</span> 
     </span>
    </p>
   </div>
   <div class='ocr_carea' id='block_1_41' title="bbox 2271 1158 3850 1252">
    <p class='ocr_par' dir='ltr' id='par_1_41' title="bbox 2271 1158 3850 1252">
     <span class='ocr_line' id='line_1_41' title="bbox 2271 1158 3850 1252; baseline -0.016 -15"><span class='ocrx_word' id='word_1_258' title='bbox 2271 1181 2384 1237; x_wconf 74' lang='grc' dir='ltr'><strong>Καὶ</strong></span> <span class='ocrx_word' id='word_1_259' title='bbox 2438 1179 2578 1252; x_wconf 76' lang='grc' dir='ltr'>γυνὴ</span> <span class='ocrx_word' id='word_1_260' title='bbox 2626 1176 2800 1240; x_wconf 76' lang='grc' dir='ltr'>εἴτις</span> <span class='ocrx_word' id='word_1_261' title='bbox 2847 1174 2960 1248; x_wconf 74' lang='grc' dir='ltr'>εχει</span> <span class='ocrx_word' id='word_1_262' title='bbox 3010 1171 3183 1244; x_wconf 77' lang='grc' dir='ltr'>ἀνδρα</span> <span class='ocrx_word' id='word_1_263' title='bbox 3228 1169 3480 1230; x_wconf 74' lang='grc' dir='ltr'>ἄπιστον,</span> <span class='ocrx_word' id='word_1_264' title='bbox 3542 1161 3640 1216; x_wconf 67' lang='grc' dir='ltr'>καὶ</span> <span class='ocrx_word' id='word_1_265' title='bbox 3690 1158 3850 1252; x_wconf 58' lang='grc' dir='ltr'>αὐτος</span> 
     </span>
    </p>
   </div>
   <div class='ocr_carea' id='block_1_42' title="bbox 2273 1251 3850 1339">
    <p class='ocr_par' dir='ltr' id='par_1_42' title="bbox 2273 1251 3850 1339">
     <span class='ocr_line' id='line_1_42' title="bbox 2273 1251 3850 1339; baseline -0.016 -11"><span class='ocrx_word' id='word_1_266' title='bbox 2273 1251 2587 1328; x_wconf 73' lang='grc' dir='ltr'><strong>συνευδοκεῖ</strong></span> <span class='ocrx_word' id='word_1_267' title='bbox 2642 1270 2816 1323; x_wconf 78' lang='grc' dir='ltr'>οἰκεῖν</span> <span class='ocrx_word' id='word_1_268' title='bbox 2885 1264 3011 1339; x_wconf 79' lang='grc' dir='ltr'>μετ’</span> <span class='ocrx_word' id='word_1_269' title='bbox 3083 1260 3301 1334; x_wconf 76' lang='grc' dir='ltr'>αὐτῆς,</span> <span class='ocrx_word' id='word_1_270' title='bbox 3347 1257 3430 1330; x_wconf 66' lang='grc' dir='ltr'>μὴ</span> <span class='ocrx_word' id='word_1_271' title='bbox 3494 1252 3713 1324; x_wconf 75' lang='grc' dir='ltr'>ἀφιέτω</span> <span class='ocrx_word' id='word_1_272' title='bbox 3755 1251 3850 1306; x_wconf 69' lang='grc' dir='ltr'>αύο</span> 
     </span>
    </p>
   </div>
   <div class='ocr_carea' id='block_1_43' title="bbox 2270 1368 2437 1423">
    <p class='ocr_par' dir='ltr' id='par_1_43' title="bbox 2270 1368 2437 1423">
     <span class='ocr_line' id='line_1_43' title="bbox 2270 1368 2437 1423; baseline 0 -1"><span class='ocrx_word' id='word_1_273' title='bbox 2270 1368 2382 1423; x_wconf 81' lang='grc' dir='ltr'>τόν.</span> <span class='ocrx_word' id='word_1_274' title='bbox 2412 1386 2437 1422; x_wconf 69' lang='grc' dir='ltr'><strong>ε</strong></span> 
     </span>
    </p>
   </div>
   <div class='ocr_carea' id='block_1_44' title="bbox 2343 1442 3852 1532">
    <p class='ocr_par' dir='ltr' id='par_1_44' title="bbox 2343 1442 3852 1532">
     <span class='ocr_line' id='line_1_44' title="bbox 2343 1442 3852 1532; baseline -0.013 -18"><span class='ocrx_word' id='word_1_275' title='bbox 2343 1460 2449 1515; x_wconf 79' lang='grc' dir='ltr'><strong>Τὸν</strong></span> <span class='ocrx_word' id='word_1_276' title='bbox 2500 1459 2609 1532; x_wconf 79' lang='grc' dir='ltr'><strong>πρὸ</strong></span> <span class='ocrx_word' id='word_1_277' title='bbox 2656 1457 2758 1531; x_wconf 80' lang='grc' dir='ltr'>τῆς</span> <span class='ocrx_word' id='word_1_278' title='bbox 2799 1453 3025 1528; x_wconf 88' lang='grc' dir='ltr'>χάριτος</span> <span class='ocrx_word' id='word_1_279' title='bbox 3061 1448 3261 1523; x_wconf 73' lang='grc' dir='ltr'>ῑχοπα</span> <span class='ocrx_word' id='word_1_280' title='bbox 3306 1447 3540 1502; x_wconf 75' lang='grc' dir='ltr'>ἄπιστον</span> <span class='ocrx_word' id='word_1_281' title='bbox 3593 1442 3852 1514; x_wconf 81' lang='grc' dir='ltr'>γυναῖκα,</span> 
     </span>
    </p>
   </div>
   <div class='ocr_carea' id='block_1_45' title="bbox 2270 1536 3854 1621">
    <p class='ocr_par' dir='ltr' id='par_1_45' title="bbox 2270 1536 3854 1621">
     <span class='ocr_line' id='line_1_45' title="bbox 2270 1536 3854 1621; baseline -0.013 -13"><span class='ocrx_word' id='word_1_282' title='bbox 2270 1553 2334 1608; x_wconf 83' lang='grc' dir='ltr'><strong>ού</strong></span> <span class='ocrx_word' id='word_1_283' title='bbox 2382 1551 2595 1609; x_wconf 78' lang='grc' dir='ltr'><strong>κελεύει</strong></span> <span class='ocrx_word' id='word_1_284' title='bbox 2657 1549 2878 1620; x_wconf 79' lang='grc' dir='ltr'>ἀφιέναι</span> <span class='ocrx_word' id='word_1_285' title='bbox 2940 1546 3084 1621; x_wconf 86' lang='grc' dir='ltr'><strong>μετά</strong></span> <span class='ocrx_word' id='word_1_286' title='bbox 3114 1544 3216 1618; x_wconf 72' lang='grc' dir='ltr'>τὴν</span> <span class='ocrx_word' id='word_1_287' title='bbox 3268 1541 3468 1616; x_wconf 80' lang='grc' dir='ltr'>χάριν·</span> <span class='ocrx_word' id='word_1_288' title='bbox 3500 1539 3590 1596; x_wconf 82' lang='grc' dir='ltr'>τδν</span> <span class='ocrx_word' id='word_1_289' title='bbox 3633 1538 3694 1594; x_wconf 76' lang='grc' dir='ltr'><strong>δι</strong></span> <span class='ocrx_word' id='word_1_290' title='bbox 3755 1536 3854 1607; x_wconf 64' lang='grc' dir='ltr'><strong>ἥδη</strong></span> 
     </span>
    </p>
   </div>
   <div class='ocr_carea' id='block_1_46' title="bbox 2273 1629 3856 1719">
    <p class='ocr_par' dir='ltr' id='par_1_46' title="bbox 2273 1629 3856 1719">
     <span class='ocr_line' id='line_1_46' title="bbox 2273 1629 3856 1719; baseline -0.013 -19"><span class='ocrx_word' id='word_1_291' title='bbox 2273 1645 2372 1719; x_wconf 81' lang='grc' dir='ltr'>τὴν</span> <span class='ocrx_word' id='word_1_292' title='bbox 2408 1645 2570 1718; x_wconf 80' lang='grc' dir='ltr'>χάριν</span> <span class='ocrx_word' id='word_1_293' title='bbox 2611 1642 2910 1716; x_wconf 77' lang='grc' dir='ltr'><strong>δεξάμενον</strong></span> <span class='ocrx_word' id='word_1_294' title='bbox 2934 1637 3137 1695; x_wconf 78' lang='grc' dir='ltr'>κωλύει</span> <span class='ocrx_word' id='word_1_295' title='bbox 3171 1635 3402 1692; x_wconf 78' lang='grc' dir='ltr'>ἄπιστον</span> <span class='ocrx_word' id='word_1_296' title='bbox 3423 1629 3732 1707; x_wconf 77' lang='grc' dir='ltr'>λαμϐάνειν</span> <span class='ocrx_word' id='word_1_297' title='bbox 3758 1646 3856 1698; x_wconf 86' lang='grc' dir='ltr'>γυ-</span> 
     </span>
    </p>
   </div>
   <div class='ocr_carea' id='block_1_47' title="bbox 2250 1730 2462 1791">
    <p class='ocr_par' dir='ltr' id='par_1_47' title="bbox 2250 1730 2462 1791">
     <span class='ocr_line' id='line_1_47' title="bbox 2250 1730 2462 1791; baseline 0.005 -1"><span class='ocrx_word' id='word_1_298' title='bbox 2250 1730 2256 1739; x_wconf 91' lang='grc'><em>’</em></span> <span class='ocrx_word' id='word_1_299' title='bbox 2276 1737 2462 1791; x_wconf 89' lang='grc' dir='ltr'>ναῖκα.</span> 
     </span>
    </p>
   </div>
   <div class='ocr_carea' id='block_1_48' title="bbox 2368 1814 3858 1898">
    <p class='ocr_par' dir='ltr' id='par_1_48' title="bbox 2368 1814 3858 1898">
     <span class='ocr_line' id='line_1_48' title="bbox 2368 1814 3858 1898; baseline -0.01 -18"><span class='ocrx_word' id='word_1_300' title='bbox 2368 1848 2387 1880; x_wconf 76' lang='grc' dir='ltr'><strong>ι</strong></span> <span class='ocrx_word' id='word_1_301' title='bbox 2435 1827 2730 1898; x_wconf 83' lang='grc' dir='ltr'>Ἠγίασται</span> <span class='ocrx_word' id='word_1_302' title='bbox 2785 1824 2898 1896; x_wconf 80' lang='grc' dir='ltr'><strong>γάρ</strong></span> <span class='ocrx_word' id='word_1_303' title='bbox 2943 1823 2972 1878; x_wconf 82' lang='grc' dir='ltr'><strong>ὃ</strong></span> <span class='ocrx_word' id='word_1_304' title='bbox 3009 1821 3148 1894; x_wconf 81' lang='grc' dir='ltr'>ἀνὴρ</span> <span class='ocrx_word' id='word_1_305' title='bbox 3192 1822 3222 1876; x_wconf 85' lang='grc' dir='ltr'>ὁ</span> <span class='ocrx_word' id='word_1_306' title='bbox 3264 1820 3492 1882; x_wconf 73' lang='grc' dir='ltr'>ἄπιστος</span> <span class='ocrx_word' id='word_1_307' title='bbox 3539 1817 3597 1892; x_wconf 72' lang='grc' dir='ltr'>ιν</span> <span class='ocrx_word' id='word_1_308' title='bbox 3646 1814 3716 1887; x_wconf 71' lang='grc' dir='ltr'>τῇ</span> <span class='ocrx_word' id='word_1_309' title='bbox 3767 1829 3858 1882; x_wconf 87' lang='grc' dir='ltr'>γυ-</span> 
     </span>
    </p>
   </div>
   <div class='ocr_carea' id='block_1_49' title="bbox 2279 1905 3858 1990">
    <p class='ocr_par' dir='ltr' id='par_1_49' title="bbox 2279 1905 3858 1990">
     <span class='ocr_line' id='line_1_49' title="bbox 2279 1905 3858 1990; baseline -0.013 -12"><span class='ocrx_word' id='word_1_310' title='bbox 2279 1921 2454 1986; x_wconf 79' lang='grc' dir='ltr'>ναικί,</span> <span class='ocrx_word' id='word_1_311' title='bbox 2506 1920 2602 1975; x_wconf 71' lang='grc' dir='ltr'>καὶ</span> <span class='ocrx_word' id='word_1_312' title='bbox 2647 1916 2905 1990; x_wconf 73' lang='grc' dir='ltr'><strong>ἡγίασται</strong></span> <span class='ocrx_word' id='word_1_313' title='bbox 2927 1917 2962 1986; x_wconf 80' lang='grc' dir='ltr'>ὴ</span> <span class='ocrx_word' id='word_1_314' title='bbox 2986 1913 3136 1987; x_wconf 79' lang='grc' dir='ltr'>γυνὴ</span> <span class='ocrx_word' id='word_1_315' title='bbox 3167 1914 3202 1985; x_wconf 80' lang='grc' dir='ltr'><strong>ἠ</strong></span> <span class='ocrx_word' id='word_1_316' title='bbox 3227 1909 3455 1974; x_wconf 76' lang='grc' dir='ltr'>ἄπιστος</span> <span class='ocrx_word' id='word_1_317' title='bbox 3483 1909 3543 1962; x_wconf 78' lang='grc' dir='ltr'><strong>έν</strong></span> <span class='ocrx_word' id='word_1_318' title='bbox 3568 1905 3648 1980; x_wconf 78' lang='grc' dir='ltr'>τῷ</span> <span class='ocrx_word' id='word_1_319' title='bbox 3687 1905 3858 1976; x_wconf 88' lang='grc' dir='ltr'>ἀνδρί.</span> 
     </span>
    </p>
   </div>
   <div class='ocr_carea' id='block_1_50' title="bbox 2290 1999 3863 2084">
    <p class='ocr_par' dir='ltr' id='par_1_50' title="bbox 2290 1999 3863 2084">
     <span class='ocr_line' id='line_1_50' title="bbox 2290 1999 3863 2084; baseline -0.013 -13"><span class='ocrx_word' id='word_1_320' title='bbox 2290 2013 2448 2070; x_wconf 68' lang='grc' dir='ltr'>Ἐπεὶ</span> <span class='ocrx_word' id='word_1_321' title='bbox 2501 2012 2610 2084; x_wconf 83' lang='grc' dir='ltr'><strong>ἀρα</strong></span> <span class='ocrx_word' id='word_1_322' title='bbox 2634 2011 2706 2068; x_wconf 83' lang='grc' dir='ltr'>τὰ</span> <span class='ocrx_word' id='word_1_323' title='bbox 2739 2007 2908 2066; x_wconf 84' lang='grc' dir='ltr'>τέκνα</span> <span class='ocrx_word' id='word_1_324' title='bbox 2965 2005 3124 2080; x_wconf 84' lang='grc' dir='ltr'>ύμῶν</span> <span class='ocrx_word' id='word_1_325' title='bbox 3145 2003 3440 2074; x_wconf 83' lang='grc' dir='ltr'>ἀκάθαρτά</span> <span class='ocrx_word' id='word_1_326' title='bbox 3478 2003 3652 2067; x_wconf 70' lang='grc' dir='ltr'>ἐστιν,</span> <span class='ocrx_word' id='word_1_327' title='bbox 3692 1999 3863 2054; x_wconf 61' lang='lat' dir='ltr'><strong>vivas</strong></span> 
     </span>
    </p>
   </div>
   <div class='ocr_carea' id='block_1_51' title="bbox 2277 2105 2652 2176">
    <p class='ocr_par' dir='ltr' id='par_1_51' title="bbox 2277 2105 2652 2176">
     <span class='ocr_line' id='line_1_51' title="bbox 2277 2105 2652 2176; baseline -0.016 -15"><span class='ocrx_word' id='word_1_328' title='bbox 2277 2105 2412 2176; x_wconf 71' lang='grc' dir='ltr'>ἅγιά</span> <span class='ocrx_word' id='word_1_329' title='bbox 2443 2107 2610 2159; x_wconf 72' lang='grc' dir='ltr'>ἐστιν.</span> <span class='ocrx_word' id='word_1_330' title='bbox 2632 2121 2652 2155; x_wconf 71' lang='grc' dir='ltr'><strong>ι</strong></span> 
     </span>
    </p>
   </div>
   <div class='ocr_carea' id='block_1_52' title="bbox 2356 2181 3865 2269">
    <p class='ocr_par' dir='ltr' id='par_1_52' title="bbox 2356 2181 3865 2269">
     <span class='ocr_line' id='line_1_52' title="bbox 2356 2181 3865 2269; baseline -0.013 -17"><span class='ocrx_word' id='word_1_331' title='bbox 2356 2199 2477 2252; x_wconf 81' lang='grc' dir='ltr'>Ἵνα</span> <span class='ocrx_word' id='word_1_332' title='bbox 2509 2196 2586 2269; x_wconf 82' lang='grc' dir='ltr'>μὴ</span> <span class='ocrx_word' id='word_1_333' title='bbox 2613 2195 2847 2266; x_wconf 83' lang='grc' dir='ltr'>φοϐῆται</span> <span class='ocrx_word' id='word_1_334' title='bbox 2874 2194 2908 2265; x_wconf 80' lang='grc' dir='ltr'><strong>ἡ</strong></span> <span class='ocrx_word' id='word_1_335' title='bbox 2938 2190 3083 2264; x_wconf 75' lang='grc' dir='ltr'>γυνὴ</span> <span class='ocrx_word' id='word_1_336' title='bbox 3113 2188 3188 2255; x_wconf 84' lang='grc' dir='ltr'><strong>ὡς</strong></span> <span class='ocrx_word' id='word_1_337' title='bbox 3237 2185 3549 2261; x_wconf 76' lang='grc' dir='ltr'><strong>ἀκάθαρτος</strong></span> <span class='ocrx_word' id='word_1_338' title='bbox 3601 2181 3865 2253; x_wconf 81' lang='grc' dir='ltr'>γινομένη</span> 
     </span>
    </p>
   </div>
   <div class='ocr_carea' id='block_1_53' title="bbox 2277 2273 3866 2360">
    <p class='ocr_par' dir='ltr' id='par_1_53' title="bbox 2277 2273 3866 2360">
     <span class='ocr_line' id='line_1_53' title="bbox 2277 2273 3866 2360; baseline -0.012 -16"><span class='ocrx_word' id='word_1_339' title='bbox 2277 2289 2366 2344; x_wconf 70' lang='grc' dir='ltr'>διὰ</span> <span class='ocrx_word' id='word_1_340' title='bbox 2419 2290 2520 2360; x_wconf 78' lang='grc' dir='ltr'>τὴν</span> <span class='ocrx_word' id='word_1_341' title='bbox 2585 2287 2771 2359; x_wconf 83' lang='grc' dir='ltr'>μίξιν,</span> <span class='ocrx_word' id='word_1_342' title='bbox 2815 2283 2978 2340; x_wconf 82' lang='grc' dir='ltr'><strong>τοῦτὸ</strong></span> <span class='ocrx_word' id='word_1_343' title='bbox 3035 2293 3245 2355; x_wconf 77' lang='grc' dir='ltr'>φησιν’</span> <span class='ocrx_word' id='word_1_344' title='bbox 3290 2277 3352 2333; x_wconf 73' lang='grc' dir='ltr'>ιν</span> <span class='ocrx_word' id='word_1_345' title='bbox 3397 2278 3498 2350; x_wconf 78' lang='grc' dir='ltr'>μὲν</span> <span class='ocrx_word' id='word_1_346' title='bbox 3535 2275 3646 2348; x_wconf 85' lang='grc' dir='ltr'><strong>γὰρ</strong></span> <span class='ocrx_word' id='word_1_347' title='bbox 3707 2273 3866 2344; x_wconf 70' lang='grc' dir='ltr'>σῶμα</span> 
     </span>
    </p>
   </div>
   <div class='ocr_carea' id='block_1_54' title="bbox 2281 2370 3868 2449">
    <p class='ocr_par' dir='ltr' id='par_1_54' title="bbox 2281 2370 3868 2449">
     <span class='ocr_line' id='line_1_54' title="bbox 2281 2370 3868 2449; baseline -0.008 -15"><span class='ocrx_word' id='word_1_348' title='bbox 2281 2383 2452 2446; x_wconf 76' lang='grc' dir='ltr'>ἐστιν,</span> <span class='ocrx_word' id='word_1_349' title='bbox 2490 2378 2608 2434; x_wconf 77' lang='grc' dir='ltr'>ἀλλ’</span> <span class='ocrx_word' id='word_1_350' title='bbox 2649 2379 2710 2433; x_wconf 90' lang='grc' dir='ltr'>ού</span> <span class='ocrx_word' id='word_1_351' title='bbox 2736 2377 2954 2449; x_wconf 78' lang='grc' dir='ltr'>γίνεται</span> <span class='ocrx_word' id='word_1_352' title='bbox 2983 2375 3318 2447; x_wconf 73' lang='grc' dir='ltr'>ἀκάθαρτον.</span> <span class='ocrx_word' id='word_1_353' title='bbox 3336 2371 3485 2445; x_wconf 78' lang='grc' dir='ltr'>Νικᾷ</span> <span class='ocrx_word' id='word_1_354' title='bbox 3504 2371 3615 2443; x_wconf 82' lang='grc' dir='ltr'>γὰρ</span> <span class='ocrx_word' id='word_1_355' title='bbox 3635 2370 3672 2443; x_wconf 77' lang='grc' dir='ltr'><strong>ἡ</strong></span> <span class='ocrx_word' id='word_1_356' title='bbox 3695 2370 3868 2424; x_wconf 81' lang='grc' dir='ltr'>καθα-</span> 
     </span>
    </p>
   </div>
   <div class='ocr_carea' id='block_1_55' title="bbox 2285 2461 3868 2554">
    <p class='ocr_par' dir='ltr' id='par_1_55' title="bbox 2285 2461 3868 2554">
     <span class='ocr_line' id='line_1_55' title="bbox 2285 2461 3868 2554; baseline -0.009 -26"><span class='ocrx_word' id='word_1_357' title='bbox 2285 2473 2474 2554; x_wconf 77' lang='grc' dir='ltr'>ριότης</span> <span class='ocrx_word' id='word_1_358' title='bbox 2501 2471 2601 2543; x_wconf 77' lang='grc' dir='ltr'>τῆς</span> <span class='ocrx_word' id='word_1_359' title='bbox 2631 2470 2892 2541; x_wconf 79' lang='grc' dir='ltr'>γυναικὸς</span> <span class='ocrx_word' id='word_1_360' title='bbox 2943 2469 3044 2541; x_wconf 74' lang='grc' dir='ltr'>τὴν</span> <span class='ocrx_word' id='word_1_361' title='bbox 3095 2464 3442 2537; x_wconf 79' lang='grc' dir='ltr'>ἀκαθαρσίαν</span> <span class='ocrx_word' id='word_1_362' title='bbox 3496 2463 3592 2518; x_wconf 84' lang='grc' dir='ltr'>τοῦ</span> <span class='ocrx_word' id='word_1_363' title='bbox 3647 2461 3868 2534; x_wconf 73' lang='grc' dir='ltr'>ἀνδρὸς,</span> 
     </span>
    </p>
   </div>
   <div class='ocr_carea' id='block_1_56' title="bbox 2279 2554 3868 2637">
    <p class='ocr_par' dir='ltr' id='par_1_56' title="bbox 2279 2554 3868 2637">
     <span class='ocr_line' id='line_1_56' title="bbox 2279 2554 3868 2637; baseline -0.008 -17"><span class='ocrx_word' id='word_1_364' title='bbox 2279 2564 2375 2620; x_wconf 85' lang='grc' dir='ltr'>καὶ</span> <span class='ocrx_word' id='word_1_365' title='bbox 2399 2564 2583 2637; x_wconf 78' lang='grc' dir='ltr'>νικᾷὴ</span> <span class='ocrx_word' id='word_1_366' title='bbox 2611 2563 2950 2636; x_wconf 82' lang='grc' dir='ltr'>καθαριότης</span> <span class='ocrx_word' id='word_1_367' title='bbox 2995 2560 3088 2615; x_wconf 83' lang='grc' dir='ltr'><strong>τοῦ</strong></span> <span class='ocrx_word' id='word_1_368' title='bbox 3119 2558 3313 2633; x_wconf 74' lang='grc' dir='ltr'>ἀνδρὸς</span> <span class='ocrx_word' id='word_1_369' title='bbox 3336 2558 3397 2612; x_wconf 81' lang='grc' dir='ltr'>τὸ</span> <span class='ocrx_word' id='word_1_370' title='bbox 3421 2555 3736 2628; x_wconf 82' lang='grc' dir='ltr'>ἀκάθαρτον</span> <span class='ocrx_word' id='word_1_371' title='bbox 3773 2554 3868 2623; x_wconf 70' lang='grc' dir='ltr'>τῆς</span> 
     </span>
    </p>
   </div>
   <div class='ocr_carea' id='block_1_57' title="bbox 2278 2655 2820 2726">
    <p class='ocr_par' dir='ltr' id='par_1_57' title="bbox 2278 2655 2820 2726">
     <span class='ocr_line' id='line_1_57' title="bbox 2278 2655 2820 2726; baseline -0.006 -12"><span class='ocrx_word' id='word_1_372' title='bbox 2278 2658 2513 2714; x_wconf 77' lang='grc' dir='ltr'><strong>ἀπίστου</strong></span> <span class='ocrx_word' id='word_1_373' title='bbox 2540 2655 2820 2726; x_wconf 84' lang='grc' dir='ltr'>γυναικός.</span> 
     </span>
    </p>
   </div>
   <div class='ocr_carea' id='block_1_58' title="bbox 2355 2739 3870 2820">
    <p class='ocr_par' dir='ltr' id='par_1_58' title="bbox 2355 2739 3870 2820">
     <span class='ocr_line' id='line_1_58' title="bbox 2355 2739 3870 2820; baseline -0.007 -18"><span class='ocrx_word' id='word_1_374' title='bbox 2355 2768 2374 2802; x_wconf 79' lang='lat' dir='ltr'><strong>t</strong></span> <span class='ocrx_word' id='word_1_375' title='bbox 2412 2749 2478 2803; x_wconf 80' lang='grc' dir='ltr'><strong>Εἰ</strong></span> <span class='ocrx_word' id='word_1_376' title='bbox 2525 2748 2582 2803; x_wconf 79' lang='grc' dir='ltr'><strong>δὲ</strong></span> <span class='ocrx_word' id='word_1_377' title='bbox 2622 2750 2651 2803; x_wconf 78' lang='grc' dir='ltr'><strong>ὁ</strong></span> <span class='ocrx_word' id='word_1_378' title='bbox 2691 2748 2920 2810; x_wconf 80' lang='grc' dir='ltr'>ἄπιστος</span> <span class='ocrx_word' id='word_1_379' title='bbox 2983 2744 3330 2820; x_wconf 74' lang='grc' dir='ltr'>χωρίζεται,</span> <span class='ocrx_word' id='word_1_380' title='bbox 3389 2739 3732 2815; x_wconf 77' lang='grc' dir='ltr'>χωριζέσθω.</span> <span class='ocrx_word' id='word_1_381' title='bbox 3787 2739 3870 2793; x_wconf 74' lang='lat'><strong>~03</strong></span> 
     </span>
    </p>
   </div>
   <div class='ocr_carea' id='block_1_59' title="bbox 2278 2833 3847 2912">
    <p class='ocr_par' dir='ltr' id='par_1_59' title="bbox 2278 2833 3847 2912">
     <span class='ocr_line' id='line_1_59' title="bbox 2278 2833 3847 2912; baseline -0.01 -12"><span class='ocrx_word' id='word_1_382' title='bbox 2278 2842 2603 2900; x_wconf 77' lang='grc' dir='ltr'>δεδούλωται</span> <span class='ocrx_word' id='word_1_383' title='bbox 2656 2843 2687 2895; x_wconf 79' lang='grc' dir='ltr'><strong>ὁ</strong></span> <span class='ocrx_word' id='word_1_384' title='bbox 2732 2841 2962 2911; x_wconf 76' lang='grc' dir='ltr'>ἀδελφὸς</span> <span class='ocrx_word' id='word_1_385' title='bbox 2988 2881 3006 2908; x_wconf 93' lang='grc'><strong>,</strong></span> <span class='ocrx_word' id='word_1_386' title='bbox 3047 2839 3084 2912; x_wconf 70' lang='grc' dir='ltr'><strong>ἦ</strong></span> <span class='ocrx_word' id='word_1_387' title='bbox 3111 2841 3147 2912; x_wconf 77' lang='grc' dir='ltr'><strong>ἡ</strong></span> <span class='ocrx_word' id='word_1_388' title='bbox 3177 2837 3385 2910; x_wconf 76' lang='grc' dir='ltr'>ἀδελφὴ</span> <span class='ocrx_word' id='word_1_389' title='bbox 3424 2839 3484 2892; x_wconf 80' lang='grc' dir='ltr'>ἐν</span> <span class='ocrx_word' id='word_1_390' title='bbox 3530 2838 3645 2898; x_wconf 85' lang='grc' dir='ltr'>τοῖς</span> <span class='ocrx_word' id='word_1_391' title='bbox 3699 2833 3847 2888; x_wconf 80' lang='grc' dir='ltr'>τοιού</span> 
     </span>
    </p>
   </div>
   <div class='ocr_carea' id='block_1_60' title="bbox 2280 2953 2470 3000">
    <p class='ocr_par' dir='ltr' id='par_1_60' title="bbox 2280 2953 2470 3000">
     <span class='ocr_line' id='line_1_60' title="bbox 2280 2953 2470 3000; baseline -0.016 -9"><span class='ocrx_word' id='word_1_392' title='bbox 2280 2953 2415 3000; x_wconf 86' lang='grc' dir='ltr'>τοις.</span> <span class='ocrx_word' id='word_1_393' title='bbox 2451 2955 2470 2988; x_wconf 87' lang='grc'><strong>›</strong></span> 
     </span>
    </p>
   </div>
   <div class='ocr_carea' id='block_1_61' title="bbox 3083 3021 3845 3078">
    <p class='ocr_par' dir='ltr' id='par_1_61' title="bbox 3083 3021 3845 3078">
     <span class='ocr_line' id='line_1_61' title="bbox 3083 3021 3845 3078; baseline -0.005 0"><span class='ocrx_word' id='word_1_394' title='bbox 3083 3023 3234 3078; x_wconf 89' lang='grc' dir='ltr'>θύειν</span> <span class='ocrx_word' id='word_1_395' title='bbox 3289 3022 3385 3078; x_wconf 72' lang='grc' dir='ltr'>καὶ</span> <span class='ocrx_word' id='word_1_396' title='bbox 3435 3022 3720 3076; x_wconf 83' lang='grc' dir='ltr'>κοινωνεῖν</span> <span class='ocrx_word' id='word_1_397' title='bbox 3776 3021 3845 3074; x_wconf 72' lang='grc' dir='ltr'>αὖ</span> 
     </span>
    </p>
   </div>
   <div class='ocr_carea' id='block_1_62' title="bbox 2371 3025 3025 3084">
    <p class='ocr_par' dir='ltr' id='par_1_62' title="bbox 2371 3025 3025 3084">
     <span class='ocr_line' id='line_1_62' title="bbox 2371 3025 3025 3084; baseline -0.008 -1"><span class='ocrx_word' id='word_1_398' title='bbox 2371 3026 2500 3084; x_wconf 77' lang='grc' dir='ltr'>Οἷον</span> <span class='ocrx_word' id='word_1_399' title='bbox 2567 3030 2618 3082; x_wconf 88' lang='grc' dir='ltr'><strong>εί</strong></span> <span class='ocrx_word' id='word_1_400' title='bbox 2670 3025 2887 3082; x_wconf 73' lang='grc' dir='ltr'>κελεύει</span> <span class='ocrx_word' id='word_1_401' title='bbox 2941 3042 3025 3079; x_wconf 93' lang='grc' dir='ltr'><strong>σοι</strong></span> 
     </span>
    </p>
   </div>
   <div class='ocr_carea' id='block_1_63' title="bbox 599 3114 2179 3215">
    <p class='ocr_par' dir='ltr' id='par_1_63' title="bbox 599 3114 2179 3204">
     <span class='ocr_line' id='line_1_63' title="bbox 599 3114 2179 3204; baseline -0.006 -15"><span class='ocrx_word' id='word_1_402' title='bbox 599 3135 765 3191; x_wconf 77' lang='lat' dir='ltr'><strong>ﬁcare</strong></span> <span class='ocrx_word' id='word_1_403' title='bbox 789 3133 1063 3190; x_wconf 87' lang='lat' dir='ltr'><strong>sociamve</strong></span> <span class='ocrx_word' id='word_1_404' title='bbox 1089 3114 1387 3204; x_wconf 84' lang='lat' dir='ltr'><strong>impietatis</strong></span> <span class='ocrx_word' id='word_1_405' title='bbox 1401 3129 1542 3194; x_wconf 88' lang='lat' dir='ltr'><strong>ﬁeri,</strong></span> <span class='ocrx_word' id='word_1_406' title='bbox 1564 3137 1660 3185; x_wconf 88' lang='lat' dir='ltr'><strong>aut</strong></span> <span class='ocrx_word' id='word_1_407' title='bbox 1683 3127 1991 3190; x_wconf 85' lang='lat' dir='ltr'><strong>discedere,</strong></span> <span class='ocrx_word' id='word_1_408' title='bbox 2006 3126 2179 3182; x_wconf 86' lang='lat' dir='ltr'><strong>satius</strong></span> 
     </span>
    </p>
   </div>
   <div class='ocr_carea' id='block_1_64' title="bbox 2292 3114 3873 3215">
    <p class='ocr_par' dir='ltr' id='par_1_64' title="bbox 2292 3114 3873 3195">
     <span class='ocr_line' id='line_1_64' title="bbox 2292 3114 3873 3195; baseline -0.008 -17"><span class='ocrx_word' id='word_1_409' title='bbox 2292 3121 2360 3195; x_wconf 78' lang='grc' dir='ltr'>τῷ</span> <span class='ocrx_word' id='word_1_410' title='bbox 2416 3121 2514 3192; x_wconf 81' lang='grc' dir='ltr'>τῆς</span> <span class='ocrx_word' id='word_1_411' title='bbox 2569 3119 2827 3183; x_wconf 88' lang='grc' dir='ltr'>ἀσεϐείας</span> <span class='ocrx_word' id='word_1_412' title='bbox 2885 3117 2974 3173; x_wconf 83' lang='grc' dir='ltr'>διὰ</span> <span class='ocrx_word' id='word_1_413' title='bbox 3017 3116 3113 3174; x_wconf 82' lang='grc' dir='ltr'><strong>τοῦ</strong></span> <span class='ocrx_word' id='word_1_414' title='bbox 3170 3117 3392 3188; x_wconf 82' lang='grc' dir='ltr'><strong>γάμου,</strong></span> <span class='ocrx_word' id='word_1_415' title='bbox 3441 3114 3475 3187; x_wconf 73' lang='grc' dir='ltr'><strong>ἢ</strong></span> <span class='ocrx_word' id='word_1_416' title='bbox 3520 3115 3873 3185; x_wconf 84' lang='grc' dir='ltr'>ἀναχωρεῖν,</span> 
     </span>
    </p>
   </div>
   <div class='ocr_carea' id='block_1_65' title="bbox 599 3217 2175 3294">
    <p class='ocr_par' dir='ltr' id='par_1_65' title="bbox 599 3217 2175 3294">
     <span class='ocr_line' id='line_1_65' title="bbox 599 3217 2175 3294; baseline -0.008 -10"><span class='ocrx_word' id='word_1_417' title='bbox 599 3235 709 3294; x_wconf 82' lang='lat' dir='ltr'><strong>est,</strong></span> <span class='ocrx_word' id='word_1_418' title='bbox 740 3234 800 3281; x_wconf 89' lang='lat' dir='ltr'><strong>ut</strong></span> <span class='ocrx_word' id='word_1_419' title='bbox 827 3226 1127 3281; x_wconf 76' lang='lat' dir='ltr'><strong>divortium</strong></span> <span class='ocrx_word' id='word_1_420' title='bbox 1155 3225 1329 3281; x_wconf 87' lang='lat' dir='ltr'><strong>facias</strong></span> <span class='ocrx_word' id='word_1_421' title='bbox 1361 3222 1705 3294; x_wconf 87' lang='lat' dir='ltr'><strong>nuptiarum,</strong></span> <span class='ocrx_word' id='word_1_422' title='bbox 1741 3235 1906 3292; x_wconf 91' lang='lat' dir='ltr'><strong>quam</strong></span> <span class='ocrx_word' id='word_1_423' title='bbox 1934 3217 2175 3289; x_wconf 85' lang='lat' dir='ltr'><strong>pietatis.</strong></span> 
     </span>
    </p>
   </div>
   <div class='ocr_carea' id='block_1_66' title="bbox 678 3405 1818 3478">
    <p class='ocr_par' dir='ltr' id='par_1_66' title="bbox 678 3405 1818 3478">
     <span class='ocr_line' id='line_1_66' title="bbox 678 3405 1818 3478; baseline -0.002 -18"><span class='ocrx_word' id='word_1_424' title='bbox 678 3424 698 3460; x_wconf 77' lang='grc' dir='ltr'><strong>ι</strong></span> <span class='ocrx_word' id='word_1_425' title='bbox 733 3407 792 3461; x_wconf 85' lang='lat' dir='ltr'><strong>in</strong></span> <span class='ocrx_word' id='word_1_426' title='bbox 815 3421 954 3478; x_wconf 88' lang='lat' dir='ltr'><strong>pace</strong></span> <span class='ocrx_word' id='word_1_427' title='bbox 982 3412 1164 3464; x_wconf 85' lang='lat' dir='ltr'><strong>autem</strong></span> <span class='ocrx_word' id='word_1_428' title='bbox 1198 3410 1415 3464; x_wconf 86' lang='lat' dir='ltr'><strong>vocavit</strong></span> <span class='ocrx_word' id='word_1_429' title='bbox 1455 3423 1554 3462; x_wconf 79' lang='lat' dir='ltr'><strong>vos</strong></span> <span class='ocrx_word' id='word_1_430' title='bbox 1597 3405 1763 3462; x_wconf 82' lang='lat' dir='ltr'><strong>Deus.</strong></span> <span class='ocrx_word' id='word_1_431' title='bbox 1800 3423 1818 3458; x_wconf 75' lang='grc' dir='ltr'><strong>ι</strong></span> 
     </span>
    </p>
   </div>
   <div class='ocr_carea' id='block_1_67' title="bbox 679 3497 2176 3574">
    <p class='ocr_par' dir='ltr' id='par_1_67' title="bbox 679 3497 2176 3574">
     <span class='ocr_line' id='line_1_67' title="bbox 679 3497 2176 3574; baseline -0.005 -19"><span class='ocrx_word' id='word_1_432' title='bbox 679 3497 794 3555; x_wconf 85' lang='lat' dir='ltr'><strong>Hoc</strong></span> <span class='ocrx_word' id='word_1_433' title='bbox 820 3500 917 3566; x_wconf 88' lang='lat' dir='ltr'><strong>ait,</strong></span> <span class='ocrx_word' id='word_1_434' title='bbox 957 3515 1027 3556; x_wconf 88' lang='lat' dir='ltr'><strong>ne</strong></span> <span class='ocrx_word' id='word_1_435' title='bbox 1057 3501 1302 3574; x_wconf 88' lang='lat' dir='ltr'><strong>quotidie</strong></span> <span class='ocrx_word' id='word_1_436' title='bbox 1332 3501 1400 3558; x_wconf 87' lang='lat' dir='ltr'><strong>de</strong></span> <span class='ocrx_word' id='word_1_437' title='bbox 1438 3515 1503 3556; x_wconf 87' lang='lat' dir='ltr'><strong>ea</strong></span> <span class='ocrx_word' id='word_1_438' title='bbox 1546 3515 1605 3555; x_wconf 87' lang='lat' dir='ltr'><strong>re</strong></span> <span class='ocrx_word' id='word_1_439' title='bbox 1636 3498 1782 3554; x_wconf 90' lang='lat' dir='ltr'><strong>inter</strong></span> <span class='ocrx_word' id='word_1_440' title='bbox 1815 3512 1877 3553; x_wconf 90' lang='lat' dir='ltr'><strong>se</strong></span> <span class='ocrx_word' id='word_1_441' title='bbox 1908 3500 2176 3566; x_wconf 79' lang='lat' dir='ltr'><strong>pugnent.</strong></span> 
     </span>
    </p>
   </div>
   <div class='ocr_carea' id='block_1_68' title="bbox 678 3689 2180 3771">
    <p class='ocr_par' dir='ltr' id='par_1_68' title="bbox 678 3689 2180 3771">
     <span class='ocr_line' id='line_1_68' title="bbox 678 3689 2180 3771; baseline -0.013 -6"><span class='ocrx_word' id='word_1_442' title='bbox 678 3707 844 3764; x_wconf 76' lang='lat' dir='ltr'><strong>Vsus.</strong></span> <span class='ocrx_word' id='word_1_443' title='bbox 877 3704 966 3771; x_wconf 76' lang='lat'><strong>16,</strong></span> <span class='ocrx_word' id='word_1_444' title='bbox 999 3703 1087 3759; x_wconf 81' lang='lat' dir='ltr'><strong>l7.</strong></span> <span class='ocrx_word' id='word_1_445' title='bbox 1122 3720 1141 3755; x_wconf 76' lang='grc' dir='ltr'><strong>ι</strong></span> <span class='ocrx_word' id='word_1_446' title='bbox 1178 3699 1336 3756; x_wconf 85' lang='lat' dir='ltr'><strong>Unde</strong></span> <span class='ocrx_word' id='word_1_447' title='bbox 1395 3697 1542 3754; x_wconf 88' lang='lat' dir='ltr'><strong>enim</strong></span> <span class='ocrx_word' id='word_1_448' title='bbox 1584 3696 1717 3762; x_wconf 89' lang='lat' dir='ltr'><strong>scis,</strong></span> <span class='ocrx_word' id='word_1_449' title='bbox 1774 3693 1992 3756; x_wconf 88' lang='lat' dir='ltr'><strong>mulier,</strong></span> <span class='ocrx_word' id='word_1_450' title='bbox 2022 3691 2067 3747; x_wconf 87' lang='lat' dir='ltr'><strong>si</strong></span> <span class='ocrx_word' id='word_1_451' title='bbox 2093 3689 2180 3746; x_wconf 82' lang='lat' dir='ltr'><strong>vi-</strong></span> 
     </span>
    </p>
   </div>
   <div class='ocr_carea' id='block_1_69' title="bbox 603 3783 2181 3860">
    <p class='ocr_par' dir='ltr' id='par_1_69' title="bbox 603 3783 2181 3860">
     <span class='ocr_line' id='line_1_69' title="bbox 603 3783 2181 3860; baseline -0.016 1"><span class='ocrx_word' id='word_1_452' title='bbox 603 3819 727 3860; x_wconf 86' lang='lat' dir='ltr'><strong>rum</strong></span> <span class='ocrx_word' id='word_1_453' title='bbox 757 3800 970 3857; x_wconf 87' lang='lat' dir='ltr'><strong>salvum</strong></span> <span class='ocrx_word' id='word_1_454' title='bbox 1004 3795 1172 3852; x_wconf 83' lang='lat' dir='ltr'><strong>facies</strong></span> <span class='ocrx_word' id='word_1_455' title='bbox 1191 3794 1324 3848; x_wconf 68' lang='lat' dir='ltr'><strong>iant</strong></span> <span class='ocrx_word' id='word_1_456' title='bbox 1349 3790 1494 3846; x_wconf 86' lang='lat' dir='ltr'><strong>unde</strong></span> <span class='ocrx_word' id='word_1_457' title='bbox 1524 3789 1659 3856; x_wconf 84' lang='lat' dir='ltr'><strong>scis,</strong></span> <span class='ocrx_word' id='word_1_458' title='bbox 1684 3787 1790 3854; x_wconf 83' lang='lat' dir='ltr'><strong>vir,</strong></span> <span class='ocrx_word' id='word_1_459' title='bbox 1814 3786 1861 3842; x_wconf 89' lang='lat' dir='ltr'><strong>si</strong></span> <span class='ocrx_word' id='word_1_460' title='bbox 1894 3783 2181 3840; x_wconf 90' lang='lat' dir='ltr'><strong>mulierem</strong></span> 
     </span>
    </p>
   </div>
   <div class='ocr_carea' id='block_1_70' title="bbox 605 3875 2182 3956">
    <p class='ocr_par' dir='ltr' id='par_1_70' title="bbox 605 3875 2182 3956">
     <span class='ocr_line' id='line_1_70' title="bbox 605 3875 2182 3956; baseline -0.015 -4"><span class='ocrx_word' id='word_1_461' title='bbox 605 3897 818 3954; x_wconf 88' lang='lat' dir='ltr'><strong>salvum</strong></span> <span class='ocrx_word' id='word_1_462' title='bbox 848 3889 1058 3946; x_wconf 78' lang='lat' dir='ltr'><strong>facies?</strong></span> <span class='ocrx_word' id='word_1_463' title='bbox 1112 3887 1219 3944; x_wconf 89' lang='lat' dir='ltr'><strong>nisi</strong></span> <span class='ocrx_word' id='word_1_464' title='bbox 1271 3883 1574 3956; x_wconf 85' lang='lat' dir='ltr'><strong>unicuique</strong></span> <span class='ocrx_word' id='word_1_465' title='bbox 1607 3882 1753 3938; x_wconf 85' lang='lat' dir='ltr'><strong>sicut</strong></span> <span class='ocrx_word' id='word_1_466' title='bbox 1775 3878 1964 3936; x_wconf 87' lang='lat' dir='ltr'><strong>divisit</strong></span> <span class='ocrx_word' id='word_1_467' title='bbox 1994 3875 2182 3932; x_wconf 60' lang='lat' dir='ltr'><strong>Domi-</strong></span> 
     </span>
    </p>
   </div>
   <div class='ocr_carea' id='block_1_71' title="bbox 607 3971 2184 4056">
    <p class='ocr_par' dir='ltr' id='par_1_71' title="bbox 607 3971 2184 4056">
     <span class='ocr_line' id='line_1_71' title="bbox 607 3971 2184 4056; baseline -0.013 -11"><span class='ocrx_word' id='word_1_468' title='bbox 607 4005 734 4052; x_wconf 84' lang='lat' dir='ltr'><strong>nus,</strong></span> <span class='ocrx_word' id='word_1_469' title='bbox 766 3997 1218 4056; x_wconf 88' lang='lat' dir='ltr'><strong>unumquemque</strong></span> <span class='ocrx_word' id='word_1_470' title='bbox 1248 3980 1393 4036; x_wconf 88' lang='lat' dir='ltr'><strong>sicut</strong></span> <span class='ocrx_word' id='word_1_471' title='bbox 1425 3977 1636 4034; x_wconf 85' lang='lat' dir='ltr'><strong>vocavit</strong></span> <span class='ocrx_word' id='word_1_472' title='bbox 1674 3975 1837 4041; x_wconf 88' lang='lat' dir='ltr'><strong>Deus,</strong></span> <span class='ocrx_word' id='word_1_473' title='bbox 1886 3973 1962 4029; x_wconf 89' lang='lat' dir='ltr'><strong>ita</strong></span> <span class='ocrx_word' id='word_1_474' title='bbox 1990 3971 2184 4027; x_wconf 86' lang='lat' dir='ltr'><strong>ambu-</strong></span> 
     </span>
    </p>
   </div>
   <div class='ocr_carea' id='block_1_72' title="bbox 606 4067 1952 4142">
    <p class='ocr_par' dir='ltr' id='par_1_72' title="bbox 606 4067 1952 4142">
     <span class='ocr_line' id='line_1_72' title="bbox 606 4067 1952 4142; baseline -0.014 -4"><span class='ocrx_word' id='word_1_475' title='bbox 606 4087 702 4140; x_wconf 86' lang='lat' dir='ltr'><strong>let.</strong></span> <span class='ocrx_word' id='word_1_476' title='bbox 744 4081 808 4137; x_wconf 81' lang='lat' dir='ltr'><strong>Et</strong></span> <span class='ocrx_word' id='word_1_477' title='bbox 836 4081 917 4134; x_wconf 90' lang='lat' dir='ltr'><strong>sie</strong></span> <span class='ocrx_word' id='word_1_478' title='bbox 946 4074 1202 4133; x_wconf 88' lang='lat' dir='ltr'><strong>omnibus</strong></span> <span class='ocrx_word' id='word_1_479' title='bbox 1226 4076 1282 4130; x_wconf 91' lang='lat' dir='ltr'><strong>in</strong></span> <span class='ocrx_word' id='word_1_480' title='bbox 1313 4071 1580 4129; x_wconf 83' lang='lat' dir='ltr'><strong>Ecclesiis</strong></span> <span class='ocrx_word' id='word_1_481' title='bbox 1615 4067 1895 4142; x_wconf 68' lang='lat' dir='ltr'><strong>prmcipio.</strong></span> <span class='ocrx_word' id='word_1_482' title='bbox 1932 4084 1952 4119; x_wconf 75' lang='grc' dir='ltr'><strong>ι</strong></span> 
     </span>
    </p>
   </div>
   <div class='ocr_carea' id='block_1_73' title="bbox 685 4153 2179 4242">
    <p class='ocr_par' dir='ltr' id='par_1_73' title="bbox 685 4153 2179 4242">
     <span class='ocr_line' id='line_1_73' title="bbox 685 4153 2179 4242; baseline -0.013 -11"><span class='ocrx_word' id='word_1_483' title='bbox 685 4175 864 4238; x_wconf 81' lang='lat' dir='ltr'><strong>Mane,</strong></span> <span class='ocrx_word' id='word_1_484' title='bbox 924 4171 1125 4242; x_wconf 78' lang='lat' dir='ltr'><strong>inquit,</strong></span> <span class='ocrx_word' id='word_1_485' title='bbox 1170 4179 1224 4225; x_wconf 89' lang='lat' dir='ltr'><strong>et</strong></span> <span class='ocrx_word' id='word_1_486' title='bbox 1263 4182 1545 4238; x_wconf 87' lang='lat' dir='ltr'><strong>permane,</strong></span> <span class='ocrx_word' id='word_1_487' title='bbox 1595 4153 1846 4225; x_wconf 88' lang='lat' dir='ltr'><strong>consule,</strong></span> <span class='ocrx_word' id='word_1_488' title='bbox 1891 4156 2179 4225; x_wconf 80' lang='lat' dir='ltr'><strong>etsuadc.</strong></span> 
     </span>
    </p>
   </div>
   <div class='ocr_carea' id='block_1_74' title="bbox 605 4253 2180 4334">
    <p class='ocr_par' dir='ltr' id='par_1_74' title="bbox 605 4253 2180 4334">
     <span class='ocr_line' id='line_1_74' title="bbox 605 4253 2180 4334; baseline -0.013 -9"><span class='ocrx_word' id='word_1_489' title='bbox 605 4267 800 4325; x_wconf 75' lang='lat' dir='ltr'><strong>Nullus</strong></span> <span class='ocrx_word' id='word_1_490' title='bbox 862 4264 1067 4334; x_wconf 84' lang='lat' dir='ltr'><strong>quippe</strong></span> <span class='ocrx_word' id='word_1_491' title='bbox 1119 4260 1383 4332; x_wconf 77' lang='lat' dir='ltr'><strong>magister</strong></span> <span class='ocrx_word' id='word_1_492' title='bbox 1429 4266 1642 4313; x_wconf 89' lang='lat' dir='ltr'><strong>tantum</strong></span> <span class='ocrx_word' id='word_1_493' title='bbox 1696 4256 1879 4312; x_wconf 87' lang='lat' dir='ltr'><strong>valere</strong></span> <span class='ocrx_word' id='word_1_494' title='bbox 1913 4253 2180 4325; x_wconf 87' lang='lat' dir='ltr'><strong>potuerit,</strong></span> 
     </span>
    </p>
   </div>
   <div class='ocr_carea' id='block_1_75' title="bbox 607 4355 1924 4432">
    <p class='ocr_par' dir='ltr' id='par_1_75' title="bbox 607 4355 1924 4432">
     <span class='ocr_line' id='line_1_75' title="bbox 607 4355 1924 4432; baseline -0.006 -21"><span class='ocrx_word' id='word_1_495' title='bbox 607 4355 1073 4432; x_wconf 78' lang='lat' dir='ltr'><strong>queinadmodum</strong></span> <span class='ocrx_word' id='word_1_496' title='bbox 1109 4368 1271 4408; x_wconf 75' lang='lat' dir='ltr'><strong>uxor.</strong></span> <span class='ocrx_word' id='word_1_497' title='bbox 1918 4403 1924 4413; x_wconf 75' lang='grc'><strong><em>,</em></strong></span> 
     </span>
    </p>
   </div>
   <div class='ocr_carea' id='block_1_76' title="bbox 675 4437 2184 4514">
    <p class='ocr_par' dir='ltr' id='par_1_76' title="bbox 675 4437 2184 4514">
     <span class='ocr_line' id='line_1_76' title="bbox 675 4437 2184 4514; baseline -0.008 -10"><span class='ocrx_word' id='word_1_498' title='bbox 675 4451 840 4506; x_wconf 66' lang='lat' dir='ltr'><strong>Vnus.</strong></span> <span class='ocrx_word' id='word_1_499' title='bbox 876 4447 1068 4505; x_wconf 60' lang='lat' dir='ltr'><strong>lii-il.</strong></span> <span class='ocrx_word' id='word_1_500' title='bbox 1103 4465 1122 4499; x_wconf 80' lang='grc' dir='ltr'><strong>ι</strong></span> <span class='ocrx_word' id='word_1_501' title='bbox 1162 4445 1538 4501; x_wconf 71' lang='lat' dir='ltr'><strong>Circumcisus</strong></span> <span class='ocrx_word' id='word_1_502' title='bbox 1569 4442 1773 4514; x_wconf 84' lang='lat' dir='ltr'><strong>aliquis</strong></span> <span class='ocrx_word' id='word_1_503' title='bbox 1804 4450 2034 4495; x_wconf 79' lang='lat' dir='ltr'><strong>vocatus</strong></span> <span class='ocrx_word' id='word_1_504' title='bbox 2062 4437 2184 4495; x_wconf 83' lang='lat' dir='ltr'><strong>est?</strong></span> 
     </span>
    </p>
   </div>
   <div class='ocr_carea' id='block_1_77' title="bbox 2288 3206 3874 3286">
    <p class='ocr_par' dir='ltr' id='par_1_77' title="bbox 2288 3206 3874 3286">
     <span class='ocr_line' id='line_1_77' title="bbox 2288 3206 3874 3286; baseline -0.006 -18"><span class='ocrx_word' id='word_1_505' title='bbox 2288 3214 2498 3286; x_wconf 81' lang='grc' dir='ltr'>βέλτιον</span> <span class='ocrx_word' id='word_1_506' title='bbox 2568 3210 2991 3284; x_wconf 81' lang='grc' dir='ltr'>ἀνασπασθῆναι</span> <span class='ocrx_word' id='word_1_507' title='bbox 3034 3209 3130 3266; x_wconf 85' lang='grc' dir='ltr'>τὸν</span> <span class='ocrx_word' id='word_1_508' title='bbox 3186 3210 3409 3281; x_wconf 82' lang='grc' dir='ltr'>γάμον,</span> <span class='ocrx_word' id='word_1_509' title='bbox 3473 3207 3508 3279; x_wconf 76' lang='grc' dir='ltr'>ἢ</span> <span class='ocrx_word' id='word_1_510' title='bbox 3559 3206 3660 3278; x_wconf 80' lang='grc' dir='ltr'>τὴν</span> <span class='ocrx_word' id='word_1_511' title='bbox 3716 3206 3874 3260; x_wconf 80' lang='grc' dir='ltr'>εὐσέ-</span> 
     </span>
    </p>
   </div>
   <div class='ocr_carea' id='block_1_78' title="bbox 2289 3308 2461 3362">
    <p class='ocr_par' dir='ltr' id='par_1_78' title="bbox 2289 3308 2461 3362">
     <span class='ocr_line' id='line_1_78' title="bbox 2289 3308 2461 3362; baseline 0.006 -1"><span class='ocrx_word' id='word_1_512' title='bbox 2289 3308 2461 3362; x_wconf 80' lang='grc' dir='ltr'>ϐειαν.</span> 
     </span>
    </p>
   </div>
   <div class='ocr_carea' id='block_1_79' title="bbox 2366 3392 3508 3469">
    <p class='ocr_par' dir='ltr' id='par_1_79' title="bbox 2366 3392 3508 3469">
     <span class='ocr_line' id='line_1_79' title="bbox 2366 3392 3508 3469; baseline -0.004 -18"><span class='ocrx_word' id='word_1_513' title='bbox 2366 3417 2384 3450; x_wconf 78' lang='lat' dir='ltr'><strong>t</strong></span> <span class='ocrx_word' id='word_1_514' title='bbox 2425 3397 2514 3451; x_wconf 84' lang='grc' dir='ltr'><strong>Ἐν</strong></span> <span class='ocrx_word' id='word_1_515' title='bbox 2540 3395 2597 3451; x_wconf 70' lang='grc' dir='ltr'><strong>δὲ</strong></span> <span class='ocrx_word' id='word_1_516' title='bbox 2628 3396 2825 3469; x_wconf 81' lang='grc' dir='ltr'>εἰρήνῃ</span> <span class='ocrx_word' id='word_1_517' title='bbox 2852 3393 3121 3468; x_wconf 74' lang='grc' dir='ltr'>κέκληκεν</span> <span class='ocrx_word' id='word_1_518' title='bbox 3150 3392 3294 3465; x_wconf 76' lang='grc' dir='ltr'>ύμᾶς</span> <span class='ocrx_word' id='word_1_519' title='bbox 3311 3392 3508 3456; x_wconf 78' lang='grc' dir='ltr'>ὁΘεός.</span> 
     </span>
    </p>
   </div>
   <div class='ocr_carea' id='block_1_80' title="bbox 2359 3482 3873 3560">
    <p class='ocr_par' dir='ltr' id='par_1_80' title="bbox 2359 3482 3873 3560">
     <span class='ocr_line' id='line_1_80' title="bbox 2359 3482 3873 3560; baseline -0.007 -14"><span class='ocrx_word' id='word_1_520' title='bbox 2359 3489 2533 3546; x_wconf 79' lang='grc' dir='ltr'>Τοῦτό</span> <span class='ocrx_word' id='word_1_521' title='bbox 2591 3505 2778 3560; x_wconf 83' lang='grc' dir='ltr'>φησιν,</span> <span class='ocrx_word' id='word_1_522' title='bbox 2819 3489 2909 3546; x_wconf 78' lang='grc' dir='ltr'>ἵνα</span> <span class='ocrx_word' id='word_1_523' title='bbox 3041 3487 3164 3541; x_wconf 83' lang='grc' dir='ltr'>καθ’</span> <span class='ocrx_word' id='word_1_524' title='bbox 3197 3486 3436 3558; x_wconf 77' lang='grc' dir='ltr'>ἑκάστην</span> <span class='ocrx_word' id='word_1_525' title='bbox 3462 3485 3680 3557; x_wconf 75' lang='grc' dir='ltr'>ἡμέραν</span> <span class='ocrx_word' id='word_1_526' title='bbox 3713 3482 3873 3538; x_wconf 53' lang='grc' dir='ltr'>πολε-</span> 
     </span>
    </p>
   </div>
   <div class='ocr_carea' id='block_1_81' title="bbox 2292 3579 3300 3657">
    <p class='ocr_par' dir='ltr' id='par_1_81' title="bbox 2292 3579 3300 3657">
     <span class='ocr_line' id='line_1_81' title="bbox 2292 3579 3300 3657; baseline -0.003 -19"><span class='ocrx_word' id='word_1_527' title='bbox 2292 3585 2427 3657; x_wconf 77' lang='grc' dir='ltr'><strong>μοίις</strong></span> <span class='ocrx_word' id='word_1_528' title='bbox 2444 3581 2643 3654; x_wconf 79' lang='grc' dir='ltr'>ἔχωσιν</span> <span class='ocrx_word' id='word_1_529' title='bbox 2671 3579 2915 3654; x_wconf 72' lang='grc' dir='ltr'>περὶτοῦ</span> <span class='ocrx_word' id='word_1_530' title='bbox 2947 3579 3300 3651; x_wconf 82' lang='grc' dir='ltr'>πράγματος.</span> 
     </span>
    </p>
   </div>
   <div class='ocr_carea' id='block_1_82' title="bbox 2365 3669 3875 3745">
    <p class='ocr_par' dir='ltr' id='par_1_82' title="bbox 2365 3669 3875 3745">
     <span class='ocr_line' id='line_1_82' title="bbox 2365 3669 3875 3745; baseline -0.005 -14"><span class='ocrx_word' id='word_1_531' title='bbox 2365 3697 2384 3730; x_wconf 76' lang='grc' dir='ltr'><strong>ι</strong></span> <span class='ocrx_word' id='word_1_532' title='bbox 2418 3676 2484 3730; x_wconf 79' lang='grc' dir='ltr'>Τί</span> <span class='ocrx_word' id='word_1_533' title='bbox 2513 3676 2621 3745; x_wconf 83' lang='grc' dir='ltr'>γὰρ</span> <span class='ocrx_word' id='word_1_534' title='bbox 2642 3671 2814 3738; x_wconf 69' lang='grc' dir='ltr'>οἶδας,</span> <span class='ocrx_word' id='word_1_535' title='bbox 2849 3672 3030 3742; x_wconf 87' lang='grc' dir='ltr'>γύναι,</span> <span class='ocrx_word' id='word_1_536' title='bbox 3065 3673 3114 3726; x_wconf 90' lang='grc' dir='ltr'><strong>εἰ</strong></span> <span class='ocrx_word' id='word_1_537' title='bbox 3145 3672 3239 3726; x_wconf 79' lang='grc' dir='ltr'><strong>τὸν</strong></span> <span class='ocrx_word' id='word_1_538' title='bbox 3292 3671 3463 3743; x_wconf 80' lang='grc' dir='ltr'>ἀνδρα</span> <span class='ocrx_word' id='word_1_539' title='bbox 3503 3669 3735 3734; x_wconf 79' lang='grc' dir='ltr'>σώσειςς</span> <span class='ocrx_word' id='word_1_540' title='bbox 3767 3669 3802 3741; x_wconf 75' lang='grc' dir='ltr'><strong>ἢ</strong></span> <span class='ocrx_word' id='word_1_541' title='bbox 3825 3670 3875 3723; x_wconf 83' lang='grc' dir='ltr'><strong>τί</strong></span> 
     </span>
    </p>
   </div>
   <div class='ocr_carea' id='block_1_83' title="bbox 2288 3759 3876 3839">
    <p class='ocr_par' dir='ltr' id='par_1_83' title="bbox 2288 3759 3876 3839">
     <span class='ocr_line' id='line_1_83' title="bbox 2288 3759 3876 3839; baseline -0.006 -15"><span class='ocrx_word' id='word_1_542' title='bbox 2288 3763 2458 3834; x_wconf 81' lang='grc' dir='ltr'>οἶδας,</span> <span class='ocrx_word' id='word_1_543' title='bbox 2490 3766 2644 3839; x_wconf 76' lang='grc' dir='ltr'>ἆνερ,</span> <span class='ocrx_word' id='word_1_544' title='bbox 2670 3766 2719 3818; x_wconf 86' lang='grc' dir='ltr'><strong>εἰ</strong></span> <span class='ocrx_word' id='word_1_545' title='bbox 2758 3766 2859 3835; x_wconf 80' lang='grc' dir='ltr'>τὴν</span> <span class='ocrx_word' id='word_1_546' title='bbox 2883 3765 3122 3833; x_wconf 86' lang='grc' dir='ltr'>γυναῖκα</span> <span class='ocrx_word' id='word_1_547' title='bbox 3176 3761 3414 3826; x_wconf 88' lang='grc' dir='ltr'>σώσεις;</span> <span class='ocrx_word' id='word_1_548' title='bbox 3445 3761 3492 3815; x_wconf 92' lang='grc' dir='ltr'><strong>εί</strong></span> <span class='ocrx_word' id='word_1_549' title='bbox 3535 3759 3613 3832; x_wconf 80' lang='grc' dir='ltr'>μὴ</span> <span class='ocrx_word' id='word_1_550' title='bbox 3650 3762 3876 3830; x_wconf 73' lang='grc' dir='ltr'>ἑκάστῳ</span> 
     </span>
    </p>
   </div>
   <div class='ocr_carea' id='block_1_84' title="bbox 2288 3853 3874 3934">
    <p class='ocr_par' dir='ltr' id='par_1_84' title="bbox 2288 3853 3874 3934">
     <span class='ocr_line' id='line_1_84' title="bbox 2288 3853 3874 3934; baseline -0.015 -17"><span class='ocrx_word' id='word_1_551' title='bbox 2288 3863 2366 3926; x_wconf 85' lang='grc' dir='ltr'><strong>ὡς</strong></span> <span class='ocrx_word' id='word_1_552' title='bbox 2391 3858 2652 3934; x_wconf 72' lang='grc' dir='ltr'>ἐμέρισεν</span> <span class='ocrx_word' id='word_1_553' title='bbox 2673 3858 2701 3911; x_wconf 81' lang='grc' dir='ltr'>ὁ</span> <span class='ocrx_word' id='word_1_554' title='bbox 2726 3856 2880 3923; x_wconf 77' lang='grc' dir='ltr'>Θεὸς,</span> <span class='ocrx_word' id='word_1_555' title='bbox 2907 3855 3142 3912; x_wconf 70' lang='grc' dir='ltr'>ἕκαστον</span> <span class='ocrx_word' id='word_1_556' title='bbox 3170 3855 3247 3920; x_wconf 84' lang='grc' dir='ltr'>ὡς</span> <span class='ocrx_word' id='word_1_557' title='bbox 3283 3855 3555 3923; x_wconf 77' lang='grc' dir='ltr'>κέκληκεν</span> <span class='ocrx_word' id='word_1_558' title='bbox 3585 3853 3612 3906; x_wconf 80' lang='grc' dir='ltr'><strong>ὁ</strong></span> <span class='ocrx_word' id='word_1_559' title='bbox 3645 3853 3874 3925; x_wconf 61' lang='grc' dir='ltr'><strong>Κύριος,</strong></span> 
     </span>
    </p>
   </div>
   <div class='ocr_carea' id='block_1_85' title="bbox 2287 3945 3879 4025">
    <p class='ocr_par' dir='ltr' id='par_1_85' title="bbox 2287 3945 3879 4025">
     <span class='ocr_line' id='line_1_85' title="bbox 2287 3945 3879 4025; baseline -0.006 -15"><span class='ocrx_word' id='word_1_560' title='bbox 2287 3955 2461 4018; x_wconf 78' lang='grc' dir='ltr'>οὕτως</span> <span class='ocrx_word' id='word_1_561' title='bbox 2497 3949 2873 4025; x_wconf 82' lang='grc' dir='ltr'>περιπατείτω</span> <span class='ocrx_word' id='word_1_562' title='bbox 2897 3991 2912 4016; x_wconf 87' lang='grc'><strong>,</strong></span> <span class='ocrx_word' id='word_1_563' title='bbox 2944 3949 3038 4004; x_wconf 82' lang='grc' dir='ltr'>καὶ</span> <span class='ocrx_word' id='word_1_564' title='bbox 3066 3948 3241 4012; x_wconf 74' lang='grc' dir='ltr'>οὕτως</span> <span class='ocrx_word' id='word_1_565' title='bbox 3271 3948 3328 4001; x_wconf 83' lang='grc' dir='ltr'><strong>έν</strong></span> <span class='ocrx_word' id='word_1_566' title='bbox 3356 3948 3478 4010; x_wconf 85' lang='grc' dir='ltr'>ταῖς</span> <span class='ocrx_word' id='word_1_567' title='bbox 3521 3945 3879 4020; x_wconf 73' lang='grc' dir='ltr'>Ἐκκλησίαις</span> 
     </span>
    </p>
   </div>
   <div class='ocr_carea' id='block_1_86' title="bbox 2290 4043 2959 4115">
    <p class='ocr_par' dir='ltr' id='par_1_86' title="bbox 2290 4043 2959 4115">
     <span class='ocr_line' id='line_1_86' title="bbox 2290 4043 2959 4115; baseline -0.01 -12"><span class='ocrx_word' id='word_1_568' title='bbox 2290 4047 2496 4109; x_wconf 84' lang='grc' dir='ltr'>πάσαις</span> <span class='ocrx_word' id='word_1_569' title='bbox 2531 4043 2914 4115; x_wconf 81' lang='grc' dir='ltr'>διατάσσομαι.</span> <span class='ocrx_word' id='word_1_570' title='bbox 2939 4060 2959 4096; x_wconf 74' lang='grc' dir='ltr'><strong>ι</strong></span> 
     </span>
    </p>
   </div>
   <div class='ocr_carea' id='block_1_87' title="bbox 2343 4130 3878 4207">
    <p class='ocr_par' dir='ltr' id='par_1_87' title="bbox 2343 4130 3878 4207">
     <span class='ocr_line' id='line_1_87' title="bbox 2343 4130 3878 4207; baseline -0.008 -11"><span class='ocrx_word' id='word_1_571' title='bbox 2343 4139 2504 4196; x_wconf 74' lang='grc' dir='ltr'>’Μένε</span> <span class='ocrx_word' id='word_1_572' title='bbox 2545 4136 2640 4191; x_wconf 75' lang='grc' dir='ltr'>καὶ</span> <span class='ocrx_word' id='word_1_573' title='bbox 2673 4135 2985 4207; x_wconf 86' lang='grc' dir='ltr'>παράμενε,</span> <span class='ocrx_word' id='word_1_574' title='bbox 3035 4134 3191 4206; x_wconf 64' lang='grc' dir='ltr'>φησι,</span> <span class='ocrx_word' id='word_1_575' title='bbox 3226 4131 3323 4187; x_wconf 77' lang='grc' dir='ltr'>καὶ</span> <span class='ocrx_word' id='word_1_576' title='bbox 3367 4130 3730 4202; x_wconf 78' lang='grc' dir='ltr'>συμϐούλευε,</span> <span class='ocrx_word' id='word_1_577' title='bbox 3781 4133 3878 4186; x_wconf 77' lang='grc' dir='ltr'>καὶ</span> 
     </span>
    </p>
   </div>
   <div class='ocr_carea' id='block_1_88' title="bbox 2290 4224 3878 4301">
    <p class='ocr_par' dir='ltr' id='par_1_88' title="bbox 2290 4224 3878 4301">
     <span class='ocr_line' id='line_1_88' title="bbox 2290 4224 3878 4301; baseline -0.008 -13"><span class='ocrx_word' id='word_1_578' title='bbox 2290 4233 2466 4289; x_wconf 81' lang='grc' dir='ltr'>πεῖθε.</span> <span class='ocrx_word' id='word_1_579' title='bbox 2521 4230 2720 4292; x_wconf 77' lang='grc' dir='ltr'><strong>Οὐδεὶς</strong></span> <span class='ocrx_word' id='word_1_580' title='bbox 2747 4228 2861 4301; x_wconf 80' lang='grc' dir='ltr'><strong>γὰρ</strong></span> <span class='ocrx_word' id='word_1_581' title='bbox 2917 4225 3063 4282; x_wconf 74' lang='grc' dir='ltr'>οὕτω</span> <span class='ocrx_word' id='word_1_582' title='bbox 3101 4224 3418 4289; x_wconf 77' lang='grc' dir='ltr'>διδάσκαλος</span> <span class='ocrx_word' id='word_1_583' title='bbox 3461 4225 3684 4298; x_wconf 80' lang='grc' dir='ltr'>ἰσχῦσαι</span> <span class='ocrx_word' id='word_1_584' title='bbox 3711 4224 3878 4294; x_wconf 64' lang='lat' dir='ltr'><strong>aevi;-</strong></span> 
     </span>
    </p>
   </div>
   <div class='ocr_carea' id='block_1_89' title="bbox 2292 4320 2757 4394">
    <p class='ocr_par' dir='ltr' id='par_1_89' title="bbox 2292 4320 2757 4394">
     <span class='ocr_line' id='line_1_89' title="bbox 2292 4320 2757 4394; baseline -0.009 -14"><span class='ocrx_word' id='word_1_585' title='bbox 2292 4342 2468 4390; x_wconf 84' lang='grc' dir='ltr'>σεται,</span> <span class='ocrx_word' id='word_1_586' title='bbox 2496 4323 2574 4387; x_wconf 84' lang='grc' dir='ltr'>ὡς</span> <span class='ocrx_word' id='word_1_587' title='bbox 2595 4320 2757 4394; x_wconf 80' lang='grc' dir='ltr'>γυνή.</span> 
     </span>
    </p>
   </div>
   <div class='ocr_carea' id='block_1_90' title="bbox 2366 4409 3877 4486">
    <p class='ocr_par' dir='ltr' id='par_1_90' title="bbox 2366 4409 3877 4486">
     <span class='ocr_line' id='line_1_90' title="bbox 2366 4409 3877 4486; baseline -0.002 -17"><span class='ocrx_word' id='word_1_588' title='bbox 2366 4434 2388 4469; x_wconf 72' lang='grc' dir='ltr'><strong>ι</strong></span> <span class='ocrx_word' id='word_1_589' title='bbox 2428 4410 2920 4486; x_wconf 82' lang='grc' dir='ltr'>Περιτετμημένος</span> <span class='ocrx_word' id='word_1_590' title='bbox 2981 4425 3066 4474; x_wconf 85' lang='grc' dir='ltr'><strong>τις</strong></span> <span class='ocrx_word' id='word_1_591' title='bbox 3096 4409 3339 4482; x_wconf 73' lang='grc' dir='ltr'><strong>ἐκλήθη;</strong></span> <span class='ocrx_word' id='word_1_592' title='bbox 3398 4411 3474 4482; x_wconf 77' lang='grc' dir='ltr'>μὴ</span> <span class='ocrx_word' id='word_1_593' title='bbox 3524 4409 3877 4466; x_wconf 79' lang='grc' dir='ltr'>ἐπισπάσθω.</span> 
     </span>
    </p>
   </div>
   <div class='ocr_carea' id='block_1_91' title="bbox 607 4501 2179 4609">
    <p class='ocr_par' dir='ltr' id='par_1_91' title="bbox 607 4531 2179 4609">
     <span class='ocr_line' id='line_1_91' title="bbox 607 4531 2179 4609; baseline -0.01 -9"><span class='ocrx_word' id='word_1_594' title='bbox 607 4561 717 4600; x_wconf 80' lang='lat' dir='ltr'><strong>nun</strong></span> <span class='ocrx_word' id='word_1_595' title='bbox 760 4541 1014 4596; x_wconf 80' lang='lat' dir='ltr'><strong>adducat.</strong></span> <span class='ocrx_word' id='word_1_596' title='bbox 1047 4539 1105 4594; x_wconf 91' lang='lat' dir='ltr'><strong>ln</strong></span> <span class='ocrx_word' id='word_1_597' title='bbox 1133 4538 1406 4609; x_wconf 58' lang='lat' dir='ltr'><strong>praeputio</strong></span> <span class='ocrx_word' id='word_1_598' title='bbox 1435 4535 1636 4607; x_wconf 89' lang='lat' dir='ltr'><strong>aliquis</strong></span> <span class='ocrx_word' id='word_1_599' title='bbox 1671 4542 1896 4590; x_wconf 79' lang='lat' dir='ltr'><strong>vocatus</strong></span> <span class='ocrx_word' id='word_1_600' title='bbox 1926 4531 2057 4589; x_wconf 70' lang='lat' dir='ltr'><strong>est?</strong></span> <span class='ocrx_word' id='word_1_601' title='bbox 2077 4545 2179 4586; x_wconf 90' lang='lat' dir='ltr'><strong>non</strong></span> 
     </span>
    </p>
   </div>
   <div class='ocr_carea' id='block_1_92' title="bbox 2292 4501 3878 4609">
    <p class='ocr_par' dir='ltr' id='par_1_92' title="bbox 2305 4501 3878 4578">
     <span class='ocr_line' id='line_1_92' title="bbox 2305 4501 3878 4578; baseline -0.005 -14"><span class='ocrx_word' id='word_1_602' title='bbox 2305 4510 2394 4564; x_wconf 84' lang='lat' dir='ltr'><strong>&#39;Ev</strong></span> <span class='ocrx_word' id='word_1_603' title='bbox 2427 4505 2768 4578; x_wconf 77' lang='grc' dir='ltr'>ἀκροϐυστίᾳ</span> <span class='ocrx_word' id='word_1_604' title='bbox 2814 4520 2900 4569; x_wconf 88' lang='grc' dir='ltr'><strong>τις</strong></span> <span class='ocrx_word' id='word_1_605' title='bbox 2958 4501 3264 4575; x_wconf 73' lang='grc' dir='ltr'>κέκληταις</span> <span class='ocrx_word' id='word_1_606' title='bbox 3307 4502 3383 4574; x_wconf 78' lang='grc' dir='ltr'>μὴ</span> <span class='ocrx_word' id='word_1_607' title='bbox 3433 4501 3878 4575; x_wconf 84' lang='grc' dir='ltr'>περιτεμνέσθω.</span> 
     </span>
    </p>
   </div>
   <div class='ocr_carea' id='block_1_93' title="bbox 608 4627 2180 4696">
    <p class='ocr_par' dir='ltr' id='par_1_93' title="bbox 608 4627 2180 4696">
     <span class='ocr_line' id='line_1_93' title="bbox 608 4627 2180 4696; baseline -0.01 -4"><span class='ocrx_word' id='word_1_608' title='bbox 608 4633 1065 4692; x_wconf 79' lang='lat' dir='ltr'><strong>cireutncidatur.</strong></span> <span class='ocrx_word' id='word_1_609' title='bbox 1130 4630 1500 4685; x_wconf 83' lang='lat' dir='ltr'><strong>Circumcisio</strong></span> <span class='ocrx_word' id='word_1_610' title='bbox 1550 4627 1686 4682; x_wconf 90' lang='lat' dir='ltr'><strong>nihil</strong></span> <span class='ocrx_word' id='word_1_611' title='bbox 1728 4634 1834 4694; x_wconf 87' lang='lat' dir='ltr'><strong>est,</strong></span> <span class='ocrx_word' id='word_1_612' title='bbox 1871 4633 1925 4680; x_wconf 84' lang='lat' dir='ltr'><strong>et</strong></span> <span class='ocrx_word' id='word_1_613' title='bbox 1966 4639 2180 4696; x_wconf 67' lang='lat' dir='ltr'><strong>praepu-</strong></span> 
     </span>
    </p>
   </div>
   <div class='ocr_carea' id='block_1_94' title="bbox 610 4715 2180 4789">
    <p class='ocr_par' dir='ltr' id='par_1_94' title="bbox 610 4715 2180 4789">
     <span class='ocr_line' id='line_1_94' title="bbox 610 4715 2180 4789; baseline -0.011 -3"><span class='ocrx_word' id='word_1_614' title='bbox 610 4732 743 4786; x_wconf 87' lang='lat' dir='ltr'><strong>tium</strong></span> <span class='ocrx_word' id='word_1_615' title='bbox 802 4725 939 4779; x_wconf 87' lang='lat' dir='ltr'><strong>nihil</strong></span> <span class='ocrx_word' id='word_1_616' title='bbox 984 4732 1102 4789; x_wconf 89' lang='lat' dir='ltr'><strong>est;</strong></span> <span class='ocrx_word' id='word_1_617' title='bbox 1135 4722 1228 4778; x_wconf 76' lang='lat' dir='ltr'><strong>sed</strong></span> <span class='ocrx_word' id='word_1_618' title='bbox 1268 4722 1583 4777; x_wconf 89' lang='lat' dir='ltr'><strong>observatio</strong></span> <span class='ocrx_word' id='word_1_619' title='bbox 1626 4719 2011 4774; x_wconf 89' lang='lat' dir='ltr'><strong>mandatorum</strong></span> <span class='ocrx_word' id='word_1_620' title='bbox 2064 4715 2180 4769; x_wconf 89' lang='lat' dir='ltr'><strong>Dei.</strong></span> 
     </span>
    </p>
   </div>
   <div class='ocr_carea' id='block_1_95' title="bbox 2299 4593 3880 4674">
    <p class='ocr_par' dir='ltr' id='par_1_95' title="bbox 2299 4593 3880 4674">
     <span class='ocr_line' id='line_1_95' title="bbox 2299 4593 3880 4674; baseline -0.006 -17"><span class='ocrx_word' id='word_1_621' title='bbox 2299 4603 2365 4657; x_wconf 88' lang='grc' dir='ltr'><strong>Ἦ</strong></span> <span class='ocrx_word' id='word_1_622' title='bbox 2395 4597 2668 4674; x_wconf 80' lang='grc' dir='ltr'>περιτομή</span> <span class='ocrx_word' id='word_1_623' title='bbox 2705 4596 2862 4652; x_wconf 75' lang='grc' dir='ltr'>οὐδέν</span> <span class='ocrx_word' id='word_1_624' title='bbox 2916 4597 3084 4663; x_wconf 70' lang='grc' dir='ltr'>ἐστιν,</span> <span class='ocrx_word' id='word_1_625' title='bbox 3144 4594 3240 4650; x_wconf 78' lang='grc' dir='ltr'><strong>καί</strong></span> <span class='ocrx_word' id='word_1_626' title='bbox 3273 4593 3672 4668; x_wconf 78' lang='grc' dir='ltr'>ήάκροϐυστία</span> <span class='ocrx_word' id='word_1_627' title='bbox 3721 4595 3880 4649; x_wconf 68' lang='grc' dir='ltr'>οὐδέν</span> 
     </span>
    </p>
   </div>
   <div class='ocr_carea' id='block_1_96' title="bbox 2285 4686 3880 4765">
    <p class='ocr_par' dir='ltr' id='par_1_96' title="bbox 2285 4686 3880 4765">
     <span class='ocr_line' id='line_1_96' title="bbox 2285 4686 3880 4765; baseline -0.005 -14"><span class='ocrx_word' id='word_1_628' title='bbox 2285 4699 2460 4762; x_wconf 62' lang='grc' dir='ltr'>ἔστιν,</span> <span class='ocrx_word' id='word_1_629' title='bbox 2494 4693 2634 4750; x_wconf 80' lang='grc' dir='ltr'>ἀλλὰ</span> <span class='ocrx_word' id='word_1_630' title='bbox 2674 4693 2910 4765; x_wconf 78' lang='grc' dir='ltr'>τήρησις</span> <span class='ocrx_word' id='word_1_631' title='bbox 2943 4686 3173 4746; x_wconf 70' lang='grc' dir='ltr'>ἐντολῶν</span> <span class='ocrx_word' id='word_1_632' title='bbox 3225 4687 3383 4742; x_wconf 83' lang='grc' dir='ltr'>Θεοῦ.</span> <span class='ocrx_word' id='word_1_633' title='bbox 3421 4687 3694 4753; x_wconf 83' lang='grc' dir='ltr'>Ἕκαστος</span> <span class='ocrx_word' id='word_1_634' title='bbox 3720 4689 3782 4743; x_wconf 79' lang='grc' dir='ltr'>ὲν</span> <span class='ocrx_word' id='word_1_635' title='bbox 3813 4693 3880 4762; x_wconf 73' lang='grc' dir='ltr'><strong>τῇ</strong></span> 
     </span>
    </p>
   </div>
   <div class='ocr_carea' id='block_1_97' title="bbox 615 4781 2179 4888">
    <p class='ocr_par' dir='ltr' id='par_1_97' title="bbox 615 4809 2179 4888">
     <span class='ocr_line' id='line_1_97' title="bbox 615 4809 2179 4888; baseline -0.008 -14"><span class='ocrx_word' id='word_1_636' title='bbox 615 4817 1009 4888; x_wconf 79' lang='lat' dir='ltr'><strong>Unusquisque</strong></span> <span class='ocrx_word' id='word_1_637' title='bbox 1059 4818 1116 4869; x_wconf 87' lang='lat' dir='ltr'><strong>in</strong></span> <span class='ocrx_word' id='word_1_638' title='bbox 1151 4830 1260 4888; x_wconf 85' lang='lat' dir='ltr'><strong>qua</strong></span> <span class='ocrx_word' id='word_1_639' title='bbox 1310 4815 1601 4869; x_wconf 67' lang='lat' dir='ltr'><strong>vocatione</strong></span> <span class='ocrx_word' id='word_1_640' title='bbox 1628 4819 1860 4866; x_wconf 88' lang='lat' dir='ltr'><strong>vocatus</strong></span> <span class='ocrx_word' id='word_1_641' title='bbox 1890 4818 1996 4875; x_wconf 87' lang='lat' dir='ltr'><strong>est,</strong></span> <span class='ocrx_word' id='word_1_642' title='bbox 2032 4809 2086 4863; x_wconf 89' lang='lat' dir='ltr'><strong>in</strong></span> <span class='ocrx_word' id='word_1_643' title='bbox 2117 4823 2179 4863; x_wconf 86' lang='lat' dir='ltr'><strong>ea</strong></span> 
     </span>
    </p>
   </div>
   <div class='ocr_carea' id='block_1_98' title="bbox 2292 4781 3880 4888">
    <p class='ocr_par' dir='ltr' id='par_1_98' title="bbox 2292 4781 3880 4863">
     <span class='ocr_line' id='line_1_98' title="bbox 2292 4781 3880 4863; baseline -0.004 -18"><span class='ocrx_word' id='word_1_644' title='bbox 2292 4791 2481 4863; x_wconf 80' lang='grc' dir='ltr'>κλήσει</span> <span class='ocrx_word' id='word_1_645' title='bbox 2517 4790 2575 4844; x_wconf 83' lang='grc' dir='ltr'>ἐν</span> <span class='ocrx_word' id='word_1_646' title='bbox 2665 4786 2895 4858; x_wconf 73' lang='grc' dir='ltr'>ἐκλήθη,</span> <span class='ocrx_word' id='word_1_647' title='bbox 2933 4786 2990 4839; x_wconf 83' lang='grc' dir='ltr'>ὲν</span> <span class='ocrx_word' id='word_1_648' title='bbox 3013 4784 3192 4860; x_wconf 77' lang='grc' dir='ltr'>ταύτῃ</span> <span class='ocrx_word' id='word_1_649' title='bbox 3217 4784 3450 4856; x_wconf 81' lang='grc' dir='ltr'>μενέτω.</span> <span class='ocrx_word' id='word_1_650' title='bbox 3479 4785 3679 4851; x_wconf 80' lang='grc' dir='ltr'>Δοῦλος</span> <span class='ocrx_word' id='word_1_651' title='bbox 3709 4785 3880 4857; x_wconf 72' lang='grc' dir='ltr'>ἐκλή-</span> 
     </span>
    </p>
   </div>
   <div class='ocr_carea' id='block_1_99' title="bbox 613 4897 2183 4984">
    <p class='ocr_par' dir='ltr' id='par_1_99' title="bbox 613 4897 2183 4984">
     <span class='ocr_line' id='line_1_99' title="bbox 613 4897 2183 4984; baseline -0.01 -16"><span class='ocrx_word' id='word_1_652' title='bbox 613 4917 951 4984; x_wconf 86' lang='lat' dir='ltr'><strong>permaneat.</strong></span> <span class='ocrx_word' id='word_1_653' title='bbox 989 4901 994 4905; x_wconf 79' lang='grc'><em>’</em></span> <span class='ocrx_word' id='word_1_654' title='bbox 1032 4906 1237 4962; x_wconf 85' lang='lat' dir='ltr'><strong>Servus</strong></span> <span class='ocrx_word' id='word_1_655' title='bbox 1309 4914 1540 4961; x_wconf 76' lang='lat' dir='ltr'><strong>vocatus</strong></span> <span class='ocrx_word' id='word_1_656' title='bbox 1615 4903 1721 4958; x_wconf 78' lang='lat' dir='ltr'><strong>es?</strong></span> <span class='ocrx_word' id='word_1_657' title='bbox 1777 4917 1884 4957; x_wconf 89' lang='lat' dir='ltr'><strong>non</strong></span> <span class='ocrx_word' id='word_1_658' title='bbox 1965 4903 2036 4954; x_wconf 81' lang='lat' dir='ltr'><strong>sit</strong></span> <span class='ocrx_word' id='word_1_659' title='bbox 2085 4897 2183 4954; x_wconf 88' lang='lat' dir='ltr'><strong>tibi</strong></span> 
     </span>
    </p>
   </div>
   <div class='ocr_carea' id='block_1_100' title="bbox 611 5017 2188 5140">
    <p class='ocr_par' dir='ltr' id='par_1_100' title="bbox 611 5017 2188 5140">
     <span class='ocr_line' id='line_1_100' title="bbox 611 5017 2188 5140; baseline -0.008 -12"><span class='ocrx_word' id='word_1_660' title='bbox 611 5017 894 5138; x_wconf 55' lang='grc' dir='ltr'>ωἶέῗίιιέο,</span> <span class='ocrx_word' id='word_1_661' title='bbox 933 5069 1130 5140; x_wconf 88' lang='lat' dir='ltr'><strong>inquit,</strong></span> <span class='ocrx_word' id='word_1_662' title='bbox 1187 5068 1252 5123; x_wconf 90' lang='lat' dir='ltr'><strong>ad</strong></span> <span class='ocrx_word' id='word_1_663' title='bbox 1285 5067 1442 5123; x_wconf 89' lang='lat' dir='ltr'><strong>ﬁdem</strong></span> <span class='ocrx_word' id='word_1_664' title='bbox 1504 5066 1639 5121; x_wconf 87' lang='lat' dir='ltr'><strong>nihil</strong></span> <span class='ocrx_word' id='word_1_665' title='bbox 1673 5065 2054 5120; x_wconf 88' lang='lat' dir='ltr'><strong>contribuunt.</strong></span> <span class='ocrx_word' id='word_1_666' title='bbox 2110 5059 2188 5117; x_wconf 81' lang='lat' dir='ltr'><strong>Ne</strong></span> 
     </span>
    </p>
   </div>
   <div class='ocr_carea' id='block_1_101' title="bbox 611 5156 2183 5240">
    <p class='ocr_par' dir='ltr' id='par_1_101' title="bbox 611 5156 2183 5240">
     <span class='ocr_line' id='line_1_101' title="bbox 611 5156 2183 5240; baseline -0.01 -16"><span class='ocrx_word' id='word_1_667' title='bbox 611 5183 742 5240; x_wconf 73' lang='lat' dir='ltr'><strong>ergo</strong></span> <span class='ocrx_word' id='word_1_668' title='bbox 767 5162 1145 5228; x_wconf 85' lang='lat' dir='ltr'><strong>contenderis,</strong></span> <span class='ocrx_word' id='word_1_669' title='bbox 1205 5161 1317 5215; x_wconf 87' lang='lat' dir='ltr'><strong>noli</strong></span> <span class='ocrx_word' id='word_1_670' title='bbox 1360 5160 1697 5232; x_wconf 87' lang='lat' dir='ltr'><strong>perturbari.</strong></span> <span class='ocrx_word' id='word_1_671' title='bbox 1731 5156 1868 5213; x_wconf 85' lang='lat' dir='ltr'><strong>Nam</strong></span> <span class='ocrx_word' id='word_1_672' title='bbox 1902 5157 2035 5213; x_wconf 86' lang='lat' dir='ltr'><strong>ﬁdes</strong></span> <span class='ocrx_word' id='word_1_673' title='bbox 2065 5157 2183 5210; x_wconf 71' lang='lat' dir='ltr'><strong>haec</strong></span> 
     </span>
    </p>
   </div>
   <div class='ocr_carea' id='block_1_102' title="bbox 613 5251 2186 5329">
    <p class='ocr_par' dir='ltr' id='par_1_102' title="bbox 613 5251 2186 5329">
     <span class='ocr_line' id='line_1_102' title="bbox 613 5251 2186 5329; baseline -0.008 -15"><span class='ocrx_word' id='word_1_674' title='bbox 613 5260 796 5314; x_wconf 88' lang='lat' dir='ltr'><strong>omnia</strong></span> <span class='ocrx_word' id='word_1_675' title='bbox 869 5257 1097 5329; x_wconf 84' lang='lat' dir='ltr'><strong>pepulit.</strong></span> <span class='ocrx_word' id='word_1_676' title='bbox 1164 5253 1321 5320; x_wconf 81' lang='lat' dir='ltr'><strong>Quod</strong></span> <span class='ocrx_word' id='word_1_677' title='bbox 1383 5261 1564 5308; x_wconf 84' lang='lat' dir='ltr'><strong>autent</strong></span> <span class='ocrx_word' id='word_1_678' title='bbox 1615 5253 1714 5320; x_wconf 86' lang='lat' dir='ltr'><strong>ait,</strong></span> <span class='ocrx_word' id='word_1_679' title='bbox 1775 5269 1877 5306; x_wconf 85' lang='lat' dir='ltr'><strong>non</strong></span> <span class='ocrx_word' id='word_1_680' title='bbox 1932 5251 2186 5316; x_wconf 81' lang='lat' dir='ltr'><strong>adducat,</strong></span> 
     </span>
    </p>
   </div>
   <div class='ocr_carea' id='block_1_103' title="bbox 615 5345 2188 5418">
    <p class='ocr_par' dir='ltr' id='par_1_103' title="bbox 615 5345 2188 5418">
     <span class='ocr_line' id='line_1_103' title="bbox 615 5345 2188 5418; baseline -0.009 -10"><span class='ocrx_word' id='word_1_681' title='bbox 615 5353 757 5407; x_wconf 82' lang='lat' dir='ltr'><strong>idem</strong></span> <span class='ocrx_word' id='word_1_682' title='bbox 792 5359 877 5406; x_wconf 87' lang='lat' dir='ltr'><strong>est</strong></span> <span class='ocrx_word' id='word_1_683' title='bbox 902 5367 985 5414; x_wconf 72' lang='lat' dir='ltr'><strong>ac,</strong></span> <span class='ocrx_word' id='word_1_684' title='bbox 1024 5361 1368 5418; x_wconf 80' lang='lat' dir='ltr'><strong>nequaquam</strong></span> <span class='ocrx_word' id='word_1_685' title='bbox 1412 5361 1479 5400; x_wconf 80' lang='lat' dir='ltr'><strong>ex</strong></span> <span class='ocrx_word' id='word_1_686' title='bbox 1519 5345 1942 5401; x_wconf 85' lang='lat' dir='ltr'><strong>circumcisione</strong></span> <span class='ocrx_word' id='word_1_687' title='bbox 1973 5359 2188 5414; x_wconf 68' lang='lat' dir='ltr'><strong>praepu-</strong></span> 
     </span>
    </p>
   </div>
   <div class='ocr_carea' id='block_1_104' title="bbox 616 5441 1112 5500">
    <p class='ocr_par' dir='ltr' id='par_1_104' title="bbox 616 5441 1112 5500">
     <span class='ocr_line' id='line_1_104' title="bbox 616 5441 1112 5500; baseline -0.012 0"><span class='ocrx_word' id='word_1_688' title='bbox 616 5448 750 5500; x_wconf 89' lang='lat' dir='ltr'><strong>tium</strong></span> <span class='ocrx_word' id='word_1_689' title='bbox 790 5444 894 5499; x_wconf 87' lang='lat' dir='ltr'><strong>sibi</strong></span> <span class='ocrx_word' id='word_1_690' title='bbox 927 5441 1112 5496; x_wconf 86' lang='lat' dir='ltr'><strong>faciat.</strong></span> 
     </span>
    </p>
   </div>
   <div class='ocr_carea' id='block_1_105' title="bbox 700 5531 2026 5606">
    <p class='ocr_par' dir='ltr' id='par_1_105' title="bbox 700 5531 2026 5606">
     <span class='ocr_line' id='line_1_105' title="bbox 700 5531 2026 5606; baseline -0.007 -16"><span class='ocrx_word' id='word_1_691' title='bbox 700 5558 718 5590; x_wconf 78' lang='grc' dir='ltr'><strong>ι</strong></span> <span class='ocrx_word' id='word_1_692' title='bbox 757 5535 865 5592; x_wconf 87' lang='lat' dir='ltr'><strong>Sed</strong></span> <span class='ocrx_word' id='word_1_693' title='bbox 894 5544 946 5591; x_wconf 90' lang='lat' dir='ltr'><strong>et</strong></span> <span class='ocrx_word' id='word_1_694' title='bbox 978 5534 1024 5590; x_wconf 87' lang='lat' dir='ltr'><strong>si</strong></span> <span class='ocrx_word' id='word_1_695' title='bbox 1060 5543 1217 5606; x_wconf 85' lang='lat' dir='ltr'><strong>potes</strong></span> <span class='ocrx_word' id='word_1_696' title='bbox 1245 5532 1364 5589; x_wconf 88' lang='lat' dir='ltr'><strong>ﬁeri</strong></span> <span class='ocrx_word' id='word_1_697' title='bbox 1398 5532 1558 5595; x_wconf 85' lang='lat' dir='ltr'><strong>liber,</strong></span> <span class='ocrx_word' id='word_1_698' title='bbox 1593 5531 1768 5603; x_wconf 73' lang='lat' dir='ltr'><strong>magis</strong></span> <span class='ocrx_word' id='word_1_699' title='bbox 1799 5539 1970 5585; x_wconf 76' lang='lat' dir='ltr'><strong>utere.</strong></span> <span class='ocrx_word' id='word_1_700' title='bbox 2008 5549 2026 5581; x_wconf 76' lang='grc' dir='ltr'><strong>ι</strong></span> 
     </span>
    </p>
   </div>
   <div class='ocr_carea' id='block_1_106' title="bbox 688 5711 2191 5784">
    <p class='ocr_par' dir='ltr' id='par_1_106' title="bbox 688 5711 2191 5784">
     <span class='ocr_line' id='line_1_106' title="bbox 688 5711 2191 5784; baseline -0.007 -8"><span class='ocrx_word' id='word_1_701' title='bbox 688 5719 804 5777; x_wconf 79' lang='lat' dir='ltr'><strong>Hoc</strong></span> <span class='ocrx_word' id='word_1_702' title='bbox 834 5727 936 5784; x_wconf 79' lang='lat' dir='ltr'><strong>est,</strong></span> <span class='ocrx_word' id='word_1_703' title='bbox 971 5731 1167 5772; x_wconf 72' lang='lat' dir='ltr'><strong>servus</strong></span> <span class='ocrx_word' id='word_1_704' title='bbox 1210 5717 1288 5770; x_wconf 90' lang='lat' dir='ltr'><strong>sis</strong></span> <span class='ocrx_word' id='word_1_705' title='bbox 1330 5715 1536 5782; x_wconf 86' lang='lat' dir='ltr'><strong>potius.</strong></span> <span class='ocrx_word' id='word_1_706' title='bbox 1567 5714 1748 5767; x_wconf 76' lang='lat' dir='ltr'><strong>Eccur</strong></span> <span class='ocrx_word' id='word_1_707' title='bbox 1783 5728 1912 5768; x_wconf 77' lang='lat' dir='ltr'><strong>vero</strong></span> <span class='ocrx_word' id='word_1_708' title='bbox 1941 5727 2064 5765; x_wconf 85' lang='lat' dir='ltr'><strong>eum</strong></span> <span class='ocrx_word' id='word_1_709' title='bbox 2097 5711 2191 5781; x_wconf 81' lang='lat' dir='ltr'><strong>qui</strong></span> 
     </span>
    </p>
   </div>
   <div class='ocr_carea' id='block_1_107' title="bbox 623 5802 2191 5882">
    <p class='ocr_par' dir='ltr' id='par_1_107' title="bbox 623 5802 2191 5882">
     <span class='ocr_line' id='line_1_107' title="bbox 623 5802 2191 5882; baseline -0.007 -13"><span class='ocrx_word' id='word_1_710' title='bbox 623 5816 755 5876; x_wconf 74' lang='lat' dir='ltr'><strong>,iber</strong></span> <span class='ocrx_word' id='word_1_711' title='bbox 794 5827 914 5868; x_wconf 88' lang='lat' dir='ltr'><strong>esse</strong></span> <span class='ocrx_word' id='word_1_712' title='bbox 949 5812 1145 5882; x_wconf 84' lang='lat' dir='ltr'><strong>possit,</strong></span> <span class='ocrx_word' id='word_1_713' title='bbox 1203 5824 1420 5866; x_wconf 79' lang='lat' dir='ltr'><strong>servum</strong></span> <span class='ocrx_word' id='word_1_714' title='bbox 1455 5821 1674 5862; x_wconf 80' lang='lat' dir='ltr'><strong>manere</strong></span> <span class='ocrx_word' id='word_1_715' title='bbox 1724 5807 2010 5876; x_wconf 77' lang='lat' dir='ltr'><strong>praecipit?</strong></span> <span class='ocrx_word' id='word_1_716' title='bbox 2063 5802 2191 5858; x_wconf 77' lang='lat' dir='ltr'><strong>Vult</strong></span> 
     </span>
    </p>
   </div>
   <div class='ocr_carea' id='block_1_108' title="bbox 2287 4878 2982 4957">
    <p class='ocr_par' dir='ltr' id='par_1_108' title="bbox 2287 4878 2982 4957">
     <span class='ocr_line' id='line_1_108' title="bbox 2287 4878 2982 4957; baseline -0.007 -21"><span class='ocrx_word' id='word_1_717' title='bbox 2287 4883 2386 4957; x_wconf 77' lang='grc' dir='ltr'>οης</span> <span class='ocrx_word' id='word_1_718' title='bbox 2421 4902 2436 4949; x_wconf 85' lang='grc'><strong>;</strong></span> <span class='ocrx_word' id='word_1_719' title='bbox 2480 4882 2554 4954; x_wconf 74' lang='grc' dir='ltr'>μή</span> <span class='ocrx_word' id='word_1_720' title='bbox 2581 4897 2662 4933; x_wconf 87' lang='grc' dir='ltr'><strong>σοι</strong></span> <span class='ocrx_word' id='word_1_721' title='bbox 2701 4878 2930 4951; x_wconf 83' lang='grc' dir='ltr'>μελέτω.</span> <span class='ocrx_word' id='word_1_722' title='bbox 2960 4896 2982 4930; x_wconf 69' lang='grc' dir='ltr'><strong>ι</strong></span> 
     </span>
    </p>
   </div>
   <div class='ocr_carea' id='block_1_109' title="bbox 2364 5057 3882 5133">
    <p class='ocr_par' dir='ltr' id='par_1_109' title="bbox 2364 5057 3882 5133">
     <span class='ocr_line' id='line_1_109' title="bbox 2364 5057 3882 5133; baseline -0.001 -18"><span class='ocrx_word' id='word_1_723' title='bbox 2364 5060 2572 5128; x_wconf 80' lang='grc' dir='ltr'>Ταῦτα,</span> <span class='ocrx_word' id='word_1_724' title='bbox 2596 5059 2784 5132; x_wconf 74' lang='grc' dir='ltr'>φησὶν,</span> <span class='ocrx_word' id='word_1_725' title='bbox 2819 5059 2899 5121; x_wconf 82' lang='grc' dir='ltr'><strong>εἰς</strong></span> <span class='ocrx_word' id='word_1_726' title='bbox 2939 5058 3038 5130; x_wconf 74' lang='grc' dir='ltr'>τὴν</span> <span class='ocrx_word' id='word_1_727' title='bbox 3066 5059 3249 5113; x_wconf 82' lang='grc' dir='ltr'>πίστιν</span> <span class='ocrx_word' id='word_1_728' title='bbox 3280 5057 3434 5112; x_wconf 77' lang='grc' dir='ltr'>οὐδὲν</span> <span class='ocrx_word' id='word_1_729' title='bbox 3497 5060 3765 5124; x_wconf 87' lang='grc' dir='ltr'>συντελεῖ,</span> <span class='ocrx_word' id='word_1_730' title='bbox 3805 5060 3882 5133; x_wconf 67' lang='grc' dir='ltr'>μὴ</span> 
     </span>
    </p>
   </div>
   <div class='ocr_carea' id='block_1_110' title="bbox 2288 5150 3886 5225">
    <p class='ocr_par' dir='ltr' id='par_1_110' title="bbox 2288 5150 3886 5225">
     <span class='ocr_line' id='line_1_110' title="bbox 2288 5150 3886 5225; baseline -0.001 -15"><span class='ocrx_word' id='word_1_731' title='bbox 2288 5155 2468 5211; x_wconf 86' lang='grc' dir='ltr'>τοίνυν</span> <span class='ocrx_word' id='word_1_732' title='bbox 2528 5153 2866 5224; x_wconf 81' lang='grc' dir='ltr'>φιλονείκει,</span> <span class='ocrx_word' id='word_1_733' title='bbox 2931 5150 3069 5225; x_wconf 79' lang='grc' dir='ltr'><strong>μηδὲ</strong></span> <span class='ocrx_word' id='word_1_734' title='bbox 3120 5150 3374 5223; x_wconf 81' lang='grc' dir='ltr'>θορυϐοὖ.</span> <span class='ocrx_word' id='word_1_735' title='bbox 3419 5152 3482 5207; x_wconf 83' lang='grc' dir='ltr'><strong>Ἡ</strong></span> <span class='ocrx_word' id='word_1_736' title='bbox 3527 5153 3636 5225; x_wconf 83' lang='grc' dir='ltr'><strong>γὰρ</strong></span> <span class='ocrx_word' id='word_1_737' title='bbox 3691 5153 3886 5219; x_wconf 83' lang='grc' dir='ltr'>πίστις</span> 
     </span>
    </p>
   </div>
   <div class='ocr_carea' id='block_1_111' title="bbox 2293 5244 3887 5318">
    <p class='ocr_par' dir='ltr' id='par_1_111' title="bbox 2293 5244 3887 5318">
     <span class='ocr_line' id='line_1_111' title="bbox 2293 5244 3887 5318; baseline -0.005 -10"><span class='ocrx_word' id='word_1_738' title='bbox 2293 5253 2471 5308; x_wconf 82' lang='grc' dir='ltr'>πάντα</span> <span class='ocrx_word' id='word_1_739' title='bbox 2501 5248 2724 5317; x_wconf 71' lang='grc' dir='ltr'>ὶξέϐαλε</span> <span class='ocrx_word' id='word_1_740' title='bbox 2757 5244 2955 5303; x_wconf 75' lang='grc' dir='ltr'>ταῦτα.</span> <span class='ocrx_word' id='word_1_741' title='bbox 2988 5246 3062 5302; x_wconf 82' lang='grc' dir='ltr'><strong>Τὸ</strong></span> <span class='ocrx_word' id='word_1_742' title='bbox 3089 5248 3146 5302; x_wconf 77' lang='grc' dir='ltr'><strong>δὲ</strong></span> <span class='ocrx_word' id='word_1_743' title='bbox 3166 5288 3181 5311; x_wconf 90' lang='grc'><strong>,</strong></span> <span class='ocrx_word' id='word_1_744' title='bbox 3201 5246 3289 5318; x_wconf 74' lang='grc' dir='ltr'>μὴ</span> <span class='ocrx_word' id='word_1_745' title='bbox 3319 5246 3701 5315; x_wconf 77' lang='grc' dir='ltr'>ἐπισπάσθω,</span> <span class='ocrx_word' id='word_1_746' title='bbox 3755 5250 3887 5304; x_wconf 79' lang='grc' dir='ltr'>ἀντὶ</span> 
     </span>
    </p>
   </div>
   <div class='ocr_carea' id='block_1_112' title="bbox 2290 5339 3776 5417">
    <p class='ocr_par' dir='ltr' id='par_1_112' title="bbox 2290 5339 3776 5417">
     <span class='ocr_line' id='line_1_112' title="bbox 2290 5339 3776 5417; baseline 0.003 -23"><span class='ocrx_word' id='word_1_747' title='bbox 2290 5346 2409 5413; x_wconf 75' lang='grc' dir='ltr'>τοῦ,</span> <span class='ocrx_word' id='word_1_748' title='bbox 2443 5344 2520 5417; x_wconf 79' lang='grc' dir='ltr'>μὴ</span> <span class='ocrx_word' id='word_1_749' title='bbox 2549 5346 2611 5397; x_wconf 80' lang='grc' dir='ltr'>ὲκ</span> <span class='ocrx_word' id='word_1_750' title='bbox 2635 5340 2942 5414; x_wconf 77' lang='grc' dir='ltr'>περιτομῆς</span> <span class='ocrx_word' id='word_1_751' title='bbox 2980 5339 3346 5413; x_wconf 84' lang='grc' dir='ltr'>ἀκροϐυστίαν</span> <span class='ocrx_word' id='word_1_752' title='bbox 3378 5339 3623 5397; x_wconf 81' lang='grc' dir='ltr'>ποιείτω.</span> <span class='ocrx_word' id='word_1_753' title='bbox 3769 5343 3776 5349; x_wconf 87' lang='grc'><em>’</em></span> 
     </span>
    </p>
   </div>
   <div class='ocr_carea' id='block_1_113' title="bbox 2379 5523 3882 5597">
    <p class='ocr_par' dir='ltr' id='par_1_113' title="bbox 2379 5523 3882 5597">
     <span class='ocr_line' id='line_1_113' title="bbox 2379 5523 3882 5597; baseline -0.004 -13"><span class='ocrx_word' id='word_1_754' title='bbox 2379 5528 2519 5585; x_wconf 80' lang='grc' dir='ltr'><strong>Ἀλλ’</strong></span> <span class='ocrx_word' id='word_1_755' title='bbox 2547 5528 2596 5580; x_wconf 87' lang='grc' dir='ltr'><strong>εἰ</strong></span> <span class='ocrx_word' id='word_1_756' title='bbox 2635 5525 2726 5579; x_wconf 70' lang='grc' dir='ltr'>καὶ</span> <span class='ocrx_word' id='word_1_757' title='bbox 2750 5525 2976 5579; x_wconf 80' lang='grc' dir='ltr'>δύνασαι</span> <span class='ocrx_word' id='word_1_758' title='bbox 2999 5523 3284 5597; x_wconf 76' lang='grc' dir='ltr'>ἐλεύθερος</span> <span class='ocrx_word' id='word_1_759' title='bbox 3330 5525 3608 5594; x_wconf 77' lang='grc' dir='ltr'>γενέσθαι,</span> <span class='ocrx_word' id='word_1_760' title='bbox 3667 5523 3882 5596; x_wconf 75' lang='grc' dir='ltr'>μᾶλλον</span> 
     </span>
    </p>
   </div>
   <div class='ocr_carea' id='block_1_114' title="bbox 2300 5622 2558 5695">
    <p class='ocr_par' dir='ltr' id='par_1_114' title="bbox 2300 5622 2558 5695">
     <span class='ocr_line' id='line_1_114' title="bbox 2300 5622 2558 5695; baseline -0.016 -21"><span class='ocrx_word' id='word_1_761' title='bbox 2300 5622 2517 5695; x_wconf 76' lang='grc' dir='ltr'>χρῆσαι.</span> <span class='ocrx_word' id='word_1_762' title='bbox 2541 5637 2558 5670; x_wconf 75' lang='grc' dir='ltr'><strong>ι</strong></span> 
     </span>
    </p>
   </div>
   <div class='ocr_carea' id='block_1_115' title="bbox 2363 5705 3884 5779">
    <p class='ocr_par' dir='ltr' id='par_1_115' title="bbox 2363 5705 3884 5779">
     <span class='ocr_line' id='line_1_115' title="bbox 2363 5705 3884 5779; baseline -0.005 -11"><span class='ocrx_word' id='word_1_763' title='bbox 2363 5711 2621 5768; x_wconf 80' lang='grc' dir='ltr'>Τουτέστι</span> <span class='ocrx_word' id='word_1_764' title='bbox 2660 5749 2674 5774; x_wconf 86' lang='grc'><strong>,</strong></span> <span class='ocrx_word' id='word_1_765' title='bbox 2737 5708 2936 5778; x_wconf 70' lang='grc' dir='ltr'>μᾶλλον</span> <span class='ocrx_word' id='word_1_766' title='bbox 2991 5707 3227 5762; x_wconf 81' lang='grc' dir='ltr'>δούλευε.</span> <span class='ocrx_word' id='word_1_767' title='bbox 3282 5708 3394 5763; x_wconf 72' lang='grc' dir='ltr'><strong>Καὶ</strong></span> <span class='ocrx_word' id='word_1_768' title='bbox 3446 5707 3498 5760; x_wconf 83' lang='grc' dir='ltr'><strong>τί</strong></span> <span class='ocrx_word' id='word_1_769' title='bbox 3536 5707 3739 5779; x_wconf 75' lang='grc' dir='ltr'>δήποτε</span> <span class='ocrx_word' id='word_1_770' title='bbox 3790 5705 3884 5760; x_wconf 76' lang='grc' dir='ltr'>τὸν</span> 
     </span>
    </p>
   </div>
   <div class='ocr_carea' id='block_1_116' title="bbox 2297 5800 3877 5874">
    <p class='ocr_par' dir='ltr' id='par_1_116' title="bbox 2297 5800 3877 5874">
     <span class='ocr_line' id='line_1_116' title="bbox 2297 5800 3877 5874; baseline -0.003 -13"><span class='ocrx_word' id='word_1_771' title='bbox 2297 5804 2593 5874; x_wconf 78' lang='grc' dir='ltr'>δυνάμενον</span> <span class='ocrx_word' id='word_1_772' title='bbox 2652 5801 3107 5874; x_wconf 79' lang='grc' dir='ltr'>ὲλευθερωθῆναι,</span> <span class='ocrx_word' id='word_1_773' title='bbox 3164 5800 3379 5858; x_wconf 80' lang='grc' dir='ltr'>κελεύει</span> <span class='ocrx_word' id='word_1_774' title='bbox 3414 5804 3596 5872; x_wconf 84' lang='grc' dir='ltr'>μεῖναι</span> <span class='ocrx_word' id='word_1_775' title='bbox 3636 5800 3877 5867; x_wconf 74' lang='grc' dir='ltr'>δούλονς</span> 
     </span>
    </p>
   </div>
  </div>
