4038 6284
208 355 305 422 6‘25

1343 356 1426 416 IN
1471 356 1712 418 EPIST.
1761 356 1864 414 AD
1904 357 2263 419 CORINTH.
2299 358 2350 418 Ι.

3336 359 3440 422 626

206 472 358 524 θέλων
412 465 606 534 δείξαι,
661 467 744 520 ὅτι
797 466 948 521 οὐδὲν
997 465 1224 538 βλάπτει
1252 469 1289 540 ἠ
1318 469 1574 538 δουλεία,
1630 469 1770 525 ἀλλά

1885 471 2138 528 nimirum
2174 474 2483 537 ostendere,
2516 471 2651 528 nihil
2688 471 3008 529 servitutem
3035 485 3251 537 nocere,
3276 474 3443 542 quiu-

207 563 289 623 καὶ
313 558 522 629 ὠφελεῖ.

273 673 291 707 ι
332 653 386 707 '0
414 651 524 722 γὰρ
557 654 616 707 ὲν
665 651 853 724 Κυρίῳ
879 652 1095 724 κληθεὶς
1117 651 1331 720 δοῦλος,
1386 650 1760 726 ἀπελεύθερος

204 744 392 816 Κυρίου
417 744 587 798 εστίν.
610 743 845 814 Ὀμοίως
870 745 964 799 καὶ
992 745 1021 799 6
1049 744 1337 816 ἐλεύθερος
1363 746 1612 819 κληθεὶς,
1639 746 1758 801 606-

205 835 286 901 λός
313 841 421 890 ἑστι
443 833 700 906 Χριστοῦ.
735 854 755 886 ι

271 929 401 999 Ὅρα
435 926 552 990 πῶς
598 927 1031 999 παρεμυθήσατο
1081 927 1181 999 τὴν
1212 926 1460 984 δουλείαν
1492 944 1507 960 ⁸
1539 928 1632 984 τὸν
1663 929 1764 1001 μὲν

207 1019 525 1090 καλούμενον
587 1018 777 1074 δοῦλον
811 1062 827 1084 ,
872 1019 1240 1092 ἀπελεύθερον
1295 1016 1436 1076 εἷναι
1479 1021 1718 1096 Χριστοῦ
1747 1040 1765 1057 ο

204 1113 287 1168 τὸν
321 1111 374 1166 δὲ
409 1106 747 1182 καλούμενον
808 1112 1115 1185 ἐλεύθερον,
1168 1111 1354 1167 δοῦλον
1390 1110 1568 1182 λέγων
1629 1115 1766 1185 Χρι-

208 1204 342 1259 0106.
382 1205 551 1258 Πλέον
570 1222 625 1259 τι
650 1203 730 1274 τῷ
781 1203 953 1277 δούλῳ
974 1208 1031 1261 ὲν
1057 1206 1135 1276 τῷ
1173 1206 1320 1279 λόγῳ
1367 1207 1565 1273 διδοὺς,
1599 1209 1648 1264 εί
1675 1210 1770 1264 καὶ

208 1304 276 1374 μὴ
330 1305 432 1358 [σοι
480 1303 785 1374 ἀμφότεροι
842 1303 986 1358 κατά
1042 1303 1134 1357 τὸν
1203 1304 1307 1372 τῆς
1365 1304 1617 1376 κλήσεως
1681 1305 1769 1358 λό-

203 1412 308 1464 γον.

272 1507 290 1540 ι
316 1481 516 1558 ηἰμῆς,
534 1487 902 1560 ἠγοράσθητε,
932 1488 1008 1559 μὴ
1047 1486 1263 1554 γίνεσθε
1317 1487 1494 1542 δοῦλοι
1560 1487 1772 1558 ἀνθρὼ-

205 1597 332 1633 πων.
375 1580 650 1659 Ἕκαστος
697 1581 755 1633 ὲν
797 1573 842 1651 ᾧ
887 1580 1118 1650 ἐκλήθη,
1175 1579 1417 1649 ἀδελφοὶ,
1478 1581 1538 1634 ἐν
1595 1580 1772 1654 τούτῳ

205 1671 407 1738 μενέτω
437 1671 592 1744 παρά
618 1671 761 1743 Θεῷ.
790 1671 926 1740 Περὶ
952 1672 1010 1724 δὲ
1039 1671 1147 1725 τῶν
1175 1671 1464 1744 παρθένων
1503 1672 1773 1746 ἐπιταγὴν

203 1765 400 1838 Κυρίου
452 1767 558 1819 οὐκ
610 1765 740 1838 ἔχω,
794 1765 1020 1836 γνώμην
1048 1765 1105 1818 δὲ
1132 1765 1327 1837 δίδωμι
1353 1765 1430 1831 ὡς
1469 1764 1771 1837 ἠλεημένος

1874 567 1987 622 imo
2021 569 2312 636 prodesse.

1941 658 2109 716 Vens.
2143 660 2236 716 εε.
2283 679 2301 711 ι
2334 660 2440 726 Qui
2496 659 2645 715 enim
2703 659 2760 713 in
2819 657 3051 712 Domino
3100 665 3325 712 vocatus
3355 663 3442 711 est

1874 766 2088 817 servus,
2121 751 2356 806 libertus
2395 758 2478 806 est
2508 748 2741 805 Christi.
2787 748 3058 804 Similiter
3091 756 3147 804 et
3175 749 3269 819 qui
3303 749 3442 803 liber

1875 849 2102 898 vocatus
2136 848 2244 905 est,
2277 854 2469 896 servus
2498 848 2583 895 est
2617 837 2845 894 Christi.
2875 857 2893 890 ι

1944 931 2082 990 Vide
2137 943 2348 1004 quanto
2395 932 2664 987 solamine
2727 915 3048 988 servitutem
3102 929 3328 984 leniat:
3385 940 3442 982 ut

1866 1041 2022 1089 eum,
2055 1026 2175 1096 qui,
2206 1026 2337 1080 dum
2370 1039 2567 1080 servus
2598 1009 2742 1088 erat,
2771 1031 3000 1079 vocatus
3027 1018 3151 1085 fuit“,
3185 1021 3441 1076 libertum

1868 1116 2020 1172 dicat
2067 1115 2323 1171 Christi:
2389 1117 2633 1185 itemque
2696 1129 2915 1170 servum
2965 1113 3226 1184 appellet,
3286 1111 3441 1166 illum

1870 1209 1968 1277 qui
2019 1218 2248 1262 vocatus
2299 1207 2402 1261 fuit
2454 1207 2678 1277 quando
2709 1206 2848 1260 liber
2876 1213 3016 1259 erat.
3051 1201 3155 1258 Ubi
3190 1201 3442 1257 nonnihil

1870 1295 2109 1365 amplius
2163 1311 2326 1352 servo
2371 1296 2589 1359 tribuit,
2615 1295 2860 1350 'tametsi
2892 1292 3110 1364 utrique
3141 1293 3254 1347 sint
3280 1306 3443 1347 voca-

1873 1388 2024 1441 tione
2055 1402 2240 1459 pares.

1944 1492 2110 1548 Vsus.
2146 1492 2340 1549 23-60.
2377 1511 2394 1542 ι
2442 1491 2624 1545 Pretio
2673 1490 2842 1561 empti
2896 1490 3053 1555 estis,
3107 1491 3276 1543 nolite
3329 1486 3443 1542 lieni

1874 1583 2018 1640 servi
2053 1583 2360 1638 hominum.
2393 1581 2790 1652 Unusquisque
2839 1581 2892 1635 in
2928 1597 3041 1651 quo
3073 1589 3304 1634 vocatus
3339 1587 3446 1640 est,

1875 1676 2098 1739 fratres,
2130 1677 2183 1730 in
2219 1677 2319 1730 hoc
2352 1683 2671 1746 permaneat
2701 1675 2845 1744 apud
2889 1673 3081 1728 Deum.
3109 1671 3183 1726 De
3214 1671 3447 1742 virgini-

1875 1770 1979 1824 bus
2013 1777 2196 1823 autem
2229 1775 2566 1838 praeceptum
2612 1767 2822 1821 Domini
2874 1770 2983 1821 non
3035 1764 3234 1830 habeo,
3265 1763 3449 1818 consi-

206 1856 304 1910 ὑπὸ
331 1855 536 1928 Κυρίου
569 1856 758 1921 πιστὸς
788 1853 952 1912 εἶναι.
998 1855 1228 1928 Νομίζω
1251 1856 1345 1912 οὖν
1393 1858 1553 1912 τοῦτο
1607 1857 1773 1912 καλὸν

1885 1863 2016 1917 lium
2053 1849 2236 1916 autem
2275 1861 2366 1925 do,
2393 1869 2652 1934 tanquam
2703 1859 3138 1914 misericordiam
3181 1872 3451 1912 censeeu-

205 1948 464 2021 ὑπάρχειν
509 1949 596 2004 διὰ
631 1949 732 2021 τὴν
778 1949 1088 2005 ἐνεστῶσαν
1141 1950 1408 2023 ἀνάγκην,
1474 1950 1558 2004 ὅτι
1610 1950 1773 2004 καλὸν

1885 1962 2026 2018 lusa
2065 1951 2302 2008 Domino
2353 1961 2412 2006 ut
2460 1953 2562 2007 sim
2615 1951 2811 2005 ﬁdelis.
2862 1949 3136 2004 Existimo
3184 1962 3316 2018 ergo
3346 1946 3452 2002 hoc

202 2039 475 2110 ἀνθρώπῳ
527 2040 591 2092 16
638 2038 815 2104 οὕτως
871 2034 1038 2096 εἶναι.
1106 2039 1330 2095 Δέδεσαι
1397 2041 1654 2110 γυναικί;
1699 2041 1775 2115 μὴ

1885 2048 2086 2103 bonum
2152 2060 2277 2102 esse
2363 2053 2592 2116 propter
2665 2044 2959 2098 instantem
3033 2042 3449 2104 necessitatem,

205 2131 350 2201 ζήτει
403 2129 564 2185 λύσιν
594 2142 610 2163 ⁸
659 2129 886 2185 λέλυσαι
916 2131 1028 2186 ἀπὸ
1053 2131 1314 2199 γυναικός
1342 2149 1356 2199 ;
1387 2132 1465 2203 μὴ
1499 2133 1650 2204 ζήτει
1676 2149 1774 2203 γυ-

1885 2140 2144 2212 quoniam
2167 2136 2374 2195 bonum
2424 2144 2509 2192 est
2548 2135 2757 2190 homini
2805 2136 2884 2190 sic
2913 2150 3052 2191 esse.
3091 2135 3360 2204 Alligatus
3391 2146 3453 2186 es

205 2225 382 2277 ναίκα.
428 2221 561 2278 Ἐὰν
590 2221 649 2278 δὲ
672 2223 882 2296 γήμῃς.
905 2223 1004 2296 οὐχ
1023 2223 1308 2296 ἥμαρτες·
1346 2227 1443 2280 καὶ
1494 2226 1591 2281 ἐὰν
1621 2227 1774 2299 γήμῃ

1885 2234 2084 2289 uxori?
2134 2231 2246 2287 noli
2301 2244 2549 2301 quierere
2623 2227 2978 2290 solutionem.
3026 2226 3253 2282 Solutus
3289 2242 3348 2280 es
3384 2225 3453 2279 ab

202 2318 234 2384 ή
258 2314 529 2386 παρθένος
550 2355 565 2380 ,
593 2316 693 2387 οὐχ
742 2315 961 2389 ἥμαρτε
985 2331 1004 2350 ⁸
1045 2316 1226 2387 anew
1245 2317 1301 2371 δὲ
1329 2321 1398 2391 τῇ
1428 2320 1591 2392 σαρκὶ
1621 2320 1776 2388 ἔξου-

1885 2326 2092 2381 uxorel
2120 2324 2232 2380 noli
2279 2337 2531 2394 quaerere
2569 2336 2821 2376 uxorem.
2857 2319 2915 2374 Si
2947 2328 3128 2374 autem
3163 2317 3450 2389 acceperis

205 2426 286 2462 σιν
328 2410 376 2464 οί
413 2409 670 2468 τοιοῦτοι.
712 2410 856 2480 Ἐγὼ
881 2411 940 2464 δὲ
985 2411 1139 2483 ὑμῶν
1188 2411 1466 2482 φείδομαι.
1512 2413 1684 2468 Τοῦτο
1719 2413 1780 2468 δέ

1885 2431 2129 2479 uxorem,
2168 2427 2280 2469 non
2331 2412 2610 2482 peccasti;
2644 2419 2695 2466 et
2750 2410 2794 2464 si
2849 2409 3102 2478 nupserit
3131 2408 3306 2478 virgo,
3341 2420 3452 2460 non

211 2523 372 2577 φημι,
414 2507 665 2577 ἀδελφοὶ,
687 2509 772 2562 ὅτι
803 2508 832 2563 6
854 2508 1046 2580 καιρὸς
1069 2508 1492 2580 συνεσταλμένος
1515 2508 1576 2564 16
1595 2509 1780 2564 λοιπόν

1885 2509 2175 2579 peccavit:
2229 2504 2644 2560 tribulationem
2698 2512 2883 2559 autem
2933 2502 3125 2557 carnis
3167 2499 3454 2557 habebunt

209 2603 354 2655 ἐστιν
376 2615 392 2630 ⁶
427 2601 519 2656 ἴνα
551 2603 648 2656 καὶ
676 2602 727 2656 0i
756 2600 973 2674 ἔχοντες
1024 2603 1310 2670 γυναῖκας,
1342 2601 1416 2665 ὡς
1465 2601 1540 2674 μὴ
1568 2602 1781 2673 ἔχοντες

1885 2596 2177 2672 ejusmodi.
2219 2595 2331 2668 Ego
2395 2604 2578 2651 autem
2635 2595 2792 2651 vobis
2855 2608 3043 2665 parco.
3100 2591 3212 2647 lloc
3267 2591 3456 2661 itaque

206 2685 336 2745 ὦσιν
365 2707 379 2722 ·
435 2693 535 2747 κα¹ι
564 2692 615 2746 0i
655 2690 974 2759 κλαίοντες,
1016 2691 1092 2756 ὡς
1131 2692 1205 2764 μὴ
1242 2691 1524 2758 κλαίοντες
1548 2711 1561 2724 ·
1603 2695 1696 2748 καὶ
1731 2697 1780 2747 oi

1885 2693 2028 2758 dico,
2068 2690 2266 2746 fratres
2300 2708 2314 2745 :
2365 2698 2584 2759 tempus
2636 2687 2807 2743 breve
2853 2686 3130 2755 reliquum
3162 2691 3279 2749 est;
3310 2688 3372 2737 ut
3400 2687 3458 2736 et

207 2784 510 2856 χαίροντες,
549 2785 625 2852 ὡς
671 2785 749 2856 μὴ
799 2783 1091 2856 χαίροντες
1127 2800 1141 2814 ’
1185 2785 1280 2840 καὶ
1308 2787 1356 2840 οί
1395 2786 1778 2858 ἀγοράζοντες,

1885 2787 1977 2857 qui
2024 2785 2227 2840 habent
2270 2795 2496 2848 uxores,
2552 2790 2810 2850 tanquam
2861 2793 2969 2834 non
3006 2777 3274 2833 habentes
3306 2773 3458 2837 sint;

205 2876 278 2939 ὡς
309 2875 383 2948 μὴ
411 2877 746 2948 κατέχοντες
772 2892 791 2908 ο
820 2877 916 2932 καὶ
947 2877 999 2931 οί
1028 2878 1299 2949 χρώμενοι
1328 2879 1404 2949 τῷ
1435 2879 1626 2952 κόσμῳ
1653 2880 1780 2933 τού-

1885 2887 1942 2936 et
1969 2877 2064 2949 qni
2097 2877 2250 2943 flent,
2284 2884 2546 2946 tanquam
2574 2888 2684 2929 non
2714 2873 2908 2928 llentes
2933 2889 2950 2938 ;
2986 2879 3040 2926 et
3067 2869 3164 2940 qui
3192 2867 3457 2940 gaudent,

204 2983 311 3038 τῳ,
350 2968 428 3035 ὡς
476 2970 554 3041 μὴ
591 2967 1028 3042 καταχρώμενον
1062 2970 1300 3040 παράγει
1345 2971 1454 3040 γὰρ
1503 2971 1564 3026 16
1593 2974 1779 3042 σχῆμα

1886 2983 2151 3042 tanquam
2199 2985 2307 3026 non
2339 2969 2675 3041 gaudentes;
2708 2977 2763 3022 et
2799 2966 2896 3037 qui
2939 2965 3052 3036 86
3093 2970 3306 3027 emunt,
3335 2969 3458 3015 tan.

204 3057 295 3113 106
323 3060 539 3132 κόσμου
566 3058 779 3116 τούτου.
815 3051 966 3115 Θέλω
981 3061 1036 3115 δὲ
1068 3062 1215 3133 ὑμᾶς
1250 3063 1593 3136 ἀμερίμνους
1617 3060 1778 3119 εῖναι·

1884 3082 2047 3138 quam
2085 3080 2194 3120 non
2219 3061 2567 3134 possidentes
2592 3079 2607 3130 ;
2636 3071 2690 3116 et
2715 3060 2808 3132 qui
2837 3067 3069 3114 utuntur
3094 3057 3197 3113 hoc
3226 3053 3461 3118 mundo,

204 3156 232 3206 ό
259 3156 477 3227 ἄγαμος
536 3156 782 3228 μεριμνᾷ
809 3156 878 3210 τὰ
905 3155 1001 3211 106
1034 3156 1242 3234 Κυρίου
1261 3200 1277 3224 ,
1332 3159 1450 3224 πῶς
1494 3159 1682 3231 ἀρέσει
1709 3160 1781 3229 τῷ

1890 3167 2152 3227 tanquam
2219 3170 2331 3210 non
2373 3163 2625 3208 utantur.
2667 3151 2920 3208 Praeterit
2958 3150 3104 3206 enim
3149 3147 3326 3218 figura
3356 3146 3461 3202 bu-

204 3245 413 3317 Κυρίῳ.
449 3245 524 3316 ,Ὃ
573 3245 631 3300 δὲ
671 3248 958 3320 γαμήσας,
1008 3250 1249 3320 μεριμνᾷ
1282 3249 1351 3305 τά
1382 3249 1477 3305 τοῦ
1533 3251 1781 3323 κόσμου,

207 3336 318 3400 πῶς
363 3337 654 3410 ἀρέσειτῷ
681 3338 870 3412 κόσμῳ
903 3355 920 3371 ·
975 3341 1328 3415 μεμέρισται.
1385 3342 1492 3396 Καὶ
1523 3345 1556 3414 ἡ
1582 3339 1719 3414 γυνή
1751 3346 1783 3416 ἡ

204 3428 497 3500 παρθένος,
533 3431 568 3502 ἡ
604 3431 819 3503 ἄγαμος
850 3434 1098 3506 μεριμνᾷ
1127 3433 1199 3490 τά
1218 3434 1313 3489 106
1347 3437 1577 3508 Κυρίου,
1631 3429 1718 3491 ἵνα
1751 3434 1783 3512 ᾖ

203 3521 332 3588 ἁγία
383 3525 482 3578 καὶ
530 3522 745 3596 σώματι
787 3525 883 3579 καὶ
930 3526 1226 3598 πνεύματι.
1267 3528 1332 3582 Ἡ
1357 3528 1414 3583 δὲ
1449 3526 1784 3601 γαμήσασα,

205 3616 444 3686 μεριμνᾷ
475 3614 546 3667 τὰ
567 3614 661 3668 τοῦ
690 3615 921 3687 κόσμου,
947 3617 1064 3682 πῶς
1093 3617 1281 3688 ἀρέσει
1308 3616 1388 3689 τῷ
1407 3616 1581 3690 ἀνδρί.
1616 3618 1788 3674 Τοῦτο

201 3705 256 3757 δὲ
296 3707 435 3776 πρὸς
465 3707 531 3762 16
580 3706 737 3781 ὑμῶν
797 3707 978 3762 αὐτῶν
1037 3709 1319 3782 συμφέρον
1358 3708 1648 3781 λέγωοοῦχ
1699 3711 1787 3766 ἵνα

203 3795 395 3872 βρόχον
443 3800 578 3868 ὑμῖν
625 3801 906 3867 ἐπιϐάλω,
948 3801 1088 3856 ἀλλά
1125 3802 1260 3873 πρὸς
1280 3802 1340 3856 16
1361 3800 1637 3873 εῦσχημον
1692 3803 1788 3858 καὶ

201 3889 542 3963 εὐπάρεδρον
595 3891 678 3966 τῷ
721 3893 914 3967 Κυρίῳ
973 3892 1426 3965 ἀπερισπάστως.
1493 3895 1560 3948 Εί
1601 3893 1660 3947 δέ
1701 3911 1785 3958 τις

201 3985 543 4056 ἀσχημονεῖν
587 3989 681 4042 ἰπὶ
705 3986 807 4057 τὴν
841 3985 1116 4059 παρθένον
1144 3986 1310 4041 αὑτοῦ
1347 3989 1590 4059 νομίζει,
1622 3990 1715 4046 ιάν

203 4076 556 4150 ὑπέρακμος,
619 4079 716 4133 καὶ
752 4078 929 4144 οὕτως
980 4079 1187 4149 ὀφείλει
1233 4079 1519 4149 γίνεσθαι,
1544 4079 1573 4134 6
1603 4081 1783 4149 θέλει,

201 4170 448 4225 ποιείτω.
485 4171 598 4242 Οὐχ
625 4171 933 4244 ἁμαρτάνει
973 4187 992 4204 ο
1022 4171 1399 4245 γαμείτωσαν.
1420 4173 1518 4238 ⁸ος
1539 4172 1598 4227 δὶ
1626 4174 1788 4247 ’έστη-

201 4277 294 4315 κεν
319 4262 538 4333 ἑδραῖος
561 4264 622 4318 ὲν
645 4267 711 4336 τῇ
745 4264 944 4336 καρδίᾳ
963 4306 977 4330 ,
1009 4263 1086 4336 μὴ
1114 4263 1252 4336 ἔχων
1307 4265 1573 4338 ἀνάγκην,
1634 4265 1785 4333 ἐξου-

203 4352 324 4406 σίαν
347 4355 407 4408 δὲ
437 4355 554 4427 ἔχει
594 4357 724 4428 περὶ
750 4356 846 4412 τοῦ
906 4357 1036 4412 ίδίου
1105 4355 1431 4430 θελήματος,
1478 4358 1575 4414 καὶ
1625 4357 1784 4415 τοῦτο

201 4446 470 4518 κέκρικεν
489 4449 548 4501 δν
570 4449 635 4518 τῇ
665 4446 866 4520 καρδίᾳ
898 4447 1062 4501 αὑτοῦ
1091 4445 1185 4501 τοῦ
1213 4451 1403 4520 τηρεῖν
1433 4448 1532 4522 τὴν
1585 4450 1782 4506 ιαυτοῢ

202 4539 502 4612 παρθένον,
553 4539 736 4603 καλῶς
777 4542 953 4594 ποιεῖ’
989 4539 1129 4594 ὥστε
1155 4544 1183 4594 6
1215 4540 1552 4611 ὲγγαμίζων,
1607 4543 1787 4611 καλῶς

202 4629 444 4684 ποιεῖνὸ
485 4631 544 4684 δὲ
586 4630 664 4702 μὴ
715 4631 1072 4702 ἐγγαμίζων,
1127 4634 1381 4700 κρεῖσσον
1439 4635 1787 4708 ποιεῖογυνὴ

201 4717 416 4774 δέδεται
451 4723 604 4792 νόμῳ
621 4722 707 4791 ἐφ’
735 4723 860 4776 ὅσον
891 4721 1082 4793 χρόνον
1112 4724 1176 4794 ζῇ
1200 4725 1228 4776 6
1258 4722 1398 4794 ἀνὴρ
1435 4723 1629 4798 αὐτῆς.
1661 4726 1786 4782 Ἐὰν

198 4807 257 4862 δὲ
297 4810 547 4884 κοιμηθῇ
569 4814 596 4865 6
625 4811 764 4884 ἀνὴρ
817 4811 1022 4882 αὐτῆς,
1073 4811 1336 4884 ἐλευθέρα
1394 4814 1542 4869 ἐστὶν
1570 4809 1615 4884 ᾧ
1644 4814 1787 4871 θέλει

203 4901 534 4974 γαμηθῆναι
558 4919 572 4936 ·
607 4904 768 4974 μόνον
795 4906 852 4959 ἐν
875 4903 1083 4976 Κυρίῳ.
1109 4906 1521 4976 Μακαριωτέρα
1540 4908 1597 4962 δέ
1615 4909 1783 4978 ἐστιν,

198 4991 296 5045 ἐὰν
324 4995 476 5048 οὕτω
515 4995 671 5068 μείνῃ
711 4996 856 5050 κατά
904 4996 1002 5067 τὴν
1057 4997 1200 5067 ἐμὴν
1247 4995 1478 5070 γνώμην
1507 5016 1522 5032 ο
1554 5001 1697 5056 δοκῶ
1729 5002 1786 5056 δὲ

201 5083 362 5152 κάγὼ
392 5086 624 5159 Πνεῦμα
649 5087 783 5141 Θεοῦ
805 5089 969 5158 ἔχειν.
989 5107 1008 5139 ι

1887 3251 1980 3320 jus
2041 3247 2258 3304 mundi.
2323 3246 2459 3303 Volo
2519 3255 2703 3301 autem
2759 3257 2860 3300 vos
2915 3243 3034 3299 sine
3091 3239 3462 3298 sollicitudine

1887 3356 2032 3397 esse.
2065 3339 2168 3405 Qui
2228 3337 2352 3393 sine
2409 3350 2582 3391 uxore
2612 3342 2718 3398 est,
2753 3333 3032 3391 sollicitus
3065 3341 3148 3386 est
3194 3344 3318 3399 qua:
3349 3327 3462 3383 Do.

1889 3432 2024 3487 mini
2059 3438 2207 3495 sunt,
2264 3427 2547 3497 quomodo
2580 3426 2796 3498 placeat
2829 3423 3091 3478 Domino.
3137 3420 3244 3488 Qui
3277 3428 3461 3475 autem

1887 3539 2012 3578 cum
2066 3536 2237 3576 uxore
2275 3528 2383 3584 est,
2432 3518 2707 3575 sollicitus
2756 3527 2841 3572 est
2890 3531 3013 3586 quae
3067 3523 3194 3570 sunt
3247 3511 3461 3576 mutuli,

1887 3615 2165 3688 quomodo
2212 3613 2424 3684 placeat
2470 3610 2695 3666 mundo.
2741 3608 2962 3665 Divisus
3007 3616 3113 3664 est.
3162 3607 3225 3660 Et
3266 3605 3465 3660 mulier

1889 3712 2122 3781 innupta
2151 3716 2208 3764 et
2242 3708 2396 3778 virgo
2427 3705 2656 3776 cogitat,
2689 3718 2814 3774 qua:
2859 3700 3078 3756 Domini
3107 3705 3259 3763 sunt,
3293 3708 3352 3754 ut
3391 3698 3464 3751 sit

1889 3812 2083 3860 sancta
2140 3808 2195 3856 et
2243 3813 2480 3870 corpore
2536 3805 2590 3854 et
2641 3795 2859 3868 spiritu.
2899 3794 3030 3861 Quae
3061 3801 3244 3848 autem
3289 3799 3462 3861 nupta

1887 3902 1996 3961 est,
2056 3893 2267 3963 cogitat
2314 3906 2438 3962 quae
2486 3899 2618 3966 sunt
2665 3887 2882 3951 mundi,
2942 3884 3217 3957 quomodo
3250 3883 3466 3959 placeat

1889 3991 2029 4047 viro.
2085 3988 2263 4044 Porro
2323 3989 2428 4042 hoc
2455 3986 2525 4041 ad
2558 3985 2854 4042 utilitatem
2890 3993 3131 4038 vestram
3169 3979 3318 4046 dico,
3351 3994 3465 4036 non

1889 4093 1952 4141 ut
1983 4083 2241 4152 laqueum
2293 4079 2454 4136 vobis
2509 4077 2785 4147 injiciam,
2820 4076 2916 4133 sed
2950 4075 3016 4130 ad
3066 4075 3119 4130 id
3183 4073 3331 4146 quod
3363 4072 3465 4126 ho-

1889 4181 2106 4232 nestum
2138 4182 2246 4239 est,
2280 4178 2334 4226 et
2367 4169 2514 4241 quod
2557 4159 2879 4225 facultatem
2919 4165 3167 4239 praebeat
3216 4165 3339 4234 sine
3361 4165 3464 4221 im-

1889 4268 2208 4340 pedimento
2239 4264 2526 4320 assiduum
2574 4278 2698 4320 esse
2728 4261 2987 4318 Domino.
3021 4259 3077 4313 Si
3109 4258 3237 4330 quis
3276 4265 3462 4315 autem

1889 4367 2104 4430 turpem
2134 4371 2193 4412 se
2223 4355 2399 4410 videri
2429 4354 2708 4410 existimat
2739 4365 2906 4426 super
2930 4351 3148 4422 virgine
3169 4363 3290 4416 sua,
3315 4349 3464 4422 quod

1893 4451 1966 4506 sit
1998 4447 2377 4519 superadulta,
2408 4455 2465 4502 et
2522 4447 2598 4502 ita
2658 4452 2879 4516 oportet
2925 4444 3043 4500 fieri
3081 4462 3097 4500 :
3145 4443 3290 4514 quod
3346 4442 3467 4496 vult

1893 4541 2094 4606 faciat;
2130 4554 2240 4595 non
2275 4547 2489 4610 peccat,
2519 4538 2753 4594 nubant.
2785 4537 2890 4605 Qui
2924 4552 3053 4592 vero
3078 4544 3187 4592 stat
3215 4535 3272 4590 in
3297 4533 3468 4590 corde

1893 4649 1994 4692 suo
2031 4633 2245 4697 firmus,
2298 4646 2407 4686 non
2433 4629 2651 4685 habens
2687 4628 3100 4695 necessitatem,
3138 4633 3463 4698 potestatem

1892 4733 2074 4780 autem
2124 4721 2293 4777 habet
2350 4736 2464 4777 suae
2526 4720 2848 4786 voluntatis,
2891 4720 3080 4774 ethoc
3115 4716 3387 4790 judicavit
3410 4716 3466 4770 in

1892 4817 2059 4873 corde
2089 4830 2192 4870 suo
2228 4829 2447 4869 servare
2473 4813 2740 4883 virginem
2795 4827 2976 4877 suam,
3009 4810 3302 4866 benefaeit.
3357 4805 3469 4880 lgic

1893 4921 1982 4966 tur
2012 4909 2107 4982 qui
2142 4907 2494 4962 matrimonio
2525 4907 2728 4977 jungit,
2778 4905 3050 4961 benefaeit
3083 4924 3098 4960 :
3139 4914 3194 4960 et
3226 4901 3320 4976 qui
3352 4915 3464 4957 non

1888 5004 2093 5074 jungit,
2165 5001 2369 5055 melius
2433 5001 2586 5056 facit.
2653 4999 2850 5054 Mulier
2911 4998 3136 5068 alligata
3191 5003 3278 5050 est
3332 4993 3462 5063 legi,

1894 5104 2098 5164 quanto
2127 5101 2372 5161 tempore
2404 5091 2487 5144 vir
2520 5090 2642 5160 ejus
2672 5089 2827 5144 vivit.
2875 5087 3034 5154 Quod
3084 5086 3130 5142 si
3167 5081 3464 5140 dortnierit

200 5176 285 5233 vir
317 5177 475 5246 ejus,
522 5178 750 5234 liberata
801 5188 907 5247 est,
942 5189 1002 5236 ut
1035 5185 1122 5238 cui
1175 5185 1289 5245 vult
1319 5183 1525 5250 nubat;
1563 5192 1774 5240 tantum
1813 5187 1872 5241 in
1900 5185 2154 5240 Domino.
2189 5184 2407 5238 Beatior
2457 5191 2640 5236 autem
2686 5183 2798 5238 erit
2858 5183 2907 5240 si
2978 5183 3059 5238 sic
3098 5178 3466 5252 permanserit

202 5267 848 5328 secundum'eonsilium
882 5289 1084 5328 meum.
1129 5275 1267 5331 Puto
1317 5286 1498 5331 autem
1552 5279 1694 5346 quod
1731 5287 1785 5333 et
1824 5294 1926 5348 ego
1959 5277 2225 5349 Spiritum
2261 5276 2350 5331 Dei
2381 5277 2630 5330 habeam.
2668 5295 2686 5327 ο

269 5355 452 5430 0610;
481 5364 512 5416 6
542 5364 697 5434 λόγος
725 5368 788 5422 o6
832 5369 969 5439 πρὸς
1007 5369 1230 5435 οἰκέτας
1278 5372 1459 5442 μόνον,
1511 5371 1648 5427 ἁλλά
1696 5373 1790 5428 καὶ

1968 5374 2069 5429 llic
2101 5381 2252 5427 totus
2289 5387 2472 5428 sermo
2518 5388 2627 5428 non
2660 5373 2836 5427 solum
2870 5369 2942 5425 ad
2974 5370 3236 5436 famulos,
3271 5386 3463 5424 verum

200 5454 341 5527 πρὸς
402 5454 728 5530 ἐλευθέρους
792 5460 1031 5532 εἴρηται.
1087 5461 1246 5517 Ἐστι
1283 5461 1391 5533 γάρ
1453 5463 1548 5519 καὶ
1605 5462 1781 5520 δοῦλοι

1897 5466 2066 5522 etiam
2125 5465 2194 5521 ad
2252 5467 2455 5520 liberos
2510 5472 2746 5536 spectat.
2791 5463 2934 5520 Fieri
2964 5465 3170 5519 etenim
3199 5473 3380 5534 potest
3408 5471 3466 5520 ut

200 5545 333 5601 ὅντα
369 5547 451 5620 μὴ
489 5543 630 5603 εἶναι
654 5548 865 5618 δοῦλον,
898 5552 995 5608 καὶ
1017 5553 1300 5627 ἐλεύθερον
1328 5555 1456 5609 ὄντα
1493 5555 1679 5613 δοῦλον
1718 5553 1794 5610 εἷο

201 5655 314 5693 ναι.
372 5641 506 5702 ne;
532 5640 587 5694 δὲ
624 5641 652 5695 6
698 5641 884 5709 δοῦλος
911 5685 927 5709 ,
973 5647 1073 5701 οὐκ
1129 5646 1279 5702 ἔσται
1334 5648 1554 5716 δοῦλοςς
1605 5648 1784 5722 ἀλλ’ἢ

198 5727 330 5783 ὅταν
356 5729 452 5784 διὰ
485 5728 578 5784 τὸν
612 5732 748 5786 Θεὸν
797 5735 976 5790 πάντα
1008 5739 1133 5808 ποιῇ
1161 5780 1175 5802 ,
1208 5740 1300 5792 καὶ
1338 5739 1506 5810 μηδὲν
1559 5742 1678 5794 κατ’
1695 5740 1795 5811 ὀφ-

1897 5558 1991 5630 qui
2026 5574 2218 5615 servus
2249 5567 2355 5624 est,
2397 5573 2504 5612 non
2550 5559 2774 5621 serviat,
2814 5566 2868 5611 et
2902 5557 2998 5626 qui
3031 5555 3172 5612 liber
3196 5563 3302 5623 est,
3347 5571 3464 5611 ser-

1900 5667 2000 5708 vus
2040 5650 2326 5706 efﬁciatur.
2381 5650 2622 5717 Quinam
2676 5659 2860 5704 autem
2899 5648 2993 5703 fiat
3036 5649 3222 5719 utqui
3256 5648 3470 5705 manci-

1899 5744 2048 5815 pium
2089 5751 2196 5810 est,
2238 5759 2346 5798 non
2396 5744 2466 5798 sit
2527 5742 2759 5799 servus?
2813 5741 2920 5797 nisi
2961 5741 3179 5812 quando
3211 5742 3470 5797 universa

201 5821 609 5895 θαλμοδουλίαν
662 5827 900 5904 πράττῃ.
966 5830 1134 5884 Πάλιν
1177 5832 1232 5886 δὲ
1272 5832 1301 5886 6
1347 5832 1629 5905 ἐλεύθερος
1696 5828 1781 5888 οὖν

1905 5842 2123 5905 propter
2153 5833 2322 5890 Deum
2373 5834 2522 5895 facit.
2580 5851 2680 5891 nec
2715 5835 3015 5905 quidquam
3044 5833 3156 5905 agit
3182 5841 3248 5890 ut
3280 5833 3460 5894 oculis
