4038 6284
565 334 664 403 631

1766 352 1824 412 S.
1863 350 2187 415 IOANNIS
2225 354 2662 417 DAMASCENI

567 446 698 505 Nam
745 461 799 507 et
831 453 1117 513 hominum
1146 475 1323 532 genus
1369 477 1466 533 per
1494 462 1673 535 ipsum
1707 480 1771 521 ex
1811 464 1987 521 nihilo
2014 480 2143 536 pro-

2251 466 2408 524 αὑτοῦ
2424 466 2535 541 γάρ
2551 468 2648 522 καὶ
2666 469 2732 523 ἐκ
2756 465 2851 525 τοῦ
2878 468 3117 540 μὴὸντος
3136 468 3395 542 παρήχθη
3422 469 3484 525 τὸ
3501 468 3821 545 τῶνάνθρώ-

565 542 790 601 ductum
822 545 951 613 fuit,
983 558 1150 623 atque
1178 553 1249 609 ab
1276 569 1464 611 errore
1499 556 1571 612 ad
1596 557 1879 613 veritatem
1920 573 2147 613 revoca-

569 644 685 692 tum
711 649 817 695 est.
848 638 1089 716 Ideoque
1120 644 1237 702 haec
1258 647 1563 719 particula,
1588 664 1655 705 ea:
1689 666 1815 722 quo,
1861 650 2147 709 Christum

565 745 679 787 non
724 732 991 790 excludit.
1030 734 1111 792 Ex
1145 736 1271 809 ipso
1312 739 1461 795 enim
1497 755 1594 812 per
1624 740 1907 798 Christum
1937 728 2149 799 co‘nditi

565 840 779 882 sumus.
828 824 932 894 Qui
984 845 1085 886 nec
1116 833 1341 889 nomina
1370 841 1631 905 tanquam
1664 835 1967 907 unicuique
1999 847 2150 894 sorte

565 916 866 973 distributa
894 918 1109 990 divisit,
1144 923 1274 981 dum
1300 924 1441 982 Filio
1470 928 1692 998 quidem
1719 942 1929 997 vocem,
1964 928 2149 984 Domi-

564 1025 690 1074 nus,
731 1008 881 1066 Patri
932 1028 1061 1070 vero
1091 1030 1315 1083 nomen,
1364 1017 1532 1085 Deus,
1575 1019 1851 1077 attribuit.
1904 1017 2039 1075 Nam
2092 1031 2151 1077 et

567 1096 857 1171 Scriptura
874 1101 1197 1175 frequenter
1215 1107 1359 1163 solet
1382 1123 1448 1164 ea
1479 1118 1820 1182 permutare,
1848 1118 1908 1166 ut
1925 1111 2149 1181 quando

566 1190 684 1247 ait:
723 1191 871 1249 Dixit
921 1193 1184 1254 Dominus
1238 1198 1466 1257 Domino
1492 1218 1607 1257 meo
1652 1201 1720 1255 ".
1768 1202 1837 1257 Et
1883 1219 2146 1260 rursum:

566 1282 862 1354 Propterea
919 1291 1072 1344 unxit
1128 1300 1182 1349 te
1229 1290 1394 1361 Deus,
1441 1293 1585 1350 Deus
1640 1304 1762 1350 tuus
1799 1295 1871 1352 τ’.
1923 1294 2032 1352 Et:
2062 1294 2151 1351 Ex

567 1378 753 1445 quibus
808 1378 1055 1437 Christus
1103 1384 1393 1440 secundum
1440 1404 1677 1455 carnem,
1726 1388 1823 1461 qui
1871 1397 1952 1445 est
1994 1404 2150 1460 super

568 1471 751 1525 omnia
792 1470 931 1527 Deus
974 1474 1042 1528 ".
1078 1477 1262 1548 Atque
1290 1476 1477 1536 multis
1515 1480 1572 1535 in
1607 1481 1751 1538 locis
1793 1481 1996 1540 videris
2033 1481 2150 1539 haec

568 1564 789 1619 nomina
814 1568 1197 1624 transmutari.
1230 1568 1388 1637 Quod
1416 1571 1466 1628 si
1491 1580 1746 1643 quaerunt
1767 1573 1959 1646 aliqui,
1982 1590 2148 1647 quam

565 1654 638 1710 ob
674 1670 902 1713 causam
948 1675 1070 1723 non.
1096 1663 1408 1719 meminerit
1452 1663 1735 1737 Spiritus:
1784 1666 1893 1723 hoc
1928 1682 2030 1724 nos
2066 1682 2153 1723 re-

568 1749 988 1820 sponderimus,
1040 1770 1166 1811 eum
1220 1755 1289 1812 ad
1340 1758 1583 1814 cultores
1643 1758 1921 1815 idolorum
1980 1759 2147 1817 verba

2250 577 2370 615 πων
2389 560 2569 630 γένος,
2589 559 2687 616 καὶ
2710 560 2823 618 ἀπὸ
2852 560 3064 633 πλάνης
3083 562 3165 627 είς
3212 559 3478 634 ἀλήθειαν
3510 563 3784 636 ἐπανῆλθε
3801 580 3817 598 ·

2248 654 2393 712 ὥστε
2416 656 2499 722 τὸ,
2528 656 2596 723 ἐξ
2624 649 2725 723 οὗ,
2751 654 2913 712 τοῦτο
2957 656 3058 712 οὐκ
3086 655 3202 712 ἔστι
3228 656 3399 729 χωρὶς
3440 654 3536 712 τοῦ
3566 657 3817 730 Χριστοῦ.

2263 747 2356 815 Ἐξ
2379 747 2549 804 αὐτοῦ
2590 747 2702 821 γὰρ
2726 746 2823 804 sta
2863 747 2963 803 τοῦ
3008 748 3249 820 Χριστοῦ
3288 749 3819 824 ἑδημιουργήθημιν.

2249 841 2327 896 οὐ
2362 840 2470 913 μὴν
2500 841 2623 895 οὐδὲ
2637 840 2709 896 τά
2728 839 2969 915 ὀνόματα
2989 840 3065 905 ὡς
3081 841 3587 915 ἀποκεκληρωμένα
3610 842 3822 909 διεῖλεν,

2246 930 2330 1005 τῷ
2363 932 2464 1005 μὲν
2487 931 2605 1004 Υἱῷ
2629 932 2692 987 τὸ
2720 932 2940 1003 Κύριος
2965 973 2982 1001 ,
3014 931 3095 1005 τῷ
3117 932 3174 986 δὲ
3195 933 3373 1005 Harp!
3398 932 3463 987 rb
3487 933 3635 999 Θεὸς
3660 949 3823 1005 προσ-

2251 1024 2470 1095 νείμας.
2501 1020 2661 1079 Οἶδεν
2712 1024 2825 1096 γάρ
2885 1023 3028 1080 αύτά
3070 1026 3168 1080 καὶ
3200 1024 3608 1098 ἐναλλάττεινή
3634 1025 3827 1098 Γραφὴ

2252 1116 2534 1185 πολλάκις,
2564 1116 2640 1180 ὡς
2670 1117 2799 1172 ὃταν
2822 1115 2979 1188 λέγηθ’
3008 1112 3193 1172 Εἶπεν
3221 1117 3258 1170 ὁ
3278 1116 3495 1184 Κύριος
3527 1112 3609 1183 τῷ
3635 1116 3828 1186 Κυρίῳ

2246 1226 2388 1280 μου.
2435 1208 2547 1263 Καὶ
2582 1208 2748 1264 πάλιν
2771 1224 2788 1240 ο
2822 1208 2928 1263 Διά
2974 1207 3157 1263 τοῦτο
3190 1205 3405 1278 εχρισέ
3438 1222 3515 1263 σε
3535 1208 3569 1263 δ
3595 1206 3764 1275 Θεὸς,
3796 1210 3827 1264 ό

2256 1306 2404 1372 Θεός
2421 1321 2560 1360 σου.
2601 1303 2712 1361 Καί
2738 1320 2753 1335 ο
2796 1303 2901 1369 Ἐξ
2941 1298 3016 1359 οὗ
3037 1299 3297 1373 Χριστός
3316 1301 3387 1356 τὸ
3418 1296 3572 1357 κατὰ
3608 1298 3824 1370 σάρκα,

2251 1399 2286 1453 ὁ
2319 1394 2407 1451 ὢν
2439 1395 2540 1451 ἐπί
2596 1395 2841 1451 πάντων
2878 1394 3043 1460 Oeric.
3095 1390 3208 1447 Καὶ
3257 1389 3529 1465 πολλαχοῦ
3589 1389 3657 1447 ἀν
3700 1388 3830 1454 ἴδοις

2250 1487 2427 1544 ταῦτα
2457 1487 2852 1559 μεταϐαίνοντα
2886 1484 2957 1541 τά
2984 1486 3248 1558 ὀνόματα.
3270 1483 3333 1551 Et
3357 1483 3415 1538 δέ
3433 1498 3579 1548 τινες
3599 1482 3827 1550 λέγοιεν,

2251 1580 2411 1645 Τίνος
2439 1580 2627 1637 ἕνεκεν
2660 1578 2978 1652 Πνεύματος
3022 1579 3126 1634 οὐκ
3159 1576 3611 1651 έμνημόνιυσενς
3651 1577 3826 1629 ἐκεῖνο

2251 1675 2319 1731 ἂν
2356 1674 2628 1747 εἴποιμεν,
2651 1674 2732 1730 ὅτι
2766 1675 2907 1748 πρὸς
2961 1671 3353 1744 είδω).ολάτρας
3389 1664 3462 1741 ῆν
3487 1670 3519 1725 δ
3547 1669 3707 1739 λόγος
3733 1668 3830 1723 αύ-

2252 1764 2353 1837 τῷ,
2383 1766 2480 1821 καὶ
2504 1767 2634 1838 περὶ
2660 1765 2806 1820 θεῶν
2842 1762 3057 1819 πολλῶν
3081 1764 3113 1818 ὁ
3138 1760 3311 1834 ἀγὼν,
3350 1761 3447 1819 καὶ
3475 1759 3605 1832 περὶ
3625 1758 3831 1831 κυρίων

571 1843 775 1909 facere,
801 1854 965 1916 atque
986 1846 1057 1903 de
1087 1846 1198 1904 diis
1229 1849 1501 1921 pluribus,
1530 1851 1714 1922 deque
1738 1850 1980 1909 dominis
2008 1853 2146 1909 mul-

2254 1823 2468 1916 πολλῶν
2485 1874 2503 1891 ⁸
2536 1823 2616 1915 δίδ
2658 1857 2756 1914 καὶ
2779 1856 2915 1914 Θεὸν
2933 1856 3028 1912 τὸν
3048 1823 3272 1928 Πατέρα
3295 1823 3491 1920 εἰπὼν,
3519 1823 3729 1925 ὶέύριον
3744 1853 3833 1905 τὸν

570 1936 642 1994 tis
664 1937 990 2013 Idispntare.
1028 1940 1399 2008 Quamobrem
1447 1954 1737 2018 postquam
1773 1962 1943 2002 unum
1972 1947 2147 2004 Deum

567 2025 785 2083 Patrem
822 2029 985 2097 dixit,
1017 2029 1217 2089 Filium
1249 2033 1544 2092 Dominum
1574 2038 1894 2108 appellarit.
1923 2037 1982 2093 Si
2014 2053 2147 2111 ergo

564 2118 785 2177 Patrem
818 2139 929 2179 una
953 2139 1083 2180 cum
1123 2125 1267 2182 Filio
1303 2143 1450 2185 nunc
1479 2145 1651 2188 ausus
1686 2146 1795 2186 non
1831 2141 1918 2187 est
1955 2131 2146 2189 Domi-

565 2229 697 2269 num
737 2216 1036 2287 appellare,
1066 2234 1137 2275 ne
1164 2221 1309 2291 apud
1339 2221 1467 2279 illos
1505 2222 1562 2278 in
1586 2223 1967 2296 suspicionem
1997 2226 2152 2282 veni-

564 2316 648 2363 ret
680 2310 837 2379 qu'asi
869 2310 1013 2368 duos
1086 2314 1341 2371 dominos
1391 2316 1639 2383 diceret;
1691 2334 1873 2389 neque
1922 2333 2146 2375 rursum

561 2398 766 2461 Filium
792 2418 901 2457 una
940 2417 1068 2461 cum
1095 2402 1261 2462 Patre
1286 2406 1457 2464 Deum
1488 2423 1709 2476 vocare,
1736 2425 1806 2465 ne
1830 2407 1974 2467 duos
2001 2410 2149 2466 adir-

565 2509 719 2551 mare
761 2497 893 2553 deos
926 2506 1258 2568 putaretur:
1284 2500 1417 2571 quid
1449 2501 1696 2571 miraris,
1729 2503 1778 2560 si
1805 2518 1920 2559 non
1948 2505 2151 2562 memi-

561 2586 644 2641 nit
696 2587 980 2659 Spiritust
1027 2589 1167 2646 Nam
1219 2591 1492 2652 adversus
1540 2594 1668 2655 illos
1720 2605 1853 2679 tunc
1897 2596 2148 2656 decerta-

563 2680 678 2748 bat,
740 2680 1065 2754 rolebatque
1112 2686 1432 2755 ostendere,
1490 2688 1641 2762 apud
1697 2704 1800 2747 nos
1849 2705 1963 2747 non
2021 2706 2145 2749 esse

560 2772 794 2831 deorum
858 2776 1292 2837 multitudinem.
1349 2778 1652 2852 Propterea
1700 2799 1933 2853 vocem,
2003 2802 2145 2840 unus

2254 1956 2385 2010 Υίὺν
2414 1952 2697 2009 ἐκάλεσεν.
2738 1952 2802 2008 Et
2836 1949 3018 2005 τοίνυν
3062 1949 3158 2003 τὸν
3185 1947 3408 2019 Πατέρα
3430 1946 3533 2001 οὐκ
3565 1938 3832 2015 ἐτόλμησε

2255 2047 2484 2103 καλέσαι
2505 2044 2710 2120 Κύριον
2736 2044 2834 2100 νῦν
2857 2042 2999 2116 μετά
3036 2041 3131 2098 τοῦ
3164 2039 3321 2109 Υίοῦ,
3348 2040 3438 2095 ίνα
3467 2037 3544 2111 μὴ
3576 2036 3673 2091 δύο
3705 2033 3834 2107 παρ’

2254 2141 2489 2206 ἐκείνοις
2523 2138 2901 2210 ύποπτεύηται
2926 2135 3109 2204 λέγειν
3141 2134 3400 2208 κυρίουςο
3433 2129 3555 2185 οὐδὲ
3588 2128 3684 2184 τὸν
3708 2128 3834 2183 Υίὸν

2250 2233 2387 2289 Θεὸν
2422 2231 2563 2304 μετά
2595 2214 2692 2286 τοῦ
2722 2228 2962 2301 Πατρδς,
2994 2227 3083 2283 ἵνα
3107 2223 3308 2299 μῆτδύο
3333 2223 3519 2295 λέγειν
3543 2220 3834 2294 νομίζηται

2250 2326 2430 2390 θεοὺς,
2485 2323 2545 2380 τί
2600 2322 2927 2395 θαυμάζεις,
2961 2322 3012 2374 εί
3058 2318 3157 2376 τοῦ
3183 2316 3504 2389 Πνεύματος
3537 2313 3639 2369 οὐκ
3667 2314 3830 2383 ἐμνη-

2251 2417 2523 2491 μόνευσε;
2549 2414 2692 2488 πρὸς
2718 2413 2831 2486 γάρ
2852 2410 3097 2476 ἑκείνους
3127 2406 3197 2481 ἦν
3252 2410 3392 2474 τέως
3423 2407 3574 2479 αύτῷ
3602 2408 3631 2462 ὁ
3660 2404 3834 2474 ἀγὼν,

2248 2509 2346 2566 καὶ
2368 2507 2432 2562 τὸ
2458 2503 2632 2573 δεῖξαι
2679 2505 2765 2560 ὅτι
2818 2502 2921 2559 ούκ
2943 2501 3064 2557 εστι
3092 2498 3369 2557 πολυθεῖαν
3386 2500 3519 2569 παρ’
3550 2498 3707 2569 ἡμῖν.
3744 2495 3835 2549 Διὸ

2250 2601 2313 2657 τὸ
2359 2596 2451 2670 εἷς
2484 2598 2726 2672 συνεχῶς
2751 2596 2980 2670 κατέχει
3021 2594 3220 2666 λέγων·
3248 2591 3460 2659 οὐδεὶς
3493 2590 3640 2657 Θεὸς
3666 2592 3717 2644 ει
3747 2587 3833 2659 μὴ

2250 2688 2363 2761 εἷς.
2393 2691 2504 2748 Καὶ
2528 2689 2727 2747 πάλιν·
2785 2688 2962 2759 Ἡμῖν
3000 2680 3090 2755 εἷς
3144 2684 3310 2753 Θεὸς,
3341 2681 3444 2740 καί
3473 2676 3563 2748 εἷς
3590 2682 3833 2749 Κύριος.

2252 2782 2419 2838 Ὅθεν
2449 2781 2609 2857 δῆλον
2637 2781 2721 2837 ὅτι
2749 2778 3066 2852 φειδόμενος
3092 2777 3193 2849 τῆς
3220 2775 3510 2842 ἀσθενείας
3533 2772 3643 2829 τῶν
3671 2773 3835 2827 ἀκου-

560 2866 786 2925 assidue
839 2870 1060 2939 retinet,
1116 2872 1363 2929 dicens:
1400 2870 1605 2931 Nultus
1660 2884 1743 2931 est
1802 2875 1973 2948 Deus,
2034 2877 2141 2932 nisi

2251 2875 2439 2942 όντων,
2477 2872 2651 2949 ταύτῃ
2672 2873 2947 2947 ἱχρήσατο
2973 2873 3042 2943 τῇ
3073 2869 3367 2942 διασκευῇ.

560 2975 721 3018 unus.
752 2958 820 3016 Et
851 2961 1075 3031 iterum,
1106 2962 1280 3021 Nobis
1309 2981 1446 3023 unus
1478 2966 1622 3023 Deus
1646 2975 1750 3035 est,
1782 2976 1836 3024 et
1866 2985 2009 3025 unus
2022 2968 2308 3027 Dominus.
2350 2972 2434 3025 Ex
2489 2983 2603 3043 quo
2631 2966 2987 3024 manifestum
3049 2972 3136 3021 est
3202 2978 3354 3031 eum,
3418 2970 3478 3018 ut
3528 2956 3835 3025 imbecilli-

561 3053 660 3109 tati
695 3065 954 3127 parceret
999 3057 1355 3129 auditorum,
1397 3063 1503 3119 hac
1549 3063 1815 3137 loquendi
1861 3068 2151 3125 structura
2184 3083 2348 3125 usum
2377 3082 2523 3125 esse.

637 3168 658 3201 ς
697 3148 932 3218 Quidam
958 3160 1144 3211 autem
1170 3158 1581 3217 consuetudine
1608 3159 1769 3216 idoli.
1817 3179 1839 3215 ι

629 3240 819 3315 Neque
846 3243 971 3303 illos
998 3245 1177 3317 palam
1206 3248 1477 3318 declarat,
1503 3268 1571 3309 ne
1597 3251 1797 3321 feriat;
1826 3269 2007 3326 neque
2025 3269 2145 3311 om-

562 3337 695 3392 nino
720 3341 1097 3409 praetereurrit
1124 3358 1141 3396 :
1173 3342 1271 3399 sed
1304 3341 1587 3402 indeﬁnite
1623 3346 1964 3402 mentionem
1992 3347 2143 3418 ipso-

561 3441 685 3482 rum
723 3427 877 3485 facit.

636 3534 658 3569 ι
700 3515 886 3590 Usque
913 3536 1063 3577 nunc
1100 3522 1256 3592 quasi
1283 3521 1591 3596 idolothyta
1618 3523 1973 3584 manducant.
2012 3546 2037 3581 ο

633 3609 838 3666 Eadem
866 3626 975 3682 qua
1003 3611 1162 3683 prius
1196 3622 1398 3669 mente.

636 3719 658 3755 ι
692 3700 760 3756 Ει
795 3704 1141 3761 conscientia
1175 3706 1445 3775 ipsorum,
1479 3720 1608 3763 cum
1641 3706 1715 3763 sit
1746 3706 1987 3776 inﬁrma,
2020 3710 2142 3779 poi-

561 3792 751 3851 luitur.
789 3814 813 3849 ι

632 3885 775 3954 Quia
811 3889 1053 3945 nondum
1102 3890 1247 3946 valet
1296 3904 1360 3946 ea
1412 3890 1717 3963 despicere,
1770 3906 1873 3949 nec
1917 3893 2144 3951 omnino

559 3983 816 4040 deridere
845 4001 861 4040 ι
894 3984 990 4040 sed
1020 3985 1202 4041 adhuc
1244 3984 1489 4044 haesitat.
1524 3987 1800 4045 Caeterum
1856 4003 2139 4060 nusquam

561 4080 868 4133 orationem
919 4075 1067 4133 sistit
1110 4076 1260 4133 circa
1315 4086 1572 4134 naturam
1617 4079 1699 4136 rei
1730 4097 1745 4136 :
1776 4079 1871 4137 sed
1921 4095 2147 4138 sursum

560 4171 823 4226 deorsum
877 4172 1131 4226 versatur
1178 4171 1328 4229 circa
1373 4171 1795 4230 conscientiam
1853 4173 2003 4231 illius
2049 4172 2144 4247 qui

562 4264 879 4337 participat.
921 4262 1153 4320 Veretur
1184 4266 1335 4320 enim
1366 4281 1436 4323 ne
1472 4265 1757 4322 inﬁrmum
1786 4267 1978 4323 volens
2012 4283 2141 4324 cor-

560 4358 764 4429 rigere,
826 4356 1024 4414 fortem
1080 4359 1354 4424 verberet,
1410 4360 1672 4431 huncque
1710 4359 1948 4417 subinde
1987 4360 2143 4419 inﬁr-

560 4466 711 4506 mum
744 4450 955 4506 reddat.
1477 4463 1482 4468 '

2171 3167 2221 3232 α
2325 3182 2346 3218 ι
2378 3164 2538 3227 Τινὲς
2558 3162 2618 3218 δὲ
2644 3136 2714 3236 τῇ
2751 3160 3015 3235 συνηθείᾳ
3038 3149 3134 3216 τού
3163 3158 3404 3216 εἰδώλου.
3436 3176 3457 3211 ι

2322 3256 2462 3313 Οὔτε
2516 3253 2852 3311 ἑκκαλύπτει
2906 3250 3104 3318 αὐτοὺς
3150 3251 3363 3322 σαφῶς,
3392 3250 3479 3304 ἵνα
3501 3248 3578 3323 μὴ
3608 3246 3786 3321 πλήξῃ
3812 3285 3832 3315 ,

2251 3347 2378 3403 οὕτε
2400 3350 2741 3421 παρατρέχει
2782 3344 3041 3414 καθόλου,
3074 3344 3192 3400 ἀλλ’
3232 3343 3505 3416 ἀορίστως
3531 3340 3713 3396 αὐτῶν
3739 3341 3836 3413 μὲ-

2252 3458 2480 3516 μνηται.
3039 3463 3048 3470 ·
3295 3462 3298 3465 ‘

2327 3552 2349 3588 ι
2387 3533 2538 3598 Ἕως
2556 3528 2683 3605 ἄρτι
2711 3531 2789 3598 ὡς
2813 3530 3143 3587 είδωλὸθυτα
3172 3527 3472 3585 ἐσθίουσιν.
3496 3548 3518 3582 s

2322 3625 2485 3683 Μετά
2506 3622 2783 3696 τοσαύτης
2798 3622 3043 3688 διανοίας
3080 3621 3201 3694 μεθ’
3238 3616 3308 3694 ἦς
3344 3620 3408 3676 rb
3439 3621 3727 3694 πρότερον.

2330 3733 2351 3766 ι
2390 3714 2503 3777 Καὶ
2549 3713 2588 3785 ἠ
2649 3712 2959 3786 συνείδησις
3005 3712 3185 3768 αὐτῶν
3222 3710 3458 3783 ἀσθενὴς
3506 3705 3643 3766 οὖσα
3669 3706 3834 3778 μολύ-

2252 3824 2380 3863 νετα
2387 3824 2424 3862 ι,
2456 3826 2478 3861 ὃ

2324 3901 2556 3957 Οὐδέπω
2600 3900 2880 3974 δυναμένη
2925 3897 3369 3972 καταφρονῆσαι,
3411 3887 3533 3952 om
3557 3894 3836 3965 ,καθάπαξ

2251 3996 2435 4052 αὐτῶν
2480 3996 2878 4067 καταγελᾶται,
2926 3994 3048 4050 ἀλλ’
3077 3994 3271 4066 ῶσπερ
3288 3991 3703 4065 διακρινομένη.
3726 3990 3835 4044 Οὐ·-

2251 4087 2425 4160 δαμοῦ
2450 4087 2509 4142 δὲ
2542 4088 2680 4159 περὶ
2707 4086 2808 4158 τὴν
2833 4084 2997 4155 φύσιν
3047 4084 3143 4140 τοῦ
3174 4084 3504 4159 πράγματος
3541 4082 3633 4138 τὸν
3677 4082 3838 4153 λόγον

2253 4180 2488 4254 ἵστησιν,
2543 4179 2682 4236 ἀλλά
2729 4180 2842 4235 άνω
2874 4180 2971 4235 καὶ
3007 4178 3162 4235 κάτω
3213 4177 3343 4251 περὶ
3374 4176 3711 4240 removete»;
3738 4174 3838 4230 τοῦ

2255 4273 2657 4347 μεταλαϐόντος
2710 4272 3028 4347 στρέφεται.
3092 4271 3310 4327 Δέδοικε
3538 4271 3615 4367 μῆ

2250 4367 2551 4442 διορθῶσαι
2570 4365 2663 4421 τὸν
2686 4365 2913 4437 ἀσθενῆ,
2931 4363 3115 4439 πλήξῃ
3141 4364 3234 4419 τὸν
3254 4359 3495 4435 ίσχυρδῖ,
3518 4362 3615 4417 καὶ
3631 4359 3837 4431 ἀσθενῆ

2252 4460 2347 4515 καὶ
2373 4457 2565 4514 τοῦτον
2597 4457 2922 4529 ἐργάσηται.

631 4544 801 4602 Vens.
856 4544 913 4602 8.
968 4564 985 4597 ι
1028 4543 1167 4601 Esca
1212 4555 1395 4601 autem
1431 4559 1531 4600 vos
1582 4560 1692 4601 non
1730 4549 2145 4605 commendabit

2972 4548 3320 4622 παραστήσει
3352 4546 3430 4620 τῷ
3450 4508 3593 4619 Θεῷ.
3626 4566 3650 4633 ι

560 4634 695 4692 Deo.
733 4655 752 4689 ι

635 4729 749 4801 89
803 4726 935 4785 Vide
989 4725 1268 4798 quomodo
1303 4726 1498 4782 borum
1537 4743 1736 4785 rursus
1768 4743 2139 4802 arrogantiam

561 4820 836 4886 deprimit.
887 4820 1056 4890 Quasi
1093 4820 1243 4877 dicat
1268 4841 1283 4878 :
1310 4822 1555 4879 Tametsi
1598 4824 1787 4880 nullus
1838 4825 2001 4882 laesus
2038 4834 2144 4891 est,

565 4931 665 4971 nec
694 4916 801 4970 ulla
835 4915 965 4971 inde
994 4916 1236 4988 proximi
1270 4916 1848 4991 perversiocontigit,
1898 4928 2142 4975 attamen

565 5024 632 5065 ne
655 5006 737 5066 sic
761 5006 988 5081 quidem
1022 5009 1077 5065 id
1100 5008 1288 5065 facere
1313 5010 1626 5081 oportebat.
1654 5010 1768 5067 Hoc
1790 5012 1936 5067 enim
1956 5024 2039 5068 est
2066 5013 2145 5067 in-

563 5118 789 5159 cassum
829 5102 1105 5159 laborare.
1138 5102 1275 5159 Nam
1322 5104 1415 5175 qui
1457 5102 1671 5159 audivit
1706 5104 1944 5161 alterum
1996 5105 2140 5169 laedi,

2324 4732 2465 4802 Ὅρα
2495 4729 2617 4797 πῶς
2655 4728 2818 4785 πάλιν
2838 4728 3022 4785 αὐτῶν
3055 4728 3307 4784 καθεῖλεν
3341 4728 3401 4782 rb
3432 4728 3721 4800 φρόνημα·
3741 4728 3834 4784 λέ-

2249 4842 2386 4895 γων,
2422 4824 2506 4878 ὅτι
2529 4823 2580 4878 et
2612 4824 2709 4880 καὶ
2738 4821 2934 4894 μηδεὶς
2974 4821 3296 4886 ἐϐλάπτετο,
3339 4820 3476 4893 μηδὲ
3506 4822 3539 4891 ἡ
3570 4819 3668 4874 τοῦ
3694 4820 3840 4893 πλη-

2253 4919 2368 4973 σίον
2436 4917 2649 4990 προσῆν
2710 4910 3036 4988 διαστροφὴ,
3115 4911 3239 4969 οὐδὲ
3290 4912 3467 4977 οὕτως
3516 4912 3626 4967 ιδει
3671 4913 3839 4968 τοῦτο

2254 5009 2429 5063 ποιεῖν
2454 5023 2470 5039 ”
2506 5006 2894 5079 ματαιοπονεῖν
2918 5004 3029 5078 γάρ
3056 5003 3212 5059 τοῦτό
3237 5004 3425 5059 ἔστιν⁹
3461 5002 3491 5057 6
3527 5002 3637 5074 γάρ
3666 5003 3841 5059 ἀκού-

2253 5120 2351 5167 σας
2378 5102 2461 5155 ὃτι
2487 5100 2787 5172 βλάπτεται
2810 5099 2910 5172 μιν
2932 5098 3147 5170 ιτερος,
3187 5096 3350 5177 abre;
3371 5095 3430 5151 δὲ
3455 5094 3570 5169 εχει
3603 5114 3657 5151 τι
3698 5097 3836 5169 κέρ-

564 5196 685 5267 ipse
707 5203 891 5251 autem
918 5197 1125 5268 alioqui
1146 5196 1400 5253 nonnihil
1427 5197 1577 5267 Capit
1606 5196 1770 5262 lucri,
1797 5196 1945 5253 haud
1980 5200 2139 5254 valde

2251 5196 2357 5260 δος,
2410 5196 2475 5249 οὐ
2528 5193 2738 5266 σφόδρα
2792 5191 3116 5263 ἀφίσταται,
3145 5182 3286 5248 ἀλλά
3303 5191 3428 5247 τότε
3455 5188 3681 5263 μᾶλλον,
3703 5192 3839 5246 ὅταν

563 5298 723 5344 curat
755 5288 1038 5345 abstinere
1072 5306 1089 5343 :
1133 5290 1229 5344 sed
1267 5297 1399 5344 tunc
1433 5303 1671 5358 prorsus
1722 5290 1947 5359 quando
1992 5291 2139 5346 didi-

566 5381 730 5446 cerit,
806 5382 942 5436 nihil
980 5397 1041 5436 se
1074 5396 1137 5459 ea
1173 5398 1233 5436 re
1267 5381 1475 5449 juvari.
1527 5379 1801 5445 Querirca
1833 5383 1953 5437 ait:
2008 5382 2145 5438 Esca

565 5489 661 5527 nos
701 5488 805 5525 non
836 5468 1224 5525 commendabit
1257 5470 1386 5525 Deo.

643 5584 662 5616 ι
701 5563 891 5634 Neque
925 5566 1073 5619 enim
1108 5564 1154 5617 si
1191 5580 1300 5619 non
1355 5565 1877 5621 manducaverimus
1900 5606 1915 5629 ,
1950 5564 2144 5621 deﬁet-

568 5672 708 5712 Illlil'.
756 5675 774 5709 ι

633 5837 673 5869 ⁷⁵
712 5834 857 5891 ῑιδυι.
887 5852 995 5902 us,
1032 5835 1080 5890 i.
1157 5835 1199 5866 “
1230 5834 1368 5892 Psal.
1413 5848 1557 5903 xLIv,
1587 5836 1639 5891 8.

1746 5836 1791 5869 "
1830 5835 1989 5891 item.
2017 5850 2089 5901 ιχ,
2116 5834 2170 5890 5.

2254 5288 2403 5362 μάθῃ
2430 5289 2515 5343 ὅτι
2543 5286 2711 5351 αὐτὸς
2772 5285 2927 5342 οὐδέν
2971 5284 3265 5356 ὠφελεῖται
3320 5285 3388 5340 ἐκ
3440 5282 3539 5339 τοῦ
3568 5283 3838 5357 πράγμα-

2249 5395 2361 5443 τος.
2396 5377 2499 5433 Διὰ
2523 5369 2685 5432 τοῦτό
2732 5391 2933 5451 φησιν’
2965 5372 3178 5446 Βρῶμα
3218 5372 3380 5447 ὑμᾶς
3413 5374 3487 5430 οὐ
3519 5373 3836 5445 παρωστή-

2248 5487 2345 5525 σει
2366 5467 2447 5536 τῷ
2472 5469 2617 5535 Θεῷ.

2326 5572 2347 5616 c‘
2375 5561 2511 5618 Οὔτε
2545 5563 2676 5635 γάρ,
2712 5561 2806 5619 ἐὰν
2833 5563 3119 5635 φάγωμεν,
3158 5560 3555 5637 ὑστερούμεθα.
3592 5578 3613 5616 ι
