4038 6284
364 342 476 415 633

437 463 753 532 Τουτέστιν,
782 466 884 526 οὐκ
904 467 1126 527 ἔλαττόν
1152 487 1210 526 τι
1239 470 1455 545 ἔχομεν.

447 573 468 609 ε
497 555 637 612 υῦτε
663 557 761 614 ἑάν
789 559 866 633 μὴ
897 560 1186 632 φάγωμεν,
1211 565 1631 639 περισσεύομεν.
1670 591 1690 623 ι

443 648 758 716 Τουτέστιν,
818 652 920 706 οὐκ
963 653 1364 728 εὐδοκιμοῦμεν
1411 660 1561 731 παρά
1587 660 1668 734 τῷ
1693 661 1833 734 Θεῷ,
1869 665 1946 733 ὡς

366 739 573 808 ἀγαθόν
599 758 653 797 τι
683 744 1013 810 ποιήσαντες
1040 744 1136 802 καὶ
1163 747 1333 820 μέγα.
1642 797 1644 799 .

447 853 466 885 ι
505 833 741 890 Βλέπετε
767 834 825 890 δὲ
850 837 1047 909 μήπως
1081 840 1116 912 ἠ
1152 838 1373 908 ἐξουσία
1417 845 1573 916 ὑμῶν
1605 845 1747 921 αὕτη
1775 850 1946 924 πρόσ-

369 941 472 996 κομ
483 942 560 996 μα
584 925 810 998 γένηται
841 929 958 992 τοῖς
981 929 1321 989 ἀσθενοῦσιν.
1356 953 1378 986 s

435 1018 549 1073 Οὐκ
564 1014 737 1087 εἶπεν,
761 1022 797 1092 ἡ
814 1020 1020 1091 γνῶσις
1040 1021 1216 1095 ὑμῶν,
1235 1025 1377 1095 οὐδὲ,
1407 1028 1441 1099 ἡ
1461 1028 1739 1096 τελείωσις
1769 1032 1943 1104 ὑμῶν,

367 1109 503 1172 ἀλλ’,
536 1111 574 1178 ἠ
596 1110 870 1178 ἐξουσία,
895 1113 1036 1187 ὅπερ
1060 1119 1390 1188 προπετείας
1420 1116 1564 1184 εἰναι
1619 1122 1818 1196 μᾶλλον
1847 1127 1946 1182 καὶ

369 1202 662 1268 αὐθαδείας
697 1200 841 1262 εἶναι
862 1207 1029 1266 δοκεῖ.
1051 1209 1164 1264 Καὶ
1183 1211 1286 1266 οὒκ
1317 1197 1495 1281 εἶπεν,
1521 1217 1636 1281 τοῖς
1669 1217 1941 1288 ἀδελφοῖς,

371 1294 508 1349 ἀλλὰ
543 1297 668 1363 τοῖς
695 1295 1004 1364 ἀσθενέσι,
1063 1300 1174 1358 τῶν
1197 1303 1446 1375 ἀδελφῶν
1474 1305 1655 1373 αῦξων
1681 1309 1779 1380 τὴν
1807 1329 1942 1365 κατ-

372 1389 630 1458 ηγορίαν⁹
681 1390 765 1445 ὅτι
789 1391 910 1446 οὐδὲ
940 1392 1312 1452 ἀσθενούντων
1345 1396 1640 1468 φείδονται,
1669 1402 1944 1458 καὶτοῦτο

370 1482 634 1552 ἀδελφῶν.

446 1594 465 1626 ε
501 1574 629 1629 Ἐάν
650 1574 760 1648 γάρ
785 1591 874 1641 τις
893 1575 980 1649 ἴδῃ
1009 1590 1070 1630 σε
1101 1579 1196 1634 τδν
1231 1577 1425 1652 ἕχοντα
1453 1583 1677 1652 γνῶσιν.
1707 1585 1765 1640 ἐν
1787 1587 1947 1646 εἰδω-

372 1665 498 1738 λείῳ
524 1666 945 1741 κατακείμενον,
1002 1670 1126 1742 οὐχὶ
1160 1671 1196 1743 ὴ
1226 1672 1536 1744 συνείδησις
1581 1676 1744 1731 αὐτοῦ
1777 1678 1942 1734 ἀσθε-

371 1757 494 1823 νοῦς
561 1759 713 1825 δντος
785 1762 1269 1835 οἰκοδομηθήσεται
1338 1766 1420 1830 είς
1476 1767 1538 1822 τὸ
1616 1769 1942 1827 εἰδωλόθυτα

369 1849 567 1906 ἐσθίειν
588 1869 636 1918 ;s

439 1944 697 2001 Τουτέστι
723 1947 812 2003 τὸν
839 1947 1069 2006 τέλειον.

444 2055 464 2089 ε
502 2037 614 2099 Καὶ
659 2039 961 2098 ἀπόλλυται
1019 2035 1119 2098 οῦν
1168 2044 1200 2098 ὁ
1233 2042 1477 2100 ἀσθενῶν
1505 2046 1733 2118 ἀδελφὸς
1791 2051 1849 2104 εν
1877 2049 1943 2121 τῇ

369 2125 569 2193 γνώσει
596 2129 717 2193 σου,
746 2128 817 2184 δι’
841 2129 901 2188 δν
924 2131 1164 2205 Χριστὸς
1186 2131 1482 2192 ἀπέθανεν.
1519 2145 1556 2190 ι’

443 2218 700 2292 Τέσσαρα
718 2221 932 2294 τίθησιν
965 2225 1294 2302 iniquae:
1327 2229 1424 2287 καὶ
1441 2229 1655 2302 σφόδρα
1690 2233 1943 2302 μέγιστα,

367 2309 450 2364 ὅτι
490 2310 586 2366 καὶ
642 2311 913 2384 ἀσθενῶν,
971 2321 1066 2375 καὶ
1127 2321 1378 2394 ἀδελφὸς,
1421 2323 1519 2378 καὶ
1539 2317 1604 2379 οῦ
1632 2324 1887 2382 τοσοῦτον
1915 2328 1947 2381 ὁ

368 2399 606 2472 Χριστὸς
635 2403 934 2476 ιποιήσατο
992 2407 1172 2478 λόγον,
1207 2411 1286 2477 ὡς
1324 2412 1426 2470 καὶ
1463 2412 1756 2468 ἀποθανεῖν
1802 2413 1946 2488 ὑπερ

367 2489 555 2556 αὐτοῦ,
583 2491 679 2547 καὶ
703 2492 788 2548 δτι
812 2494 952 2568 μετά
978 2498 1155 2556 ταῦτα
1185 2499 1366 2557 πάντα
1393 2500 1482 2557 διὰ
1528 2500 1725 2574 βρῶμα
1773 2502 1946 2558 ἀπόλ-

365 2582 547 2643 lunt.

441 2702 464 2736 ε
493 2681 677 2749 οὕτως
700 2682 756 2739 δι
778 2682 1196 2758 ἁμαρτάνοντες
1245 2684 1330 2752 είς
1368 2685 1496 2753 τοὺς
1532 2685 1816 2758 ἀδελφοὺς,
1846 2690 1944 2745 καὶ

368 2773 666 2840 τύπτοντες
723 2774 906 2833 αὐτῶν
971 2776 1075 2852 τὴν
1125 2776 1431 2850 συνείδησιν
1479 2779 1837 2849 ἀσθενοῦσαν,
1861 2781 1948 2846 είς

367 2865 606 2937 Χριστὸν
630 2865 998 2938 ἁμαρτάνετε.
1035 2885 1060 2923 a
1907 2863 1911 2867 ζ

401 3008 405 3012 Α
435 2953 587 3026 ’Ὅρα
621 2954 741 3021 πῶς
767 2954 912 3011 κατά
945 2955 1146 3028 μικρὸν
1172 2954 1254 3023 είς
1277 2956 1452 3032 αὐτὴν
1470 2959 1571 3032 τῆς
1595 2960 1942 3033 παρανομίας

364 3045 466 3117 τὴν
495 3047 738 3119 κορυφὴν
758 3047 822 3103 τὸ
850 3047 1159 3123 ἁμάρτημα
1187 3050 1490 3121 ἀνήγαγεν.
1508 3052 1621 3106 Καὶ
1651 3053 1815 3109 πάλιν
1838 3053 1944 3124 τῆς

1522 363 1604 426 ΙΝ
1640 365 1877 429 EPIST.
1919 369 2017 430 AD
2052 369 2413 433 CORINTH.
2457 371 2523 432 Ι.

1979 489 2026 544 Δ
2128 484 2184 540 Id
2219 491 2331 550 cst,
2369 484 2508 539 nihil
2541 482 2838 554 quidquam
2871 484 3055 542 minus
3086 483 3375 542 habemus.

3513 375 3619 442 634

2122 593 2142 628 ε
2175 573 2364 649 Neque
2394 576 2441 632 si
2471 574 3012 643 manducaverimus,
3040 575 3405 634 abundamus.
3451 595 3475 629 s

2116 665 2232 723 lloc
2269 676 2378 736 est,
2431 683 2543 724 non
2575 666 2794 739 prohati
2837 683 3034 726 sumus
3064 668 3211 741 apud
3257 666 3456 735 Deum,
3498 677 3620 726 tan-

2046 775 2211 833 quam
2244 759 2452 815 bonum
2480 759 2692 830 aliquid
2714 766 2772 815 et
2792 759 3055 816 eximium
3078 759 3439 830 gesserimus.

2119 848 2290 907 Vens.
2339 850 2397 906 9.
2433 868 2453 904 ι
2491 850 2688 908 Videte
2723 862 2911 908 autem
2950 866 3022 908 nc
3049 850 3192 909 forte
3245 853 3361 908 haec
3394 851 3618 908 licentia

2046 952 2235 1002 vestra
2266 942 2664 1001 oﬁ‘endiculum
2691 944 2766 1000 sit
2789 943 3046 1001 inﬁrmis.
3081 963 3105 998 s

2115 1036 2238 1095 Non
2295 1035 2460 1103 dixit,
2516 1035 2754 1092 scientia
2813 1044 3025 1100 vestra.
3088 1051 3288 1106 neque,
3350 1034 3619 1110 perfectio

2043 1135 2254 1196 vestra,
2278 1128 2400 1193 sed,
2445 1127 2663 1184 licentia
2683 1167 2699 1194 ,
2725 1127 2882 1200 quod
2912 1127 3245 1185 temeritatis
3271 1129 3457 1200 potius
3492 1144 3618 1186 esse

2044 1227 2102 1274 et
2131 1219 2321 1275 nimiae
2361 1216 2578 1274 ﬁduciae
2605 1216 2844 1274 videtur.
2878 1216 3069 1288 Neque
3093 1232 3316 1275 rursum
3362 1219 3460 1284 ait,
3499 1217 3609 1272 fra-

2046 1309 2253 1375 tribus,
2290 1308 2415 1374 sed,
2466 1308 2734 1379 inﬁrmis;
2765 1316 2823 1364 ut
2857 1305 3093 1363 fratrum
3137 1308 3351 1364 crimen
3399 1317 3615 1381 augeat,

2043 1405 2139 1474 qui
2169 1419 2273 1461 nec
2306 1402 2681 1471 inﬁrmorum,
2709 1402 2824 1459 imo
2859 1417 2966 1459 nec
2996 1402 3232 1458 fratrum
3261 1415 3489 1459 suorum
3521 1418 3615 1457 ra-

2043 1497 2252 1552 tionem
2283 1495 2548 1553 habeant.

2113 1585 2286 1642 Vsus.
2339 1586 2429 1642 10.
2476 1605 2500 1639 ε
2535 1585 2594 1642 Si
2626 1586 2752 1657 quis
2786 1585 2934 1642 enim
2967 1583 3170 1641 viderit
3204 1591 3279 1650 te,
3312 1582 3411 1655 qui
3447 1584 3620 1640 habes

2043 1675 2353 1743 scientiam,
2379 1676 2436 1731 in
2457 1674 2627 1752 idolio
2645 1673 3093 1740 recumbentem;
3119 1684 3305 1726 nonne
3324 1671 3617 1728 conscien-

2045 1766 2122 1822 tia
2149 1768 2274 1837 ejus
2299 1779 2426 1823 cum
2457 1767 2532 1823 sit
2567 1765 2828 1833 inﬁrma,
2861 1762 3231 1821 aediﬁcahitur
3258 1761 3329 1819 ad
3377 1761 3616 1819 mandu-

2042 1857 2281 1920 candum
2303 1847 2660 1929 idolothyta!
2689 1875 2710 1910 ι
3016 1842 3020 1845 ’

2114 1953 2230 2008 Hoc
2265 1959 2374 2019 est,
2404 1958 2460 2008 te
2484 1951 2795 2024 perlectum
2821 1963 2974 2008 esse.

2114 2044 2283 2101 ναις.
2332 2043 2422 2100 ll.
2463 2061 2484 2097 ε
2534 2041 2605 2097 Et
2636 2042 2782 2114 perit
2835 2041 3088 2099 inﬁmus
3129 2039 3186 2095 in
3234 2042 3334 2095 tua
3386 2035 3618 2095 scientia

2041 2135 2215 2193 frater
2243 2142 2471 2207 puopter
2494 2149 2660 2208 quem
2686 2133 2946 2191 Christus
2977 2140 3232 2189 mortuus
3253 2137 3360 2188 est.
3401 2148 3426 2184 ι

2113 2228 2366 2298 Quatuor
2390 2228 2775 2286 accusationis
2814 2227 3003 2300 capita
3044 2229 3264 2293 statuit,
3294 2240 3473 2297 eaque
3497 2239 3612 2282 ma-

2044 2323 2191 2381 xima
2226 2339 2497 2396 prorsus;
2527 2329 2662 2395 puta
2709 2320 2861 2394 quod
2909 2320 3196 2388 inﬁrmus,
3226 2318 3375 2392 quod
3422 2317 3617 2384 frater,

2043 2416 2195 2486 quod
2225 2424 2438 2473 tantam
2465 2416 2590 2487 ejus
2632 2416 2906 2472 rationem
2943 2413 3206 2471 Christus
3249 2410 3532 2476 habuerit,
3557 2416 3620 2464 ut

2041 2522 2147 2581 pro
2178 2508 2305 2580 ipso
2328 2515 2676 2576 moreretur;
2702 2504 2851 2578 qubd
2881 2505 3103 2563 tandem
3129 2510 3261 2577 post
3290 2502 3411 2560 hac
3431 2499 3619 2560 omnia

2041 2610 2265 2673 propter
2285 2600 2471 2658 cibum
2499 2609 2711 2673 pereat.
3498 2641 3513 2655 .

2114 2690 2286 2750 Vsus.
2316 2693 2407 2750 12.
2452 2711 2472 2746 ε
2519 2693 2612 2748 Sic
2646 2696 2829 2747 autem
2873 2693 3168 2761 peccantes
3208 2686 3268 2744 in
3295 2683 3520 2751 miros,
3549 2690 3610 2739 et

2040 2785 2420 2858 percutientes
2482 2782 2888 2841 conscientiam
2949 2796 3146 2839 eorum
3199 2775 3620 2846 lnﬁrmam,,in

2021 2875 2326 2946 ,Christum
2357 2876 2623 2949 peccatis.
2659 2895 2680 2930 a

2114 2968 2329 3041 Inspice
2358 2968 2639 3041 quomodo
2677 2966 2947 3040 paulatim
2985 2969 3279 3038 peccatum
3303 2961 3374 3019 ad
3409 2959 3621 3034 ipsum-

2041 3068 2154 3116 mct
2208 3059 2493 3132 fastigium
2543 3058 2859 3130 iniquitatis
2901 3072 3000 3114 eos
3040 3052 3293 3112 adduxit.
3335 3051 3504 3124 Atqui
3537 3049 3622 3120 ip-

363 3135 650 3202 ἀσθενείας
681 3137 1090 3211 ἐμνημόνευσεν
1114 3138 1215 3210 τῆς
1247 3139 1496 3207 ικείνων,
1530 3141 1616 3196 ίνα
1653 3144 1789 3216 ὅπερ
1824 3144 1937 3198 ἐνό-

2044 3166 2236 3208 sorum
2267 3166 2466 3208 rursus
2488 3149 2827 3206 inﬁrmitatis
2850 3148 3126 3214 meminit,
3158 3147 3238 3202 ita
3258 3150 3336 3216 ut
3366 3140 3518 3215 quod
3539 3139 3621 3198 illi

370 3229 528 3301 p.th
559 3232 608 3285 οἱ
638 3230 910 3299 ἰσθίοντες
941 3230 1084 3304 ὑπὲρ
1130 3231 1314 3288 αὐτῶν
1350 3226 1510 3299 εἶναι,
1542 3234 1702 3291 τοῦτο
1732 3255 1941 3293 παντα-

363 3322 464 3396 χοῦ
493 3324 573 3387 είς
601 3323 701 3396 τὴν
729 3323 941 3380 ἑαυτῶν
991 3321 1228 3397 εὕρωσιν
1277 3328 1750 3400 περιτρεπόμενον
1771 3348 1945 3402 κεφαο

362 3417 484 3488 λήν.
530 3416 654 3484 Πῶς
703 3417 763 3473 δὲ
798 3418 881 3483 είς
921 3415 1159 3492 Χριστὸν
1209 3419 1653 3492 ἀμαρτάνουσινς
1693 3423 1810 3478 Ἑνὶ
1844 3424 1946 3495 μὲν

359 3510 572 3582 τρόπῳ,
615 3511 697 3566 ὅτι
720 3511 794 3567 τὰ.
841 3508 950 3565 τῶν
988 3509 1219 3567 οἰκετῶν
1252 3511 1418 3576 αὐτὸς
1455 3512 1772 3569 οἰκειοῦται.
1804 3515 1940 3569 Δευ-

363 3602 506 3676 τέρῳ
528 3602 604 3670 δὲ,
635 3602 718 3656 ὅτι
747 3603 828 3667 είς
859 3602 922 3656 τὺ
948 3602 1108 3675 σῶμα
1129 3600 1293 3656 αὐτοῦ
1336 3603 1433 3657 καὶ
1467 3603 1548 3668 είς
1574 3603 1636 3658 τὸ
1661 3603 1827 3675 μέλος
1850 3621 1942 3659 τε·

365 3695 547 3752 λοῦσιν
578 3697 628 3750 el
654 3695 1004 3767 τυπτόμενοι.
1053 3694 1236 3769 Τρίτῳ
1289 3694 1370 3762 δὲ,
1419 3697 1501 3750 ὃτι
1549 3695 1713 3768 ἔργον
1743 3697 1938 3766 αὑτοῦ,

365 3789 394 3844 ὃ
420 3789 510 3846 διὰ
542 3787 641 3860 τῆς
667 3788 874 3854 οἰκείας
918 3787 1236 3862 ᾠκοδόμησε
1292 3787 1530 3860 σφαγῆς,
1562 3788 1719 3844 τοῦτο
1747 3789 1944 3847 καθαι-

367 3901 545 3957 ρουσι.

442 3994 462 4028 ε
501 3975 704 4048 Διόπερ
748 3975 798 4030 εί
830 3974 1027 4049 βρῶμα
1066 3974 1410 4041 σκανδαλίζει
1439 3975 1532 4030 τὸν
1560 3975 1790 4046 ἀδελφόν
1812 3995 1939 4050 μου,

366 4070 428 4122 οὐ
457 4068 535 4141 μὴ
560 4068 719 4139 φάγω
751 4069 888 4143 κρέα
911 4069 992 4134 είς
1011 4067 1102 4123 τὸν
1135 4068 1330 4136 αἰῶνα,
1357 4069 1445 4123 ἵνα
1479 4069 1560 4142 μὴ
1588 4070 1681 4124 τὸν
1711 4070 1942 4140 ἀδελφόν

368 4178 472 4234 μου
498 4159 862 4228 σκανδαλίζει).
903 4181 924 4216 r

435 4253 606 4310 Τοῦτο
639 4255 865 4328 ἀρίστου
885 4255 1233 4324 διδασκάλου,
1266 4256 1329 4312 τὸ
1352 4257 1418 4311 δι’
1443 4257 1638 4311 ἑαυτοῦ
1664 4254 1941 4312 παιδεύειν

363 4346 401 4402 ἃ
429 4346 599 4419 λέγει.
627 4348 742 4403 Καὶ
779 4349 880 4405 οὐκ
907 4343 1084 4419 εἶπεν,
1125 4349 1239 4404 είτε
1274 4349 1521 4415 δικαίως,
1570 4348 1681 4405 εἴτε
1718 4349 1941 4417 ἀδίκως,

361 4439 500 4507 ἀλλ’,
531 4439 798 4497 ὁπωσοῦν.

928 4577 1181 4635 ΚΕΦΔΛ.
1219 4580 1296 4635 8’.

437 4709 458 4746 ε
480 4689 594 4749 Οὔκ
618 4690 734 4764 sint
759 4690 1086 4760 ἀπόστολοςς
1117 4692 1221 4748 οὐκ
1255 4693 1374 4763 είμὶ
1403 4692 1726 4760 ιλεύθεροςς
1768 4711 1786 4743 ι

434 4806 551 4860 Ἵνα
616 4805 694 4879 μή
727 4822 814 4870 τις
880 4805 1023 4881 λέγῃ
1046 4821 1060 4837 ·
1089 4806 1416 4878 Κομπάζεις
1439 4804 1562 4876 είκῆ
1590 4821 1602 4834 ³
1643 4803 1814 4870 δεῖξον
1846 4804 1934 4858 διὰ

354 4899 467 4953 τῶν
493 4898 669 4971 ἔργων
690 4898 834 4962 τίνος
878 4900 1313 4973 κατεφρόνησας,
1355 4898 1497 4972 ὑπὲρ
1527 4897 1622 4953 τοῦ
1661 4894 1737 4971 μὴ
1770 4915 1935 4952 σκαν-

355 4991 570 5046 δαλίσαι
598 4991 689 5045 τὸν
717 4991 946 5061 ἀδελφόν
971 5009 985 5024 ·
1019 4991 1108 5046 διὰ
1145 4991 1304 5047 τοῦτο
1351 4991 1722 5061 ἀναγκάζεται
1746 4991 1932 5046 λοιπὸν

357 5085 441 5148 εἰς
493 5084 593 5155 τὴν
648 5083 924 5148 ἀπόδειξιν
955 5084 1162 5140 τούτων
1189 5084 1391 5140 ἐλθεῖν.
1435 5085 1495 5138 '0
1521 5084 1578 5138 δὲ
1611 5083 1738 5148 νοῦς
1777 5077 1933 5146 οὗτος

355 5173 542 5247 αὐτῷ’
573 5177 630 5230 τί
657 5177 764 5247 χρὴ
792 5176 973 5246 λέγειν
1009 5176 1138 5248 περὶ
1177 5175 1288 5231 τῶν
1332 5175 1722 5241 εἰδωλοθύτων,
1758 5176 1929 5248 φησί;

354 5265 452 5321 τοῦ
478 5265 590 5340 γάρ
639 5266 878 5339 Χριστοῦ
936 5267 1295 5333 ἐπιτάξαντος
1322 5267 1450 5333 τοὺς
1495 5266 1558 5321 τδ
1591 5265 1930 5335 Εὑαγγέλιον

357 5344 733 5432 κηρύσσοντας
763 5360 826 5414 εκ
851 5359 961 5414 τῶν
996 5360 1457 5433 μαθητευομένων
1492 5360 1615 5437 ζῇν,
1635 5358 1750 5429 ἐγὼ
1776 5357 1933 5414 τοῦτο

355 5452 459 5509 οὐκ
487 5451 741 5524 ιτεοίησα,
789 5451 905 5507 ἀλλ’
949 5451 1176 5527 εἱλόμην
1200 5451 1344 5528 λιμῷ
1386 5453 1590 5526 μᾶλλον
1623 5451 1931 5508 καταλῦσαι

355 5546 448 5602 τὸν
474 5545 612 5617 βίον,
637 5545 676 5616 ἢ
698 5545 884 5601 λαϐεῖν
905 5562 961 5601 τε
1010 5547 1161 5620 παρά
1204 5547 1312 5603 τῶν
1348 5548 1774 5621 κατηχουμένων
1792 5563 1809 5582 ο
1830 5544 1929 5601 οὐκ

355 5638 550 5711 lactei)
575 5639 1028 5706 αανδαλίζεσθαι
1085 5639 1332 5711 ἔμελλον,
1365 5640 1480 5695 ἀλλ’
1504 5639 1697 5713 ἐπειδὴ
1721 5639 1928 5694 οίκονο-

362 5729 578 5800 μεῖσθαι
599 5729 797 5797 αὐτοὺς
815 5732 1148 5809 ἠϐουλόμην.
1175 5733 1288 5789 Καὶ
1317 5734 1405 5789 ἵνα
1437 5734 1514 5804 μή
1544 5751 1628 5797 τις
1666 5733 1824 5804 λέγῃ,
1844 5734 1926 5786 ὅτι

361 5820 428 5877 Εἰ
448 5822 541 5879 καὶ
571 5823 648 5896 μὴ
674 5822 886 5891 ἔλαϐες,
954 5824 1142 5898 ἐπειδὴ
1181 5825 1270 5899 μὴὸ
1295 5827 1414 5892 ἐξὸν
1444 5823 1532 5897 ἦν,
1565 5828 1662 5881 οὐκ
1707 5827 1915 5893 ἔλαϐες.

1965 4520 2017 4581 D

2045 3246 2142 3316 qui
2197 3241 2582 3310 comedebant,
2635 3239 2746 3298 sibi
2802 3238 2992 3296 favere
3047 3234 3488 3301 arbitrabantur,
3513 3230 3622 3289 hoc

2047 3336 2254 3408 ubique
2276 3336 2336 3392 in
2369 3342 2542 3407 caput
2571 3348 2735 3392 suum
2767 3329 2994 3390 devolvi
3021 3327 3354 3402 reperirent.
3377 3325 3619 3395 Quinam

2045 3444 2179 3486 vero
2220 3426 2277 3484 in
2322 3426 2606 3486 Christum
2671 3422 2949 3497 peccant?
2991 3436 3104 3479 uno
3156 3418 3382 3493 quidem
3433 3417 3621 3484 modo,

2044 3523 2178 3594 quia
2205 3522 2314 3580 sibi
2339 3522 2434 3579 ille
2461 3520 2729 3584 vindicat,
2756 3533 2882 3590 qua:
2906 3514 3148 3572 famulos
3180 3527 3318 3570 suos
3344 3516 3618 3584 spectant.

2046 3611 2307 3670 Secundo
2345 3618 2558 3677 autem,
2589 3608 2737 3681 quod
2771 3607 2869 3679 qui
2919 3604 3262 3677 percutiunt,
3301 3600 3358 3656 id
3407 3597 3623 3656 iaciunt

2045 3706 2106 3760 in
2146 3720 2350 3777 corpus
2384 3704 2560 3776 ipsius
2582 3712 2634 3758 et
2658 3702 2718 3757 in
2742 3699 2988 3756 membra
3008 3696 3212 3770 ipsius.
3234 3691 3429 3750 Tertio
3454 3690 3616 3748 deni-

2044 3811 2174 3869 que,
2201 3796 2348 3868 quod
2380 3811 2524 3867 opus
2565 3793 2766 3866 ipsius,
2814 3781 2965 3863 quod
2999 3788 3298 3847 occasione
3333 3797 3436 3843 sua
3463 3789 3616 3839 stru-

2043 3888 2149 3955 xit,
2183 3887 2291 3944 hoc
2319 3887 2398 3944 illi
2429 3887 2746 3945 destruunt.

2118 3982 2289 4040 Vens.
2329 3982 2418 4037 l5.
2455 3999 2474 4034 ι
2504 3980 2853 4050 Quapropter
2893 3976 2942 4033 si
2974 3989 3104 4034 esca
3136 3972 3482 4034 scandalizat
3511 3973 3618 4028 fra-

2043 4083 2186 4134 trem
2228 4089 2436 4140 meum,
2463 4089 2576 4132 non
2608 4070 2957 4128 manducabo
2985 4082 3212 4126 carnem
3241 4065 3299 4122 in
3323 4073 3615 4132 aternum,

2042 4186 2112 4228 ne
2141 4171 2372 4226 fratrem
2403 4183 2582 4224 meum
2614 4166 3004 4224 scandalizem.
3038 4182 3060 4218 s

2112 4260 2319 4333 Optimi
2352 4259 2604 4328 magistri
2657 4257 2764 4315 hoc
2812 4273 3015 4315 munus
3049 4263 3154 4323 est,
3207 4254 3462 4327 exemplo
3511 4268 3615 4310 suo

2041 4355 2243 4414 docere
2266 4369 2390 4428 qua:
2412 4351 2699 4425 praedicat.
2731 4350 2844 4408 Nec
2873 4351 3034 4427 dixit,
3071 4349 3189 4407 sive
3209 4347 3358 4420 iure,
3387 4349 3504 4406 sive
3527 4347 3610 4404 in-

2038 4448 2210 4521 juria,
2237 4446 2354 4514 sed,
2382 4444 2763 4518 qualicunque
2792 4443 2978 4499 modo.

2696 4579 2851 4638 CAP.
2873 4578 2966 4635 IX.

2107 4695 2255 4753 Vens
2300 4695 2352 4750 ί.
2386 4712 2405 4746 ι
2437 4691 2558 4748 Non
2580 4707 2700 4748 sum
2733 4688 3065 4763 apostolus?
3090 4703 3200 4744 non
3230 4703 3351 4744 sum
3381 4688 3593 4750 liberi:

2111 4807 2200 4866 Ne
2247 4809 2540 4881 quisquam
2597 4806 2866 4877 obiiceret
2899 4823 2914 4860 :
2952 4811 3246 4875 perperam
3301 4809 3354 4856 te
3383 4799 3555 4872 iactas
3589 4818 3606 4871 _:

2051 4902 2315 4976 operibus
2341 4900 2569 4958 ostende
2604 4885 2884 4969 quidnam.
2904 4894 3223 4966 despicatus
3251 4891 3352 4961 sis,
3384 4906 3454 4947 ne
3489 4889 3609 4946 fra-

2038 5007 2123 5054 ter
2157 4993 2404 5052 olfendat
2428 5008 2440 5044 :
2465 4998 2804 5064 quapropter
2832 5003 3062 5061 pergere
3084 4987 3200 5058 jam
3225 4985 3446 5058 cogitur
3501 4984 3613 5057 90

2038 5087 2108 5142 ad
2139 5087 2254 5141 haec
2305 5083 2758 5140 demonstranda.
2806 5077 2910 5136 Hic
2956 5085 3141 5135 autem
3183 5092 3388 5134 sensus
3435 5075 3611 5148 ipsius

2037 5188 2122 5236 est
2155 5197 2169 5234 :
2204 5176 2350 5245 Quid
2389 5177 2460 5232 de
2503 5174 2742 5230 victimis
2773 5172 3074 5240 idolorum,
3109 5171 3310 5243 inquit,
3345 5170 3494 5226 ultra
3525 5167 3609 5224 di-

2037 5286 2166 5328 cere
2221 5285 2451 5326 necesse
2505 5266 2800 5324 sitiLicet
2843 5265 2994 5323 enim
3039 5263 3301 5321 Christus
3326 5262 3607 5335 Evangelii

2037 5362 2501 5437 praedicatoribus
2536 5359 2884 5416 mandaverit
2928 5365 2994 5414 ut
3037 5357 3244 5413 victum
3285 5354 3391 5411 sibi
3435 5355 3505 5411 ah
3541 5355 3609 5411 iis

2038 5470 2180 5529 quos
2213 5454 2496 5517 erudiunt,
2527 5460 2878 5523 quarerent,
2915 5450 3018 5506 hoc
3058 5463 3165 5520 ego
3197 5463 3310 5504 non
3339 5445 3467 5503 feci.
3500 5446 3607 5503 Sed

2038 5550 2182 5621 apud
2231 5563 2319 5604 me
2338 5547 2506 5604 statui
2553 5545 2699 5601 fame
2725 5545 2908 5615 potius
2948 5542 3177 5599 interire
3237 5555 3404 5613 quam
3458 5555 3490 5594 a
3525 5539 3607 5596 di-

2033 5642 2273 5718 scipulis
2302 5640 2585 5713 quidpiam
2628 5639 2922 5710 accipere:
2959 5651 3074 5692 non
3106 5633 3253 5706 quod
3299 5633 3379 5690 illi
3428 5632 3602 5689 oﬁeu-

2038 5736 2202 5794 alendi
2232 5743 2452 5798 essent,
2483 5730 2579 5790 sed
2626 5731 2756 5802 quia
2796 5728 3150 5786 aedilicationi
3190 5727 3437 5800 ipsorum
3485 5733 3603 5780 stu-

2043 5827 2257 5883 debam.
2291 5824 2370 5880 Ac
2414 5839 2482 5880 ne
2525 5820 2656 5894 quis
2689 5815 2903 5878 diceret
2941 5837 2956 5875 :
2995 5818 3114 5877 Etsi
3154 5833 3262 5876 non
3316 5815 3599 5890 accepisti,
