4038 6284
373 392 484 457 641
1527 389 1611 451 ΙΝ
1651 387 1891 450 EPIST.
1919 391 1961 446 A

2063 385 2415 458 CORlNTH.
2450 386 2501 446 Ι.
3521 382 3635 449 6ιῖ

373 501 527 573 αὐτῷ
556 500 857 572 γενομένην
899 499 1036 571 πρὸς
1095 497 1415 567 Ἀθηναίους
1458 496 1816 560 αίνίττεσθαι,
1852 494 1947 550 καὶ

2063 497 2160 553 line
2195 497 2310 564 lege
2337 503 2512 559 erant,
2546 503 2800 565 tanquam
2845 491 2957 547 sine
3006 491 3119 562 legs
3167 507 3358 559 essem,
3406 492 3641 550 innuere

374 590 579 659 λιγειν,
629 588 760 656 Τοῖς
793 588 1041 658 ἀνόμοις
1074 587 1156 654 ὡς
1197 587 1445 656 ἄνομος.
1485 587 1598 641 Καὶ
1632 585 1722 642 ῖνα
1754 587 1831 657 μή
1856 587 1953 649 τις

2063 602 2373 645 sermonem
2413 603 2576 659 quem
2623 586 2692 642 ad
2741 584 3106 643 Athenienses
3158 586 3450 643 occasione
3495 586 3638 643 tituli

375 681 572 752 νομίσῃ
598 677 906 750 μεταϐολὴν
933 672 1074 732 εἶναι
1093 677 1158 731 τδ
1181 678 1437 749 πρᾶγμα.
1463 675 1564 746 Μὴ
1612 676 1700 733 ὢν
1725 677 1951 748 ἄνομος

2063 695 2162 736 πω
2226 678 2479 751 inscripti
2544 677 2914 736 habuerat".
2970 675 3179 734 Deinde
3235 693 3306 733 ne
3358 677 3636 750 quispiam

379 770 552 836 Θεοῦ,
577 771 717 827 ἀλλ’
743 770 999 841 ἔννομος
1023 767 1311 840 Χριστοῦ.

459 1063 478 1097 ι
523 1045 645 1099 Ἵνα
691 1044 944 1118 κερδήσω
989 1043 1246 1116 ἀνόμους.
1289 1039 1592 1115 Ἕγινόμην
1627 1041 1742 1104 τοῖς
1786 1039 1953 1096 ἀσθε-

383 1138 530 1192 νέσιν
560 1137 637 1201 ὡς
660 1135 915 1208 ἀσθενὴς,
951 1134 1040 1190 ῖνα
1067 1134 1196 1201 τοὺς
1229 1132 1481 1198 ἀσθενεῖς
1513 1133 1792 1204 κερδήσω.
1831 1149 1852 1183 ι

455 1314 564 1384 Τὴν
587 1312 770 1367 αἰτίαν
795 1310 898 1383 τῆς
929 1308 1392 1380 συγκαταϐάσεως
1420 1309 1594 1379 λέγει.

461 1514 481 1548 ι
517 1495 646 1561 Τοῖς
683 1493 851 1550 πᾶσιν
877 1491 1080 1564 γέγονα
1105 1493 1175 1547 τὰ
1201 1492 1401 1560 πάντα,
1430 1491 1522 1548 ῖνα
1561 1491 1781 1556 πάντως
1803 1490 1957 1557 τινὰς

388 1588 568 1645 σώσω.
607 1606 628 1641 s

457 1682 575 1735 Ἵνα
603 1679 682 1754 μὴ
702 1676 825 1736 καθ’
853 1679 1088 1736 ἱκαστον
1123 1680 1300 1751 λέγων
1328 1677 1604 1752 διατρίϐῃ,
1637 1679 1720 1752 τῷ
1749 1677 1957 1751 γενικῷ

385 1774 582 1846 χρῆται
607 1771 860 1845 ὀνόματι.

2052 772 2418 837 existimaret,
2453 771 2557 827 hoc
2584 785 2709 827 esse
2740 768 3027 826 sententias
3070 772 3431 838 mutationem
3453 809 3471 835 ,
3506 769 3641 825 sub-

2047 865 2280 938 junsit:
2313 861 2447 918 Cum
2489 863 2603 918 sine
2640 863 2750 935 iege
2784 859 2880 916 Dei
2921 876 3026 915 non
3053 875 3242 927 essem,
3281 861 3375 917 sed
3417 862 3472 916 in
3524 861 3633 934 lege

2052 970 2223 1010 essem
2255 953 2480 1010 Christi.

2131 1062 2148 1094 ι
2192 1039 2265 1097 Ut
2285 1041 2667 1099 lucrifacerem
2693 1057 2789 1099 eos
2805 1043 2899 1112 qui
2929 1042 3050 1101 sine
3077 1043 3196 1115 lege
3217 1051 3397 1099 erant.
3429 1040 3637 1098 Factus

2055 1147 2178 1188 sum
2223 1132 2479 1199 infirmis,
2513 1133 2663 1190 velut
2709 1135 2982 1203 inﬁrmus,
3023 1144 3085 1191 ut
3112 1134 3364 1192 inﬁrmos
3401 1133 3637 1190 lucrifa-

2055 1235 2242 1277 cerem
2253 1262 2266 1275 .
2291 1239 2310 1272 ι

2123 1312 2237 1386 93
2275 1311 2515 1369 Causam
2557 1313 2714 1370 aifert
2744 1328 2843 1369 cur
2882 1313 2963 1371 sic
2996 1313 3346 1387 indulgenter
3383 1314 3507 1371 illos
3540 1314 3639 1369 ha-

2056 1406 2262 1464 buerit.

2134 1517 2154 1551 s
2197 1495 2468 1554 Omnibus
2497 1496 2684 1553 omnia
2726 1496 2908 1553 factus
2939 1513 3082 1562 sum,
3115 1505 3176 1553 ut
3213 1497 3436 1553 omnino
3467 1513 3640 1569 quos-

2058 1587 2186 1645 dam
2218 1586 2457 1642 facerem
2487 1585 2692 1642 salvos.
2731 1604 2751 1640 ι

2128 1679 2211 1737 Ne
2248 1678 2464 1750 singula
2497 1676 2875 1750 pereensendo
2929 1685 3146 1747 tempus
3197 1685 3356 1744 terat,
3392 1677 3638 1750 generali

2062 1773 2288 1831 nomine
2318 1773 2512 1828 utitur.

463 1886 484 1921 ι
518 1864 693 1921 Τοῦτο
723 1865 790 1932 δὲ,
817 1865 956 1921 ποιῶ
984 1865 1074 1920 διὰ
1095 1865 1160 1921 τδ
1198 1863 1559 1936 Εὑαγγέλιον,
1599 1864 1692 1920 ῖνα
1731 1880 1954 1934 συγκοι-

2135 1884 2156 1918 ι
2203 1865 2319 1924 Hoc
2349 1872 2538 1920 autem
2570 1862 2718 1920 facio
2751 1869 2977 1936 propter
3014 1861 3394 1935 Evangelium,
3423 1871 3484 1918 ut
3519 1877 3641 1935 par-

387 1957 554 2023 νωνδς
577 1955 745 2013 αὐτοῦ
769 1956 1046 2030 γένωμαι.
1097 1974 1119 2010 s

457 2049 786 2115 Τουτιστιν,
826 2049 915 2104 ἵνα
955 2047 1091 2114 δόξω
1139 2064 1192 2102 τι
1241 2046 1398 2118 κάγὼ
1450 2047 1954 2119 συνεισενηνοχέναι

386 2141 622 2209 οῖκοθεν,
657 2141 754 2196 καὶ
787 2141 1043 2212 μετασχῶ
1081 2141 1192 2195 τῶν
1230 2139 1614 2212 ἀποκειμένων
1671 2140 1955 2209 στεφάνων

387 2238 499 2298 τοῖς
516 2237 748 2299 πιστοῖς.
766 2234 979 2306 Ὠσπερ
999 2233 1109 2307 γὰρ
1133 2232 1339 2304 ἔλεγεν,
1363 2234 1432 2288 ἐκ
1459 2233 1566 2288 τοῦ
1586 2233 1957 2303 Εὑαγγελίου

387 2325 515 2396 ζῇν,
541 2327 818 2381 τουτέστιν
866 2327 932 2380 ὲκ
984 2323 1095 2380 τῶν
1122 2326 1509 2391 πιστευόντων,
1539 2323 1715 2388 οὕτως
1750 2325 1845 2379 καὶ
1871 2325 1958 2377 ὲν-

387 2417 560 2472 ταῦθα
585 2458 602 2483 ,
652 2417 1066 2486 συγκοινωνὸς
1098 2415 1354 2487 γένωμαι
1410 2414 1520 2470 τοῦ
1561 2405 1956 2486 Εὑαγ-γελίοὺ,

391 2511 477 2564 ῖνα
508 2509 722 2582 δυνηθῶ
751 2511 1078 2581 κοινωνῆσαι
1103 2512 1218 2576 τοῖς
1254 2507 1360 2582 [ὲν]
1394 2508 1474 2580 τῷ
1517 2507 1838 2579 Εὐαγγελίῳ
1863 2524 1961 2562 πεο

389 2603 730 2658 πιστευκόσι.
785 2602 958 2657 Τοῦτο
997 2602 1056 2656 δὲ
1092 2603 1187 2656 καὶ
1222 2601 1733 2674 ταπεινοφροσύνης
1777 2599 1957 2672 μεγά-

389 2696 488 2767 λης
514 2694 772 2763 ὶπίδειξιν
810 2694 942 2766 ἔχει.
976 2693 1115 2748 Ἕνα
1139 2693 1248 2767 γὰρ
1277 2694 1387 2749 τῶν
1420 2693 1633 2750 πολλῶν
1659 2694 1853 2749 ἑαυτὸν
1879 2693 1961 2748 τί-

391 2787 538 2859 θησι,
562 2787 783 2843 πάντων
803 2786 988 2841 πλεῖον
1022 2784 1252 2858 καμών;

466 3007 486 3042 ι
529 2990 645 3045 Οὐκ
665 2989 865 3055 οἴδατε,
899 2989 981 3043 ὅτι
1008 2989 1059 3043 oi
1091 2989 1148 3043 ἐν
1180 2987 1378 3061 σταδίῳ
1414 2987 1724 3060 τρέχοντες,
1754 2987 1961 3054 πάντες

395 3083 496 3155 μιν
520 3083 830 3158 τρέχουσιν,
860 3078 941 3148 εἷς
969 3082 1026 3137 δὲ
1053 3082 1333 3164 ,λαμϐάνει
1360 3081 1424 3137 τὸ
1463 3080 1746 3156 βραϐεῖον;
1774 3079 1961 3142 Οὕτως

389 3179 636 3250 τρέχετε,
661 3175 751 3230 ῖνα
779 3175 1147 3246 καταλάϐητε.
1180 3195 1201 3229 ι

462 3290 651 3357 Δείξας
679 3292 763 3344 ὅτι
793 3289 928 3362 πολὺ
954 3289 1228 3362 χρήσιμον
1258 3291 1321 3344 τδ
1352 3287 1832 3358 συγκαταϐαίνειν,
1863 3285 1964 3342 καὶ⁸

390 3382 552 3438 τοῦτο
570 3385 605 3456 ἡ
629 3383 776 3454 ἄκρα
805 3383 1101 3454 τελειότης,
1123 3381 1470 3453 πληκτικώτε
1478 3399 1572 3454 ρον
1592 3381 1757 3435 πάλιν
1783 3377 1962 3437 αὐτῶν

385 3475 736 3532 ’καθάπτεται
768 3476 1159 3547 αἰνιττόμενος,
1193 3476 1278 3530 ὅτι
1317 3475 1476 3529 τοῦτο
1522 3474 1584 3529 τὸ
1618 3473 1750 3548 παρ’
1779 3470 1966 3528 αὐτῶν

392 3567 676 3639 γινόμενον
711 3567 809 3622 καὶ
840 3565 1032 3622 δοκοῦν
1082 3561 1221 3622 εἶναι
1268 3567 1566 3638 τελειότης,
1601 3563 1963 3637 ματαιοπονία

387 3660 513 3714 ἐστὶ
547 3661 800 3731 περιττή.
867 3659 1009 3712 Ἀλλ’
1041 3661 1102 3713 οὐ
1136 3658 1286 3729 λέγει
1329 3658 1475 3713 οὕτω
1511 3657 1720 3728 σαφῶς,
1769 3657 1856 3710 ἵνα
1884 3653 1962 3727 μὴ

391 3751 836 3824 ἀπαισχυνθῶσιν
857 3767 872 3782 ο
909 3751 978 3806 δι’
1003 3744 1079 3806 ὧν
1127 3752 1185 3806 δὲ
1214 3750 1638 3816 κατασκευάζει,
1685 3747 1846 3803 τοῦτο
1867 3747 1964 3816 δη·

387 3840 510 3895 λοῖ·
557 3841 620 3898 τὸ
645 3839 704 3894 δὲ
739 3840 939 3910 λέγειν,
993 3842 1075 3897 ὅτι
1102 3835 1184 3904 εἷς
1221 3841 1287 3895 ἐκ
1338 3839 1554 3894 πάντων
1599 3837 1870 3908 λαμϐάνει
1900 3836 1962 3888 τὸ

395 3933 667 4006 βραϐεῖον,
714 3934 814 4007 οὐχ
852 3932 1072 3999 ὦς’ὲνδς
1115 3933 1406 4004 μέλλοντος
1453 3928 1726 3996 σώζεσθαι
1774 3929 1960 4001 μόνον,

389 4025 507 4081 ἀλλ’
537 4024 615 4089 ὡς
666 4023 870 4099 πολλὴν
907 4023 1234 4094 ὀφειλόντων
1275 4021 1813 4096 ὴῲνάίσενεγκεῖν
1863 4019 1963 4092 τὴν

395 4119 658 4191 σπουδήν.
687 4115 902 4188 Ὠσπερ
926 4117 1036 4188 γὰρ
1059 4117 1175 4170 ἐκεῖ
1212 4113 1424 4170 πολλῶν
1457 4112 1759 4170 καθιόντων
1793 4114 1876 4177 είς
1902 4111 1963 4165 τὸ

394 4209 608 4264 στάδιον
642 4209 704 4262 οὐ
745 4207 1136 4278 στεφανοῦνται
1176 4192 1389 4280 πολλοὶ,
1416 4205 1536 4261 ἀλλ’
1563 4206 1646 4270 είς
1672 4203 1772 4259 ενα
1797 4201 1959 4274 περί-

392 4317 623 4356 σταται·
658 4299 756 4354 καὶ
783 4299 886 4354 οὐκ
915 4299 1078 4372 ἀρκεῖ
1102 4299 1165 4352 τδ
1197 4297 1446 4353 καθιέναι
1487 4299 1570 4363 τίς
1616 4297 1710 4352 τὸν
1751 4296 1958 4365 ἀγῶνα,

388 4392 513 4446 οὐδὲ
541 4389 604 4446 τι
626 4389 950 4462 ἀλείψασθαι
977 4391 1073 4446 καὶ
1094 4389 1381 4446 παλαῖσαι⁸
1404 4387 1548 4443 οὕτω
1569 4387 1666 4444 καὶ
1696 4385 1927 4440 ἐνταῦθα
1942 4424 1958 4450 ,

389 4484 493 4539 οὐκ
532 4484 696 4556 ἀρκεῖ
730 4481 796 4539 τδ
853 4480 1285 4547 πιστεῦσαι,καὶ
1315 4479 1392 4545 ὡς
1439 4479 1630 4552 ἔτυχεν
1688 4476 1962 4548 ἀγωνίσαρ

392 4575 540 4643 σθαι,
580 4573 698 4629 ἀλλ’
723 4572 791 4630 ἄν
826 4574 901 4646 μὴ
942 4573 1086 4629 οὕτω
1112 4574 1429 4646 δράμωμεν,
1473 4571 1617 4626 ὥστε
1654 4571 1819 4643 μέχρι
1863 4567 1961 4622 τοῦ

392 4666 583 4732 τέλους
611 4665 885 4739 ἀλήπτους
914 4665 1143 4729 ἑαυτοὺς
1174 4665 1498 4736 παρασχεῖν,
1537 4663 1634 4718 καὶ
1671 4663 1840 4731 ἐγγὺς
1871 4676 1964 4729 γε-

391 4760 580 4816 νέσθαι
603 4759 698 4814 τοῦ
727 4759 1004 4832 βραϐείου,
1027 4757 1180 4812 οὐδὲν
1203 4758 1334 4829 ἡμῖν
1362 4755 1516 4809 ἔσται
1543 4755 1724 4809 πλέον.
1760 4753 1824 4807 Et
1853 4752 1963 4824 γὰρ

391 4853 491 4909 καὶ
521 4852 723 4908 τέλειον
753 4850 995 4923 νομίζεις
1037 4849 1231 4903 σαυτὸν
1277 4848 1418 4904 κατὰ
1454 4848 1555 4920 τὴν
1579 4846 1800 4916 γνῶσιν,
1847 4845 1963 4900 ἀλλ’

390 4945 546 4999 οῠπω
567 4943 660 4998 τοῦ
691 4943 893 5007 παντὸς
925 4942 1195 4998 ἐπελάϐου
1223 4956 1239 4974 ⁸
1279 4941 1417 5012 ὅπερ
1447 4931 1822 5010 ἀἰνιττόμενος
1845 4936 1962 4990 ἔλε-

389 5055 509 5107 γεν,
536 5037 637 5092 ἵνα
675 5036 1066 5105 καταλάϐητε.

464 5171 485 5205 s
534 5149 740 5215 Πᾶς,δὲ
795 5149 824 5204 ὁ
879 5149 1282 5219 ἀγωνιζόμενος
1317 5148 1496 5202 πάντα
1542 5145 1957 5218 ἐγκρατεύεται.

402 5245 632 5299 Ἐκεῖνοι
659 5242 783 5314 μὲν,
820 5241 907 5295 ἵνα
929 5241 1169 5313 φθαρτὸν
1191 5240 1457 5311 στέφανον
1482 5238 1726 5294 λάϐωσιν
1753 5254 1768 5272 ο
1799 5239 1963 5308 ἡμεῖς

391 5336 472 5404 δὲ,
497 5333 882 5406 ἀδιάφθαρτον.
919 5352 938 5386 ι

464 5451 532 5506 Τί
560 5452 698 5518 ἔστι,
720 5449 793 5504 τὰ
815 5447 1014 5504 πάντα
1035 5447 1451 5516 ἐγκρατεύεται
1472 5463 1492 5512 ;
1515 5444 1652 5516 Οὐχὶ
1681 5442 1836 5497 τοῦδε
1863 5442 1963 5512 μὲν

391 5543 679 5614 ἀπέχεται,
717 5539 891 5611 ἑτέρῳ
926 5539 984 5594 δὲ
1021 5539 1403 5610 διαμαρτάνει,
1442 5538 1580 5594 ἀλλὰ
1613 5537 1710 5591 καὶ
1737 5552 1964 5606 γαστρι-

400 5632 639 5710 μαργίας
684 5631 780 5687 καὶ
805 5632 1002 5704 μέθης,
1027 5632 1124 5686 καὶ
1154 5636 1372 5689 πάντων
1404 5631 1588 5695 ἁπλῶς
1628 5631 1822 5701 κρατεῖ
1850 5627 1961 5680 τῶν

459 5812 509 5846 ’⁸
538 5814 659 5866 Act.
699 5828 834 5877 xm,
864 5809 958 5871 22.

2056 1961 2235 2030 ticeps
2259 1957 2382 2030 ejus
2409 1955 2636 2012 elﬁciar.
2669 1973 2690 2009 s

2127 2051 2182 2106 ld
2215 2060 2321 2115 est,
2348 2055 2408 2103 ut
2437 2047 2648 2120 aliquid
2671 2062 2739 2103 ex
2770 2062 2859 2103 me
2885 2045 3005 2119 ipse
3030 2047 3406 2106 contribuisse
3424 2049 3634 2117 videar,

2058 2152 2113 2200 et
2130 2157 2358 2199 consors
2378 2139 2580 2197 efﬁciar
2599 2153 2928 2196 coronarum
2956 2154 3077 2209 quas
3103 2139 3355 2197 fidelibus
3386 2143 3641 2210 reposita

2061 2243 2210 2292 sunt.
2248 2235 2385 2289 Nam
2431 2231 2890 2304 quemadmodum
2939 2231 3186 2298 diccbat,
3244 2249 3310 2287 ex
3356 2233 3639 2306 Evangelia

2059 2329 2245 2392 vivere,
2284 2326 2390 2382 hoc
2413 2332 2499 2382 est
2538 2324 2606 2380 de
2657 2323 2896 2379 fidelium
2948 2321 3336 2393 facultatibus;
3386 2325 3461 2380 ita
3496 2335 3550 2381 et
3583 2327 3639 2381 in

2061 2417 2166 2473 hoc
2195 2418 2336 2481 loco,
2381 2424 2441 2470 ut
2468 2416 2730 2484 particeps
2771 2414 2968 2485 eﬁiciar
2999 2413 3301 2484 Evangelii,
3358 2417 3500 2471 idem
3554 2425 3639 2473 est

2061 2519 2244 2581 atque,
2279 2516 2339 2563 ut
2371 2507 2579 2579 possim
2621 2507 2962 2563 consortium
2996 2505 3198 2563 habere
3253 2523 3377 2563 cum
3428 2508 3500 2564 iis
3540 2509 3638 2580 qui

2059 2603 2415 2659 crediderunt
2441 2600 2758 2672 Evangelio.
2791 2598 2908 2655 Hoc
2937 2615 3067 2655 vero
3100 2599 3229 2654 altae
3253 2600 3419 2656 etiam
3459 2599 3641 2656 humi-

2061 2697 2233 2752 litatis
2288 2701 2669 2766 argumentum
2706 2691 2944 2763 prasfert.
2990 2691 3111 2748 Etsi
3164 2692 3308 2748 enim
3343 2693 3467 2764 plus
3511 2691 3639 2748 aliis

2061 2789 2430 2854 laboraverat,
2458 2802 2518 2843 se
2545 2785 3186 2859 nihilominustanquam
3215 2799 3384 2840 unum
3403 2785 3638 2858 aliquem

2063 2882 2131 2939 de
2158 2880 2324 2955 vulgo
2359 2881 2535 2952 ponit.

2133 2995 2301 3051 Vsus.
2333 2995 2424 3052 24.
2464 3012 2483 3048 ι
2521 2992 2778 3064 Nescitis,
2809 2992 2954 3066 quod
2982 2991 3020 3048 ii
3046 2993 3139 3065 qui
3183 2993 3242 3048 in
3288 2990 3473 3048 stadio
3509 3004 3637 3045 eur-

2064 3097 2216 3155 runt,
2265 3102 2458 3144 omnes
2500 3086 2724 3158 quidem
2762 3095 3038 3153 currunt,
3088 3085 3184 3142 sed
3233 3099 3378 3140 unus
3436 3082 3638 3154 accipit

1990 3194 2031 3253 (ζ
2063 3183 2351 3244 bravium?
2378 3181 2472 3238 Sic
2510 3181 2738 3247 currite,
2773 3186 2832 3235 ut
2863 3176 3366 3250 comprehendatis.
3403 3196 3421 3229 ι

2133 3296 2432 3367 Postquam
2464 3293 2709 3351 ostendit
2753 3290 3151 3364 indulgentiam
3204 3289 3498 3345 admodum
3531 3287 3638 3344 uti-

2063 3389 2168 3447 lem
2222 3403 2370 3453 esse,
2423 3387 2558 3458 quin
2609 3392 2665 3441 et
2717 3381 3072 3455 perfectionis
3129 3396 3253 3437 esse
3307 3380 3632 3459 fastigium.

2064 3480 2314 3554 asperius
2346 3494 2567 3536 rursum
2590 3492 2686 3534 eos
2715 3475 3058 3548 perstringit,
3095 3472 3255 3545 quasi
3292 3472 3344 3527 id
3369 3470 3515 3542 quod
3558 3470 3634 3526 illi

2063 3574 2365 3640 faciebant,
2400 3572 2658 3644 quodque
2697 3567 2962 3641 perfectio
3009 3583 3130 3624 esse
3179 3565 3492 3632 videbatur,
3538 3580 3633 3621 su-

2063 3668 2304 3741 perﬂuus
2349 3666 2509 3723 labor
2561 3664 2877 3721 exsisteret.
2919 3661 3246 3732 Quanquam
3301 3659 3405 3713 hoc
3448 3666 3636 3727 aperte

2063 3778 2174 3819 non
2221 3762 2376 3827 dicit,
2420 3775 2491 3816 ne
2545 3757 2756 3830 pudore
2797 3754 3186 3811 suﬂundantur
3228 3769 3241 3806 :
3290 3761 3546 3806 cmlerum
3579 3749 3633 3803 id

2062 3852 2420 3912 manifestum
2454 3851 2514 3906 fit
2547 3865 2611 3906 ex
2647 3848 2848 3920 quibus
2889 3847 2996 3902 hoc
3041 3845 3264 3902 evincit.
3297 3841 3453 3910 Quod
3505 3856 3636 3896 vero

2062 3948 2159 4013 ait,
2187 3959 2358 4000 unum
2389 3959 2458 4000 ex
2494 3940 2756 3996 omnibus
2795 3938 3047 4008 accipere
3076 3935 3352 3998 bravium,
3396 3932 3505 3988 non
3533 3931 3636 3985 hoc

2064 4035 2335 4107 signiﬁcat
2368 4047 2538 4088 unum
2599 4031 2870 4086 duntaxat
2899 4027 3110 4085 salvum
3146 4025 3282 4092 fore,
3325 4023 3418 4080 sed
3466 4023 3634 4077 muha

2062 4143 2202 4200 Opus
2222 4142 2348 4184 esse
2377 4123 2680 4197 diligentia.
2713 4120 2852 4176 Nam
2897 4120 3044 4176 sicut
3073 4119 3263 4174 multis
3303 4116 3358 4172 in
3407 4131 3634 4170 arenam

2062 4217 2549 4282 descendentibus,
2582 4215 2728 4271 haud
2775 4213 2934 4271 multi
2995 4221 3356 4274 coronantur,
3407 4209 3501 4266 sed
3544 4208 3635 4262 uni

2064 4311 2347 4384 praemium
2382 4309 2680 4376 tribuitur;
2712 4308 2844 4380 quin
2873 4321 2978 4362 nec
3002 4305 3138 4362 satis
3160 4311 3244 4360 est
3266 4301 3330 4357 ad
3355 4295 3633 4358 certamen

2060 4399 2420 4465 descendere,
2451 4413 2629 4469 neque
2656 4398 2785 4468 ungi
2823 4403 2878 4454 et
2921 4395 3116 4452 luctari
3153 4411 3170 4452 :
3205 4393 3286 4449 sic
3319 4401 3374 4448 et
3407 4391 3461 4445 in
3494 4406 3635 4460 prae-

2065 4492 2204 4549 sentl
2235 4506 2344 4546 non
2378 4489 2578 4546 subicit
2597 4489 2844 4554 credere,
2876 4502 2976 4543 nec
2992 4485 3190 4558 quovis
3208 4483 3371 4539 modo
3391 4491 3634 4546 certare;

2065 4583 2183 4648 sed,
2219 4581 2323 4638 nisi
2361 4582 2442 4636 sic
2475 4595 2762 4636 curramus
2788 4587 2850 4635 ut
2874 4581 2943 4635 ad
2978 4577 3138 4635 linem
3163 4590 3340 4646 usque
3364 4574 3503 4631 nihil
3528 4587 3638 4644 quo

2065 4686 2356 4734 teneamur
2408 4675 2764 4744 objiciamus,
2805 4679 2971 4744 atque
3023 4671 3089 4726 ad
3135 4670 3381 4726 bravium
3410 4668 3638 4724 acceda-

2067 4783 2208 4829 mus,
2244 4765 2381 4821 nihil
2423 4765 2552 4819 inde
2595 4764 2831 4834 amplius
2861 4761 3249 4834 percipiemus.
3279 4759 3639 4825 Quantumvis

2064 4861 2210 4915 enim
2246 4867 2299 4914 te
2332 4857 2630 4928 perfectum
2655 4872 2779 4912 esse
2805 4853 3034 4912 scientia
3059 4851 3357 4924 putaveris,
3394 4849 3636 4905 nondum

2066 4957 2248 5003 tamen
2284 4955 2454 5003 totum
2509 4952 2798 5002 assecutus
2837 4959 2923 5001 es.
2972 4943 3032 4998 Id
3075 4942 3218 5014 quod
3266 4941 3528 4997 innuebat
3557 4939 3639 4994 di-

2066 5043 2260 5102 cendo,
2297 5049 2354 5093 ut
2387 5037 2863 5108 comprehmdatis.

2138 5153 2302 5208 Vsus.
2333 5153 2422 5208 25.
2464 5171 2482 5203 ι
2515 5150 2704 5206 Omnis
2720 5156 2900 5205 autem
2926 5148 3021 5220 qui
3052 5149 3106 5204 in
3131 5160 3301 5217 agone
3332 5141 3636 5205 contendit,

2065 5245 2134 5298 ab
2167 5244 2424 5298 omnibus
2464 5258 2524 5299 se
2561 5241 2819 5297 abstinet.
2851 5240 2933 5295 Illi
2963 5240 3182 5308 quidem
3208 5246 3267 5292 ut
3300 5232 3636 5305 corruptibi-

2065 5337 2170 5392 lem
2203 5351 2463 5392 coronam
2496 5335 2794 5405 accipiant,
2826 5337 2930 5388 nos
2961 5339 3143 5386 autem
3175 5331 3575 5398 incorruptam.
3609 5344 3628 5377 ι

2141 5448 2282 5514 Quid
2319 5448 2425 5502 hoc
2469 5455 2576 5510 est,
2612 5446 2677 5500 ab
2723 5444 2964 5499 omnibus
2997 5459 3054 5498 se
3104 5440 3373 5496 abstinet?
3407 5435 3526 5491 Non
3571 5437 3639 5490 ab

2070 5543 2163 5597 illo
2197 5541 2420 5614 quidem
2455 5539 2718 5605 abstinet,
2768 5545 2933 5608 atque
2982 5535 3156 5592 altero
3200 5530 3507 5600 delinquit;
3543 5529 3638 5585 secl

2072 5634 2273 5705 gulam,
2309 5631 2657 5698 ebrietatem,
2683 5639 2738 5684 et
2775 5643 2967 5686 omnes
3002 5640 3225 5698 prorsus
3255 5621 3481 5678 allectus
3505 5633 3638 5674 con-
