4038 6284
458 325 575 393 6ιῖ

1637 341 1696 401 S.
1737 341 1773 402 Ι
1776 340 1977 402 OANN
1985 342 2009 400 Ι
2018 340 2058 400 S
2089 341 2521 404 DAMASCENI

3619 335 3726 403 648

473 441 632 498 nobis
665 444 889 512 praemia
911 445 1240 507 obveuient?
1270 449 1430 509 Unde
1455 459 1510 509 et
1535 454 1612 508 ait
1636 472 1650 509 :
1691 454 1873 525 Neque
1900 470 2029 508 mur.

2145 453 2240 508 Διδ
2267 455 2360 509 καί
2382 471 2515 527 φησι
2537 471 2555 486 ⁸
2583 455 2737 526 Μηδέ
2756 452 3280 529 γογγύζωμεν.οὺδὲ
3302 453 3410 528 γὰρ
3430 453 3586 509 τοῦτό
3605 456 3726 508 ἐστι

471 549 756 588 murenam.
793 535 912 594 Non
939 542 1088 598 enim
1123 542 1228 600 hoc
1256 555 1343 603 est
1372 545 1518 617 quod
1551 548 1841 619 quaeritur,
1867 556 1929 603 ut
1948 565 2047 617 pro

468 625 691 680 Christo
722 629 847 704 quis
877 629 1145 711 patiatur.
1179 631 1290 691 Sed
1321 642 1382 692 ut
1414 636 1555 692 nihil
1577 639 1894 710 nonvhilari'
1919 642 2045 696 aui-

469 725 559 767 mo
589 716 832 783 patiatur
853 731 958 788 pro
988 718 1238 779 Christo.

543 820 565 855 e
604 801 660 859 lu
688 820 828 876 quos
849 809 986 865 lines
1016 813 1348 871 saeculorum
1375 816 1746 875 devenerunt.
1788 835 1809 873 ι

538 893 738 955 Terret
788 899 988 958 iterum
1042 919 1168 961 cum
1212 908 1346 978 ﬁnes
1402 908 1562 978 dicit,
1606 918 1664 968 et
1714 911 1783 969 ad
1831 913 2044 987 majora

465 1003 632 1059 quam
671 1007 798 1062 quae
827 992 971 1052 facta
1001 1006 1190 1055 essent
1216 1004 1588 1074 exspectanda
1617 1016 1911 1077 praeparat.

536 1078 706 1138 V‘rns.
731 1083 822 1141 12.
867 1106 888 1141 ι
915 1086 1108 1160 itaque
1136 1093 1232 1163 qui
1256 1109 1320 1151 se
1349 1095 1632 1152 existimat
1660 1106 1832 1166 stare,
1857 1099 2044 1156 videat

467 1187 534 1226 ne
562 1173 745 1232 cadat.
783 1193 805 1230 ι

533 1265 774 1324 Rursum
809 1268 1017 1326 fastum
1050 1275 1370 1345 comprimit
1398 1292 1629 1347 eorum,
1673 1280 1779 1351 qui
1814 1289 2044 1354 propter

465 1358 756 1416 scientiam
826 1361 1028 1422 animis
1092 1365 1558 1426 intumescebant.
1594 1370 1660 1428 Et
1705 1373 1833 1428 dum
1895 1377 1972 1429 ait
2023 1393 2039 1431 :

466 1449 574 1515 Qui
604 1467 658 1505 se
686 1451 960 1511 existimat
1003 1465 1170 1524 atare,
1202 1459 1448 1515 ostendit
1488 1477 1836 1534 nequaquam
1895 1464 2040 1520 idem

461 1555 586 1597 esse
613 1551 764 1601 stare
795 1559 862 1601 ac
892 1544 950 1602 in
987 1556 1168 1604 semet
1192 1549 1495 1611 conlidere.
1521 1551 1673 1610 Talis
1704 1556 1909 1628 quippe
1931 1557 2040 1614 cito

461 1629 643 1687 cadet.

535 1720 701 1781 Vens.
729 1723 821 1794 l3,
852 1724 940 1784 14.
980 1745 1001 1779 ι
1043 1727 1306 1786 Tentatio
1363 1747 1476 1788 non
1513 1748 1616 1791 vos
1672 1738 2038 1807 apprehendit

2147 545 2210 600 τὺ
2235 543 2594 617 ζητούμενον,
2622 547 2686 602 τὸ
2721 547 2958 621 πάσχειν
2985 548 3128 624 ὑπὲρ
3163 549 3406 622 Χριστοῦ
3430 590 3448 617 ,
3481 547 3621 604 ἀλλὰ
3662 546 3727 601 τδ

2137 635 2292 716 ’μετὰ
2319 638 2511 711 ἡδονῆς
2539 638 2721 696 πάντα
2748 642 2986 715 πάσχειν
3017 639 3160 717 ὑπὲρ
3180 641 3446 718 Χριστοῦ.

2222 838 2244 870 ι
2279 820 2374 883 Εἰς
2394 819 2487 883 οὒς
2509 821 2580 876 τὰ
2598 821 2731 895 τέλη
2759 820 3113 878 τῶνάίώνων
3141 824 3512 897 κατήντησαν.
3556 843 3574 875 ι

2217 914 2387 968 Πάλιν
2415 913 2659 985 ἐκφοϐεῖ,
2715 916 2786 970 τὰ
2834 915 2966 990 τέλη
2993 915 3192 985 λέγων,
3235 916 3330 972 καὶ
3357 916 3584 990 μείζονα
3612 916 3726 972 τῶν

2144 1007 2530 1080 γεγενημένων
2557 1008 2657 1078 τὴν
2696 1009 3032 1082 προσδοκίαν
3059 1011 3521 1080 παρασκευάζων.

2221 1117 2240 1151 ι
2272 1099 2439 1154 ’Ὢστε
2465 1103 2494 1155 ὁ
2516 1100 2690 1158 δοκῶν
2728 1102 2974 1169 ἑστάναι,
3004 1098 3251 1175 βλεπέτω
3280 1103 3357 1177 μὴ
3388 1102 3552 1179 πέσῃ.
3591 1122 3613 1156 ι

2216 1278 2387 1334 Πάλιν
2418 1279 2510 1336 τὸν
2554 1282 2726 1353 τύφον
2772 1282 3027 1339 καθεῖλεν
3064 1283 3176 1338 τῶν
3220 1281 3316 1337 επὶ
3350 1283 3549 1354 γνώσει
3579 1282 3723 1355 μέγα

2143 1371 2511 1443 φρονούντωνο
2544 1374 2655 1429 Καὶ
2683 1373 2877 1442 είπὼν,
2913 1374 3116 1432 Δοκῶν
3143 1374 3392 1431 ἑστάναι
3410 1417 3425 1441 ,
3451 1377 3724 1430 δείκνυσιν

2140 1462 2217 1526 ὡς
2256 1464 2403 1518 οὐδὲ.
2428 1464 2655 1520 ἑστάναι
2696 1465 2858 1521 τοῦτο
2881 1466 3002 1522 ἐστὶ
3041 1466 3104 1522 τδ
3133 1466 3358 1540 θαρρεῖν
3405 1467 3489 1535 ἐφ’
3516 1466 3720 1537 ἑαυτῷ.

2142 1552 2368 1624 Ταχέως
2385 1554 2494 1628 γὰρ
2514 1556 2543 1610 ὁ
2559 1555 2805 1624 τοιοῦτος
2831 1558 3104 1614 πεσεῖται.

2216 1772 2236 1806 ι
2272 1754 2588 1828 Πειρασμδς
2629 1757 2776 1828 ὑμᾶς
2809 1751 2914 1814 οὒκ
2950 1756 3196 1830 εἴληφεν,
3236 1758 3285 1812 εί
3323 1756 3401 1828 μὴ
3438 1754 3720 1828 ἀνθρώπι-

460 1813 572 1869 nisi
600 1814 862 1874 humana.
893 1816 1102 1876 Fidelis
1131 1829 1318 1878 autem
1351 1822 1495 1881 Deus
1525 1836 1631 1892 est,
1788 1845 1899 1886 non
1941 1848 2029 1903 pa-

2140 1802 2250 1911 νοέ.
2643 1802 3014 1916 eiciam-osa
3053 1802 3206 1905 ἰάσει
3239 1802 3720 1923 ὖμὲςιπειριασθῆ-

459 1907 628 1962 tietur
661 1922 759 1963 vos
793 1910 996 1966 tentari
1030 1926 1199 1980 supra
1235 1913 1290 1969 id
1328 1915 1474 1985 quod
1511 1919 1776 1987 potestis,
1812 1921 1909 1976 sed
1938 1922 2039 1978 da-

459 1996 540 2052 bit
577 2013 704 2055 cum
729 2001 1038 2061 tentatione
1067 2004 1235 2061 etiam
1254 2008 1490 2072 exitum,
1521 2017 1582 2064 ut
1611 2013 1841 2081 possitis
1862 2017 2036 2073 susti-

457 2103 614 2144 nere.
662 2090 893 2162 Propter
933 2095 1106 2165 quod,
1155 2096 1469 2156 charissimi
1515 2100 1676 2167 mihi,
1740 2103 1916 2178 fugite
1967 2108 2038 2164 ab

459 2180 730 2238 idolorum
759 2185 994 2243 cultura.
1027 2206 1047 2242 ι

528 2271 583 2326 Id
619 2284 724 2339 est,
750 2290 916 2346 parva
945 2284 1001 2334 et
1026 2279 1232 2339 brevis.
1261 2281 1515 2340 Humana
1544 2288 1751 2360 quippe
1775 2291 2031 2360 exiguam

456 2363 753 2433 signiﬁcat,
792 2376 851 2422 ut
876 2383 1004 2424 cum
1036 2372 1113 2427 ait
1140 2391 1154 2428 :
1185 2372 1496 2432 Humanum
1527 2379 1645 2434 dico
1680 2382 1791 2454 96
1820 2395 2034 2454 propter

457 2456 825 2525 inﬁrmitatem
856 2464 1036 2517 carnis
1066 2476 1257 2520 vestra
1286 2466 1357 2523 τ’.
1391 2468 1473 2524 Ne
1507 2485 1642 2543 ergo
1669 2476 2028 2546 superhiatis

456 2556 715 2619 tanquam
743 2553 1058 2623 superiores
1083 2555 1196 2627 jam
1227 2555 1360 2615 facti
1389 2560 1535 2618 sitis.

527 2723 692 2783 Vens.
729 2728 812 2820 l5.
849 2749 869 2784 ι
909 2729 974 2787 Ut
1003 2733 1371 2802 prudentibus
1395 2743 1594 2812 loquor
1622 2759 1639 2798 :
1669 2756 1770 2801 vos
1801 2744 1904 2817 ipsi
1931 2747 2027 2820 ju-

454 2812 636 2871 dicate
662 2818 807 2887 quod
833 2820 981 2876 dico.
1040 2840 1060 2874 ι

523 2909 663 2975 Quia
691 2926 952 2983 magnum
973 2914 1236 2985 quiddam
1260 2919 1514 2988 protulit,
1537 2932 1590 2979 et
1612 2925 1824 2982 crimen
1847 2929 2022 2995 auxit,

451 2999 720 3056 culturam
780 3004 1054 3061 idolorum
1093 3009 1474 3081 nominando;
1515 3030 1584 3070 ne
1634 3019 1894 3088 asperius
1927 3036 2024 3080 eos

2138 1952 2227 1990 ναι
2255 1935 2396 2008 ὑπὲρ
2419 1936 2447 1990 δ
2471 1936 2727 2004 δύνασθε,
2758 1937 2900 1996 eiu
2921 1939 3146 2010 ποιήσει
3176 1937 3279 1993 σῦν
3303 1937 3384 2011 τῷ
3423 1939 3719 2012 πειρασμῷ

2137 2027 2234 2084 καὶ
2278 2028 2378 2100 τὴν
2411 2026 2661 2095 ἔκϐασιν,
2709 2026 2806 2086 τοῦ
2843 2029 3110 2086 δύνασθαι
3161 2030 3313 2101 ὑμᾶς
3371 2032 3714 2099 ὑπενεγκεῖν.

2136 2117 2357 2188 Διόπερ,
2413 2118 2691 2193 ἀγαπητοί
2745 2136 2873 2193 μου,
2907 2118 3144 2190 φεύγετε
3173 2119 3284 2174 ἀπὸ
3303 2119 3402 2191 τῆς
3428 2119 3718 2174 εἰδωλολα-

2133 2207 2344 2280 τρείας.
2383 2227 2404 2262 ι

2207 2302 2490 2368 Τουτέστι,
2520 2303 2717 2376 μικρὸς
2762 2298 2860 2356 καὶ
2905 2301 3115 2373 βραχὺς
3145 2301 3241 2356 καὶ
3274 2300 3608 2373 σύμμετρος.
3639 2301 3714 2355 Τὸ

2133 2392 2264 2464 γὰρ,
2291 2393 2684 2462 ἀνθρώπινος,
2708 2394 2772 2449 τδ
2789 2394 2985 2466 μικρὸν
3007 2394 3285 2466 σημαίνει,
3302 2393 3376 2457 ὡς
3400 2394 3528 2447 ὅταν
3550 2392 3707 2464 λέγῃ⁶

2144 2480 2546 2552 ’Δνθρώπινον
2569 2483 2750 2556 λέγω,
2791 2483 2890 2538 διὰ
2916 2483 3032 2552 τὴν
3057 2483 3380 2541 ἀσθένειαν
3404 2481 3514 2550 τῆς
3562 2499 3710 2550 σαρ-

2132 2575 2242 2642 κὸς
2268 2575 2455 2646 ὑμῶν.
2485 2577 2579 2650 Μὴ
2607 2578 2792 2632 τοίνυν
2825 2576 2971 2650 μέγα
2990 2576 3247 2650 φρονῆτε,
3282 2576 3469 2649 φησιν,
3503 2575 3582 2640 ὡς
3610 2592 3710 2629 πε-

2135 2668 2500 2739 ριγενὸμενοι.

2207 2781 2226 2814 ι
2276 2764 2365 2826 Ὦς
2394 2762 2682 2836 φρονίμοις
2706 2761 2849 2833 λέγω
2867 2776 2881 2793 ·
2919 2761 3147 2833 κρίνατε
3169 2760 3328 2830 ὑμεῖς
3356 2761 3384 2818 ὅ
3407 2776 3569 2833 φημι.
3609 2778 3629 2811 a

2211 2943 2435 3013 Ἐπειδὴ
2488 2943 2629 3016 μέγα
2679 2941 3008 3012 ἐφθέγξατο,
3067 2937 3308 3024 καὶ-τὴν
3364 2938 3706 3011 κατηγορίαν

2128 3035 2384 3110 ηὔξησεν,
2413 3036 2513 3108 τὴν
2536 3035 2976 3106 εἰδωλολατρείαν
2994 3033 3180 3104 είπὼν,
3207 3032 3292 3086 ἴνα
3314 3031 3388 3103 μὴ
3415 3030 3542 3102 δόξῃ
3573 3049 3706 3103 τραο

451 3089 654 3150 habere
681 3095 974 3162 videatur,
1033 3108 1091 3152 et
1131 3100 1397 3170 gravibus
1446 3108 1797 3166 sermonibus
1836 3109 2022 3169 inces-

451 3199 576 3215 .--Α
654 3186 923 3215 ἓ...-12Αἶ..ω
986 3189 1245 3215 ΔΑΕ-----
1299 3193 1377 3215 -2-
1415 3199 1681 3215 _-,,,,o--o.
1760 3202 1776 3215 ο

2134 3089 2308 3200 ξύῦειν
2334 3089 2555 3192 αύτοῦς,
2582 3089 2676 3181 καὶ
2697 3089 2956 3199 φορτδικδν
2980 3089 3282 3180 ποιεῖν’τὸν
3309 3089 3489 3192 λόγον,
3515 3089 3705 3186 αὐτοῖς

451 3199 595 3252 sere,
649 3186 924 3256 judicium
984 3189 1246 3263 deinceps
1293 3193 1378 3251 eis
1415 3199 1710 3267 permittit,
1760 3202 2023 3278 ipsosque

2134 3186 2317 3274 λοιπὸν
2360 3186 2575 3284 καθίέει
2612 3186 2720 3291 τὴν.
2749 3186 2954 3289 κρίσιν,
2998 3215 3094 3271 καὶ
3122 3214 3242 3285 μετ’
3278 3186 3556 3285 ιγκωμίου
3604 3233 3707 3268 κα-

450 3292 562 3334 uon
594 3281 715 3337 sine
739 3281 900 3338 laude
920 3282 1142 3355 judices
1174 3286 1391 3354 statuit,
1418 3289 1612 3350 dicens
1644 3310 1661 3351 :
1709 3292 1779 3350 Ut
1802 3299 2026 3366 pruden-

449 3373 588 3427 tibus
616 3373 823 3444 ioquor.

519 3463 688 3522 Vens.
735 3465 824 3523 l6.
883 3485 904 3520 ι
943 3466 1103 3526 Calix
1163 3470 1598 3543 benedictionis,
1657 3480 1748 3536 cui
1798 3481 2023 3542 benedi-

447 3561 652 3618 cimus.
698 3579 720 3613 ε

517 3647 752 3719 Quando
783 3652 1199 3712 benedictionem
1245 3657 1406 3728 dicit,
1456 3661 1867 3721 Eneharistiam
1922 3684 2020 3725 seu

410 3788 411 3791 η
447 3740 756 3811 gratiarum
780 3745 1052 3800 actionem
1080 3745 1279 3802 innuit.
1298 3746 1615 3808 Gratiarum
1650 3764 1831 3812 autem
1856 3760 2025 3815 actio-

447 3848 572 3887 nem
619 3832 877 3903 dicendo,
931 3851 1149 3892 omnem
1188 3841 1434 3910 explicat
1485 3845 1869 3905 beneﬁcentiae
1923 3852 2015 3908 Dei

448 3924 797 3996 thesaurum,
837 3927 1107 3998 nobisque
1137 3933 1461 3988 memoriam
1499 3937 1760 4007 perfricat
1793 3957 2023 4015 magno-

448 4031 572 4072 rum
599 4017 909 4089 donorum;
933 4037 999 4078 eo
1020 4020 1166 4093 quod
1196 4038 1323 4078 cum
1347 4041 1499 4098 spem
1527 4043 1634 4089 non
1664 4031 2016 4100 haberemus,

449 4117 506 4166 et
536 4110 656 4166 sine
699 4110 808 4166 Deo
846 4127 1099 4169 essemus
1129 4115 1188 4171 in
1218 4116 1444 4185 mundo,
1480 4135 1580 4176 nos
1617 4120 1820 4180 fratres
1859 4141 2016 4193 suos,

449 4210 505 4256 et
532 4202 848 4260 coheredes
884 4203 1035 4260 fecit.

520 4331 540 4367 ι
585 4312 778 4372 Nonne
828 4318 1147 4374 communio
1205 4321 1490 4393 sanguinis
1543 4323 1748 4381 Christi
1811 4330 1941 4385 est?
1983 4349 2001 4382 ι

514 4404 630 4462 Hoc
673 4407 818 4480 quod
869 4409 926 4464 in
979 4410 1086 4466 isto
1140 4411 1316 4468 calice
1365 4421 1475 4479 est,
1532 4415 1734 4488 inquit,
1791 4423 2015 4493 sanguis

447 4499 568 4573 ipse
599 4509 686 4557 est
713 4502 810 4572 qui
843 4517 874 4558 e
901 4502 1070 4560 latere
1098 4503 1278 4572 ﬂuxit,
1313 4507 1575 4580 illiusque
1606 4525 1800 4568 sumus
1839 4516 2010 4584 parti-
2044 4517 2092 4576 D

449 4610 626 4667 ctpcs.

522 4723 542 4759 ι
572 4705 739 4762 Panis
764 4722 926 4777 quem
961 4706 1288 4780 frangimus,
1320 4727 1507 4767 nonne
1537 4716 1854 4771 communio
1884 4732 2010 4773 cor-

445 4796 595 4868 poris
618 4795 834 4852 Domini
869 4802 990 4854 est?
1015 4817 1034 4852 ι

512 4889 688 4947 Eccur
710 4906 818 4946 non
842 4890 980 4946 dixit
1008 4893 1527 4965 participationem?
1556 4897 1824 4954 Nimirum
1854 4902 2014 4970 quid-

443 4984 588 5053 piam
641 4983 851 5055 aliquid
911 4984 1085 5039 voluit
1142 5000 1694 5058 represenlareret
1754 4993 2002 5051 intimam

443 5075 894 5145 conjunCtionem
931 5077 1263 5148 significare.
1311 5081 1427 5137 Non
1468 5084 1650 5139 solum
1690 5087 1834 5140 enim
1882 5102 2012 5158 par-

445 5169 744 5237 ticipando,
797 5180 852 5225 et
905 5184 1032 5224 cum
1091 5171 1214 5227 aliis
1273 5173 1635 5244 accipiendo,
1684 5177 1780 5233 sed
1839 5178 2003 5233 etiam

445 5260 649 5315 unione
683 5262 1163 5318 communicamus
1216 5265 1475 5322 invicem.

511 5351 984 5421 Quemadmodum
1016 5369 1218 5427 corpus
1255 5373 1379 5412 cum
1414 5358 1600 5415 Verbo
1634 5362 1849 5416 unitum
1902 5370 2011 5432 est,

447 5446 517 5498 ita
552 5453 607 5498 et
641 5459 740 5499 nos
767 5460 862 5515 per
884 5446 1030 5501 hunc
1053 5461 1244 5517 panem
1276 5464 1400 5504 cum
1431 5451 1620 5506 eodem
1650 5453 1703 5508 in
1738 5455 2006 5509 unitatem

447 5551 718 5591 γεςηιηιιιε.

510 5650 552 5683 ⁷⁷
587 5649 740 5704 Rom.
768 5663 844 5714 vt,
881 5649 969 5705 l8.

2130 3311 2269 3377 θίζει
2299 3312 2426 3376 τοὺς
2470 3309 2811 3378 δικάζοντας,
2836 3308 3051 3378 λέγων’
3100 3306 3192 3376 Ὧς
3221 3307 3534 3378 φρονίμοις
3562 3305 3707 3376 ὑμῖν

2125 3403 2337 3551 λέῖωἸζδ
2366 3498 2626 3570 ποτήριον
2659 3496 2758 3568 τῆς
2785 3493 3056 3564 εὐλογίας,
3089 3488 3151 3548 οὗ
3179 3492 3534 3564 εὐλογοῦμεν.
3569 3509 3589 3544 ι

2188 3695 2495 3766 Εὑλοτίαν
2536 3693 2663 3749 ὅταν
2693 3695 2845 3766 εἴπῃ,
2881 3692 2983 3763 τὴν
3005 3690 3361 3763 εὐχαριστίαν
3395 3687 3564 3759 λέγει.
3595 3689 3703 3743 Εὑ-

2121 3787 2409 3860 χαριστίαν
2443 3787 2500 3842 δὲ
2525 3785 2720 3855 λέγων,
2747 3788 2926 3840 πάντα
2951 3781 3289 3839 ἀναπτύσσει
3309 3781 3400 3836 τὸν
3430 3783 3528 3852 τῆς
3550 3781 3703 3852 εὐερο

2122 3881 2313 3951 γεσίας
2334 3879 2430 3933 τοῦ
2455 3879 2592 3932 Θεοῦ
2623 3876 2922 3950 θησαυρὸν,
2957 3877 3054 3932 καί¹
3079 3873 3192 3930 τῶν
3222 3871 3481 3950 μεγάλων
3506 3874 3701 3944 ἀναμι-

2125 3975 2360 4046 μνήσκει
2391 3970 2630 4044 δωρεῶν,
2661 3971 2744 4024 ὅτι
2772 3969 2963 4024 ἐλπίδα
2998 3967 3076 4042 μὴ
3102 3965 3349 4041 ἔχοντας,
3383 3965 3482 4021 καὶ
3503 3965 3700 4030 ἀθέους

2120 4066 2281 4130 ὄντας
2312 4065 2369 4119 ὲν
2412 4065 2489 4136 τῷ
2537 4063 2750 4137 κόσμῳ,
2792 4062 3055 4135 ἀδελφοὺς
3088 4057 3257 4118 αὑτοῦ
3291 4053 3699 4114 κατεσκεύασεν

2122 4159 2217 4213 καὶ
2249 4157 2749 4230 συγκληρονόμους.

2199 4385 2216 4418 ι
2254 4364 2387 4437 Οὐχὶ
2408 4364 2662 4418 κοινωνία
2682 4361 2779 4416 τοῦ
2802 4362 3034 4433 αίματος
3065 4360 3160 4416 τοῦ
3191 4357 3431 4431 Χριστοῦ
3455 4358 3637 4426 ἒστιν;
3669 4374 3692 4411 ι

2189 4457 2263 4509 Τὸ
2286 4457 2343 4509 ὲν
2375 4454 2457 4524 τῷ
2505 4452 2772 4526 ποτηρίῳ,
2809 4453 3001 4525 φησὶν,
3061 4450 3239 4506 δκεῖνό
3278 4450 3446 4516 ἔστιν,
3495 4449 3557 4504 τὺ
3585 4449 3699 4505 ἀπὸ

2118 4549 2215 4620 τῆς
2248 4548 2488 4619 πλευρᾶς
2523 4545 2747 4618 ρεῦσαν,
2783 4545 2876 4599 καὶ
2912 4543 3123 4599 ἐκείνου
3157 4541 3479 4616 μετέχομεν.

2196 4763 2213 4794 ι
2251 4742 2354 4794 Τὸν
2381 4742 2543 4812 ἄρτον
2571 4741 2631 4794 ὃν
2652 4738 2874 4812 κλῶμεν
2895 4781 2908 4804 ,
2951 4736 3076 4809 οὐχὶ
3104 4734 3361 4793 κοινωνία
3385 4733 3480 4790 τοῦ
3509 4735 3697 4807 σῶμα·-

2117 4848 2205 4896 τος
2233 4832 2328 4885 τοῦ
2362 4831 2599 4903 Χριστοῦ
2635 4831 2815 4897 ἑστινς
2861 4849 2878 4883 ι

2186 4925 2297 4978 Καὶ
2321 4924 2409 4977 διὰ
2437 4924 2601 4976 τίούκ
2624 4918 2763 4990 εἷπε,
2795 4924 3029 4992 μετοχὴν
3051 4938 3065 4986 ;
3091 4922 3216 4975 Ὀτι
3236 4919 3416 4973 πλεῖόν
3437 4935 3490 4971 τι
3515 4918 3686 4989 ἐμφα-

2115 5017 2258 5069 νίσαι
2303 5013 2620 5084 ἠϐουλήθη,
2649 5014 2744 5067 καὶ
2795 5013 2996 5082 πολλὴν
3045 5008 3380 5075 ἐνδείξασθαι
3425 5009 3524 5079 τὴν
3561 5024 3690 5060 συν-

2118 5107 2335 5176 άφειαν.
2371 5107 2444 5158 Ού
2478 5105 2586 5174 γὰρ
2613 5104 2692 5175 τῷ
2722 5102 2968 5172 μετέχειν
2997 5100 3158 5172 μόνον
3211 5099 3304 5153 καὶ
3337 5095 3692 5168 μεταλαμϐά·

2117 5218 2251 5265 νειν,
2282 5198 2420 5254 ἀλλὰ
2447 5199 2542 5252 καὶ
2572 5197 2648 5267 τῷ
2673 5194 2925 5250 ἐνοῦσθαι
2959 5192 3348 5262 κοινωνοῦμεν.

2187 5359 2456 5430 Καθάπερ
2500 5359 2561 5411 τὸ
2608 5356 2768 5429 σῶμα
2794 5357 2999 5426 ἥνωται
3029 5353 3106 5424 τῷ
3142 5345 3302 5421 Λύγῳ
3342 5353 3388 5417 ⁸,
3418 5349 3562 5404 οὕτω
3593 5351 3689 5405 καὶ

2115 5455 2278 5524 ἡμεῖς
2307 5452 2456 5524 αὐτῷ
2484 5453 2573 5506 διὰ
2598 5451 2691 5505 τοῦ
2722 5451 2890 5522 ἄρτου
2927 5448 3118 5503 τούτου
3149 5445 3436 5517 ένούμεθα.

1723 5720 1952 5777 VARIJE
1999 5719 2400 5778 LECTIONES.

522 5825 547 5865 ε
573 5814 721 5885 Apud
758 5814 1033 5886 Chrysost.
1074 5814 1209 5869 male
1243 5811 1320 5883 τῷ
1359 5813 1596 5885 Χριστῷ.
