4038 6284
297 363 390 430 681

1445 370 1528 440 IN
1552 373 1790 442 EPIST.
1830 371 1927 442 AD
1959 377 2320 447 CORINTH.
2347 385 2395 449 Ι.

3438 386 3552 458 682

293 472 560 530 ἀκούουσι.
608 474 793 533 Ταῦτα
835 477 892 532 δὲ
941 477 1090 548 λέγει
1120 479 1358 547 δεικνὺς,
1403 484 1485 538 ὅτι
1526 486 1588 541 τὸ
1631 488 1856 542 ἐκείνων

1982 491 2588 562 inrcipientaulitores.
2627 490 2702 551 ita
2749 512 2919 569 porro
2972 502 3242 574 loquitur,
3279 514 3336 559 ut
3364 521 3548 566 osten-

295 566 562 639 συμφέρον
591 569 766 640 ζητεῖ,
803 570 865 625 οὐ
897 570 1035 645 πρὸς
1078 573 1204 640 τοὺς
1233 574 1480 648 χάρισμα
1510 576 1732 649 ἔχοντας
1775 581 1872 634 ἀπ’

295 654 462 728 εχθῶς
482 657 616 730 ἔχει.

363 770 383 804 ι
432 750 561 806 Ἐάν
588 752 664 824 μὴ
717 753 845 826 ύμῖν
887 753 1141 829 λαλήσω,
1174 759 1206 831 ἢ
1239 760 1297 814 ὲν
1343 761 1712 833 ἀποκαλύψει,
1745 764 1777 836 ἥ
1814 765 1870 816 ἐν

292 842 511 914 γνώσει,
541 845 575 917 ἢ
603 847 662 900 ἐν
691 848 1022 923 προφητείᾳ,
1051 851 1083 924 ἢ
1113 853 1171 904 ὲν
1198 853 1416 926 διδαχῇ.
1461 873 1480 906 ι

370 937 497 994 Ἐὰν
527 937 603 1011 μὴ
637 940 792 1005 εἴπω,
822 943 976 1014 φησὶ,
998 944 1058 998 τὸ
1102 946 1406 1018 δυνάμενον
1434 948 1564 1020 ὑμῖν
1602 949 1870 1023 εὔληπτον

291 1027 564 1098 γενᾶσθαι,
593 1030 711 1083 ἀλλ’
740 1033 998 1102 ἐπιδείξω
1031 1036 1192 1106 μόνον
1223 1039 1304 1092 ὅτι
1334 1038 1592 1112 γλώσσης
1630 1041 1740 1112 ἔχω
1766 1043 1866 1114 χά-

293 1142 482 1198 ρισμα,
515 1126 667 1182 οὐδὲν
700 1129 767 1184 ἃν
799 1131 1160 1203 κερδήσαντες
1189 1133 1578 1194 ἀπελεύσεσθε.
1605 1137 1730 1202 Πῶς
1759 1137 1867 1210 γάρ

290 1218 396 1276 ἀπὺ
423 1222 608 1294 φωνῆς
631 1215 701 1296 ἦς
737 1225 798 1277 οὐ
835 1228 1065 1279 συνιεῖτε
1091 1244 1106 1293 ;

365 1447 384 1479 ⁴
430 1427 619 1498 ηομως
671 1427 738 1482 τὰ
788 1428 971 1500 ἀψυχα
1016 1431 1200 1504 φωνὴν
1241 1429 1489 1501 διδόντα,
1523 1429 1631 1489 εἴτε
1667 1431 1864 1503 αὐλὸς,

290 1520 398 1574 εἴτε
427 1518 646 1591 κιθάρα,
673 1519 768 1574 ἐὰν
817 1521 1100 1594 διαστολὴν
1145 1527 1258 1588 τοῖς
1287 1526 1546 1596 φθόγγοις
1590 1528 1666 1602 μὴ
1714 1529 1864 1602 διδῷ,

291 1611 405 1676 πῶς
455 1614 828 1685 γνωσθήσεται
862 1615 924 1669 τὸ
958 1615 1314 1688 αὐλούμενον,
1342 1620 1377 1692 ἢ
1415 1622 1477 1674 τδ
1519 1621 1865 1695 κιθαριζόμε-

288 1719 414 1766 vos;
448 1704 560 1759 Καὶ
610 1708 719 1777 γάρ
753 1708 849 1761 ἐὰν
890 1708 1085 1780 ἄδηλον
1139 1713 1322 1783 φωνὴν
1376 1715 1619 1785 σάλπιγξ
1664 1715 1759 1788 δῷ,
1783 1716 1865 1780 τίς

291 1798 772 1867 παρασκευάσεται
804 1800 882 1865 είς
923 1801 1202 1872 πόλεμον;
1237 1803 1425 1871 οὕτως
1447 1807 1543 1861 καὶ
1591 1807 1748 1878 ὑμεῖς
1776 1807 1865 1860 διὰ

287 1885 386 1957 τῆς
421 1887 690 1963 γλώσσης.
716 1909 736 1944 ι

357 1983 424 2036 Τί
449 1982 615 2053 λέγω,
634 1986 820 2058 φησὶν,
851 1985 934 2042 ὅτι
962 1987 1047 2059 ἐφ’
1079 1988 1236 2060 ὑμῶν
1269 1992 1332 2044 τδ
1363 1994 1599 2064 πρᾶγμα
1637 1991 1868 2063 ἀκερδές

287 2077 440 2143 seu;
464 2077 563 2132 καὶ
588 2079 680 2132 ἐπὶ
704 2079 813 2133 τῶν
845 2079 1069 2152 ἀψύχων
1098 2081 1258 2138 τοῦτο
1282 2085 1421 2140 ,είδοι
1441 2102 1526 2142 τις
1548 2085 1635 2150 ἂν,
1654 2085 1751 2138 καὶ
1777 2085 1869 2140 ἐπὶ

286 2169 679 2242 τῆςικιθάρας,
713 2173 812 2226 καὶ
839 2173 934 2228 ἐπὶ
967 2173 1292 2246 σάλπιγγος.

361 2281 382 2316 ι
433 2262 560 2316 Ἐάν
587 2267 664 2336 μὴ
702 2263 944 2339 εὔσημον
970 2266 1131 2340 λόγον
1164 2268 1323 2338 δῶτε,
1358 2269 1475 2334 πῶς
1496 2269 1870 2342 γνωσθήσεται

287 2355 349 2409 τὸ
384 2355 737 2428 λαλούμενον.
767 2376 788 2410 ι

369 2447 520 2502 ’Λντὶ
550 2448 665 2515 τοῦ,
691 2450 816 2506 Ἐάν
850 2453 924 2525 μὴ
960 2453 1376 2528 διερμηνεύητε.

364 2559 384 2592 ι
425 2541 659 2595 Ἐσεσθε
686 2543 794 2617 γάρ
818 2546 898 2609 είς
919 2547 1062 2619 ἀέρα
1086 2547 1396 2614 λαλοῦντες.
1436 2569 1459 2602 ε

358 2634 685 2704 Τουτὲστιν,
717 2636 895 2692 οὐδενὶ
949 2641 1318 2713 φθεγγόμενοι
1341 2683 1357 2708 ,
1388 2644 1525 2716 πρὸς
1554 2645 1744 2699 οὐδένα
1776 2646 1875 2699 λα-

287 2722 536 2790 λοῦντες.

365 2860 387 2894 ι
420 2840 678 2898 Τοσαῦτα
726 2844 776 2897 εί
804 2843 957 2916 τύχοι
1000 2847 1137 2917 γένη
1164 2847 1358 2916 φωνῶν
1398 2850 1534 2905 είσιν
1572 2854 1632 2908 ἐν
1656 2852 1873 2928 κόσμῳ,

292 2935 390 2987 καὶ
410 2934 570 2989 οὐδὲν
618 2935 854 3006 ἄφωνον.
908 2938 1033 2993 Ἐὰν
1072 2936 1167 2994 οῦν
1200 2942 1278 3014 μὴ
1334 2943 1461 2999 εἴδω
1501 2944 1600 3016 τὴν
1642 2945 1875 3020 δύναμιν

288 3024 394 3097 τῆς
412 3028 623 3101 φωνῆς,
649 3028 842 3102 ἔσομαι
872 3032 952 3105 τῷ
973 3030 1224 3089 λαλοῦντι
1253 3035 1552 3108 βάρϐαρος,
1586 3040 1679 3094 καὶ
1719 3040 1748 3095 δ
1776 3041 1874 3095 λα-

287 3118 400 3176 λῶν
431 3123 560 3193 titul.
595 3120 902 3199 βάρδαρος’
936 3126 1112 3193 οὕτως
1133 3129 1229 3182 καὶ
1259 3129 1466 3201 ὑμεῖς.»
1815 3127 1821 3138 ”’

360 3300 634 3356 Τουτέστι
659 3341 677 3368 ,
716 3296 978 3360 τοσαῦται
1031 3304 1310 3376 γλῶσσαι,
1346 3307 1604 3364 τοσαῦται
1668 3310 1873 3380 φωναὶ,

291 3394 558 3461 Σκυθῶν,
593 3396 852 3471 Θρᾳκῶν,
910 3399 1238 3474 Ῥωμαίων,
1291 3404 1556 3476 Περσῶν,
1608 3405 1876 3478 Μαύρων,

303 3486 513 3553 Ἰνδῶν,
543 3487 882 3560 Αἰγυπτίων,
903 3491 988 3547 ἑτέ
998 3510 1107 3566 ρων
1131 3495 1341 3569 μυρίων
1367 3494 1559 3551 ἐθνῶν.

366 3597 391 3632 ε
444 3579 604 3634 Ἐπεὶ
641 3580 884 3651 ζηλωταί
917 3584 1041 3638 ἐστε
1071 3587 1400 3658 πνευμάτων
1433 3589 1516 3653 είς
1541 3586 1640 3659 τὴν
1671 3585 1875 3642 οἰκοδο·

294 3671 407 3744 μὴν
470 3673 574 3744 τῆς
635 3674 1004 3745 Ἐκκλησίας,
1058 3677 1272 3750 ζητεῖτε
1333 3679 1421 3733 ἵνα
1487 3680 1874 3752 περισσεύητε.

291 3765 391 3820 Διὸ
429 3767 462 3819 ὀ
504 3764 684 3821 λαλῶν
734 3765 955 3841 γλώσσῃ
982 3809 999 3836 ,
1033 3769 1422 3843 προσευχέσθω
1451 3811 1467 3837 ,
1504 3774 1591 3826 ἵνα
1646 3774 1873 3845 διερμη-

291 3875 454 3934 νευη.
489 3879 507 3913 ι

368 3951 436 4006 Et
477 3951 676 4026 ζηλοῦν
726 3955 845 4020 δεῖ,
879 3954 949 4008 τὰ
985 3956 1300 4027 χαρίσματα
1345 3954 1520 4010 ταῦτα
1554 3955 1777 4028 ζηλοῦτε
1799 3996 1816 4022 ,
1844 3955 1880 4009 ἃ

293 4046 396 4118 τὴν
422 4045 752 4118 Ἐκκλησίαν
785 4049 1075 4120 οίκοδομεϊ.
1107 4048 1199 4102 Διδ
1234 4049 1430 4120 ἐπάγει
1470 4049 1665 4118 λέγων,
1688 4050 1883 4116 Προσ-

292 4139 594 4208 ευχέσθω,
626 4141 729 4194 ἶνα
759 4140 1144 4212 διερμηνεύῃ.

375 4267 396 4299 σ
463 4251 591 4307 Ἐὰν
631 4251 740 4327 γάρ
792 4250 1041 4325 εῦχωμαι
1088 4252 1350 4327 γλώσσῃ,
1386 4253 1450 4310 τὸ
1492 4251 1719 4325 Πνεῦμά
1779 4267 1882 4325 μου

296 4343 714 4418 προσεύχεται,
738 4347 766 4400 δ
794 4345 853 4402 δὲ
906 4346 1029 4413 νοῦς
1081 4364 1186 4415 μου
1226 4345 1475 4420 ἄκαρπός
1519 4349 1656 4403 ἑστι.
1694 4346 1760 4400 Τί
1788 4341 1882 4402 οῦν

295 4437 459 4503 ent;
493 4458 513 4492 ι

371 4530 662 4597 Τουτέστι,
693 4531 755 4587 τὸ
785 4525 1031 4606 χάρισμα
1056 4533 1118 4587 τὸ
1145 4531 1296 4587 δοθέν
1331 4548 1444 4605 μοι,
1467 4533 1562 4588 καὶ
1584 4533 1767 4589 κινοῦν
1785 4535 1884 4606 τὴν
1915 4573 1960 4629 D

295 4623 584 4693 γλῶσσαν.

371 4735 394 4770 ε
431 4719 812 4790 Προσεύξομαι
841 4719 1133 4792 πνεύματι,
1155 4720 1524 4792 προσεύξομαι
1547 4723 1642 4776 καὶ
1664 4719 1742 4794 τῷ
1766 4721 1847 4775 νοῖ
1865 4736 1880 4754 ο

293 4804 464 4877 ψαλῶ
497 4806 575 4878 τῷ
595 4807 892 4880 πνεύματι,
914 4808 1070 4879 ψαλῶ
1103 4811 1200 4866 καὶ
1230 4811 1310 4883 τῷ
1339 4813 1442 4866 νοῒ.
1488 4810 1642 4866 Ἐπεὶ
1669 4811 1766 4866 ἐὰν
1792 4811 1882 4864 εύο

296 4899 476 4972 Μγῇς
504 4900 801 4974 πνεύματι,
835 4905 864 4958 ὁ
916 4901 1246 4976 ἀναπληρῶν
1283 4903 1373 4958 τὸν
1403 4904 1568 4959 τόπον
1599 4900 1696 4959 τοῦ
1741 4901 1896 4958 lauit:

295 5009 421 5060 του,
456 4993 574 5060 πῶς
602 4997 718 5068 ἐρεῖ
739 4997 801 5050 τὸ
835 4995 1044 5067 Ἀμὴν,
1061 4998 1154 5051 ἐπὶ
1179 4997 1247 5068 τῇ
1270 4998 1333 5069 σῇ
1353 4995 1673 5068 εὐχαριστίᾳ
1697 4999 1883 5063 ;ὶπειο

297 5085 366 5157 δὴ
395 5086 452 5139 τί
485 5086 666 5156 λέγεις
696 5088 797 5142 οῦκ
818 5084 980 5143 οἶδεν.
1021 5107 1040 5142 ι

376 5177 596 5251 Ὠσπερ
642 5180 787 5244 τινος
821 5179 1096 5250 λέγοντος,
1115 5179 1180 5234 Τί
1204 5175 1300 5236 οῦν
1328 5181 1443 5235 εστι
1468 5181 1530 5235 τὸ
1555 5179 1882 5246 διδακτικδν,

303 5272 404 5326 καὶ
425 5270 754 5344 ὡφέλιμονς
787 5273 898 5327 Καὶ
947 5273 1068 5338 πῶς
1121 5273 1231 5347 χρὴ
1284 5273 1648 5343 “numiui
1676 5274 1730 5328 τί
1776 5274 1884 5346 χρὴ

301 5367 486 5420 αἰτεῖν
516 5367 664 5442 παρὰ
703 5365 802 5422 τοῦ
833 5366 1002 5435 Θεοῦς
1049 5367 1428 5441 ’Δποκρίνεται
1459 5367 1634 5437 λέγων
1661 5366 1744 5433 τὸ,
1783 5369 1882 5421 καὶ

301 5457 388 5526 τῷ
410 5459 731 5532 πνεύματι,
756 5461 1004 5517 τουτέστι
1033 5458 1115 5534 τῷ
1132 5459 1434 5534 χαρίσματι
1463 5461 1556 5515 καὶ
1588 5463 1654 5531 τῇ
1677 5459 1886 5528 διανοίᾳ

303 5549 737 5624 προσεύχεσθαι,
765 5552 853 5608 ἴνα
905 5554 1003 5608 καὶ
1027 5553 1063 5625 η
1107 5551 1327 5622 γλῶσσα
1372 5551 1698 5623 φθέγγηται,
1729 5551 1824 5606 καὶ
1859 5552 1887 5603 6

305 5645 434 5710 νοῦς
492 5647 567 5718 μὴ
612 5647 780 5720 ἀγνοῇ
810 5647 878 5703 τά
901 5647 1190 5719 λεγόμενα.
1213 5648 1324 5703 Καὶ
1359 5649 1469 5720 γάρ
1500 5645 1596 5700 ἐὰν
1626 5648 1700 5719 μὴ
1730 5644 1890 5700 τοῦτο

303 5737 366 5814 ᾖ,
393 5740 499 5794 καὶ
522 5739 680 5813 ἑτέρα
711 5743 972 5813 σύγχυσις
995 5740 1226 5814 γίνεται.
1257 5741 1334 5795 Ού
1370 5741 1479 5812 γὰρ
1499 5734 1642 5794 οἶδεν
1667 5741 1887 5809 ὑποψω-

307 5835 425 5890 νεῖν
466 5831 703 5910 δλαῖκδς
727 5834 789 5888 τὸ
838 5835 1046 5903 Ἀμήν·
1084 5835 1183 5887 οὐκ
1213 5830 1321 5888 οἶδε
1346 5833 1456 5904 γὰρ
1488 5832 1541 5886 τί
1582 5831 1780 5902 λέγεις.

642 5950 907 6013 Parum.
955 5952 1068 6013 Gtt.
1116 5953 1286 6018 XCV.

1973 581 2067 635 dat
2112 597 2302 639 eorum
2355 601 2413 642 se
2445 587 2667 642 utilitati
2702 589 2957 657 studere,
2986 608 3094 650 non
3125 604 3307 652 autem
3334 598 3552 658 infenso

1972 673 2155 729 animo
2185 690 2309 733 esse
2337 692 2463 750 erga
2491 679 2614 736 illos
2647 681 2738 752 qui
2761 683 2966 739 donum
2999 684 3142 741 istud
3175 688 3399 746 habent.

2045 785 2063 816 ‹
2097 765 2213 822 Nisi
2272 771 2427 827 vobis
2463 771 2689 844 loquar,
2732 784 2827 829 aut
2877 775 2932 832 in
2983 781 3335 847 revelatione,
3369 795 3463 840 aut
3497 786 3552 842 in

1970 858 2218 922 scientia,
2251 863 2417 917 autin
2452 865 2759 936 prophetia,
2803 875 2897 923 aut
2937 870 2991 924 in
3037 870 3310 928 doctrina.
3349 893 3368 926 ι

2036 946 2151 1003 Nisi
2183 949 2236 1005 id
2277 951 2489 1020 dixero,
2522 954 2741 1028 inquit,
2769 956 2918 1028 quod
2948 959 3107 1017 facile
3139 977 3169 1017 a
3223 964 3380 1021 vobis
3429 964 3552 1039 capi

1969 1042 2165 1110 possit,
2201 1042 2296 1098 sed
2351 1057 2735 1103 monstrarero
2769 1051 3035 1109 duntaxat
3097 1053 3409 1126 linguarum
3463 1075 3552 1115 me

1967 1147 2088 1188 esse
2135 1144 2392 1192 ornatum
2449 1139 2619 1208 dono,
2655 1143 2791 1198 nihil
2858 1145 2984 1202 inde
3035 1147 3172 1204 lucri
3220 1150 3548 1210 retuleritis.

1967 1222 2200 1288 Quinam
2232 1227 2376 1282 cnim
2429 1227 2578 1284 istud
2627 1247 2694 1287 ex
2749 1248 2884 1291 voce
2917 1251 3083 1306 quam
3133 1253 3244 1295 non
3281 1238 3554 1314 intelliga-

1969 1317 2039 1371 tis
2069 1319 2091 1372 1’

2038 1424 2202 1482 Vens.
2238 1423 2354 1486 7-9.
2389 1449 2406 1483 ι
2443 1425 2644 1489 Tamen
2675 1451 2796 1507 qua:
2818 1436 2937 1494 sine
2970 1439 3149 1494 anima
3179 1453 3328 1509 sunt,
3363 1459 3547 1502 vocem

1967 1511 2175 1583 dautia,
2210 1516 2326 1573 sive
2372 1519 2529 1588 tibia,
2561 1522 2676 1580 sive
2720 1525 2955 1591 cithara,
2985 1528 3091 1585 nisi
3134 1530 3550 1592 distinctionem

1968 1605 2248 1663 sonituum
2287 1612 2562 1682 dederint,
2590 1619 2868 1688 quomodo
2898 1622 3105 1679 scietur
3131 1625 3182 1680 id
3210 1627 3356 1698 quod
3389 1631 3549 1684 cani-

1967 1707 2075 1764 tur,
2113 1710 2207 1756 aut
2262 1706 2409 1774 quod
2469 1707 2833 1766 citliarizatur
2861 1711 2888 1768 τ
2919 1713 3133 1770 Etenim
3169 1716 3214 1772 si
3278 1719 3550 1776 incertam

1967 1806 2156 1849 vocem
2188 1795 2278 1852 det
2303 1798 2458 1861 tuba,
2486 1803 2611 1872 quis
2644 1806 2973 1876 praeparabit
3021 1822 3078 1864 se
3109 1806 3176 1863 ad
3202 1808 3403 1867 bellum
3430 1810 3550 1867 ?lta

1905 1868 1947 1923 Β
1975 1893 2031 1939 et
2067 1902 2166 1943 vos
2197 1904 2292 1960 per
2336 1868 2604 1964 linguam.
2644 1868 2664 1948 ὲ

2043 1978 2184 2046 Quid
2213 1981 2322 2051 aio,
2356 1983 2570 2056 inquit,
2600 1987 2658 2043 in
2693 1986 2850 2046 vobis
2884 2005 3001 2047 rem
3049 1992 3168 2053 sine
3203 1993 3356 2052 lucro
3379 2011 3503 2054 esse
3532 2005 3551 2064 :

1972 2072 2193 2145 quando
2224 2076 2413 2133 nullus
2449 2077 2504 2134 id
2543 2093 2655 2136 non
2687 2082 2744 2138 in
2781 2079 3041 2140 inanimis
3085 2087 3392 2158 agnoverit,
3420 2095 3551 2161 puta

1974 2168 2028 2221 in
2065 2166 2279 2223 cithara
2308 2178 2362 2226 et
2386 2168 2446 2227 in
2470 2171 2600 2228 tuba
2627 2173 2652 2227 ξ

2047 2278 2068 2312 ι
2102 2257 2218 2316 Nisi
2239 2261 2592 2321 manifestum
2623 2279 2929 2324 sermonem
2965 2264 3242 2336 dederitis,
3275 2273 3552 2344 quomodo

1974 2352 2181 2407 scietur
2211 2353 2265 2409 id
2305 2356 2452 2426 quod
2491 2357 2746 2414 dicitur!
2788 2378 2808 2412 ι

2043 2444 2157 2500 Hoc
2182 2456 2295 2512 cst,
2323 2447 2431 2504 nisi
2462 2449 2925 2523 interpretemini.

2052 2557 2073 2590 ι
2120 2536 2289 2596 Eritis
2310 2541 2457 2597 enim
2483 2542 2537 2600 in
2569 2557 2697 2601 aere
2719 2545 3026 2617 loquentes.
3054 2567 3072 2601 ι

2049 2631 2104 2686 Id
2130 2641 2234 2700 est,
2282 2636 2490 2692 nemini
2545 2649 2735 2695 vocent
2780 2638 3046 2704 edentes.
3074 2642 3280 2700 nemini
3327 2645 3555 2720 loquen-

1979 2729 2060 2780 tes
2069 2763 2082 2778 .

2037 2834 2203 2895 Vens.
2232 2835 2414 2898 10-12.
2439 2860 2462 2896 ι
2499 2841 2632 2900 ’Tam
2659 2844 2831 2901 multa
2863 2856 2921 2902 ut
2943 2856 3072 2920 puta
3111 2864 3311 2922 genera
3339 2851 3554 2925 lingua-

1977 2947 2098 2987 rum
2134 2943 2264 2990 suut
2296 2934 2349 2988 in
2382 2934 2484 2990 hoc
2526 2936 2766 3007 mundo;
2797 2945 2855 2995 et
2883 2940 3022 2996 nihil
3058 2941 3179 2998 sine
3200 2957 3336 3000 voce
3356 2952 3463 3001 est.
3495 2945 3555 3000 Si

1977 3040 2080 3097 ego
2139 3023 2390 3082 nesciero
2441 3029 2698 3085 virtutem
2746 3031 2936 3098 vocis,
2965 3047 3068 3088 ero
3113 3033 3165 3089 ei
3223 3036 3310 3090 cui
3365 3035 3558 3105 loquor

1979 3110 2268 3180 barbarus,
2305 3125 2359 3170 et
2410 3117 2502 3188 qui
2549 3117 2789 3190 loquitur
2841 3119 2973 3176 mihi
3000 3161 3015 3184 ,
3049 3121 3334 3180 barbarus.
3379 3121 3473 3180 Sic
3504 3136 3559 3181 et

1903 3217 1951 3282 ο
1982 3222 2099 3277 vos,
2135 3227 2156 3260 ι

2053 3297 2282 3370 Hocest,
2315 3309 2396 3358 tot
2435 3303 2634 3376 lingua:
2683 3314 2833 3371 sunt,
2865 3313 2948 3362 tot
2973 3322 3177 3376 voces,
3205 3309 3555 3383 Scytharum.

1977 3388 2250 3449 Thracum
2281 3433 2298 3462 ,
2361 3391 2770 3464 Romanorum,
2821 3395 3108 3473 Persarum
3139 3441 3155 3469 ,
3196 3401 3505 3458 Maurorum
3534 3441 3560 3468 .

1976 3485 2383 3559 Egyptiorum,
2417 3499 2472 3546 ct
2524 3497 2908 3546 sexcentarum
2961 3490 3196 3548 aliarum
3225 3495 3496 3566 gentium.

2048 3577 2216 3637 Vens.
2275 3577 2363 3648 12,
2400 3582 2488 3638 13.
2533 3601 2552 3635 ι
2594 3581 2864 3649 Quoniam
2888 3583 3242 3642 amulatores
3277 3585 3415 3643 estis
3443 3586 3561 3659 api-

1979 3669 2182 3726 rituum
2216 3710 2233 3738 ,
2265 3671 2333 3728 ad
2387 3673 2806 3733 aediﬁcationem
2873 3675 3133 3734 Ecclesiae
3199 3677 3429 3749 quaerite
3496 3687 3559 3734 ut

1979 3765 2292 3821 abundetis.
2331 3765 2455 3822 Ideo
2482 3766 2576 3838 qui
2611 3768 2857 3840 loquitur
2908 3769 3116 3841 lingua,
3144 3781 3263 3828 oret
3294 3780 3353 3826 ιιι
3385 3771 3557 3826 inter-

1980 3865 2244 3926 pretetur.
2281 3877 2300 3910 ο

2056 3948 2215 4020 112
2243 3949 2299 4004 Si
2331 3961 2546 4022 Oportet
2602 3952 2852 4009 aemulari
2873 3991 2891 4018 .
2925 3952 3256 4010 zmulamini
3291 3953 3385 4010 illa
3415 3955 3560 4012 dona

1981 4041 2186 4110 quibus
2235 4034 2481 4098 Ecclesia
2529 4042 2849 4104 aedificatur.
2883 4043 3157 4112 Quocirca
3201 4045 3393 4104 addit:
3430 4046 3535 4104 Ore

1982 4142 2039 4186 ut
2065 4133 2458 4204 interpretetur.

2055 4249 2221 4305 Vens.
2261 4250 2349 4316 Η,
2391 4250 2478 4305 15.
2529 4268 2550 4303 ι
2593 4248 2729 4306 Nam
2761 4251 2811 4308 si
2846 4265 2998 4309 orem
3053 4253 3275 4326 lingua,
3327 4253 3562 4325 spiritus

1985 4356 2142 4399 meus
2180 4351 2302 4397 orat
2328 4361 2340 4398 :
2376 4358 2531 4400 mens
2549 4352 2731 4399 autem
2763 4358 2884 4400 mea
2922 4344 3043 4402 sine
3073 4344 3256 4401 fructu
3284 4355 3390 4404 est.
3415 4345 3558 4414 Quid

1983 4451 2115 4508 ergo
2134 4445 2219 4494 est
2244 4437 2268 4490 ἲ
2299 4455 2318 4488 ι

2058 4531 2118 4586 id
2150 4539 2259 4600 est,
2286 4530 2420 4586 illud
2442 4533 2646 4586 donum
2679 4531 2828 4602 quod
2856 4532 2986 4588 mihi
3016 4531 3203 4588 datum
3225 4542 3332 4600 est,
3369 4541 3422 4590 et
3453 4533 3560 4590 lin-

1987 4638 2148 4693 quam
2180 4631 2384 4680 movet.

2061 4733 2080 4766 ε
2120 4713 2302 4773 Orabo
2341 4717 2557 4787 spiritu,
2595 4717 2766 4773 orabo
2810 4723 2870 4772 et
2905 4725 3107 4772 mente.
3161 4715 3394 4773 Psallam
3447 4719 3562 4791 spi-

1985 4809 2119 4874 ritu,
2149 4809 2376 4881 psallam
2399 4816 2453 4864 et
2488 4816 2686 4864 mente.
2714 4806 2908 4881 [νεεδ.
2941 4806 3056 4883 16.]
3090 4807 3229 4875 Quia
3262 4808 3310 4866 si
3337 4809 3563 4866 benedi-

1989 4902 2135 4956 xeris
2173 4900 2394 4970 spiritu,
2449 4901 2542 4972 qui
2582 4900 2799 4972 supplet
2839 4902 3018 4956 locum
3065 4900 3262 4968 idiota,
3284 4900 3563 4972 quomodo

1985 4994 2153 5059 dicet,
2182 4994 2375 5060 Amen,
2407 5009 2571 5064 super
2604 5004 2752 5050 tuam
2788 4993 3227 5050 benedictionem
3251 4995 3275 5049 ἲ
3301 4995 3559 5066 quoniam

1987 5085 2116 5156 quid
2152 5085 2306 5142 dicas
2339 5087 2533 5143 nescit.
2573 5105 2592 5139 ι

2058 5177 2216 5235 Velut
2238 5183 2284 5235 si
2312 5181 2436 5250 quis
2458 5180 2604 5236 dicat
2637 5200 2649 5232 :
2689 5177 2834 5247 Quid
2867 5194 2997 5250 ergo
3019 5187 3106 5236 est
3140 5189 3322 5253 aptum
3346 5195 3470 5238 esse
3498 5196 3566 5236 aa

1985 5275 2294 5332 docendum
2345 5285 2509 5345 atque
2547 5274 2732 5330 utile?
2766 5272 3015 5342 Quonam
3047 5274 3176 5329 item
3217 5275 3382 5330 modo
3410 5272 3564 5332 eﬂart

1988 5375 2200 5438 oportet
2227 5366 2251 5421 1
2285 5365 2494 5434 Quidve
2517 5381 2546 5420 a
2589 5364 2699 5421 Deo
2721 5366 3002 5437 postulare
3040 5365 3064 5419 ?
3093 5362 3431 5438 Respondet,
3450 5375 3567 5423 tum

1988 5461 2210 5532 spiritu,
2256 5460 2360 5515 hoc
2389 5470 2476 5514 est
2529 5458 2716 5524 dono,
2745 5468 2862 5512 tum
2916 5457 3249 5530 cogitatione
3286 5467 3340 5514 et
3389 5468 3569 5515 mente

1987 5555 2258 5611 orandum
2289 5569 2432 5621 esse,
2467 5561 2529 5608 ut
2559 5561 2614 5609 et
2639 5553 2826 5624 lingua
2856 5555 3140 5624 loquatur,
3163 5563 3220 5610 ct
3259 5569 3416 5609 mens
3459 5568 3569 5608 non

1991 5649 2203 5705 nesciat
2253 5662 2377 5718 qua:
2407 5647 2693 5702 dicuntur.
2725 5643 2792 5702 Ni
2852 5645 3004 5701 enim
3039 5645 3114 5701 ita
3149 5645 3260 5712 iiat,
3299 5647 3406 5702 alia
3430 5662 3568 5719 quo-

1987 5758 2097 5814 que
2127 5739 2383 5796 conlusio
2410 5740 2660 5796 nascitur
2689 5755 2706 5792 τ
2735 5755 2860 5796 nam
2891 5739 3066 5796 laicus
3104 5740 3437 5810 respondere
3465 5754 3572 5794 non

1994 5831 2164 5906 novit,
2194 5831 2356 5912 Amen
2386 5848 2406 5888 :
2435 5831 2635 5906 quippe
2660 5831 2752 5902 qui
2784 5830 2998 5903 ignorat
3026 5831 3154 5903 quid
3174 5845 3269 5886 ore
3302 5831 3569 5902 proferas.

3150 5945 3225 6010 22
