4038 6284
421 291 526 357 635

1629 292 1690 361 S,
1712 290 1953 352 JOANN
1964 290 2034 357 IS
2065 290 2460 358 DAMASCEN
2471 293 2495 352 ι

3590 293 3694 359 696

495 408 662 467 Vens.
693 408 784 468 32.
823 431 841 462 ι
884 407 944 468 Si
975 409 1310 482 (secundum
1348 409 1666 480 hominem)
1697 409 1766 466 ad
1797 409 2003 467 bestias

2185 433 2204 466 ι
2245 414 2308 468 El
2346 414 2364 484 (
2399 415 2542 468 κατά
2585 412 2874 487 ἄνθρωπον
2912 413 3374 488 )ἐθηριομάχησα
3419 414 3482 470 ἐν
3529 415 3693 488 Ἕφέο

423 504 663 576 pugnavi
695 502 920 574 Ephesi.
962 523 982 556 s

498 593 613 651 Hoc
650 603 755 659 est,
778 601 1046 666 quantum
1094 594 1148 656 in
1183 593 1435 654 homines
1479 591 1656 660 cadit;
1693 607 2006 665 quanquam

424 697 476 745 et
503 688 647 743 Deus
665 701 774 743 'me
805 685 1082 742 liberavit.

501 799 520 834 s
551 779 692 847 Quid
729 777 863 839 mihi
895 779 1147 852 prodest,
1193 779 1238 836 si
1273 779 1474 836 mortui
1511 794 1619 836 non
1661 778 2010 852 resurgunt?

423 874 822 933 manducemus
853 882 906 930 et
949 870 1253 929 bibamus:
1310 885 1436 929 cras
1485 872 1630 928 enim
1685 872 2002 928 moriemur.

426 967 594 1024 Vens.
632 965 754 1040 33,]
781 963 964 1022 Nolite
985 980 1172 1034 errare
1196 963 1604 1038 :Corrumpunt
1625 980 1807 1023 mores
1833 966 2006 1022 bonos

423 1057 702 1143 colloquia
735 1058 900 1114 mala.
937 1077 957 1112 s

495 1153 686 1214 lsthmc
714 1155 899 1215 omnia
933 1154 1332 1225 pronuntiavit,
1378 1168 1487 1210 non
1512 1153 1657 1224 quod
1689 1153 1822 1209 nihil
1853 1168 2007 1210 etno-

425 1246 656 1303 lumenti
687 1246 1024 1318 percipiebat
1056 1262 1123 1302 ex
1152 1262 1220 1304 eo
1242 1244 1393 1317 quod
1423 1247 1756 1317 patiebatur,
1785 1245 1879 1317 qui
1905 1259 2009 1302 nec

422 1337 694 1395 mercedis
713 1339 1131 1412 exspectatione
1168 1349 1438 1396 curreret.
1465 1337 1594 1395 Sola
1622 1341 1825 1410 quippe
1851 1341 2009 1397 retri-

423 1432 579 1495 butio
600 1431 716 1499 hac
736 1433 787 1488 ei
814 1432 1142 1500 suﬂiciebat,
1182 1433 1236 1489 id
1276 1440 1542 1506 prmstare
1567 1436 1712 1506 quod
1746 1432 2006 1505 placitum

425 1535 572 1583 esset
631 1526 762 1583 Deo.
797 1525 905 1582 Sed
957 1534 1189 1599 propter
1226 1526 1595 1598 plurimorum
1629 1525 2004 1590 inﬁrmitatem

421 1621 500 1686 ita
536 1619 885 1691 loquebatur.
916 1617 1191 1688 Quocirca
1223 1617 1298 1675 ob
1341 1620 1588 1676 eamdem
1613 1619 1886 1676 rationem
1922 1619 2006 1674 di-

421 1712 623 1770 cebat:
656 1710 716 1767 Si
763 1712 820 1768 its
865 1711 965 1768 hac
989 1712 1100 1767 vita
1133 1719 1345 1766 tantum
1383 1712 1440 1768 in
1487 1709 1703 1767 Christo
1732 1720 2006 1782 sperantes

2113 525 2211 562 σω.
2249 525 2267 559 ι

2181 599 2493 669 Τουτέστιν,
2531 601 2657 656 ὅσον
2677 603 2759 667 είς
2777 601 3102 675 ἀνθρώπους
3132 597 3292 674 ἧκεν,
3315 603 3364 656 εί
3397 603 3494 658 καὶ
3513 603 3541 656 ὁ
3559 603 3692 670 Θεὸς

2109 693 2401 768 ἐρρύσατο.

2185 804 2203 837 ι
2240 785 2307 838 Τί
2341 784 2514 857 μοιτδ
2541 784 2757 857 ὄφελος,
2791 788 2841 841 εί
2866 788 3052 860 νεκροὶ
3083 789 3187 842 οὐκ
3230 787 3563 861 ἐγείρονταις
3588 789 3697 860 φά-

2109 894 2296 950 γωμεν
2344 877 2440 934 καὶ
2485 877 2733 950 πίωμενο
2764 878 2955 953 αὔριον
2984 879 3091 953 γὰρ
3121 879 3563 954 ἀποθνήσκομεν.
3596 880 3696 954 Μὴ

2109 969 2382 1026 πλανᾶσθε
2403 987 2420 1003 '
2455 971 2735 1046 φθείρουσι
2769 971 2878 1043 γὰρ
2907 970 3062 1046 [ἢθη]
3098 974 3312 1044 χρηστά
3366 972 3570 1045 ὁμιλίαι
3591 991 3695 1028 κα-

2108 1082 2222 1122 και.
2264 1081 2284 1115 ι

2178 1154 2318 1210 Τάδε
2339 1155 2520 1210 πάντα
2548 1152 2756 1223 ἔλεγεν,
2785 1155 2888 1208 οὐκ
2923 1153 3112 1226 ἐπειδὴ
3169 1154 3271 1210 οὐκ
3310 1174 3456 1228 ειχεν
3499 1156 3695 1225 ὄφελος

2108 1249 2204 1305 καὶ
2231 1249 2291 1304 ἐν
2317 1247 2468 1318 αὐτῷ
2497 1247 2577 1322 τῷ
2599 1247 2858 1320 πάσχειν.
2884 1249 2959 1302 Οὐ
2981 1248 3094 1320 γὰρ
3120 1248 3213 1302 ἐπὶ
3243 1249 3424 1321 μισθῷ
3449 1247 3694 1322 ἔτρεχεν⁸

2108 1342 2357 1417 ἀρκοῦσα
2394 1341 2506 1415 γὰρ
2538 1340 2688 1414 αὐτῷ
2719 1337 2788 1414 ἦν
2833 1341 3106 1406 ἀντίδοσις
3152 1340 3215 1396 τὸ
3249 1343 3477 1414 ποιῆσαι
3522 1343 3583 1397 τὸ
3605 1343 3694 1396 δοα

2108 1438 2239 1493 κοῦν
2286 1435 2366 1510 τῷ
2395 1436 2549 1510 Θεῷ·
2593 1435 2732 1491 ἀλλά
2763 1437 2854 1492 διὰ
2884 1432 2986 1510 τὴν
3009 1435 3297 1492 ἀσθένειαν
3324 1435 3434 1490 τῶν
3457 1435 3692 1491 πολλῶν.

2110 1531 2273 1586 Ὥστε
2305 1530 2400 1585 καὶ
2427 1529 2558 1584 ὅταν
2598 1529 2757 1601 λέγῃ,
2793 1532 2860 1584 ει
2882 1529 2955 1584 ἐν
2978 1528 3052 1599 τῇ
3093 1527 3210 1600 ζωῇ
3241 1531 3429 1600 ταύτῃ
3459 1531 3530 1585 ἐν
3558 1533 3696 1600 Χρε-

2108 1622 2234 1692 στῷ
2251 1624 2577 1693 ἠλπικότες
2595 1621 2787 1692 ἐσμὲν·
2803 1622 3016 1693 μόνον,
3041 1623 3430 1693 ἐλεεινότεροι
3449 1621 3697 1678 πάντων

2106 1713 2440 1784 ἀνθρώπων
2467 1713 2676 1784 ἐσμὲν,
2702 1714 2792 1768 διὰ
2815 1713 2915 1787 τὴν
2953 1713 3124 1786 αὐτὴν
3168 1714 3352 1769 αἰτίαν
3374 1715 3547 1786 λέγει,
3600 1714 3697 1769 καὶ

423 1819 635 1875 sumus,
689 1803 1104 1866 miserabiliores
1156 1821 1341 1862 sumus
1378 1804 1623 1860 omnibus
1682 1777 2004 1862 (caminibus.

2118 1777 2252 1864 ὥστε
2270 1805 2351 1877 τῷ
2387 1777 2656 1879 φόϐῳ-τῆς
2680 1777 3003 1880 ἀθλιὸτίητος
3044 1777 3251 1876 ταύτης
3282 1777 3555 1864 διασεῖσαι
3589 1807 3699 1863 αὑ·-

421 1898 545 1975 Quo
572 1911 772 1976 nempe
807 1899 889 1954 vel
928 1897 1161 1970 hujusce
1184 1897 1420 1955 miseriae
1442 1907 1497 1954 et
1529 1896 1870 1956 infelicitatis
1896 1899 2009 1956 for-

420 1991 634 2056 midine
660 2005 852 2048 eorum
873 1987 1026 2048 circa
1057 1986 1525 2048 resurrectionem
1559 1985 2005 2048 incredulitatem

422 2085 746 2157 exagitaret.

493 2173 662 2244 Vsus.
683 2177 773 2233 3i.
811 2196 830 2231 ι
859 2177 1316 2248 Evigilatejusle.
1357 2195 1377 2230 s

493 2269 612 2330 Hoc
654 2279 762 2339 est,
813 2271 890 2327 uti
923 2271 1258 2328 conveniens
1306 2279 1361 2328 et
1409 2269 1538 2329 utile
1562 2271 1697 2331 erit.
1730 2270 1892 2329 Velut
1931 2273 2001 2329 ad

422 2365 678 2426 ebriosos
700 2370 757 2421 et
782 2372 1049 2423 amentes.

500 2475 522 2511 s
551 2454 619 2520 Et
645 2457 820 2514 nolite
845 2471 1100 2529 peccare.
1135 2478 1154 2510 s

493 2551 706 2607 Annuit
764 2566 830 2608 ex
873 2566 1042 2624 prava
1090 2549 1217 2608 vita:
1272 2554 1491 2608 ratione
1521 2551 1731 2608 semina
1778 2553 2010 2626 hujusce

423 2639 767 2703 inﬁdelitatis
800 2641 1096 2712 pullulare.
1138 2638 1296 2699 Multi
1347 2640 1624 2714 siquidem
1662 2657 1876 2711 eorum,
1911 2643 2007 2716 qui

424 2733 634 2791 conscii
659 2732 763 2790 sibi
793 2742 927 2790 sunt
952 2733 1252 2800 malorum,
1281 2749 1386 2790 nee
1410 2749 1607 2806 prenas
1632 2736 1828 2791 volunt
1883 2752 2009 2807 per-

425 2829 661 2894 solvere,
697 2827 755 2883 in
782 2825 888 2884 title
915 2825 1343 2886 resurrectionis
1361 2829 1686 2886 sanciantur
1705 2845 1722 2897 ;
1744 2829 2009 2900 quemad-

425 2919 647 2980 modum
674 2922 1010 2978 econtrario
1042 2921 1140 2993 qui
1173 2936 1371 2994 magna
1413 2922 1587 2980 edunt
1620 2921 1868 2981 facinora
1897 2926 2009 2981 vir-

425 3020 629 3079 tutum,
667 3011 917 3084 quotidie
942 3012 1174 3084 cupiunt
1198 3011 1347 3069 diem
1368 3013 1518 3070 illam
1552 3013 1756 3071 videre.

499 3123 520 3162 s
555 3105 925 3178 ignorantiam
947 3106 1095 3162 enim
1122 3105 1218 3162 Dei
1253 3107 1478 3178 quidam
1504 3106 1725 3164 habent.
1769 3129 1792 3161 ε

494 3193 637 3254 Vide
673 3197 954 3270 quomodo
1008 3198 1064 3254 in
1098 3198 1223 3254 illos
1258 3198 1680 3256 criminationes
1717 3200 2006 3257 transfert.

427 3289 563 3347 Nam
613 3290 1082 3348 resurrectionem
1135 3290 1394 3357 inliciari,
1453 3292 1605 3349 illius
1660 3299 1747 3350 est
1775 3295 1868 3363 qui
1900 3309 2009 3350 non

428 3391 723 3453 pernoscat
755 3380 1016 3439 virtutem
1065 3380 1158 3438 Dei
1194 3383 1648 3456 insuperabilem,
1701 3394 1758 3442 et
1797 3385 1866 3443 ad
1895 3403 2011 3442 om-

429 3477 520 3532 nia
543 3474 924 3532 suﬁicieutem.
958 3473 1243 3549 Siquidem
1271 3477 1419 3533 enim
1445 3491 1514 3532 ex
1548 3477 1718 3535 nullis
1747 3479 2012 3534 exstanti-

429 3569 554 3636 bus,
582 3585 648 3626 ea
683 3583 807 3640 qua
827 3577 1074 3635 exstant,
1104 3568 1298 3627 iecerit
1324 3610 1342 3638 ,
1393 3570 1570 3629 multo
1602 3572 1776 3645 magis
1807 3575 2012 3644 poterit

429 3659 671 3718 excitare
691 3674 812 3730 qua:
842 3659 1022 3717 soluta
1053 3669 1235 3716 erant.

504 3768 525 3806 s
567 3749 650 3806 Ad
685 3749 1050 3807 reverentiam
1083 3748 1245 3807 vobis
1263 3749 1485 3824 loquor.
1527 3771 1547 3804 s

500 3843 560 3900 Id
584 3852 693 3911 est,
723 3843 802 3899 ita
827 3852 887 3900 ut
906 3858 1005 3902 vos
1037 3843 1355 3918 corripism,
1377 3851 1461 3914 ut,
1493 3846 1701 3918 pudore
1724 3856 2007 3921 conceptu,

431 3939 693 3997 meliores
719 3937 985 3996 evadatis.

502 4025 671 4087 Vens.
695 4027 788 4084 35.
826 4048 846 4084 s
885 4025 994 4085 Sed
1033 4027 1181 4087 dicet
1211 4029 1459 4102 aliquis:
1505 4032 1791 4098 Quomodo
1828 4045 2014 4088 resur-

431 4129 569 4194 gunt
596 4113 846 4178 mortui?
879 4122 1096 4193 qualive
1139 4136 1376 4193 corpore
1410 4122 1675 4178 venient?
1705 4141 1724 4177 s

503 4213 792 4285 Objectum
819 4214 986 4271 solvit
1010 4215 1158 4286 quod
1183 4213 1422 4286 gentiles
1453 4213 1796 4271 invexerant.

501 4303 675 4366 Vsus.
703 4304 792 4373 56,
820 4305 910 4362 37.
953 4325 974 4362 s
1019 4305 1308 4378 lnsipiens,
1332 4314 1391 4362 tu
1419 4306 1564 4377 quod
1605 4307 1868 4374 seminas,
1903 4324 2010 4365 non

431 4399 766 4466 viviﬂeatur,
798 4399 904 4458 nisi
933 4400 1088 4472 prius
1112 4399 1376 4456 moriatur
1397 4401 1420 4455 ?
1439 4399 1504 4456 Et
1530 4402 1677 4473 quod
1700 4403 1960 4468 setninas,
1986 4422 2008 4456 s

2033 3135 2081 3198 ο

2110 1899 2218 1956 τῶν
2243 1899 2340 1972 τὴν
2370 1897 2634 1955 ἀπιστίαν
2664 1897 2914 1971 περὶτῆς
2937 1898 3308 1965 ἀναστάσεως.

2188 2195 2206 2227 ι
2256 2174 2562 2247 Ἐκνήψατε
2584 2173 2830 2240 δικαίως.
2869 2191 2891 2226 s

2179 2267 2493 2334 Τουτέστιν,
2525 2267 2622 2323 ἐπὶ
2647 2266 2726 2340 τῷ
2767 2265 3105 2338 συμφέροντι
3123 2280 3140 2296 ⁸
3169 2263 3248 2330 ὡς
3275 2263 3414 2336 πρὸς
3463 2263 3692 2337 μεθύον-

2107 2375 2207 2423 τας
2236 2357 2331 2412 καὶ
2367 2357 2750 2429 μαινομένους.

2187 2468 2205 2502 ι
2243 2449 2355 2503 Kal
2380 2448 2459 2520 μὴ
2491 2449 2863 2520 ἁμαρτάνετε.
2904 2469 2924 2504 s

2179 2544 2406 2608 Δεικνὺς
2433 2543 2520 2597 ὅτι
2551 2542 2660 2596 ἀπὺ
2679 2541 2923 2615 πονηροῦ
2951 2543 3071 2616 βίου
3103 2541 3174 2598 τά
3208 2544 3498 2619 σπέρματα
3520 2545 3698 2617 αὐτῆς

2107 2635 2207 2707 τῆς
2244 2633 2524 2698 ἀπιστίας.
2558 2634 2671 2690 Kal
2700 2635 2809 2705 γὰρ
2832 2634 3018 2691 πολλοὶ
3058 2635 3168 2692 τῶν
3209 2636 3425 2711 πονηρά
3457 2635 3689 2692 συνειδό-

2108 2743 2218 2780 των
2243 2727 2480 2792 ἑαυτοῖς,
2531 2727 2626 2782 καὶ
2657 2728 2721 2781 οὐ
2756 2725 3106 2800 βουλομένων
3157 2727 3346 2784 δοῦναι
3375 2729 3552 2802 δίκην,
3594 2728 3696 2783 καὶ

2109 2823 2191 2884 είς
2210 2819 2308 2892 τὴν
2325 2835 2393 2874 πε
2404 2821 2455 2891 ρὶ
2483 2819 2583 2890 τῆς
2604 2821 2956 2886 ἀναστάσεως
2979 2820 3461 2900 παρασλάπτονται
3487 2821 3696 2875 πίστιν·

2109 2912 2301 2985 ὥσπερ
2344 2907 2438 2965 οὖν
2482 2913 2533 2966 οἱ
2577 2915 2792 2983 μεγάλα
2831 2911 3251 2987 κατορθοῦντες,
3293 2913 3416 2968 καθ’
3457 2915 3698 2985 ἑκάστην

2111 3003 2280 3075 αὐτὴν
2305 3002 2638 3076 ἐπιθυμοῦσι
2667 3005 2770 3075 τὴν
2797 3004 3018 3076 ἡμέραν
3040 3003 3194 3062 ἰδεῖν.

2186 3115 2207 3155 ι
2242 3097 2547 3168 Ἀγνωσίαν
2566 3097 2675 3172 γάρ
2704 3097 2841 3154 Θεοῦ
2871 3097 3021 3165 τινές
3046 3097 3282 3171 Ιχουσιν.
3318 3117 3343 3152 ι

2183 3191 2324 3264 -ορα
2342 3190 2459 3255 πῶς
2488 3189 2653 3248 πάλιν
2673 3192 2754 3256 είς
2780 3191 3028 3257 ἐκείνους
3059 3192 3359 3263 μεταφέρει
3389 3190 3462 3246 τά
3490 3190 3697 3263 ἐγκλή-

2114 3300 2282 3356 ματα.
2312 3283 2384 3336 Τὺ
2416 3282 2528 3356 γὰρ
2557 3285 2624 3355 τῇ
2669 3284 2968 3339 ἀναστάσει
3018 3282 3343 3350 διαπιστεῖν,
3390 3284 3454 3338 οὔ
3489 3283 3698 3356 σφόδρα

2110 3377 2312 3441 εἰδότος
2343 3377 2462 3432 ἐστ)⁸
2491 3377 2595 3450 τὴν
2620 3375 2719 3431 τοῦ
2745 3376 2884 3432 Θεοῦ
2911 3375 3168 3449 δύναμιν,
3193 3376 3296 3450 τὴν
3331 3377 3570 3450 ἄμαχον,
3600 3377 3702 3433 καὶ

2112 3469 2249 3543 πρὸς
2293 3471 2470 3526 πάντα
2498 3469 2802 3544 ἀρκοῦσαν.
2834 3469 2900 3525 Ei
2929 3467 3042 3542 γὰρ
3069 3467 3135 3535 ἐξ
3151 3470 3256 3526 οὐκ
3278 3469 3452 3526 ὅντων
3470 3469 3542 3525 τά
3565 3468 3700 3525 ὄντα

2113 3561 2359 3633 ἐποίησε,
2384 3560 2567 3636 πολλῷ
2597 3561 2802 3634 μᾶλλον
2827 3559 2899 3616 τὰ
2923 3561 3247 3615 διαλυθέντα
3266 3559 3572 3634 ἀναστῆσαι
3595 3560 3697 3616 δυ-

2112 3655 2360 3725 νήσεται.

2188 3765 2207 3799 s
2246 3747 2390 3819 Πρὸς
2416 3746 2688 3820 ἐντροπὴν
2726 3747 2858 3819 ὑμῖν
2882 3746 3046 3816 λέγω.
3081 3764 3104 3800 s

2184 3837 2501 3904 Τουτέστιν,
2535 3837 2677 3893 ὥστε
2733 3838 3059 3911 διορθῶσαι,
3120 3835 3264 3892 ὥστε
3307 3838 3698 3912 αἰσχυνθέντας

2113 3932 2262 4002 ἡμᾶς
2291 3930 2547 4000 γενέσθαι
2581 3930 2848 4002 βελτίους.

2189 4041 2210 4078 ε
2257 4022 2398 4077 Ἀλλ’
2422 4024 2542 4095 ἐρεῖ
2564 4038 2686 4088 τις·
2717 4023 2844 4087 Πῶς
2884 4022 3190 4096 ἐγείρονται
3219 4024 3270 4078 oi
3301 4025 3490 4097 νεκροί
3506 4041 3524 4094 ;
3557 4024 3698 4098 ποίῳ

2113 4120 2170 4175 δὲ
2194 4118 2411 4192 σώματι
2433 4117 2688 4191 ἔρχονται
2710 4135 2726 4187 ;
2753 4136 2774 4170 s

2200 4210 2501 4266 Ἀντίθεσιν
2532 4210 2653 4265 λύει
2682 4211 2815 4282 παρ’
2849 4210 3121 4283 Ἑλλήνιον
3147 4210 3536 4283 εἰσαγομένην.

2190 4323 2212 4359 ε
2252 4305 2486 4377 ’Λφρον,
2510 4302 2576 4358 σὺ
2602 4303 2634 4358 ὃ
2668 4303 2940 4376 σπείρεις,
2967 4303 3032 4357 οὐ
3079 4301 3450 4373 ζωοποιεῖται,
3477 4303 3576 4358 ἐὰν
3621 4302 3701 4376 μὴ

2117 4396 2409 4470 ἁποθάνῃ;
2443 4397 2538 4450 καὶ
2571 4397 2600 4451 ὂ
2627 4395 2896 4469 σπείρεις,
2929 4417 2948 4449 s

503 4487 562 4545 ltl
595 4497 702 4551 est.
735 4505 903 4562 penes
943 4492 1292 4562 temetipsum
1341 4492 1536 4548 horum
1581 4493 2009 4554 demonstratio-

2191 4490 2507 4556 Τουτέστιν,
2553 4489 2716 4562 Παρὰ
2765 4489 2948 4562 σαυτῷ
2992 4489 3094 4565 τὴν
3114 4489 3390 4555 ἀπόδειξιν
3409 4488 3556 4561 έχεις
3579 4489 3696 4544 τού-

435 4600 561 4642 uem
588 4585 780 4652 habes,
825 4601 890 4641 ex
927 4585 1142 4656 iisquae
1173 4584 1272 4641 abs
1322 4593 1376 4641 te
1424 4585 1668 4655 quotidie
1701 4587 1836 4642 ﬁunt
1883 4604 1898 4640 :
1953 4596 2013 4644 tu

435 4692 570 4733 vero
598 4675 960 4731 nihilominus
983 4674 1163 4730 adhuc
1187 4675 1527 4730 contradicis
1545 4673 1570 4729 3
1589 4673 1784 4745 inquit.
1806 4675 2012 4744 Quam~

434 4770 624 4825 obrem
660 4768 787 4838 iure
818 4774 872 4824 te
905 4768 1255 4840 insipientem
1287 4768 1524 4839 appello,
1555 4769 1647 4840 qui
1680 4783 1741 4824 ea
1789 4770 2016 4841 ignoras

434 4875 559 4936 qua:
583 4858 828 4932 quotidie
853 4859 1010 4917 facis.
1040 4861 1111 4913 At
1132 4859 1339 4916 videsis
1368 4860 1849 4932 superiectioncm.
1874 4860 2012 4917 Nam

434 4951 583 5025 quod
603 4952 680 5008 illi
705 4951 966 5023 neganda:
988 4953 1410 5008 resurrectionis
1434 4962 1817 5024 argumentum
1844 4956 2014 5013 hahe-

438 5046 594 5112 bant,
621 5061 690 5102 ex
720 5046 826 5101 hoc
864 5046 980 5116 ipse
1018 5044 1240 5101 coniicit
1269 5045 1790 5104 demonstrationem
1823 5067 2011 5106 resuro

438 5138 716 5193 reetionis.
771 5136 1032 5192 Dicebant
1090 5136 1236 5192 enim
1272 5154 1288 5192 :
1321 5137 1676 5208 Nequaquam
1739 5149 2011 5211 resurget,

438 5228 879 5299 quandoquidem
904 5238 1158 5285 mortuus
1191 5236 1297 5284 est.
1329 5227 1532 5284 Contra
1576 5230 1667 5285 ille
1696 5231 1770 5284 ait
1800 5248 1817 5285 :
1847 5231 2014 5290 Planc

439 5320 660 5390 guidcm
690 5319 795 5376 nisi
832 5329 1078 5375 mortuus
1105 5321 1197 5383 sit,
1233 5334 1509 5391 nunquam
1541 5325 1927 5379 resurrexerit.

513 5425 534 5457 ε
564 5404 684 5461 Non
713 5421 934 5476 corpus.
960 5407 1104 5478 quod
1137 5407 1382 5463 futurum
1414 5417 1522 5473 est,
1549 5411 1809 5466 sentinae.
1850 5431 1871 5466 ι

512 5494 676 5571 ιιθ
709 5495 824 5552 Hoc
848 5507 953 5564 est,
989 5516 1095 5554 non
1129 5500 1338 5570 spicam
1390 5502 1679 5572 integram,
1727 5519 1834 5559 non
1871 5506 2013 5560 triti-

439 5604 566 5646 cum
600 5606 825 5653 novum,
858 5606 968 5646 non
1020 5591 1164 5663 quod
1214 5593 1459 5648 culmum
1509 5594 1732 5663 habeat,
1776 5613 1883 5654 non
1918 5614 2012 5669 pa-

445 5683 605 5738 leam.
645 5680 746 5736 Hic
773 5682 918 5738 enint
954 5698 1061 5738 non
1101 5683 1169 5739 dc
1198 5683 1431 5754 ipsamet
1464 5689 1867 5744 resurrectione
1897 5691 2012 5747 disc

444 5780 620 5847 putat,
680 5773 773 5828 scd
819 5773 883 5828 de
943 5775 1364 5832 resurrectionis
1404 5779 1566 5834 modo
1605 5797 1616 5832 :
1659 5789 1787 5841 nuta
1844 5783 2006 5839 (male

2119 4601 2252 4649 των,
2276 4582 2344 4637 δι’
2371 4575 2449 4638 ὧν
2471 4581 2732 4656 πράττεις
2758 4582 2882 4637 καθ’
2902 4581 3141 4655 ἐκάστην
3163 4581 3399 4655 ἡμέραν,
3427 4582 3524 4636 καὶ
3549 4583 3694 4636 ἀντι·

2119 4676 2301 4746 λέγεις
2325 4674 2446 4741 ἔτις
2481 4675 2638 4746 φησί.
2672 4675 2765 4729 Διὸ
2808 4675 2906 4731 καὶ
2957 4674 3169 4748 ἄφρονά
3192 4691 3254 4730 σε
3289 4674 3467 4740 καλῶ,
3504 4675 3588 4731 δτι
3627 4672 3697 4729 τὰ

2119 4769 2245 4825 καθ’
2268 4768 2487 4841 ἡμέραν
2519 4767 2625 4822 ὑπὸ
2654 4767 2751 4822 σοῦ
2784 4769 3044 4840 γινόμενα
3076 4767 3311 4838 ἀγνοεῖς.
3338 4765 3451 4822 Kal
3470 4767 3574 4839 ὅρα
3597 4769 3696 4842 τὴν
3731 4763 3741 4772 “

2120 4862 2450 4935 ὑπερϐολήν.
2480 4859 2551 4917 ‘0
2569 4859 2679 4932 γάρ
2702 4861 2921 4914 ἐποίουν
2948 4861 3150 4914 ἐκεῖνοι
3167 4859 3470 4934 τεκμήριον
3493 4856 3593 4913 τοῦ
3619 4859 3695 4932 μή

2119 4951 2463 5018 ἀνίστασθαι,
2489 4952 2649 5006 τοῦτο
2669 4950 2764 5006 τοῦ
2787 4950 3112 5006 ἀνίστασθαι
3142 4953 3377 5006 ποιεῖται
3398 4949 3690 5019 ἀπόδειξιν.

2120 5041 2231 5098 Kal
2264 5043 2376 5112 γὰρ
2403 5040 2611 5109 ἔλεγον,
2638 5041 2753 5096 οὐκ
2780 5041 3088 5108 ἀνίσταται,
3110 5041 3300 5115 ἐπειδὴ
3319 5041 3612 5099 ἀπέθανεν.
3635 5040 3694 5094 '0

2118 5133 2175 5186 se
2201 5130 2589 5204 ἀντιστρέψας,
2612 5132 2799 5203 φησὶν,
2820 5132 2931 5187 Kal
2963 5130 3070 5205 μὴν
3096 5133 3146 5186 εἰ
3175 5131 3254 5206 μὴ
3277 5131 3571 5198 ἀπέθανεν,
3594 5128 3695 5188 ob:

2120 5227 2186 5281 ἂν
2218 5227 2439 5296 ἀνέστη.

2197 5431 2216 5462 ε
2259 5412 2334 5466 Οὐ
2363 5409 2426 5465 τὸ
2453 5410 2616 5480 σῶμα
2639 5408 2700 5462 τὺ
2727 5408 3096 5480 γενησόμενον
3126 5407 3396 5480 σπείρεις.
3436 5425 3457 5460 s

2192 5502 2506 5570 Τουτέστιν,
2533 5502 2597 5558 οὐ
2623 5502 2824 5573 στάχυν
2846 5501 3166 5573 ὁλόκληρον,
3189 5499 3251 5554 οὗ
3291 5501 3443 5555 σῖτον
3460 5495 3610 5567 νέον,
3630 5497 3695 5553 oi

2126 5599 2380 5671 καλάμην
2410 5596 2627 5668 έχοντα,
2653 5597 2760 5651 οὐκ
2801 5595 3022 5667 ἄχυρον.
3069 5591 3338 5650 Ἐνταῦθα
3371 5593 3482 5664 γὰρ
3511 5589 3696 5648 οὐκέτι

2127 5690 2265 5760 πρὸς
2283 5690 2383 5758 τὴν
2415 5688 2721 5742 ἀνάστασιν
2753 5689 2782 5742 ὁ
2814 5687 2991 5754 λόγος,
3021 5685 3160 5740 ἀλλά
3191 5685 3328 5757 πρὸς
3369 5682 3466 5740 τδν
3489 5683 3695 5757 τρόπον

2121 5784 2220 5838 τῆς
2253 5779 2600 5840 ἀναστάσεως
2623 5796 2639 5811 ⁸
2674 5780 2914 5836 ποταπὸν
2945 5779 3105 5837 adsita
3135 5781 3195 5836 τὸ
3233 5776 3428 5836 μέλλον
3467 5775 3690 5836 hiera-
