4038 6284
552 351 654 421 711

1754 362 1813 420 S.
1851 356 2172 421 JOANNIS
2208 357 2636 420 DAMASCENI

3715 356 3814 426 712

554 469 700 544 quod
733 471 1065 528 invidiosum
1102 481 1156 529 et
1195 491 1364 548 grave
1412 474 1720 540 videbatur,
1777 483 1948 531 testes
1981 475 2132 544 ipsos

2247 473 2516 544 ρορτικὸν,
2553 475 2750 539 auito-2;
2798 475 3038 548 παράγει
3093 478 3381 550 μάρτυρας
3439 475 3548 530 τῶν
3589 477 3814 549 λεγομέ·

553 564 792 636 appellat
825 580 1015 621 eorum
1051 583 1172 638 qua:
1199 569 1297 625 abs
1336 584 1395 624 se
1423 569 1710 624 dicuntur.

621 659 793 718 Vsus.
863 662 948 718 H.
988 681 1006 714 ι
1045 663 1219 735 Spero
1246 674 1427 722 autem
1484 665 1627 737 quod
1664 681 1838 737 usque
1893 666 1944 720 in
1972 667 2132 720 linem

549 755 923 825 cognoscetis,
977 757 1120 812 sicut
1167 767 1224 813 et
1271 760 1612 826 eoguovistis
1653 775 1755 814 nos
1796 775 1858 814 ex
1895 767 2068 830 parte.
2109 777 2132 810 ι

621 847 671 900 Δ
715 846 1008 917 praeteritis
1066 849 1227 905 (idem
1287 849 1417 906 facit
1449 850 1788 905 futurorum.
1839 849 1982 916 Quin
2033 863 2136 904 nec

552 935 884 1009 simpliciter
914 949 969 993 et
992 939 1138 995 nude
1169 939 1224 994 id
1264 942 1668 1011 pronuntiavit,
1710 942 1806 999 sed
1847 952 2022 998 totum
2048 956 2132 997 rc-

548 1026 750 1100 jiciens
779 1030 836 1084 in
867 1028 1036 1087 Deum
1062 1041 1118 1087 et
1149 1047 1303 1104 spem
1324 1049 1447 1106 quae
1475 1034 1529 1089 in
1565 1033 1715 1092 illum
1750 1049 1856 1097 est.

627 1138 648 1173 ι
684 1121 840 1189 Quod
863 1123 1034 1195 gloria
1069 1135 1248 1182 vestra
1281 1142 1477 1184 sumus
1527 1127 1676 1185 sicut
1705 1134 1761 1182 et
1793 1142 1891 1185 vos
1921 1136 2136 1192 nostra,

552 1210 608 1268 in
638 1213 727 1270 die
757 1215 973 1271 Domini
1012 1219 1187 1274 nostri
1219 1216 1370 1276 Jesu.
1407 1239 1427 1274 ι

623 1306 724 1362 llic
753 1319 1076 1379 conceptam
1108 1308 1251 1366 forte
1280 1327 1345 1367 ex
1386 1320 1514 1370 ante
1565 1312 1734 1370 dictis
1757 1312 2020 1369 invidiam
2054 1313 2138 1368 vel

554 1397 706 1454 rixas
759 1399 976 1466 adimit,
1035 1400 1166 1456 dum
1204 1417 1302 1458 eos
1335 1419 1558 1476 quoque
1590 1405 1643 1460 in
1697 1413 1909 1477 partem
1945 1405 2136 1476 gloria:

553 1492 754 1561 recipit
783 1507 1011 1549 suorum
1038 1504 1188 1550 recte
1231 1494 1528 1553 factorum.
1570 1496 1931 1569 Nequaquam
1966 1500 2135 1562 enim,

554 1585 757 1656 inquit,
805 1587 950 1642 intra
989 1604 1090 1644 nos
1147 1589 1264 1646 lucc
1293 1591 1564 1656 constitit,
1599 1589 1696 1646 sed
1747 1591 1812 1645 ad
1844 1608 1942 1646 vos
1970 1591 2136 1647 etiam

552 1679 876 1737 dimanavit.

633 1775 794 1834 Vens.
841 1777 1028 1833 1547.
1084 1797 1103 1832 ι
1139 1777 1205 1834 Et
1250 1779 1350 1835 bac
1411 1778 1739 1836 conﬁdentia
1790 1779 1928 1836 volui
1983 1781 2140 1852 prius

555 1873 743 1929 venire
771 1871 838 1927 ad
871 1887 990 1937 vos,
1025 1882 1084 1926 ut
1113 1871 1414 1929 secundam
1460 1874 1695 1942 gratiam
1752 1874 2052 1939 haberetis,
2085 1883 2142 1930 et

556 1983 650 2036 per
680 1980 778 2022 vos
838 1967 1078 2022 transire
1101 1966 1155 2022 in
1216 1965 1619 2035 Macedoniam,
1655 1976 1710 2024 et
1739 1967 1936 2024 iterum
1963 1984 1994 2024 ι
2026 1967 2144 2023 Ma-

555 2061 782 2115 cedonia
810 2060 997 2116 venire
1028 2059 1093 2115 ad
1125 2076 1241 2125 vos,
1266 2071 1318 2116 et
1348 2060 1546 2117 avobis
1571 2059 1768 2118 deduci
1796 2062 1849 2116 in
1875 2059 2138 2117 Iudaeam.

554 2152 691 2209 Cum
736 2169 867 2225 ergo
903 2155 1004 2210 hoc
1037 2155 1361 2219 voluissem,
1401 2176 1419 2209 ι

625 2332 740 2399 Qua
773 2332 965 2403 utique
995 2332 1049 2386 in
1081 2331 1238 2388 vobis
1268 2347 1506 2389 maxime
1538 2332 1796 2389 ﬁduciam
1829 2347 2137 2405 ponamus;

557 2439 665 2499 qua
716 2425 1018 2498 gloriamur
1077 2427 1131 2481 in
1158 2425 1337 2492 vobis,
1363 2435 1417 2481 et
1469 2426 1644 2498 gloria
1705 2434 1896 2483 nostra
1924 2441 2022 2482 vos
2048 2441 2141 2482 es-

559 2520 654 2577 tis.

632 2611 793 2683 126
823 2630 842 2664 ι
875 2609 1132 2684 Nunquid
1166 2614 1388 2671 levitate
1421 2630 1556 2670 usus
1586 2616 1752 2672 sum?
1780 2624 1875 2670 aut
1897 2631 2021 2688 qua:
2047 2629 2141 2672 co-

556 2703 694 2774 gito,
746 2705 1050 2760 secundum
1101 2721 1324 2763 carnem
1383 2708 1591 2778 cogito,
1628 2717 1683 2763 ut
1713 2707 1785 2776 sit
1827 2707 1971 2781 apud
2028 2723 2136 2779 me,

562 2795 678 2864 Est,
719 2807 823 2864 est,
855 2807 928 2865 et,
960 2796 1104 2866 Non,
1127 2800 1276 2855 non?

630 2889 746 2958 Qua
773 2889 839 2945 de
869 2906 1036 2948 causa
1069 2908 1179 2948 non
1211 2894 1354 2962 veni,
1387 2894 1608 2967 inquit?
1639 2896 1885 2966 nunquid
1919 2895 2142 2953 levitate

561 2993 614 3039 et
646 2983 945 3040 mobilitate
967 2986 1182 3040 animi?
1211 3002 1577 3060 nequaquam.
1613 2985 1792 3043 Eccur
1823 2988 1992 3044 vero?
2013 2988 2140 3061 quia

562 3092 681 3146 qu:e
733 3092 999 3149 propono,
1051 3093 1159 3133 non
1221 3080 1526 3135 secundum
1584 3094 1806 3136 carnem
1867 3095 2138 3151 propono.

563 3171 808 3236 Quorum
835 3171 1124 3226 verborum
1148 3172 1275 3230 talis
1296 3182 1382 3229 est
1412 3189 1646 3230 sensus:
1673 3172 1923 3230 Carnalis
1950 3173 2140 3239 homo,

564 3265 674 3319 sive
706 3263 798 3332 qui
849 3263 1013 3320 rebus
1054 3266 1422 3335 praesentibus
1475 3265 1730 3324 addictus
1760 3275 1884 3331 est,
1916 3273 1970 3322 ct
2004 3280 2139 3336 ope-

564 3359 795 3414 rationis
837 3357 1083 3430 Spiritus
1137 3376 1332 3417 exsors
1363 3363 1610 3429 exsistit,
1666 3378 1896 3435 quoquo
1920 3378 2141 3420 versum

565 3450 717 3508 abire
768 3463 948 3524 potest
996 3463 1051 3508 et
1097 3454 1361 3511 oberrare
1388 3472 1498 3526 quo
1549 3456 1809 3512 voluerit.
1851 3456 1958 3524 Qui
2013 3471 2146 3514 vero

565 3544 776 3616 Spiritu
829 3548 1036 3618 agitur,
1100 3563 1208 3602 non
1267 3558 1450 3620 potest
1481 3549 1686 3620 ubique
1715 3548 2002 3606 sententiae
2031 3564 2147 3605 suae

565 3639 818 3696 dominus
875 3655 1019 3703 esse,
1072 3641 1278 3713 quippe
1340 3656 1508 3712 quam
1559 3642 1629 3697 ab
1665 3643 1757 3697 illa
1812 3640 2145 3698 auctoritate

565 3730 892 3802 pendentem
949 3732 1171 3788 habeat.
1209 3734 1314 3790 Sed
1372 3749 1703 3807 quocunque
1751 3733 1981 3807 Spiritui
2017 3735 2146 3791 libi-

566 3835 680 3879 tum
735 3827 844 3880 erit
874 3826 1118 3893 ducitur,
1156 3829 1312 3898 isque
1356 3828 1535 3899 jussis
1565 3829 1836 3886 lterilibus
1868 3829 2144 3886 obsecun-

563 3921 675 3974 dat.
711 3920 800 3975 Ait
815 3935 982 3993 ergo:
1016 3921 1341 3980 Nullatenus
1374 3938 1496 3978 sum
1530 3939 1560 3978 a
1589 3924 1990 3996 gubernatione
2019 3921 2144 3996 Spi-

565 4014 705 4070 ritus
736 4015 970 4080 alienus,
1004 4030 1108 4072 nec
1159 4029 1329 4087 penes
1368 4032 1456 4073 me
1487 4024 1577 4074 est
1607 4017 1741 4073 illuc
1777 4032 2002 4090 pergere
2033 4031 2144 4088 quo

564 4107 812 4164 voluero.
843 4107 1108 4165 Paracleti
1137 4111 1407 4181 siquidem
1432 4110 1669 4181 jussioni
1694 4126 1815 4166 sum
1843 4110 2142 4175 obnoxius,

565 4202 796 4274 ipseque
849 4202 980 4256 mihi
1015 4203 1300 4276 praecipit:
1336 4205 1547 4262 idcirco
1604 4205 1790 4260 venire
1828 4219 1938 4260 non
1969 4204 2143 4276 potui,

565 4297 694 4366 quia
748 4310 907 4352 secus
939 4296 1116 4350 visum
1175 4307 1261 4352 est
1287 4295 1541 4369 Spiritui.
1578 4296 1692 4354 lloc
1719 4313 1885 4370 porro
1914 4299 1970 4352 in
1994 4299 2144 4352 Acti-

566 4391 670 4446 bus
699 4389 868 4445 etiam
893 4389 1276 4460 apostolorum
1307 4391 1580 4463 scriptum
1612 4399 1720 4457 est,
1752 4391 1943 4447 cumis
1964 4392 2147 4461 aliquo

568 4499 798 4556 pergere
847 4486 1162 4550 statuisset,
1199 4484 1441 4554 iussisse
1464 4485 1736 4556 Spiritum
1762 4493 1819 4540 ut
1848 4485 1957 4540 alio
1983 4487 2147 4541 vade-

2235 584 2363 622 νων.

2313 677 2332 712 ι
2368 659 2603 728 Ἐλπίζω
2631 663 2688 716 δὲ
2716 662 2893 733 κάγὼ,
2929 664 3009 718 ὅτι
3067 663 3174 729 ἕως
3204 664 3394 730 τέλους
3423 661 3813 732 ἐπιγνώσεσθε,

2238 750 2421 815 καθὼς
2447 753 2542 806 καὶ
2567 754 2842 822 ἐπέγνωτε
2873 755 3022 826 ἡμᾶς
3047 756 3158 808 ἀπὸ
3191 754 3418 826 μέρους.

2317 844 2455 898 ’Λπὸ
2497 843 2606 898 τῶν
2657 845 3041 917 παρελθόντων
3087 847 3374 902 πιστοῦται
3413 845 3486 901 τὰ
3531 846 3812 919 μέλλοντα.

2238 932 2392 1002 Εἶτα,
2427 938 2516 991 καὶ
2543 937 2642 1010 οὐχ
2679 938 2869 1003 ἁπλῶς
2898 938 3056 994 τοῦτο
3083 939 3428 1013 ἀπεφήνατο,
3451 938 3588 994 ἀλλὰ
3614 937 3678 993 τδ
3710 942 3817 993 πᾶν

2237 1031 2582 1104 ἐπιρῤἱπτων
2611 1031 2688 1103 τῷ
2719 1031 2861 1103 Θεῷ,
2892 1030 2985 1085 καὶ
3010 1034 3078 1106 τῇ
3110 1032 3192 1097 εἰς
3224 1032 3388 1087 αὑτὸν
3409 1029 3604 1086 ἐλπίδι.

2317 1143 2335 1176 ι
2367 1127 2490 1180 ὀτι
2521 1123 2787 1197 καύχημα
2836 1125 2992 1198 ὑμῶν
3022 1127 3213 1198 ἐσμεν,
3243 1124 3500 1198 καθάπερ
3537 1127 3632 1180 καὶ
3661 1127 3818 1196 ὑμεῖς

2240 1218 2417 1291 ἡμῶν,
2451 1221 2509 1272 ἐν
2533 1221 2599 1290 τῇ
2633 1220 2819 1292 ἡμέρᾳ.
2844 1220 2938 1273 τοῦ
2968 1220 3179 1294 Κυρίου
3210 1219 3368 1291 ἡμῶν
3403 1219 3606 1290 ⁹ιησοῦ.
3628 1238 3647 1273 ι

2325 1310 2592 1366 Ἐνταῦθα
2643 1313 2737 1367 τὸν
2806 1315 2870 1366 ἐκ
2927 1311 3037 1367 τῶν
3096 1314 3405 1386 εἰρημένων
3457 1312 3819 1386 ὑποτέμνεται

2241 1403 2438 1473 φθόνον
2483 1405 2518 1476 ἢ
2570 1403 2774 1477 ἐριδας,
2811 1404 3007 1470 αὐτοὺς
3054 1405 3149 1460 καὶ
3190 1407 3479 1472 κοινωνοὺς
3512 1405 3686 1461 ποιῶν
3724 1407 3819 1478 τῆς

2239 1496 2397 1566 δόξης
2437 1497 2546 1552 τῶν
2604 1495 2776 1551 αὑτοῦ
2837 1498 3307 1570 κατορθωμάτων.
3344 1500 3419 1552 οὐ
3469 1498 3580 1571 γὰρ
3629 1499 3819 1570 μέχρις

2242 1589 2401 1661 ἡμῶν
2457 1592 2791 1664 κατήντησε,
2831 1592 2986 1664 φησι,
3045 1590 3182 1646 ἀλλὰ
3215 1593 3314 1646 καὶ
3369 1593 3452 1658 είς
3503 1592 3652 1664 ἡμᾶς
3705 1592 3819 1647 δια-

2243 1684 2439 1742 ϐαίνει.

2322 1797 2340 1830 ι
2371 1777 2484 1832 Καὶ
2531 1777 2703 1850 ταύτῃ
2737 1782 2803 1851 τῇ
2841 1777 3171 1851 πεποιθήσει
3216 1777 3522 1850 ἐϐουλόμην
3558 1777 3822 1850 πρότερον

2249 1869 2385 1942 πρὸς
2416 1871 2561 1942 ὑμᾶς
2601 1871 2802 1938 ἐλθεῖν,
2844 1872 2935 1928 ἳνα
2975 1871 3238 1944 δευτέραν
3287 1871 3450 1945 χάριν
3497 1869 3690 1943 σχῆτε,
3727 1874 3822 1925 καὶ

2246 1964 2313 2020 δι’
2344 1963 2502 2035 ὑμῶν
2523 1963 2782 2019 ἀπελθεῖν
2829 1967 2911 2030 είς
2959 1963 3322 2029 Μακεδονίαν,
3363 1964 3460 2018 καὶ
3507 1963 3674 2018 πάλιν
3717 1963 3823 2017 ἀπὺ

2245 2057 2590 2122 Μακεδονίας
2624 2055 2800 2112 ἐλθεῖν
2844 2057 2983 2129 πρὸς
3029 2057 3193 2128 ὑμᾶς,
3226 2056 3320 2110 καὶ
3368 2056 3459 2126 ὕφ’
3487 2053 3645 2127 ἡμῶν
3690 2071 3821 2124 προ-

2248 2149 2572 2222 πεμφθῆναι
2607 2152 2688 2216 εἰς
2735 2149 2833 2222 τὴν
2886 2148 3173 2205 Ἰουδαίαν.
3207 2145 3380 2204 Τοῦτο
3419 2141 3515 2205 οῦν
3564 2147 3822 2220 βουλόμε-

2247 2259 2358 2308 νος,
2386 2262 2404 2297 ι

2318 2335 2392 2388 Τὸ
2425 2324 2630 2409 σφόδρα
2675 2335 2902 2410 θαρῤεῖν
2934 2336 3087 2409 ὑμῖν,
3124 2335 3187 2391 τὸ
3213 2333 3526 2408 καυχᾶσθαι
3555 2334 3640 2405 ἐφ’
3674 2335 3821 2406 ὑμῖν,

2246 2430 2344 2484 καὶ
2372 2429 2634 2502 καύχημα
2661 2428 2820 2503 ἡμῶν
2849 2429 2995 2501 ὑμᾶς
3022 2423 3182 2484 εἶναι.

2323 2632 2344 2664 ι
2373 2612 2524 2683 Μήτι
2560 2613 2668 2684 ἄρα
2695 2615 2763 2684 τῇ
2787 2609 3022 2684 ἐλαφρίᾳ
3049 2611 3409 2685 ἐχρησάμην;
3441 2610 3476 2683 ἢ
3506 2609 3542 2665 a
3574 2609 3819 2682 βουλεύο-

2249 2724 2374 2779 μαι,
2410 2705 2551 2760 κατὰ
2584 2706 2766 2779 σάρκα
2817 2703 3168 2777 βουλεύομαι,
3213 2705 3302 2759 ἵνα
3429 2705 3562 2773 παρ’
3601 2705 3723 2776 ἐμοὶ
3765 2703 3821 2756 τὸ

2248 2797 2377 2864 Ναὶ,
2412 2799 2520 2864 ναὶ,
2551 2799 2645 2852 καὶ
2671 2798 2752 2866 τὸ,
2773 2795 2871 2865 OB,
2896 2798 2989 2867 ob;
3018 2815 3037 2850 ι

2319 2891 2478 2958 Τίνος
2502 2891 2689 2946 ἕνεκεν
2733 2893 2833 2945 οὐκ
2864 2886 3051 2962 ἦλθον,
3090 2891 3292 2962 φησίν;
3333 2886 3444 2963 ἆρα
3490 2894 3567 2956 ὡς
3625 2889 3824 2962 κοῦφος

2250 2986 2347 3040 καὶ
2376 2983 2705 3056 εῦριπιστης
2731 3000 2746 3049 ;
2769 2982 3045 3055 οὐδαμῶς.
3087 2983 3249 3047 Ἀλλὰ
3268 2983 3355 3038 διὰ
3379 2983 3466 3051 τίς
3492 2984 3614 3038 Ὀτι
3643 2982 3679 3037 ἃ
3705 2984 3825 3052 βου-

2248 3078 2500 3149 λεύομαι,
2534 3078 2598 3133 οὺ
2645 3078 2787 3133 κατὰ
2842 3079 3025 3151 σάρκα
3079 3077 3425 3150 βουλεύομαι.
3464 3076 3529 3132 ’0
3578 3076 3633 3132 δέ
3682 3078 3825 3146 λέγει

2247 3169 2490 3224 τοιοῦτόν
2524 3171 2693 3224 ἐστιν·
2733 3169 2792 3223 Ὀ
2823 3170 3086 3242 σαρκικὺς
3122 3168 3432 3242 ἄνθρωπος,
3465 3168 3768 3236 τουτέστιν,
3799 3171 3828 3220 ό

2247 3265 2359 3327 τοῖς
2386 3261 2623 3335 παροῦσι
2655 3261 2946 3332 πράγμασι
2996 3260 3441 3334 προσηλωμένος,
3479 3261 3572 3314 καὶ
3598 3259 3701 3330 τῆς
3731 3259 3828 3312 τοῦ

2249 3356 2390 3411 lived
2398 3375 2567 3428 ματος
2587 3355 2868 3428 ἐνεργείας
2889 3357 3046 3420 ἐκτὸς
3064 3354 3650 3427 τυγχάνων,πανταχοῦ
3673 3358 3829 3410 ἀττιέ-

2248 3466 2340 3502 ναι
2373 3448 2624 3512 δύναται,
2661 3449 2754 3503 καὶ
2809 3445 3120 3502 πλανᾶσθαι
3175 3450 3312 3502 ὅπου
3356 3447 3627 3519 βούλεται.
3664 3446 3726 3503 ’0
3772 3449 3828 3500 δὲ

2248 3541 2354 3598 ὑπὸ
2398 3540 2492 3595 τοῦ
2535 3540 2855 3612 ῐινεύματος
2899 3539 3187 3610 ἀγόμενος,
3215 3540 3274 3593 οὔ
3303 3541 3404 3611 τῆς
3445 3539 3642 3594 ἑαυτοῦ
3688 3540 3842 3608 γνῶ·

2251 3652 2358 3710 μης
2411 3635 2690 3708 πανταχοῦ
2741 3634 2970 3690 δύναται
3013 3634 3206 3706 κύριος
3259 3630 3566 3706 εἷναιζτῆς
3614 3635 3829 3689 ἐκεῖθεν

2248 3730 2496 3796 ἐξουσίας
2550 3729 2858 3802 ἐξαρτήσας
2895 3726 3088 3800 αὐτὴν,
3141 3727 3258 3780 ἀλλ’
3319 3728 3455 3781 ὅπου
3519 3725 3588 3782 ἂν
3653 3728 3832 3780 ἐκεῖνο

2250 3825 2533 3898 βούληται,
2580 3824 2795 3893 ἄγεται,
2839 3823 3182 3885 δεσποτικοῖς
3233 3820 3575 3892 παλαίσμασι
3606 3820 3829 3892 χρώμε-

2246 3937 2358 3985 νος.
2387 3917 2558 3972 Τοῦτο
2591 3911 2685 3971 οῦν
2729 3933 2915 3988 φησιν,
2949 3915 3030 3969 ὅτι
3061 3914 3177 3969 Οὐκ
3219 3913 3335 3984 είμὶ
3364 3913 3464 3984 τῆς
3511 3911 3606 3967 τοῦ
3654 3913 3832 3968 ηνεὺ-
3865 3926 3868 3927 ⁷

2251 4030 2420 4085 ματος
2451 4009 2608 4077 ἱκτδς
2639 4009 3050 4082 κυῦερνήσεως,
3087 4007 3208 4061 οὐδὲ
3244 4003 3497 4072 ἐξουσίαν
3534 4004 3646 4078 ἔχω
3681 4005 3833 4073 βαδί·

2249 4106 2362 4172 ζειν
2396 4105 2531 4159 ὅπου
2580 4101 2864 4176 βούλομαι.
2919 4101 3030 4157 Καὶ
3072 4100 3183 4174 γὰρ
3237 4102 3536 4174 ὑπόκειμαι
3583 4101 3663 4172 τῷ
3712 4102 3834 4154 ἐπι-

2249 4199 2493 4270 τάγματι
2545 4194 2641 4250 τοῦ
2701 4193 3098 4268 Παρακλήτου,
3151 4195 3247 4250 καὶ
3295 4193 3680 4268 ἐπιτάττομαι.
3730 4198 3838 4249 Διά

2247 4291 2407 4346 τοῦτο
2439 4292 2539 4345 οὐκ
2572 4288 2846 4363 ἠδυνήθην
2882 4288 3079 4356 ἐλθεῖν,
3116 4289 3179 4343 οὐ
3212 4289 3318 4360 γὰρ
3360 4287 3507 4354 εδοξε
3545 4287 3624 4359 τῷ
3661 4287 3836 4343 Πνεῦ-

2255 4403 2404 4458 ματι.
2438 4385 2611 4439 Τοῦτο
2635 4384 2692 4438 δὲ
2716 4385 2810 4440 καὶ
2840 4386 2899 4438 ὲν
2936 4385 3058 4449 ταῖς
3099 4381 3333 4456 πράξεσι
3367 4381 3476 4437 τῶν
3512 4381 3837 4438 ἀποστόλων

2251 4480 2587 4552 γέγραπται.
2625 4475 2886 4550 Ἀλλαχοῦ
2917 4476 3027 4550 γὰρ
3062 4475 3504 4556 Προαιροῦμενον
3537 4474 3741 4539 ἐλθεῖν,
3775 4475 3839 4528 τὸ

570 4587 653 4634 ret
676 4577 719 4632 ³.
750 4576 872 4634 Non
923 4593 1056 4652 ergo
1081 4579 1291 4635 levitati
1324 4594 1477 4643 mem.
1513 4579 1617 4634 lioc
1653 4587 1758 4644 est,
1785 4595 1897 4635 non
1928 4581 2141 4634 mobili-

2255 4575 2484 4648 Πνεῦμα
2517 4574 2753 4647 ἀλλαχοῦ
2803 4571 3042 4645 βαδίζειν
3077 4571 3386 4628 ἐκέλευσεν.
3416 4571 3579 4625 Ὥστε
3622 4571 3686 4625 οὐ
3734 4571 3834 4640 τῆς

567 4672 668 4726 tati
715 4672 882 4726 animi
934 4672 1288 4728 tribuendum
1346 4672 1492 4744 quod
1549 4687 1658 4727 non
1716 4672 2007 4742 venerim;
2050 4673 2141 4728 sed

2256 4672 2398 4744 ἐμῆς
2432 4670 2725 4742 ἐλαφρίας,
2764 4668 3075 4732 τουτέστιν,
3105 4666 3232 4723 οὒτε
3260 4668 3360 4739 τῆς
3406 4666 3745 4738 κουφότητος
3777 4666 3839 4720 τὸ

571 4767 816 4836 oportuit
863 4775 924 4822 ut
972 4766 1064 4838 qui
1110 4766 1341 4838 Spiritui
1381 4766 1636 4824 subditus
1670 4784 1814 4835 sum,
1844 4768 2018 4824 eidem
2056 4770 2141 4824 ob-

2260 4767 2336 4840 μὴ
2355 4766 2552 4832 ἐλθεῖν,
2576 4764 2712 4820 ἀλλὰ
2728 4766 2808 4835 τὸ,
2829 4764 2908 4837 τῷ
2930 4762 3212 4836 Πνεῦματι
3237 4761 3429 4816 ὖποκεί
3434 4778 3617 4834 μενον,
3639 4762 3838 4832 ἐκείνῳ

572 4867 954 4928 temperarent.

649 4951 812 5008 Vens.
841 4952 926 5006 l8.
975 4970 994 5004 ι
1025 4951 1228 5010 Fidelis
1252 4965 1434 5009 autem
1469 4955 1634 5018 Deus,
1683 4955 1810 5027 quia
1845 4971 2025 5012 sermo
2054 4974 2148 5010 uo-

572 5047 821 5117 ster,qui
853 5046 956 5101 fuit
987 5048 1040 5104 in
1076 5047 1331 5115 illo,Est,
1357 5057 1431 5111 et,
1455 5047 1595 5104 Non.
1630 5068 1647 5102 ι

643 5139 1022 5212 Emergcntem
1047 5142 1414 5213 objectioncm
1439 5143 1623 5198 solvit.
1647 5143 1856 5200 Dixerit
1880 5145 2149 5216 quispiam

573 5232 619 5287 si
648 5246 757 5286 non
785 5243 873 5288 est
897 5234 1040 5304 apud
1075 5244 1147 5296 te.
1180 5233 1298 5300 Est,
1330 5245 1406 5299 et,
1434 5233 1589 5301 Non;
1611 5253 1709 5292 cur
1735 5239 1966 5309 posthac
1999 5256 2150 5294 ever-

2258 4860 2568 4916 πείθεσθαι.

2339 4976 2355 5006 σ
2385 4957 2586 5020 Πιστὸς
2617 4955 2672 5008 δὲ
2694 4956 2722 5007 ὁ
2755 4952 2908 5020 Θεὸς,
2938 4952 3021 5006 ὅτι
3047 4953 3076 5005 ό
3105 4949 3260 5016 λόγος
3290 4949 3446 5022 ἡμῶν
3476 4950 3506 5004 ό
3534 4948 3669 5022 πρὸς
3693 4949 3844 5020 ὑμᾶς

2260 5051 2358 5103 οὐκ
2389 5049 2607 5115 ἐγένετο
2634 5047 2766 5111 Ναὶ,
2797 5049 2910 5112 καὶ,
2935 5045 3032 5101 Οῦ.
3071 5064 3088 5095 ι

2347 5144 2648 5198 ’Λντίθεσιν
2677 5139 3094 5195 ἀνακύπτουσαν
3124 5137 3262 5192 λύει.
3294 5138 3357 5192 Ei
3382 5136 3482 5191 οὐκ
3509 5135 3650 5202 ἔστι,
3682 5133 3846 5206 φησι,

2263 5240 2415 5311 παρὰ
2451 5239 2534 5291 σοι
2577 5237 2636 5292 τὸ
2664 5237 2795 5302 Ναί,
2837 5235 2952 5299 καὶ,
2990 5234 3094 5301 Oi),
3125 5233 3261 5288 ἀλλὰ
3292 5232 3330 5289 ἃ
3363 5231 3458 5285 νῦν
3480 5231 3683 5300 λέγεις,
3713 5235 3849 5286 ἀνα-

576 5328 666 5392 tis,
698 5340 821 5396 quae
848 5327 1007 5382 modo
1038 5329 1271 5392 asseris,
1324 5330 1785 5400 quemadmodum
1824 5333 1890 5389 de
1924 5348 2141 5388 accessu

2261 5333 2485 5402 τρέπεις
2519 5329 2658 5400 μετὰ
2691 5327 2888 5392 ταῦτα,
2921 5324 3111 5399 ὥσπερ
3147 5327 3238 5380 ἐπὶ
3282 5323 3384 5396 τῆς
3422 5323 3720 5394 ἐπιδημίας
3746 5322 3846 5393 τῆς

578 5432 669 5472 tuo
704 5419 934 5490 loquens
969 5420 1184 5475 fecisti?
1237 5420 1328 5475 Vw
1365 5422 1521 5478 nobis
1553 5424 1599 5478 si
1630 5440 1869 5493 unquam
1924 5425 1975 5479 id
2007 5427 2141 5481 acci-

2264 5425 2365 5495 σῆς
2404 5424 2690 5492 ἐποίησας,
2734 5420 2859 5475 οὐαὶ
2903 5421 3036 5490 ἡμῖν
3072 5419 3147 5492 μή
3177 5435 3306 5474 ποτε
3333 5418 3431 5472 καὶ
3463 5418 3521 5473 ἐν
3549 5416 3634 5488 τῷ
3665 5418 3846 5489 κηρύ-

581 5513 654 5566 dit
679 5515 733 5568 in
764 5515 1155 5584 praedicatione
1189 5526 1397 5570 nostra.
1425 5516 1609 5587 Itaque
1634 5533 1700 5570 ne
1733 5517 1844 5571 haec
1865 5520 2141 5590 cogitandt

2264 5536 2436 5588 γματι
2472 5514 2629 5569 τοῦτο
2660 5514 2904 5583 γέγονεν.
2935 5512 3054 5566 Ἵνα
3081 5507 3174 5566 οῦν
3219 5507 3296 5585 μὴ
3325 5510 3499 5567 ταῦτα
3537 5509 3847 5564 ἐννοοῦντες

581 5608 1049 5675 perturbarentur,
1081 5609 1155 5661 ait
1189 5626 1200 5662 :
1239 5608 1383 5663 Nihil
1432 5612 1539 5664 tale
1582 5613 1812 5683 conligit
1847 5614 1900 5665 in
1963 5614 2141 5682 praedi

2266 5613 2653 5684 πράττωνται,
2694 5607 2860 5677 φησὶν
2911 5607 2994 5660 ὅτι
3051 5607 3153 5661 οὐκ
3202 5608 3294 5660 ἐπὶ
3339 5605 3434 5660 τοῦ
3483 5605 3847 5677 κηρύγματος

583 5700 888 5754 rationibus
918 5702 1073 5755 meis.
1106 5700 1350 5755 Humana
1383 5701 1659 5773 siquidem
1710 5705 1997 5759 mendacio
2026 5719 2141 5760 sunt

2265 5706 2439 5768 οὕτως
2464 5703 2700 5773 ἐγένετο.
2735 5702 2811 5755 Τὰ
2849 5701 2947 5772 μὲν
2981 5699 3089 5772 γὰρ
3121 5697 3437 5772 ἀνθρώπινα
3483 5697 3685 5753 οἴονται
3723 5696 3844 5752 δια-

633 5878 658 5910 δ
703 5881 824 5936 Aci.
853 5897 963 5947 XVI,
1009 5882 1058 5936 7.
