4038 6284
385 400 492 466 735

1529 406 1593 471 S.
1633 407 1667 472 Ι
1671 407 1875 472 OANN
1880 409 1953 472 IS
1991 406 2424 481 DAMASCENI

3535 422 3638 488 736

381 509 588 583 Opiﬁcii
637 525 810 583 genus
849 512 1172 570 concessit:
1225 527 1463 586 superne
1517 518 1796 590 siquidem
1862 533 1948 593 per

2061 530 2157 586 θεν
2209 523 2614 612 δημιουργίαν⁹
2669 538 2766 595 καὶ
2813 535 2923 610 γὰρ
2975 536 3184 595 ἄνωθεν
3233 534 3503 609 ἐγεννήθη
3549 534 3658 604 διὰ,

385 600 654 672 Spiritum
687 599 903 672 genitus
947 615 1051 659 est.
1094 602 1460 673 Quamobrem
1503 608 1668 663 etiam
1703 609 1780 666 ait
1814 609 1960 664 :De-

382 692 576 750 betnus
618 696 666 749 ei
715 695 899 750 vivere
922 735 938 759 ,
969 710 1083 751 non
1116 698 1292 753 solum
1325 699 1454 769 quia
1487 716 1585 772 pro
1619 701 1776 758 nobis
1812 717 1960 757 mor-

382 794 492 842 tem
551 786 817 858 oppetiit,
871 804 981 842 non
1041 788 1203 846 modo
1270 792 1398 862 quia
1463 796 1635 848 nostri
1686 794 1961 867 primitias

381 879 665 947 excitavit,
719 879 816 937 sed
850 881 982 950 quia
1012 881 1066 937 in
1096 882 1260 938 aliam
1293 899 1511 957 quoque
1555 886 1722 940 vitam
1773 895 1958 942 trans-

380 984 602 1026 tvunus.
1182 1033 1187 1039 _

454 1077 476 1113 ε
528 1057 727 1120 Vetera
792 1063 1150 1122 transierunt.
1207 1061 1349 1121 Ecce
1393 1061 1542 1122 facta
1593 1072 1726 1123 sunt
1771 1064 1957 1122 omnia

377 1164 542 1208 nova.
583 1171 605 1207 ι
657 1206 666 1216 ,

449 1247 558 1300 Aut
588 1246 655 1303 de
679 1247 923 1317 peccatis
952 1247 1218 1318 loquitur,
1257 1255 1352 1304 aut
1388 1248 1454 1302 de
1483 1244 1729 1306 Judaicis
1760 1245 1956 1304 ritibus

378 1334 675 1396 universis.
701 1340 816 1397 imo
844 1349 902 1396 et
927 1341 1044 1396 haec
1078 1347 1135 1396 et
1170 1339 1262 1395 illa
1290 1341 1491 1398 innuit.

448 1426 616 1486 Vsus.
643 1429 733 1487 18.
767 1449 788 1485 ι
823 1428 1020 1488 Omnia
1051 1438 1232 1485 autem
1264 1445 1329 1486 ex
1362 1429 1496 1486 Deo.
1539 1450 1559 1484 ι

444 1516 582 1576 Nam
619 1530 676 1577 et
701 1519 932 1590 ipsamct
953 1520 1285 1577 condonatio
1308 1531 1680 1591 peccatorum,
1722 1519 1950 1577 libertas

374 1625 612 1683 quoque,
641 1620 698 1668 et
731 1612 1051 1684 incorrupta
1079 1611 1348 1670 claritudo
1377 1626 1475 1684 per
1505 1627 1634 1670 eum
1666 1612 1828 1670 nobis
1851 1613 1952 1669 do-

373 1712 501 1760 nata
535 1714 681 1761 sunt.

449 1813 471 1848 ι
509 1795 613 1863 Qui
671 1811 772 1853 nos
819 1797 1197 1854 reconciliavit
1246 1797 1346 1854 sibi
1395 1812 1491 1869 per
1535 1797 1839 1861 Christum,
1896 1804 1952 1852 et

2062 631 2402 702 Πνεῦματος,
2453 629 2597 686 ὥστε
2639 630 2735 686 καὶ
2780 628 2868 686 διά
2899 627 3076 694 τοῦτο,
3122 628 3312 701 φησὶν,
3348 627 3636 698 ὀφείλομεν

2062 720 2214 796 αὐτῷ
2253 725 2373 797 ζῇν,
2398 726 2496 794 οὐχ
2539 725 2623 779 δτι
2647 722 2923 778 ἀπέθανεν
2951 721 3099 792 ὑπὲρ
3123 720 3284 793 ἡμῶν
3308 719 3494 790 μόνον,
3526 716 3636 772 οὐδ’

2058 818 2142 874 δτι
2184 816 2485 887 ἀνέστησεν
2529 813 2689 886 ἡμῶν
2725 817 2830 886 τὴν
2866 815 3125 885 ἀπαρχὴν
3161 811 3362 884 μόνον’
3395 807 3513 866 ἀλλ’
3551 807 3636 863 δτι

2058 908 2158 964 καὶ
2181 909 2262 972 είς
2284 906 2452 980 ἄλλην
2475 906 2717 980 ῆλθομεν
2738 904 2910 980 ζωήν.

2134 1106 2154 1142 ι
2186 1085 2274 1143 Τά
2323 1085 2527 1159 ἀρχαία
2583 1082 2884 1157 παρῆλθεν.
2956 1080 3092 1138 ‘iBob
3126 1081 3319 1152 γέγονε
3354 1075 3522 1134 καινά
3565 1074 3637 1136 τε

2056 1179 2264 1236 πάντα.
2301 1196 2322 1231 ι

2131 1266 2291 1320 Ἦτά
2316 1264 2692 1338 ἀμαρτήματά
2731 1279 2920 1333 φησιν,
2959 1261 2990 1332 ἢ
3029 1263 3098 1315 τὰ
3134 1260 3403 1316 Ἰουδαῐκά
3432 1258 3630 1327 πάντα.

2058 1356 2261 1430 μᾶλλον
2285 1357 2345 1411 δί
2379 1357 2476 1412 καὶ
2505 1354 2681 1411 ταῦτα
2712 1357 2938 1411 κάκεῖνα
2963 1353 3136 1424 λέγει.

2132 1464 2152 1496 ε
2186 1443 2270 1498 Τά
2291 1444 2348 1500 δὲ
2387 1446 2568 1501 πάντα
2592 1448 2659 1499 ἐκ
2684 1443 2779 1498 τοῦ
2809 1441 2968 1498 Θεοῦ.
3015 1460 3035 1497 ι

2125 1537 2240 1592 Καὶ
2263 1535 2376 1609 γὰρ
2399 1536 2540 1609 αὕτη
2571 1537 2606 1608 ή
2630 1534 2829 1604 ἄφεσις
2861 1535 2974 1591 τῶν
3001 1535 3441 1608 ἁμαρτημάτων,
3474 1531 3568 1590 καὶ
3596 1535 3632 1607 ἠ

2053 1629 2336 1700 ἐλευθερία
2360 1670 2377 1698 ,
2406 1627 2501 1684 καὶ
2546 1631 2580 1700 ή
2610 1626 2742 1695 δόξα
2775 1628 2812 1700 ἡ
2854 1624 3160 1700 ἄφθαρτος,
3199 1627 3270 1682 δι’
3300 1626 3469 1684 αὐτοῦ
3503 1628 3636 1700 ἡμῖν

2052 1719 2370 1792 δεδώρηται.

2129 1831 2151 1867 ι
2181 1811 2288 1868 Τοῦ
2312 1811 2748 1879 καταλλάξαντος
2773 1810 2922 1882 ἡμᾶς
2955 1808 3132 1881 ἑαυτῷ
3167 1807 3257 1864 διὰ
3299 1806 3477 1881 Ἰησοῦ
3499 1807 3631 1879 Χρι-

373 1884 526 1975 dedit
556 1885 714 1944 nobis
744 1889 1063 1962 mysterium
1090 1889 1579 1959 reconciliationis.
1611 1886 1805 1962 [Vens
1834 1884 1948 1961 19.]

2055 1902 2204 1970 στοῦ,
2227 1904 2324 1958 καὶ
2345 1903 2528 1968 δόντος
2550 1876 2679 1975 ἡμῖν
2700 1876 2805 1973 τὴν
2816 1876 3116 1956 διακονίαν-
3130 1900 3233 1971 τῆς
3259 1876 3631 1970 καταλλαγῆς,

373 1974 646 2043 Quoniam
671 1978 895 2050 quidem
940 1980 1083 2035 Deus
1112 1989 1229 2036 erat
1275 1981 1328 2034 in
1375 1979 1598 2037 Christo
1629 2019 1646 2046 ,
1685 1979 1950 2050 mundum

372 2067 735 2125 reconcilians
765 2069 894 2136 sibi,
927 2085 1040 2126 non
1073 2080 1333 2142 reputans
1365 2072 1474 2127 illis
1497 2071 1702 2127 delicta
1729 2086 1948 2140 eorum,

370 2165 428 2216 at
453 2173 662 2230 ponens
685 2161 743 2216 in
776 2162 936 2218 nobis
966 2165 1191 2229 verbum
1221 2164 1712 2220 reconciliationis.
1749 2183 1771 2216 ι

442 2252 577 2308 Nam
626 2257 1080 2314 reconciliatione
1126 2257 1310 2312 omnia
1347 2257 1507 2316 nobis
1543 2258 1684 2314 bona
1729 2257 1953 2324 adluxe-

369 2356 522 2404 runt.
559 2345 953 2404 Rcconciliatio
999 2355 1183 2403 autem
1235 2349 1474 2406 amicitia
1525 2357 1630 2407 est.
1666 2348 1772 2419 Qui
1817 2365 1953 2422 ergo

370 2453 473 2495 nos
495 2441 703 2496 amicos
731 2437 882 2509 fecit,
923 2441 970 2496 is
993 2441 1117 2498 aliis
1151 2457 1251 2499 uos
1293 2441 1454 2498 bouis
1483 2442 1752 2514 implevit.
1781 2444 1948 2514 Atqui

369 2532 461 2589 hic
497 2533 661 2590 etiam
691 2536 932 2592 ostendit
959 2535 1280 2607 dignitatem
1323 2535 1724 2607 apostolorum,
1765 2553 1952 2609 quan-

369 2635 483 2681 tum
520 2624 653 2683 item
696 2625 974 2701 negotium
1016 2627 1097 2684 eis
1127 2627 1492 2684 commissum
1538 2628 1634 2698 sit,
1679 2637 1735 2685 et
1782 2642 1948 2701 quam

368 2713 570 2774 eximia
601 2717 819 2774 dilectio
853 2717 945 2775 Dei
978 2720 1168 2778 fuerit.

444 2803 609 2873 Vsus.
631 2809 722 2866 20.
755 2831 781 2863 r
803 2810 907 2867 Pro
928 2812 1147 2870 Christo
1172 2828 1306 2886 ergo
1334 2813 1608 2886 legatione
1640 2812 1947 2887 fungimur,

367 2907 627 2973 tanquam
665 2901 775 2958 Deo
803 2904 1134 2962 exhortante
1164 2921 1261 2978 per
1295 2922 1419 2965 nos.
1445 2908 1812 2964 Obsecramus
1844 2919 1948 2980 pro

365 2992 610 3053 Christo.
653 2999 676 3049 ἰ
947 2993 949 2996 ‘

436 3083 601 3143 Pater
625 3086 824 3144 Filium
865 3088 1036 3158 misit,
1073 3087 1278 3164 inquit,
1303 3101 1368 3147 ut
1410 3091 1677 3150 suaderet
1714 3097 1771 3147 et
1804 3089 1947 3162 iega-

2052 1998 2130 2063 ὡς
2159 1999 2241 2052 ὅτι
2261 1996 2395 2061 Θεὸς
2427 1990 2496 2064 ἦν
2527 1997 2584 2048 ὲν
2613 1992 2838 2066 Χριστῷ
2864 1994 3072 2063 κόσμον
3093 1991 3486 2047 καταλλάσσων
3505 1991 3634 2045 ἑαυ-

2052 2089 2151 2161 τῷ,
2188 2088 2263 2162 μὴ
2290 2086 2639 2157 λογιζόμενος
2661 2087 2848 2150 αὐτοῖς
2880 2085 2948 2140 τὰ
2977 2081 3406 2158 παραπτώματα
3429 2082 3632 2149 αὐτῶν,

2053 2184 2151 2240 καὶ
2181 2183 2411 2253 θέμενος
2436 2182 2496 2236 ἑν
2533 2183 2666 2253 ἡμῖν
2687 2181 2778 2236 τὸν
2807 2179 2968 2252 λόγον
3005 2181 3105 2250 τῆς
3131 2177 3505 2251 καταλλαγῆς.
3534 2196 3557 2231 s

2134 2273 2272 2346 ’Δπδ
2305 2273 2413 2346 γὰρ
2443 2273 2545 2342 τῆς
2577 2271 2924 2344 καταλλαγῆς
2953 2270 3132 2325 πάντα
3170 2271 3300 2342 ὑμῖν
3334 2267 3543 2343 ὑπῆρξε
3563 2268 3634 2322 τά

2052 2366 2239 2438 ἀγαθά
2255 2342 2616 2435 ’διαταλλαγὴ
2647 2362 2715 2429 δέ,
2740 2342 2891 2418 ἐστιν
2935 2363 2970 2434 ἡ
3000 2362 3176 2432 φιλία.
3202 2361 3413 2416 Οὐκοῦν
3444 2360 3632 2432 φίλους

2051 2457 2204 2532 ἡμᾶς
2228 2457 2462 2530 ποιήσας
2488 2454 2669 2522 αὐτὸς,
2698 2455 2795 2510 καὶ
2821 2452 2932 2509 τῶν
2957 2452 3136 2509 ἄλλων
3175 2453 3474 2524 ἐνέπλησεν
3495 2453 3630 2521 ἀγαο

2053 2551 2185 2609 θῶν.
2229 2553 2514 2607 Δείκννται
2545 2549 2605 2603 δὲ
2655 2549 2748 2603 καὶ
2784 2549 2847 2603 τὸ
2891 2547 3002 2603 τῶν
3039 2545 3357 2602 ἀποστόλων
3391 2545 3626 2616 ἀξίωμα,

2052 2643 2239 2717 ἡλίκον
2263 2643 2499 2714 πρᾶγμα
2529 2639 2978 2714 ἑγχειρίσθησαν,
3019 2639 3238 2712 καὶτῆς
3266 2638 3489 2711 ἀγάπης
3536 2635 3628 2693 τοῦ

2050 2734 2189 2792 Θεοῦ
2221 2737 2256 2809 ἡ
2287 2734 2583 2809 ὑπερϐολή.

2129 2849 2149 2884 ε
2189 2827 2364 2902 Ὑπὲρ
2410 2825 2652 2899 Χριστοῦ
2688 2821 2783 2884 οὖν
2815 2824 3215 2900 πρεσϐεύομεν,
3243 2823 3321 2888 ὥς
3364 2821 3461 2878 τοῦ
3491 2821 3628 2878 Θεοῦ

2048 2919 2497 2998 παρακαλοῦντος
2528 2917 2596 2974 δι’
2625 2917 2787 2992 ἡμῶν
2810 2935 2826 2947 ·
2855 2915 3092 2990 δεόμεθα
3127 2914 3267 2990 ὑπὲρ
3297 2912 3562 2987 Χριστοῦ.
3602 2933 3622 2968 ι

2125 3101 2412 3173 Ἔπεμψεν
2439 3100 2534 3156 τὸν
2554 3099 2707 3167 Υίδν,
2740 3099 2929 3174 φησιν,
2951 3097 2982 3152 δ
3004 3096 3199 3171 Πατὴρ
3247 3094 3630 3172 παρακαλέσαι

366 3179 522 3283 t‘ione
570 3194 669 3251 pro
731 3195 794 3238 se
842 3177 1168 3254 fungeretur
1215 3183 1359 3253 apud
1410 3183 1700 3241 hominum
1747 3195 1942 3256 genus.

2052 3195 2149 3251 καὶ
2185 3191 2628 3268 πρεσϐεύσασθαι
2679 3191 2818 3264 πρὸς
2841 3189 2943 3263 τὴν
2971 3190 3083 3245 τῶν
3130 3188 3438 3263 ἀνθρώπων
3465 3188 3631 3258 φύσιν
3674 3235 3676 3237 ,

367 3267 509 3338 Quia
558 3273 727 3343 igitur
772 3282 904 3344 post
955 3275 1294 3330 occisionem
1337 3275 1431 3330 ille
1465 3275 1643 3342 abiit,
1685 3290 1788 3332 nos
1817 3288 1948 3330 vero

370 3354 696 3434 lbgationem
737 3364 1118 3435 suscepimus,
1157 3365 1306 3422 illius
1354 3368 1477 3422 vice
1524 3373 1580 3422 et
1632 3380 1732 3437 pro
1784 3365 1949 3433 Patre

368 3466 472 3510 vos
519 3455 894 3512 exhortamur.
956 3452 1138 3510 Tanto
1198 3465 1382 3512 autem
1451 3465 1711 3512 naturam
1768 3456 1948 3513 homi-

369 3558 504 3600 num
552 3542 764 3600 honore
825 3544 999 3610 auxit,
1042 3552 1102 3598 ut
1142 3543 1344 3600 Filium
1416 3546 1738 3610 tradiderit,
1783 3546 1949 3618 idque

367 3650 495 3693 eum
528 3645 825 3706 prmnoaset
867 3635 1258 3692 immolandum
1293 3656 1306 3692 :
1361 3637 1592 3710 insuper
1635 3652 1740 3696 nos
1773 3637 1945 3694 vestri

368 3741 538 3787 causa
602 3728 811 3786 creavit
866 3731 1170 3799 apostolos.
1245 3731 1614 3799 Quamobrem
1696 3731 1948 3802 apprime

367 3823 540 3891 etiam,
567 3831 714 3879 recte
739 3822 956 3880 diccbat
987 3837 1004 3877 :
1036 3821 1233 3880 Omnia
1262 3833 1476 3895 propter
1499 3840 1608 3879 eos.
1638 3823 1796 3892 Quod
1817 3837 1948 3896 ergo

368 3915 470 3982 ιιι,
500 3912 610 3970 Pro
638 3914 856 3972 Christo
902 3915 1168 3987 legatione
1215 3916 1488 3988 fungimur
1510 3957 1525 3985 ,
1559 3916 1701 3974 idem
1744 3924 1850 3984 est,
1881 3930 1947 3973 ac

366 4007 594 4065 Christo
638 4008 1009 4067 successimus
1043 4021 1100 4064 ut
1132 4026 1361 4065 munera
1405 4011 1580 4081 ipsius
1616 4025 1948 4088 exsequere-

367 4116 514 4158 ntur.
540 4099 700 4170 Quod
743 4102 791 4158 si
839 4100 893 4159 id
935 4102 1031 4158 tibi
1065 4118 1324 4174 magnum
1356 4103 1593 4169 videtur,
1627 4103 1734 4159 hoc
1777 4102 1944 4158 etiam

365 4191 520 4262 audi,
557 4194 706 4266 quod
736 4193 853 4250 vico
876 4191 1057 4250 Patris
1085 4193 1224 4250 illud
1256 4201 1538 4267 praestant.
1573 4193 1787 4251 Idcirco
1815 4199 1948 4251 sub-

360 4285 580 4358 jun'tit,
644 4293 899 4356 tanquam
966 4283 1079 4346 Deo
1130 4284 1442 4339 ultor-tante
1507 4299 1604 4355 per
1656 4302 1774 4340 nos.
1823 4281 1946 4340 Non

367 4378 547 4435 solum
597 4379 743 4434 enim
788 4393 888 4450 per
939 4376 1141 4433 Filium
1191 4377 1517 4436 adhortatus
1569 4385 1698 4445 est,
1750 4391 1945 4433 verum

364 4474 529 4528 etiam
581 4487 679 4544 per
721 4487 850 4539 nos,
899 4471 992 4542 qui
1053 4467 1176 4525 Filii
1232 4471 1355 4543 ejus
1410 4485 1552 4542 opus
1603 4469 1945 4540 excepimus.

2056 3289 2199 3361 ὑπὲρ
2230 3285 2418 3344 αὑτοῦ.
2482 3283 2636 3340 Ἐπεὶ
2683 3279 2775 3339 οῦν
2832 3281 3064 3354 σφαγεὶς
3111 3283 3321 3346 ἐκεῖνος
3362 3279 3630 3352 ἀπῆλθεν,

2054 3382 2216 3453 ἡμεῖς
2235 3379 2294 3435 δὲ
2322 3375 2625 3448 ἐδεξάμεθα
2671 3374 2771 3450 τὴν
2809 3374 3131 3452 πρεσϐείαν,
3181 3375 3280 3430 καὶ
3313 3371 3429 3428 ἀντ’
3463 3372 3629 3429 αὑτοῦ

2055 3471 2151 3526 καὶ
2181 3469 2322 3541 ὑπὲρ
2353 3467 2449 3523 τοῦ
2474 3465 2690 3538 Πατρός
2728 3464 3165 3537 παρακαλοῦμεν
3197 3463 3362 3538 ὑμᾶς.
3390 3463 3632 3520 τοσοῦτο

2053 3565 2282 3638 τιμᾶται
2313 3562 2376 3618 τὸ
2420 3559 2528 3616 τῶν
2572 3543 2878 3633 ἀνθρώπων
2903 3561 3082 3630 γένος,
3133 3558 3219 3614 δτι
3251 3558 3351 3614 καὶ
3377 3557 3470 3613 τὸν
3501 3557 3640 3612 Tios

2053 3658 2317 3725 ἐπέδωκε,
2342 3657 2434 3712 καὶ
2461 3653 2657 3722 ταῦτα,
2687 3654 2845 3719 ειδὼς
2873 3654 2958 3708 ὅτι
2988 3653 3354 3725 σφαγήσεται,
3385 3653 3482 3707 καὶ
3499 3653 3632 3708 ἀπο.

2054 3750 2274 3813 στόλους
2295 3748 2445 3820 ἡμᾶς
2468 3748 2536 3803 δι’
2569 3747 2714 3819 ὑμᾶς
2738 3745 3063 3820 πεποίηκεν.
3095 3745 3260 3800 Ὠστε
3285 3745 3512 3809 εἰκότως
3535 3745 3634 3802 καὶ

2051 3841 2230 3912 ἔλεγε,
2267 3838 2471 3896 Πάντα
2512 3838 2590 3894 δι’
2625 3835 2804 3908 ὑμᾶς.
2847 3838 2923 3893 Τὸ
2971 3833 3099 3905 οῦν,
3145 3836 3328 3908 ’Υπὲρ
3371 3836 3630 3908 Χριστοῦ

2054 3932 2482 4005 πρεσϐεύομεν,
2512 3930 2815 3996 τουτέστιν,
2865 3928 2990 3986 ἀντὶ
3035 3929 3134 3986 τοῦ
3171 3928 3412 4003 Χριστοῦ
3469 3930 3631 4001 ἡμεῖς

2050 4023 2404 4098 διεᾶξάμεθα
2435 4023 2507 4078 τὰ
2538 4022 2772 4078 ἐκείνου.
2800 4023 2864 4078 Ei
2886 4022 2946 4078 δὲ
2982 4022 3128 4095 μέγα
3159 4039 3243 4077 σοι
3267 4020 3431 4077 τοῦτο
3458 4020 3629 4087 δοκεῖ,

2050 4118 2218 4175 ἄκουε
2246 4118 2343 4173 καὶ⁵
2374 4117 2456 4174 ὅτι
2495 4115 2616 4172 ἀντὶ
2659 4114 2754 4171 τοῦ
2788 4114 3195 4192 Πατρδςετοῦτο
3221 4114 3488 4174 ποιοῦσιν.
3531 4116 3632 4171 Διά

2054 4212 2162 4284 γὰρ
2204 4211 2362 4265 τοῦτο
2407 4210 2502 4266 καὶ
2557 4210 2838 4284 ἐπήγαγεν
2861 4249 2878 4277 ,
2918 4195 3014 4276 ὡς’
3042 4207 3153 4265 τοῦ
3185 4207 3334 4265 Θεοῦ
3361 4225 3631 4278 παρακα-

2053 4299 2231 4356 λοῦν-ι
2244 4318 2310 4368 ος
2327 4300 2403 4354 δι’
2436 4297 2627 4370 ἡμῶν.
2659 4299 2736 4353 οὐ
2758 4300 2866 4372 γὰρ
2889 4299 2981 4356 διά
3007 4297 3103 4354 τοῦ
3131 4299 3264 4354 Υιοῦ
3293 4299 3462 4354 αὑτοῦ
3491 4317 3630 4374 παρ-

2054 4391 2277 4449 εκᾶλεσε
2301 4392 2481 4464 μόνον,
2517 4391 2652 4446 ἀλλά
2679 4392 2773 4447 καὶ
2790 4391 2856 4445 δι’
2883 4391 3043 4462 ἡμῶν
3071 4392 3182 4447 τῶν
3222 4391 3319 4448 τοῦ
3373 4391 3505 4447 Υίοῦ
3533 4393 3632 4448 αὖα

2052 4483 2148 4539 τοῦ
2167 4485 2583 4556 ἀναδεξαμένων
2604 4485 2788 4558 ἔργον.
2813 4484 3002 4540 Ταῦτα
3034 4484 3093 4540 δὲ
3111 4484 3311 4556 λέγων,
3331 4486 3433 4558 τὴν
3459 4485 3628 4560 ὕπερ·

364 4566 576 4633 Quibus
643 4564 826 4622 verbis
887 4563 1253 4622 humanitatis
1322 4562 1419 4624 Dei
1485 4561 1944 4634 exsuperantiam

2052 4577 2213 4651 δολὴν
2245 4579 2616 4635 ἐπιδείκνυται
2640 4579 2742 4650 τῆς
2765 4577 3181 4656 φιλανθρωπίας
3206 4577 3305 4634 τοῦ
3337 4577 3495 4634 Θεοῦ.

364 4657 728 4716 demonstrat.

438 4767 458 4802 ι
497 4747 951 4804 Reconciliamini
979 4746 1110 4804 Deo.
1145 4764 1165 4799 ι

432 4835 551 4896 Non
607 4839 765 4901 dixit,
815 4839 982 4893 Deum
1024 4838 1179 4894 vobis
1227 4838 1601 4898 reconciliate.
1634 4838 1756 4897 Non
1793 4839 1945 4898 enim

365 4930 458 4990 ille
481 4929 681 5000 estqui
714 4929 1031 4983 inimicitias
1065 4928 1222 4999 gerit,
1259 4927 1355 4985 sed
1391 4945 1507 4986 vos.

433 5021 600 5079 Vsus.
635 5021 725 5076 22.
756 5020 892 5076 Eum
928 5022 1074 5076 enim
1105 5021 1201 5092 qui
1229 5037 1341 5078 non
1371 5032 1598 5080 noverat
1619 5032 1937 5096 peccatum,

364 5130 466 5190 pro
493 5116 654 5172 nobis
684 5122 971 5186 peccatum
1003 5113 1152 5170 fecit.
1185 5133 1209 5169 ο

432 5207 564 5275 Quae
618 5207 891 5262 anteriora
939 5215 1101 5272 sunt,
1146 5207 1350 5278 inquit,
1398 5225 1510 5264 non
1552 5224 1747 5276 narro,
1792 5210 1942 5283 quod

365 5300 714 5360 contumeliis
745 5298 1039 5357 ail‘cccritis
1067 5316 1190 5357 eum
1223 5302 1318 5371 qui
1362 5301 1502 5357 nihil
1546 5302 1764 5374 injuria:
1796 5304 1947 5362 intu-

363 5391 529 5460 lerat,
558 5394 762 5465 quique
787 5394 969 5464 potius
1000 5409 1096 5450 vos
1125 5394 1284 5452 bonis
1331 5404 1582 5460 auxerat,
1637 5411 1740 5453 nec
1793 5396 1940 5466 quod

368 5497 401 5544 a
432 5483 589 5540 vobis
625 5499 734 5538 non
765 5485 1013 5556 peposcit
1043 5499 1256 5555 poenas,
1286 5499 1341 5541 ct
1376 5501 1499 5540 cum
1536 5487 1651 5556 ipse
1680 5488 1833 5558 prior
1861 5489 1944 5542 la-

364 5571 610 5636 cessitus
660 5580 842 5638 esset,
906 5574 1271 5632 nihilominus
1322 5576 1694 5632 obsecrabat:
1730 5577 1826 5633 sed
1873 5593 1939 5634 ea

369 5666 639 5723 duntaxat
669 5683 789 5736 quae
820 5683 974 5724 nunc
1003 5671 1275 5740 praestitit.
1307 5669 1515 5742 Ecquid
1552 5687 1681 5729 vero
1721 5674 1940 5745 praesti-

372 5757 474 5820 titi
506 5759 666 5831 138
693 5758 890 5816 Filium
925 5761 1139 5819 dedidit
1179 5779 1280 5833 pro
1322 5764 1783 5832 contumeliosis;
1815 5781 1939 5821 eum

376 5848 469 5922 qui
496 5850 632 5906 nihil
662 5850 874 5917 iniuria:
922 5863 1352 5920 oerpctravcrat,
1389 5871 1485 5920 pro
1538 5855 1760 5921 iniustis
1812 5871 1940 5933 pcr-

2129 4769 2150 4805 ε
2183 4751 2578 4824 Καταλλάγητε
2603 4749 2681 4823 τῷ
2709 4748 2850 4824 Θεῷ.
2882 4768 2905 4805 ι

2120 4843 2239 4898 οὐκ
2283 4840 2430 4912 εἷπε,
2481 4843 2859 4910 καταλλάξατε
2887 4842 2980 4899 τδν
3029 4844 3163 4900 Θεδν
3189 4846 3247 4900 ὲν
3286 4844 3520 4912 ἑαυτοῐς.
3552 4844 3626 4902 οὐ

2054 4937 2163 5012 γὰρ
2189 4937 2397 5002 ἐκεῖνός
2428 4939 2576 4992 ἔστιν
2605 4938 2636 4991 ό
2668 4936 2989 5009 ὲχθραίνων,
3020 4938 3136 4992 ἀλλ’
3165 4939 3344 5010 ὑμεῖς.

2127 5048 2150 5084 t
2185 5030 2291 5086 Τὸν
2311 5030 2422 5101 γὰρ
2446 5029 2521 5101 μὴ
2551 5027 2748 5098 γνόντα
2777 5030 3077 5103 ἁμαρτίαν,
3103 5031 3243 5103 ὑπὲρ
3266 5031 3426 5104 ἡμῶν
3451 5032 3629 5106 ἀμαρ-

2046 5119 2174 5178 τίαν
2196 5119 2474 5190 εποίησεν.
2513 5140 2535 5172 ι

2119 5213 2197 5269 οὗ
2228 5212 2395 5282 λέγω,
2438 5212 2597 5282 φησὶ,
2626 5212 2696 5267 τά
2743 5212 3010 5286 πρότερα,
3060 5213 3143 5267 ὅτι
3183 5211 3446 5285 ὑϐρίσατε
3475 5212 3627 5269 οὐδὲν

2048 5303 2371 5375 tiara.qu,
2425 5303 2563 5360 ἀλλά
2592 5304 2688 5361 καὶ
2741 5304 3206 5377 εὐεργετήσαντα,
3239 5303 3333 5359 καὶ
3358 5303 3444 5360 ὅτι
3473 5303 3625 5371 δίκας

2046 5397 2151 5452 οὐκ
2194 5396 2482 5470 ἀπῄτησεν
2530 5394 2696 5467 ὑμᾶς,
2750 5397 2871 5450 οὐδὲ
2925 5397 3011 5451 δτι
3056 5397 3366 5469 παρακαλεῖ
3413 5397 3626 5469 πρῶτος

2047 5488 2346 5560 ὑϐρισθεὶς,
2375 5488 2510 5544 ἀλλά
2529 5488 2617 5543 διὰ
2633 5486 2808 5544 ταῦτα
2826 5488 2862 5544 ἀ
2883 5490 3108 5560 εποίησε
3137 5490 3251 5544 νῦν.
3282 5489 3350 5546 Τί
3367 5490 3425 5545 δὲ
3443 5488 3628 5561 smin-

2046 5596 2141 5651 es;
2171 5581 2277 5635 Τὸν
2302 5580 2430 5638 Υἰὸν
2469 5581 2610 5652 ὑπερ
2631 5580 2737 5636 τῶν
2770 5582 3073 5652 ὑδρικὸτων
3125 5581 3315 5649 ἔδωκε,
3337 5581 3428 5637 τδν
3459 5581 3624 5652 μηδὲν

2048 5673 2350 5745 ἠδικηκότα
2403 5671 2541 5746 ὑπὲρ
2581 5673 2687 5726 τῶν
2739 5674 3079 5744 ἠδικηκότων
3125 5673 3419 5729 ἀποθανεῖν
3449 5675 3618 5728 εἴασε.

2049 5766 2160 5821 Καὶ
2187 5768 2288 5839 οὐχ
2316 5764 2505 5829 ἁπλῶς
2540 5765 2713 5831 οὕτως
2739 5769 2976 5839 εἴρηται,
3005 5766 3143 5821 ἀλλά
3170 5767 3200 5820 δ
3231 5766 3412 5838 πολλῷ
3434 5763 3620 5820 τούτου

2056 5857 2240 5922 ιιετζόν
2273 5862 2446 5927 ἐστιν,
2469 5858 2627 5916 τοῦτο
2649 5857 2832 5922 ἔθηκε.
2857 5858 2994 5917 Τίδὲ
3025 5861 3141 5915 ἐστι
3171 5859 3327 5916 τοῦτο
3350 5877 3366 5930 ;
3406 5859 3515 5918 Τὸν
3536 5857 3622 5932 μὴ
