4038 6284
237 376 344 443 ’145

1365 382 1446 443 IN
1483 382 1720 444 EPIST.
1764 382 1865 444 AD
1902 381 2266 444 CORINTH.
2300 382 2382 443 II.

3365 388 3472 453 746

303 493 413 576 Τὴν
437 493 615 549 αἰτίαν
649 489 790 560 εἷπε,
825 495 919 550 τοῦ
961 499 1158 571 μηκέτι
1189 500 1350 555 αὐτὸν
1379 500 1688 558 λυπεῖσθαι.
1721 503 1781 558 Τὶ

1969 500 2128 576 142
2172 502 2353 559 Edicit
2409 516 2634 560 causam
2663 518 2762 558 cur
2810 518 2917 557 nou
2980 501 3215 574 amplius
3267 503 3476 561 doleat.

240 585 336 660 μιν
363 585 469 658 γὰρ
496 587 737 659 λυπηρὸν
767 583 960 660 βραχὺ,
1008 591 1161 664 φησὶ,
1196 589 1256 646 τὸ
1287 592 1344 648 δέ
1383 590 1682 666 ὠφέλιμον,
1718 596 1796 651 δι-

238 676 445 751 ηνεκές.

307 788 326 822 ε
361 770 521 826 Ἀλλὰ
561 772 881 841 ἀπολογίαν.
903 793 920 827 t

301 862 441 934 Πρὸς
471 864 593 936 ἐμέ.

307 974 327 1007 ε
355 956 518 1012 Ἀλλὰ
539 959 934 1030 ἀγανάκτησιν.
962 981 981 1014 ι

298 1049 440 1121 Πρὸς
466 1049 670 1105 ἐκεῖνον
697 1051 789 1106 τὸν
818 1053 1198 1126 ἡμαρτηκότα.

302 1160 320 1195 ε
358 1141 522 1198 Ἀλλὰ
553 1143 740 1214 φόϐον.
772 1165 789 1194 ι

295 1232 406 1287 Καὶ
424 1233 532 1306 γὰρ
566 1235 774 1306 σφόδρα
797 1234 1112 1292 δεδοικότων
1140 1233 1209 1309 ἦν
1236 1240 1269 1311 ἠ
1292 1243 1532 1317 τοσαύτη
1565 1246 1794 1320 σπουδὴ,

227 1317 321 1378 καὶ
345 1326 378 1397 ή
403 1327 679 1398 ταχυτάτη
703 1326 1008 1400 διόρθωσις.

307 1439 327 1473 ε
363 1418 523 1474 Ἀλλά
549 1419 861 1480 ἐπιποθίαν.
892 1441 910 1475 ι

290 1510 402 1583 Τὴν
427 1511 565 1583 πρὸς
591 1511 715 1583 ἐμέ.

297 1621 314 1655 ε
353 1603 514 1658 Ἀλλὰ
539 1605 721 1675 ζῆλον.
752 1625 771 1659 ε

287 1693 392 1748 Τὸν
427 1697 567 1766 ὑπὲρ
597 1696 692 1751 τοῦ
723 1697 883 1754 Θεοῦ.

295 1803 313 1836 ι
351 1783 493 1837 Ἀλλ’
516 1784 817 1858 ἐκδίκησιν.
850 1807 868 1837 ε

1901 591 2075 651 Breve
2118 594 2268 651 enim
2299 603 2407 661 est,
2456 595 2656 668 inquit,
2693 597 2840 668 quod
2884 596 3176 652 molestum
3227 608 3346 663 est;
3379 612 3476 670 pe-

1900 700 2072 741 renne
2102 700 2251 752 vero,
2285 686 2432 758 quod
2463 686 2667 744 bonum
2697 698 2750 743 et
2783 688 2932 744 utile.

1977 799 1994 829 ε
2030 777 2136 834 Sed
2165 778 2563 836 defensionem.
2603 798 2622 833 ι

1970 867 2078 924 Pro
2112 887 2214 927 me.

1973 979 1993 1012 ε
2025 961 2133 1018 Sed
2164 963 2628 1036 indignationem.
2663 984 2682 1018 ι

1970 1053 2109 1125 Erga
2149 1053 2306 1109 illum
2337 1054 2432 1126 qui
2462 1055 2729 1125 peccavit.

1972 1165 1990 1198 ε
2021 1146 2128 1203 Sed
2161 1147 2436 1204 timorem.
2465 1168 2483 1202 ι

1966 1238 2262 1298 Enimvero
2316 1250 2529 1299 tantum
2589 1245 2858 1314 studium,
2893 1254 3116 1319 tamque
3166 1249 3474 1306 accelerata

1894 1334 2190 1401 correctio,
2215 1335 2556 1396 vehementis
2597 1333 2812 1396 timoris
2837 1351 3223 1414 argumentum
3258 1355 3396 1403 erat.

1973 1446 1991 1479 ε
2030 1425 2135 1484 Sed
2168 1429 2522 1486 desiderium.

1968 1518 2106 1592 Erga
2143 1537 2249 1578 me.

1970 1631 1990 1664 ι
2022 1612 2126 1669 Sed
2160 1616 2581 1674 aemulationem.

1963 1702 2071 1760 Pro
2103 1704 2215 1762 Deo
2248 1707 2478 1766 scilicet.

1905 1821 1913 1824 ν
1968 1813 1988 1849 ε
2022 1794 2132 1853 Sed
2162 1798 2483 1856 vindictam.
2527 1820 2545 1854 ι

285 1877 398 1932 Καὶ
427 1877 532 1950 γὰρ
581 1878 955 1951 ἐξεδικήσατε,
1001 1883 1158 1955 φησι,
1192 1885 1319 1948 τοὺς
1378 1887 1472 1943 τοῦ
1511 1887 1650 1945 Θεοῦ
1698 1889 1781 1945 νό-

1963 1885 2070 1944 Ulti
2100 1890 2246 1946 enim
2279 1891 2433 1961 estis,
2465 1893 2668 1966 inquit,
2699 1896 2935 1956 violatas
2965 1897 3058 1957 Dei
3089 1902 3256 1974 leges.

218 1984 352 2038 μους
378 1967 758 2039 ὑϐρισθέντας.

291 2078 309 2110 ε
349 2060 438 2115 Ἑν
463 2062 625 2117 παντὶ
646 2063 1014 2138 συνεστήσατε
1048 2067 1276 2134 ἑαυτοὺς
1304 2070 1503 2138 ἁγνοὺς
1527 2065 1664 2127 εἶναι
1681 2081 1697 2096 '
1727 2075 1789 2129 τὺ

213 2153 469 2224 πρᾶγμα.
498 2172 518 2206 ε

280 2246 354 2300 Οὐ
385 2247 448 2300 τὸ
474 2245 552 2320 μὴ
575 2252 852 2305 κοινωνεῖν
881 2253 1043 2324 μόνον
1062 2269 1077 2287 ο
1107 2253 1268 2310 τοῦτο
1291 2254 1399 2327 γὰρ
1429 2258 1669 2330 φανερὸν
1695 2254 1786 2331 ἦν,

209 2338 346 2395 ἀλλὰ
379 2340 476 2397 καὶ
500 2341 562 2395 τὸ
584 2343 659 2415 μὴ
688 2345 1032 2417 συνήδεσθαι.
1071 2347 1295 2422 Ἐπειδὴ
1323 2349 1431 2422 γὰρ
1461 2352 1520 2406 ἐν
1552 2353 1619 2424 τῇ
1651 2369 1788 2427 προ-

207 2432 340 2505 τέρᾳ
383 2434 672 2508 Ἐπιστολῇ
710 2438 846 2492 αὐτὸ
871 2437 1031 2494 τοῦτο
1067 2440 1314 2497 ἐνεκάλει
1346 2443 1551 2511 αὐτοῖς,
1573 2444 1780 2516 λέγων’

207 2525 313 2579 K‘ai
340 2525 517 2596 ὑμεῖς
542 2531 984 2602 πεφυσιωμένοι
1015 2530 1187 2588 ἐατέ’
1215 2533 1450 2591 ἐνταῦθά
1473 2554 1606 2610 φησι
1633 2555 1647 2569 ·
1677 2538 1787 2593 Καὶ

207 2620 364 2691 ὑμεῖς
404 2622 757 2696 ἀπηλλάξατε
786 2626 1016 2692 ἑαυτοὺς
1046 2627 1143 2700 τῆς
1163 2628 1421 2700 ὑποψίας.

280 2731 299 2763 ι
329 2713 446 2784 Οὐχ
501 2714 687 2771 ἕνεκεν
742 2715 838 2773 τοῦ
872 2719 1249 2792 ἀδικήσαντος,
1284 2721 1406 2778 οὐδέ
1457 2721 1640 2778 ἕνεκεν
1688 2724 1782 2780 τοῦ

203 2804 580 2878 ἀδικηθέντος,
602 2809 717 2864 ἀλλ’
742 2810 931 2866 ἑνεκεν
950 2813 1046 2869 τοῦ
1076 2814 1460 2889 φανερωθῆναι
1488 2817 1590 2890 τὴν
1615 2835 1785 2875 σπουο

202 2896 296 2968 δην
327 2899 492 2970 ἡμῶν
538 2901 640 2974 τὴν
689 2902 831 2977 ὺπέρ
867 2905 1024 2979 ὑμῶν
1055 2907 1193 2980 πρὸς
1224 2908 1371 2981 ὑμᾶς
1425 2908 1661 2965 ἐνώπιον
1685 2910 1780 2966 τοῦ

202 2989 359 3048 Θεοῦ.
389 2994 495 3048 Διὰ
537 2993 698 3051 τοῦτο
742 3001 1232 3074 παρακεκλήμεθα,
1266 3002 1457 3078 ἐπειδὴ
1496 3006 1564 3077 τῇ
1599 3021 1781 3077 παρα-

201 3081 393 3154 κλήσει
423 3086 582 3157 ὑμῶν
619 3091 1027 3164 περισσοτέρως
1052 3093 1256 3165 μᾶλλον
1285 3095 1568 3169 ἐχάρημεν
1593 3096 1686 3152 ἐπὶ
1712 3099 1779 3172 τῇ

201 3178 347 3247 χαρᾷ
385 3176 574 3244 Τίτου,
603 3180 686 3234 ὅτι
720 3182 1106 3241 ἀναπέπαυται
1130 3186 1192 3241 τὸ
1220 3188 1436 3259 πνεῦμα
1461 3189 1627 3244 αὐτοῦ
1670 3191 1781 3246 ἀπὸ

1966 2086 1986 2119 ε
2018 2066 2125 2124 Sed
2156 2069 2213 2128 in
2241 2071 2500 2131 omnibus
2521 2076 2851 2138 exhibuistis
2875 2095 2972 2137 vos
3000 2081 3464 2145 incontaminatos

1888 2173 2011 2217 esse
2039 2165 2282 2232 negotio.
2321 2184 2339 2217 ε

1957 2252 2078 2309 Non
2108 2254 2283 2311 solum
2317 2272 2426 2315 non
2455 2264 2942 2334 communicando,
2981 2267 3083 2323 hoc
3111 2269 3254 2323 enim
3293 2273 3467 2326 maui-

1890 2344 2087 2401 fcstum
2115 2355 2254 2416 erat,
2287 2349 2384 2406 sed
2413 2367 2594 2423 neque
2626 2357 3048 2428 congaudendo.
3079 2355 3213 2415 Nam
3243 2365 3370 2432 quia
3409 2365 3462 2418 in

1886 2435 2132 2508 Epistola
2160 2440 2345 2511 priore
2379 2441 2446 2499 de
2474 2443 2578 2500 hoc
2611 2444 2734 2516 ipso
2754 2462 2851 2506 eos
2879 2449 3237 2523 redargueret
3261 2455 3320 2510 in
3347 2455 3464 2513 haec

1885 2529 2054 2585 verba
2086 2549 2100 2585 :
2135 2530 2203 2585 Et
2234 2549 2321 2589 vos
2350 2533 2529 2604 inﬂati
2568 2537 2692 2592 uti:
2723 2537 2803 2608 ¹³;
2841 2539 2946 2596 hoc
2991 2543 3214 2601 tandem
3244 2545 3300 2602 in
3340 2546 3465 2604 loco

1884 2620 2057 2678 dicit:
2080 2623 2164 2679 Ab
2194 2623 2298 2682 ista
2330 2628 2647 2700 suspicione
2676 2644 2773 2688 vos
2803 2632 2910 2704 ipsi
2939 2633 3236 2694 liberastis.

1957 2711 2125 2774 Vsus.
2166 2717 2352 2774 52-16.
2389 2737 2412 2773 ι
2442 2719 2558 2777 Non
2590 2731 2815 2794 prepter
2857 2739 2985 2781 eum
3018 2728 3112 2798 qui
3150 2727 3281 2785 fecit
3308 2728 3459 2802 inju-

1883 2803 2045 2873 riam,
2087 2808 2182 2864 sed
2236 2808 2304 2864 ad
2359 2809 2818 2870 manifestandam
2873 2814 3297 2873 sollicitudinem
3354 2836 3458 2876 no-

1885 2906 2055 2953 stram
2083 2915 2245 2971 quam
2276 2902 2542 2959 habemus
2573 2919 2676 2976 pro
2701 2905 2857 2964 vobis
2878 2906 2949 2964 ad
2979 2922 3077 2966 vos
3103 2923 3288 2966 coram
3324 2911 3454 2971 Deo.

1884 2987 2012 3046 ideo
2053 2993 2322 3050 consolati
2354 3011 2548 3052 sumus
2592 3015 2606 3054 :
2641 2997 2695 3053 in
2729 2998 3110 3059 consolatione
3140 3011 3323 3061 autem
3360 3023 3460 3062 no-

1883 3087 2000 3137 stra
2039 3082 2420 3144 abundantius
2458 3089 2638 3160 magis
2677 3092 2851 3163 gavisi
2895 3109 3090 3150 sumus
3126 3112 3290 3167 super
3322 3114 3458 3170 gau-

1883 3171 1977 3228 dio
1998 3169 2128 3242 Titi,
2161 3177 2289 3248 quia
2322 3178 2565 3237 refectus
2593 3191 2680 3239 est
2736 3184 2963 3255 spiritus
3008 3186 3131 3258 ejus
3171 3190 3241 3244 ab
3275 3169 3456 3247 omni-

202 3243 428 3320 ξάνὲεων
458 3243 634 3337 ὑμῶν,
672 3269 795 3324 ὀτι
825 3272 879 3325 ετ
918 3290 970 3328 τι
1021 3275 1189 3331 αὐτοῦ
1223 3243 1374 3349 ὑπὲρ.
1394 3278 1552 3350 ὑμῶν
1573 3243 1777 3335 gusta.
1809 3243 1850 3302 ο
1883 3263 1986 3321 bus
2014 3243 2194 3325 vobis:
2221 3268 2364 3338 Quia
2389 3270 2437 3328 si
2461 3273 2588 3344 quid
2621 3274 2688 3332 de
2728 3243 2823 3332 illo
2854 3293 2956 3349 pro
2984 3243 3139 3338 vobis
3183 3283 3451 3353 gloriatus

198 3373 394 3427 χημαι,
428 3359 495 3412 οὒ
545 3362 954 3435 κατῃσχύνθην,
990 3366 1106 3422 ἀλλ’
1142 3369 1218 3434 ὡς
1247 3370 1428 3428 πάντα
1460 3371 1520 3426 ἐν
1549 3371 1780 3447 ἀληθείᾳ

196 3446 442 3522 ἐλάλησα
473 3451 622 3522 ὑμῖν,
652 3452 828 3519 οὕτως
859 3458 958 3511 καὶ
1002 3460 1039 3530 ἠ
1085 3459 1354 3533 καύχησις
1374 3461 1536 3535 ἡμῶν
1570 3465 1605 3536 ἠ
1641 3464 1780 3537 πρὸς

196 3540 377 3608 Τίτον,
441 3542 675 3616 ἀλήθεια
721 3549 979 3623 ἐγενήθη,
1022 3554 1117 3605 καὶ
1162 3555 1231 3608 τὰ
1280 3554 1567 3628 σπλάγχνα
1610 3554 1778 3611 αὑτοῦ

194 3632 609 3706 περισσοτέρως
635 3639 716 3703 είς
744 3640 908 3712 ὑμᾶς,
930 3643 1485 3720 ἀναμιμνησκομένου
1508 3646 1609 3721 τὴν
1639 3647 1777 3702 πάν-

191 3741 304 3780 των
348 3725 510 3798 ὑμῶν
568 3729 850 3804 ὑπακοὴν,
906 3734 982 3799 ὡς
1028 3737 1168 3807 μετὰ
1220 3738 1388 3809 φόϐου
1438 3743 1531 3796 καὶ
1571 3741 1775 3814 τρόμου

191 3818 452 3886 ἐδέξασθε
518 3823 700 3880 αὐτόν.
757 3826 950 3900 Χαίρω
993 3830 1075 3884 ὅτι
1131 3835 1188 3885 ἐν
1250 3835 1414 3890 παντὶ
1469 3835 1662 3910 θαρρῶ
1717 3839 1776 3892 ἐν

192 3910 345 3982 ὑμῖν.
381 3933 402 3966 ε

262 4003 386 4060 ἰνα
413 4007 493 4079 μὴ
522 4007 745 4079 λέγωσι,
773 4010 840 4066 Τί
871 4013 1126 4087 ἐπιτιμᾷς
1157 4016 1308 4088 ημῖν,
1344 4019 1391 4072 εί
1424 4019 1579 4089 ἁγνοί
1607 4021 1775 4091 ἐσμεν

193 4094 276 4162 τῷ
326 4099 666 4171 πράγματι;
701 4102 870 4172 λέγει·
905 4106 996 4160 Διὸ
1038 4105 1182 4160 οὕτω
1233 4109 1446 4182 ἔγραψα
1481 4111 1631 4182 ὑμῖν,
1683 4112 1772 4167 ἵνα

189 4187 371 4262 είδῆτε
404 4192 527 4258 πῶς
561 4195 705 4268 ὑμᾶς
733 4197 891 4266 φιλῶ.

788 4396 1038 4455 ΚΕΦΑΛ.
1083 4399 1162 4458 ιιι.

266 4521 286 4556 ε
336 4503 692 4576 Γνωρίζομεν
741 4506 797 4562 δέ
829 4510 981 4585 ὑμῖν,
1011 4510 1252 4578 ἀδελφοὶ,
1298 4514 1398 4585 τὴν
1453 4516 1616 4586 χάριν
1669 4517 1766 4571 τοῦ

185 4592 344 4662 Θεοῦ,
377 4596 482 4667 τὴν
504 4596 794 4669 δεδομένην
824 4599 882 4654 ἐν
915 4587 1032 4661 ταῖς
1069 4601 1417 4673 Ἐκκλησίαις
1450 4607 1549 4677 τῆς
1574 4607 1764 4660 Μακε-
1803 4591 1844 4648 θ

185 4682 389 4748 δονίας,
441 4685 524 4738 ὃτι
559 4687 616 4738 ἐν
657 4686 827 4757 πολλῇ
878 4687 1074 4760 δοκιμῇ
1103 4689 1338 4760 θλίψεως
1390 4691 1422 4762 ἡ

183 4781 283 4849 τῆς
318 4780 498 4850 χαρᾶς
532 4779 733 4836 αὐτῶν.
772 4802 787 4832 ι

254 4868 360 4923 Τὸν
389 4868 520 4940 περὶ
548 4870 922 4941 ἐλεημοσύνης
968 4873 1150 4936 αὐτοῖς
1179 4875 1320 4927 κινεί
1349 4874 1538 4943 λόγον·
1588 4877 1677 4932 ἴνα
1705 4877 1760 4931 δὲ

187 4960 262 5033 μὴ
307 4957 688 5032 ἐπαίρωνται,
719 4963 897 5034 χάριν
939 4962 1001 5016 τὸ
1032 4966 1267 5037 πρᾶγμα
1308 4966 1497 5032 καλεῖ,
1552 4969 1642 5022 καὶ

180 5051 389 5122 ἐτέρων
434 5051 809 5122 διηγούμενος,
858 5054 1306 5126 σπουδαιοτέρους
1343 5059 1542 5123 αὐτους
1590 5062 1758 5128 ἐργά-

183 5143 360 5207 ζεται.

257 5259 276 5290 ε
305 5239 417 5296 Καὶ
455 5238 494 5309 ἠ
525 5235 666 5291 κατὰ
692 5236 888 5307 βάθους
919 5240 1167 5311 πτωχεία
1197 5241 1380 5298 αὐτῶν
1421 5245 1753 5318 ἐπερίσσευο

180 5343 293 5388 σεν.
313 5350 334 5383 θ

184 5394 206 5409 ’
249 5417 540 5484 τηυτεστῑ,
576 5421 745 5493 πολλὴ
792 5424 887 5478 καὶ¹
934 5424 1140 5495 ἄφατος
1174 5426 1374 5493 ἔδειξεν
1421 5407 1605 5486 αὐτῶν
1651 5430 1752 5504 τὴν

172 5510 490 5586 ἁπλότητα.
507 5533 518 5544 ·

284 5631 330 5666 ’³
351 5629 372 5682 1
397 5627 526 5682 Cor.
576 5643 650 5694 tv,
679 5626 736 5688 2.

1474 4693 1762 4763 περισσεία

1881 3371 2029 3423 sum,
2062 3374 2172 3415 non
2224 3378 2348 3419 sum
2401 3363 2707 3422 confusus:
2741 3369 2836 3424 sed
2891 3371 3033 3426 sicut
3086 3375 3268 3429 omnia
3300 3377 3456 3433 vobis

1879 3449 1937 3505 in
1967 3451 2196 3509 veritate
2224 3453 2446 3512 locutus
2476 3472 2622 3523 sum,
2660 3457 2738 3514 ita
2775 3472 2832 3516 et
2873 3462 3048 3534 gloria
3093 3475 3283 3523 nostra
3330 3485 3455 3539 qure

1879 3542 1986 3598 fuit
2035 3545 2103 3600 ad
2128 3545 2334 3616 Titum,
2385 3549 2590 3606 veritas
2634 3549 2776 3608 facta
2811 3563 2916 3621 est,
2967 3565 3021 3611 et
3073 3556 3283 3614 viscera
3330 3563 3453 3632 ejus

1877 3637 2252 3695 abundantius
2286 3642 2340 3696 in
2391 3643 2550 3700 vobis
2590 3653 2741 3711 sunt,
2779 3645 3192 3708 reminiscentis
3231 3668 3450 3712 omnem

1876 3739 2115 3785 vestram
2150 3732 2522 3792 obedientiam
2557 3754 2571 3794 :
2619 3741 2900 3812 quomodo
2932 3743 2990 3799 in
3049 3747 3248 3804 timore
3285 3765 3452 3806 exce-

1875 3823 2035 3895 pistis
2071 3825 2248 3885 illum.
2283 3827 2508 3889 Gaudeo
2550 3835 2698 3906 quod
2729 3837 2785 3892 in
2826 3840 3082 3898 omnibus
3137 3843 3354 3900 coutido
3393 3847 3449 3902 in

1874 3920 2056 3977 vobis.
2092 3941 2112 3972 ε

1943 4009 2021 4068 Ne
2048 4013 2236 4070 dicant
2281 4033 2297 4070 :
2333 4016 2514 4084 Quare
2562 4034 2664 4076 nos
2695 4019 2970 4095 inerepas,
3005 4026 3445 4100 quandoquidem

1872 4101 2059 4157 mundi
2100 4119 2293 4164 sumus
2321 4105 2376 4161 in
2417 4107 2520 4165 ista
2560 4114 2808 4183 negotio?
2837 4114 3028 4171 addit:
3065 4116 3242 4190 Hujus
3273 4136 3444 4179 causa

1871 4196 2070 4267 scripsi
2125 4199 2310 4268 vobis,
2357 4212 2416 4259 ut
2457 4209 2802 4276 pernoscatis
2859 4218 3125 4281 quantum
3170 4228 3268 4272 vos
3314 4215 3443 4272 dili-

1871 4295 2076 4354 gerem.

2487 4432 2637 4488 CAP.
2682 4432 2822 4490 Vill.

1945 4529 2109 4589 Vens.
2146 4535 2200 4601 1,
2230 4535 2287 4590 2.
2327 4556 2344 4589 ι
2376 4537 2575 4595 Notum
2613 4553 2795 4599 autem
2847 4542 3080 4603 facimus
3119 4547 3298 4614 vobis,
3330 4549 3438 4606 fra-

1870 4631 2006 4689 tres,
2037 4626 2270 4696 gratiam
2301 4630 2419 4696 Dei,
2460 4647 2582 4702 quae
2611 4635 2736 4689 data
2766 4643 2850 4693 est
2880 4636 2935 4693 in
2969 4637 3230 4698 Ecclesiis
3258 4641 3439 4698 Mace-

1869 4714 2070 4781 doniae,
2117 4718 2263 4787 quod
2315 4722 2368 4775 in
2425 4723 2602 4781 multo
2644 4727 3023 4799 experimento
3074 4732 3440 4792 tribulationis

1868 4808 2201 4866 abundantia
2222 4813 2410 4884 gaudii
2435 4816 2682 4886 ipsorum
2714 4818 2836 4876 fuit.
2873 4839 2895 4876 ι

1941 4899 2262 4958 Sermonem
2319 4906 2491 4975 agitat
2549 4908 2618 4967 de
2664 4911 3027 4988 eleemosynae
3097 4920 3434 4987 erogatione.

1699 4971 1761 5079 ξά
1863 4988 1943 5047 Ne
1978 5009 2102 5048 vero
2135 4995 2455 5065 etierantur,
2517 5016 2631 5057 rem
2664 5005 2896 5073 gratiam
2930 5009 3184 5079 appellat,
3218 5019 3272 5068 et.
3299 5014 3425 5066 alio-

1864 5101 1984 5139 rum
2017 5095 2170 5157 gesta
2201 5093 2480 5148 narrando
2513 5096 2879 5154 studiosiores
2909 5115 3002 5156 eos
3038 5102 3186 5158 facit.

1938 5283 1956 5316 ι
1991 5261 2057 5319 Et
2082 5265 2353 5323 altissima
2380 5279 2677 5344 paupertas
2703 5290 2894 5334 eorum
2923 5280 3239 5340 abundavit.
3273 5303 3290 5337 ι

1933 5435 2045 5492 Hoc
2071 5447 2175 5504 est,
2215 5442 2434 5513 ingens.
2478 5459 2584 5501 nec
2629 5462 2886 5505 sermone
2925 5452 3267 5522 explicabilis
3302 5471 3424 5526 pau-

1863 5541 2047 5601 pertas
2070 5547 2262 5588 eorum
2291 5535 2700 5610 simplicitatem
2747 5541 2992 5613 ipsorum
3029 5546 3290 5603 ostendit.

1454 5726 1686 5783 VARIE
1728 5727 2132 5790 LECTIONES.

158 5874 162 5875 ν
246 5804 260 5843 ί
293 5801 462 5886 Lege,
496 5811 573 5884 τῷ
598 5813 906 5885 πράγματι,
941 5824 1001 5870 ut
1034 5814 1177 5872 infra
1212 5817 1268 5873 in
1303 5819 1698 5892 subsequentis
1721 5825 1947 5894 capituli
1988 5833 2333 5902 expositione
2364 5856 2377 5892 :
2424 5840 2499 5895 ita
2529 5841 2752 5898 codices
2787 5843 2878 5898 alii
2924 5841 2989 5899 Ν.
3034 5844 3097 5902 Τ.

451 5907 703 5971 Parnm.
760 5911 865 5975 Gr.
898 5911 1046 5974 XCV

2998 5939 3075 6002 24
