4038 6284
438 365 537 434 75]

1078 477 1233 536 CAP.
1285 472 1385 535 1X.

509 594 818 654 νειαίυᾷ
851 612 876 648 ι
904 590 1040 650 Nam
1069 593 1139 651 de
1171 592 1503 660 ministerio,
1534 591 1683 664 quod
1714 590 1773 646 iit
1803 592 1859 646 in
1889 605 2020 647 san-

435 699 580 759 ctos,‘
607 706 677 747 ex
710 688 1018 747 abundanti
1068 696 1154 745 est
1210 688 1346 744 mibi
1380 686 1631 743 scribere
1664 686 1844 743 vobis.
1894 682 2023 740 Scio

436 786 585 841 enim
614 792 931 856 promptum
963 783 1212 839 animum
1254 788 1523 846 vestrum,
1562 794 1663 851 pro
1686 794 1801 853 quo
1830 777 1900 836 de
1923 792 2023 835 vo-

440 876 526 932 bis
559 875 768 948 glorior
811 874 958 947 apud
1009 871 1356 930 Macedones.
1408 870 1682 940 Quoniam
1725 879 1782 928 et
1818 868 2025 926 Achaia

442 977 635 1037 parata
668 977 755 1023 est
784 967 853 1022 ab
906 983 1053 1023 anno
1108 967 1409 1037 prmterito,
1436 974 1489 1020 et
1533 972 1719 1021 vestra
1748 961 2027 1020 aemulatio

439 1063 765 1133 provocavit
810 1061 1102 1134 plurimos.
1139 1060 1261 1117 Misi
1312 1069 1499 1116 autem
1549 1057 1750 1115 fratres
1798 1064 1895 1123 ut,
1960 1070 2029 1113 ne

439 1158 589 1229 quod
623 1152 783 1230 145
813 1153 1121 1227 gloriamur
1162 1152 1231 1209 de
1263 1152 1443 1220 vobis,
1472 1158 1775 1208 evacuetur
1820 1149 1875 1204 in
1926 1148 2029 1204 hac

441 1260 636 1323 parte,
682 1257 741 1304 ut
794 1245 1294 1321 (quemadmodum
1342 1243 1493 1313 dixi)
1522 1240 1704 1315 parati
1746 1240 1916 1299 sitis:
1959 1255 2031 1299 ne

444 1356 571 1397 cum
594 1338 853 1396 venerint
878 1334 1207 1393 Macedones
1240 1346 1478 1401 mecum,
1499 1341 1558 1389 et
1590 1330 1904 1389 invenerint
1931 1346 2031 1387 vos

446 1435 774 1506 imparatos,
806 1429 1206 1487 erubescamus
1237 1441 1339 1482 nos
1374 1427 1460 1498 (ut
1488 1439 1597 1481 non
1621 1424 1877 1481 dicamus
1908 1423 2028 1495 vos)

444 1531 502 1584 in
539 1528 639 1582 hac
681 1522 993 1581 substantia
1048 1518 1422 1593 gloriationis.
1464 1513 1853 1575 Necessarium
1898 1530 2032 1589 ergo

446 1617 765 1678 exustimavi
797 1629 996 1690 rogare
1044 1613 1272 1678 fratres,
1315 1623 1377 1668 ut
1431 1610 1771 1684 praveniant
1802 1608 1871 1665 ad
1912 1620 2029 1676 vos,

449 1724 503 1770 et
555 1718 865 1785 praeparent
930 1706 1326 1779 repromissam
1389 1702 1829 1761 benedictionem
1890 1701 2034 1757 hanc

448 1818 688 1867 vestram
720 1812 967 1878 paratam
1003 1814 1128 1857 esse
1163 1799 1265 1856 sic.
1301 1819 1320 1851 ι

517 1978 756 2049 Quando
800 1976 871 2034 de
922 1974 1196 2032 cbaritate
1247 1984 1355 2028 tam
1411 1972 1580 2027 multa
1629 1971 1781 2038 dixi,
1831 1971 2029 2044 inquit,

449 2089 628 2145 opera:
664 2072 902 2145 pretium
930 2084 1042 2127 non
1067 2079 1151 2125 est
1183 2077 1241 2123 ut
1270 2067 1508 2123 scribam
1544 2066 1719 2123 vobis.
1744 2065 1823 2122 Ac
1854 2080 2034 2135 neque

449 2168 555 2223 boc
591 2166 779 2223 solum.
793 2164 1045 2221 declarat
1068 2161 1245 2233 ipsius
1280 2159 1646 2233 prudentiam.
1680 2157 1776 2215 sed
1799 2166 1853 2215 et
1886 2155 2033 2230 quod

450 2261 649 2317 iterum
689 2256 757 2314 de
783 2255 973 2313 eadem
1009 2254 1105 2308 ait.

525 2372 544 2407 ι
572 2350 742 2422 Quasi
782 2349 1247 2416 benedictionem,
1287 2359 1339 2403 et
1374 2361 1489 2403 non
1541 2353 1805 2417 tanquam
1854 2341 2041 2399 avari-

452 2447 607 2503 tiam.
634 2443 828 2519 [νεεδ.
849 2441 997 2510 6-9.]
1030 2440 1144 2497 Hoc
1168 2451 1352 2498 autem
1389 2438 1560 2513 [dico]
1592 2454 1605 2489 :
1633 2440 1724 2511 qui
1760 2452 1924 2509 parce
1947 2451 2038 2493 see

452 2538 650 2601 minat,
687 2550 854 2607 parce
886 2542 942 2590 et
994 2538 1162 2588 metet
1207 2549 1224 2586 :
1270 2538 1325 2587 et
1369 2528 1465 2600 qui
1511 2530 1747 2587 seminat
1783 2529 1837 2584 ln
1875 2528 2036 2583 bene-

452 2628 828 2693 dictionibus,
874 2624 941 2681 dc
987 2624 1466 2681 benedictionibus
1516 2630 1572 2678 et
1620 2628 1803 2678 metet.
1859 2620 2040 2677 Unus-

452 2723 690 2795 quisque
727 2725 893 2793 prout
939 2717 1237 2775 destinavit
1291 2717 1348 2775 in
1407 2716 1573 2773 corde
1634 2730 1760 2783 suo,
1816 2729 1926 2771 non
1972 2730 2041 2769 ex

452 2816 705 2880 tristitia,
747 2822 843 2870 aut
867 2827 935 2868 ex
964 2810 1321 2868 necessitate.
1357 2808 1596 2865 Hilarem
1620 2807 1769 2863 enim
1794 2807 2040 2864 datorem

453 2908 634 2980 diligit
662 2906 827 2963 Deus.
864 2903 1069 2961 Potens
1108 2913 1194 2961 est
1243 2914 1427 2959 autem
1483 2901 1630 2959 Deus
1674 2916 1890 2958 omnem
1922 2914 2043 2971 gra-

455 3001 585 3054 tiam
632 2997 917 3055 abundare
954 2996 1140 3053 facere
1192 2995 1248 3050 in
1301 2994 1490 3061 vobis;
1553 3001 1614 3049 ut
1671 2992 1727 3049 in
1788 2990 2045 3048 omnibus

456 3108 674 3165 semper
710 3105 931 3149 omnem
972 3086 1354 3147 sufﬁcientiam
1414 3087 1706 3153 habentes,
1753 3084 2045 3142 abundetis

1598 360 1666 427 Β.
1705 356 2026 425 IOANNIS
2064 352 2491 421 DAMASCENI

2048 479 2096 536 Δ

3592 351 3703 417 762

2731 465 2980 524 ΚῙΞΦᾹΛ.
3025 466 3102 522 Θ¹.

2197 605 2215 638 ι
2251 586 2387 658 Περὶ
2413 586 2513 657 μὲν
2546 585 2652 655 γὰρ
2683 583 2783 654 τῆς
2805 582 3080 646 διακονίας
3108 580 3209 651 τῆς
3235 580 3314 645 εἰς
3354 577 3483 643 τούς
3512 572 3701 645 ἁγίους

2122 678 2386 750 περισσόν
2419 678 2513 749 μοί
2565 678 2685 731 ἐστι
2714 674 2811 730 τοῦ
2839 673 3073 748 γράφειν
3113 673 3263 745 ύμῖν.
3297 666 3427 726 οἶδα
3467 669 3704 742 γὰρ’τὴν

2121 769 2437 844 προθυμίαν
2478 766 2660 841 ὐμῶν,
2696 767 2763 840 ὴν
2814 767 2954 837 ὐπέρ
2980 763 3137 835 ὐμῶν
3182 761 3477 834 καυχῶμαι
3517 761 3706 816 Μακε-

2122 859 2294 928 δόσιν,
2347 861 2429 917 δτι
2470 860 2667 931 ’Δχαϊα
2688 858 3138 931 παρεσκεύασται
3169 853 3276 909 ἀπὸ
3305 853 3527 927 πέρυσι,
3556 850 3651 907 καὶ
3676 853 3705 906 ό

2124 954 2187 1022 ἐξ
2226 955 2380 1027 ὐμῶν
2407 952 2569 1023 ζῆλος
2610 952 2838 1026 ἠρέθισε
2891 951 3019 1015 τούς
3046 948 3327 1013 πλείονας.
3361 946 3623 1019 Ἔπεμψα
3647 946 3706 1002 δὲ

2120 1048 2255 1116 τούς
2282 1047 2569 1118 ἀδελφοὺς,
2599 1044 2690 1101 ῐνα
2723 1046 2801 1118 μὴ
2848 1043 2908 1098 τὸ
2955 1040 3221 1115 καύχημα
3270 1040 3427 1113 ὑμῶν
3459 1040 3522 1094 ab
3566 1037 3704 1109 ὐπὶρ

2128 1143 2286 1216 ὐμῶν
2313 1141 2530 1214 κενωθῇ
2578 1143 2637 1196 ιν
2689 1138 2766 1210 τῷ
2811 1137 2968 1210 μέρει
3001 1135 3197 1207 τούτῳ.
3232 1133 3352 1189 Ἵνα
3384 1132 3565 1198 καθὼς
3595 1130 3709 1185 ελε-

2128 1252 2248 1307 γον,
2281 1232 2789 1307 παρεσκευασμένοι
2842 1225 2976 1303 ἦτε·
3028 1229 3231 1301 μήπως
3257 1228 3354 1282 ἐὰν
3387 1226 3585 1280 ἔλθωσι
3610 1225 3709 1279 σύν

2130 1325 2257 1398 ἐμοὶ
2306 1324 2639 1390 Μακεδόνες,
2697 1323 2795 1378 καὶ
2848 1319 3087 1393 εῦρωσιν
3128 1318 3271 1391 ὑμᾶς
3321 1315 3710 1388 άπαρασκευάυ

2132 1436 2326 1485 στους,
2382 1415 2873 1491 καταισχυνθῶμεν
2937 1415 3096 1485 ἡμεῖς
3159 1410 3292 1484 (ἵνα
3337 1411 3415 1484 μὴ
3464 1408 3712 1481 λέγωμεν

2139 1512 2336 1585 ὑμεῖς)
2397 1515 2456 1567 ὲν
2505 1513 2574 1585 τῇ
2629 1509 2926 1565 ὑποστάσει
2980 1506 3154 1579 ταύτῃ
3217 1506 3317 1575 τῆς
3368 1502 3709 1573 καυχήσεως.

2146 1606 2469 1675 Ἀναγκαῖον
2500 1601 2593 1661 οὖν
2641 1601 2939 1676 ἡγησάμην
2985 1598 3370 1673 παρακαλέσαι
3401 1597 3531 1659 τοὺς
3562 1594 3715 1648 ἁδελ-

2135 1701 2292 1771 φούς,
2318 1698 2408 1757 ἵνα
2437 1699 2781 1773 προέλθωσιν
2806 1700 2887 1762 εἰς
2918 1696 3086 1770 ὑμᾶς.
3114 1694 3208 1748 καὶ
3237 1689 3715 1764 προκαταρτίσωσι

2060 1841 2103 1899 Β
2133 1796 2235 1866 τὴν
2269 1789 2837 1899 προκατηγγελμένην
2867 1791 3123 1860 εὐλογίαν
3154 1786 3311 1861 ὑμῶν
3336 1784 3564 1855 ταύτην,
3587 1782 3720 1836 ἑτοί-

2141 1903 2251 1960 μην
2281 1881 2420 1941 εἶναι
2447 1885 2642 1952 οὕτως.
2673 1905 2693 1939 ι

2210 1975 2461 2032 Τοσαῦτα
2500 1978 2630 2051 περὶ
2667 1976 2839 2047 αὐτῆς
2868 1975 3098 2038 εἰπόντι,
3142 1970 3299 2044 φησὶ,
3333 1965 3589 2041 περιττόν
3627 1980 3718 2035 μοι

2138 2071 2375 2142 γράφειν
2406 2072 2555 2142 ὑμῖν.
2595 2071 2705 2126 Καὶ
2734 2070 2796 2125 οὐ
2826 2068 2986 2122 τοῦτο
3036 2066 3200 2139 μόνον
3252 2063 3315 2118 τὸ
3361 2059 3581 2116 συνετὸν
3617 2056 3717 2113 a6-

2139 2162 2258 2233 τοῦ,
2292 2162 2429 2221 ἀλλὰ
2452 2166 2548 2221 καὶ
2576 2166 2605 2220 ὅ
2634 2182 2687 2219 τι
2721 2163 2879 2219 πάλιν
2913 2162 3063 2231 λέγει
3096 2160 3226 2231 περὶ
3263 2157 3457 2229 αὐτῆς.

2220 2348 2237 2381 ι
2289 2328 2375 2391 Ὦς
2407 2324 2684 2394 εὐλογίαν,
2717 2322 2815 2377 καὶ
2844 2320 2921 2395 μὴ
2947 2318 3027 2384 ὡς
3068 2314 3408 2384 πλεονεξίαν.
3435 2314 3608 2372 Τοῦτο
3637 2315 3719 2381 δὲ,

2141 2424 2173 2479 ὁ
2227 2421 2465 2492 σπείρων
2520 2415 2873 2489 φειδομένως,
2932 2411 3266 2485 φειδομένως
3323 2407 3418 2465 καὶ
3472 2406 3718 2481 θερίσεν

2144 2514 2238 2570 καὶ
2260 2516 2289 2569 ό
2326 2511 2565 2585 σπείρων
2593 2509 2679 2564 ἐπ’
2700 2506 2995 2577 εὐλογίαις,
3028 2505 3118 2559 ἐπ’
3146 2501 3420 2572 εὐλογίαις
3445 2500 3543 2557 καὶ
3575 2498 3723 2572 θερί-

2147 2626 2253 2665 σει.
2282 2608 2556 2669 Ἕκαστος
2595 2600 2777 2667 καθὼς
2817 2598 3164 2673 προαιρεῖται
3201 2598 3269 2669 τῇ
3299 2593 3520 2669 καρδίᾳ,
3557 2590 3632 2665 μὴ
3658 2593 3724 2647 εκ

2145 2700 2345 2771 λύπης,
2396 2696 2524 2771 ηιξ
2569 2694 2834 2765 ἀνάγκης.
2889 2688 3099 2762 ἰλαρὸν
3143 2686 3254 2762 γάρ
3290 2687 3454 2760 δότην
3482 2685 3724 2757 άγαπᾷό

2146 2791 2311 2857 Θεός’
2338 2787 2563 2852 δυνατὸς
2603 2785 2660 2839 δὲ
2694 2785 2723 2837 ό
2760 2782 2893 2846 Θεὸς
2935 2781 3118 2835 πᾶσαν
3168 2776 3331 2849 χάριν
3364 2772 3722 2848 περισσεῦσαι

2150 2887 2229 2950 είς
2258 2883 2422 2954 ὑμᾶς,
2452 2880 2541 2933 ἶνα
2585 2880 2643 2932 ὲν
2687 2874 2849 2931 παντὶ
2893 2871 3128 2928 πάντοτε
3176 2869 3359 2923 πᾶσαν
3393 2865 3729 2937 αὐτάρκειαν

2150 2979 2385 3050 ἔχοντες,
2421 2971 2783 3046 περισσεύητε
2814 2970 2895 3031 είς
2927 2966 3037 3020 πᾶν
3066 2965 3229 3036 ἔργον
3257 2960 3488 3032 ἀγαθὸν,
3543 2955 3723 3021 καθὼς

2151 3072 2460 3144 γέγραπται
2483 3084 2495 3096 ·
2524 3064 2883 3136 Εσκόρπισεν,
2923 3058 3125 3113 ἔδωκεν
3153 3056 3268 3120 τοῖς
3306 3054 3555 3126 πένησιν,
3581 3052 3618 3123 ἡ
3646 3050 3733 3103 δι-

457 3189 513 3243 in
546 3149 708 3243 omne
729 3200 870 3257 opus
896 3185 1124 3252 bonum,
1150 3182 1294 3238 sicut
1321 3180 1589 3252 scriptum
1610 3149 1726 3235 est:
1759 3197 1778 3231 ι
1817 3176 2043 3247 Disper-

2153 3161 2416 3234 καιοσύνη
2448 3157 2612 3215 αὐτοῦ
2649 3156 2798 3229 μένει
2829 3156 2909 3220 είς
2929 3153 3022 3208 τὸν
3051 3149 3245 3206 αἰῶνα.
3282 3165 3305 3203 ι

457 3284 557 3348 sit,
587 3280 741 3337 dedit
763 3277 1101 3351 pauperibus
1127 3292 1142 3333 :
1166 3274 1386 3348 justitia
1414 3272 1538 3345 ejus
1570 3279 1758 3330 manet
1787 3272 1846 3329 in
1876 3287 2052 3329 saccu-

457 3378 569 3431 lum
608 3371 819 3429 saeculi.
858 3390 877 3426 ι

529 3465 652 3522 Non
698 3464 874 3520 invito
912 3476 1013 3519 nec
1043 3469 1240 3518 coacto
1273 3460 1483 3521 animo.
1518 3456 1614 3513 sed
1663 3464 1967 3528 spontaneo
1994 3465 2047 3510 et

459 3561 632 3617 libera
664 3559 969 3614 voluntate.

535 3651 702 3708 Vsus.
735 3648 823 3718 10,
871 3648 966 3705 H.
1006 3666 1026 3702 ι
1066 3646 1169 3715 Qui
1222 3655 1405 3703 autem
1460 3643 1813 3700 administrat
1862 3657 2051 3699 semen

460 3744 783 3808 seminanti,
820 3750 877 3800 et
901 3754 1100 3814 panem
1133 3737 1203 3793 ad
1252 3735 1694 3793 manducandum
1726 3741 1967 3807 praestet,
1999 3743 2056 3791 et

464 3835 800 3909 multiplicet
860 3845 1049 3888 semen
1106 3835 1391 3895 vestrum,
1444 3833 1501 3883 et
1556 3832 1755 3898 augeat
1805 3824 2053 3897 germina

463 3930 681 4000 frugum
706 3924 944 3998 iustitiae
982 3930 1213 3987 vestrae;
1248 3927 1309 3975 ut
1344 3919 1401 3975 in
1432 3918 1692 3974 omnibus
1751 3916 2053 3987 locupletes

462 4020 588 4077 sitis
636 4018 692 4072 in
740 4028 959 4071 omnem
1015 4011 1452 4083 simplicitatem,
1489 4024 1615 4081 qua:
1654 4015 1918 4081 operatur
1959 4022 2055 4079 per

464 4127 562 4170 vos
597 4108 897 4185 gratiarum
925 4103 1202 4162 actionem
1237 4101 1370 4161 Deo.
1406 4121 1426 4157 ι

534 4202 788 4262 Ostendit
826 4215 893 4258 ea
932 4198 1123 4265 etiam,
1153 4211 1276 4268 quae
1305 4194 1413 4267 ipsi
1463 4194 1795 4267 largiuntur,
1843 4207 1909 4249 ex
1944 4189 2055 4247 Dco

463 4314 622 4363 esse;
664 4312 731 4353 ne
757 4294 883 4367 quis
917 4304 1117 4362 nempe
1142 4289 1473 4345 intumescat
1506 4286 1676 4352 fastu,
1705 4299 1802 4340 ceu
1834 4282 2055 4353 propria

464 4407 567 4451 sua
605 4390 887 4461 largiatur.
916 4383 1085 4455 Atqui
1115 4397 1289 4439 semen
1324 4381 1416 4435 bic
1441 4378 1845 4450 eieemosynam
1869 4381 2051 4430 vocat.

466 4480 715 4541 Declarat
758 4488 938 4537 autem
970 4476 1081 4533 illis
1126 4487 1378 4546 magnam
1424 4469 1695 4526 benefacti
1746 4466 2052 4523 mercedem

464 4592 613 4641 esse,
648 4568 879 4632 dicendo
916 4570 1174 4643 germina,
1203 4572 1570 4638 proventusve
1593 4560 1840 4632 iustitiae.

536 4668 707 4724 Vrsas.
739 4664 930 4722 ΗΑΒ.
968 4680 987 4716 ι
1025 4661 1295 4729 Quoniam
1330 4656 1700 4713 ministerium
1748 4652 1914 4725 huius
1945 4651 2052 4706 oﬂi-

465 4764 537 4819 rii
572 4778 682 4817 non
736 4758 913 4815 solum
942 4755 1158 4827 supplet
1186 4767 1249 4808 ea
1281 4766 1403 4822 qua:
1432 4750 1635 4805 desunt
1669 4745 1902 4811 sanctis,
1953 4744 2050 4799 sed

465 4856 630 4911 etiam
664 4850 905 4907 abundat
948 4860 1046 4919 per
1070 4844 1273 4900 multas
1297 4842 1600 4915 gratiarum
1641 4838 1887 4895 actiones
1920 4835 2056 4900 Deo,

470 4960 567 5015 per
622 4939 1003 5015 probationem
1054 4932 1349 4991 ministerii
1416 4929 1623 5001 hujus,
1681 4925 2053 4999 glorificantes

474 5038 648 5091 Deum
684 5036 740 5089 in
774 5029 1088 5089 obedientia
1120 5024 1490 5083 confessionis
1532 5030 1728 5080 vestra:
1765 5020 1822 5075 in
1870 5016 2053 5071 Evan-

472 5131 673 5203 gelinm
733 5125 984 5191 Clu-isti,
1024 5132 1080 5181 et
1128 5120 1486 5195 simplicitate
1539 5114 2056 5175 communicationis

476 5228 530 5281 in
575 5226 720 5285 illos,
752 5230 808 5278 et
846 5221 902 5275 in
932 5232 1148 5280 omnes,
1193 5225 1248 5273 et
1282 5214 1337 5270 in
1396 5213 1645 5283 ipsorum
1675 5206 2060 5265 obsecratione

477 5332 577 5391 pro
610 5316 791 5379 vobis,
839 5310 1274 5371 desiderantium
1328 5321 1429 5362 vos
1473 5311 1697 5375 propter
1724 5301 2057 5357 eminentem

481 5410 715 5483 gratiam
752 5406 846 5463 Dei
878 5408 934 5462 in
968 5403 1148 5460 vobis.
1184 5398 1405 5457 Gratias
1434 5396 1544 5454 Deo
1581 5408 1746 5466 super
1775 5394 2065 5448 inenarra-

477 5502 571 5559 bili
598 5502 745 5557 dono
782 5499 919 5571 ejus.
962 5514 980 5549 ι

558 5591 926 5648 Ministerium
973 5588 1183 5659 utique,
1226 5585 1293 5640 de
1336 5598 1446 5654 quo
1482 5581 1535 5634 in
1586 5576 1813 5648 epistola
1846 5576 2067 5641 dicitur,

2223 3432 2318 3505 Μὴ
2373 3430 2622 3492 ἄκοντες,
2685 3420 2840 3497 φησι,
2901 3419 3037 3492 μηδὲ
3097 3413 3559 3486 ἀναγκαζόμενοι,
3614 3406 3747 3468 ἀλλ’

2153 3525 2391 3589 ἑκόντες,
2419 3520 2516 3577 καὶ
2547 3512 2995 3591 προαιρούμενοι.

2232 3637 2250 3669 ι
2331 3614 2388 3668 ⁸0
2417 3612 2474 3666 δὲ
2516 3590 2866 3681 ἐπιχορηγῶν
2912 3601 3134 3674 σπέρμα
3179 3593 3257 3670 τῷ
3293 3594 3589 3667 σπείροντι.
3638 3590 3735 3645 καὶ

2153 3710 2317 3782 ἄρτον
2353 3706 2434 3770 είς
2471 3701 2673 3776 βρῶσιν
2705 3696 3037 3771 χορηγήσαι,
3066 3693 3162 3748 καὶ
3187 3687 3461 3782 πληθύναι
3479 3684 3572 3782 τὸν
3604 3682 3738 3738 σπό-

2158 3774 2250 3872 ρον
2293 3774 2481 3870 ὑμῶν.
2509 3774 2621 3849 καὶ¹
2648 3790 2881 3860 αὐξήσαι
2924 3786 2991 3840 τὰ
3041 3783 3359 3854 γεννήματα
3398 3777 3499 3850 τῆς
3530 3774 3737 3831 δικαιοσ-

2156 3868 2344 3959 σύνης-
2373 3887 2526 3961 ὐμῶν
2553 3902 2568 3916 ’
2622 3885 2680 3939 ὲν
2734 3881 2899 3937 παντὶ
2951 3874 3366 3947 πλουτιζόμενοι
3416 3871 3497 3936 είς
3552 3868 3735 3923 πᾶσαν

2155 3984 2460 4056 ἁπλότητα,
2496 3980 2619 4051 ἥτις
2677 3972 3076 4048 κατεργάζεται
3115 3968 3180 4023 δι’
3203 3964 3357 4039 ὐμῶν
3381 3960 3738 4036 εὐχαριστίαν

2195 4077 2232 4133 ὦ
2259 4076 2397 4133 Θεῷ.
2447 4093 2465 4129 ι

2153 4094 2509 4226 τῳΔΣῗκῗῦέιν
2569 4165 2652 4220 ὅτι
2697 4158 2795 4217 καὶ
2829 4156 2972 4213 αὐτὰ
2999 4155 3069 4210 τὰ
3096 4151 3349 4223 διδόμενα
3377 4147 3443 4202 ἐκ
3474 4144 3567 4201 τοῦ
3594 4140 3734 4199 Θεοῦ

2155 4266 2325 4330 ἑστιν,
2353 4262 2443 4315 ἵνα
2489 4257 2563 4328 μὴ
2612 4250 2829 4326 μεγάλα
2854 4266 2937 4313 τις
2979 4245 3176 4317 φρονῇ.
3222 4244 3299 4306 ὡς
3334 4240 3510 4295 οίκεῐα
3535 4234 3729 4330 διδούς..

2157 4327 2397 4425 Σπέρμα
2419 4327 2529 4421 γὰρ
2559 4345 2653 4402 νῦν
2671 4344 2771 4418 τὴν
2803 4337 3172 4412 ἐλεημοσύνην
3200 4332 3378 4389 καλεῖ.
3402 4332 3655 4385 Δείκννσι
3674 4327 3733 4380 δὲ

2155 4422 2341 4513 αὐτοῖς
2369 4444 2463 4499 καὶ
2488 4444 2663 4514 μέγαν
2700 4439 2831 4493 ὄντα
2866 4435 2959 4488 τὸν
3003 4430 3193 4503 μισθὸν
3223 4425 3318 4482 τοῦ
3358 4422 3738 4493 ἀποτελέσμα-

2084 4570 2131 4629 ο
2157 4561 2263 4609 τος,
2290 4539 2635 4612 γεννήματα
2655 4528 2999 4629 δικαὶοσύνης
3033 4525 3246 4629 λέγων..

2239 4654 2257 4687 ι
2280 4607 2402 4687 ’Ὅτι
2424 4630 2456 4703 ἡ
2478 4623 2725 4683 διακονία
2747 4622 2847 4693 τῆς
2875 4614 3221 4689 λειτουργίας
3243 4608 3542 4680 ταύτης,οὐ
3574 4607 3737 4680 μόνον

2159 4730 2277 4781 ἐστὶ
2312 4700 2842 4794 προσαναπληροῦσα
2885 4713 2953 4767 τά
2995 4708 3349 4789 ὑστερήματα
3389 4702 3498 4757 τῶν
3542 4700 3735 4794 άγίωνῄ,

2160 4819 2297 4874 ἀλλὰ
2327 4815 2422 4870 καὶ
2466 4806 2867 4883 περισσεύουσα
2898 4802 2988 4859 διὰ
3019 4788 3243 4855 πολλῶν
3265 4792 3626 4868 εὐχαριστιῶν
3657 4788 3737 4860 τῷ

2160 4910 2299 4981 Θεῷ,
2334 4907 2422 4963 διὰ
2446 4881 2550 4977 τῆς
2576 4900 2802 4971 δοκιμῆς
2844 4896 2944 4965 τῆς
2980 4889 3253 4955 διακονίας
3305 4886 3531 4981 ταύτης,
3553 4881 3737 4981 μδοξά-

2160 4975 2344 5069 ζοντες
2396 4975 2510 5051 τὸν
2542 4993 2675 5047 Θεὸν
2730 4989 2823 5042 ἐπὶ
2882 4988 2954 5058 τῇ
2999 4983 3247 5053 ὑποταγῇ
3298 4978 3401 5048 τῆς
3448 4975 3740 5049 ὁμολογίας

2162 5066 2313 5166 ὐμῶν
2346 5095 2424 5153 εἰς
2452 5092 2513 5143 τὸ
2541 5083 2877 5154 Εὐαγγέλιον
2912 5076 3007 5132 τοῦ
3047 5070 3309 5148 Χριστοῦ,
3341 5070 3436 5125 καὶ
3472 5066 3741 5135 ἁπλότητι

2161 5190 2257 5259 τῆς
2290 5182 2571 5245 κοινωνίας
2607 5180 2684 5241 εἰς
2723 5174 2941 5236 αὐτοὺς,
2973 5170 3068 5223 καὶ
3115 5168 3195 5230 εἰς
3243 5164 3474 5225 πάντας,
3507 5161 3600 5214 καὶ
3644 5159 3738 5211 αἱ·

2163 5280 2272 5334 τῶν
2325 5278 2510 5347 δεήσει
2567 5272 2704 5341 ὑπὲρ
2765 5265 2918 5337 ὐμῶν
2987 5257 3395 5315 ἐπιποθούντων
3451 5255 3594 5324 ὑμᾶς
3646 5250 3734 5303 διὰ

2166 5371 2265 5442 τὴν
2300 5342 2745 5439 ὑπερϐάλλουσαν
2782 5358 2941 5429 χάριν
2969 5351 3075 5408 τοῦ.
3097 5348 3233 5406 Θεοῦ
3264 5348 3349 5419 ἐφ’
3381 5348 3528 5417 ὐμῖν.
3565 5342 3742 5412 Χάρις

2172 5438 2235 5514 δέ
2263 5460 2340 5531 τῷ
2369 5438 2487 5528 Θεῷ
2520 5456 2611 5511 ἐπὶ
2640 5455 2707 5523 τῇ
2741 5445 3117 5517 ἀνεκδιηγήτῳ
3149 5440 3314 5498 αὐτοῦ
3347 5438 3541 5511 δωρεᾷ.
3584 5453 3602 5487 ι

2261 5525 2325 5605 Ἱί
2357 5525 2601 5604 διακονία
2633 5546 2732 5618 τῆς
2766 5537 3058 5609 ἐπιστολῆς
3092 5549 3154 5604 ω,
3194 5532 3472 5589 τουτέστιν
3514 5532 3549 5601 ὴ
3591 5525 3741 5598 φιλο-

1774 5731 1859 5786 VA
1874 5730 2009 5786 BIzE
2051 5728 2449 5789 LECTIONES.

556 5851 599 5880 '-
630 5838 815 5904 Forte,
855 5842 952 5906 τῆς
968 5838 1336 5907 λειτουργίας,
1370 5845 1425 5889 ιιι
1468 5830 1565 5889 fert
1600 5826 1749 5883 Pauli
1777 5833 1980 5882 textus.
