4038 6284
359 326 460 390 753

1497 341 1578 402 1N
1616 343 1850 406 EPIST.
1892 344 1992 405 AD
2036 344 2398 408 CORINTH.
2431 345 2513 407 II.

354 438 508 510 τιμία
537 437 646 498 τῶν
672 441 999 514 χρημάτων,
1031 445 1124 500 καὶ
1151 446 1184 519 ἡ
1209 446 1519 521 λειτουργία
1551 453 1708 523 ἡμῶν
1731 452 1868 523 αῦτη
1899 455 1932 524 ή

2060 451 2092 508 d
2123 465 2208 510 cst
2235 456 2491 511 munifica
2518 455 2875 527 pecuniarum
2898 455 3164 527 crogatio,
3195 466 3250 514 et
3279 456 3410 512 illud
3441 458 3619 530 ipsum
3682 530 3685 533 _

356 533 717 604 πνευματικὴ,
746 535 841 588 καὶ
866 537 900 605 ἡ
925 536 992 590 δι’
1021 537 1180 610 ήμῶν
1204 540 1469 606 διακονία,
1503 543 1563 597 οὐ
1594 544 1751 615 μόνον
1779 545 1940 601 τοῦτο

357 621 628 694 κατορθοῖ,
659 624 742 681 ὅτι
774 626 843 680 τὰ
876 627 1231 703 ὑστερήματα
1256 632 1364 686 τῶν
1396 634 1566 704 ἁγίων
1599 635 1818 710 πληροῖ,
1844 638 1938 692 καὶ

355 711 659 784 διορθοῦται
685 718 867 773 αὐτῶν
888 721 987 793 τὴν
1011 723 1225 789 πενίαν,
1248 725 1367 781 ἀλλ’
1388 729 1470 782 ὅτι
1491 728 1580 784 διὰ
1607 730 1819 785 πολλῶν
1842 733 1939 786 καὶ

357 804 496 878 ὑπὲρ
533 807 746 864 πολλῶν
799 813 1070 881 εὐποιίαν,
1105 816 1460 891 εὐχαριστίαν
1513 823 1938 896 ἀναπέμπεσθαι

360 903 788 972 παρασκευάζει.
816 906 986 962 Τοῦτο
1019 910 1126 982 γάρ
1155 912 1272 966 ἐστι
1295 912 1377 977 τὸ,
1416 916 1591 972 Ἀλλὰ
1615 917 1712 973 καὶ
1732 934 1938 990 περισ-

357 993 631 1086 σεύουσα
682 996 770 1052 διὰ
832 1000 1043 1056 πολλῶν
1089 1003 1469 1079 εὐχαριστιῶν.
1539 1010 1765 1066 Ἐκεῖνοι
1829 1012 1940 1086 γὰρ

359 1085 750 1159 ἀποδεχόμενοι
779 1090 846 1145 τὰ
877 1092 1140 1165 χρήματα
1167 1136 1179 1160 ,
1217 1097 1500 1164 δοξάζουσι
1540 1100 1630 1155 τὸν
1682 1101 1815 1157 Θεὸν
1839 1085 1938 1158 ἐπὶ

360 1175 434 1247 τῇ
454 1179 727 1253 exorari
760 1182 872 1251 τῆς
908 1188 1235 1260 ὁμολογίας
1264 1191 1429 1262 ὑμῶν
1464 1197 1552 1263 εις
1577 1197 1642 1251 τὸ
1676 1198 1938 1270 Εὐαγγέ-

358 1270 514 1324 λιον.
542 1270 660 1326 ἰνα
681 1272 742 1329 δὲ
764 1273 842 1348 μὴ
863 1274 1014 1350 δείξῃ
1034 1278 1233 1344 αὐτοὺς
1253 1282 1343 1337 διὰ
1371 1283 1527 1356 τοῦτο
1548 1287 1937 1361 εὐχαριστοῦν-

360 1380 460 1429 τας
493 1365 653 1437 μόνον
680 1366 774 1421 διὰ
805 1367 869 1422 τὸ
913 1369 1122 1438 λαϐεῖν,
1148 1373 1252 1447 ὅρα
1289 1375 1407 1442 πῶς
1450 1379 1649 1443 αὐτοὺς
1704 1381 1942 1454 ὑψηλοὺς

359 1458 525 1510 ποιεῖ.
564 1454 911 1528 Δοξάζουσι,
955 1463 1143 1534 φησιν,
1173 1466 1256 1521 ὅτι
1308 1467 1484 1536 οὕτως
1513 1470 1943 1544 ὑποτεταγμένοι

359 1548 484 1604 ἐστι
513 1550 592 1621 τῷ
621 1550 968 1634 Εὐαγγελίῳο
998 1550 1060 1613 οὖ
1088 1562 1313 1632 σημεῖον
1340 1560 1497 1618 τοῦτό
1523 1564 1660 1630 ἐστι,
1698 1565 1760 1621 τὸ
1797 1565 1944 1622 οὕτω

357 1638 596 1710 δαψιλῶς
623 1645 934 1719 εἰσφέρειν·
988 1648 1150 1706 τοῦτο
1195 1651 1305 1729 γὰρ
1348 1655 1412 1711 τὸ
1461 1657 1791 1728 Εὑαγγὲλιον
1821 1661 1943 1714 ἑπι-

357 1747 566 1788 ταττει.

983 1878 1231 1938 ΚΕΦΔΛ.
1264 1883 1324 1939 l'.

427 1980 602 2049 Αὐτὸς
628 1984 685 2040 δὲ
723 1985 835 2057 ἐγὼ
887 1988 1102 2055 Παῦλος
1141 1992 1450 2064 παρακαλῶ
1505 1995 1650 2068 ὑμᾶς
1697 1996 1787 2053 διὰ
1838 1997 1943 2063 τῖες

357 2073 664 2148 πραότητος
685 2080 780 2133 καὶ
805 2083 1111 2148 ἐπιεικείας
1145 2083 1240 2138 τοῦ
1274 2085 1541 2158 Χριστοῦ.

442 2167 779 2242 ’Δπαρτίσας
803 2173 902 2229 τὸν
929 2175 1060 2248 περὶ
1100 2175 1204 2248 τῆς
1244 2177 1615 2252 ιλεημοσὺνης
1648 2180 1824 2250 λόγον,
1867 2182 1942 2247 ῶς

353 2255 1278 2336 ἔδει,ιπιτιμητικωτέρωνᾶπτεται
1331 2269 1537 2340 λόγων,
1617 2273 1743 2336 τοὺς
1783 2274 1944 2343 ψευδ-

354 2348 695 2418 αποστόλους
747 2355 1122 2428 αἰνιττόμενος
1161 2358 1261 2416 διὰ
1312 2359 1424 2429 τῆς
1476 2364 1816 2432 πραότητος
1846 2364 1943 2422 καί

353 2441 702 2514 ἐπιεικείας,
777 2447 986 2523 σφόδρα
1025 2450 1225 2518 αὐτοὺς
1275 2452 1538 2526 ἐντρέψαι
1598 2455 1942 2530 βουλόμενος.

356 2536 732 2610 Προϐαλλεται
767 2542 860 2598 οὖν
903 2544 1004 2618 τὴν
1043 2545 1328 2620 πραότητα
1358 2549 1453 2604 καὶ
1482 2549 1580 2622 τὴν
1622 2551 1948 2622 ἐπιείκειαν,

354 2628 536 2703 ταύτῃ
563 2633 786 2702 μείζονα
807 2634 976 2690 ποιῶν
999 2637 1100 2710 τὴν
1127 2642 1487 2713 κατηγορίαν.

435 2740 456 2774 ε
498 2724 594 2788 ⁸ος
620 2725 759 2780 κατὰ
787 2728 1082 2800 πρόσωπον
1107 2732 1208 2804 μὲν
1236 2734 1491 2797 ταπεινὸς
1520 2737 1578 2791 ὲν
1609 2734 1759 2808 ὑμῖν,
1787 2736 1944 2794 ἀπὼν

354 2812 413 2866 δὲ
440 2815 634 2888 οαῤῥῶ
660 2819 740 2884 εἰς
774 2821 938 2893 ὑμᾶς.
969 2840 990 2875 s

431 2906 607 2964 Τοῦτό
639 2928 825 2984 φησιν,
852 2915 933 2978 εἰς
966 2913 1209 2982 ἐκείνους
1239 2919 1610 2991 αἰνιττόμενος
1643 2923 1769 2986 τοὺς
1794 2922 1944 2994 ψευδε

363 3000 697 3067 αποπόλους
741 3005 869 3068 τοὺς
916 3004 1177 3075 λέγοντας
1200 3049 1216 3074 ,
1268 3010 1349 3064 ὅτι
1378 3014 1448 3067 Αἰ
1472 3013 1790 3069 ἐπιστολαὶ
1828 3015 1948 3082 ,βα-

2042 548 2328 618 spirituale
2363 563 2566 604 munus
2594 557 2846 606 nostrum
2873 559 2930 606 et
2974 551 3211 614 functio,
3237 548 3495 620 quodque
3525 544 3624 621 per

2039 650 2144 692 nos
2174 634 2537 692 ministerium
2555 636 2761 707 agitur,
2788 653 2902 694 non
2933 637 3036 694 hoc
3068 637 3246 693 solum
3282 644 3529 709 praestat,
3565 645 3625 691 ut

2037 743 2160 798 quae
2187 726 2387 783 desunt
2417 728 2626 784 sanctis
2648 729 2883 798 expleat,
2916 741 2970 785 et
2999 728 3355 800 indigentiam
3382 727 3625 805 ipsorum

2043 819 2356 886 resarciat;
2394 819 2486 876 sed
2526 827 2580 874 ut
2626 835 2725 890 pro
2751 820 3051 877 multorum
3105 818 3465 876 beneficentia
3514 807 3628 873 Deo

2037 920 2225 979 grates
2255 910 2584 966 habeantur.
2616 909 2748 966 Nam
2792 910 2844 967 id
2877 909 3221 982 significatur
3260 909 3344 967 bis
3388 909 3574 965 verbis
3609 895 3624 971 ξ

2040 999 2148 1056 Sed
2184 1001 2345 1057 etiam
2399 1001 2636 1057 abundat
2675 1019 2767 1072 per
2797 1002 2994 1060 multas
3026 1003 3325 1074 gratiarum
3371 1003 3622 1058 actiones.

2039 1092 2175 1148 Nam
2207 1095 2304 1167 qui
2354 1096 2554 1168 stipem
2597 1097 2893 1169 accipiunt,
2926 1097 3155 1168 gloriam
3196 1097 3304 1154 Deo
3355 1097 3624 1161 tribuunt,

2040 1184 2095 1238 in
2129 1185 2423 1241 obedientia
2450 1185 2792 1256 confessionis
2825 1197 3010 1242 vestra:
3044 1188 3100 1242 in
3144 1185 3508 1257 anngetittm.
3548 1184 3629 1243 Ne

2041 1285 2220 1333 autem
2255 1279 2358 1333 hoc
2387 1278 2655 1334 duntaxat
2677 1279 2900 1336 nomine
2920 1279 3067 1350 quod
3095 1278 3395 1350 accipiant,
3419 1278 3628 1349 gratias

2041 1383 2205 1439 agerc
2256 1369 2416 1445 15.6
2464 1369 2761 1442 significet,
2793 1369 2919 1426 vide
2955 1376 3223 1441 quantum
3253 1384 3348 1424 eos
3381 1367 3625 1422 extollat.

2043 1459 2381 1532 Gloriﬁcant,
2420 1461 2622 1535 inquit,
2675 1461 2872 1530 Deum,
2926 1462 3188 1534 quoniam
3239 1460 3444 1517 Subditi
3495 1459 3628 1515 adeo

2041 1555 2177 1610 estis
2223 1554 2540 1626 Evangelio.
2599 1555 2774 1627 Cujus
2828 1556 2906 1612 rei
2945 1556 3051 1612 hoc
3083 1561 3469 1625 argumentum
3523 1559 3627 1618 est,

2041 1645 2189 1715 quod
2235 1647 2316 1703 sic
2369 1646 2672 1704 liberaliter
2711 1646 2975 1704 oll'eratis.
3041 1644 3100 1703 1d
3143 1645 3290 1703 enim
3337 1644 3630 1717 Evangeiio

2045 1736 2376 1807 prmcipitur.

2706 1871 2860 1930 CAP.
2893 1870 2962 1929 Χ.

2117 1979 2285 2038 Vens.
2320 1982 2372 2037 l.
2433 2000 2450 2034 ι
2487 1982 2608 2054 lpse
2658 1989 2840 2037 autem
2881 1996 2988 2054 ego
3018 1978 3223 2038 Paulus
3271 1979 3506 2036 obsecro
3535 1992 3634 2038 vos

2044 2087 2140 2145 per
2180 2073 2664 2128 mansuetudinem
2693 2080 2748 2128 et
2777 2071 3108 2128 modestiam
3134 2069 3361 2128 Christi.
3400 2089 3420 2124 ι

2112 2162 2407 2231 Absoluto,
2439 2162 2519 2219 uti
2569 2161 2826 2228 decebat,
2856 2160 2927 2218 de
2959 2161 3308 2236 eleemosyna
3354 2174 3633 2223 sermone,

2044 2254 2375 2312 severiorem
2411 2253 2752 2325 aggreditur,
2783 2251 3150 2324 dicendoque,
3210 2267 3304 2324 per
3326 2262 3634 2308 mansuetu-

2045 2347 2220 2402 dinem
2251 2355 2301 2402 et
2333 2345 2680 2411 modestiam,
2737 2343 2911 2402 falsos
2958 2344 3242 2417 apostolos
3291 2345 3634 2418 perstringit,

2044 2445 2107 2492 ut
2126 2437 2482 2493 vehementer
2510 2451 2609 2493 eos
2638 2435 2980 2508 pudefaciat.
3022 2433 3286 2492 Producit
3324 2451 3454 2506 ergo
3483 2451 3634 2492 man-

2045 2530 2394 2588 suetudinem
2436 2538 2492 2585 et
2523 2529 2874 2597 modestiam,
2919 2528 3125 2602 quibus
3156 2527 3421 2601 majorem
3452 2536 3632 2585 struat

2045 2624 2481 2680 accusationem.

2121 2734 2142 2769 ε
2181 2715 2289 2784 Qui
2318 2717 2370 2772 in
2415 2715 2562 2774 facie
2614 2714 2835 2789 quidem
2893 2714 3120 2772 bumilis
3159 2729 3282 2771 sum
3329 2714 3474 2770 inter
3515 2729 3634 2779 vos,

2046 2811 2247 2867 absens
2277 2818 2460 2866 autem
2487 2810 2708 2867 confido
2731 2810 2786 2865 iu
2812 2809 2990 2867 vobis.
3030 2828 3050 2862 ι

2119 2903 2220 2960 His
2256 2905 2441 2960 verbis
2471 2903 2768 2960 mendaces
2804 2901 3085 2973 apostolos
3110 2901 3240 2958 illos
3279 2891 3637 2971 inditam-qui

2047 2997 2298 3055 dicerent
2345 3015 2359 3054 :
2393 2996 2652 3067 Epistolas
2679 2996 2891 3068 quidem
2920 3012 3104 3068 graves
3153 3003 3277 3050 sunt
3307 3010 3325 3050 :
3355 2995 3637 3064 pra'sentia

350 3089 535 3160 ρεῖαι,
558 3093 598 3162 ἠ
622 3092 692 3148 δὲ
730 3095 1035 3164 παρουσία
1070 3097 1177 3154 τοῦ
1214 3099 1488 3171 σώματος
1540 3103 1828 3174 ἀσθενής.
1876 3109 1947 3163 Ἦ

2057 3100 2226 3146 autem
2263 3090 2500 3159 corporis
2527 3090 2766 3159 inﬁrma.
2791 3086 2890 3145 Vel
2913 3088 3019 3144 hoc
3049 3102 3215 3144 sensu
3248 3106 3261 3141 :
3301 3085 3412 3140 Etsi
3443 3099 3636 3156 uragna

353 3181 536 3250 οὕτως
555 3200 570 3217 ⁸
604 3185 675 3240 Ἥ
714 3187 795 3243 ὅτι
825 3188 928 3243 κᾶν
953 3190 1163 3261 μεγάλα
1204 3191 1549 3264 φθέγξωμαι,
1586 3197 1687 3250 οὐκ
1714 3171 1931 3264 ἐξαπο-

2057 3184 2387 3256 pronuntio,
2439 3197 2550 3241 non
2597 3192 2781 3238 tamen
2821 3196 2886 3235 ex
2925 3179 3247 3253 arrogantia
3287 3179 3507 3251 loquor,
3541 3179 3634 3234 sed

355 3275 535 3340 νοίας,
572 3276 688 3332 ἀλλ’
713 3279 779 3333 εκ
803 3277 898 3332 τοῦ
930 3280 1157 3356 θαρρεῖν
1196 3283 1352 3354 ὑμῶν
1380 3284 1713 3357 φθέγγομαι.

431 3384 454 3418 ε
497 3368 697 3456 δέομαι
719 3371 800 3435 δὲ,
837 3373 898 3426 τὸ
929 3374 1003 3446 μὴ
1045 3374 1239 3447 παρὼν
1271 3374 1544 3449 θαρρῆσαι
1574 3381 1643 3453 τῇ
1675 3382 1946 3456 πεποιθή-

357 3475 465 3526 σει,
500 3454 839 3535 ᾖλογίζομαι
855 3465 1121 3538 τολμῆσαι
1145 3467 1240 3521 tari
1275 3485 1444 3534 τινας.
1489 3487 1510 3522 ι

429 3553 639 3628 Δέομαι
687 3557 862 3628 ὑμῶν,
916 3561 1072 3632 φησί,
1115 3562 1190 3633 μή
1233 3578 1302 3635 με
1346 3563 1692 3634 ἀναγκάζητε
1744 3567 1940 3636 δεῖξαι,

355 3646 444 3702 ὅτι
506 3649 601 3702 καὶ
651 3650 846 3725 παρὼν
893 3653 1114 3728 ἰσχυρός
1163 3656 1301 3728 εἰμι,
1367 3658 1463 3713 καὶ
1524 3658 1755 3722 δύναμιν
1813 3661 1944 3733 ἔχω.

371 3739 601 3814 Ἐπειδὴ
630 3742 736 3816 γὰρ
767 3744 971 3816 ἔλεγεν,
995 3747 1078 3802 ὅτι
1120 3747 1310 3804 Ἀπὼν
1353 3747 1515 3806 πάνυ
1550 3750 1694 3823 ὑμῖν
1729 3753 1944 3825 θαρῤῶ,

355 3831 580 3898 τούτοις
609 3833 875 3908 κέχρηται
897 3841 1010 3905 τοῖς
1038 3840 1270 3912 ῥήμασι.

442 4031 463 4066 ι
513 4014 654 4077 Τοὺς
683 4013 1069 4088 λογιζομένους
1102 4019 1275 4091 ἡμᾶς,
1298 4020 1375 4087 ὡς
1408 4021 1550 4076 κατὰ
1580 4023 1759 4096 σάρκα
1792 4043 1946 4098 περιο

361 4120 696 4170 πατουντας.
730 4125 752 4162 ι

449 4195 684 4252 Ἐκεινοι
727 4197 837 4271 γὰρ
890 4201 1054 4256 αὐτὸν
1097 4201 1376 4260 διέϐαλλον
1409 4205 1486 4270 ὡς
1516 4207 1839 4283 ὑποκριτὴν,
1871 4209 1948 4275 ὡς

360 4289 632 4362 πονηρὸν,
653 4292 726 4356 ὼς
767 4294 1078 4351 ἀπατεῶνα.

442 4399 464 4433 ε
515 4383 606 4438 Ἐν
643 4385 807 4457 σαρκὶ
851 4386 962 4458 γὰρ
997 4388 1450 4459 περιπατοῦντες,
1488 4392 1550 4446 οὔ
1596 4393 1739 4448 κατὰ
1768 4393 1949 4466 σάρκα

361 4476 801 4548 στρατευόμεθα.
842 4496 866 4533 ι

453 4567 725 4622 Ἐνταῦθα
767 4568 953 4623 λοιπὸν
992 4571 1086 4625 καὶ
1126 4571 1300 4641 φοϐεῖ.
1353 4573 1542 4644 Σὰρκα
1569 4575 1679 4649 γὰρ
1711 4579 1955 4649 περικεί-

364 4659 537 4728 μεθα,
571 4661 855 4733 ὁμολογῶ*
925 4665 1069 4720 κατὰ
1121 4667 1301 4741 σάρκα
1351 4669 1475 4724 οὐδὲ
1532 4669 1734 4742 ζῶμεν.
1778 4677 1960 4743 Στρα-

363 4751 542 4808 τείαν
569 4753 628 4808 δὲ
664 4755 949 4827 ὠνόμασεν
969 4759 1202 4834 ταύτην,
1239 4762 1474 4833 μάλιστα
1515 4765 1781 4835 ἐκφοϐῶν.

445 4949 469 4984 ε
519 4931 600 4986 Τὰ
627 4931 734 5006 γὰρ
763 4934 903 4989 ὅπλα
929 4937 1030 5009 τῆς
1063 4939 1356 5008 στρατείας
1388 4940 1566 5013 ἡμῶν,
1606 4941 1667 4995 οὐ
1697 4941 1956 5014 σαρκικὰ,

363 5024 513 5081 ἀλλὰ
542 5025 742 5082 δυνατὰ
765 5024 843 5100 τῷ
870 5028 1012 5098 Θεῷ.
1052 5049 1072 5082 ο

442 5139 631 5194 Ὅπλα
686 5141 950 5212 σαρκικὰ,
1007 5141 1236 5209 πλοῦτός
1282 5144 1420 5213 ἐστι,
1459 5145 1606 5212 δόξα,
1645 5146 1958 5211 δυναστεία,

364 5232 699 5302 εὐγλωττία,
743 5234 1006 5308 δεινότης,
1055 5237 1408 5310 περιδρομαὶ,
1460 5239 1766 5308 κολακεῖαι,
1827 5241 1961 5295 ὑπο-

367 5327 610 5396 κρίσεις,
635 5326 728 5380 καί
750 5324 819 5379 τὰ
845 5325 979 5380 ἄλλα
1005 5325 1177 5382 ταῦτα
1199 5331 1311 5392 τοῖς
1339 5329 1598 5396 τοιούτοις
1618 5331 1856 5388 ἐοικότα.
1880 5332 1962 5386 Τὰ

318 5461 324 5466 .
365 5418 427 5472 δὲ
457 5417 705 5491 ἡμέτερα
734 5419 791 5474 οὐ
820 5420 1066 5485 τοιαῦτα,
1096 5423 1284 5491 φησὶν,
1319 5422 1456 5476 ἀλλὰ
1489 5423 1688 5479 δυνατὰ
1720 5421 1795 5494 τῷ
1821 5425 1960 5495 Θεῷ.

367 5511 576 5579 Καλῶς
601 5514 655 5568 δὲ
680 5513 846 5569 πάλιν
882 5515 1061 5570 πᾶσαν
1088 5516 1190 5585 τὴν
1219 5515 1451 5587 δύναμιν
1477 5517 1642 5572 αὐτοῦ
1673 5519 1962 5588 ἀνατίθησι

366 5604 450 5676 τῷ
481 5605 622 5677 Θεῷ.
651 5605 877 5678 Ὅμοιον
915 5607 972 5661 δὲ
1004 5611 1079 5673 ὡς
1112 5609 1161 5662 εἰ
1194 5607 1367 5678 λέγοι·
1402 5609 1514 5680 Οὐχ
1549 5611 1730 5680 ἡμεῖς,
1774 5612 1962 5681 φησιν,

369 5699 519 5755 αὖτὰ
563 5699 787 5754 τοιαῦτα
823 5701 1330 5773 κατεσκευὰσαμεν,
1360 5701 1500 5756 ἀλλὰ
1529 5701 1692 5768 αὐτὸς
1731 5704 1760 5756 ό
1807 5704 1958 5768 Θεός.

383 5793 618 5867 ’ἐπειδῆ
671 5796 777 5867 γὰρ
831 5797 1215 5868 μαστιζόμενοι
1270 5799 1364 5852 καὶ
1396 5798 1743 5869 ἐλαυνόμενοι
1804 5799 1964 5869 Expi-

1985 4526 2032 4582 D

2043 3279 2176 3352 quia
2208 3279 2264 3334 in
2297 3276 2451 3333 vobis
2479 3276 2720 3333 confido.

2119 3369 2289 3426 Vens.
2325 3369 2387 3428 2.
2423 3387 2442 3423 ι
2481 3371 2637 3441 Rogo
2666 3375 2875 3434 autem,
2900 3383 2968 3424 ne
2998 3381 3242 3436 praesens
3280 3364 3510 3421 audeam
3545 3379 3636 3436 per

2045 3463 2437 3522 conﬁdentiam
2465 3477 2574 3534 qua
2607 3461 2902 3518 existimor
2934 3458 3138 3515 audere
3185 3458 3243 3514 in
3279 3458 3570 3529 quosdam.
3607 3474 3626 3506 ι

2118 3559 2272 3630 Rogo
2302 3571 2424 3626 vos,
2458 3555 2661 3629 inquit,
2696 3570 2767 3612 ne
2797 3569 2892 3613 me
2916 3552 2985 3609 ad
3024 3554 3130 3608 hoc
3163 3552 3424 3623 adigatis,
3451 3558 3511 3604 ut
3544 3565 3636 3621 pa-

2045 3649 2153 3706 lam
2185 3648 2382 3705 faciam
2404 3686 2419 3713 ,
2455 3662 2544 3704 me
2581 3659 2801 3718 quoque
2834 3643 3030 3702 fortem
3060 3657 3184 3700 esse
3226 3640 3452 3713 quando
3491 3655 3634 3710 prae-

2046 3756 2176 3798 sens
2228 3755 2375 3806 sum,
2406 3746 2462 3795 et
2500 3740 2704 3794 virtute
2751 3736 2978 3808 pollere.
3031 3732 3168 3790 Nam
3197 3734 3327 3809 quia
3369 3733 3630 3788 dixerat:

2046 3833 2246 3888 Absens
2277 3831 2490 3887 omnino
2521 3828 2726 3899 conﬁdo
2752 3830 2806 3884 in
2845 3829 3010 3894 vobis,
3042 3826 3234 3885 iisdem
3267 3840 3419 3882 nunc
3454 3823 3632 3880 verbis

2046 3927 2247 3984 utitur.

2123 4041 2144 4075 ε
2177 4018 2279 4087 Qui
2323 4017 2666 4073 arbitrantur
2713 4029 2815 4070 nos
2868 4021 3128 4084 tanquam
3171 4010 3472 4068 secundum
3514 4023 3632 4064 car-

2047 4128 2171 4171 nem
2204 4109 2576 4166 ambulemus.
2621 4127 2641 4161 ι

2119 4206 2303 4278 Ipsum
2344 4202 2492 4259 enim
2532 4200 2889 4257 incessebant
2947 4207 3212 4270 tanquam
3265 4194 3630 4268 hypocritaun

2049 4307 2311 4368 tanquam
2345 4293 2659 4366 improbum
2689 4300 2744 4349 et
2774 4290 3144 4363 deceptorein.

2119 4384 2289 4443 Vens.
2327 4385 2384 4440 5.
2439 4401 2461 4437 ι
2497 4384 2553 4441 ln
2581 4398 2753 4440 carne
2793 4383 2940 4438 enim
2978 4380 3364 4442 ambulantes,
3411 4394 3521 4435 non
3553 4395 3630 4436 sco

2055 4480 2301 4536 cundum
2333 4492 2556 4534 carnem
2590 4476 2917 4544 militamus.
2953 4493 2974 4528 ι

2132 4571 2236 4629 Hic
2265 4585 2398 4628 vero
2415 4585 2512 4627 eos
2539 4570 2781 4627 territat.
2807 4567 2946 4624 Nam
2979 4582 3146 4623 carne
3173 4582 3277 4622 nos
3299 4564 3633 4622 circumdari

2062 4665 2240 4721 fateor
2274 4683 2286 4718 :
2320 4670 2583 4720 caeterum
2634 4675 2982 4733 nequaquam
3045 4658 3354 4716 secundum
3407 4673 3634 4713 carnem

2061 4757 2324 4813 vivimus.
2360 4754 2476 4811 Iloc
2518 4765 2700 4811 autem
2735 4753 2990 4828 estquod
3021 4753 3272 4807 militiam
3305 4751 3633 4816 nominavit,

2060 4864 2168 4920 quo
2189 4857 2496 4905 exterreret
2523 4846 2719 4919 magis.

2135 4940 2302 4999 Vsus.
2327 4940 2380 4996 4.
2425 4961 2443 4994 ι
2479 4939 2615 4996 Nam
2647 4957 2802 4997 arma
2842 4940 3055 4995 militia:
3097 4946 3300 4994 nostra:
3349 4953 3460 4994 non
3515 4952 3633 4994 car-

2063 5036 2207 5092 nalia
2247 5042 2398 5101 sunt,
2429 5033 2526 5091 sed
2558 5034 2803 5106 potentia
2831 5032 2963 5089 Deo.
3011 5051 3030 5086 ι

2131 5149 2296 5204 Arma
2336 5148 2526 5203 carnis
2559 5157 2717 5214 sunt,
2750 5146 2981 5211 divitiae,
3023 5146 3221 5217 gloria,
3254 5147 3521 5217 polentia,
3557 5144 3634 5200 fa-

2061 5241 2287 5306 cundia,
2314 5248 2482 5308 artes,
2516 5240 2876 5305 famulitium,
2924 5241 3358 5303 asscntationes,
3410 5240 3635 5294 simula-

2062 5335 2265 5401 tiones,
2302 5343 2355 5388 et
2389 5334 2489 5387 alia
2514 5333 2710 5388 borum
2747 5333 2969 5390 similia.
2999 5331 3202 5388 Nostra
3240 5346 3390 5398 vero,
3431 5331 3634 5401 inquit,

2064 5429 2194 5483 talia
2237 5443 2344 5482 non
2380 5436 2535 5492 sunt,
2581 5424 2676 5481 sed
2723 5441 2752 5481 a
2803 5426 2911 5480 Deo
2958 5425 3130 5481 robur
3177 5423 3411 5480 habent.
3469 5422 3637 5480 Recte

2063 5530 2248 5576 autem
2290 5518 2550 5573 virtutem
2607 5519 2804 5574 iterum
2865 5532 3021 5572 suam
3083 5532 3300 5573 omnem
3359 5525 3636 5587 acceptam

2064 5612 2231 5668 refert
2266 5611 2394 5666 Deo.
2440 5611 2518 5666 Ac
2545 5612 2590 5666 si
2624 5611 2834 5666 diceret
2866 5628 2881 5665 :
2917 5609 3033 5665 Non
3067 5625 3166 5665 nos
3194 5608 3390 5665 isthaac
3421 5607 3632 5679 prazsti-

2066 5707 2257 5764 limus.
2307 5703 2400 5760 sed
2449 5704 2566 5775 ipse
2599 5703 2760 5760 Deus.
2810 5699 2947 5758 Nam
2978 5701 3133 5772 quia,
3161 5714 3290 5756 cum
3319 5698 3637 5770 vapularcnt

2066 5799 2600 5868 expcllcrcnturquc,
2656 5797 2900 5852 victores
2956 5801 3136 5861 erant,
3174 5793 3259 5849 ait
3307 5791 3412 5848 hoc
3459 5791 3638 5864 ipsum

3512 327 3731 428 ’κε’
