4038 6284
351 351 457 418 761

1475 344 1560 408 ΙΝ
1598 343 1836 407 EPIST.
1870 340 1971 402 ΑΙ)
2008 340 2368 404 CORINTII.
2401 343 2490 405 II.

3495 329 3603 398 762

349 461 510 532 ὑμεῖς
541 456 815 530 ὑψωθῆτε,
845 456 930 514 ὅτι
960 453 1168 527 δωρεὰν
1199 455 1259 510 τδ
1292 453 1385 509 τοῦ
1419 453 1556 509 Θεοῦ
1605 451 1935 522 Εὐαγγὲλιον

2047 449 2218 520 ipsum
2249 450 2566 518 humilians,
2582 454 2644 506 ut
2665 463 2765 506 vos
2784 412 3122 515 exaltemini,
3143 444 3402 517 quoniam
3430 445 3602 517 gratis

352 551 796 624 εὐηγγελισάμην
815 550 981 620 ύμῖνς
1017 547 1218 611 Ἀλλας
1289 547 1617 620 Ἐκκλησίας
1662 546 1927 618 ἐσύλησα,

349 644 532 702 λαϐὼν
560 641 792 715 ὀψώνιον
826 641 964 713 πρὸς
984 641 1085 712 τήν
1131 639 1286 710 ὑμῶν
1339 639 1635 694 διακονίαν.
1679 639 1794 693 Καὶ
1826 656 1931 693 πα-

356 738 464 812 ρὼν
507 738 646 813 πρὸς
701 739 870 810 ὑμᾶς,
923 739 1018 794 καὶ
1077 739 1419 812 ὑστερηθεὶς,
1450 738 1514 793 οὐ
1540 739 1932 808 κατενάρκησα

348 829 592 894 οὐθενός.
612 829 687 885 Τδ
712 830 820 904 γὰρ
847 830 1134 902 ὑστέρημά
1164 848 1266 901 μου
1293 830 1839 903 προσανεπλήρωσαν
1881 828 1932 883 οἱ

352 922 593 992 ἀδελφοὶ,
646 923 894 989 ἐλθόντες
938 923 1048 978 ἀπὸ
1099 922 1462 988 Μακεδονίας,
1505 922 1602 979 καὶ
1658 924 1717 976 ὲν
1767 921 1936 977 παντὶ

353 1015 537 1088 ἀϐαρῆ
577 1017 706 1089 ὑμῖν
726 1016 970 1089 ἐμαυτὸν
1005 1017 1275 1088 ἐτήρησα,
1310 1019 1406 1072 καὶ
1432 1017 1681 1088 τηρήσω.
1717 1033 1735 1067 ι

433 1110 500 1165 Ὃ
526 1109 675 1179 λέγει
693 1103 934 1163 τοιοῦτόν
953 1109 1124 1162 ἐστιν’
1152 1107 1247 1163 Ἐν
1273 1107 1608 1178 στενοχωρίᾳ.
1633 1106 1822 1177 διῆγον
1839 1105 1935 1161 καὶ

358 1202 520 1274 πενία
551 1201 776 1276 ἐσχάτῃ,
809 1200 942 1272 παρ’
982 1200 1113 1271 ὑμῖν
1168 1199 1263 1264 ὢν.
1309 1202 1406 1255 καὶ
1464 1199 1938 1272 κηρύττωνύμῖν

355 1295 454 1351 τδν
483 1293 660 1362 λόγον.
695 1292 866 1348 Τοῦτο
885 1289 981 1350 οὖν
1022 1310 1115 1364 μοι
1138 1291 1290 1365 ἔχετε
1331 1291 1610 1361 ἐγκαλεῖν,
1649 1293 1741 1344 καὶ
1778 1289 1939 1345 τοῦτο

357 1384 627 1457 ἥμαρτον,
683 1385 766 1439 ὅτι
813 1384 1042 1455 εἱλόμην
1091 1381 1334 1452 ίμαυτδν
1385 1381 1590 1452 θλίψαι,
1646 1382 1734 1437 ἵνα
1779 1381 1940 1453 ὑμεῖς

358 1475 698 1550 ὢφεληθῆτε.
726 1475 899 1532 Τοῦτο
926 1476 1033 1550 γάρ
1051 1477 1168 1531 ἐστι
1191 1475 1276 1542 τὸ,
1303 1473 1605 1545 ὑψωθῆτε.

435 1799 453 1832 ι
498 1781 685 1836 Ἔστιν
711 1778 937 1852 ἀλήθεια
970 1778 1208 1850 Χριστοῦ
1240 1778 1299 1831 ἐν
1323 1777 1468 1849 ἐμοί.
1510 1796 1528 1830 ι

430 1873 523 1944 Μὴ
539 1872 821 1943 νομίσητε,
853 1869 1041 1941 φησὶν,
1075 1870 1155 1924 ὅτι
1184 1869 1270 1924 διὰ
1289 1867 1448 1923 τοῦτο
1478 1865 1631 1923 εἷπον
1658 1869 1741 1922 ἵνα
1766 1867 1937 1923 λάϐω.

363 1966 520 2020 Ἐστι
541 1963 673 2037 γὰρ,
711 1963 896 2034 φησιν,
925 1961 1155 2034 ἀλήθεια
1180 1963 1238 2016 ἐν
1265 1961 1409 2032 ἐμοί.

436 2077 455 2110 ι
491 2057 614 2112 Ὅτι
641 2060 676 2127 ἡ
714 2053 988 2127 καύχησις
1019 2052 1158 2126 αὕτη
1192 2054 1255 2108 ού
1310 2055 1659 2128 φραγήσεται
1715 2055 1796 2119 είς
1843 2053 1944 2125 ἐμὲ

356 2151 556 2234 ιναοϊς
584 2149 813 2221 κλίμασι
833 2150 935 2219 τῆς
960 2147 1208 2219 Ἀχαΐας.
1241 2147 1343 2201 Διὰ
1370 2147 1423 2201 τί
1446 2165 1462 2216 ;
1493 2147 1576 2202 ὅτι
1608 2148 1711 2203 οῦκ
1743 2146 1942 2217 ἀγαπῶ

357 2229 540 2314 ὔμᾶςς
581 2242 642 2297 '0
669 2240 802 2306 Θεὸς
827 2236 988 2296 οἶδεν.
1031 2241 1098 2294 '0
1115 2238 1175 2293 δὲ
1203 2239 1367 2306 ποιῶ,
1397 2241 1495 2294 καὶ
1531 2229 1765 2309 ποιήσω.
1809 2260 1828 2293 ι

430 2407 716 2481 Καύχησιν
734 2406 790 2461 δδ
811 2406 873 2463 τὸ
902 2407 1136 2478 πρᾶγμα
1167 2405 1340 2460 καλεῖ.

439 2521 458 2555 ι
492 2502 612 2558 ἰνα
657 2500 714 2555 δὲ
776 2498 996 2569 ἐκκόψω
1053 2497 1156 2568 τήν
1202 2496 1459 2568 ἀφορμὴν
1517 2492 1627 2548 τῶν
1680 2492 1947 2546 θελόντων

359 2593 617 2664 ἀφορμήν
642 2608 664 2666 ον
700 2591 788 2646 ἵνα
857 2589 917 2644 ὲν
974 2579 1019 2660 ᾧ
1059 2587 1398 2660 καυχῶνται,
1450 2586 1715 2657 εὐρεθῶσι
1766 2581 1947 2647 καθὼς

359 2690 457 2745 καὶ
483 2690 668 2760 ήμεῖς.
707 2705 727 2740 ι

446 2781 664 2852 Ἐπειδὴ
689 2781 802 2852 γὰρ
827 2777 990 2833 τοῦτο
1017 2775 1354 2840 ἐσπούδαζον
1374 2775 1596 2834 ἐκεῖνοι,
1625 2771 1798 2844 λαϐήν
1825 2786 1948 2823 τινα

360 2875 545 2948 εὑρεῖν
591 2874 710 2926 κατ’
749 2869 917 2926 αὐτοῦ
974 2869 1054 2932 ὡς
1111 2866 1547 2941 φιλοχρημάτου,
1594 2868 1688 2920 καὶ
1737 2865 1950 2935 ταύτην

359 2970 607 3041 ἀναιρεῖν
626 2964 978 3030 ἰστοούδαζεν.

437 3081 456 3114 ι
494 3063 555 3115 Oi
589 3060 698 3131 γὰρ
727 3055 958 3112 τοιοῦτοι
985 3052 1433 3126 ψευδαπόστολοι.
1471 3050 1705 3122 ἐργάται
1759 3047 1946 3116 δόλιοι,

364 3149 974 3226 μετασχηματιζόμενοι
1015 3150 1096 3213 εἰς
1155 3144 1484 3210 ἀποστόλους
1514 3143 1775 3216 Χριστοῦ.
1839 3143 1950 3198 Καὶ
1979 3167 2022 3225 c

361 3250 423 3303 ού
451 3246 767 3318 θαυμαστόν
793 3262 809 3282 ο
841 3243 1005 3308 αὐτὸς
1037 3241 1150 3316 γὰρ
1179 3244 1208 3297 ό
1237 3240 1484 3306 Σατανᾶς
1539 3237 1954 3310 μετασχηματί-

362 3343 518 3409 ζεται
547 3341 628 3406 είς
661 3337 895 3410 ἄγγελον
930 3336 1130 3408 φωτός.
1171 3353 1192 3389 ι

434 3433 534 3488 Διά
569 3432 748 3498 τοῦτο,
779 3431 938 3504 φησι,
967 3426 1438 3500 ψευδαποστόλους
1482 3423 1652 3486 καλῶ,
1717 3423 1800 3476 ὅτι
1853 3440 1960 3476 τοι-

364 3525 509 3582 αῦτα
534 3523 926 3597 ὑποκρίνονται
949 3521 1152 3588 πάντα,
1184 3519 1272 3574 ἵνα
1299 3519 1680 3590 άπατήσωσιν.
1735 3515 1957 3587 Ἐπειδὴ

363 3617 477 3690 γὰρ
531 3615 738 3684 ἴσασιν,
781 3616 866 3671 δτι
917 3613 1120 3686 ἑτέρως
1166 3613 1267 3667 οὐκ
1310 3611 1377 3667 ἂν
1428 3610 1674 3679 γένοιντο
1717 3606 1958 3678 εὐπαρά-

361 3710 566 3777 δεκτοι,
590 3708 652 3763 τὸ
680 3707 971 3780 πρόσωπον
997 3705 1337 3776 λαμϐάνουσι
1393 3701 1493 3772 τῆς
1535 3698 1824 3772 ἀληθείας,
1868 3697 1958 3753 ἵνα

363 3803 428 3858 τό
453 3802 641 3876 δράμα
703 3801 807 3871 τῆς
846 3797 1056 3868 πλάνης
1091 3793 1645 3869 ὑποκρίνωνται,.κα“ι
1697 3792 1959 3866 χρήματα

365 3892 638 3963 φάσκουσι
677 3889 754 3963 μή
774 3887 1093 3960 λαμϐάνειν,
1122 3887 1211 3940 ῑνα
1249 3883 1470 3939 πλείονα
1499 3880 1766 3937 λάϐωσιν.

443 4002 464 4036 ς
505 3983 582 4037 ob
613 3981 756 4054 μέγα
781 3978 896 4045 οὖν,
928 3981 978 4034 εἰ
1009 3978 1103 4033 καὶ
1133 3979 1184 4032 oi
1212 3976 1450 4031 διάκονοι
1484 3974 1650 4030 αὐτοῦ
1680 3989 1957 4046 μετασχη-

371 4075 716 4149 ματίζονται.
756 4092 774 4126 ι

441 4170 739 4242 ’Ἄγγελον
759 4166 976 4239 φωτὸς,
1002 4165 1094 4220 τόν
1147 4164 1460 4236 παρρησίαν
1485 4160 1676 4232 ἔχοντα
1725 4159 1956 4230 ἄγγελον

365 4264 540 4333 λέγει.
595 4260 721 4317 Εἰσὶ
768 4259 876 4333 γὰρ
908 4257 1130 4328 ἄγγελοι
1177 4257 1400 4318 σκότους
1435 4249 1605 4320 οὗτοι,
1639 4251 1689 4306 oi
1714 4249 1811 4305 τοῦ
1838 4251 1956 4306 δια-

373 4355 554 4414 δόλου.

445 4462 467 4495 ι
499 4442 585 4507 Ὠς
613 4441 852 4497 διάκονοι
874 4437 1242 4509 δικαιοσύνης,
1263 4431 1339 4492 ὧν
1374 4436 1433 4490 τὸ
1453 4435 1606 4499 τέλος
1631 4432 1786 4488 ἔσται
1810 4431 1956 4489 κατὰ

366 4536 439 4616 τὰ
471 4538 607 4609 ἔργα
643 4535 845 4594 αὐτῶν.
884 4553 905 4588 ι

440 4631 622 4702 Ὅπερ
651 4628 811 4702 ἡμεῖς
832 4628 1025 4700 ἔσμεν,
1066 4624 1257 4696 φησιν,
1283 4624 1334 4678 oi
1375 4622 1437 4678 τὸ
1471 4622 1806 4691 Εὐαγγέλιον
1855 4638 1960 4691 κη-

372 4722 682 4797 ρύττοντες.
1217 4749 1231 4760 -

450 4833 474 4871 ι
500 4815 668 4869 Πάλιν
687 4809 833 4884 λέγω
860 4811 960 4886 (μή
995 4828 1080 4875 τις
1104 4827 1172 4882 με
1194 4807 1326 4882 δόξῃ
1351 4809 1565 4880 ἄφρονα
1587 4803 1774 4877 εἶναι).
1832 4823 1853 4858 ι

446 4999 557 5064 Καὶ
585 4997 692 5070 γὰρ
722 4995 825 5068 ήδη
847 4991 1327 5069 προδιωρθώσατο.

446 5112 468 5148 ι
520 5093 584 5148 Εἰ
609 5091 666 5144 δὲ
697 5089 772 5161 μή
799 5104 886 5157 γε,
926 5088 1034 5142 κᾶν
1053 5085 1128 5150 ὡς
1156 5085 1366 5156 ἄφρονα
1402 5081 1630 5151 δέξασθέ
1666 5099 1754 5154 με.
1793 5101 1814 5135 ι

445 5186 616 5242 Τοῦτο
640 5185 751 5256 γὰρ
777 5180 1001 5237 ἐκείνων
1023 5175 1091 5253 ἦν
1124 5179 1305 5254 ἔργον,
1338 5177 1399 5235 τό
1429 5178 1608 5242 αίτίας
1662 5176 1738 5249 μή
1791 5175 1960 5249 οὔσης

369 5276 708 5349 καυχᾶσθαι.

450 5390 469 5423 ι
505 5369 619 5424 Ἵνα
658 5365 814 5437 κάγὼ
845 5365 1044 5439 μικρόν
1077 5382 1131 5420 τι
1167 5365 1554 5438 καυχήσωμαι.
1591 5362 1660 5415 Ὃ
1693 5359 1862 5444 λαλεῖ),
1898 5361 1960 5423 ού

371 5465 518 5519 κατὰ
553 5462 756 5533 Κύριον
789 5459 958 5526 λαλῶ,
982 5457 1098 5514 ἀλλ’
1127 5458 1205 5524 ὡς
1232 5459 1290 5511 ὲν
1314 5454 1612 5529 ἀφροσύνῃ.
1659 5472 1677 5505 ι

453 5647 623 5704 Πάλιν
665 5649 732 5718 τῇ
771 5642 1212 5718 «pot-reﬂuunt)
1251 5638 1470 5714 μικροῦ
1515 5632 1859 5706 ἐπικουφίζει
1897 5633 1960 5687 τὸ

383 5743 616 5901 μἷθῗὲν
655 5831 826 5902 ταύτῃ
861 5833 927 5912 τή
963 5827 1260 5891 ὑποστέσει
1283 5829 1378 5900 τῆς
1407 5823 1754 5896 καυχήσεως,
1792 5842 1809 5880 ι

2031 542 2388 616 Evangelittm
2415 541 2520 598 Dei‘
2533 540 2903 612 evangelizavi
2927 539 3118 596 vobis?
3147 539 3298 594 Alias
3323 534 3603 591 Ecclesias

2031 637 2357 709 exspoliavi,
2404 635 2681 707 accipiens
2735 633 3067 704 stipendium
3107 629 3177 688 ad
3228 627 3600 687 ministerium

2032 737 2298 784 vestrum.
2334 726 2399 782 Et
2426 742 2553 782 cum
2577 740 2757 783 essem
2789 725 2935 798 apud
2969 740 3087 792 vos,
3119 733 3172 780 et
3199 735 3443 793 egerem,
3466 717 3607 774 nulli

2032 836 2302 876 onerosus
2329 819 2427 876 l'ui.
2459 817 2618 886 Quod
2653 818 2786 874 mihi
2830 818 3040 883 deerat,
3075 815 3468 885 suppleverunt
3494 810 3605 864 l'ra-

2031 924 2166 980 tres,
2216 914 2307 984 qui
2340 919 2608 969 venerunt
2652 910 2721 968 de
2756 909 3105 966 Macedonia.
3155 907 3222 962 Et
3250 906 3306 961 in
3352 901 3608 959 omnibus

2034 1008 2157 1064 sine
2188 1020 2356 1061 onere
2384 1020 2471 1061 me
2499 1004 2662 1059 vobis
2686 1002 2901 1060 servavi
2931 1008 2984 1056 et
3019 1000 3273 1055 servabo.
3311 1017 3330 1049 ι

2105 1097 2225 1156 Hoc
2271 1097 2422 1169 quod
2454 1098 2615 1163 dicit,
2644 1097 2794 1152 hunc
2836 1094 2999 1150 habet
3038 1108 3260 1150 sensum
3294 1108 3309 1146 :
3348 1089 3404 1144 In
3437 1102 3611 1160 angu-

2036 1197 2139 1255 stia
2167 1197 2416 1268 agebant,
2443 1204 2497 1251 et
2527 1194 2583 1249 in
2612 1201 2855 1250 extrema
2897 1189 3128 1262 penuria
3169 1186 3430 1242 versabar
3468 1185 3611 1254 apud

2037 1306 2156 1354 vos,
2188 1287 2319 1344 dum
2361 1287 2590 1344 verbum
2644 1285 2804 1341 vobis
2852 1282 3233 1354 praedicarem.
3282 1278 3398 1335 Iioc
3431 1279 3616 1347 itaque

2036 1391 2121 1438 est
2148 1381 2311 1451 cujus
2343 1393 2431 1434 me
2479 1392 2746 1434 accusare
2793 1376 3042 1446 possitis,
3088 1373 3301 1442 hocque
3331 1378 3614 1437 peccatum

2043 1487 2224 1527 meum
2281 1478 2388 1536 est,
2436 1468 2588 1540 quod
2641 1482 2731 1522 me
2770 1465 3008 1535 allligere
3057 1463 3174 1533 ipse
3219 1461 3507 1526 voluerim,
3560 1466 3621 1512 ιιι

2042 1560 2203 1616 vobis
2234 1559 2556 1628 adiumento
2585 1570 2790 1613 essem.
2836 1551 2973 1608 Nam
3023 1551 3079 1607 id
3127 1551 3471 1621 signiﬁcatur
3512 1549 3621 1603 isto

2042 1653 2228 1720 verbo,
2262 1661 2317 1708 ιιι
2346 1648 2682 1705 exaltemini.

2115 1745 2285 1802 Vnus.
2326 1743 2412 1800 10.
2444 1761 2464 1796 ι
2501 1741 2599 1797 Est
2628 1740 2837 1797 veritas
2877 1735 3082 1793 Christi
3123 1735 3188 1791 in
3225 1748 3330 1788 me.
3367 1750 3386 1784 ι

2117 1837 2194 1894 Ne
2223 1836 2579 1900 existimetis,
2610 1831 2814 1903 inquit,
2843 1830 2957 1885 haec
2991 1843 3019 1882 a
3061 1841 3146 1881 me
3177 1824 3325 1880 dicta
3353 1837 3481 1878 esse
3507 1818 3623 1876 ani-

2047 1945 2139 1986 mo
2164 1927 2501 2000 accipiendi.
2536 1925 2669 1980 Nam
2701 1924 2755 1979 in
2794 1936 2881 1978 me
2910 1920 3115 1976 veritas
3152 1915 3393 1973 exsistit.

2119 2019 2289 2077 Vsus.
2328 2020 2415 2076 tl.
2464 2035 2485 2070 ι
2536 2016 2813 2084 Quoniam
2861 2012 2978 2067 haec
3035 2011 3294 2083 gloriatio
3331 2024 3443 2062 non
3489 2020 3627 2077 prae.

2049 2116 2304 2172 ciudetur
2339 2113 2392 2168 in
2423 2126 2512 2166 me
2552 2109 2608 2164 in
2640 2106 2962 2179 regionibus
2997 2103 3236 2158 Achaiae.
3278 2099 3471 2175 [Vens
3510 2096 3623 2172 ll.]

2050 2202 2272 2271 Quare?
2297 2201 2427 2273 quia
2459 2215 2570 2254 non
2607 2197 2774 2270 diligo
2815 2194 2959 2252 vos?
2986 2193 3132 2250 Deus
3161 2192 3285 2250 scit.
3335 2189 3492 2260 Quod
3524 2204 3626 2244 au-

2051 2301 2159 2349 tem
2185 2293 2349 2357 facio,
2380 2298 2433 2347 et
2460 2288 2678 2344 faciam.
2719 2306 2737 2340 ι

2124 2385 2257 2442 Rem
2289 2399 2457 2457 porro
2489 2379 2876 2454 gloriationem
2907 2385 3090 2433 vocat.

2130 2476 2295 2532 Vsus.
2331 2475 2418 2530 l2.
2460 2493 2481 2526 ι
2520 2471 2590 2528 Ut
2625 2480 2808 2527 autem
2842 2479 3116 2538 amputem
3150 2468 3494 2522 occasionem
3537 2477 3631 2518 eo—

2055 2586 2197 2634 rum,
2232 2566 2326 2640 qui
2359 2567 2553 2622 volunt
2581 2563 2959 2627 occasionem,
2997 2570 3055 2614 ut
3085 2562 3139 2616 in
3167 2575 3275 2631 quo
3303 2558 3628 2632 gloriantur,

2055 2660 2412 2716 inveniantur
2439 2659 2583 2713 sicut
2611 2665 2666 2712 et
2698 2671 2820 2711 nos.
2860 2673 2879 2708 ι

2127 2750 2264 2816 Quia
2312 2749 2389 2804 illi
2423 2748 2665 2803 studium
2698 2744 2996 2817 ponebant,
3044 2753 3104 2798 ut
3143 2741 3294 2797 illius
3329 2741 3632 2811 reprelien-

2054 2841 2223 2899 dendi
2274 2855 2500 2896 causam
2558 2840 2893 2904 invenirent,
2947 2837 3108 2909 quasi
3166 2849 3366 2891 avarus
3440 2839 3630 2900 esset;

2057 2937 2199 2991 banc
2231 2933 2425 2989 tollere
2460 2932 2580 3005 ipse
2617 2928 3008 2988 contendebat.

2132 3026 2294 3082 Vens.
2332 3026 2432 3092 l3,
2483 3024 2567 3081 l4.
2597 3042 2618 3076 ι
2667 3021 2801 3078 Nam
2847 3033 2900 3079 et
2947 3021 3216 3095 ejusmodi
3285 3019 3631 3091 pseudoapo-

2057 3119 2187 3177 stoli
2223 3124 2357 3176 sunt
2404 3114 2650 3189 operarii
2698 3114 2940 3182 subdoli,
2975 3115 3432 3184 transtigurautes
3486 3125 3545 3165 se
3578 3114 3633 3162 in

2059 3210 2336 3285 apostolos
2364 3207 2596 3266 Christi.
2647 3205 2715 3262 Et
2751 3220 2863 3262 non
2907 3205 3106 3261 mirum
3139 3225 3154 3260 :
3193 3205 3309 3274 ipse
3342 3203 3490 3260 enim
3531 3202 3636 3256 Sa-

2060 3317 2220 3360 tanas
2248 3301 2610 3372 transﬁgurat
2646 3313 2706 3354 se
2741 3299 2798 3354 in
2836 3299 3092 3368 angelum
3131 3297 3292 3351 lucis.
3328 3315 3348 3350 ι

2132 3391 2294 3464 150
2339 3389 2576 3453 idcirco,
2626 3390 2725 3455 ait,
2783 3387 2953 3443 falsos
3000 3387 3286 3458 apostolos
3326 3385 3470 3447 ilico,
3505 3385 3637 3455 quia

2058 3485 2250 3542 istbaac
2286 3483 2471 3538 omnia
2513 3480 2802 3545 simulant,
2851 3489 2908 3535 ut
2963 3477 3261 3552 decipiant.
3317 3475 3452 3534 Nam
3507 3492 3633 3532 cum

2059 3577 2247 3634 sciant
2271 3575 2437 3632 aliter
2470 3588 2580 3629 non
2609 3586 2772 3645 posse
2799 3571 2914 3629 ﬁeri
2941 3581 2999 3626 ut
3033 3569 3248 3641 accepti
3288 3570 3419 3636 sint,
3451 3583 3640 3640 perso-

2058 3685 2187 3727 nam
2219 3667 2467 3726 veritatis
2492 3666 2754 3736 induunt,
2797 3672 2861 3721 ut
2905 3663 3147 3720 fabulam
3184 3663 3378 3718 ludant
3407 3663 3635 3726 erroris,

2059 3765 2321 3833 aluntque
2356 3776 2416 3819 se
2445 3777 2554 3818 non
2590 3763 2842 3833 accipere
2893 3760 3182 3832 pecunias,
3250 3769 3306 3814 ut
3346 3759 3639 3830 ampliores

2056 3861 2379 3925 emungant.

2131 3945 2296 4002 Vsus.
2339 3945 2427 4000 15.
2465 3961 2484 3996 ι
2520 3943 2636 4000 Non
2671 3958 2802 4016 ergo
2841 3957 3100 4015 magnum
3149 3941 3196 4000 si
3240 3941 3477 3998 ministri
3520 3941 3639 4011 ejus

2059 4042 2541 4112 transﬁgurantnr.
2581 4059 2601 4092 ι
2910 4031 2912 4034 ’

2128 4133 2386 4205 Angelum
2433 4133 2564 4189 lucis
2593 4131 2729 4188 dicit
2785 4132 2938 4187 illum
2964 4132 3058 4204 qui
3095 4131 3325 4188 ﬁdenter
3359 4138 3416 4187 et
3467 4131 3641 4188 libere

2059 4226 2333 4296 loquatur.
2371 4223 2507 4278 Nam
2542 4232 2671 4281 sunt
2693 4223 2897 4297 alioqui
2926 4224 3106 4297 angeli
3143 4224 3234 4281 isti
3259 4224 3640 4288 tenebrarum,

2055 4317 2257 4373 diaboli
2301 4314 2577 4373 videlicet.

2131 4427 2153 4463 ι
2197 4410 2354 4465 Sicut
2380 4409 2622 4466 ministri
2661 4407 2916 4480 iustitiae,
2945 4424 3178 4481 quorum
3216 4408 3340 4466 linis
3393 4409 3498 4466 erit
3558 4423 3642 4464 se-

1991 4530 2036 4586 ι)
2065 4503 2303 4558 cundum
2335 4517 2497 4573 Opera
2531 4501 2799 4572 ipsorum.
2842 4518 2862 4553 ι

2136 4594 2338 4661 Quales
2365 4612 2468 4651 nos
2495 4611 2710 4659 sumus,
2744 4595 2942 4667 inquit,
2973 4592 3442 4667 quipracdicamus
3470 4591 3643 4647 Evan-

2062 4689 2285 4761 gelium.

2137 4778 2304 4835 Vens.
2351 4778 2434 4832 l6.
2486 4797 2504 4830 ι
2539 4777 2740 4832 lterum
2768 4776 2894 4832 dico
2924 4777 3016 4848 (ne
3042 4778 3166 4849 quis
3203 4795 3286 4834 mc
3318 4784 3471 4849 putet
3501 4775 3643 4833 insi-

2062 4873 2298 4945 pientem
2347 4870 2510 4943 esse).
2556 4890 2574 4923 ι

2133 4963 2252 5022 Jam
2279 4966 2424 5020 enim
2460 4972 2585 5019 ante
2612 4975 3032 5034 prauuonuerat.

2141 5074 2157 5106 ι
2190 5054 2411 5122 Alioqui
2454 5054 2601 5110 velut
2627 5053 2978 5126 insipientem
3012 5055 3246 5128 accipite
3269 5069 3374 5110 me.
3412 5074 3430 5107 ι

2133 5146 2249 5204 Hoc
2283 5149 2486 5220 quippe
2519 5161 2658 5218 Opus
2702 5148 2926 5204 illorum
2967 5158 3112 5215 erat,
3141 5154 3203 5204 ut
3233 5148 3402 5220 gratis
3442 5145 3644 5220 gloria-

2063 5252 2280 5299 rentur.

2142 5355 2160 5389 ι
2203 5335 2273 5391 Ut
2306 5341 2360 5391 et
2397 5348 2500 5406 ego
2533 5335 2806 5396 modicum
2857 5336 2988 5409 quid
3032 5337 3253 5410 glorier.
3302 5336 3492 5410 [Vens
3529 5335 3644 5409 l1]

2068 5427 2224 5497 Quod
2284 5429 2498 5498 loquor,
2537 5443 2643 5482 non
2696 5430 2890 5501 loquor
2946 5428 3245 5485 secundum
3297 5429 3490 5496 Deum,
3545 5427 3642 5484 sed

2070 5522 2228 5595 quasi
2263 5520 2316 5575 in
2359 5520 2697 5591 insipientia.
2731 5539 2752 5575 ι

2123 5626 2472 5693 ’ϐῖδνὶιαιειιι
2501 5632 2643 5688 levat
2682 5635 2898 5702 iterum,
2930 5635 3202 5706 addendo,
3229 5636 3514 5693 modicum.

2147 5835 2167 5873 ι
2203 5816 2264 5874 in
2301 5818 2402 5877 hac
2444 5819 2757 5878 substantia
2800 5820 3006 5894 gloria.
3042 5837 3068 5872 ι
