4038 6284
513 354 621 419 767
1694 367 1756 427 S.
1783 364 2106 429 JOANNlS
2144 365 2574 429 DAMASCENI
3653 367 3760 434 768

515 473 568 526 id
605 469 754 543 quod
785 469 934 528 videt
963 472 1015 527 in
1048 486 1169 538 me.
1201 479 1298 529 aut
1331 471 1543 547 aliquid
1574 473 1728 532 audit
1778 491 1846 533 ex
1897 492 2004 536 me.
2035 477 2101 534 Et

2187 480 2269 546 είς
2296 481 2397 554 ἐμὲ
2433 482 2721 555 λογίσηται
2749 482 2888 554 ύπέρ
2913 482 2940 536 ὃ
2970 481 3155 554 βλέπει
3198 501 3289 554 με,
3324 484 3357 556 ἢ
3393 484 3582 539 ἀκούει
3612 503 3664 540 τι
3702 487 3760 552 ἐξ

513 580 584 619 ne
616 565 937 636 magnitudo
974 566 1374 624 revelationum
1400 566 1630 625 extollat
1660 583 1783 638 me,
1810 569 1976 627 datus
2016 578 2103 627 est

2185 573 2344 644 ἐμοῦ.
2378 575 2490 629 Καὶ
2543 577 2612 648 τῇ
2648 575 2926 650 ὑπερϐολῇ
2971 575 3082 630 τῶν
3121 577 3524 648 ἀποκαλύψεων
3567 578 3654 632 ῐνα
3687 578 3762 651 μὴ

511 653 647 710 mihi
686 657 948 712 stimulus
981 657 1160 715 carni.
1190 678 1212 713 ι

2184 670 2594 745 ὑπεραίρωμαι,
2626 673 2782 748 ἐδόθη
2816 691 2910 744 μοι
2940 672 3142 745 σκόλοψ
3167 677 3232 746 τῇ
3262 676 3447 746 σαρκί.
3497 694 3515 728 ι

578 748 716 804 Cum
745 751 932 806 multae
958 751 1065 809 sibi
1089 754 1461 817 revelationes
1491 759 1685 817 ﬂerent
1707 800 1724 827 ,
1756 760 1900 817 hanc
1932 776 2096 817 unam

2254 765 2472 823 Πολλῶν
2500 767 2677 822 οὐσῶν
2696 766 3114 841 ἀποκαλύψεων,
3142 769 3271 841 μίαν
3290 768 3495 839 ταύτην
3517 767 3761 837 τίθησιν*

512 840 685 907 punit.
720 841 878 909 Quod
907 855 1092 902 autem
1130 850 1447 920 complures
1486 861 1712 918 essent,
1755 853 1874 924 ipse
1912 853 2102 910 decla-

2183 858 2268 914 δτι
2297 859 2355 914 δέ
2383 854 2525 932 ἦσαν
2552 859 2766 930 πολλαὶ,
2794 840 2966 928 αύτδς
2989 840 3224 930 ἐπεξιὼν
3248 858 3423 925 εἶπεν,
3458 858 3762 930 ὑπερϐολῇ

515 935 655 987 ravit
687 934 923 993 dicendo
944 980 960 1006 ,
991 955 1053 993 ne
1087 943 1454 1012 magnitudine
1492 946 1875 1001 revelationum
1922 947 2101 1003 extol-

2189 953 2304 1008 τῶν
2322 954 2793 1026 ἀποκαλύψεων,
2815 957 2918 1014 ἵνα
2939 957 3026 1028 μὴ
3051 959 3473 1027 ὑπεραίρωμαι.
3494 954 3592 1009 Διά
3608 955 3764 1008 τοῦτο

515 1022 621 1077 lar.
652 1022 864 1082 idcirco
891 1042 1022 1084 vero
1061 1036 1488 1101 quatuordecim
1544 1053 1820 1094 annorum
1879 1047 2098 1111 tempus

2183 1050 2240 1103 δέ
2271 1049 2366 1105 καὶ
2395 1048 2488 1106 τδν
2521 1022 2717 1123 χρόνον
2742 1022 3083 1124 τίθησι-των
3128 1022 3547 1122 δεκατεσσάριδν
3603 1047 3762 1115 ἐτῶν,

513 1115 741 1186 scripsit
760 1157 774 1178 ,
810 1127 870 1171 ut
901 1122 1250 1189 ostenderet,
1276 1125 1426 1197 quod
1456 1127 1550 1200 qui
1585 1137 1741 1185 tanto
1765 1145 1824 1187 se
1851 1139 2100 1203 tempore

2190 1141 2276 1195 ἵνα
2300 1141 2475 1214 δείξῃ,
2609 1143 2710 1198 ούκ
2744 1142 2811 1198 ἂν
2881 1143 3137 1198 τοσοῦτον
3162 1115 3514 1213 καρτερήσας
3549 1140 3762 1212 χρόνον,

511 1210 895 1278 continuerat,
923 1213 1067 1271 banc
1099 1233 1382 1290 nunquam
1411 1223 1705 1280 recitasset
1724 1263 1740 1289 ,
1770 1225 1877 1281 nisi
1904 1241 1965 1281 se
1998 1241 2096 1279 ne-

2027 1241 2096 1279 [Θ-
2185 1233 2283 1288 νῦν
2312 1233 2379 1307 ἂν
2403 1210 2646 1302 ἐξεῖπεν,
2674 1235 2722 1288 εί
2753 1234 2828 1306 μὴ
2855 1232 3056 1308 πολλὴν
3083 1233 3200 1306 ﬁdat
3227 1210 3622 1306 τὴνάνὰγκην.

507 1303 772 1361 cessitate
801 1307 1147 1378 compulsum
1180 1313 1468 1370 sensisset.

586 1413 604 1445 ι
634 1398 878 1468 Angelus
905 1397 1159 1469 Satanze,
1192 1403 1290 1474 qui
1320 1420 1408 1462 me
1429 1406 1741 1480 colapbizet
1761 1450 1776 1476 ,
1804 1425 1875 1468 ne
1902 1425 2091 1485 super‘

2265 1424 2285 1459 r
2330 1406 2590 1475 Ἀγγελος
2610 1403 2910 1472 Σατὰν,ῐνα
2945 1421 3013 1478 με
3044 1402 3333 1476 κολαφίζῃ,
3369 1404 3453 1458 ἵνα
3487 1404 3563 1476 μὴ
3599 1402 3767 1478 ὑπερ-

508 1489 761 1544 cxtollar.
797 1507 818 1542 ι

2188 1496 2455 1571 αίρωμαι.
2495 1517 2513 1551 ι

583 1577 754 1634 Satan
797 1579 1027 1638 Hebraeo
1049 1598 1304 1640 sermone
1322 1583 1675 1641 adversarius
1701 1585 1928 1645 dici'ur.
1955 1585 2091 1641 Nam

2263 1591 2462 1644 Σατὰν
2493 1590 2522 1643 ὁ
2551 1587 2928 1660 ἀντικείμενος
2975 1589 3195 1661 λέγεται
3231 1593 3297 1662 τῇ
3331 1589 3442 1644 τῶν
3501 1588 3771 1660 Ἐϐραίων

515 1669 806 1740 Scriptura
849 1672 919 1728 de
965 1673 1264 1732 Salomone
1322 1691 1558 1734 narrans
1616 1678 1692 1732 ait
1736 1696 1751 1733 :
1807 1677 1931 1734 Non
1975 1689 2094 1736 erat

2193 1683 2368 1752 φωνῇ.
2396 1679 2569 1734 Τοῦτο
2597 1680 2708 1753 γὰρ
2732 1683 2826 1735 ἐπὶ
2856 1681 3204 1753 Σολομῶντος
3235 1680 3569 1752 διηγουμένη
3603 1681 3770 1750 φησὶν

513 1761 686 1817 Satan
716 1763 767 1816 in
798 1764 982 1821 diebus
1015 1766 1173 1837 ejus;
1203 1769 1256 1825 id
1302 1782 1388 1826 est
1436 1771 1530 1842 qui
1578 1771 1782 1827 bellum
1825 1771 2089 1841 inferret,

2194 1775 2228 1845 ἡ
2255 1773 2442 1846 Γραφή
2468 1788 2480 1800 ·
2513 1774 2635 1827 Οὐκ
2663 1769 2742 1844 ἦν
2771 1773 2969 1829 Σατὰν
2997 1783 3020 1812 ⁸
3042 1773 3256 1842 ἐνταῖς
3283 1773 3531 1845 ἡμέραις
3559 1770 3767 1827 αὐτοῦ·

512 1866 606 1909 aut
659 1873 726 1912 ex
788 1831 1280 1916 adversovstarct.
1338 1831 1495 1928 Quod
1549 1878 1682 1935 ergo
1734 1862 1899 1930 dicit,
1941 1831 2093 1918 hunc

2196 1831 2442 1919 τουτέστί
2496 1831 2774 1934 πολεμίῖιν,
2815 1831 3340 1936 ἀντικείμενος.’⁹ό’
3366 1831 3548 1917 τοίνυν
3597 1863 3769 1932 λέγει,

514 1947 680 2003 habet
707 1964 932 2005 sensum
972 1969 986 2006 :
1029 1949 1150 2007 Non
1206 1954 1461 2025 permisit
1511 1955 1656 2013 Deus
1703 1965 1760 2010 ut
1809 1955 2102 2028 Evangelii

2195 1954 2434 2009 τοιοῦτόν
2476 1957 2652 2010 ἐστιν·
2688 1957 2804 2011 Ούκ
2835 1958 3017 2012 εἴασεν
3049 1960 3078 2011 ὁ
3116 1958 3249 2021 Θεὸς
3289 1956 3522 2026 ἀπονητὶ
3560 1973 3771 2028 προχω-

516 2040 833 2110 ριαιάίοιιιίο
860 2041 1015 2098 nullo
1044 2042 1238 2100 labore
1271 2046 1720 2117 progrederetur,
1767 2047 1844 2101 uti
1890 2048 2092 2102 fastum

2200 2043 2366 2116 ρ’ήσαι
2395 2042 2456 2097 τὸ
2488 2045 2772 2116 κήρυγμα,
2798 2047 3179 2102 καταστέλλων
3209 2047 3368 2118 ἡμῶν
3396 2047 3457 2102 τὸ
3477 2049 3737 2119 φρόνημα
3757 2061 3771 2079 ⁶

512 2139 766 2187 nostrum
799 2135 1186 2203 comprimeret
1217 2154 1232 2191 :
1267 2137 1360 2193 sed
1397 2137 1736 2195 adversariis
1795 2154 1896 2196 nos
1940 2139 2099 2194 inva-

2196 2134 2333 2190 ἀλλὰ
2385 2136 2736 2210 συνεχώρησε
2804 2141 2920 2202 τοῖς
2972 2139 3379 2210 ἀντικειμένοις
3437 2138 3773 2193 ἐπιτίθεσθαι

513 2222 678 2280 dcudi
733 2234 1069 2295 potestatem
1127 2226 1276 2284 fecit.
1332 2229 1592 2304 Angelunt
1647 2231 1834 2300 itaque
1881 2229 2097 2287 Saturne

2196 2231 2349 2301 ἡμῖν.
2385 2230 2685 2303 Ἀγγελον
2723 2230 2903 2286 τοίνυν
2945 2229 3184 2289 Σατανᾶ
3208 2231 3382 2301 λέγει,
3427 2232 3776 2303 Ἀλέξανδρον

514 2319 750 2390 appellat
776 2320 1148 2376 Alexandrum
1172 2321 1430 2377 aerarium
1455 2363 1470 2384 ,
1504 2321 1853 2395 Hymenaeum
1880 2332 1935 2379 et
1968 2322 2091 2376 Phi-

2195 2321 2286 2375 τίιν
2327 2321 2559 2392 χαλκέα,
2629 2321 2920 2393 Ὑμέναιον
2950 2321 3045 2376 καὶ⁵
3077 2321 3329 2395 Φιλητδν,
3354 2324 3480 2387 τοῦς
3499 2321 3602 2393 τὴν
3645 2323 3776 2378 ἀνά·

514 2409 718 2478 letum,
745 2411 839 2483 qui
889 2413 1353 2470 resurrectionem
1397 2413 1596 2470 factam
1639 2429 1763 2470 esse
1813 2429 2099 2469 assevera-

2199 2430 2389 2466 στασιν
2442 2414 2702 2484 λέγοντας
2749 2414 2854 2486 ήδη
2901 2412 3211 2483 γεγονέναι,
3251 2414 3348 2469 καὶ
3394 2413 3602 2477 πάντας
3651 2415 3775 2480 τοὺς

513 2511 681 2571 rent;
715 2521 827 2560 uno
857 2507 1028 2562 verbo
1057 2521 1253 2562 omnes
1282 2522 1512 2578 prorsus
1544 2509 1640 2578 qui
1684 2507 2096 2578 praedicationis

2196 2504 2610 2576 ἀντικειμένους
2637 2505 2716 2577 τῷ
2763 2504 2910 2577 λόγῳ
2963 2504 3060 2559 τοῦ
3092 2504 3473 2579 κηρύγματος,
3503 2505 3601 2561 καὶ
3627 2505 3779 2575 φιλο-

515 2600 760 2655 sermoni
802 2598 1283 2665 contradicerent,
1315 2599 1519 2671 quique
1560 2609 1755 2656 contra
1791 2615 1848 2655 se
1878 2599 2003 2656 lites
2042 2609 2098 2655 et

2303 2597 2514 2663 ιοῦντας
2535 2597 2709 2669 αὐτῷ,
2736 2597 2837 2655 καὶ
2859 2596 3254 2669 πολεμοῦντας,
3288 2597 3385 2653 καὶ
3408 2598 3432 2650 ἐ
3441 2596 3778 2668 μϐἀλλοντας
3893 2635 3898 2638 -

517 2705 730 2762 pugnas
786 2691 1135 2758 excitarent,
1193 2703 1250 2746 et
1306 2693 1361 2747 in
1421 2707 1676 2747 carceres
1732 2689 2096 2760 conjicercnt.

2199 2693 2278 2756 είς
2322 2691 2702 2763 δεσμωτήρια.
2742 2690 2961 2764 Ὠσπερ
2991 2686 3085 2746 οὖν
3125 2690 3277 2754 υἱοὺς
3334 2689 3585 2745 διαϐόλου
3625 2688 3780 2742 καλεῖ

513 2780 994 2848 Quemadmodum
1034 2797 1168 2855 ergo
1204 2781 1428 2838 Judteos
1465 2782 1671 2839 diaboli
1709 2783 1850 2839 ﬁlios
1882 2798 2098 2838 nuncu-

2198 2785 2322 2847 τοὺς
2378 2782 2688 2850 Ἰουδαίους,
2738 2781 2809 2838 τὰ
2861 2783 3072 2838 ἐκείνου
3115 2781 3435 2854 ζηλοῦντας,
3487 2780 3634 2836 οὕτω
3683 2780 3779 2835 καὶ

517 2882 612 2945 pat
633 2915 649 2939 ,
679 2874 774 2944 qui
805 2889 973 2946 opera
1007 2874 1157 2931 illius
1189 2877 1613 2942 mmularentur,
1643 2877 1719 2932 ita
1752 2876 1973 2931 Satanae
2000 2891 2098 2932 an-

2199 2873 2464 2944 ἀγγέλους
2499 2873 2717 2929 Σατανᾶ
2773 2873 2956 2929 πάντα
2997 2873 3091 2928 τδν
3131 2872 3532 2928 ἀντιπίπτοντα
3561 2870 3644 2942 τῷ
3675 2889 3777 2943 κηα

515 2967 672 3038 gclos
702 2967 827 3022 illos
859 2976 1016 3023 vocat
1037 3007 1054 3031 ,
1089 2969 1407 3039 quicunque
1439 2968 1872 3026 adversarentur
1919 2968 2101 3024 Evan-

2204 2965 2466 3039 ρύγματι.
2498 2965 2674 3021 Τοῦτο
2693 2961 2809 3032 οὖν,
2838 2964 3020 3034 ἐδόθη
3044 2983 3147 3035 μοι
3177 2965 3444 3034 σκόλοψ,
3469 2963 3658 3035 φησιν,
3680 2964 3782 3017 ἵνα

516 3057 682 3127 gelio.
711 3057 1011 3126 Quocirca,
1041 3059 1208 3114 Datus
1258 3069 1340 3116 est
1377 3059 1506 3115 mihi
1555 3061 1837 3131 stimulus,
1884 3062 2097 3134 inquit,

2195 3076 2272 3130 με
2303 3056 2600 3130 κολαφίζῃ
2619 3075 2636 3092 ο
2662 3058 2765 3132 οὐχ
2791 3057 2870 3123 ὡς
2893 3057 2992 3112 τοῦ
3017 3057 3154 3112 Θεοῦ
3182 3058 3310 3122 τοὺς
3335 3055 3611 3121 τοιούτους
3639 3055 3783 3111 ὁπλί-

515 3157 574 3201 ιιι
612 3165 690 3202 me
719 3147 1048 3218 colaphizet,
1082 3165 1192 3204 non
1225 3149 1390 3224 quasi
1426 3149 1570 3206 Deus
1603 3151 1877 3221 ejusmodi
1919 3153 2097 3207 homi-

2203 3150 2423 3216 ζοντος·
2468 3151 2544 3223 μὴ
2575 3149 2823 3221 γένοιτο·
2867 3149 2989 3205 ούδέ
3039 3148 3386 3215 κολάζοντος,
3436 3148 3560 3203 οὐδὲ
3605 3165 3781 3218 τιμω-

517 3257 617 3300 nes
640 3252 875 3298 armaret
896 3241 1072 3314 (absit
1100 3243 1246 3298 cnim
1273 3243 1419 3299 istud
1441 3245 1481 3313 ).
1508 3244 1593 3300 vel
1618 3245 1674 3300 in
1705 3245 1883 3316 ipsum
1916 3247 2096 3304 anim-

2207 3242 2470 3314 ρουμένου
2521 3243 2681 3309 τέως.
2715 3243 2853 3299 ἀλλά
2902 3241 3338 3316 συγχωροῦντος,
3382 3241 3478 3297 καὶ
3525 3240 3787 3310 ἀφιέντος

519 3333 854 3388 advertcudo
910 3336 1224 3405 plecteret:
1270 3337 1365 3392 sed
1418 3339 1548 3408 quia
1596 3337 1667 3393 ita
1714 3339 1830 3394 ﬁeri
1874 3341 2097 3410 pertnito

1160 3345 1224 3392 t:
1270 3337 1365 3392 sed
1418 3339 1548 3408 quia
1596 3337 1667 3393 ita
1714 3339 1830 3394 ﬁeri
1874 3341 2097 3410 pertnito
2200 3336 2259 3388 ἐν
2289 3334 2470 3409 ἡμέρᾳ
2499 3335 2755 3408 κρίσεως.

519 3429 671 3483 tebat
693 3471 706 3490 .
742 3430 1009 3486 ultionem
1039 3430 1341 3499 rejiciendo
1373 3434 1424 3487 in
1457 3434 1600 3488 diem
1629 3433 1851 3504 judicii.

598 3518 762 3574 Vsus.
805 3521 860 3575 8.
896 3539 913 3572 ι
953 3519 1183 3591 Propter
1215 3521 1360 3592 quod
1403 3531 1486 3578 ter
1525 3521 1818 3580 Dominum
1871 3525 2098 3596 rogavi,

2279 3535 2298 3567 ι
2353 3515 2527 3587 ’Υπὲρ
2557 3515 2744 3570 τούτου
2774 3516 2898 3589 τρὶς
2933 3511 3030 3571 τδν
3055 3515 3263 3587 Κύριον
3295 3511 3788 3586 παρεκάλεσαιῐνι

523 3621 581 3666 ιιι
612 3611 924 3669 discederet
953 3629 983 3668 a
1014 3629 1125 3671 me.
1156 3632 1175 3666 ι

2202 3610 2413 3677 ἀποστῇ
2439 3608 2535 3661 ἀπ’
2565 3606 2722 3678 ἐμοῦ.
2767 3627 2787 3660 ι

595 3703 759 3778 Atqui
785 3719 996 3775 magna:
1017 3705 1118 3760 hoc
1141 3705 1502 3763 demissionis
1522 3707 1690 3763 animi
1718 3719 2100 3779 argumentum

2276 3701 2389 3756 Καὶ
2458 3701 2618 3755 τοῦτο
2690 3700 2894 3773 πολλῆς
2973 3695 3521 3771 ταπεινοφροσύνης,
3575 3696 3640 3750 τὸ
3711 3693 3787 3765 μὴ

524 3803 643 3858 est,
681 3792 827 3864 quod
857 3808 959 3849 nec
984 3794 1283 3853 celaverat.

857 3808 959 3849 nec
984 3794 1283 3853 celaverat.
2204 3791 2432 3867 κρύψαι.

600 3887 755 3960 153
785 3886 955 3945 Vsus.
992 3887 1049 3942 9.
1081 3906 1101 3940 ι
1134 3887 1200 3942 Ει
1229 3886 1366 3942 dixit
1395 3887 1530 3942 mihi
1564 3905 1579 3944 τ
1625 3885 1835 3944 Suﬂicit
1862 3887 2106 3960 libigt'a-

2048 3901 2106 3942 a-
2283 3907 2301 3940 σ
2334 3887 2445 3941 Καὶ
2483 3887 2672 3959 εἴρηκέ
2705 3901 2835 3957 μοι·
2882 3885 3067 3956 Ἀρκεῖ
3097 3899 3179 3937 σοι
3207 3882 3241 3954 ἠ
3269 3881 3430 3954 χάρις
3462 3897 3586 3950 μου.
3623 3897 3643 3931 ι

526 3983 604 4036 tia
633 3996 771 4036 mea.
815 3999 834 4032 ι

597 4071 890 4140 Nimirum,
931 4072 1074 4143 quod
1111 4079 1360 4128 mortuos
1393 4072 1633 4128 suscitas
1656 4113 1671 4138 ,
1699 4086 1875 4128 caecos
1917 4088 2103 4139 curas,

2281 4067 2596 4129 Τουτέστιν,
2635 4066 2717 4121 ὃτι
2738 4065 2988 4136 Νεκροῦς
3014 4061 3274 4134 ἐγείρεις,
3306 4058 3400 4113 καὶ
3426 4055 3666 4127 τυφλοὺς
3699 4056 3792 4110 θεο

524 4175 580 4222 et
610 4165 712 4220 alia
739 4181 1085 4238 quaecunque
1115 4164 1363 4238 prodigia
1399 4163 1559 4219 facis.

2213 4161 2493 4234 ραπεύεις,
2529 4160 2628 4213 καὶ
2660 4157 2727 4212 τὰ
2752 4155 2886 4211 ἀλλα
2912 4155 3023 4209 τῶν
3056 4152 3302 4224 σημείων
3335 4151 3531 4215 ποιεῖς.

603 4273 622 4308 ι
660 4254 794 4310 Nam
833 4256 1010 4313 virtus
1032 4271 1149 4310 mea
1184 4255 1240 4310 in
1275 4254 1598 4310 infirmitate
1626 4255 1931 4326 perﬁcitur.
1977 4274 1997 4308 ι

2287 4273 2305 4305 ι
2358 4251 2420 4306 Ἦ
2444 4249 2553 4322 γὰρ
2579 4248 2809 4321 δύναμίς
2865 4265 2969 4318 μου
3012 4247 3071 4299 ἐν
3107 4241 3364 4314 ἀσθενείᾳ
3399 4239 3728 4296 τελειοῦται.
3770 4263 3789 4292 ι

598 4347 734 4405 Cum
760 4347 1117 4417 abigerentur
1139 4348 1688 4419 exagitarenturque,
1717 4354 1953 4403 cunctos
1985 4346 2109 4402 vin-

2291 4344 2672 4416 Ἑλαυνὸμενοι
2704 4342 2835 4414 γὰρ,
2892 4341 2988 4396 καὶ
3025 4338 3370 4409 διωκόμενοι,
3426 4335 3646 4390 πάντων
3685 4351 3788 4388 πε-

526 4440 743 4499 cebant.

2189 4423 2194 4432 ’
2215 4438 2535 4511 ριεγὲνοντο.

609 4551 629 4587 ι
693 4533 955 4590 Libenter
1018 4534 1186 4604 igitur
1245 4535 1529 4606 gloriabor
1583 4535 1636 4589 in
1694 4534 2190 4606 inﬂrmitatibusp

2291 4551 2310 4582 ε
2352 4530 2582 4585 Ἥδιστα
2616 4527 2710 4586 οῦν
2745 4527 2946 4601 μᾶλλον
2978 4525 3329 4597 καυχήσομαι
3367 4521 3427 4576 ἐν
3473 4521 3596 4587 ταῖς
3634 4519 3803 4575 ἀσθε-

532 4629 692 4691 un-is,
733 4636 790 4681 ut
821 4628 1089 4683 inhabitet
1125 4629 1177 4682 in
1207 4645 1292 4684 me
1326 4629 1504 4684 virtus
1537 4628 1768 4685 Christi.
1809 4648 1826 4680 ι

2215 4625 2388 4689 νείαις
2414 4641 2539 4696 μου,
2577 4623 2667 4677 τνα
2718 4617 3079 4695 ἐπισκηνώσῃ
3110 4617 3197 4674 ἐπ’
3239 4615 3343 4688 ἐμὲ
3369 4617 3404 4688 ἡ
3432 4613 3668 4685 δύναμις
3698 4611 3796 4668 τοῦ

2217 4719 2475 4792 Χριστοῦ.
2517 4738 2536 4770 ι

604 4807 681 4865 Ne
710 4809 1068 4866 conciderent
1118 4811 1321 4875 animo,
1376 4827 1498 4866 cum
1536 4815 1777 4883 apostoli
1814 4815 2112 4872 mendaces

2290 4813 2407 4867 Ἵνα
2448 4812 2522 4884 μὴ
2546 4810 2923 4873 καταπέσωσι,
2948 4805 3059 4860 τῶν
3088 4800 3544 4876 ψευδαποστόλων
3569 4800 3664 4854 ἐπὶ
3686 4799 3805 4864 τοῖς

531 4903 602 4960 ob
639 4919 726 4958 res
761 4904 1072 4958 contrarias
1117 4904 1510 4973 gloriarentur,
1544 4906 1645 4976 ipsi
1680 4923 1808 4962 vero
1836 4909 1888 4962 in
1923 4924 2112 4978 perse-

2219 4905 2484 4969 ἐναντίοις
2526 4902 2923 4974 καυχωμένων.
2969 4899 3062 4952 καὶ
3093 4897 3263 4951 ὄντων
3301 4894 3510 4948 τούτων
3539 4894 3599 4945 ἐν
3632 4891 3803 4958 διωγο

534 4993 857 5050 cutionibus
892 5006 1150 5066 agerent;
1195 4997 1432 5052 05tendit
1465 4997 1610 5066 ipsos
1643 5014 1738 5068 per
1775 5016 1869 5054 cas
1897 5000 2105 5055 clario-

2223 5005 2364 5074 μοῖς,
2419 4999 2694 5052 δείκνυσιν
2743 4992 2959 5048 ὅτιδιά
3015 4989 3223 5044 τούτων
3283 4987 3663 5058 λαμπρότεροι
3721 4983 3802 5052 γί-

537 5103 627 5144 res
661 5103 949 5143 evasurus.
1386 5096 1388 5098 ’

823 5103 949 5143 ιε’(ιε.
1386 5096 1388 5098 ’
2221 5112 2418 5148 νονται.

623 5178 795 5236 Vens.
827 5179 913 5236 10.
948 5200 964 5233 ι
1009 5178 1237 5250 Propter
1265 5181 1412 5250 quod
1463 5182 1653 5253 placeo
1698 5184 1829 5238 mihi
1869 5184 1923 5242 in
1960 5184 2111 5239 infir-

2296 5205 2315 5238 ι
2353 5183 2442 5238 Διὸ
2465 5180 2670 5237 εὐδοκῶ
2704 5181 2762 5234 ἐν
2783 5175 3111 5243 ἀσθενείαις,
3164 5175 3224 5226 ἐν
3256 5171 3503 5241 ὕϐρεσιν,
3535 5167 3596 5222 ἐν
3637 5167 3812 5233 ἀνάγ-

543 5273 829 5330 mitatibus
881 5274 1042 5334 meis.
1097 5275 1152 5328 in
1208 5276 1582 5341 contumeliis,
1649 5276 1705 5332 in
1769 5277 2113 5333 necessitati-

2223 5296 2365 5342 καις,
2391 5278 2448 5333 ἐν
2481 5275 2763 5347 διωγμοῖς,
2789 5274 2848 5325 ἐν
2882 5266 3269 5341 στενοχωρίαις
3296 5265 3440 5337 ύπέρ
3483 5258 3750 5332 Χριστοῦ.
3783 5277 3804 5312 ι

542 5366 666 5437 bus,
699 5368 754 5424 in
778 5370 1281 5440 persecutionibus,
1308 5369 1363 5425 in
1397 5371 1668 5441 angustiis
1707 5388 1805 5442 pro
1833 5371 2109 5428 Christoa

1833 5502 2069 5560 VARUE
2111 5501 2517 5559 LEL'IIONES.

619 5653 643 5684 ⁸
673 5644 795 5698 Οὐκ
824 5636 900 5713 ἦν
927 5643 1140 5698 Σατὰν.
1174 5641 1292 5697 Lib.
1324 5641 1413 5706 lli,
1448 5642 1578 5715 licg.
1609 5661 1728 5714 cap.
1763 5663 1814 5707 ν,
1860 5645 1910 5697 in
1947 5643 2172 5698 llebnro
2224 5661 2321 5697 vox
2533 5641 2703 5697 Satan
2734 5642 2928 5711 legitur
2956 5659 2968 5694 :
2998 5639 3143 5694 unde
3183 5636 3549 5730 Hieronymus
3579 5634 3630 5688 in
3670 5630 3808 5730 Vni-

551 5743 675 5802 gata
715 5734 919 5803 posuit,
955 5750 1056 5786 non
1088 5745 1164 5787 est
1194 5733 1384 5796 Satan,
1416 5734 1468 5788 in
1502 5733 1686 5788 Οιιιξριι
1718 5752 1844 5788 vcrn
1876 5734 2012 5788 LXX
2044 5727 2401 5805 interpretum
2447 5733 2827 5805 translatione,
2856 5731 3159 5788 secundum
3188 5728 3420 5805 codices
3448 5742 3658 5805 omnes,
3694 5727 3802 5780 sai-

551 5797 659 5860 tem
697 5797 1015 5862 Hodiernus.
1071 5805 1301 5858 habetur
1330 5807 1438 5876 οὐκ
1469 5807 1614 5857 ἐστὶν
1641 5807 1940 5869 ἐπίϐουλος,
1977 5822 2074 5860 nec
2103 5823 2146 5859 ιιι

2210 5822 2332 5857 nam
2364 5803 2584 5860 Hebraea
2623 5797 2724 5860 'vox
2749 5804 3076 5860 inconversa
3105 5812 3348 5872 apparet.
3381 5797 3534 5854 Unde
3559 5797 3805 5869 Chryso-

553 5891 766 5932 ltOItlttS
821 5877 981 5932 verba
1026 5877 1281 5944 bam:qu
1329 5872 1524 5932 Noster
1572 5878 1762 5933 recitat
1805 5883 2094 5949 acceperit,
2135 5872 2241 5932 non
2287 5877 2476 5946 liquet.
