4038 6284
289 330 387 392 763

1420 329 1499 391 IN
1531 326 1773 390 EPIST.
1815 326 1916 386 AD
1949 324 2313 386 CORlNTH.
2357 326 2439 387 ΙΙ.

3434 319 3541 384 770

364 439 477 494 "lva
516 442 589 514 μή
625 460 710 508 τις
748 424 945 519 νομίσῃ
994 443 1311 516 σωματικὴν
1344 442 1632 495 ἀσθένειαν
1681 438 1861 507 λέγειν

2032 435 2111 492 Ne.
2142 438 2269 508 quis
2306 437 2672 493 arbitraretur
2698 452 2824 492 eum
2858 436 3010 509 loqui
3052 437 3119 492 de
3144 435 3425 509 corporali
3452 436 3538 491 in-

296 531 469 595 αὐτὸν,
503 534 598 589 καὶ
625 535 747 591 κατ’
775 534 915 600 εἶδος
951 536 1051 608 τὴν
1092 534 1379 590 ἀσθένειαν
1409 533 1732 602 διηγήσατο,
1767 530 1860 583 λέ-

297 641 400 693 γων
428 641 443 655 ·
489 626 587 681 Ἐν
612 628 881 698 ὕϐρεσιν,
919 628 988 683 ἐν
1015 626 1315 698 διωγμοῖς,
1350 625 1419 680 ἐν
1445 623 1757 694 ἀνάγκαις,
1793 621 1864 674 ἐν

291 720 726 790 στενοχωρίαις.
777 716 931 785 Εἶδες
982 721 1130 785 ὅπως
1162 717 1324 773 αὐτὸν
1354 716 1448 771 νῦν
1482 712 1858 782 ἀπεκάλυψεν,

288 811 343 866 δν
370 807 519 866 εἶπεν
545 813 658 868 ἄνω
687 813 951 878 Σατανᾶν,
982 813 1076 867 καὶ
1113 811 1236 882 οὐχὶ
1277 810 1463 879 ἄλγος,
1502 807 1577 872 ὥς
1612 821 1777 877 φασιν
1810 803 1860 857 οἱ

288 904 593 977 ληροῦντες,
627 905 757 977 περὶ
784 907 882 978 τὴν
913 902 1157 976 κεφαλὴν
1191 898 1360 974 εἶχεν.

362 1100 383 1135 ι
418 1084 585 1138 Ὅταν
616 1084 723 1157 γὰρ
750 1083 984 1148 ἀσθενῶ,
1024 1084 1147 1139 τότε
1178 1082 1402 1147 δυνατός
1432 1083 1568 1152 εἰμι.
1608 1099 1628 1133 ι

358 1175 525 1230 Ἔνθα
553 1176 750 1246 θλίψις,
783 1178 897 1231 ἐκεῖ
930 1177 1024 1231 καὶ
1056 1176 1424 1247 παράκλησις.
1454 1174 1565 1228 Καὶ
1593 1172 1725 1226 ἔνθα
1754 1188 1861 1226 πα-

288 1265 567 1338 ράκλησις.
600 1269 714 1323 istst
744 1268 837 1323 καὶ
881 1267 1062 1340 χάρις.
1099 1269 1229 1322 Ὅτε
1258 1266 1389 1336 γοῦν
1423 1266 1503 1329 είς
1531 1264 1593 1318 τὸ
1645 1265 1861 1334 δεσμω-

284 1360 471 1430 τήριον
498 1359 682 1424 ιπεσε,
720 1360 847 1415 τότε
887 1358 1179 1432 θαυμαστὰ
1208 1360 1466 1429 ἐποίησεν
1495 1358 1700 1411 ἐκεῖνα.
1734 1355 1861 1408 Ὅτε

284 1447 642 1519 ἐναυάγησεν,
673 1452 767 1504 καὶ
795 1452 874 1513 είς
908 1450 1007 1521 τὴν
1039 1447 1314 1521 βάρϐαρον
1347 1446 1614 1517 ἐξηνέχθη
1642 1444 1851 1515 χώραν,

282 1545 404 1597 τότε
456 1545 690 1613 μάλιστα
750 1543 1035 1615 ἐδοξάσθη.
1068 1542 1198 1596 Ὅτε
1248 1542 1327 1610 είς
1375 1540 1435 1593 τὺ
1489 1539 1863 1611 δεσμωτήριον

284 1635 522 1706 είσῆλθε,
550 1636 671 1690 τότε
694 1635 789 1690 καὶ
821 1634 916 1689 τοῦ
951 1632 1206 1690 δικαστοῦ
1244 1633 1614 1704 περιεγένετο.

1963 529 2245 594 ﬁrmitate,
2281 530 2600 601 singulatim
2648 528 2985 585 inﬁrmitatis
3016 544 3214 601 genera
3244 528 3559 593 enarravit,

1961 618 2197 674 dicendo
2238 639 2253 672 :
2298 617 2364 673 In
2414 618 2792 686 contumeliis,
2856 620 2912 674 in
2963 620 3438 689 persecutionibus,
3485 619 3541 672 in

1961 710 2387 776 necessitatibus,
2445 711 2499 764 in
2548 710 2839 781 angustiis.
2876 709 3045 769 Vides
3078 711 3357 784 quomodo
3396 724 3544 765 nunc

1959 817 2083 858 eum
2125 806 2341 876 retegit,
2373 820 2535 875 quem
2569 813 2730 860 antea
2760 803 3023 861 Satanam
3055 806 3305 873 vocabat,
3337 819 3401 860 ac
3433 819 3540 861 non

1960 897 2205 952 dolorem
2248 895 2423 953 fuisse
2462 897 2661 967 capitis
2691 913 2804 969 quo
2839 904 3156 965 vexaretur,
3199 898 3280 951 uti
3313 895 3540 969 quidam

1961 987 2217 1059 nugando
2249 998 2496 1045 narrant.

2034 1101 2055 1133 ‹
2090 1080 2227 1137 Cum
2268 1084 2413 1138 enim
2448 1082 2722 1148 intirmor,
2756 1089 2891 1137 tunc
2924 1091 3126 1153 potens
3154 1096 3298 1137 sum.
3338 1098 3359 1132 ι

2030 1172 2165 1227 Nam
2198 1173 2289 1229 ubi
2330 1174 2560 1229 obvenit
2595 1174 2843 1237 alllictio,
2884 1170 3043 1230 adest
3092 1181 3147 1228 et
3188 1173 3499 1229 consolatio
3526 1216 3539 1230 .

1959 1272 2016 1320 et
2056 1265 2145 1321 ubi
2170 1267 2511 1331 consolatio,
2552 1266 2669 1321 illic
2692 1274 2743 1322 et
2787 1266 2988 1337 gratia.
3018 1264 3252 1332 Quando
3287 1265 3453 1338 igitur
3487 1267 3544 1321 in

1961 1370 2236 1411 carcerem
2262 1357 2553 1427 coniectus
2585 1363 2700 1421 est,
2737 1364 2872 1411 tunc
2902 1356 3253 1412 admirabilia
3286 1356 3378 1410 illa
3415 1371 3541 1428 ges-

1963 1446 2055 1501 sit.
2091 1447 2324 1513 Quando
2380 1447 2729 1519 naufragium
2782 1447 2933 1514 fecit,
2982 1458 3037 1504 et
3090 1449 3143 1504 in
3202 1449 3543 1507 barbaricam

1963 1542 2240 1611 regionem
2277 1541 2605 1611 deportatus
2646 1551 2749 1607 est,
2786 1548 2919 1596 tunc
2954 1542 3333 1613 maximopere
3370 1544 3533 1598 inc-ia»

1966 1634 2096 1687 ruit.
2132 1633 2365 1699 Quando
2399 1648 2682 1691 carcerem
2733 1634 2983 1702 intravit,
3012 1642 3145 1689 tunc
3199 1644 3255 1691 et
3298 1634 3546 1707 judicem

1967 1724 2246 1792 superavit
2280 1724 2344 1777 ".

360 1832 379 1864 ι
416 1813 624 1881 Γέγονα
653 1810 841 1882 ἄφρων
875 1809 1254 1883 καυχώμενος,
1308 1809 1469 1881 ὑμεῖς
1500 1826 1567 1881 με
1619 1809 1860 1880 ἡναγκά-

2040 1790 2206 1871 Vens.
2239 1815 2423 1871 11-15.
2461 1835 2480 1869 ι
2522 1814 2725 1889 Factus
2756 1831 2879 1873 sum
2911 1817 3181 1887 insipiens
3226 1818 3543 1888 gloriando,

272 1925 432 1962 σατε.
480 1906 620 1975 Ἐγὼ
642 1906 751 1978 γὰρ
782 1905 1013 1977 ὤφειλον
1040 1906 1131 1975 ὑφ’
1163 1905 1191 1958 ὑ
1201 1906 1317 1975 μῶν
1342 1903 1717 1959 συνίστασθαι.
1752 1904 1861 1957 Οὑ-

277 2003 366 2059 δὲν
397 2004 510 2073 γὰρ
531 2003 806 2075 ὑστέρησα
837 2000 946 2056 τῶν
977 2001 1117 2073 ὑπὲρ
1146 2000 1264 2054 λίαν
1306 1999 1639 2066 ἀποστόλων,
1672 1999 1723 2051 εί
1767 1997 1862 2053 καὶ

274 2094 433 2149 οὐδέν
477 2096 592 2165 εἰμι
619 2112 634 2126 ’
677 2094 747 2148 τὰ
782 2092 965 2163 μέντοι
999 2096 1203 2164 σημεῖα
1231 2090 1325 2145 τοῦ
1371 2089 1697 2145 Ἀποστόλου
1728 2108 1864 2144 δια-,τ⁸

210 2204 211 2207 ‘
275 2186 551 2259 ειργάσθη
601 2189 659 2241 ὲν
699 2186 850 2258 ὑμῖν,
895 2187 954 2240 ἐν
993 2186 1143 2257 πάσῃ
1192 2183 1461 2255 ὑπομονῇ,
1493 2184 1739 2253 σημείοις
1776 2199 1859 2249 τε,

272 2280 372 2335 καὶ⁸
404 2280 622 2355 τέρασι,
645 2278 740 2333 καὶ
772 2278 1059 2349 δυνάμεσι.
1101 2277 1167 2331 Τί
1197 2277 1308 2347 γάρ
1340 2277 1490 2329 ἐστιν
1518 2274 1546 2329 ὃ
1588 2276 1861 2346 ήττήθητε

275 2370 422 2442 ὑπὲρ
452 2369 555 2434 τάς
580 2368 774 2433 λοιπὰς
798 2368 1115 2441 ἐκκλησίας,
1143 2367 1193 2421 εί
1221 2365 1296 2439 μὴ
1324 2366 1407 2420 ὅτι
1458 2356 1620 2429 αὐτὸς
1658 2366 1770 2434 ἐγὼ
1796 2366 1859 2420 οὐ

270 2461 671 2535 κατενάρκησα
694 2459 847 2532 ὑμῶν
866 2479 883 2530 ;
921 2479 940 2514 ι

346 2550 773 2622 Καυχώμενος.
796 2550 1127 2623 ’Δπαρτίσας
1150 2552 1206 2606 δὲ
1235 2554 1327 2608 τὸν
1360 2555 1492 2627 περὶ
1510 2554 1617 2607 τῶν
1644 2553 1862 2608 οἰκείων

266 2642 578 2713 ἐγκωμίων
611 2641 794 2710 λόγον,
821 2640 922 2695 οὒκ
954 2641 1083 2714 ἔστη
1121 2643 1282 2715 μέχρι
1314 2643 1505 2698 τούτου
1540 2643 1677 2698 ἀλλὰ
1725 2644 1864 2697 ἀπο-

266 2734 527 2804 λογεῖται
554 2735 738 2799 πάλιν,
769 2735 864 2790 καὶ
886 2735 1216 2809 συγγνώμην
1253 2736 1393 2811 ὑπὲρ
1418 2737 1525 2793 τῶν
1556 2738 1864 2809 εἰρημένων

265 2828 444 2883 αἰτεῖ.
492 2826 695 2898 ’Υμεῖς
725 2827 857 2899 γὰρ,
889 2829 1073 2898 φησὶν,
1105 2827 1511 2899 ἠναγκάσατε.
1547 2829 1606 2880 Et
1635 2828 1734 2898 μὲν
1755 2827 1862 2901 γὰρ

265 2918 639 2991 καυχώμενος
678 2920 726 2985 ⁸,
758 2919 853 2973 καὶ
907 2922 1103 2973 ἐκεῖνοι
1151 2919 1227 2991 μὴ
1285 2919 1425 2988 μετά
1453 2920 1552 2989 τῆς
1586 2919 1864 2990 ὑμετέρας

265 3010 439 3067 τοῦτο
487 3011 712 3066 ἐποίουν
770 3012 966 3065 ἐκεῖνοι
1007 3010 1234 3084 πλάνης,
1266 3013 1365 3067 οὐκ
1406 3012 1471 3067 ἂν
1506 3012 1680 3076 οὕτως
1727 3031 1865 3086 προ-

269 3104 463 3178 ήχθην
500 3106 584 3169 είς
612 3103 834 3170 τούτους
870 3106 1102 3176 ἐμαυτὸν
1134 3107 1361 3174 ἀγαγεῖν
1389 3106 1598 3177 λόγους.
1642 3106 1863 3179 Ἐπειδὴ
1890 3154 1935 3214 c

262 3196 325 3251 δὲ
355 3196 668 3269 ὀλόκληρον
697 3196 1025 3269 Ἐκκλησίαν
1050 3198 1374 3271 διέφθειρον,
1397 3200 1478 3264 είς
1496 3200 1557 3253 τὸ
1583 3201 1863 3273 συμφέρον

265 3291 407 3362 ὑμῖν
436 3289 611 3361 ὀρῶν,
652 3290 1006 3362 ἠναγκάσθην
1034 3290 1230 3363 ἄφρων
1260 3291 1535 3361 γενέσθαι.

346 3400 369 3434 ο
417 3381 745 3454 Χαρίσασθέ
774 3400 866 3453 μοι
896 3384 993 3454 τὴν
1018 3383 1233 3439 ἀδικίαν
1261 3385 1487 3456 ταύτην.
1527 3387 1659 3442 Ἰδοὺ
1682 3388 1865 3459 τρίτον

260 3471 440 3526 τοῦτο
476 3473 717 3544 ἑτοίμως
748 3473 857 3545 ἔχω
883 3473 1056 3527 ἐλθεῖν
1081 3472 1216 3547 πρὸς
1261 3475 1425 3547 ὑμᾶς,
1475 3477 1569 3531 καὶ
1598 3477 1658 3531 οὑ
1699 3494 1865 3533 καταο

260 3566 550 3638 ναρκήσω
567 3563 732 3636 ὑμῶν.
755 3565 827 3619 Οὔ
850 3567 954 3636 γὰρ
971 3563 1111 3638 ζητῶ
1129 3565 1189 3621 τὸ
1213 3564 1533 3635 ὑμῶν,ἀλλὰ
1561 3566 1707 3640 ὑμᾶς
1738 3584 1754 3600 ο
1803 3568 1865 3623 οὑ

259 3656 381 3730 γὰρ
410 3657 633 3729 ὀφείλει
660 3655 732 3711 τὰ
754 3656 925 3711 τέκνα
960 3659 1072 3721 τοῖς
1106 3657 1323 3727 γονεῦσι
1345 3657 1718 3730 θησαυρίζειν,
1750 3659 1867 3713 ἀλλ’

256 3751 316 3804 οἱ
361 3752 558 3819 γονεῖς
590 3751 703 3812 τοῖς
738 3750 970 3813 τέκνοις.
1020 3748 1162 3818 Ἐγὼ
1213 3749 1272 3804 δὲ
1318 3749 1512 3821 ἥδιστα
1549 3750 1863 3822 δαπανήσω,

256 3846 362 3898 καὶ
383 3841 924 3913 ἐκδαπανηθήσομαι
951 3842 1092 3913 ὑπὲρ
1114 3842 1222 3896 τῶν
1240 3841 1428 3913 ψυχῶν
1464 3841 1639 3911 ὑμῶν,
1685 3844 1732 3894 εί
1773 3843 1868 3897 καὶ

256 3930 697 4005 περισσοτέρως
731 3931 877 4002 ὑμᾶς
909 3931 1159 4000 ἀγαπῶν,
1184 3927 1350 4005 ἦττον
1377 3930 1701 4002 ἀγαπῶμαι.
1736 3951 1755 3984 ι

345 4107 682 4179 Ἐγκώμιον
707 4072 936 4163 ἐκείνων
962 4109 1202 4183 τίθησιν,
1231 4109 1287 4164 εί
1314 4127 1373 4181 γε
1420 4111 1637 4167 ἀδικίαν
1658 4111 1867 4166 οἰκείαν

248 4193 412 4255 εἶναι
442 4198 760 4271 νομίζουσι,
779 4202 841 4255 τὸ
870 4202 947 4273 μὴ
971 4201 1370 4267 καταδέξασθαι
1404 4202 1495 4255 τὸν
1540 4202 1867 4257 ’Λπόστολον

1968 1924 2066 1964 vos
2103 1924 2189 1982 me
2234 1909 2515 1981 coegistis.
2552 1909 2668 1981 Ego
2701 1911 2847 1967 enim
2896 1925 2926 1964 a
2971 1910 3128 1966 vobis
3173 1910 3339 1967 debui
3392 1928 3548 1968 com-

1969 1998 2239 2053 mendari.
2265 1996 2413 2053 Nihil
2442 1998 2589 2054 enim
2633 1998 2817 2053 minus
2848 1997 2922 2052 fui
2956 2000 3025 2051 ab
3053 1998 3147 2064 iis,
3176 1998 3267 2067 qui
3301 2010 3430 2053 sunt
3454 2015 3548 2054 suo

1968 2105 2065 2161 pra
2097 2087 2319 2144 modum
2351 2089 2591 2160 apostoli
2625 2105 2640 2142 :
2675 2089 2894 2144 tametsi
2926 2089 3063 2143 nihil
3084 2104 3230 2144 sum.
3261 2089 3427 2160 Signa
3462 2100 3545 2143 ta-

1967 2197 2091 2237 men
2124 2181 2364 2252 apostoli
2396 2179 2541 2238 facta
2574 2188 2708 2239 sunt
2739 2182 2794 2236 in
2837 2181 2996 2237 vobis
3021 2224 3035 2248 ,
3069 2181 3122 2236 in
3154 2182 3305 2238 omni
3335 2182 3549 2253 patien-

1968 2274 2062 2339 tia,
2106 2274 2413 2346 signisque,
2467 2281 2527 2329 et
2585 2273 2858 2349 prodigiis
2914 2282 2969 2329 et
3024 2274 3348 2331 virtutibus.
3401 2273 3544 2341 Quid

1967 2368 2111 2423 enim
2180 2374 2308 2434 est,
2369 2367 2515 2439 quod
2570 2367 2754 2423 minus
2810 2366 3121 2433 habuistis,
3173 2383 3285 2439 pra:
3330 2367 3545 2427 casteria

1967 2458 2251 2526 Ecclesiis,
2282 2459 2389 2517 nisi
2422 2460 2570 2532 quod
2602 2461 2725 2531 ipse
2762 2473 2871 2515 non
2909 2460 3131 2530 gravavi
3164 2460 3304 2515 vos?
3344 2479 3365 2513 ι

2040 2551 2357 2616 Gloriando,
2390 2552 2588 2622 inquit.
2624 2550 2900 2608 Absoluta
2930 2560 3114 2607 autem
3152 2554 3221 2607 de
3252 2551 3370 2607 suis
3423 2550 3547 2606 lati-

1968 2644 2132 2701 dibus
2178 2659 2458 2709 sermone,
2508 2647 2619 2699 nim
2670 2645 2941 2700 hactenus
2976 2643 3151 2706 stetit,
3181 2642 3277 2698 sed
3324 2658 3545 2698 rursum

1972 2736 2415 2794 satisfactionem
2460 2735 2663 2804 ol'iert,
2695 2745 2751 2793 et
2784 2737 2999 2792 veniam
3049 2737 3322 2793 dictorum
3368 2744 3544 2809 rogat.

1982 2830 2084 2887 Vos
2116 2831 2278 2896 enim,
2308 2832 2407 2898 ait,
2441 2847 2524 2885 me
2571 2830 2843 2901 coegistis.
2877 2829 2995 2887 Nisi
3030 2830 3178 2886 enim
3213 2830 3292 2886 illi
3328 2844 3551 2902 quoque

1969 2923 2347 2980 ostentatione
2378 2938 2480 2980 sua
2508 2924 2565 2978 in
2584 2937 2832 2980 errorem
2863 2937 2961 2979 vos
2985 2922 3372 2989 adduxissent,
3404 2937 3552 2977 nun-

1970 3025 2136 3088 quam
2174 3015 2547 3082 admisissem,
2584 3023 2647 3072 ut
2674 3015 2743 3071 de
2791 3030 2876 3071 me
2915 3029 3230 3072 sermonem
3261 3014 3549 3071 inferrem.

1971 3107 2176 3165 Verum
2246 3109 2378 3180 quia
2427 3109 2697 3182 integram
2758 3106 3063 3164 Ecclesiam
3120 3109 3548 3177 labefactarunt,

1966 3210 2197 3265 coactus
2258 3216 2381 3258 sum
2445 3201 2563 3257 ﬁeri
2616 3200 2908 3274 insipiens,
2970 3210 3030 3256 ut
3085 3200 3308 3256 utilitati
3352 3209 3553 3258 vestrae

1966 3293 2342 3350 consulerem.

2044 3407 2062 3440 ι
2105 3386 2315 3443 Donate
2367 3386 2499 3442 mibi
2537 3386 2681 3442 lianc
2730 3385 3015 3456 injuriam.
3066 3383 3257 3458 [νεεδ.
3296 3385 3383 3452 ll,
3436 3383 3551 3459 l5.]

1968 3480 2109 3537 Ecce
2157 3481 2326 3536 tertio
2359 3478 2465 3535 hoc
2506 3487 2735 3550 paratus
2789 3493 2912 3534 sum
2962 3479 3153 3533 venire
3190 3479 3259 3535 ad
3309 3494 3443 3542 vos,
3493 3490 3553 3534 et

1966 3584 2078 3625 nou
2112 3581 2209 3624 ero
2237 3568 2423 3634 gravis
2445 3568 2626 3626 vobis.
2659 3566 2780 3623 Non
2812 3569 2960 3623 enim
2992 3584 3180 3640 quaero
3211 3585 3334 3640 quae
3366 3578 3551 3626 vestra

1967 3669 2126 3723 sunt,
2170 3658 2265 3714 sed
2306 3672 2427 3713 vos.
2464 3658 2579 3714 Nec
2626 3658 2774 3714 enim
2820 3658 3021 3715 debent
3071 3658 3169 3714 (liii
3226 3661 3552 3731 parentibus

1967 3750 2367 3813 tliesaurizare,
2400 3750 2495 3806 sed
2531 3758 2798 3823 parentes
2830 3751 2976 3807 ﬁliis.
3017 3750 3127 3824 Ego
3156 3762 3340 3808 autem
3377 3753 3552 3811 liben-

1967 3841 2183 3899 tissime
2208 3841 2547 3914 impendam,
2581 3851 2634 3899 et
2668 3842 3131 3915 superimpendar
3162 3844 3276 3916 ipse
3306 3861 3407 3917 pro
3440 3850 3553 3900 aui-

1968 3931 2166 3987 mabus
2190 3932 2415 3998 vestris,
2446 3932 2573 3989 licet
2600 3933 2978 3990 abundantius
3014 3950 3113 3991 vos
3152 3934 3413 4009 diligens,
3444 3938 3551 3992 mi—

1968 4036 2076 4078 nus
2107 4020 2327 4092 diligar.
2373 4040 2395 4076 ο

2037 4113 2095 4169 In
2154 4113 2399 4184 ipsorum
2456 4113 2675 4171 laudem
2732 4115 2933 4174 cedere
2996 4123 3209 4187 censet,
3272 4119 3547 4190 siquidem

1969 4205 2239 4277 iniuriam
2287 4205 2615 4263 existiment
2663 4223 2845 4276 suam,
2878 4210 3030 4282 quod
3065 4213 3365 4283 Apostolus
3412 4211 3550 4267 nihil

248 4289 463 4344 λαϐεῖν
501 4308 558 4344 τι
600 4290 733 4362 παρ’
780 4291 983 4360 αὐτῶν,
1014 4292 1150 4365 μηδὲ
1192 4294 1556 4366 ἁνασχεθῆναι
1590 4297 1865 4367 τραφῆναι

1969 4298 2039 4356 ab
2085 4297 2223 4369 ipsis
2279 4298 2535 4371 accipere
2582 4299 2863 4365 voluerit,
2929 4316 3030 4357 nec
3102 4301 3432 4358 sustinuerit
3482 4302 3553 4357 ab

246 4382 520 4438 ικείθεν.

1968 4391 2051 4448 eis
2074 4390 2172 4447 ali.

334 4496 357 4528 e
402 4475 513 4539 Εἰς
548 4474 706 4529 τοῦτο
733 4474 789 4529 δὲ
819 4484 847 4513 ι
879 4476 991 4545 ἐγὼ
1032 4477 1093 4531 οὐ
1137 4475 1494 4549 κατεϐάρησα
1531 4478 1696 4548 ὑμᾶ;,
1732 4478 1865 4533 ἀλλά

2043 4482 2212 4539 Vens.
2267 4482 2458 4541 iii-20.
2505 4501 2526 4536 ι
2576 4481 2637 4539 In
2674 4483 2781 4539 hoc
2825 4490 3003 4540 autem
3038 4500 3143 4555 ego
3184 4501 3292 4539 non
3330 4486 3549 4555 grai-avi

246 4569 555 4640 ὑπάρχων
589 4567 904 4639 πανοῦργος
931 4568 1068 4638 δόλῳ
1092 4570 1238 4639 ὑμᾶς
1260 4569 1474 4626 ἔλαϐον.
1507 4574 1597 4644 Μή
1631 4590 1753 4627 τινα
1791 4567 1865 4627 ὧν

1972 4590 2109 4632 vos:
2143 4575 2238 4630 sed
2279 4573 2440 4647 154
2468 4591 2591 4631 cum
2631 4592 2813 4633 essent
2849 4583 3087 4644 astutus,
3122 4575 3248 4631 dolo
3275 4592 3368 4632 vos
3405 4577 3550 4646 cepi.

246 4660 616 4717 ἀπέσταλκα
662 4660 799 4731 πρὸς
861 4660 1035 4732 ὑμᾶς,
1084 4662 1155 4717 δι’
1220 4663 1389 4719 αὐτοῦ
1462 4666 1865 4739 ἐπλεονέκτησα

1972 4666 2230 4740 Nunquid
2268 4684 2364 4738 per
2397 4669 2637 4739 aliquem
2688 4686 2882 4725 eorum
2930 4685 3072 4740 quos
3125 4669 3251 4725 misi
3301 4671 3367 4724 ad
3420 4685 3548 4733 vos,

246 4754 455 4825 ὐμᾶςς
508 4751 872 4823 Παρεκάλεσα
930 4753 1119 4819 Τίτον,
1165 4756 1259 4809 καὶ
1317 4756 1732 4812 συναπέστα).κα
1776 4760 1865 4812 τὸν

1975 4761 2311 4815 circumveni
2339 4763 2486 4818 vos?
2512 4760 2722 4834 Rogavi
2774 4762 2979 4827 Titum,
3025 4772 3079 4819 et
3112 4764 3238 4820 misi
3288 4779 3413 4819 eum
3457 4764 3553 4818 illo

244 4846 540 4915 ἀδελφόν.
581 4845 671 4915 Μή
711 4862 763 4897 τι
798 4845 1220 4921 ἐπλεονέκτησεν
1250 4847 1392 4918 ὑμᾶς
1446 4849 1647 4916 Τίτος;
1680 4852 1755 4903 Οὐ
1792 4850 1865 4920 τῷ

1975 4854 2221 4908 fratrem.
2272 4852 2530 4924 Nunquid
2570 4871 2670 4911 vos
2710 4854 2871 4911 Titus
2920 4856 3327 4910 circumvenit?
3367 4871 3552 4911 nonne

240 4936 419 5008 αὐτῷ
490 4936 779 5009 πνεῦματι
838 4929 1359 5010 περιεπατήσαμενς
1417 4940 1476 4993 οὐ
1530 4943 1641 5004 τοῖς
1688 4941 1865 5005 αὐτοῖς

1974 4945 2165 4999 eodem
2195 4945 2395 5014 spiritu
2431 4947 2875 5003 ambulavimus?
2921 4946 3113 5004 Nonne
3157 4948 3354 5003 iisdem
3389 4950 3553 5004 vesti-

240 5033 444 5102 ιχνεσι
473 5047 490 5093 ;
527 5028 703 5083 Πάλιν
730 5029 935 5084 δοκεῖτε
965 5031 1046 5084 ὃτι
1073 5032 1203 5102 ὑμῖν
1239 5031 1689 5102 ἀπολογούμεθας
1726 5035 1865 5087 Κατ-

1973 5036 2120 5109 giis?
2155 5036 2398 5094 Rursum
2430 5040 2645 5111 putatis
2690 5042 2837 5112 quod
2880 5058 3208 5098 excusemus
3251 5058 3353 5097 nos
3409 5044 3551 5113 apud

239 5123 454 5182 ἔναντι
491 5120 596 5175 τοῦ
625 5119 760 5175 Θεοῦ
797 5123 855 5175 ἓν
894 5123 1116 5195 Χριστῷ
1137 5123 1424 5194 λαλοῦμεν.
1454 5125 1538 5179 Τὰ
1574 5124 1629 5177 δὲ
1664 5125 1864 5189 πάντα,

236 5214 590 5290 ἀγαπητοὶ,
632 5216 771 5289 ὑπὲρ
800 5216 901 5290 τῆς
927 5217 1081 5290 ὑμῶν
1105 5219 1417 5290 οἰκοδομῆς.
1452 5219 1727 5292 Φοϐοῦμαι
1758 5223 1866 5291 γὰρ

1974 5130 2134 5186 vos?
2193 5132 2393 5186 Coram
2447 5132 2560 5189 Deo
2613 5131 2671 5189 in
2728 5131 2953 5189 Christo
3002 5134 3300 5206 loquimur.
3354 5131 3551 5187 Omnia

1974 5230 2178 5290 autem,
2212 5224 2551 5292 cliarissimi,
2586 5236 2814 5298 propter
2836 5227 3258 5284 tediiicationem
3286 5236 3550 5283 vestram.

324 5405 373 5437 "
430 5405 580 5459 Aet.
604 5417 800 5467 ιινιιι,
827 5400 848 5453 l
887 5418 1013 5473 sqq.

1590 5564 1826 5621 VARUS
1872 5567 2279 5627 LECTIONES.

367 5722 396 5762 α
443 5716 757 5787 Chrysost.
785 5716 1118 5788 ἔκαυχῶντο,
1149 5718 1285 5774 alias
1309 5719 1518 5787 legero,
1542 5717 1911 5788 καυχώμενοι.
1984 5734 2009 5763 ιι
2037 5721 2210 5780 Codd.
2241 5729 2295 5779 et
2324 5722 2447 5778 libri
2489 5737 2702 5785 omnes.
2724 5722 2863 5778 ἔστω
2898 5722 2977 5781 δέ.
