4038 6284
472 340 583 404 ’Πθ

1658 336 1723 399 S.
1760 336 2078 398 JOANNIS
2114 336 2542 399 DAMASCENI

3623 336 3728 402 780

502 470 530 497 ο
558 472 576 504 ι
620 450 883 508 Prmsenti
930 466 1205 523 nequam,
1242 449 1548 506 secundum
1584 453 1926 507 voluntatem
1962 450 2054 506 Dei

2238 473 2257 505 ι
2300 452 2407 507 Τοῦ
2467 449 2762 517 ἐνεστῶτος
2809 448 3046 523 πονηροῦ
3090 450 3234 508 κατά
3278 450 3337 505 τδ
3382 448 3594 523 θέλημα
3633 450 3723 504 τοῦ

475 557 534 601 et
562 544 744 603 Patris
777 544 951 601 nostri
982 564 997 602 :
1032 544 1123 601 cui
1174 551 1265 603 est
1291 541 1468 617 gloria
1500 544 1554 600 in
1583 546 1783 602 saecula
1816 544 2055 601 saeculo-

481 653 623 694 rum.
658 639 854 693 Amen.
897 655 918 690 ι

542 728 711 786 Malas
740 730 984 786 actiones
1013 729 1169 794 dicit,
1207 729 1496 786 distortam
1526 729 1884 787 voluntatem.

546 907 714 966 Vnus.
747 908 801 979 6,
830 907 884 966 7.
919 927 939 962 ι
976 908 1148 965 Miror
1174 909 1320 981 quod
1352 909 1432 965 sic
1466 918 1576 965 tam
1609 909 1719 967 cito
1764 906 2045 965 transferia

480 1002 610 1058 mini
640 1002 707 1057 ab
737 1016 804 1058 eo
832 1002 925 1074 qui
972 1016 1072 1060 vos
1114 1002 1331 1059 vocavit
1378 1003 1435 1058 in
1487 1001 1722 1076 gratiam
1760 1000 1990 1060 Christi.
2022 1021 2041 1052 ι

552 1090 666 1147 Hoc
695 1093 851 1160 mihi,
907 1093 1106 1165 inquit,
1155 1103 1439 1165 stuporem
1470 1093 1706 1162 creavit,
1739 1095 1883 1164 quod
1918 1109 2044 1150 cum

477 1183 802 1257 mysterium
835 1184 1025 1256 gratiae
1054 1184 1137 1241 sic
1178 1184 1360 1240 cdocti
1384 1192 1599 1255 essent,
1630 1192 1690 1241 ut
1714 1194 1769 1242 et
1791 1185 2046 1242 doctores

481 1277 600 1335 ﬁeri
646 1286 878 1349 possent
920 1279 1175 1344 aliorum,
1209 1278 1264 1333 hi
1326 1284 1438 1333 tam
1476 1278 1638 1336 facile
1672 1278 2053 1351 deceptor-ibus

481 1372 935 1429 auscultaverim.

558 1569 577 1602 ι
613 1552 673 1606 lu
710 1549 856 1606 aliud
908 1549 1287 1622 Evangelium,
1338 1548 1485 1622 quod
1534 1566 1641 1604 non
1695 1559 1779 1606 cst
1829 1549 1999 1606 aliud.
2031 1569 2048 1600 ι

558 1646 720 1718 158
752 1646 887 1701 Nam
940 1656 999 1702 ut
1028 1646 1226 1703 Petrus
1272 1647 1411 1701 dicit
1459 1664 1473 1700 :
1512 1644 1635 1700 Non
1684 1654 1759 1700 est
1790 1644 1939 1699 aliud
1970 1662 2056 1699 no-

483 1754 598 1794 men
642 1740 738 1793 sub
783 1739 910 1794 caelo
950 1740 1136 1793 datum
1186 1739 1509 1803 hominibus,
1567 1740 1622 1793 in
1666 1755 1768 1809 quo
1821 1747 2055 1808 oporteat

484 1848 578 1885 nos
612 1830 786 1885 salvos
819 1832 937 1893 ﬁeri
966 1833 1035 1888 ".

560 1942 579 1975 ι
615 1922 730 1979 Nisi
776 1923 946 1996 aliqui
988 1934 1146 1992 sunt,
1200 1925 1293 1996 qui
1345 1940 1442 1981 vos
1492 1925 1853 1992 conturbant,
1880 1932 1934 1980 et
1965 1938 2056 1979 vo-

482 2019 603 2074 lunt
629 2030 954 2075 convertere
990 2015 1344 2090 Evangeliqu
1373 2017 1603 2073 Christi.
1637 2036 1656 2070 ›

553 2109 723 2166 Recte
756 2109 853 2174 ait,
886 2109 978 2181 qui
1011 2126 1099 2163 uos
1134 2110 1479 2177 conturbant,
1518 2126 1658 2175 non,
1694 2110 1788 2181 qui
1824 2109 2056 2177 docent;

483 2213 543 2259 ut
570 2202 827 2259 ostendat
854 2218 973 2259 eam
1004 2218 1121 2259 rem
1159 2218 1365 2258 meram
1396 2218 1519 2261 esse
1550 2203 1953 2275 deccptionem.

553 2297 722 2354 Vens.
756 2298 809 2353 8.
845 2296 900 2353 9.
963 2316 984 2352 ι
1038 2297 1147 2355 Sed
1184 2299 1315 2355 licet
1373 2313 1498 2364 nos,
1563 2308 1659 2355 aut
1711 2299 1943 2372 angelus
1992 2298 2061 2355 de

484 2394 632 2450 coelo
662 2392 1008 2465 evangelizet
1036 2391 1199 2449 vobis
1248 2401 1615 2465 praeterquam
1646 2391 1795 2464 quod
1826 2406 2059 2463 evange-

484 2486 775 2543 lisavimus
806 2486 988 2552 vobis,
1024 2486 1317 2543 anathema
1349 2485 1444 2542 sit.
1486 2485 1642 2543 Sicut
1680 2484 2059 2559 praediximus,

485 2591 540 2636 et
571 2594 723 2635 nunc
752 2579 948 2634 iterum
978 2578 1142 2634 dico:
1175 2576 1223 2633 si
1255 2576 1381 2648 quis
1416 2577 1572 2632 vobis
1600 2573 2064 2648 evangelizavcrit

487 2681 685 2747 praeter
707 2672 760 2728 id
792 2668 937 2743 quod
967 2668 1281 2741 accepistis,
1314 2666 1605 2724 anathema
1638 2667 1727 2724 sit.
1771 2686 1790 2719 ι

560 2766 693 2823 Vide
751 2763 1105 2836 prudentiam
1156 2762 1454 2833 Apostoli:
1515 2760 1595 2818 Ne
1649 2759 1777 2832 quis
1834 2759 2061 2827 diceret,

487 2877 610 2918 cum
661 2860 849 2916 inanis
893 2858 1085 2932 gloriae
1123 2856 1401 2913 desiderio
1437 2856 1657 2929 propria
1696 2855 1899 2928 placita
1929 2869 2060 2910 vena

486 2958 687 3021 ditare,
719 2959 893 3010 semet
922 2950 1263 3008 anathemati
1294 2952 1567 3007 devovere
1610 2965 1720 3005 non
1766 2947 2066 3005 dubitavit.

488 3047 555 3103 Et
587 3047 717 3117 quia
747 3045 827 3100 illi
864 3045 930 3101 ad
960 3045 1323 3100 auctoritates
1352 3041 1770 3114 confugiebant,
1796 3038 2066 3098 Joannem

2157 545 2295 601 Θεοῦ
2331 546 2429 601 καὶ
2462 546 2678 619 Πατρδς
2715 544 2895 618 ἡμῶν,
3062 543 3187 611 δόξα
3211 545 3289 609 είς
3336 545 3465 608 τοὺς
3526 542 3723 609 αίῶνας

2154 638 2263 698 τῶν
2295 638 2535 699 αἰώνων.
2568 640 2765 714 ⁹Δμήν.
2794 658 2813 693 ι

2233 730 2346 797 Τὰς
2393 735 2624 804 πράξεις
2652 732 2800 803 λέγει
2829 731 2930 798 τὰς
2962 731 3224 806 πονηρὰς,
3264 730 3360 804 τὴν
3406 730 3726 803 προαίρεσιν

2155 824 2255 898 τὴν
2283 822 2549 899 διεστραμ
2558 825 2750 898 μένην.

2237 933 2256 967 ι
2290 915 2566 986 Θαυμάζω
2620 917 2701 971 ὅτι
2747 916 2892 972 οὕτω
2935 916 3150 989 ταχέως
3207 915 3560 989 μετατίθεσθε
3624 914 3726 970 ἀπὸ

2162 1007 2254 1063 τοῦ
2286 1008 2611 1074 καλέσαντος
2639 1008 2782 1082 ὑμᾶς
2814 1012 2873 1065 ὲν
2890 1010 3073 1083 χάριτι
3098 1009 3357 1082 Χριστοῦ.
3391 1028 3407 1060 ι

2232 1101 2403 1157 Τοῦτό
2460 1120 2570 1174 μοι,
2619 1103 2775 1175 φησὶ,
2847 1105 2948 1174 τὴν
3001 1102 3201 1173 πολλὴν
3252 1101 3514 1170 ἔκπληξιν
3562 1103 3717 1173 ἧγει-

2163 1215 2272 1270 ρεν,
2328 1198 2409 1252 ὅτι
2441 1196 2697 1263 οίόὖτως
2728 1194 2915 1265 τὸτῆς
2960 1195 3195 1268 χάριτος.
3242 1193 3579 1266 διδαχθέντες
3620 1209 3721 1266 μυ⁶

2157 1291 2415 1362 στήριον,
2465 1288 2541 1353 ὡς
2586 1287 2849 1343 δύνασθαι
2893 1289 2989 1341 καὶ
3045 1287 3249 1361 ἑτέρων
3284 1284 3590 1340 διδάσκαλοι
3638 1286 3724 1354 γί-

2153 1386 2359 1451 νεσθαι,
2390 1374 2537 1437 οὗτοι
2584 1380 2827 1454 εὐχερῶς
2858 1379 3032 1445 οὕτως
3076 1381 3191 1445 τοῖς
3230 1377 3481 1433 ἀπατῶσι
3520 1376 3729 1432 πείθον-

2153 1492 2263 1531 ται.

2244 1586 2263 1619 ι
2310 1567 2403 1631 Είς
2422 1566 2610 1639 ἕτερον
2642 1562 2998 1635 Εὐαγγέλιον,
3029 1560 3177 1616 θοῦκ
3205 1560 3354 1615 ἐστιν
3378 1560 3526 1617 ἀλλο.
3554 1579 3573 1612 ι

2236 1658 2323 1723 Ὠς
2344 1658 2453 1731 γὰρ
2474 1660 2502 1712 ὁ
2524 1654 2730 1729 Πέτρος
2755 1655 2955 1727 φησὶν,
2991 1654 3076 1709 ὅτι
3134 1654 3258 1708 Οὐκ
3307 1651 3480 1707 ἔστιν
3526 1650 3730 1721 ἕτερον

2158 1751 2346 1825 ὄνομα
2375 1754 2494 1807 ὑπὸ
2530 1751 2639 1805 τὸν
2672 1748 2933 1818 οὐρανὸν
2958 1746 3025 1801 τὸ
3055 1744 3379 1816 δεδομένον
3403 1744 3473 1800 ἐν
3511 1742 3731 1813 ἀνθρώ-

2084 1838 2129 1893 Β
2157 1861 2293 1914 ποις
2309 1885 2324 1913 ,
2350 1846 2422 1900 ἐν
2446 1838 2495 1913 ᾧ
2526 1843 2620 1899 δεῖ
2642 1841 2911 1911 σωθῆναι
2940 1839 3116 1914 ἡμᾶς.

2236 1959 2256 1993 ι
2290 1940 2353 1994 Et
2385 1940 2458 2012 μή
2489 1940 2637 2001 τινές
2664 1937 2802 1991 εἰσιν
2828 1937 2878 1989 οί
2903 1934 3267 2005 ταράσσοντες
3319 1932 3483 2004 ὑμᾶς,
3528 1933 3621 1986 καὶ
3645 1931 3737 1987 θέο

2154 2036 2344 2097 ηλοντες
2406 2029 2779 2104 μεταστρέψαι
2807 2028 2869 2083 τὸ
2900 2028 3235 2098 Εὐαγγέλιον
3277 2026 3371 2082 τοῦ
3405 2027 3659 2098 Χριστοῦ,
3704 2044 3721 2075 ι

2228 2122 2304 2180 Εὖ
2368 2124 2462 2192 τὸ,
2532 2121 2987 2193 ταράσσοντες,
3045 2120 3108 2175 οὐ
3164 2120 3542 2185 διδάσκοντες,
3609 2117 3733 2172 οὐδὲ

2162 2218 2438 2283 πείθοντες
2457 2234 2471 2249 ”
2484 2213 2507 2271 ἶ
2522 2232 2586 2271 να
2601 2214 2748 2289 δείξῃ
2778 2214 2992 2284 ἀπάτης
3012 2213 3178 2285 μόνης
3192 2210 3254 2267 sb
3288 2212 3519 2284 πρᾶγμα
3546 2210 3629 2265 δν.

2240 2330 2258 2365 ι
2299 2309 2459 2365 Ἀλλά
2514 2309 2610 2365 καὶ
2666 2308 2761 2363 ὲάν
2799 2309 2958 2381 ἡμεῖς
2986 2306 3021 2380 ἢ
3047 2306 3279 2377 ἄγγελος
3307 2304 3367 2370 ἐξ
3390 2304 3448 2359 οὐ
3459 2302 3618 2375 ρανοῦ
3644 2301 3733 2354 εὖ·

2163 2403 2518 2476 αγγελίζηται
2550 2403 2683 2473 παρ’
2719 2400 2749 2458 ὃ
2779 2397 3253 2473 εὐηγγελισάμεθα
3293 2399 3420 2470 ὑμῖν
3444 2437 3460 2462 ,
3493 2395 3735 2467 ἀνάθεμα

2164 2501 2324 2555 ἔστω.
2364 2500 2451 2564 Ὠς
2492 2497 2924 2571 προειρήκαμεν,
2974 2493 3071 2549 καὶ
3120 2492 3248 2566 ἄρτι
3284 2491 3447 2546 πάλιν
3492 2488 3654 2559 λέγωο
3684 2487 3737 2541 si

2163 2611 2247 2659 τις
2281 2593 2427 2664 ὑμᾶς
2451 2589 2864 2661 εὐαγγελίζεται
2896 2587 3028 2660 παρ’
3048 2585 3076 2641 ὃ
3106 2584 3470 2659 παρελάϐετε,
3494 2580 3736 2653 ἀνάθεμα

2166 2688 2325 2742 εστω.
2364 2704 2383 2740 ›

2240 2782 2381 2853 Ὅρα
2420 2777 2634 2834 σύνεσιν
2662 2774 3048 2850 ἀπστολικὴν·
3084 2773 3205 2830 ἰνα
3230 2772 3339 2847 γὰρ
3373 2772 3446 2845 μὴ
3475 2787 3559 2836 τις
3583 2768 3737 2845 λέγῃ,

2167 2876 2251 2931 ὅτι
2304 2872 2613 2942 κενοδοξίας
2665 2871 2853 2926 ἕνεκεν
2876 2869 2947 2925 τά
2972 2868 3082 2924 ῐδια
3137 2868 3429 2940 συγκροτεῖ
3474 2864 3740 2935 δόγματα,

2168 2966 2262 3022 καὶ
2322 2964 2483 3021 αὑτὸν
2529 2962 2942 3035 ἀνεθεμάτισενο
2998 2960 3190 3033 ἐπειδὴ
3236 2957 3293 3012 δὲ
3345 2958 3423 3023 είς
3456 2954 3743 3027 ἀξιώματα

2169 3058 2500 3132 κατέφυγον,
2547 3055 2807 3114 ἰἀκωὸον
2846 3055 2943 3111 καὶ
2972 3052 3247 3125 Ἰωάννην,
3293 3049 3383 3104 διὰ
3437 3047 3597 3104 τοῦτο
3649 3043 3746 3098 καὶ

489 3149 619 3214 puta
643 3148 699 3196 et
727 3138 1002 3195 Iacobum
1022 3177 1039 3204 ,
1068 3151 1189 3192 eam
1225 3136 1297 3191 ob
1328 3150 1441 3191 rem
1476 3134 1700 3205 angelos
1727 3147 2065 3188 commemon

2172 3156 2419 3226 ἀγγέλων
2484 3150 2757 3225 ἐμνήσθη.
2839 3148 2934 3222 Μὴ
2983 3147 3094 3220 γάρ
3150 3162 3242 3217 μοι
3279 3140 3535 3199 Ἰἀκωδον
3586 3136 3749 3212 εἴπῃς

491 3203 653 3291 ravit.
693 3230 884 3303 Neque
929 3230 1075 3288 enim
1124 3229 1261 3284 mihi
1306 3203 1575 3284 Iacobum
1609 3235 1662 3283 et
1686 3225 1952 3283 Joannem
1984 3227 2061 3281 ci-

2639 3203 2654 3205 i
2675 3203 2816 3302 -Ιξᾶν
2840 3203 2974 3317 -γάρ
2994 3203 3009 3219 ⁹
3040 3203 3165 3298 τῶν.
3206 3236 3439 3311 πρώτων
3501 3203 3749 3306 ἀγγέὶῶ

492 3325 700 3382 laveris
727 3341 743 3380 :
784 3338 912 3379 nam
937 3320 1191 3395 quamvis
1218 3336 1283 3378 ex
1313 3319 1654 3391 primoribus
1680 3318 1890 3392 angelis
1923 3332 2068 3373 unus

492 3420 584 3487 sit,
619 3419 717 3491 qui
768 3416 1215 3490 praedicationem
1280 3412 1593 3481 labelactet,
1654 3413 1749 3469 ille
1808 3413 1882 3470 sit
1936 3425 2063 3467 ana-

493 3510 725 3570 thema?

562 3601 731 3657 Vsns.
778 3600 868 3657 10.
902 3618 920 3654 ι
979 3598 1141 3657 Modo
1175 3599 1325 3655 enim
1364 3598 1691 3655 hominibus
1735 3599 1964 3668 suadeo,
2001 3614 2069 3654 an

497 3694 652 3753 Deo?
683 3714 703 3749 ι

564 3788 701 3845 Nam
733 3788 837 3847 etsi
860 3788 979 3845 haec
1002 3786 1254 3845 docendo
1278 3802 1373 3843 vos
1399 3786 1615 3859 decipio
1635 3829 1650 3857 ,
1683 3788 1900 3860 inquit,
1929 3804 2073 3844 nun-

497 3885 631 3959 quid
670 3890 725 3941 et
770 3882 882 3940 Deo
911 3882 1121 3938 valeam
1154 3882 1461 3953 imponere,
1496 3882 1587 3936 cui
1620 3889 1907 3953 perspecta
1938 3889 2068 3937 sunt

497 3991 699 4035 arcana
743 3975 1123 4049 cogitationis,
1170 3982 1227 4030 ct
1254 3974 1343 4032 cui
1373 3989 1471 4045 per
1512 3975 1695 4030 omnia
1731 3978 1957 4047 placere
1988 3982 2065 4031 ιο‹

498 4073 573 4130 tis
606 4071 807 4128 studiis
837 4069 1157 4127 contendo?

575 4186 594 4220 ι
628 4166 684 4223 Si
726 4164 907 4221 adhuc
958 4162 1275 4220 hominibus
1306 4161 1598 4234 placerem,
1637 4178 1831 4220 servus
1868 4163 2076 4221 Christi

501 4276 608 4316 non
648 4274 855 4316 essem.
890 4255 1086 4331 [νεεδ.
1124 4253 1237 4329 Η.]
1269 4256 1474 4312 Notum
1521 4258 1669 4311 cnim
1705 4257 1865 4313 vobis
1901 4254 2069 4325 facio,

502 4352 721 4419 fratres,
746 4351 1125 4422 Evangelium,
1158 4347 1307 4420 quod
1329 4350 1766 4421 evangelizatum
1794 4357 1880 4406 est
1909 4365 1939 4404 ο
1968 4364 2076 4417 me,

501 4447 631 4517 quia
664 4459 771 4500 non
802 4453 887 4499 est
920 4443 1225 4499 secundum
1263 4443 1572 4501 hominem.
1611 4463 1632 4497 ι

2169 3345 2324 3426 ᾖτις,
2350 3348 2483 3420 φησὶ⁸
2521 3388 2536 3414 ,
2564 3342 2894 3415 διαφθείρων
2913 3340 2974 3396 τὸ
2993 3339 3280 3412 κήρυγμα,
3304 3334 3556 3405 ἀνάθεμα
3579 3330 3743 3386 ἔστω.

2248 3632 2268 3669 ι
2308 3615 2466 3691 Ἄρτι
2491 3612 2601 3685 γὰρ
2641 3608 2965 3683 ἀνθρώπους
2999 3603 3208 3673 πείθω,
3242 3602 3275 3678 ἢ
3305 3603 3394 3658 τδν
3418 3601 3590 3671 Θεόν;
3618 3617 3641 3654 ι

2248 3800 2311 3854 El
2345 3798 2443 3854 καὶ
2473 3796 2619 3870 ὑμᾶς
2642 3794 2890 3867 ἡπάτων,
2918 3789 3075 3863 φησι,
3117 3787 3295 3845 ταῦτα
3322 3786 3519 3858 λέγων,
3553 3785 3631 3858 μὴ
3656 3787 3750 3840 καὶ

2173 3894 2265 3949 τὸν
2290 3893 2424 3948 Θεὸν
2456 3885 2933 3964 παραλογίσασθαι
2966 3884 3227 3957 δύναμαι,
3259 3880 3439 3938 τὸντά
3462 3880 3751 3954 ἀπόρρητα

2174 3989 2275 4059 τῆς
2303 3984 2543 4049 διανοίας
2569 3983 2769 4049 εἰδότα,
2801 3980 2896 4035 καὶ
2916 3972 2963 4050 ᾧ
2991 3979 3146 4034 πᾶσά
3175 3994 3268 4051 μοι
3306 3975 3513 4048 σπουδὴ
3531 3976 3629 4030 καὶ
3662 3976 3753 4031 διὰ

2177 4078 2397 4134 πάντων
2426 4075 2685 4149 ἀρέσκειν
2710 4093 2725 4142 ;

2263 4191 2282 4225 ι
2322 4171 2385 4226 Ei
2444 4168 2525 4223 ἔτι
2585 4165 2892 4239 ἀνθρώποις
2942 4166 3219 4239 ἠρεσκον,
3270 4161 3510 4239 Χριστοῦ
3569 4161 3753 4228 δοῦλος

2180 4268 2246 4322 ἂν
2270 4267 2437 4338 ἢμην.
2505 4259 2764 4334 Γνωρίζω
2808 4259 2917 4331 γὰρ
2967 4259 3117 4331 ὑμῖν,
3150 4256 3388 4327 ἀδελφοὶ,
3418 4256 3480 4311 τὸ
3505 4256 3752 4325 Εὐαγγέ-

2179 4362 2312 4427 λιον,
2338 4359 2398 4412 τδ
2426 4353 2815 4425 εὐαγγελισθὲν
2864 4350 2957 4407 ὑπ’
2983 4350 3141 4426 ἐμοῦ,
3177 4354 3260 4408 ὅτι
3307 4349 3408 4406 οὐκ
3440 4350 3555 4404 ἐστι
3612 4349 3751 4404 κατά

2181 4455 2487 4528 ἄνθρωπον.
2510 4471 2530 4505 ι

579 4537 635 4593 Si
668 4536 987 4594 hominibus
1023 4537 1242 4609 placere
1294 4538 1597 4605 studerem,
1647 4536 1829 4593 adhuc
1871 4543 2068 4593 starem

2263 4550 2324 4603 Ei
2356 4547 2547 4619 ἤθελον
2583 4544 2895 4617 ἀνθρώποις
2952 4542 3167 4616 ἀρέσαι,
3240 4541 3428 4614 φησὶν,
3484 4540 3568 4595 ἔτι
3617 4540 3753 4612 μετά

506 4644 536 4685 a
591 4626 906 4683 Iudaeorum
956 4628 1233 4700 partibus,
1264 4636 1317 4683 et
1346 4628 1653 4684 Ecclesiam
1706 4628 2079 4685 devastarem.

504 4722 645 4777 Cum
694 4734 829 4777 vero
863 4726 1035 4776 totam
1076 4728 1318 4793 gentem,
1352 4721 1797 4793 consanguineos
1833 4730 1886 4779 et
1917 4721 2081 4777 clari-

508 4822 678 4868 tatem
711 4812 932 4883 generis
964 4821 1297 4885 aspernatus
1338 4814 1466 4880 sim,
1520 4814 1703 4886 iisque
1736 4815 2083 4887 persecutio-

509 4922 630 4973 nes,
663 4906 828 4975 bclla,
880 4907 1234 4980 quotidianae
1287 4917 1494 4966 mortes
1524 4912 1929 4977 commutarim,
1959 4924 2085 4979 per—

510 5000 769 5071 spicuum
804 5008 890 5056 est
934 5014 998 5056 ea
1036 5016 1158 5072 qua:
1197 5018 1344 5059 nunc
1376 5002 1605 5069 allirmo,
1639 5019 1750 5059 non
1787 5003 1974 5075 gloriae
2015 5002 2085 5058 ab

513 5094 831 5152 hominibus
861 5096 1118 5169 parandae
1147 5098 1323 5169 gratia
1359 5098 1490 5153 dici.
1527 5096 1655 5154 Haec
1687 5114 1852 5169 porro
1886 5099 1983 5164 ait,
2017 5114 2084 5154 eo

512 5186 660 5258 quod
689 5187 979 5259 pristinam
1034 5204 1190 5245 suam
1238 5191 1457 5246 vivendi
1518 5194 1789 5248 rationem
1848 5191 2085 5248 subinde

514 5288 843 5335 narraturus
896 5289 1035 5337 erat.
1086 5281 1165 5339 Nc
1211 5299 1344 5354 ergo
1394 5293 1681 5356 putarent,
1714 5285 1819 5340 hoc
1853 5302 1977 5342 eum
2006 5286 2088 5340 fa-

2194 4638 2466 4694 Ἰουδαίων
2509 4638 2677 4710 ἢμην,
2731 4636 2827 4690 καὶ
2869 4634 2969 4706 τὴν
3004 4632 3336 4705 Ἐκκλησίαν
3379 4631 3668 4705 ἐπόρθουν.
3693 4633 3752 4686 Et

2182 4734 2237 4787 δὲ
2268 4731 2452 4793 ἔθνους
2477 4730 2774 4800 ὁλοκλήρου
2806 4730 2900 4784 καὶ
2959 4726 3238 4799 συγγενῶν
3289 4727 3383 4782 καὶ
3424 4725 3583 4799 δόξης
3627 4743 3754 4782 κατ-

2187 4827 2490 4898 εφρόνησα,
2525 4824 2621 4879 καὶ
2666 4820 3087 4894 ἀντηλλαξάμην
3111 4822 3409 4891 διωγμοὺς,
3449 4821 3545 4875 καὶ
3598 4820 3754 4874 πολέ-

2189 4938 2343 4993 μους,
2379 4918 2472 4972 zz“.
2504 4917 2773 4979 θανάτους
2800 4914 3231 4987 καθημερινοὺς.
3271 4912 3495 4985 εὔδηλον
3534 4912 3619 4967 ὅτι
3665 4913 3758 4967 καὶ

2184 5013 2358 5070 ταῦτα
2384 5011 2419 5067 ἀ
2447 5011 2591 5080 λέγω
2618 5009 2736 5074 νῦν,
2766 5010 2826 5063 οὐ
2862 5008 2961 5079 τῆς
2982 5008 3091 5063 τῶν
3122 5006 3431 5080 ἀνθρώπων
3470 5007 3760 5080 ἐφιέμενος

2186 5108 2341 5179 δόξης
2394 5106 2560 5177 λέγω.
2619 5104 2792 5159 Τοῦτο
2809 5103 2869 5159 δὲ
2896 5103 3143 5176 εἴρηκεν,
3197 5102 3385 5175 ἐπειδὴ
3432 5100 3619 5175 μέλλει
3670 5104 3762 5158 καὶ

2188 5200 2279 5257 τὸν
2334 5199 2599 5273 πρότερον
2654 5196 2820 5253 αὐτοῦ
2869 5196 3176 5269 διηγεῖσθαι
3207 5194 3342 5269 βίον.
3377 5197 3495 5251 Ἵνα
3542 5192 3638 5250 οὖν
3689 5196 3762 5271 μὴ

2188 5295 2507 5367 νομίσωσιν,
2535 5291 2620 5344 ὅτι
2651 5289 2836 5354 αὐτοῖς
2875 5287 3322 5363 ἀπολογούμενος
3376 5284 3540 5342 τοῦτο
3591 5288 3760 5351 ποιεῖ,

516 5391 642 5431 cere
670 5383 732 5430 ut
762 5390 822 5431 se
850 5373 1132 5443 defendat,
1169 5388 1332 5450 atque
1364 5378 1491 5436 inde
1544 5381 1915 5452 superbirent,
1966 5382 2068 5437 idet

2192 5391 2285 5445 καὶ
2317 5385 2655 5459 ὲπαρθῶσιν,
2695 5384 2783 5439 διὰ
2816 5382 2976 5439 τοῦτό
3001 5400 3188 5455 φησιν·
3209 5385 3379 5453 Ἀρτι
3403 5382 3512 5453 τάρ
3540 5378 3763 5450 ἀνθρώ·

518 5469 663 5525 dixit
700 5487 715 5524 :
751 5467 935 5525 Adhuc
964 5471 1104 5525 enim
1131 5471 1428 5527 hominibus
1468 5477 1685 5528 suadeo.

585 5585 630 5616 "
652 5587 775 5644 Act.
804 5602 877 5652 Iv,
906 5586 993 5643 12.

2193 5499 2342 5545 nove
2376 5477 2577 5532 πείθω.

1835 5684 2073 5745 VARUS
2104 5688 2510 5747 LEC'HONES.

516 5778 685 5845 perit.
733 5778 997 5860 galerum
1018 5781 1343 5860 Damasceni
1371 5795 1569 5838 sensus
1602 5784 1673 5860 ita
1705 5783 1954 5841 redditur
1990 5786 2131 5857 apud
2162 5785 2585 5855 (Ecumcnium,
2619 5795 2678 5843 ut
2710 5788 2967 5844 saeculum
3000 5800 3232 5859 nequam
3272 5782 3416 5844 idem
3447 5800 3669 5860 quoque
3698 5786 3773 5841 sit

530 5860 690 5921 atque
732 5851 1101 5924 διεφθαρμένη
1138 5852 1271 5924 ζωὴ,
1304 5864 1553 5921 corrupta
1589 5859 1716 5910 vita.
