4038 6284
260 357 357 428 ’181

1421 353 1504 415 ΙΝ
1542 350 1787 413 ΕΡΙΞΤ.
1824 351 1922 410 AD
1963 348 2318 411 GALATAS.

3396 344 3500 411 782

330 493 351 528 ι
390 470 523 528 Οὐδὲ
550 470 660 542 γὰρ
703 470 815 542 ἐγὼ
859 467 987 541 παρ’
1038 464 1327 538 ἀνθρώπου
1390 460 1697 534 παρέλαϐον
1732 459 1862 525 αὐτ

1998 457 2165 516 Vens.
2218 456 2307 511 l2.
2343 477 2361 509 ι
2402 454 2590 529 Neque
2637 458 2783 515 enim
2810 472 2912 528 ego
2953 457 3024 512 ab
3062 456 3286 514 homine
3314 459 3500 526 accepi

263 568 335 632 τὸ,
367 565 485 620 οὐδὲ
529 564 810 638 ἐδιδάχθην
839 579 855 595 ⁸
914 559 1056 617 ἀλλά
1093 560 1163 616 δι’
1202 554 1601 625 άποκαλθψεως
1653 551 1827 624 Ἰησοῦ

1964 552 2089 621 .lud,
2148 565 2329 623 neque
2380 549 2589 620 didici;
2644 551 2740 608 sed
2789 566 2887 624 per
2942 550 3333 607 revelationem
3370 550 3500 607 Jesu

259 659 511 733 Χριστοῦ.
545 677 565 712 ι

331 756 471 826 Ὅρα
515 753 634 819 πῶς
673 752 786 807 ἄνω
821 752 917 807 καὶ
973 750 1124 805 κάτω
1171 744 1570 818 διισχυρίζεται
1592 782 1607 804 .
1636 740 1712 805 ὼς
1736 736 1830 793 τοῦ

260 846 394 902 Θεοῦ
434 846 626 918 γέγονε
684 843 956 918 μαθητὴς,
1005 841 1095 898 διά
1136 841 1200 895 τὸ
1229 840 1361 906 τοὺς
1418 832 1831 906 ἀναγκάζοντας

260 938 683 1012 περιτέμνεσθαι
743 936 1014 1006 Γαλάτας,
1069 934 1251 1006 λέγειν
1275 948 1290 964 °
1317 931 1393 997 ὡς
1446 931 1645 986 ἐκεῖνοι
1668 928 1717 981 oi
1739 923 1834 981 τοῦ

263 1032 503 1105 Χριστοῦ
540 1030 825 1104 γεγονότες
873 1028 1137 1103 μαθηταὶ,
1194 1026 1403 1100 Πέτρος
1453 1023 1548 1082 xui
1582 1018 1837 1084 Ἰάκωϐος

261 1127 355 1179 aut
394 1126 667 1199 Ἰωάννης,
692 1122 825 1179 έῶσι
860 1123 960 1195 τὴν
1024 1118 1349 1193 περιτομὴν.
1402 1111 1631 1178 οὗτοςδὲ
1665 1111 1839 1186 μαθη-

259 1217 369 1272 τῶν
388 1219 505 1271 ἐστι
519 1215 786 1290 μαθητὴς,
829 1216 925 1270 καὶ
952 1214 1014 1268 οὐ
1044 1213 1125 1267 δεῖ
1154 1211 1387 1275 ἐκείνοις
1416 1206 1617 1279 μᾶλλον
1645 1204 1680 1275 ἢ
1715 1202 1841 1258 τού-

259 1326 341 1383 τῳ
372 1310 663 1382 προσέχειν
684 1325 702 1376 ;
812 1334 816 1338 Α

337 1416 361 1452 ι
406 1399 707 1455 Ἠκούσατε
734 1398 844 1470 γὰρ
892 1397 990 1470 τὴν
1043 1396 1185 1470 ἐμὴν
1223 1393 1573 1465 ἀναστροφήν
1612 1404 1742 1443 ποτε
1785 1390 1845 1441 ἐν

266 1492 344 1563 τῷ
383 1490 722 1564 Ἰουδαϊσμῷ,
746 1491 830 1545 ὅτι
856 1488 977 1545 καθ’
1000 1485 1310 1562 ὑπερϐολὴν
1337 1483 1559 1539 ὲδίωκον
1596 1482 1695 1555 τὴν
1724 1481 1843 1535 Ἑκ-

269 1584 498 1657 κλησίαν
524 1583 617 1639 τοῦ
648 1584 822 1652 Θεοῦ,
876 1584 970 1639 καὶ
1025 1582 1293 1654 ἐπόρθουν
1337 1579 1543 1651 αὐτὴν,
1586 1576 1682 1631 καὶ
1720 1590 1847 1647 προ-

270 1676 500 1730 έκοπτον
526 1677 585 1729 ἐν
608 1675 684 1748 τῷ
699 1674 1018 1747 Ἰουδαϊσμῷ
1045 1673 1182 1743 ὑπὲρ
1212 1669 1440 1735 πολλοὺς
1456 1665 1849 1741 συνηλικιώτας

1929 646 2158 704 Christi.
2187 664 2208 701 ι

2007 738 2141 797 Vide
2170 756 2287 812 quo
2322 750 2481 812 pacto
2514 750 2737 795 sursum
2762 736 3024 792 deorsum
3060 732 3295 789 amrmat
3323 733 3416 790 Dei
3447 750 3508 791 se

1937 831 2110 891 fuisse
2164 833 2534 906 discipulum;
2579 838 2867 903 propterea
2931 829 3078 899 quod
3136 829 3230 899 qui
3289 826 3509 885 Galatas

1938 934 2199 1000 cogerent
2230 926 2588 994 circumcidi,
2621 924 2727 981 hoc
2775 919 3097 979 dictitarent
3132 940 3143 975 :
3188 920 3272 976 Illi
3302 922 3395 993 qui
3421 921 3508 978 di-

1939 1020 2142 1092 scipuli
2190 1018 2397 1077 Christi
2449 1017 2641 1082 luere.
2685 1017 2886 1074 Petrus
2932 1015 3224 1083 videlicet,
3272 1013 3512 1072 Jacohus

1939 1122 1988 1168 et
2020 1110 2285 1180 Joannes,
2325 1111 2817 1168 circumeisionem
2871 1109 3241 1181 permittunt;
3302 1108 3348 1164 is
3382 1123 3516 1165 vero

1942 1204 2345 1275 discipulorum
2394 1204 2702 1275 discipulus
2736 1201 2995 1270 exsistit;
3037 1216 3219 1255 annon
3264 1215 3397 1271 ergo
3427 1216 3516 1256 sa-

1944 1300 2058 1355 tius
2093 1307 2180 1356 est
2209 1298 2344 1362 illis.
2384 1312 2552 1369 quam
2589 1296 2706 1363 isti,
2741 1311 2950 1351 morem
2978 1295 3212 1366 gerere?

2017 1391 2186 1450 Vens.
2243 1392 2434 1451 13-15.
2478 1410 2499 1445 ι
2538 1391 2790 1447 Audistis
2836 1391 2982 1446 enim
3033 1388 3515 1444 conversationem

1947 1499 2126 1539 meam
2184 1483 2483 1554 aliquando
2534 1484 2588 1538 in
2637 1481 2974 1549 Judaismo;
3027 1483 3287 1553 quoniam
3352 1495 3519 1552 supra

1949 1576 2172 1632 modum
2213 1577 2583 1650 persequebar
2631 1574 2937 1633 Ecclesiam
2977 1574 3093 1640 Dei,
3147 1584 3202 1632 et
3232 1589 3516 1645 expugna-

1950 1671 2076 1726 ham
2106 1670 2280 1738 illam,
2311 1679 2363 1726 et
2389 1669 2747 1741 proﬁciebam
2782 1670 2836 1724 in
2862 1667 3149 1724 .ludaismo
3186 1683 3352 1738 supra
3382 1668 3523 1723 mul-

272 1770 332 1821 ἐν
363 1768 440 1841 τῷ
462 1768 609 1839 γένει
649 1785 774 1840 μου,
810 1767 1216 1840 περισσοτέρως
1279 1762 1529 1835 ζηλωτὴς
1585 1761 1850 1833 ὑπάρχων

1964 1771 2039 1820 tos
2071 1772 2380 1820 coaetanens
2428 1778 2580 1820 meos
2619 1763 2673 1819 in
2712 1778 2910 1835 genere
2960 1777 3107 1830 meo,
3144 1762 3523 1819 abundantius

271 1861 381 1915 τῶν
409 1859 693 1934 πατρικῶν
741 1877 847 1931 μου
891 1858 1265 1933 παραδόσεων.
1293 1855 1425 1910 Ὅτε
1463 1856 1521 1911 δὲ
1555 1854 1850 1927 εὐδόκησεν

271 1957 303 2009 ὁ
329 1954 484 2019 Θεός.
516 1972 535 2007 ι

353 2048 514 2104 Ἐστι
562 2048 660 2121 μὲν
700 2047 760 2102 τδ
796 2046 1348 2119 κατασκευαζόμενον
1394 2046 1518 2102 δλον
1579 2044 1854 2111 ἀπόδειξις

272 2139 370 2193 τοῦ
402 2140 479 2213 μὴ
523 2138 654 2212 παρ’
696 2137 1012 2210 ἀνθρώπου,
1061 2136 1401 2209 παραλαϐεῖν
1457 2134 1623 2191 αὐτὸν
1665 2134 1729 2190 τὸ
1753 2153 1856 2208 μυ-

276 2232 522 2306 στήριον.
558 2232 623 2286 Ἦ
650 2231 760 2304 γὰρ
820 2230 1059 2302 τοσαύτη
1108 2229 1324 2303 ἀθρόως
1351 2227 1630 2300 γενομένη
1690 2244 1857 2298 μεταο

275 2326 411 2400 σολη
467 2326 569 2381 οὐκ
618 2328 685 2382 ἂν
710 2324 779 2380 δι’
821 2324 1110 2399 ἀνθρώπου
1138 2321 1172 2401 ᾗ
1202 2324 1427 2379 δυνατὸν
1484 2320 1752 2395 γίνεσθαι.
1792 2321 1857 2375 Ἦ

277 2421 387 2495 γὰρ
403 2420 466 2488 εξ
492 2419 798 2495 ἀνθρώπων
819 2419 1139 2475 διδασκαλία
1168 2420 1288 2474 κατ’
1341 2416 1528 2487 ὀλίγον
1577 2415 1697 2471 ἐστὶ
1718 2431 1855 2488 προ-

277 2516 580 2572 κόπτουσα.
638 2514 794 2586 Ἔχει
837 2514 896 2569 δὲ
940 2513 1035 2569 καὶ
1088 2512 1257 2585 ἄλλην
1312 2510 1436 2567 τινὰ
1487 2508 1861 2566 λανθάνουσαν

279 2607 655 2678 κατασκευήν.
692 2605 910 2679 Ἥρέμα
948 2604 1060 2677 γὰρ
1097 2604 1295 2669 αὐτοὺς
1317 2602 1556 2661 διδάσκει
1586 2600 1663 2676 μὴ
1685 2600 1861 2673 πράσ-

285 2716 401 2754 σειν
421 2701 489 2755 τέι
516 2699 719 2773 νομικά
741 2715 757 2732 ·
793 2698 843 2753 εί
880 2697 991 2770 γὰρ
1015 2700 1047 2753 ὁ
1081 2695 1377 2769 τοσαύτην,
1432 2695 1589 2768 φησί,
1626 2692 1862 2766 σπουδὴν

283 2793 345 2847 ὲν
362 2791 440 2864 τῷ
468 2793 618 2864 νόμῳ
660 2790 1057 2864 ἐνδειξάμενος,
1099 2790 1170 2845 τὰ
1200 2788 1295 2845 τοῦ
1350 2788 1517 2861 νόμου
1551 2788 1732 2859 ἀφεὶς,
1770 2786 1863 2842 ἐπὶ

281 2886 384 2959 τὴν
413 2886 481 2940 ὲκ
508 2885 747 2950 πίστεως
775 2879 909 2959 ἦλθε
954 2884 1252 2955 σωτηρίαν,
1290 2880 1512 2955 εῦδηλον
1541 2879 1618 2945 ὡς
1642 2877 1864 2939 τελειῷο

284 2996 378 3034 σαι
421 2979 515 3033 τὸν
556 2978 723 3051 νόμον
771 2977 851 3053 μὴ
884 2977 1189 3050 δυνηθέντα
1236 2976 1621 3032 καταλέλοιπε.
1676 2971 1865 3053 Πολλῷ

283 3065 380 3125 οὖν
437 3044 639 3141 μᾶλλον
684 3069 739 3124 οἱ
771 3044 860 3143 ⁷τῇ
919 3044 1102 3123 πίστει
1150 3065 1722 3142 προσδεδραμηκότες,

284 3160 563 3231 ὀφείλουσι
590 3159 807 3218 διώκειν
822 3159 912 3217 τὸν
937 3157 1014 3233 μὴ
1032 3159 1333 3233 δυνάμενον
1367 3157 1631 3215 τελειοῦν.

371 3460 391 3495 ι
442 3442 505 3497 '0
537 3440 807 3514 ἀφορίσας
853 3458 924 3514 με
950 3442 1014 3496 ὲκ
1048 3441 1256 3505 κοιλίας
1317 3441 1528 3516 μητρός
1587 3457 1713 3515 μον,
1773 3441 1869 3496 καὶ

292 3535 533 3601 καλέσας
573 3535 663 3590 διὰ
723 3535 950 3609 χάριτος
985 3534 1149 3589 αὐτοῦ
1205 3534 1556 3607 ἀποκαλύψαι
1601 3535 1695 3588 τὸν
1742 3534 1871 3589 Υἱὸν

291 3627 465 3687 αὐτοῦ
501 3628 561 3682 έν
588 3629 742 3702 ⁸ἐμοὶ,
801 3628 888 3683 ἵνα
949 3627 1390 3700 εὐαγγελίζωμαι
1456 3628 1618 3683 αὑτὸν
1658 3628 1717 3685 ὲν
1756 3629 1871 3693 τοῖς

294 3723 529 3780 ἔθνεσιν.
556 3741 577 3775 ι
1584 3793 1589 3798 '

368 3815 433 3870 Ei
449 3817 515 3869 ὲκ
535 3813 745 3878 κοιλίας
766 3811 970 3888 ἐκλήθη
994 3813 1219 3887 μητρὸς,
1243 3816 1323 3879 είς
1340 3815 1440 3887 τὴν
1456 3813 1764 3887 ἀποστολὴν
1779 3816 1875 3888 δη·-

295 3908 499 3975 λονότι,
546 3907 662 3974 πῶς
724 3906 959 3979 διώκτης
994 3907 1211 3977 ἐγένετο
1230 3923 1245 3974 ;
1277 3906 1449 3962 Τοῦτο
1496 3905 1553 3961 δὲ
1576 3906 1638 3961 τὸ
1671 3907 1874 3982 άπορον

296 4001 465 4067 αὐτὸς
483 4002 541 4058 ὲν
571 4000 742 4074 ἑτέρῳ
770 4000 962 4055 ἔλυσεν
989 4000 1158 4072 τόπῳ,
1187 3997 1357 4055 εἰπών
1385 4017 1401 4034 ·
1441 4018 1462 4052 ι
1505 3998 1622 4054 Ἵνα
1664 4002 1724 4054 ὲν
1751 4003 1877 4074 ἐμοὶ

297 4093 517 4169 πρῶτον
570 4093 871 4167 ένδείξηται
900 4094 1137 4166 Χριστὸς
1182 4092 1283 4166 τὴν
1311 4092 1532 4149 ἃπασαν
1588 4096 1869 4168 μακροθυ-

301 4188 435 4261 μίαν
454 4185 641 4252 αὐτοῦ,
662 4188 744 4251 είς
771 4180 1122 4241 ὑποτύπωσιν
1138 4184 1247 4240 τῶν
1268 4184 1572 4257 μελλόντων
1598 4187 1876 4244 πιστεύειν

298 4281 386 4333 ἐπ’
409 4278 559 4353 αὐτῷ
587 4280 669 4343 είς
699 4278 847 4350 ζωὴν
878 4278 1119 4334 αίῶνιον.

377 4390 397 4423 ι
434 4370 653 4437 Εὐθέως
709 4371 775 4425 οὐ
825 4370 1209 4445 προανεθέμην
1266 4371 1434 4443 σαρκὶ
1494 4372 1590 4427 καὶ
1642 4372 1871 4445 αἵματι,

296 4466 422 4522 οὐδὲ
449 4466 681 4538 ἀνῆλθον
711 4468 794 4532 είς
835 4464 1196 4540 Ἰερουσαλὴμ
1244 4467 1379 4537 πρὸς
1429 4468 1557 4532 τοὺς
1597 4468 1705 4542 πρὸ
1738 4468 1873 4540 ἐμοῦ

1950 1857 2242 1915 aemulator
2268 1858 2547 1913 exsistens
2582 1865 2941 1928 paternarum
2987 1870 3235 1910 mearum
3267 1855 3523 1911 traditio-

1953 1968 2104 2009 num.
2138 1952 2275 2007 Cum
2304 1935 2485 2007 autem
2516 1950 2850 2022 complacuit
2883 1950 3011 2005 Deo.
3044 1969 3061 2002 ι

2026 2046 2082 2103 Id
2110 2047 2254 2119 quod
2282 2047 2447 2103 modo
2471 2045 2768 2113 astruitur,
2796 2045 2958 2116 plane
2992 2045 3336 2101 demonstrat
3369 2044 3530 2117 159

1954 2157 2080 2199 eum
2116 2155 2228 2198 non
2258 2142 2328 2198 ab
2361 2140 2683 2197 hominibus
2713 2140 2996 2212 accepisse
3040 2139 3389 2212 mysterium.
3421 2138 3530 2193 Ta-

1956 2235 2027 2293 lis
2065 2234 2343 2308 siquidem
2395 2243 2659 2305 tantaque
2705 2234 2944 2291 mutatio
2988 2250 3112 2306 quae
3157 2233 3340 2291 subito
3384 2232 3530 2291 facta

1955 2336 2066 2395 est,
2106 2340 2454 2400 nequaquam
2488 2326 2558 2383 ab
2597 2324 2820 2381 homine
2867 2323 3010 2381 ellici
3041 2325 3305 2396 potuerit.
3340 2323 3534 2382 Homi-

1957 2434 2092 2477 num
2160 2419 2370 2493 quippe
2403 2418 2657 2475 doctrina
2702 2418 2966 2490 paulatim
3018 2418 3389 2491 progreditur.
3449 2418 3531 2474 Ad

1959 2515 2078 2573 haec
2102 2529 2202 2586 per
2230 2513 2338 2571 hoc
2383 2513 2666 2587 quidpiam
2707 2513 2860 2569 aliud
2907 2513 3133 2569 evincit.
3185 2513 3338 2571 Clam
3384 2515 3534 2571 enim

1960 2605 2202 2662 deterret
2232 2620 2262 2661 a
2317 2605 2589 2679 legalibus
2635 2606 2994 2677 prastandis.
3038 2605 3330 2662 Enimvero
3368 2607 3415 2663 si
3444 2608 3537 2663 ille

1962 2698 2057 2770 qui
2087 2706 2302 2756 tantum
2355 2697 2613 2756 ardorem
2654 2697 2896 2771 praetulit
2941 2697 3071 2752 dum
3110 2699 3215 2767 sui)
3250 2698 3367 2771 lege
3402 2713 3536 2770 age-

1963 2792 2079 2859 bat,
2110 2792 2363 2850 dimissis
2386 2791 2541 2865 legis
2555 2790 2797 2849 decretis
2832 2791 2903 2847 ad
2947 2792 3184 2849 salutem
3217 2791 3370 2850 venit
3414 2807 3538 2864 quae

1962 2886 2069 2945 ﬁde
2120 2885 2447 2959 acquiritur,
2502 2884 2864 2945 manifestum
2913 2894 2998 2942 est
3032 2886 3216 2959 ipsum
3256 2885 3361 2959 legi
3392 2902 3539 2943 nun-

1966 2980 2104 3036 tium
2142 2981 2451 3048 remisisse,
2507 2995 2609 3051 per
2662 2995 2830 3052 quam
2883 2979 3003 3036 ﬁeri
3050 2995 3165 3037 non
3233 2989 3451 3053 poterat
3483 2989 3541 3036 ut

1966 3070 2247 3145 perlectus
2273 3072 2556 3131 evaderet.
2606 3070 2798 3145 Longe
2844 3072 3016 3145 igitur
3047 3073 3250 3146 potiori
3277 3074 3406 3145 jure
3431 3089 3541 3130 non

1890 3199 1939 3261 α
1966 3166 2175 3261 debent
2228 3166 2305 3222 illi
2351 3165 2447 3238 qui
2495 3166 2587 3261 ad_
2614 3165 2777 3223 ﬁdem
2825 3174 3213 3261 accurrerunt,
3245 3176 3398 3223 tanto
3427 3175 3546 3223 stu-

1968 3257 2063 3317 dio
2120 3258 2273 3314 illam
2326 3256 2589 3329 persequi
2637 3271 2759 3328 quae
2809 3254 3206 3327 perfectionem
3237 3256 3547 3313 conciliare

1970 3365 2079 3407 non
2110 3350 2272 3405 valet.

2047 3462 2066 3496 ι
2097 3443 2202 3509 Qui
2252 3457 2339 3500 me
2382 3443 2690 3514 segregavit
2716 3458 2780 3500 ex
2833 3452 2989 3500 utero
3040 3443 3235 3501 matris
3279 3457 3446 3508 meat,
3490 3449 3548 3501 et

1970 3538 2185 3595 vocavit
2215 3552 2310 3609 per
2348 3537 2582 3609 gratiam
2615 3551 2794 3604 suam,
2825 3536 3018 3612 Heus.
3051 3536 3139 3611 16]
3184 3538 3429 3595 revelare
3460 3534 3549 3593 Fi.

1972 3634 2107 3689 lium
2149 3646 2311 3689 suum
2352 3632 2408 3687 in
2436 3646 2543 3698 me,
2577 3640 2634 3688 ut
2673 3632 3106 3705 evangelizarem
3132 3633 3284 3689 illum
3329 3633 3386 3689 in
3415 3647 3550 3705 gena

1973 3727 2142 3785 tibus.
2180 3745 2199 3779 ι

2048 3818 2105 3875 Si
2148 3835 2215 3876 ex
2245 3827 2403 3877 utero
2438 3828 2667 3876 vocatus
2695 3827 2779 3875 est
2811 3818 3026 3886 matris,
3068 3816 3138 3873 ad
3188 3816 3550 3888 apostolatum

1976 3922 2128 3986 puta,
2158 3914 2381 3985 quinam
2419 3912 2522 3969 fuit
2557 3913 2911 3986 persecutor?
2939 3911 3173 3969 Dubium
3199 3912 3304 3969 hoc
3345 3913 3400 3967 in
3443 3912 3553 3966 alio

1978 4006 2101 4062 loco
2123 4006 2306 4071 solvit,
2352 4004 2481 4061 dum
2516 4005 2617 4071 ait,
2665 4014 2723 4059 ut
2753 4005 2809 4060 in
2855 4018 2941 4061 me
2980 4004 3216 4076 primum
3242 4002 3555 4060 ostenderet

1973 4097 2230 4153 Christus
2261 4112 2475 4154 omnem
2522 4098 2839 4167 patientiam
2892 4111 3073 4165 suam,
3104 4096 3172 4152 ad
3212 4094 3555 4153 informatio-

1975 4207 2097 4247 nem
2125 4205 2315 4247 eorum
2357 4190 2453 4263 qui
2484 4189 2539 4244 in
2580 4188 2758 4261 ipsum
2786 4189 3053 4245 credituri
3098 4198 3255 4244 erant
3290 4188 3361 4243 ad
3387 4187 3552 4244 vitam

1975 4294 2232 4341 aeternam
2247 4284 2317 4339 ⁸³.

2054 4395 2071 4428 ι
2112 4373 2390 4431 Continuo
2446 4390 2556 4431 non
2617 4374 2867 4447 acquievi
2928 4373 3083 4429 carni
3143 4381 3199 4429 et
3259 4371 3551 4443 sanguini,

1976 4464 2170 4542 ﬂens.
2205 4465 2295 4539 Π]
2333 4482 2513 4539 neque
2544 4466 2665 4523 veni
2696 4465 3133 4537 Hierosolymam
3152 4463 3216 4518 ad
3234 4472 3555 4521 antecesso-

299 4559 657 4632 ἀποστόλους,
690 4561 823 4618 ἀλλὰ
850 4560 1094 4633 ἀπῆλθον
1123 4562 1203 4625 είς
1249 4560 1528 4634 Ἀραϐίαν,
1569 4565 1662 4617 καὶ
1713 4566 1862 4623 πάλιν

1984 4578 2073 4618 res
2110 4575 2259 4618 meos
2288 4561 2589 4633 apostolos,
2621 4560 2718 4616 sed
2746 4559 2853 4616 abii
2884 4560 2940 4615 in
2964 4559 3243 4623 Arabiam,
3268 4567 3323 4615 et
3356 4559 3556 4615 lterum

301 4653 616 4726 ἐπέστρεψα
640 4655 718 4718 είς
750 4655 1059 4725 Δαμασκόν.
1089 4676 1109 4710 ›

374 4746 544 4803 Πάλιν
610 4748 1135 4815 κατασκευαστικὸν,
1176 4748 1237 4803 τὸ
1275 4750 1349 4821 μὴ
1404 4748 1535 4822 παρ’
1574 4749 1879 4823 ἀνθρώπων

299 4842 468 4897 αὐτὸν
500 4842 600 4915 τὴν
630 4842 759 4915 περὶ
787 4840 1030 4913 Χριστοῦ
1061 4840 1415 4896 διδασκαλίαν
1443 4840 1723 4905 δέξασθαι.
1756 4842 1880 4907 Πῶς

306 4934 419 5007 γὰρ
442 4935 538 4989 καὶ
573 4932 799 5007 ἔμελλεν
828 4931 1137 5004 ἀνθρώποις
1164 4930 1489 4999 ἀναθέσθαι,
1526 4933 1555 4985 ὁ
1579 4935 1678 5001 τῆς
1738 4933 1881 4988 ἄνω.

305 5033 402 5089 θεν
426 5030 772 5093 διδασκαλίας
795 5028 1095 5099 ἠξιωμένος
1115 5044 1132 5095 ;

387 5143 408 5177 ι
438 5123 670 5178 Ἔπειτα
694 5121 833 5194 μετά
853 5120 979 5193 τρία
1011 5119 1109 5192 ἐτη
1137 5118 1366 5191 ἀνῆλθον
1397 5120 1477 5185 είς
1510 5118 1876 5192 Ἱεροσόλυμα,

308 5212 595 5289 ίστορῆσαι
629 5214 862 5287 Πέτρον,
888 5212 985 5267 καὶ
1021 5211 1289 5285 ἐπέμεινα
1344 5211 1482 5285 πρὸς
1526 5211 1687 5267 αὑτὸν
1746 5212 1881 5284 ἠμέ-

307 5325 415 5385 ρας
461 5307 597 5363 δέκα
640 5306 737 5362 καὶ
800 5309 961 5361 πέντε
991 5321 1008 5339 ’
1075 5305 1262 5378 ἕτερον
1302 5303 1363 5361 δὲ
1400 5304 1513 5359 τῶν
1569 5302 1884 5360 ἀποστόλων

308 5408 412 5463 οὐκ
442 5400 601 5469 εἶδον,
628 5404 679 5458 εί
712 5401 789 5476 μὴ
817 5400 1073 5458 Ἰάκωϐον
1112 5401 1207 5457 τὸν
1259 5400 1493 5472 ἀδελφὸν
1522 5398 1619 5455 τοῦ
1651 5399 1882 5471 κυρίου.

314 5500 383 5552 Ἃ
406 5494 465 5550 δίι
487 5494 686 5567 γράφω
737 5495 885 5566 ὑμῖν,
938 5492 1049 5549 ἰδοὺ
1095 5491 1327 5549 ἐνώπιον
1379 5490 1475 5546 τοῦ
1527 5490 1686 5557 Θεοῦ,
1716 5492 1798 5547 ὅτι
1818 5491 1878 5543 ού

302 5587 597 5663 ψεύδομαι.
627 5586 860 5641 Ἔπειτα
912 5580 1080 5659 ἦλθον
1131 5586 1213 5647 είς
1242 5583 1313 5639 τὰ
1345 5582 1589 5655 κλίματα
1627 5583 1729 5655 τῆς
1780 5583 1881 5636 Συ-

309 5684 436 5759 ρίας
470 5680 571 5735 καὶ
612 5679 716 5745 τῆς
772 5678 1049 5745 Κιλικίας.
1080 5679 1269 5752 Ἥμην
1303 5677 1359 5733 δὲ
1396 5677 1760 5750 ἀγνοούμενος
1802 5676 1882 5751 τῷ

370 5862 459 5919 “l
487 5860 629 5918 Tim.
655 5872 695 5928 ε,
719 5858 812 5919 ι-ίι.

1982 4654 2373 4713 τονοῐειιεέιιηι
2397 4654 2745 4710 Damascum.
2785 4671 2807 4706 ι

2026 4730 2381 4818 ’ϐοιιιριιοὺει
2415 4747 2636 4810 iterum,
2678 4744 3098 4815 haudquaquam
3148 4744 3215 4801 ab
3248 4742 3560 4803 hominibus

1980 4842 2286 4899 doctrinam
2340 4840 2544 4897 Christi
2586 4855 2645 4897 se
2693 4839 2995 4912 accepisse.
3056 4837 3176 4905 Quo
3222 4848 3380 4909 pacto
3414 4841 3560 4896 enim

1982 4937 2230 4992 futurum
2269 4942 2385 4990 erat
2418 4945 2475 4989 ut
2524 4950 2583 4991 se
2616 4934 2735 5005 ipse
2786 4932 3101 4989 hominibus
3134 4932 3434 5003 addiceret,
3466 4934 3560 5006 qui

1983 5043 2217 5100 superna
2253 5027 2484 5083 scientia
2509 5025 2767 5099 dignatus
2796 5034 3131 5097 ornatusque
3155 5025 3369 5082 fuerat?

2056 5119 2223 5177 Vens.
2261 5118 2449 5175 ιε-ει.
2489 5136 2509 5170 ι
2546 5118 2754 5175 Deinde
2785 5126 2909 5190 post
2937 5127 3050 5176 tres
3078 5135 3252 5175 annos
3273 5119 3396 5175 veni
3433 5118 3561 5175 Hie-

1981 5213 2317 5285 rosolymam
2364 5210 2550 5267 videre
2597 5208 2856 5277 Petrum,
2910 5219 2967 5265 et
3024 5212 3198 5266 mansi
3258 5210 3402 5281 apud
3438 5226 3563 5266 eum

1983 5307 2179 5365 diebus
2216 5303 2530 5377 quindecim
2574 5321 2592 5359 :
2640 5303 2807 5358 alium
2837 5312 3021 5360 autem
3050 5305 3422 5375 apostolorum
3456 5305 3564 5361 vidi

1987 5401 2287 5465 neminem,
2319 5398 2425 5454 nisi
2454 5396 2717 5453 Jacobum
2749 5395 2972 5453 fratrem
3024 5397 3262 5455 Domini.
3297 5396 3431 5465 Quae
3465 5415 3567 5454 au-

1987 5499 2098 5547 tem
2133 5490 2315 5547 scribo
2353 5489 2533 5555 vobis,
2564 5503 2693 5545 ecce
2724 5503 2908 5544 coram
2942 5487 3074 5554 Deo,
3104 5490 3233 5558 quia
3271 5504 3382 5544 non
3411 5504 3566 5543 men-

1990 5586 2118 5641 tior.
2148 5584 2352 5640 Deinde
2384 5583 2505 5640 veni
2538 5583 2593 5638 in
2623 5593 2806 5654 partes
2835 5582 3009 5653 Syriae
3039 5590 3093 5639 et
3132 5580 3360 5638 Ciliciae.
3406 5582 3567 5637 Eram

1992 5686 2173 5733 autem
2204 5677 2422 5759 ignotus
2457 5675 2597 5731 facie
2628 5674 2889 5732 Ecclesiis
2920 5672 3145 5742 Iudaeae,
3174 5690 3296 5746 qua:
3327 5684 3486 5732 erant
3514 5677 3569 5732 in
