4048 6290
538 306 642 375 787

1739 331 1801 389 S.
1841 328 2160 392 JOANNIS
2198 332 2627 399 DAMASCENI

3692 349 3799 415 788

539 438 602 478 se
631 420 829 478 abillis
860 423 1191 496 quibuscum
1221 436 1351 485 ante
1382 432 1722 490 versabatur.
1749 435 1953 493 Verum
1977 437 2103 494 Pani

2219 438 2435 518 πρώην.
2483 447 2649 503 Ἀλλὰ
2675 449 2945 524 πεποίηκέ
2975 468 3096 508 τινα
3123 452 3439 526 οἰκονομίαν
3469 456 3588 526 μετ’
3632 460 3798 514 αὐτοῦ

539 517 626 571 lus
659 515 1072 587 dispensatione
1116 521 1355 590 quadam
1409 539 1534 581 cum
1595 542 1662 584 eo
1719 545 1855 586 usus
1899 539 2002 598 est,
2059 541 2118 586 ut

533 605 716 678 ipsum
744 623 928 665 coram
958 610 1215 669 omnibus
1263 616 1714 688 reprehenderet,
1741 621 1891 693 quod
1923 632 2116 694 gentes

535 709 757 773 cogeret
803 701 1124 773 judaizare;
1171 708 1247 761 uti
1281 708 1546 780 magistro
1583 712 1699 769 haec
1747 716 2029 783 audiente,
2060 725 2117 775 et

536 800 774 860 tacente.
805 797 926 866 ejus
960 797 1344 870 objurgatione
1371 802 1446 858 illi
1475 803 1830 875 docerentur,
1853 806 2115 866 Iudaicos

534 887 676 944 ritus
706 904 817 945 non
864 905 986 949 esse
1017 892 1337 951 servandos.
1389 897 1589 954 Totum
1621 915 1788 970 porro
1833 903 2112 976 negotium

534 976 642 1033 hoc
684 994 836 1036 mera
887 981 1228 1053 dispensatio
1296 995 1434 1054 erat,
1492 997 1728 1063 utroque
1781 995 2114 1051 eonnivente

534 1079 760 1143 propter
811 1074 1208 1147 discipulorum
1272 1081 1589 1139 utilitatem.
1643 1085 1939 1155 Quocirca,
1999 1090 2117 1147 sive

530 1162 756 1220 Petrum
809 1166 1102 1225 simulasse
1133 1169 1302 1239 dicat,
1337 1173 1452 1230 sive
1485 1191 1592 1232 non
1625 1187 1776 1236 recte
1820 1181 2118 1240 incessisse

533 1257 602 1310 ad
633 1257 937 1324 veritatem,
997 1263 1324 1321 necessariae
1372 1263 1772 1339 dispensationi
1817 1286 1982 1330 voces
2013 1273 2113 1330 has

529 1350 686 1419 juvat
714 1351 1011 1410 ascribere.

612 1459 633 1494 ι
674 1443 813 1509 Quia
846 1444 1297 1518 reprehensibilis
1344 1462 1484 1510 erat.
1531 1454 1724 1529 ﬁsus.
1771 1457 1887 1533 12.]
1949 1458 2113 1519 Prius

528 1539 676 1593 enim
705 1555 868 1610 quam
898 1543 1148 1601 venirent
1177 1547 1399 1617 quidam
1430 1563 1462 1604 a
1505 1549 1733 1619 Iacobo,
1775 1568 1900 1609 cum
1931 1555 2111 1626 genti-

530 1630 636 1687 bus
662 1631 901 1689 edebat:
937 1649 1062 1690 cum
1103 1644 1289 1696 autem
1333 1641 1637 1714 venissent,
1671 1645 2031 1704 subtrahebat
2059 1658 2114 1706 et

528 1727 847 1799 segregabat
882 1743 958 1785 se.
989 1749 1010 1784 ι

602 1814 801 1890 Utique
862 1820 931 1878 ab
993 1821 1103 1880 illis
1181 1825 1273 1895 qui
1345 1825 1742 1900 Hierosolymis
1809 1830 2109 1888 descende-
2141 1802 2186 1861 Β

528 1919 676 1967 rant.

605 2024 624 2058 ι
663 2003 886 2064 Timens
916 2022 1012 2065 eos
1034 2007 1127 2080 qui
1159 2025 1225 2066 ex
1257 2009 1683 2070 circumcisione
1705 2023 1880 2070 erant.
1915 2034 1933 2068 ι

597 2095 868 2155 Nimirum
919 2116 989 2156 ne
1038 2101 1306 2172 praeberet
1361 2104 1442 2159 eis
1501 2105 1935 2176 od‘endiculum;
1998 2122 2106 2164 non

529 2198 707 2246 autem
743 2208 812 2248 ne
843 2192 976 2263 quid
1005 2194 1072 2250 ab
1102 2196 1236 2267 ipsis
1271 2204 1548 2268 pateretur
1577 2198 1728 2255 mali.

598 2283 763 2340 Vsus.
815 2286 903 2343 15.
968 2306 987 2340 ι
1035 2288 1101 2344 Ει
1138 2289 1473 2346 simulationi
1528 2293 1651 2362 ejus
1705 2306 2106 2354 consenserunt

529 2378 712 2431 caeteri
748 2374 958 2446 Juda-i;
999 2379 1072 2434 ita
1111 2389 1171 2434 ut
1201 2379 1486 2437 Barnabas
1531 2380 1827 2439 duceretur
1874 2400 1998 2441 cum
2025 2387 2108 2443 eis

531 2470 582 2522 in
612 2470 758 2524 illam
786 2470 1211 2528 simulationem.
1249 2492 1267 2525 ι

599 2562 1007 2620 Simulationem
1057 2566 1322 2632 nominat,
1376 2566 1815 2626 observationem
1858 2570 2016 2643 legis,
2045 2578 2107 2628 ut

529 2659 722 2713 doceat
749 2659 871 2716 illos
911 2659 978 2715 ab
1015 2674 1078 2714 ea
1106 2661 1387 2717 secedere.

599 2749 766 2805 Vens.
798 2751 885 2806 tt.
928 2771 946 2804 ι
984 2751 1090 2808 Sed
1126 2768 1250 2809 cum
1289 2751 1551 2811 vidissem
1601 2755 1748 2826 quod
1797 2771 1909 2813 non
1957 2762 2105 2814 recte

526 2846 873 2901 ambularent
930 2846 997 2901 ad
1052 2848 1332 2906 veritatem
1395 2850 1719 2923 Evangelii,
1778 2849 1892 2908 dixi
1939 2850 2106 2908 Petro

524 2950 711 2993 coram
741 2938 1013 2995 omnibus.
1037 2958 1056 2993 ι

596 3029 711 3087 Hoc
744 3040 846 3099 est,
872 3033 1019 3105 quod
1053 3049 1164 3090 non
1197 3048 1262 3090 ex
1291 3041 1407 3091 toto
1435 3034 1692 3092 traditam
1728 3036 1899 3108 legem
1939 3036 2103 3093 omit-

2217 535 2248 590 δ
2279 537 2512 606 Παῦλος,
2547 540 2858 615 ἔμπροσθεν
2890 545 3110 601 πάντων
3141 548 3476 620 ἐπιτιμήσας
3503 550 3674 622 αὐτῷ,
3713 552 3801 608 διὰ

2219 630 2280 683 τὸ
2307 627 2642 702 ἀναγκάζειν
2675 636 2985 703 ’ἰουδαΐζειν
3005 638 3072 693 τά
3099 637 3252 711 ἔθνη,
3271 639 3422 705 ὅπως
3440 639 3506 696 ἂν
3529 643 3625 697 τοῦ
3651 644 3798 699 διδα-

2220 722 2423 778 σκάλου
2451 725 2626 781 ταῦτα
2659 727 2950 795 ἀκούοντος
2979 733 3074 787 καὶ
3106 733 3440 800 σιωπῶντος,
3490 736 3688 791 ἐκεῖνοι
3711 737 3797 792 διὰ

2217 813 2319 883 τῆς
2342 813 2716 889 ἐπιτιμήσεως
2745 821 2913 877 αὐτοῦ
2939 822 3035 877 τοῦ
3066 823 3393 879 διδασκάλου
3439 825 3684 896 μάθωσιν
3721 829 3798 893 ὡς

2218 903 2277 957 οὐ
2319 905 2404 959 δεῖ
2450 909 2744 976 φυλάττειν
2784 911 2852 968 τὰ
2887 913 3152 968 Ἰουδαϊκὰ
3201 913 3322 987 ἔθη.
3371 917 3671 989 Οίκονομία
3739 918 3796 971 δὲ

2214 997 2338 1052 ὅλον
2378 997 2440 1052 τὸ
2479 1003 2715 1074 πρᾶγμα
2769 997 2870 1075 ἦν,
2904 1005 2969 1058 ἐκ
3006 1005 3278 1071 συνέσεως
3337 1006 3664 1080 ἀμφοτέρων
3710 1009 3796 1063 διὰ

2216 1091 2317 1163 τήν
2335 1090 2608 1162 ὠφέλειαν
2641 1093 2754 1150 τῶν
2789 1095 3070 1168 μαθητῶν,
3095 1096 3242 1152 ὥστε
3273 1098 3376 1153 κᾶν
3405 1098 3798 1172 ὑποκρίνεσθαι

2215 1181 2352 1258 λέγῃ
2375 1184 2467 1238 τὸν
2496 1185 2726 1259 Πέτρον,
2749 1188 2856 1243 κᾶν
2881 1189 2957 1262 μὴ
2977 1190 3292 1262 δρθοποδεῖν
3319 1191 3455 1264 πρὸς
3471 1192 3793 1264 ὠφέλειανι,

2214 1274 2281 1345 τῇ
2298 1273 2580 1347 οἰκονομίᾳ
2607 1277 2706 1348 τῆς
2735 1278 2950 1349 χρείας,
2977 1279 3079 1346 τὰς
3107 1281 3294 1351 φωνὰς
3317 1280 3690 1354 λογισώμεθα.

2294 1471 2314 1505 ι
2353 1451 2480 1508 Ὅτι
2534 1457 2987 1532 κατεγνωσμένος
3028 1454 3115 1532 ἦν.
3150 1459 3267 1533 Πρὸ
3315 1459 3411 1516 τοῦ
3448 1462 3561 1534 γὰρ
3617 1460 3792 1515 ἐλθεῖν

2213 1559 2369 1610 τινας
2397 1545 2507 1600 ἀπὸ
2541 1547 2827 1616 Ἰακώϐου,
2881 1553 3024 1623 μετὰ
3074 1553 3182 1607 τῶν
3216 1553 3445 1608 ἐθνικῶν
3484 1554 3788 1624 συνήσθιεν

2212 1639 2302 1695 ὅτε
2328 1640 2386 1696 δέ
2404 1637 2588 1713 ἦλθον,
2619 1643 2933 1712 ύπέστελλε,
2961 1648 3056 1702 καλ⁷
3078 1647 3354 1718 ἀφώριζεν
3380 1647 3590 1703 ἑαυτόν.
3624 1665 3644 1698 ι

2295 1821 2433 1876 Ὑπὸ
2489 1823 2599 1880 τῶν
2647 1825 3018 1885 κατελθόντων
3059 1827 3300 1903 δηλονότι
3340 1830 3451 1884 ἀπὸ
3489 1827 3786 1902 Ἰεροσολύ-

2213 1933 2353 1986 μων.

2288 2026 2308 2060 t
2338 2009 2680 2082 Φοϐούμενος
2711 2015 2837 2078 τοὺς
2859 2015 2923 2068 ἐκ
2955 2019 3278 2088 περιτομῆς.
3305 2036 3325 2069 ι

2280 2098 2372 2172 Μὴ
2400 2102 2727 2177 σκανδαλίσῃ
2760 2105 2978 2174 αὐτοὺς,
3010 2106 3276 2178 δηλονότι,
3307 2107 3383 2181 μή
3419 2123 3471 2162 τι
3498 2106 3650 2182 πάθῃ
3678 2106 3786 2163 δει-

2209 2191 2298 2247 νὸν
2322 2194 2454 2265 παρ’
2480 2194 2679 2250 αὐτῶν.
3226 2248 3228 2251 .

2285 2306 2303 2339 ι
2344 2288 2458 2342 Καὶ
2519 2288 3003 2365 συνυπεκρίθησαν
3062 2289 3213 2362 αύτῷ
3247 2290 3344 2346 καὶ
3370 2291 3420 2345 oi
3446 2291 3620 2346 λοιποὶ
3650 2291 3781 2346 Ἰου-

2205 2380 2365 2448 δαῖοι,
2414 2379 2555 2437 ὥστε
2597 2386 2690 2440 καὶ
2737 2385 3023 2455 Βαρνάϐαν
3047 2384 3444 2457 συναναχθῆναι
3493 2385 3668 2442 αὐτῶν
3712 2390 3775 2459 τῇ

2207 2474 2517 2545 ὑποκρίσει.
2550 2493 2568 2528 ι
2737 2542 2743 2546 η

2289 2567 2660 2638 ’Υπόκριονη
2693 2570 2792 2643 τὴν
2835 2569 3082 2644 φυλακὴν
3113 2570 3206 2629 τοῦ
3234 2572 3403 2643 νόμου
3426 2571 3600 2639 καλεῖ,
3631 2569 3776 2627 arca-

2208 2677 2355 2716 σκων
2383 2660 2586 2734 ταύτης
2610 2660 2961 2736 χωρίζεσθαι.

2281 2771 2301 2805 ι
2347 2752 2491 2808 Ἀλλ’
2526 2755 2616 2809 ὅτε
2646 2748 2807 2823 εἶδον,
2851 2757 2936 2812 δτι
2968 2755 3070 2812 οὐκ
3110 2756 3468 2832 ὀρθοποδοῦσι
3497 2757 3634 2830 πρὸς
3676 2757 3779 2832 τὴν

2202 2845 2467 2918 ἀλήθειαν
2493 2847 2588 2904 τοῦ
2613 2846 3144 2920 Εὐαγγελίου,εἷπον
3157 2851 3237 2922 τῷ
3255 2851 3447 2924 Πέτρῳ
3468 2848 3778 2924 ἔμπροσθεν

2203 2939 2445 2996 πάντων.
2487 2959 2506 2992 ι

2279 3031 2563 3097 Τουτέστι,
2597 3030 2879 3098 παντελῶς
2912 3035 2974 3089 οὐ
3017 3034 3286 3090 παύεσθαι
3321 3035 3421 3107 τῆς
3453 3034 3550 3090 τοῦ
3606 3033 3776 3108 νόμον

524 3135 725 3185 terent.
753 3125 930 3185 Voces
960 3135 1165 3196 autem,
1190 3137 1250 3184 ut
1284 3127 1450 3184 modo
1477 3128 1820 3193 dicebamus,
1860 3127 1936 3185 ita
1968 3143 2098 3186 con-

2203 3125 2579 3196 παραδόσεως.
2617 3126 2708 3191 Ὠς
2735 3126 2791 3181 δέ
2827 3125 3054 3199 εἴπομεν
3102 3127 3223 3200 ἤδη,
3250 3130 3316 3200 τῇ
3351 3127 3512 3202 χρείᾳ
3563 3127 3666 3198 τῆς
3696 3130 3775 3182 oi-

522 3219 744 3287 format,
771 3233 931 3292 prout
956 3220 1296 3294 dispensatio
1314 3221 1650 3294 postulabat.
1673 3219 1872 3276 Totum
1898 3220 2099 3292 quippe

524 3313 938 3385 dispensatione
977 3314 1309 3386 gerebatur,
1357 3330 1478 3369 cum
1536 3314 1849 3386 objurgatio
1902 3313 2094 3379 Pauli,

522 3417 638 3461 tum
671 3407 947 3463 silentium
973 3416 1027 3464 et
1051 3423 1319 3465 assensus
1351 3406 1522 3464 Petri.
1555 3405 1733 3463 Unum
1758 3406 1902 3463 enim
1937 3407 2098 3463 ambo

521 3503 857 3572 quaerebant,
900 3509 958 3556 ut
1000 3499 1205 3558 Christi
1252 3499 1437 3558 lideles
1479 3500 1550 3556 ab
1600 3499 1939 3558 observanda
1980 3499 2097 3570 lege

521 3595 948 3652 deterrerentur.

597 3709 616 3739 ο
651 3687 706 3744 Si
752 3697 808 3744 tu
836 3688 1054 3746 Judaeus
1082 3702 1203 3746 cum
1236 3691 1338 3757 sis,
1382 3689 1656 3760 gentiliter
1698 3689 1858 3757 vivis,
1889 3700 1945 3747 et
1983 3704 2093 3747 non

519 3782 762 3839 Judaice.
801 3802 820 3836 ι

593 3876 649 3931 ld
687 3886 792 3944 est,
819 3877 1141 3934 observator
1175 3892 1285 3933 non
1319 3892 1384 3934 es
1413 3878 1570 3948 legis,
1606 3877 1700 3935 sed
1735 3878 2093 3948 quemadmo-

520 3975 649 4025 dum
682 3969 758 4025 illi
792 3971 881 4040 qui
920 3970 1270 4026 crediderunt
1297 3985 1363 4026 ex
1399 3969 1680 4042 gentibus,
1735 3984 1836 4026 nec
1867 3970 2091 4025 Ncome-

521 4063 664 4129 nias,
701 4078 798 4119 nec
832 4061 1070 4118 Sabbata
1101 4062 1344 4118 custodis
1379 4062 1634 4134 amplius.

595 4175 615 4208 ι
648 4155 932 4222 Quomodo
965 4169 1094 4227 ergo
1120 4165 1308 4228 gentes
1343 4156 1492 4227 cogis
1515 4156 1814 4227 judaizare.
1855 4175 1876 4207 ι

594 4247 750 4319 162
786 4247 947 4318 Atqui
974 4262 1035 4302 ex
1060 4247 1164 4303 hoc
1192 4262 1407 4318 quoque
1437 4246 1614 4317 capite
1646 4247 1846 4319 negotii
1871 4247 2089 4318 dispen-

519 4339 660 4393 satio
699 4337 1062 4407 pernoscitur.
1092 4335 1227 4392 Nam
1263 4339 1516 4408 quamvis
1548 4337 1746 4395 Petrus
1785 4354 1964 4409 neque
1995 4353 2090 4394 co-

520 4431 748 4500 egisset,
777 4445 957 4502 neque
984 4431 1251 4487 suasisset
1279 4431 1342 4485 ad
1367 4429 1627 4487 Iudaicos
1659 4446 1840 4488 mores
1859 4446 2088 4502 sequen-

2203 3218 2462 3290 κονομίας
2493 3218 2724 3274 πλάττει
2744 3219 2846 3284 τάς
2873 3219 3060 3291 φωνάς
3081 3237 3097 3251 ο
3128 3219 3409 3292 οἰκονομία
3428 3220 3536 3293 γὰρ
3567 3220 3690 3275 ὅλον
3714 3221 3778 3275 τὸ

2199 3313 2487 3385 γινόμενον
2531 3308 2621 3386 ἦν,
2671 3312 3136 3385 καὶήὲπίπληξις
3181 3312 3279 3367 τοῦ
3318 3313 3569 3379 Παύλου,
3616 3314 3711 3368 καὶ
3735 3317 3773 3384 ἡ

2202 3407 2380 3480 σιωπὴ
2408 3406 2504 3461 καὶ
2541 3405 2946 3477 συγκατάθεσις
2967 3406 3063 3461 τοῦ
3096 3405 3328 3480 Πέτρου.
3353 3407 3448 3461 Ἐν
3480 3408 3590 3480 γὰρ
3639 3406 3772 3481 ἐζή-

2197 3516 2324 3553 τουν
2347 3498 2671 3571 ἀμφότεροι,
2694 3496 2754 3551 τὸ
2781 3495 2988 3552 παῦσαι
3009 3496 3135 3561 τοὺς
3158 3495 3516 3560 πιστεύοντας
3535 3498 3618 3560 εἰς
3634 3496 3774 3567 Ips-

2198 3593 2325 3648 στὸν
2352 3592 2448 3648 τοῦ
2485 3593 2576 3647 τὸν
2606 3592 2769 3665 νόμον
2798 3593 3100 3665 ἐπιτηρεῖν.

2276 3706 2294 3738 ι
2325 3687 2389 3741 El
2418 3688 2483 3742 σὺ
2529 3685 2780 3752 Ἰουδαῖος
2805 3684 3069 3757 ὑπάρχων
3101 3681 3331 3750 ἐθνικῶς
3355 3684 3476 3756 ζῇς,
3509 3681 3608 3738 καὶ
3649 3679 3769 3754 οὐχὶ

2206 3780 2531 3844 Ἰουδαϊκῶς,
2560 3799 2576 3832 i

2266 3874 2581 3937 Τουτέστιν,
2617 3873 2691 3929 Οὐ
2727 3874 2914 3945 τηρεῖς
2963 3872 3078 3946 τὴν,
3119 3869 3212 3924 τοῦ
3266 3869 3433 3941 νόμου
3496 3866 3764 3938 φυλακὴν,

2194 3966 2309 4022 ἀλλ’
2330 3966 2520 4036 ὥσπερ
2548 3967 2597 4020 οἱ
2626 3963 3015 4028 πιστεύσαντες
3060 3962 3168 4016 τῶν
3235 3959 3424 4029 ἐθνῶν,
3479 3958 3603 4018 οὔτε
3622 3959 3766 4015 Nou—

2193 4059 2413 4133 μηνίας,
2447 4056 2570 4113 οὔτε
2605 4056 2863 4112 Σάϐϐατα
2883 4054 3172 4125 φυλάττεις
3191 4055 3292 4109 ἔτι.

2267 4170 2285 4202 ι
2328 4150 2449 4214 Πῶς
2474 4150 2542 4202 τὰ
2575 4147 2704 4220 ἔθνη
2730 4145 3062 4218 ἀναγκάζεις
3085 4145 3437 4212 Ἰουδαΐζειν;
3463 4164 3482 4197 ι

2261 4244 2371 4298 Καὶ
2399 4245 2463 4298 ἐκ
2491 4243 2681 4297 τούτου
2709 4244 2742 4313 ἡ
2765 4241 3049 4313 οἰκονομία
3072 4240 3167 4295 τοῦ
3205 4240 3527 4312 πράγματος
3547 4236 3766 4292 δείκνυ-

2188 4355 2301 4392 ται.
2341 4338 2532 4391 Καίτοι
2553 4353 2615 4405 γε
2653 4336 2728 4408 μὴ
2778 4335 3181 4404 ἀναγκάζοντος
3219 4333 3408 4400 αὐτοῦ,
3458 4334 3594 4405 μήτε
3640 4332 3762 4386 πεί-

2189 4430 2373 4493 θοντος
2415 4427 2724 4492 ’ἰουδαΐζειν
2771 4426 2843 4481 τὰ
2875 4425 3025 4498 ἒθνη,
3072 4422 3232 4478 τοῦτδ
3284 4441 3449 4495 φησιν
3477 4424 3506 4478 ὁ
3551 4421 3762 4488 Παῦλος

519 4521 641 4583 dos,
667 4519 771 4576 hoc
809 4526 990 4575 tamen
1032 4519 1233 4576 Paulus
1273 4521 1342 4576 ab
1371 4522 1489 4590 ipso
1525 4520 1726 4576 factum
1769 4521 1936 4586 dixit,
1975 4537 2086 4592 quo

2200 4521 2384 4586 ποιεῖν,
2418 4519 2505 4573 ἵνα
2563 4518 2877 4590 εὐάφορμος
2935 4515 3084 4588 αὐτῷ
3111 4515 3186 4580 ὡς
3216 4515 3356 4588 ὑπὲρ
3387 4515 3535 4570 ἰδίων
3577 4515 3759 4587 μαθη-

518 4612 737 4667 Petrum
767 4612 1110 4684 objurgando
1148 4614 1489 4670 occasionem
1522 4615 1748 4669 haberet
1791 4613 2090 4687 discipulos

519 4704 828 4761 erudiendi.
886 4704 1038 4762 Clam
1083 4722 1215 4762 vero
1262 4707 1515 4762 universa
1550 4706 1721 4763 haece
1772 4710 2091 4766 narratione

518 4798 743 4855 Galatas
787 4807 990 4864 monet,
1044 4808 1105 4854 ut
1149 4801 1542 4873 increpationis
1601 4818 1712 4858 sua:
1765 4802 2085 4874 gravitatem

517 4903 674 4959 aequo
706 4891 887 4945 animo
925 4890 1180 4945 tolerent.
1217 4889 1353 4947 Nam
1389 4892 1438 4949 si
1491 4890 1719 4959 Petrus,
1769 4908 1837 4948 ex
1884 4891 2092 4950 Iudaeis

514 5000 638 5038 cum
672 4991 839 5048 esset,
889 4985 1336 5056 permitteretque
1371 4984 1678 5056 judaizare,
1724 4985 2090 5057 reprehensus

516 5078 655 5146 fuit,
692 5079 1315 5150 reprehensionemque
1375 5080 1599 5135 admisit
1655 5088 1916 5151 tanquam
1983 5080 2088 5135 rite

514 5167 713 5224 factam
738 5187 752 5237 ;
782 5170 955 5223 multo
977 5169 1151 5240 magis
1181 5168 1408 5238 Galatae,
1441 5170 1557 5242 qui,
1589 5170 1714 5227 licet
1740 5179 1925 5227 essent
1949 5186 2083 5241 gen-

513 5259 662 5327 tiles,
702 5264 757 5314 et
794 5257 1160 5316 credidissent
1182 5259 1236 5316 in
1265 5260 1569 5327 Christum,
1589 5261 1724 5333 jugo
1743 5267 1923 5316 tamen
1947 5261 2086 5331 legis

510 5367 635 5409 sese
677 5368 898 5409 rursum
936 5353 1404 5426 mancipavcrant,
1441 5355 1876 5427 objurgationem
1911 5356 2084 5426 ipsius

509 5445 782 5504 debebant
807 5447 970 5503 ferre.

585 5537 752 5597 Vns.
781 5542 869 5605 l5,
897 5542 982 5598 lii.
1023 5562 1041 5595 ι
1073 5542 1180 5600 Nos
1210 5553 1406 5600 natura
1429 5543 1626 5614 Judzei,
1652 5554 1704 5602 et
1727 5561 1832 5602 non
1852 5560 1916 5600 ex
1943 5559 2075 5616 gen.

2188 4613 2353 4685 τῶνὴ
2398 4612 2536 4684 πρὸς
2585 4611 2676 4665 τὸν
2709 4611 2915 4682 Πέτρον
2953 4610 3272 4682 ἐπιτίμησις
3322 4607 3541 4679 εὑρεθῇ.
3581 4608 3761 4679 Δελη-

2187 4708 2357 4772 θὸτως
2385 4705 2440 4760 δὲ
2471 4705 2559 4760 διὰ
2587 4706 2788 4770 παντὸς
2813 4703 2908 4758 τοῦ
2951 4702 3312 4776 διηγήματος,
3363 4701 3605 4758 παιδεύει
3651 4703 3691 4756 Γ
3692 4720 3761 4758 α-

2187 4800 2354 4863 λάτας
2385 4798 2445 4852 τὸ
2489 4798 2629 4871 βαρῦ
2677 4796 2774 4868 τῆς
2820 4793 3162 4868 ἐπιπλήξεως
3205 4793 3404 4868 ῥᾳδίως
3461 4792 3669 4867 φέρειν.
3695 4795 3758 4848 Et

2186 4893 2294 4964 γὰρ
2324 4894 2352 4946 ὁ
2373 4891 2576 4965 Πέτρος
2595 4890 2656 4957 ἐξ
2695 4890 2966 4946 Ἰουδαίων
2997 4890 3095 4956 ῶν,
3153 4889 3249 4945 καὶ
3288 4889 3599 4956 ’ἰουδαΐζειν
3639 4891 3757 4946 πεί-

2189 4988 2297 5042 θων
2355 4984 2683 5058 ἐπετιμήθη,
2733 4987 2827 5040 καὶ
2867 4986 3099 5057 ἤνεγκεν
3146 4985 3247 5058 τὴν
3295 4986 3637 5056 ἐπιτίμησιν,
3682 4985 3756 5048 ὡς

2186 5079 2369 5145 καλῶς
2418 5077 2732 5150 γινομένην,
2792 5077 2972 5150 πολλῷ
3027 5078 3186 5133 πλέον
3224 5078 3462 5133 Γαλάται
3491 5077 3551 5144 ἐξ
3583 5077 3754 5132 ἐθνῶν

2180 5171 2353 5240 ὄντες,
2390 5174 2482 5227 καὶ
2504 5172 2899 5237 πιστεύσαντες
2923 5174 3003 5236 εἰς
3026 5172 3292 5244 Χριστὸν,
3314 5173 3410 5228 καὶ
3439 5173 3599 5228 πάλιν
3624 5174 3753 5226 ὐποο

2180 5263 2365 5330 θέντες
2395 5266 2624 5329 ἑαυτοὺς
2642 5268 2708 5339 τῇ
2735 5265 2950 5338 δουλεία
2967 5264 3062 5320 τοῦ
3083 5264 3271 5337 νόμον,
3296 5265 3749 5338 ἐπιπληττὸμενοι

2178 5361 2428 5433 δέχεσθαι
2465 5360 2740 5432 ὀφείλουσι
2767 5361 2866 5433 τὴν
2897 5356 3209 5433 ἐπίπληξιν.

2262 5560 2280 5590 ι
2328 5537 2517 5612 Ἡμεῖς
2539 5541 2694 5610 φύσει
2741 5538 3008 5607 Ἰουδαῖοι,
3036 5539 3130 5598 καὶ
3152 5538 3254 5594 οὐκ
3283 5537 3343 5604 ἐξ
3366 5535 3538 5599 ἐθνῶν
3567 5535 3742 5612 ἁμαρ-

1805 5728 2036 5787 νΑιιιΔ]
2083 5725 2488 5788 LECTIONES.

578 5819 603 5850 ³
620 5808 766 5885 Lego
791 5813 1070 5885 ἀλήθειαν.
