4048 6290
568 340 667 407 795

1768 340 1827 402 S.
1869 340 2189 403 JOANNIS
2229 341 2654 403 DAMASCENi

3716 340 3818 404 796

563 455 723 522 ptura
774 448 1017 519 protulit,
1072 448 1317 505 ostendit
1370 449 1597 521 insuper
1650 450 1975 509 malcdictos
2023 467 2145 508 esse

2249 469 2331 505 σιν
2380 454 2454 518 ὡς
2486 454 2580 509 καὶ
2634 453 2931 525 κατάρατοι
2993 448 3232 520 γίνονται
3273 447 3319 504 οἱ
3372 448 3704 521 ἐμμένοντες
3741 450 3819 523 τῷ

562 543 655 617 qui
686 543 790 615 legi
824 543 1179 614 pertinaciter
1217 543 1619 600 adhaerescunt.

640 638 806 694 Vens.
854 638 941 701 Η,
976 636 1065 693 12.
1123 658 1142 691 ι
1172 638 1439 706 Quoniam
1491 649 1672 695 autem
1723 640 1778 695 in
1820 639 1936 709 lege
1984 654 2141 695 nemo

559 726 893 799 justiticatur
927 728 1070 798 apud
1101 727 1295 794 Deum,
1324 728 1671 786 manifestum
1694 743 1775 787 est
1802 733 1930 804 quia
1958 733 2142 804 justus

561 836 629 875 ex
668 818 773 875 [ide
807 818 967 875 vivet.
1000 819 1109 874 Lex
1143 830 1325 875 autem
1355 835 1464 875 non
1499 828 1674 877 estex
1698 820 1802 878 [ide
1831 840 1844 879 :
1885 824 1983 879 sed
2048 822 2142 895 qui

565 911 759 967 fecerit
792 925 878 977 ea,
912 911 1061 967 vivet
1087 910 1141 966 in
1178 911 1305 967 illis.
1339 930 1356 963 ι

636 1000 751 1057 Hoc
785 1016 882 1058 ceu
912 1009 1093 1058 ratum
1144 1002 1475 1074 firmumque
1514 1005 1736 1070 statuit,
1766 1006 2047 1063 neminem
2086 1006 2142 1062 in

564 1093 683 1166 lege
707 1095 921 1164 justum
953 1095 1209 1151 evadere.
1250 1094 1390 1151 Cum
1422 1098 1568 1153 enim
1601 1096 1864 1169 praefatus
1899 1099 1995 1165 sit,
2029 1114 2147 1153 ma.

563 1185 823 1241 ledictum
874 1199 999 1241 esse
1034 1184 1353 1255 quicunque
1382 1191 1552 1241 totam
1587 1187 1762 1259 legem
1806 1204 1915 1243 non
1950 1190 2146 1261 imple-

567 1277 725 1343 verit,
756 1292 858 1333 nec
885 1276 1002 1332 fieri
1053 1292 1220 1347 posse
1253 1286 1314 1333 ut
1344 1280 1487 1336 hanc
1532 1280 1754 1351 impleat
1810 1281 2008 1349 homo;
2061 1281 2146 1338 id-

559 1370 712 1426 eirco
748 1370 1009 1427 audacter
1034 1371 1362 1427 sententiam
1391 1374 1767 1444 pronuntiavit
1798 1392 1814 1430 :

636 1462 803 1519 Vens.
856 1464 944 1519 15.
991 1481 1010 1517 ι
1050 1464 1307 1521 Christus
1340 1481 1441 1522 nos
1494 1466 1725 1524 redemit
1755 1468 1822 1524 de
1852 1467 2147 1524 maledicto

567 1558 725 1629 legis,
753 1556 934 1613 factus
968 1569 1067 1627 pro
1097 1558 1261 1614 nobis
1289 1560 1640 1615 maledictum
1675 1579 1689 1615 :
1717 1561 1846 1631 quia
1879 1560 2146 1630 scriptum

566 1655 651 1704 est
684 1666 699 1704 :
736 1647 1055 1706 Maledictus
1091 1650 1269 1706 omnis
1299 1651 1389 1723 qui
1424 1651 1621 1723 pendet
1657 1653 1711 1707 in
1756 1653 1923 1726 ligno.
1954 1672 1973 1705 ι

635 1826 918 1885 Obnoxius
970 1828 1192 1900 quidem
1240 1805 1494 1901 ‘populus
1545 1838 1665 1885 erat
1726 1828 2137 1895 maledictioni,
2170 1805 2219 1868 Β

566 1937 675 1993 qua
706 1921 1178 1977 condcmnabatur
1230 1921 1481 1993 quisquis
1528 1937 1635 1977 non
1679 1930 2027 1993 permaneret
2082 1921 2139 1977 in

566 2016 825 2071 omnibus
881 2030 1003 2087 quae
1066 2016 1279 2086 scripta
1342 2024 1529 2071 essent
1588 2015 1642 2070 in
1703 2016 1846 2071 libro
1901 2015 2040 2087 legis
2067 2015 2134 2070 ²⁰.

564 2108 817 2164 Christus
850 2124 976 2163 vero
1029 2107 1473 2177 imprecationem
1509 2109 1650 2165 hanc
1694 2109 1867 2165 altera
1915 2124 2140 2181 permu-

568 2202 723 2268 tavit,
758 2216 865 2274 qua
899 2201 1181 2258 ferebatur
1210 2219 1223 2258 :
1266 2200 1584 2258 Maledictus
1616 2203 1786 2257 omnis
1833 2203 1922 2273 qui
1954 2201 2141 2271 pendet

567 2294 621 2347 in
653 2294 879 2364 ligno“.
914 2292 1186 2359 Quoniam
1233 2309 1387 2365 ergo,
1431 2302 1545 2348 tum
1598 2292 1689 2350 ille
1721 2291 1815 2364 qui
1850 2293 2050 2365 pendet
2092 2291 2140 2346 is

567 2388 891 2444 tnaledietus
917 2398 1024 2452 est,
1059 2398 1172 2443 tum
1200 2388 1292 2443 ille
1333 2388 1426 2459 qui
1452 2388 1633 2459 legem
1666 2387 1856 2455 violat,
1886 2396 1972 2444 est
2000 2404 2140 2459 quo-

566 2498 675 2555 que
708 2482 1069 2552 maledictus;
1112 2498 1291 2553 neque
1322 2492 1753 2538 consentaneum
1780 2490 1920 2549 erat,
1952 2493 2014 2537 ut
2044 2484 2137 2553 qui

567 2578 1001 2634 exsecrationem
1073 2578 1217 2632 hanc
1284 2577 1554 2641 solveret,
1613 2574 1788 2630 eidem
1855 2574 2139 2644 subjectus

567 2670 753 2726 foret:
792 2670 903 2727 sed
944 2671 1231 2742 oportebat
1290 2678 1348 2725 ut
1390 2669 1825 2726 exsecrationem
1876 2669 2034 2724 istam
2083 2668 2137 2723 in

569 2780 692 2821 sese
724 2766 992 2836 reciperet
1018 2780 1114 2837 pre
1149 2765 1343 2833 altera,
1374 2780 1481 2836 qua
1511 2763 1803 2820 damnatus
1824 2771 1936 2818 crat
1959 2764 2051 2834 qui
2083 2764 2138 2817 in

567 2859 635 2916 iis
668 2875 788 2931 qua:
818 2859 1027 2931 scripta
1057 2866 1186 2915 sunt
1212 2874 1320 2913 non
1356 2864 1696 2929 permaneret
1722 2875 1735 2910 :
1759 2866 2047 2927 eapropter
2070 2857 2138 2911 ab

565 2951 673 3007 hac
706 2950 925 3022 quidem
953 2951 1216 3008 immunis
1249 2952 1371 3007 fuit.
1404 2948 1529 3004 Non
1557 2951 1695 3005 enim
1718 2948 1871 3004 dotus
1902 2949 2139 3004 inventus

568 3044 669 3116 fuit
698 3045 754 3100 in
786 3060 877 3101 ore
904 3044 1017 3116 ejus
1040 3044 1088 3077 "
1128 3063 1142 3100 :
1195 3045 1341 3099 illam
1405 3058 1530 3100 vero
1567 3043 1808 3107 admisit,
1839 3042 1929 3097 cui
1973 3041 2139 3098 devo-

567 3135 799 3191 vehatur
830 3135 1010 3193 omnis
1041 3135 1133 3207 qui
1164 3134 1426 3207 penderet
1452 3136 1506 3191 in
1544 3136 1711 3209 ligno,
1748 3150 1953 3207 perque
1978 3135 2138 3192 istam

568 3228 792 3284 sustulit
840 3228 1053 3283 aliam:
1101 3236 1154 3284 et
1186 3229 1330 3285 sicut
1365 3245 1475 3283 uno
1523 3228 1778 3300 quopiam
1831 3229 1991 3282 inerti
2041 3228 2133 3284 ad-

570 3321 741 3390 dicto,
774 3323 819 3378 si
854 3322 979 3394 quis
1011 3323 1202 3380 insons
1238 3324 1387 3379 ii'ius
1415 3324 1537 3378 vice
1590 3332 1787 3393 sponte
1819 3321 1957 3377 mori
1989 3322 2140 3388 velit,

571 3417 718 3475 hunc
755 3434 915 3492 pruna
954 3418 1142 3490 eripit,
1175 3416 1450 3473 consimili
1482 3415 1648 3472 etiam
1684 3415 1847 3470 modo
1890 3415 2144 3472 Christus

572 3513 723 3569 fecit.
760 3512 948 3585 itaque
986 3512 1443 3584 quemadmodum
1483 3510 1603 3566 sine
1634 3510 1866 3567 crimine
1915 3518 2144 3566 mortem

569 3607 844 3674 obeundo,
878 3622 906 3663 a
942 3614 1117 3663 morte
1145 3606 1347 3662 exemit
1383 3606 1505 3658 illos
1535 3602 1631 3675 qui
1662 3604 1821 3659 morti
1856 3611 2011 3660 erant
2046 3602 2148 3657 ob-

572 3705 748 3764 noxii.
781 3703 852 3760 ita
878 3717 1100 3773 quoque
1126 3700 1565 3757 exsecrationem
1591 3697 1840 3763 subiens,
1884 3696 1952 3752 ab
1986 3710 2149 3752 exse-

572 3798 823 3854 cratione
850 3798 973 3853 illos
1004 3797 1277 3851 iii-aravit.

646 3892 812 3948 Vsus.
850 3891 937 3947 Ην.
994 3910 1011 3942 ι
1052 3890 1124 3946 Ut
1172 3892 1225 3945 in
1284 3889 1539 3963 gentibus
1571 3886 1883 3945 benedictio
1927 3887 2150 3942 Abrahae

574 3983 727 4041 ﬁeret
758 3984 812 4038 in
841 3984 1064 4039 Christo
1088 3982 1240 4038 Jesn.
1279 4001 1297 4035 )

644 4074 932 4143 Quomodo
972 4076 1025 4130 in
1077 4075 1375 4145 gentibus?
1440 4072 1506 4129 In
1549 4073 1767 4138 semine,
1810 4070 2010 4141 inquit,
2062 4079 2151 4123 tuo

577 4170 946 4226 benedicentur
979 4178 1157 4240 gentes
1184 4170 1265 4236 ³³;
1310 4169 1413 4223 hoe
1457 4180 1541 4224 cst
1588 4166 1642 4220 in
1679 4164 1930 4221 Domino.
1960 4162 2151 4219 Enim-

576 4280 705 4319 vero
738 4271 795 4317 ut
828 4263 944 4335 ipse.
980 4262 1181 4318 alicubi
1206 4264 1323 4317 ait:
1363 4259 1487 4315 Non
1530 4260 1686 4325 dicit,
1738 4260 1792 4313 in
1844 4257 2148 4322 seminibus,

578 4355 729 4426 quasi
754 4355 806 4408 in
834 4354 1012 4408 multis
1038 4371 1057 4418 ;
1088 4351 1179 4409 sed
1212 4357 1265 4406 in
1298 4354 1490 4407 semine
1519 4364 1630 4415 tuo,
1655 4351 1805 4422 quasi
1830 4352 2029 4417 inuno,
2058 4351 2153 4404 hoc

578 4457 654 4501 est
682 4447 892 4502 Christo
923 4446 984 4502 ".
1016 4445 1149 4501 Nam
1180 4446 1295 4501 ﬁeri
1336 4460 1443 4501 non
1475 4452 1689 4517 poterat
1722 4452 1781 4501 ut
1817 4461 1914 4516 per
1936 4444 2154 4501 Iudaeos

2168 3185 2213 3247 C

2247 547 2417 618 νόμῳ.

2322 663 2341 696 ι
2388 642 2509 696 Ὅτι
2532 642 2589 696 δὲ
2624 643 2681 696 ἐν
2702 643 2851 713 νόμῳ
2873 640 3048 705 οὐδεὶς
3074 638 3380 694 δικαιοῦται
3410 638 3562 709 παρὰ.
3584 637 3661 709 τῷ
3678 638 3817 709 Θεῷ,

2242 735 2400 808 δῆλον
2424 736 2505 790 ὅτι
2533 736 2561 788 6
2588 735 2798 799 δίκαιος
2841 735 2905 789 ἐκ
2943 734 3177 797 πίστεως
3208 731 3451 805 ζήσεται.
3490 731 3551 785 '0
3580 730 3637 784 δὲ
3656 731 3819 800 νόμος

2243 825 2343 881 οὐκ
2370 826 2518 881 ἐστιν
2550 828 2612 880 ἐκ
2642 825 2895 890 πίστεως,
2922 824 3057 879 ἀλλά
3111 826 3138 879 6
3170 824 3411 896 ποιήσας
3459 822 3622 889 αὐτά,
3656 822 3816 895 ζήσε-

2242 934 2335 972 ται
2370 918 2428 973 ἐν
2463 919 2667 981 αὐτοῖς.
2684 938 2702 971 ι

2326 1011 2416 1077 Ὧς
2463 1011 2892 1083 ὁμολογούμενον
2940 1010 3158 1077 ἐδέξατο
3194 1008 3257 1064 τδ
3288 1009 3362 1081 μὴ
3391 1007 3733 1063 δικαιοῦσθαι
3764 1011 3819 1060 ἐν

2244 1104 2395 1176 νόμῳ
2448 1104 2586 1160 τινά.
2635 1102 2854 1175 Ἐπειδὴ
2913 1101 3024 1174 γάρ
3072 1102 3365 1173 προεῖπεν,
3419 1101 3820 1172 ἐπικατάρατσν

2244 1194 2373 1250 ὅντα
2415 1195 2507 1249 τὸν
2543 1197 2617 1267 μὴ
2649 1194 2961 1268 πληροῢντα
3020 1193 3192 1248 πάντα
3222 1192 3317 1247 τὸν
3347 1193 3531 1263 νόμον,
3561 1190 3819 1247 ἀδύνατον

2244 1288 2301 1344 δὲ
2338 1284 2405 1360 ἦν
2431 1288 2716 1361 ἄνθρωπον
2748 1286 3036 1360 πληρῶσαι
3064 1284 3248 1353 αὐτὸν,
3281 1282 3474 1339 τούτου
3506 1284 3666 1357 χάριν
3688 1283 3821 1356 θαῤ·

2248 1381 2360 1453 ρὦ
2378 1383 2730 1455 ἀπεφήνατοο,

2323 1496 2342 1530 ι
2379 1476 2614 1548 Χριστὸς
2661 1476 2805 1546 ὑμᾶς
2837 1474 3170 1550 ἐξηγόρασεν
3210 1476 3276 1530 ἐκ
3307 1474 3408 1545 τῆς
3456 1474 3699 1543 κατάρας
3728 1469 3823 1526 τοῦ

2246 1568 2413 1640 νόμου
2434 1610 2448 1634 ,
2486 1568 2775 1641 γενόμενος
2807 1569 2949 1642 ὑπὲρ
3009 1569 3167 1640 ἡμῶν
3218 1569 3437 1637 κατάρα
3457 1583 3473 1598 ⁸
3500 1568 3583 1621 ὅτι
3612 1566 3822 1636 ’γέγρα-

2249 1680 2423 1718 πταιο
2482 1663 2920 1736 Ἐπικατάρατος
2965 1664 3074 1728 πᾶς
3123 1663 3152 1717 6
3193 1662 3543 1735 κρεμάμενος
3586 1660 3676 1715 ἐπὶ
3728 1658 3821 1727 ξύ-

2248 1755 2363 1811 λου.
2392 1773 2411 1807 ι
3572 1766 3577 1771 ·

2323 1846 2385 1901 '0
2417 1846 2516 1918 μὲν
2541 1843 2668 1909 λαὸς
2698 1845 2916 1917 κατάρα
2956 1842 3260 1910 ὑπεύθυνος
3302 1839 3373 1916 ἦν
3402 1844 3469 1916 τῇ
3517 1843 3823 1899 καταδικαο

2244 1936 2414 2013 ζούσῃ
2463 1938 2554 1992 τὸν
2609 1937 2683 2010 μὴ
2739 1935 3045 2008 ἐμμένοντα
3075 1937 3209 1991 πᾶσι
3248 1936 3362 2000 τοῖς
3415 1934 3822 2008 γεγραμμένοις

2245 2031 2305 2087 ἐν
2357 2031 2436 2102 τῷ
2490 2028 2679 2102 βιϐλίῳ
2735 2028 2829 2084 τοῦ
2876 2028 3065 2100 νόμου.
3113 2028 3172 2084 '0
3229 2028 3287 2083 δὲ
3343 2029 3577 2101 Χριστὸς
3630 2027 3822 2101 ἑτέραν

2246 2124 2491 2196 κατάραν
2516 2121 2721 2193 ταύτης
2778 2121 3144 2193 ἀντηλλάξατο
3179 2122 3278 2192 τὴν
3310 2120 3578 2191 λέγουσαν
3598 2137 3614 2153 ·
3662 2120 3823 2175 Ἑπιο

2245 2214 2572 2283 κατάρατος
2598 2211 2717 2281 πᾶς
2740 2216 2772 2268 ό
2793 2213 3157 2286 κρεμάμενος
3175 2214 3275 2269 ἐπὶ
3305 2214 3516 2280 ξύλου.
3548 2212 3707 2267 Ἑπεὶ
3731 2210 3825 2267 οὖν

2245 2307 2340 2362 καὶ
2385 2310 2412 2362 6
2448 2308 2790 2383 κρεμάμενος
2831 2308 3277 2378 ἐπικατάρατος,
3318 2307 3413 2361 καὶ
3459 2307 3488 2360 6
3533 2306 3624 2360 τὸν
3662 2304 3826 2376 νόμον

2248 2400 2603 2473 παραϐαίνων
2635 2402 3067 2471 ἐπικατάρατος,
3098 2401 3191 2454 τὸν
3224 2399 3490 2472 μέλλοντα
3522 2397 3581 2452 δέ
3609 2399 3825 2470 ἐκείνην

2244 2492 2394 2547 λύειν
2433 2494 2531 2563 τὴν
2588 2493 2871 2564 κατάραν,
2904 2491 3205 2547 ὑπεύθυνον
3261 2494 3361 2546 οὐκ
3417 2490 3525 2546 ἔδει
3572 2490 3828 2560 γενέσθαι

2245 2587 2405 2657 αὐτῇ,
2436 2587 2545 2641 ἔδει
2597 2586 2652 2641 δὲ
2686 2586 2943 2652 δέξασθαι
2993 2585 3235 2657 κατάραν
3282 2584 3399 2639 ἀντ’
3442 2583 3697 2655 ἐκείνης.
3731 2585 3829 2653 τῆς

2248 2679 2723 2752 καταδικαζούσης
2752 2679 2897 2748 λέγω
2916 2722 2932 2747 ,
2961 2678 3054 2732 τὸν
3100 2678 3176 2750 μὴ
3213 2677 3521 2749 ἐμμένοντα
3553 2679 3689 2732 πᾶσι
3714 2678 3829 2741 τοῖς

2246 2772 2673 2847 γεγραμμένοις,
2707 2770 2899 2828 τούτου
2936 2770 3098 2844 χάριν
3118 2809 3134 2836 ,
3155 2770 3257 2843 τῆς
3288 2769 3386 2842 μιν
3416 2768 3702 2842 ἐλεύθερος
3736 2768 3829 2836 γέ-

2244 2884 2429 2938 γονεν.
2470 2869 2591 2938 Οὐχ
2628 2866 2841 2936 εὑρέθη
2870 2864 2982 2937 τὰρ
3001 2864 3182 2929 δόλος
3208 2864 3279 2919 ἐν
3306 2860 3389 2930 τῷ
3427 2862 3679 2933 στόματι
3721 2862 3835 2916 αὑ-

2247 2959 2351 3016 τοῦ
2371 2978 2384 2990 ’
2413 2959 2620 3030 ταύτην
2666 2958 2725 3013 δέ
2753 2958 2966 3023 ἐλαϐεν,
2991 2956 3093 3031 τὴν
3124 2954 3426 3011 ὑπεύθυνον
3451 2955 3616 3025 ἑαυτῇ
3648 2950 3835 3008 mea.

2250 3065 2347 3102 σάν
2368 3047 2459 3104 τὸν
2493 3050 2844 3121 κρεμάμενον
2866 3049 2959 3104 ἐπὶ
2982 3046 3165 3116 ξύλου,
3198 3047 3293 3103 καὶ
3312 3046 3380 3103 δι’
3411 3045 3585 3117 αὐτῆς
3611 3043 3832 3112 ἐκείνην

2246 3143 2434 3198 ἔλυσεν
2472 3159 2487 3174 ·
2539 3142 2634 3198 καὶ
2684 3142 2933 3213 καθάπερ
2966 3142 3109 3206 τινὸς
3150 3123 3643 3198 καταδικασθέντος
3687 3135 3829 3188 ἀπο-

2246 3236 2429 3291 θανεῖν
2461 3280 2475 3303 ,
2525 3235 2715 3308 ἓτερος
2768 3233 3059 3298 ἀνεύθυνος
3117 3230 3373 3303 ἐλόμενος
3421 3226 3565 3299 ὑπὲρ
3616 3225 3830 3278 ἐκείνου

2246 3328 2544 3382 ἀποθανεῖν
2573 3326 2872 3398 ἐξαρπάζει
2903 3326 3002 3398 τῆς
3030 3322 3307 3396 τιμωρίας
3349 3319 3535 3387 αὐτὸν,
3564 3316 3711 3371 οὕτω
3736 3319 3832 3370 καὶ

2246 3421 2275 3474 ὁ
2312 3419 2547 3491 Χριστὸς
2587 3418 2846 3489 ἐποίησεν
2870 3434 2887 3449 ο
2920 3416 3114 3488 ὥσπερ
3145 3410 3239 3470 οὖν
3277 3414 3307 3468 6
3351 3409 3640 3466 ἀποθανὼν
3667 3408 3833 3463 ἀνεύ-

2248 3516 2402 3580 θυνος
2428 3515 2554 3580 τοὺς
2579 3513 2868 3569 ἀποθανεῖν
2893 3511 3184 3585 μέλλοντας
3212 3508 3447 3576 ἐξείλετο
3492 3503 3731 3558 θανάτου
3756 3499 3839 3573 τῷ

2250 3609 2444 3666 ἐαυτοῦ
2478 3608 2710 3679 θανάτῳ,
2740 3606 2884 3661 οὕτω
2908 3607 3005 3661 καὶ
3034 3604 3280 3678 κατάραν
3310 3599 3604 3671 δεξάμενος
3634 3596 3663 3649 6
3698 3596 3834 3675 Χρε-

2252 3704 2398 3770 πτδς,
2420 3703 2520 3775 τῆς
2541 3702 2787 3774 κατάρας
2811 3698 3089 3774 ἀπήλλαξε
3101 3716 3150 3755 ν.

2328 3904 2347 3937 ι
2384 3885 2502 3938 Ἵνα
2532 3883 2614 3946 εἰς
2638 3880 2705 3936 τὰ
2726 3878 2854 3951 ἔθνη
2892 3881 2925 3950 ἡ
2966 3876 3189 3948 εὐλογία
3236 3874 3333 3929 τοῦ
3377 3870 3633 3945 Ἀϐραάμ
3663 3869 3839 3939 γένη-

2250 3994 2338 4031 ται
2369 3977 2427 4030 ἐν
2463 3974 2688 4045 Χριστῷ
2727 3970 2927 4043 Ἰησοῦ.
2964 3990 2983 4024 ι

2321 4068 2444 4133 Πῶς
2462 4069 2543 4132 είς
2570 4067 2639 4121 τά
2674 4065 2802 4138 ἔθνη
2829 4083 2847 4135 ς
2880 4063 2992 4119 Ἐν
3030 4062 3113 4130 τῷ
3137 4058 3434 4131 σπέρματί
3461 4073 3578 4113 σου
3597 4099 3612 4123 ,
3641 4054 3838 4126 φησὶν.

2246 4159 2764 4234 εὐλογηθήσονται
2826 4158 2900 4213 τὰ
2944 4155 3127 4223 ἔθνη,
3160 4151 3409 4209 τουτέστι
3471 4148 3705 4228 Κυρίου,
3750 4146 3843 4207 Ὠς

2250 4255 2359 4327 γάρ
2389 4253 2546 4318 αὐτός
2571 4250 2674 4306 πού
2709 4249 3031 4323 φησινοοὺκ
3056 4243 3211 4312 εἷπε,
3234 4242 3348 4300 Καὶ
3376 4240 3503 4310 τοῖς
3524 4237 3841 4309 σπέρμασέ

2252 4364 2389 4415 σου,
2413 4347 2494 4415 ὠς
2510 4345 2608 4399 ἐπὶ
2638 4340 2903 4411 πολλῶν,
2932 4340 3116 4406 ἀλλὰ,
3138 4336 3222 4404 Τῷ
3260 4332 3557 4405 σπερματι
3582 4346 3724 4394 σου,
3761 4330 3841 4393 ὠς

2251 4442 2344 4511 ἐφ’
2372 4440 2511 4507 ἑνὸς
2533 4480 2548 4506 ,
2572 4437 2845 4493 τουτέστι
2891 4431 3144 4504 Χριστῷ.
3195 4428 3329 4484 οὐδὲ
3374 4426 3485 4498 γὰρ
3511 4422 3742 4479 δυνατὸν
3772 4418 3840 4490 ἦν

578 4548 769 4612 gentes
800 4540 1282 4596 benedicerentur.
1312 4539 1428 4606 Quo
1451 4539 1596 4594 enin.
1633 4545 1793 4610 pacto
1823 4537 1916 4610 qui
1944 4554 2008 4593 ex
2040 4539 2145 4610 lege

2255 4534 2345 4589 διὰ
2368 4532 2476 4587 τῶν
2517 4530 2785 4599 Ἰουδαίων
2823 4523 3167 4598 εὐλογεῖσθαι
3190 4522 3259 4577 τὰ
3303 4519 3454 4612 ἔθνη.
3497 4515 3841 4612 Πῶςᾼγάρ-οί

579 4634 714 4690 diris
766 4633 946 4690 devoti
983 4633 1225 4702 fuerunt,
1278 4643 1535 4689 auctores
1592 4631 1716 4691 aliis
1757 4632 2156 4691 benedictionis

582 4727 785 4783 forent.

655 4837 675 4871 ι
722 4816 791 4872 Ut
851 4817 1304 4889 pollicitationem
1372 4816 1617 4889 Spiritus
1677 4816 2019 4888 accipiamus
2056 4831 2155 4887 per

583 4909 765 4967 ﬁdem.
806 4930 826 4964 ι

653 5003 788 5060 Nam
825 5004 954 5075 quia
994 5006 1257 5076 possibile
1298 5023 1411 5064 non
1446 5016 1568 5063 erat
1605 5015 1666 5064 ut
1698 5008 1875 5079 gratia
1917 5006 2155 5081 Spiritus

583 5096 652 5155 ad
690 5098 1033 5156 immundum
1069 5108 1123 5156 et
1169 5109 1457 5157 nocentem
1505 5102 1868 5170 derivaretur,
1896 5116 2153 5158 exsecra-

586 5194 732 5249 tione
762 5194 1000 5259 subiata,
1038 5194 1275 5266 primum
1305 5194 1729 5262 benedicuntur,
1765 5194 1961 5251 deinde
1986 5194 2153 5266 justi-

583 5285 657 5341 tia
696 5301 791 5356 per
823 5284 980 5341 iidem
1016 5298 1260 5359 accepta,
1294 5286 1534 5357 Spiritus
1572 5288 1808 5360 gratiam
1843 5289 2147 5343 attrahunt.

583 5378 762 5449 Atque
812 5379 947 5435 adeo
999 5394 1134 5435 crux
1185 5379 1405 5451 quidem
1456 5379 1890 5437 exsecrationem
1948 5379 2145 5445 solvit,

2255 4629 2319 4683 ἐκ
2352 4625 2447 4682 τοῦ
2483 4625 2647 4697 νόμου
2696 4623 2850 4687 ὄντες
2892 4617 3317 4689 ἐπικατάρατοι,
3343 4610 3551 4684 ἑτέροις
3589 4608 3849 4677 εὐλογίας

2255 4720 2497 4791 γίνονται
2522 4715 2774 4790 πρόξενοι
2798 4731 2813 4782 ;

2330 4834 2349 4867 ι
2395 4813 2513 4867 Ἵνα
2540 4810 2639 4884 τὴν
2690 4805 3023 4880 ἐπαγγελίαν
3066 4801 3165 4858 τοῦ
3220 4796 3536 4870 Πνεύματος
3582 4791 3846 4864 λάϐωμεν

2253 4907 2343 4963 διὰ
2375 4907 2477 4979 τῆς
2506 4905 2766 4968 πίστεως.
2809 4921 2829 4956 ι

2339 4978 2558 5070 Ἐπειδὴ
2588 4995 2698 5068 γάρ
2720 4996 2821 5050 οὐκ
2844 4988 2912 5067 ἦν
2958 4991 3058 5064 τὴν
3088 4988 3249 5062 χάριν
3280 4983 3376 5040 τοῦ
3404 4981 3729 5052 Πνεύματος
3761 4978 3845 5041 εἰς

2254 5093 2565 5165 ἀκάθαρτον
2596 5089 2691 5144 καὶ
2725 5081 3210 5160 προσκεκρουκότα
3248 5079 3446 5145 ἐλθεῖν,
3474 5070 3843 5165 ⁸εὐλογοῦνται

2254 5162 2498 5259 πρῶτον,
2537 5183 2637 5254 τῆς
2694 5180 2942 5251 κατάρας
2981 5170 3375 5248 ἀφαιρεθείσης
3399 5188 3414 5203 ο
3444 5163 3567 5224 εἶτα
3610 5164 3702 5218 διὰ
3742 5162 3843 5232 τῆς

2248 5280 2483 5340 πίστεως
2533 5273 2911 5336 δικαιωθέντες
2958 5266 3302 5324 ἐπισπῶνται
3356 5261 3452 5319 τοῦ
3503 5259 3824 5329 Πνεύματος

2259 5376 2358 5447 τὴν
2380 5374 2557 5447 χάριν.
2583 5372 2744 5426 Ὥστε
2766 5371 2795 5425 6
2833 5368 2932 5442 μὲν
2960 5363 3191 5436 σταυρὸς
3230 5360 3329 5432 τὴν
3359 5358 3604 5430 κατάραν
3624 5354 3843 5414 ἔλυσεν,

586 5473 720 5531 ﬁdes
749 5487 875 5529 vero
916 5471 1187 5542 justitiam
1233 5472 1503 5543 praeStitit,
1568 5480 1621 5528 et
1668 5472 1883 5542 justitia
1921 5471 2145 5543 gratiam

2262 5474 2296 5544 ἡ
2322 5471 2379 5526 δὲ
2403 5470 2586 5535 πίστις
2604 5468 2706 5540 τὴν
2739 5461 3091 5535 δικαιοσύνην
3128 5460 3451 5531 εισήγαγεν,
3481 5455 3515 5525 ἡ
3545 5454 3606 5507 δὲ
3628 5452 3843 5507 Stato-

589 5565 829 5637 Spiritus
858 5568 1065 5622 allexit.

660 5662 821 5719 Vitas.
846 5663 1031 5721 15-18.
1072 5683 1089 5715 ι
1121 5661 1430 5719 Secundum
1464 5661 1738 5718 hominem
1770 5661 1911 5727 dico,
1943 5659 2156 5725 fratres,

2268 5564 2398 5635 σύνη
2424 5562 2523 5633 τὴν
2548 5563 2707 5632 χάριν
2737 5560 2831 5613 τοῦ
2872 5557 3193 5627 Πνεύματος
3224 5550 3595 5606 ἐπεσπάσατο.

2344 5678 2361 5711 ι
2391 5656 2548 5713 Κατὰ
2589 5656 2872 5728 ἄνθρωπον
2912 5650 3079 5721 λέγω,
3099 5645 3350 5719 ἀδελφοί·
3376 5646 3521 5712 ὅμως
3553 5636 3845 5710 ἀνθρώπου

728 5843 877 5898 Drut.
911 5859 1075 5903 vxvn.
1108 5843 1174 5897 “26
1238 5841 1277 5874 3‘
1318 5840 1473 5896 Deut.
1518 5855 1627 5903 xxi,
1664 5837 1750 5894 ‘28.
1808 5836 1869 5870 ³²⁷
1906 5836 2009 5894 lsa.
2040 5852 2145 5902 Lm,

2247 5851 2270 5891 ’.
2300 5836 2347 5868 ³³
2394 5832 2540 5889 Gen.
2588 5846 2719 5890 xsn.
2758 5828 2842 5886 i8.
2915 5828 2954 5861 ³³
3003 5824 3133 5883 Vide
3164 5822 3330 5887 infra,
3361 5836 3411 5875 ν.
3458 5816 3542 5872 16.
