4048 6290
317 355 423 423 ’197

1483 356 1567 420 ΙΝ
1600 358 1841 424 Εριδτ.
1877 359 1979 421 AD
2014 359 2371 421 GALA'I‘AS.

3457 357 3569 424 798

324 470 715 545 κεκυρωμένην
761 472 1029 549 διαθήκην
1073 477 1251 543 οὐδεὶς
1277 478 1463 533 ἀθετεῖ
1485 518 1500 541 ,
1524 477 1559 547 ἢ
1592 472 1900 529 ἐπιδιατάσ-

2013 470 2160 525 >Ιίιηε
2217 468 2459 526 hominis
2518 467 2902 527 conﬁrmatum
2961 476 3348 527 testamentum
3404 484 3567 526 nemo

326 582 496 621 σεται.
522 566 610 639 Τῷ
635 567 692 621 δὲ
737 567 988 643 Ἀϐραὰμ
1020 571 1325 643 ἐρρέθησαν
1356 573 1413 627 at
1438 568 1667 640 ἐπαγγετ
1689 566 1899 635 ianua).

321 660 403 735 τῷ
436 662 710 735 σπέρματι
738 662 929 721 αὐτοῦ.
963 665 1042 721 Οὐ
1071 664 1243 737 λέγει,
1272 668 1384 721 Και
1414 668 1528 730 τοῖς
1563 664 1897 739 σπέρμασιν,

324 752 401 817 ὡς
428 753 521 806 ἰπὶ
552 752 785 819 πολλῶν,
820 754 938 810 ἀλλ’
968 756 1045 821 ὡς
1077 758 1163 828 ἐφ’
1198 758 1335 824 ἑνὸς,
1366 758 1479 812 Καὶ
1512 756 1592 829 τῷ
1624 754 1903 829 σπέρματί

328 844 519 909 σου,ὅς
550 845 666 898 ἐστι
697 846 954 918 Χριστός.
980 846 1152 904 Τοῦτο
1176 847 1233 904 δὲ
1268 849 1432 917 λέγω,
1464 846 1728 921 διαθήκην
1765 863 1903 919 προ·

330 938 720 1011 κεκυρωμένην
751 939 857 995 ὑπὸ
883 940 977 996 τοῦ
1007 940 1166 1009 Θεοῦ,
1196 944 1224 997 ὁ
1274 943 1412 1015 μετὰ
1440 941 1769 1014 τετρακόσια
1809 942 1903 996 καὶ

326 1034 619 1106 τριάκοντα
671 1034 766 1108 ετη
813 1036 1053 1108 γεγονὼς
1104 1038 1269 1110 νόμος
1322 1039 1421 1093 οὐκ
1470 1039 1668 1109 ἀκυροῖ
1714 1039 1794 1102 είς
1845 1037 1904 1091 τὸ

327 1126 674 1200 καταργῆσαι
700 1129 799 1201 τὴν
825 1130 1180 1201 ἐπαγγελίαν.
1198 1132 1271 1186 Είη
1285 1130 1392 1205 γὰρ
1418 1133 1483 1185 ὲκ
1520 1132 1685 1203 νόμον
1710 1132 1743 1203 ή
1770 1130 1907 1202 κλη-

330 1219 577 1293 ρονομία,
613 1221 798 1277 οὐκέτι
847 1222 910 1289 ἐξ
958 1224 1315 1295 ἐπαγγελίας.
1345 1224 1437 1297 Τῷ
1474 1222 1532 1279 δὲ
1566 1223 1817 1298 Ἀϐραὰμ
1836 1223 1907 1280 δι’

329 1312 666 1383 ἐπαγγελίας
686 1316 1011 1388 κεχάρισται
1030 1320 1061 1373 6
1087 1317 1241 1383 Θεός.
1279 1334 1301 1370 r

412 1403 506 1473 Ἐξ
549 1404 906 1480 ἀνθρωπίνων
968 1408 1069 1481 μὲν
1123 1411 1586 1483 παραδειγμάτων
1637 1414 1665 1468 ὁ
1701 1410 1858 1482 λόγος
1888 1454 1907 1481 ’

328 1499 499 1571 φησί·
529 1497 690 1555 τοῦτο
733 1501 844 1573 γάρ
871 1502 988 1556 ἐστι
1034 1502 1097 1556 τδ
1121 1543 1137 1570 ,
1167 1504 1318 1560 κατὰ
1370 1504 1687 1575 ἄνθρωπον
1730 1506 1904 1577 λέγω.

339 1587 403 1641 ’0
440 1586 498 1642 δὲ
547 1588 672 1655 νοῦς
715 1584 869 1654 οὗτος
893 1607 908 1623 ·
947 1593 1348 1666 Ἐπηγγείλατο
1399 1596 1476 1668 τῷ
1524 1596 1779 1670 Ἀϐραὰμ
1819 1596 1909 1653 διὰ

331 1680 646 1753 σπέρματος
664 1683 829 1739 αὐτοῦ
852 1686 1147 1759 εὐλογῆσαι
1172 1687 1242 1743 τὰ
1272 1688 1400 1762 ἐθνη
1420 1704 1437 1722 ο
1467 1690 1691 1764 σπέρμα
1716 1690 1775 1746 δὲ
1811 1691 1910 1747 a6-

327 1771 427 1826 τοῦ
448 1777 562 1828 ἐστι
582 1775 725 1830 κατὰ
749 1777 933 1850 σάρκα
949 1780 980 1833 6
1009 1781 1264 1854 Χριστός.
1289 1780 1464 1838 Ἦλθε
1514 1785 1656 1856 μετὰ
1708 1803 1908 1860 τετρα-

2004 558 2234 631 spernit,
2261 565 2356 613 aut
2388 559 2798 629 superordinat.
2829 559 3065 617 Abrahae
3095 560 3255 616 dictae
3287 568 3416 616 sunt
3443 575 3570 631 pre-

2003 651 2295 709 missiones
2320 659 2375 708 et
2409 651 2608 711 semini
2636 651 2775 722 eius.
2810 654 2931 709 Non
2961 652 3097 710 dicit
3133 672 3148 708 :
3178 660 3237 710 et
3264 654 3571 710 seminibus

2001 745 2157 817 quasi
2195 745 2250 802 in
2282 745 2469 802 multis
2490 787 2509 813 ,
2562 746 2659 803 sed
2687 748 2846 817 quasi
2887 747 2943 801 in
2973 761 3105 817 uno,
3137 754 3193 801 et
3216 747 3415 804 semini
3450 755 3568 811 tuo,

2002 835 2096 908 qui
2114 844 2199 892 est
2218 836 2494 895 Christus.
2517 835 2635 894 Hoc
2655 844 2836 892 autem
2857 836 2981 893 dico
3002 844 3381 895 testamentum
3409 835 3570 910 168

2004 930 2381 987 conﬁrmatum
2410 945 2440 986 a
2479 930 2613 999 Deo,
2638 948 2760 1004 quae
2788 943 2912 1005 post
2933 931 3365 1004 quadringentos
3394 939 3449 988 et
3473 933 3573 993 tri-

2004 1023 2153 1095 ginta
2182 1039 2359 1082 annos
2384 1023 2528 1082 facta
2553 1034 2637 1084 est
2664 1025 2770 1091 lex,
2799 1041 2911 1083 non
2936 1026 3153 1082 irritum
3187 1024 3322 1083 facit
3348 1027 3416 1082 ad
3444 1042 3573 1084 era-

2004 1117 2273 1175 cuandam
2310 1120 2757 1191 promissionem.
2782 1117 2918 1177 Nam
2945 1121 2993 1177 si
3018 1135 3086 1178 ex
3108 1120 3225 1192 lege
3256 1120 3572 1186 hereditas,

2001 1209 2112 1282 jam
2147 1227 2258 1269 non
2290 1227 2354 1270 ex
2378 1214 2770 1285 promissione.
2802 1214 3038 1271 Abrahae
3063 1220 3246 1272 autem
3275 1227 3373 1286 per
3393 1228 3575 1285 repro-

2006 1302 2322 1361 missionem
2354 1305 2579 1362 donavit
2606 1305 2773 1363 Deus.
2810 1324 2832 1363 ι

2074 1391 2343 1455 Humanis
2381 1404 2510 1453 utor
2542 1396 2829 1470 exemplis,
2883 1395 3116 1470 inquit:
3154 1396 3261 1455 hoc
3308 1396 3456 1453 enim
3493 1402 3576 1453 est
3634 1398 3642 1405 '

2006 1488 2149 1560 quod
2171 1490 2269 1558 ait,
2298 1490 2587 1546 secundum
2608 1490 2869 1547 hominem
2896 1489 3039 1547 dico.
3061 1487 3234 1558 Hujus
3260 1498 3439 1546 autem
3468 1488 3574 1545 loci

2006 1598 2202 1641 sensus
2219 1594 2322 1642 est.
2344 1585 2659 1642 Abrahamo
2687 1585 2830 1642 Deus
2850 1584 3130 1656 pollicitus
3157 1592 3239 1643 est
3260 1584 3576 1645 benedictu-

2005 1693 2131 1735 rum
2156 1694 2214 1736 se
2246 1687 2435 1751 gentes
2458 1694 2553 1750 per
2569 1693 2759 1736 semen
2789 1677 2965 1750 ipsius
2991 1698 3008 1737 :
3037 1694 3225 1737 semen
3252 1686 3432 1735 autem
3456 1679 3577 1752 ejus

2009 1772 2311 1829 secundum
2350 1785 2572 1828 carnem
2601 1770 2857 1829 Christus
2884 1779 2971 1829 est
3005 1786 3022 1828 :
3057 1781 3185 1844 post
3226 1788 3399 1829 annos
3438 1772 3575 1830 sub-

330 1864 493 1920 κόσια
533 1867 631 1923 καὶ
662 1840 959 1941 τριάκοντα
985 1840 1084 1943 ἔτη
1120 1840 1304 1945 νόμος.
1342 1874 1406 1931 Et
1455 1840 1635 1932 τοίνυν
1677 1840 1905 1951 ὁνόμος

2013 1864 2139 1921 inde
2174 1862 2607 1936 quadringentos
2664 1872 2720 1921 et
2778 1864 3004 1936 triginta
3056 1840 3144 1920 lex
3203 1863 3408 1936 prodiit
3465 1885 3481 1922 :
3527 1865 3576 1923 si

329 1956 614 2031 χαρίζεται
632 1960 730 2027 τὰς
753 1961 1004 2031 εὐλογίας
1034 1965 1129 2019 καὶ
1146 1967 1245 2037 τὴν
1278 1966 1423 2037 ζωὴν
1457 1967 1552 2022 καὶ
1572 1968 1671 2041 τὴν
1705 1969 1911 2025 δικαιο-

333 2048 523 2121 σύνην,
555 2053 587 2122 ἠ
618 2050 918 2122 ἐπαγγελία
961 2053 1145 2130 ἐκείνη
1197 2054 1401 2127 ἄκυρός
1446 2056 1614 2113 ἐστιν.
1651 2052 1789 2113 Εἶτα
1819 2058 1913 2113 ἀν-

333 2142 558 2216 θρώπου
584 2142 686 2217 μὲν
744 2146 926 2211 οὐδεὶς
970 2147 1158 2202 ἀθετεῖ
1195 2147 1459 2222 διαθήκην
1483 2165 1498 2180 ·
1523 2150 1615 2205 τοῦ
1656 2150 1714 2205 δὲ
1769 2149 1907 2206 Θεοῦ

336 2236 478 2306 μετὰ
507 2239 828 2321 τετρακόσια
856 2239 950 2299 καὶ
967 2242 1257 2313 τριάκοντα
1280 2242 1377 2315 ἐτη
1406 2244 1764 2317 ἁκυροῦταιή
1792 2246 1913 2300 δια-

334 2329 500 2401 θήκη.
536 2329 600 2384 Εί
626 2330 734 2403 γὰρ
760 2330 797 2387 ἃ
823 2326 1192 2403 ἐπηγγείλατο
1242 2332 1446 2406 ἐκείνη,
1473 2336 1574 2389 οὐκ
1601 2335 1782 2409 εκείνη
1831 2335 1913 2391 δίη

333 2424 528 2492 δωσιν,
556 2426 673 2481 ἀλλ’
703 2426 887 2500 ἕτερος
935 2427 1050 2483 ἀντ’
1076 2428 1294 2500 ἐκείνης
1316 2470 1332 2495 ,
1355 2426 1633 2484 τουτέστιν
1667 2431 1695 2484 ὁ
1727 2429 1911 2501 νόμος,

335 2516 665 2591 ἐπιϐέϐληται
692 2522 727 2594 ἡ
756 2519 993 2593 διαθήκη
1032 2538 1052 2557 ε
1083 2520 1179 2578 καὶ
1206 2520 1324 2587 πῶς
1358 2521 1426 2577 ἂν
1474 2522 1588 2595 ἔχοι
1618 2522 1776 2578 τοῦτο
1818 2523 1911 2578 λό-

334 2625 476 2676 γονς

421 2704 566 2759 Ἀντὶ
593 2705 710 2770 τοῦ,
732 2706 766 2780 ἢ
802 2705 1184 2782 προστίθησιν.

413 2817 433 2851 ι
477 2799 543 2853 Τί
570 2796 664 2856 οὖν
698 2801 729 2856 6
761 2802 959 2875 νόμος;
984 2804 1095 2859 τῶν
1124 2801 1493 2877 παραϐάσεων
1533 2804 1697 2879 χάριν
1740 2821 1911 2878 προσ-

335 2890 522 2964 ετέθη.
562 2910 584 2947 ι

410 2985 530 3041 Ἵνα
555 2987 634 3058 μή
667 3002 748 3051 τις
776 2987 973 3064 νομίσῃ
1010 2991 1265 3065 περιττὸν
1295 2989 1390 3045 τὸν
1416 2990 1600 3062 νόμον,
1628 2991 1725 3046 καὶ
1751 2990 1913 3047 τοῦτο

334 3075 645 3148 διορθοῦται
665 3078 725 3132 τὸ
756 3078 941 3151 μέρος,
962 3078 1177 3146 δεικνὺς
1201 3082 1282 3137 ὅτι
1310 3081 1411 3137 οὐκ
1439 3083 1583 3156 εἰκῆ,
1606 3082 1741 3138 ἀλλὰ
1767 3083 1912 3140 πάνυ

2012 1957 2443 2025 benedictiones,
2470 1959 2581 2015 vita
2624 1965 2678 2015 et
2711 1957 2928 2029 justitia
2957 1958 3075 2030 lege
3103 1957 3574 2024 donantur,irrita

2009 2067 2143 2127 ergo
2171 2050 2276 2108 fuit
2322 2052 2415 2107 illa
2452 2050 2770 2125 promissio.
2818 2051 2901 2107 Ad
2951 2051 3103 2121 htec,
3144 2064 3308 2108 nemo
3356 2052 3575 2119 quidem

2013 2145 2255 2203 hominis
2280 2152 2671 2203 testamentum
2705 2143 3045 2203 resciderit:
3086 2143 3183 2202 Dei
3236 2161 3367 2201 vero
3412 2153 3582 2202 testa-

2013 2247 2261 2297 mentum
2294 2249 2418 2309 post
2446 2237 2877 2311 quadringentos
2904 2247 2959 2295 et
2992 2237 3214 2312 triginta
3248 2254 3425 2295 annos
3454 2238 3581 2295 irri-

2013 2341 2126 2391 tum
2157 2332 2361 2391 factum
2383 2334 2511 2390 erit.
2533 2332 2667 2388 Nam
2693 2333 2741 2390 si
2770 2349 2894 2405 quae
2922 2331 3057 2390 illud
3088 2334 3433 2407 promiserat,
3464 2332 3581 2389 hare

2010 2428 2192 2502 ipsum
2224 2444 2335 2485 non
2364 2427 2636 2501 praestitit,
2677 2428 2771 2486 sed
2810 2427 2959 2484 aliud
2988 2428 3113 2499 ejus
3159 2428 3301 2493 loco,
3347 2428 3431 2485 lex
3493 2428 3579 2484 ni-

2012 2520 2245 2591 mirum;
2293 2528 2684 2578 testamentum
2719 2521 2889 2591 igitur
2918 2521 3241 2593 abrogatum
3275 2520 3404 2576 erit.
3445 2519 3582 2588 Qui-

2012 2631 2138 2671 nam
2176 2630 2307 2671 vero
2338 2615 2453 2671 haec
2484 2632 2611 2672 cum
2645 2615 2858 2672 ratione
2894 2615 3109 2688 possint
3137 2613 3489 2687 congruere?

2084 2708 2230 2766 idem
2263 2717 2347 2765 est
2375 2718 2561 2782 atque,
2598 2717 2691 2765 aut
2721 2708 2935 2780 adjicit.

2085 2800 2252 2859 Vens.
2288 2801 2386 2859 l9.
2411 2820 2430 2856 ι
2471 2802 2613 2871 Quid
2645 2802 2812 2878 igitur
2841 2801 2969 2860 lex!
3013 2812 3238 2876 prepter
3266 2813 3581 2877 transgrcso

2012 2894 2199 2953 siones
2226 2895 2403 2968 posita
2440 2904 2556 2969 est.
2585 2914 2605 2950 ι

2082 2991 2164 3047 Ne
2187 2990 2313 3060 quis
2336 2990 2511 3063 legem
2540 2989 2871 3063 superﬂuam
2894 2989 3070 3047 fuisse
3093 2989 3411 3055 arbitretur,
3441 2991 3582 3047 hanc

2014 3099 2231 3155 quoque
2291 3092 2501 3155 partem
2539 3085 2729 3151 sarcit,
2763 3083 3148 3141 demonstrans
3176 3097 3322 3151 eam,
3348 3097 3457 3139 non
3495 3091 3582 3139 te-

335 3168 626 3242 χρησίμως
656 3168 938 3242 ὶδὸθη,ῐνα
967 3170 1046 3245 μὴ
1093 3171 1192 3247 ἐξῇ
1237 3171 1525 3240 Ἰουδαίους
1572 3176 1743 3243 ἀδεῶς
1788 3174 1908 3249 ζῇν,

2016 3192 2164 3234 mere
2189 3184 2245 3233 et
2275 3175 2500 3243 frustra,
2529 3174 2625 3234 sed
2656 3175 2949 3233 admodum
2981 3176 3189 3232 utiliter
3208 3190 3335 3233 esse
3361 3175 3581 3232 datam:

335 3261 434 3318 καὶ
461 3264 543 3327 εἰς
571 3261 799 3336 ἔσχατον
824 3263 1212 3331 ὲξολισθαίνειν
1247 3267 1468 3336 κακίας,
1497 3269 1635 3325 ἀλλὰ
1668 3270 1792 3326 ἀντὶ
1813 3287 1913 3342 χα-

335 3352 483 3408 λινοῦ
504 3354 536 3407 6
558 3352 726 3426 νόμος
777 3356 962 3423 αὐτοῖς
1016 3357 1367 3430 ἐπικείμενος
1388 3354 1457 3433 ᾖ,
1488 3360 1788 3429 παιδεύων,
1821 3364 1917 3432 ῥυ-

333 3445 569 3520 θμίζων,
600 3446 827 3504 κωλύων
855 3450 1238 3522 παραϐαίνειν,
1268 3453 1315 3507 εί
1337 3454 1431 3508 καὶ
1461 3454 1537 3527 μὴ
1572 3454 1776 3521 πασας,
1796 3453 1915 3508 ἀλλ’

334 3540 491 3610 ὅμως
522 3539 630 3599 κᾶν
657 3541 807 3607 ὶνίας
840 3542 953 3598 τῶν
988 3543 1239 3600 ἐντολῶν.
1278 3544 1443 3603 Ὥστε
1488 3546 1551 3602 οὐ
1608 3545 1809 3619 μικρὸν
1853 3544 1917 3603 τὸ

334 3632 532 3706 κέρδος
572 3632 667 3687 τοῦ
705 3633 893 3705 νόμου.
930 3634 1071 3689 Ἀλλ’
1098 3634 1230 3708 ἄχρι
1258 3634 1434 3705 τίνος;
1466 3637 1663 3709 ’Δχρις
1682 3628 1744 3691 οῦ
1785 3636 1916 3712 ελθῃ

334 3726 397 3781 τὸ
420 3725 641 3798 σπέρμα
659 3717 703 3795 ᾧ
726 3724 1109 3797 ἐπηγγείλατο.

416 3837 438 3871 ι
475 3820 670 3891 ’Δχρις
724 3812 787 3873 οὗ
839 3818 971 3895 ἔλθῃ
1010 3819 1074 3874 τὸ
1124 3820 1348 3893 σπέρμα
1388 3820 1418 3876 δ
1443 3820 1780 3896 ἐπήγγελται
1826 3823 1915 3880 διὰ

334 3909 603 3981 διαταγῆς
630 3910 699 3964 δι’
726 3910 995 3981 ἀγγέλων.
1036 3929 1056 3966 r

408 4001 647 4075 Σπέρμα
677 4003 775 4075 μὲν
801 4002 894 4058 τὸν
944 4004 1181 4076 Χριστόν
1225 4022 1380 4076 φησι.
1410 4005 1572 4078 Λέγει
1608 4005 1705 4062 δά·
1737 4008 1914 4080 Μέχρι

334 4092 438 4162 τῆς
490 4092 728 4165 Χριστοῦ
773 4096 1080 4167 παρουσίας
1101 4097 1312 4154 δέδοται
1346 4112 1362 4128 ·
1389 4098 1445 4153 τί
1475 4097 1789 4173 περαιτέρω
1820 4099 1916 4156 καὶ

325 4186 491 4259 παρὰ
516 4185 706 4259 καιρὸν
736 4188 901 4243 αὐτὸν
928 4188 1108 4255 ἕλκεις
1130 4206 1149 4257 3

411 4321 436 4358 ι
475 4302 563 4358 Ἐν
582 4304 728 4377 χειρὶ
752 4303 1014 4361 Medis-ou.
1044 4305 1099 4361 Ὀ
1123 4305 1181 4361 δὲ
1204 4305 1449 4380 Μεσίτης
1476 4306 1597 4373 év's;
1624 4306 1725 4361 οὐκ
1744 4305 1911 4362 ἔστιν’

334 4400 363 4454 6
393 4397 452 4452 δὲ
479 4397 610 4464 Θεὸς
638 4392 720 4462 εἷς
750 4398 921 4455 ἐστιν.
955 4417 974 4453 ι

407 4508 517 4566 Τὸν
542 4510 776 4584 Χριστὸν
806 4512 1041 4568 ἐνταῦθά
1084 4530 1235 4586 φησι,
1265 4513 1357 4569 τδν
1388 4514 1482 4569 καὶ
1533 4514 1699 4571 πάλαι
1747 4516 1912 4571 δεδω-

338 4604 475 4661 κότα
504 4576 610 4659 τὸν.
632 4604 816 4675 νόμον.
850 4604 917 4660 El
944 4606 998 4660 δὲ
1041 4576 1343 4678 εδει-νόμον
1386 4604 1547 4672 αὐτὸς
1586 4606 1776 4675 ἔδωκε,
1809 4608 1910 4662 κύρ·
1943 4576 1987 4632 D

341 4714 458 4770 ριος
488 4696 554 4754 ἂν
585 4696 670 4771 εἴη
712 4699 808 4753 καὶ
834 4697 998 4775 λῦσαι
1024 4698 1210 4756 πάλιν.

416 4831 439 4868 ι
484 4814 545 4869 ’0
589 4808 685 4869 οὖν
727 4813 883 4886 νόμος
921 4812 1064 4869 κατὰ
1091 4812 1201 4868 τῶν
1232 4815 1536 4883 ἔιπαγγελιῦ
1564 4832 1577 4867 η’
1607 4816 1701 4869 τοῦ
1737 4816 1909 4884 Θεοίος

339 4905 421 4979 μὴ
452 4905 682 4978 γένοιτο.
716 4908 781 4962 Et
824 4905 937 4978 γὰρ
986 4905 1143 4978 ἐδόθη
1188 4905 1353 4978 νόμος
1396 4908 1425 4960 6
1458 4906 1755 4979 δυνάμενος
1785 4908 1917 4975 Cur,-

337 5000 587 5072 ποιῆσαι,
615 4998 783 5064 ὅντως
806 5000 871 5054 ὲκ
905 4999 1071 5070 νόμον
1097 4994 1165 5069 ἦν
1190 5000 1225 5071 ἠ
1256 5000 1594 5072 δικαιοσύνη.
1628 5020 1648 5055 ι

415 5113 478 5168 Εἰ
504 5115 615 5185 γὰρ
650 5113 729 5187 τῷ
767 5113 1041 5186 σπέρματι
1072 5112 1165 5169 τοῦ
1203 5113 1457 5186 Ἀϐραὰμ
1480 5113 1537 5169 αἰ
1567 5113 1810 5183 εὐλογίαι
1832 5116 1918 5170 δέ-

336 5207 545 5277 δονται,
567 5211 597 5266 6
619 5208 676 5263 δὲ
716 5208 881 5280 νόμος
925 5208 1170 5281 κατάραν
1197 5206 1431 5277 εἰσάγει,
1467 5207 1576 5280 ἄρα
1623 5209 1767 5265 κατά
1810 5210 1918 5265 τῶν

336 5301 683 5372 ἑπαγγελιῶν
707 5300 802 5356 τοῦ
834 5300 973 5357 Θεοῦ
1007 5302 1035 5355 6
1059 5300 1242 5374 νόμος.
1276 5300 1401 5368 Πῶς
1433 5296 1528 5358 οὖν
1566 5299 1687 5356 λύει
1728 5301 1915 5369 αὐτὸν,

339 5393 556 5449 σκόπει.
575 5393 799 5466 Πρῶτον
834 5393 932 5465 μὲν
959 5394 1025 5467 τῇ
1048 5392 1419 5467 ἀπαγορεύσει
1438 5393 1635 5465 τδ,Μὴ
1665 5394 1915 5466 γένοιτο,

334 5485 518 5559 λέγων
536 5482 835 5560 ·δπιρ[ἦν]
854 5486 1058 5559 σφόδρα
1087 5486 1682 5558 ἀτοπώτατον,τίθεται
1728 5488 1920 5544 ἔπειτα

337 5581 587 5654 λογισμῷ
631 5580 1035 5653 βεϐαίῳ.Ἔστι
1061 5580 1138 5645 ἰδὲ
1163 5574 1342 5648 οῦτοςο
1379 5580 1443 5636 Ei
1492 5582 1592 5655 μὲν
1636 5582 1696 5637 δν
1746 5581 1915 5654 αὐτῷ,

339 5674 502 5749 φησι,
525 5674 604 5747 τῷ
631 5674 781 5747 νόμῳ
823 5674 921 5746 τὴν
951 5673 1140 5729 ἐλπίδα
1186 5675 1288 5748 τῆς
1331 5674 1478 5748 ζωῆς
1504 5675 1745 5748 εἴχομεν,
1783 5676 1918 5742 ἴσως

340 5764 526 5833 καλῶς
572 5767 744 5825 ταῦτα
794 5766 1000 5840 ελεγον.
1024 5769 1089 5824 Et
1120 5768 1180 5826 δὲ
1210 5768 1321 5826 ἀπὸ
1350 5769 1448 5841 τῆς
1474 5769 1710 5837 πίστεως
1746 5772 1779 5842 ὴ
1812 5788 1918 5827 σω-

339 5862 508 5936 τηρία
534 5861 665 5934 ἡμῖν
695 5862 788 5917 καὶ
818 5862 850 5934 ἡ
880 5860 1019 5935 ζωὴ,
1055 5862 1160 5919 κᾶν
1194 5860 1636 5937 ὶπικαταράτους
1677 5865 1919 5928 ἐκείνους

2016 3286 2085 3328 ne
2121 3271 2331 3327 scilicet
2361 3269 2566 3327 Judaeis
2596 3270 2783 3327 liceret
2808 3269 2959 3325 nullo
2984 3269 3184 3325 timore
3212 3269 3418 3335 vivere,
3451 3268 3583 3326 etin

2012 3366 2314 3415 extremam
2362 3358 2578 3430 prolabi
2641 3358 2934 3415 malitiam.
2994 3356 3341 3431 Quapropter
3406 3357 3580 3431 legem

2014 3449 2192 3505 instar
2215 3450 2352 3506 freni
2384 3451 2698 3523 impositam
2721 3452 2807 3509 eis
2837 3449 3031 3517 fuisse,
3058 3464 3183 3522 qua
3213 3450 3367 3521 ipsos
3394 3451 3581 3507 erudi-

2013 3550 2118 3609 ret,
2151 3550 2636 3619 componeretque,
2668 3559 2770 3602 nec
2820 3544 3029 3601 sineret
3087 3541 3330 3610 violare,
3377 3543 3423 3601 si
3469 3559 3581 3600 non

2013 3633 2216 3700 omnia,
2251 3640 2399 3691 certe
2430 3634 2645 3706 aliquot
2688 3642 2985 3706 praecepta.
3017 3630 3315 3707 Usquean
3361 3635 3585 3691 autem?

2015 3724 2200 3798 Usque
2220 3726 2348 3782 dum
2375 3729 2587 3785 veniret
2617 3743 2805 3787 semen
2834 3727 2923 3785 cui
2952 3727 3307 3807 promiserat.

2089 3834 2111 3869 ι
2144 3816 2330 3874 Donec
2354 3819 2567 3876 veniret
2605 3834 2815 3888 semen,
2846 3817 2936 3875 cui
2966 3817 3265 3892 promissio
3298 3814 3441 3875 facta
3477 3825 3582 3886 cst,

2014 3908 2267 3966 ordinata
2302 3925 2402 3982 per
2425 3911 2670 3982 angelos.
2693 3930 2714 3965 ι

2082 4002 2364 4060 Christum
2390 4004 2606 4075 quidem
2633 4020 2808 4061 semen
2860 4003 3018 4085 dicit.
3046 4004 3137 4060 Ait
3162 4016 3298 4061 vero
3335 4023 3351 4061 :
3390 4004 3574 4077 Usque

2015 4097 2083 4155 ad
2117 4097 2407 4155 adventum
2425 4098 2631 4157 Christi
2664 4100 2750 4157 lex
2782 4099 2909 4156 data
2946 4107 3059 4167 est;
3094 4113 3196 4156 cur
3218 4113 3340 4157 eam
3367 4097 3586 4172 longius

2014 4197 2070 4247 et
2096 4191 2241 4247 ultra
2275 4200 2489 4264 tempus
2522 4192 2831 4265 prorogas?

2088 4324 2109 4359 ι
2140 4304 2199 4361 In
2228 4322 2395 4362 manu
2419 4305 2761 4365 Mediatoris.
2805 4306 2997 4380 ﬂens.
3029 4306 3149 4378 20.]
3191 4305 3457 4364 Mediator
3491 4323 3587 4363 an-

2015 4404 2125 4454 tem
2162 4398 2327 4456 unius
2354 4414 2466 4456 non
2505 4411 2591 4456 eat
2624 4418 2638 4454 :
2681 4398 2828 4455 Deus
2859 4415 2989 4457 vero
3015 4416 3158 4458 unus
3191 4408 3297 4457 est.
3340 4418 3359 4454 ι

2089 4512 2191 4570 Hic
2217 4511 2494 4571 Chrismm
2525 4515 2727 4581 innuit,
2751 4516 2840 4585 qui
2864 4523 2919 4572 et
2940 4515 3109 4588 legem
3140 4516 3417 4587 quondam
3450 4532 3582 4587 pra:-

2018 4607 2165 4665 buit'.
2196 4607 2354 4676 Quod
2393 4609 2439 4665 si
2476 4611 2524 4665 is
2555 4609 2726 4681 legem
2760 4610 2909 4675 tuiit,
2947 4625 3117 4682 penes
3168 4610 3323 4665 illum
3360 4625 3581 4682 quoque
3672 4611 3679 4619 '

2019 4702 2092 4760 sit
2119 4707 2341 4775 oportet
2368 4717 2489 4759 eam
2522 4702 2706 4759 denuo
2736 4704 2972 4760 solvere.

2089 4819 2254 4878 Vens.
2290 4820 2383 4877 2|.
2426 4838 2445 4873 ι
2482 4818 2592 4875 Lex
2652 4834 2787 4890 ergo
2820 4819 3085 4878 adversus
3121 4820 3393 4893 promissa
3452 4816 3593 4875 Dei?

2020 4912 2183 4970 absit.
2211 4913 2271 4969 Si
2296 4912 2443 4969 enim
2465 4912 2593 4968 data
2627 4921 2773 4969 esset
2806 4912 2893 4969 lex
2919 4927 3042 4984 qua:
3066 4918 3253 4985 posset
3290 4910 3585 4977 viriﬁcarc,

2018 5025 2144 5065 rere
2182 5022 2249 5064 ex
2286 5008 2405 5081 lege
2432 5014 2579 5066 esset
2608 5007 2852 5078 iustitia.
2893 5026 2911 5059 ι

2086 5120 2221 5176 Nam
2240 5120 2288 5178 si
2318 5119 2514 5178 semini
2540 5118 2813 5175 Abraham
2837 5118 2978 5177 data:
2999 5116 3404 5175 benedictiones
3433 5128 3587 5181 sunt,

2017 5210 2102 5265 lex
2140 5218 2319 5265 autem
2352 5209 2785 5268 exsecrationem
2830 5208 3089 5276 adducit;
3123 5210 3207 5266 lex
3255 5209 3424 5281 igitur
3458 5226 3589 5280 pro-

2017 5300 2375 5359 missionibus
2414 5297 2509 5356 Dei
2535 5299 2876 5356 adversatur.
2937 5299 3149 5372 Inspice
3186 5313 3316 5356 vero
3362 5300 3585 5371 quinam

2019 5395 2123 5452 hoc
2168 5394 2365 5451 solvat.
2412 5392 2659 5450 Primum
2711 5393 2934 5466 quidem
2998 5393 3346 5466 abnegando,
3373 5390 3587 5461 dicens,

2020 5488 2190 5554 Absit,
2229 5503 2455 5560 remque
2485 5488 2625 5545 adeo
2660 5486 3120 5545 absurdissimam
3166 5495 3353 5573 θοῇ-εει
3401 5506 3416 5543 :
3471 5495 3585 5543 tum

2018 5581 2217 5640 deinde
2243 5581 2426 5640 valida
2456 5581 2897 5649 ratiocinatione,
2931 5597 3053 5653 qua:
3073 5579 3341 5651 ejusmodi
3373 5589 3459 5638 est
3487 5595 3500 5635 :
3528 5578 3587 5635 Si

2018 5676 2073 5733 in
2099 5676 2217 5750 lege
2240 5677 2363 5735 vita:
2393 5690 2544 5749 spem
2573 5674 2984 5743 habuissemus,
3020 5676 3219 5749 inquit,
3253 5676 3366 5731 haec
3401 5673 3583 5729 forsan

2019 5772 2169 5824 recte
2197 5766 2278 5829 illi
2304 5766 2598 5825 dicerent:
2637 5766 2724 5825 sin
2780 5781 2911 5823 vero
2954 5781 2983 5823 a
3040 5765 3145 5823 ﬁde
3182 5767 3334 5824 salus
3366 5765 3585 5835 vitaque

2021 5868 2305 5931 parantur,
2340 5862 2557 5919 tametsi
2610 5860 2691 5920 lex
2734 5861 2872 5920 diris
2923 5861 3063 5919 alios
3121 5860 3407 5929 devoveat,
3449 5857 3583 5917 nihil
