4048 6290
269 353 381 419 895

1445 350 1526 410 IN
1563 348 1801 410 EPIST.
1833 346 1932 406 AD
1968 347 2320 411 GALATAS.

3396 344 3507 413 806

280 465 819 537 cipitajeyéwqrat,
851 467 880 520 ὁ
905 464 963 519 δὲ
989 465 1053 518 ἐκ
1094 461 1197 533 τῆς
1225 461 1278 515 ὲ)
1291 458 1540 533 ευθέρας,
1571 460 1635 514 δι’
1666 462 1840 526 ἑπαγ-

1944 459 2184 516 cuudum
2217 474 2439 517 carnem
2488 468 2649 518 natus
2696 470 2813 529 est;
2847 459 2941 533 qui
2981 467 3161 517 autem
3195 454 3263 514 de
3307 457 3502 529 libera,

280 558 472 627 γελίας.
508 577 527 610 ι

358 649 575 723 Ἐπειδὴ
605 649 811 719 ἔλεγεν,
859 647 945 703 ὅτι
978 647 1011 721 ή
1048 647 1231 710 πίστις
1278 646 1422 717 ὑμᾶς
1469 643 1733 699 συνάπτει
1763 640 1841 713 τῷ

292 741 554 814 Ἀϐραὰμ,
598 742 697 796 καὶ
724 740 897 795 ἐδόκει
921 742 1037 804 τοῖς
1076 737 1367 793 ἀκούουσιν
1412 736 1674 792 ἀπίθανον
1702 729 1841 789 εἶναι

278 836 353 899 είς
375 835 497 899 τοὺς
528 832 604 907 μή
644 832 1025 904 γεννωμένους,
1054 830 1115 898 ἐξ
1152 830 1385 894 ἐκείνου,
1424 826 1649 891 τούτους
1693 826 1841 890 υἱούς

278 942 435 996 φησιν
463 921 846 989 εἶναιέκείνου,
869 924 1143 978 δείκνυσιν
1164 922 1246 975 ὅτι
1275 920 1335 976 τὸ
1362 918 1665 993 παράδοξον
1685 918 1841 973 τοῦτο

278 1013 476 1067 ἄνωθεν
495 1012 738 1084 γέγονεν.
783 1014 840 1067 '0
866 1013 975 1085 γὰρ
1015 1011 1200 1066 Ἰσαὰκ
1225 1011 1287 1065 ού
1317 1009 1461 1066 κατὰ
1481 1008 1698 1080 φύσεως
1714 1007 1843 1061 ἀκο-

275 1110 508 1178 λουθίαν,
537 1111 659 1166 οὐδὲ
686 1110 832 1166 κατὰ
864 1112 1046 1182 γάμου
1087 1110 1275 1181 νόμον,
1309 1107 1432 1163 οὐδὲ
1461 1105 1607 1161 κατὰ
1639 1103 1841 1179 σαρκὸς

260 1201 497 1274 «δύναμιν
521 1200 882 1273 γεννώμενος,
916 1203 1011 1256 καὶ
1041 1201 1156 1267 υίὸς
1178 1241 1194 1267 ,
1225 1200 1322 1254 καὶ
1355 1201 1575 1272 γνήσιος
1608 1192 1698 1268 ἦν,
1731 1194 1840 1249 ἀπὸ

274 1297 479 1367 νεκρῶν
526 1296 796 1368 σωμάτων
849 1294 1016 1365 φῦναι
1044 1293 1381 1358 κελευσθείς.
1409 1292 1502 1363 Μὴ
1545 1288 1841 1362 θορυόείτω

274 1389 445 1443 τοίνυν
479 1388 646 1459 ὑμᾶς,
681 1388 838 1460 φησὶ,
862 1387 924 1440 τὸ
954 1385 1029 1459 μὴ
1062 1385 1204 1441 κατὰ
1233 1384 1411 1457 σάρκα
1461 1379 1839 1454 γεγεννῆσθαι.

260 1479 367 1534 Διὰ
394 1476 503 1552 γὰρ
522 1477 681 1533 τοῦτο
713 1477 949 1550 μάλιστα
978 1477 1258 1547 συγγενεῖς
1281 1474 1438 1546 ὑμεῖς
1458 1470 1644 1537 αὑτοῦ,
1675 1472 1756 1525 ὃτι
1777 1469 1839 1525 ού

280 1570 419 1627 κατὰ
445 1570 627 1643 σάρκα
680 1566 1029 1641 ὲγεννήθητε.
1064 1567 1140 1621 Ub
1166 1566 1273 1638 γὰρ
1302 1564 1662 1637 τιμιωτέρους
1682 1562 1840 1616 τοῦτο

272 1663 330 1716 τὸ
374 1660 519 1717 κατὰ
559 1660 760 1733 σάρκα,
818 1660 958 1715 ἀλλὰ
986 1660 1082 1714 καὶ
1128 1657 1497 1731 ἀτιμωτέρους
1526 1655 1838 1729 ἐργάζεται.

254 1753 721 1827 ’Θαυμαστὸτερος
749 1754 858 1825 γὰρ
884 1752 911 1804 ὁ
940 1752 1119 1819 τόκος,
1157 1752 1189 1807 δ
1226 1751 1303 1825 μὴ
1343 1748 1485 1804 κατὰ
1516 1750 1714 1820 σάρκα,
1746 1748 1840 1803 καὶ

262 1844 805 1917 πνευματικώτερος.
838 1845 949 1899 Καὶ
966 1844 1125 1917 δῆλον
1153 1844 1218 1899 ὲκ
1249 1842 1359 1898 τῶν
1384 1841 1591 1899 ἄνωθεν
1616 1842 1837 1913 τεχθέν-

269 1955 395 1994 των.
432 1936 658 2009 Ἐτέχθη
710 1938 852 1992 κατὰ
884 1940 1067 2011 σάρκα
1099 1937 1127 1990 ὁ
1177 1934 1427 2010 Ἰσμαὴλ,
1482 1935 1620 1990 ἀλλὰ
1655 1933 1839 2001 δοῦλος

264 2028 354 2103 ἦν,
392 2031 490 2085 καὶ
534 2031 598 2084 ού
630 2030 787 2084 τοῦτο
828 2030 1009 2102 μόνον,
1048 2027 1183 2084 ἀλλὰ
1227 2030 1326 2084 καὶ
1378 2027 1693 2094 ὲξεϐάλλετο
1743 2028 1842 2100 τῆς

271 2121 532 2195 πατρῴας
586 2123 781 2187 οἰκίας.
848 2123 905 2177 '0
956 2122 1017 2177 δὲ
1066 2123 1187 2178 κατ’
1244 2120 1578 2191 ἐπαγγελίαν
1631 2119 1842 2190 τεχθεὶς

280 2216 489 2283 Ἰσαὰκ,
525 2215 622 2271 ατε
654 2215 771 2280 υίὸς
797 2212 872 2269 ὣν
909 2215 1135 2289 γνήσιος
1174 2213 1268 2269 καὶ
1314 2211 1621 2288 ἐλεύθερος,
1655 2212 1842 2284 κύριος

264 2308 526 2364 ἁπάντων
548 2304 638 2382 ἣν.

340 2591 363 2626 ι
396 2569 599 2627 ’Δτινά
621 2571 769 2626 ἔστιν
795 2568 1261 2643 ἀλληγορούμενα.
1302 2587 1322 2623 ι

344 2665 412 2719 Ἦ
439 2664 543 2736 μὲν
566 2664 777 2736 ἱστορία
802 2662 963 2736 αύτὴ,
989 2661 1174 2733 φησὶν,
1204 2662 1264 2716 ού
1290 2661 1448 2715 τοῦτο
1475 2660 1533 2715 δὲ
1553 2660 1712 2733 μόνον
1732 2676 1842 2715 πα-

256 2755 495 2829 νραδηλοί
520 2756 657 2827 ὅπερ
675 2752 946 2825 φαίνεται,
976 2753 1114 2809 ἀλλὰ
1139 2754 1235 2809 καὶ
1266 2753 1401 2809 ἄλλα
1420 2752 1543 2809 τινὰ
1564 2754 1839 2826 ἀγορεύει*

255 2848 345 2905 διὸ
374 2849 473 2903 καὶ
501 2847 803 2920 ἀλληγορία
832 2846 1100 2902 καλεῖται.

337 2961 358 2994 ο
394 2936 572 2998 Abeat
604 2941 714 3013 γάρ
745 2942 854 2993 εἱσι
876 2938 972 2993 δύο
995 2920 1271 3010 διαθῆκαι.
1304 2959 1323 2993 ι
1375 2970 1378 2973 ~

330 3035 399 3089 οι
423 3032 522 3088 δύο
545 3033 723 3104 νόμοι,
744 3034 774 3086 ὁ
806 3031 1031 3102 νομικὸς
1056 3030 1153 3085 καὶ
1189 3032 1217 3086 ὁ
1246 3029 1623 3102 εύαγγελικὸς.

1942 566 2041 622 per
2069 553 2572 623 repromissionem.
2604 571 2623 606 ι

2004 642 2273 710 Quoniam
2306 643 2482 700 dixit:
2535 641 2668 699 ﬁdes
2704 656 2802 697 vos
2841 641 3128 712 coniungit
3165 639 3503 705 Abraliamo,

1940 744 2105 806 atque
2137 734 2459 791 incredibile
2506 734 2851 800 auditoribus
2880 733 3189 801 videbatur,
3226 731 3400 803 utqui
3438 748 3508 790 ex

1943 827 2036 883 illo
2064 828 2289 884 minime
2321 829 2572 901 prognati
2611 837 2817 895 essent,
2844 827 2939 882 ﬁlii
2967 833 3149 883 tamen
3178 826 3355 897 ipsius
3384 840 3508 882 esse

1940 922 2273 988 dicerentur,
2294 924 2537 981 ostendit
2590 908 3119 994 paradoxum‘istud
3169 919 3507 992 Ljampridem

1941 1017 2210 1072 evenisse.
2233 1014 2368 1071 Nam
2393 1016 2561 1081 Isaac,
2595 1016 2686 1087 qui
2712 1030 2819 1070 non
2849 1013 3039 1069 ordine
3070 1023 3297 1079 natura,
3335 1026 3510 1083 neque

1941 1110 2097 1168 solita
2114 1111 2228 1183 lege
2244 1111 2639 1180 coniugiorum,
2658 1124 2835 1180 neque
2854 1108 3153 1164 secundum
3174 1106 3353 1163 carnis
3368 1105 3511 1161 vires

1940 1211 2103 1259 natus
2128 1203 2248 1270 fuit,
2267 1213 2319 1259 et
2339 1204 2499 1270 ﬁlius,
2526 1212 2580 1259 et
2599 1217 2890 1274 germanus
2918 1209 3192 1269 erat,cum
3216 1215 3282 1255 ex
3308 1213 3509 1269 oorpo-

1940 1297 2095 1352 ribus
2114 1297 2375 1354 emortuis
2391 1297 2742 1367 uascijussus
2756 1304 2923 1352 esset.
2942 1292 3129 1365 Neque
3145 1294 3248 1348 hoc
3270 1306 3367 1348 vos
3386 1307 3513 1347 con-

1940 1389 2143 1451 turbet.
2173 1388 2373 1460 inquit,
2405 1388 2815 1460 quisecundum
2840 1403 3059 1444 carnem
3089 1389 3205 1443 nati
3231 1403 3337 1442 non
3350 1388 3507 1443 estis.

1938 1478 2073 1535 Nam
2103 1480 2206 1535 hoc
2230 1480 2404 1548 ipsum
2433 1494 2526 1535 vos
2555 1494 2716 1549 quam
2741 1477 2973 1533 maxime
3000 1471 3332 1549 propinquos
3367 1477 3510 1530 illius

1941 1575 2090 1641 facit,
2110 1574 2255 1647 quod
2281 1574 2578 1631 secundum
2606 1589 2830 1631 carnem
2860 1587 2969 1630 non
3000 1572 3135 1629 estis
3160 1574 3294 1626 nati.
3320 1571 3508 1625 Enim—

1942 1684 2069 1724 vero
2094 1666 2391 1724 secuudum
2430 1681 2652 1722 carnem
2681 1680 2801 1722 esse
2830 1673 3036 1731 natum,
3058 1662 3161 1719 hoc
3202 1678 3312 1718 non
3332 1661 3509 1718 solum

1944 1758 2103 1828 17o
2131 1771 2240 1813 non
2293 1756 2468 1812 reddit
2530 1756 2951 1821 honoratiores,
2989 1768 3177 1809 verum
3229 1763 3284 1809 et
3327 1751 3510 1807 minus

1940 1851 2286 1908 honorabiles
2306 1848 2676 1905 facit.Partus
2706 1848 2907 1920 quippe
2942 1846 3166 1902 minime
3191 1845 3431 1900 carnalis
3454 1852 3509 1899 et

1941 1940 2327 2013 spiritualioris
2348 1940 2585 2011 generis,
2604 1939 2763 2010 longe
2788 1937 3091 1993 mirabilior
3108 1934 3368 2002 σει.ουοά
3387 1949 3507 2006 per-

1942 2035 2190 2105 spicuum
2224 2034 2277 2087 tit
2304 2048 2368 2089 ex
2398 2033 2464 2089 iis
2494 2032 2585 2103 qui
2614 2032 2727 2101 jam
2749 2031 2876 2086 olim
2909 2031 3023 2086 nati
3043 2038 3191 2085 sunt.
3218 2026 3395 2083 Natus
3427 2036 3511 2085 est

1942 2125 2135 2184 lsmael
2165 2124 2469 2182 secundum
2501 2140 2745 2191 carnem,
2784 2122 2879 2181 sed
2922 2138 3113 2179 servus
3147 2120 3288 2189 fuit;
3316 2136 3415 2176 nec
3456 2121 3508 2175 id

1942 2224 2143 2293 solum,
2176 2239 2367 2280 verum
2399 2233 2455 2280 et
2483 2234 2711 2281 exactus
2756 2230 2845 2279 est
2876 2236 2943 2278 ex
2990 2221 3233 2293 paternis
3275 2218 3507 2275 aedibus.

1943 2316 2047 2385 Qui
2076 2332 2207 2374 vero
2253 2317 2554 2375 secundum
2599 2315 3108 2387 repromissionem,
3156 2315 3311 2371 Isaac
3346 2312 3507 2368 uimi-

1941 2425 2087 2477 rum,
2133 2410 2224 2467 hic
2271 2418 2536 2482 tanquam
2578 2409 2859 2483 genuinus
2892 2408 3040 2465 ﬁlius
3079 2422 3143 2463 ac
3196 2405 3357 2475 liber,
3392 2419 3510 2461 om-

1940 2506 2094 2561 nium
2118 2506 2374 2562 dominus
2410 2505 2536 2561 fuit.

2012 2594 2298 2652 Vensﬂl.
2339 2615 2361 2649 ι
2398 2596 2531 2663 Qure
2560 2604 2691 2653 sunt
2726 2610 2822 2669 per
2849 2594 3162 2667 allegoriam
3200 2594 3367 2651 dicta.
3414 2613 3433 2647 ι

2005 2689 2128 2758 ipsa
2156 2688 2376 2761 quidem
2418 2689 2675 2755 historia,
2720 2689 2922 2760 inquit,
2984 2703 3094 2745 non
3148 2686 3281 2743 illud
3331 2687 3505 2744 solum

1941 2782 2089 2854 quod
2120 2789 2347 2853 apparet
2382 2780 2651 2848 enuntiat,
2683 2796 2867 2837 verum
2903 2789 2956 2837 et
2976 2780 3082 2836 alia
3106 2780 3354 2852 quazdam
3385 2794 3509 2851 pro-

1941 2873 2206 2946 loquitur.
2247 2872 2403 2929 Unde
2433 2876 2597 2929 etiam
2633 2873 2891 2945 allegoria
2917 2873 3139 2930 dicitur.

2006 2983 2025 3018 ι
2056 2964 2180 3022 Haec
2214 2965 2359 3021 enim
2394 2973 2527 3020 sunt
2549 2964 2658 3021 duo
2677 2972 3026 3021 testamenta.
3066 2983 3085 3017 ι

2008 3054 2136 3111 Duae
2157 3057 2346 3128 utique
2367 3056 2535 3127 leges,
2564 3055 2755 3128 legalis
2782 3061 2836 3114 et
2855 3056 3187 3127 evangelica.

335 3142 359 3177 ι
392 3123 515 3179 Μία
555 3123 653 3193 μὲν
686 3123 794 3176 ἀπὸ
816 3123 975 3196 ὅρους
999 3122 1150 3190 Σινᾶ,
1182 3125 1265 3188 είς
1295 3121 1541 3179 δουλείαν
1570 3126 1837 3194 γεννῶσα,

2021 3164 2041 3201 ι
2079 3121 2274 3205 υιιιιιη-
2305 3121 2529 3220 quidem
2562 3163 2593 3204 a
2618 3121 2832 3204 Vmonte
2886 3121 3046 3212 Sina,
3092 3147 3149 3202 in
3190 3146 3509 3203 servitutem

261 3215 386 3290 ήτις
447 3216 606 3270 ἐστὶν
639 3213 840 3287 Ἅγαρ.
870 3214 948 3268 Τὸ
975 3212 1088 3286 γὰρ
1106 3214 1236 3270 Σινᾶ
1265 3213 1389 3288 ὅρος
1419 3217 1563 3271 ἐστὶν
1584 3217 1641 3271 ὲν
1685 3216 1843 3292 ’Δραο

256 3307 377 3382 δίᾳ.
414 3327 437 3363 ι

336 3403 528 3472 Ἅγαρ
570 3400 790 3471 ἐλέγετο
833 3402 869 3473 ή
914 3400 1097 3473 δούλη.
1145 3399 1295 3456 Τδδὲ
1341 3402 1471 3455 Σινᾶ
1514 3400 1661 3473 ὅρος,
1699 3400 1842 3456 οὕτω

256 3494 740 3570 μιθερμηνεύεται
776 3497 843 3567 τῇ
899 3495 1181 3569 ἐπιχωρίῳ
1200 3494 1381 3550 αὐτῶν
1401 3493 1698 3568 διαλέκτῳο
1730 3494 1843 3552 ὦσ-

258 3603 319 3643 τι
350 3588 485 3654 τοὺς
515 3589 581 3642 ὲκ
608 3586 710 3660 τῆς
731 3586 967 3653 παλαιᾶς
989 3586 1363 3659 τικτομὲνους,
1387 3586 1596 3651 πάντας
1626 3588 1839 3662 ἀνάγκη

250 3680 487 3745 δούλους
519 3675 681 3738 εἶναι.
1062 3678 1065 3681 ’

229 3824 232 3826 γ
328 3788 357 3825 e
395 3772 687 3843 Συστοιχεῖ
711 3771 767 3826 δὲ
808 3774 875 3846 τῇ
915 3770 1010 3827 νῦν
1052 3769 1443 3844 Ἰερουσαλήμο
1495 3771 1736 3828 δουλεύει
1782 3775 1840 3829 δὲ

254 3866 407 3938 μετὰ
436 3865 550 3920 τῶν
577 3866 783 3921 τέκνων
812 3865 1009 3937 αὐτῆς.
1046 3882 1066 3918 ι

328 3959 411 4014 (ιύ
441 3958 627 4033 μόνον,
660 3961 824 4031 φησὶν
848 4002 862 4026 ,
899 3960 1085 4032 εκείνη
1120 3960 1283 4033 δούλη
1316 3956 1406 4034 ἦν,
1429 3961 1568 4017 ἀλλὰ
1596 3960 1691 4017 καὶ
1720 3960 1843 4015 δού-

250 4051 387 4118 λους
412 4052 626 4107 ἔτεκεν.
665 4051 827 4107 Ἀλλὰ
844 4053 939 4106 καὶ
964 4053 1104 4126 αὐτὴ
1127 4056 1160 4125 ή
1189 4053 1440 4127 διαθήκη,
1468 4056 1746 4110 τουτέστιν
1774 4050 1841 4129 ἧς

254 4144 431 4209 τύπος
484 4145 520 4217 ή
548 4142 732 4216 δούλη.
765 4144 875 4199 Καὶ
913 4142 1019 4219 γὰρ
1074 4144 1434 4218 Ἰερουσαλήμ
1473 4149 1539 4200 ἐκ
1579 4148 1840 4217 γειτόνων

252 4240 439 4292 κεῖται
469 4236 551 4309 τῷ
586 4235 704 4309 ὄρει
754 4236 831 4309 τῷ
858 4236 1136 4310 ὁμωνύμῳ
1165 4239 1230 4311 τῇ
1262 4238 1423 4314 δούλη
1443 4255 1457 4271 ·
1494 4239 1554 4294 ὲν
1579 4238 1753 4313 τούτῳ
1782 4241 1840 4295 δὲ

1944 3256 2234 3313 generans,
2289 3256 2411 3312 qua:
2443 3250 2529 3300 est
2572 3241 2742 3313 Agar.
2774 3237 2973 3316 [Ἴσκε.
3019 3236 3140 3313 25.]
3185 3237 3319 3295 Sina
3360 3240 3507 3295 enim

1942 3348 2100 3390 mons
2127 3345 2212 3390 est
2238 3334 2293 3389 in
2329 3334 2557 3389 Arabia.
2598 3351 2619 3388 ι

2001 3424 2146 3495 Agar
2197 3424 2399 3479 ancilla
2445 3422 2751 3481 dicebatur.
2806 3421 2962 3480 Mons
2999 3438 3133 3479 vero
3182 3420 3315 3477 Sina
3362 3421 3507 3477 idem

1943 3523 2103 3574 sonat
2132 3516 2283 3573 illius
2306 3517 2494 3588 egentis
2535 3516 2754 3587 lingua:
2797 3516 2942 3573 unde
2989 3529 3181 3572 oumes
3210 3516 3307 3585 qui
3335 3529 3401 3570 ea
3431 3522 3507 3569 te-

1942 3616 2218 3666 stamento
2243 3610 2411 3666 veteri
2435 3611 2551 3666 nati
2582 3620 2731 3679 sunt,
2762 3626 2886 3668 esse
2904 3624 3093 3668 servos
3124 3616 3361 3681 oportet.

2008 3810 2027 3844 ι
2060 3789 2405 3861 Conjunctus
2428 3794 2615 3844 autem
2644 3796 2731 3845 est
2767 3787 2818 3843 ei
2855 3801 2979 3859 qua;
3029 3800 3178 3842 nunc
3222 3792 3309 3843 est
3349 3784 3508 3842 Jeru-

1941 3882 2134 3950 salem,
2160 3890 2215 3939 et
2240 3881 2411 3938 servit
2432 3895 2559 3935 cum
2590 3877 2715 3934 liliis
2747 3877 2887 3934 suis.
2921 3896 2941 3931 ι

2009 3974 2127 4031 Non
2172 3974 2334 4030 modo
2374 3970 2490 4029 haec
2521 3986 2679 4028 serva
2723 3978 2834 4038 est,
2860 3970 3060 4042 inquit,
3098 3968 3192 4026 sed
3223 3979 3276 4025 et
3315 3984 3507 4025 servos

1940 4071 2160 4146 gignit;
2196 4068 2306 4126 imo
2336 4076 2389 4124 ct
2409 4075 2798 4124 testamentum
2834 4066 3040 4136 ipsum,
3076 4064 3210 4120 illud
3240 4063 3503 4118 nimirum

1939 4167 2100 4235 cujus
2124 4164 2298 4235 ﬁgura
2325 4160 2528 4217 ancilla
2549 4167 2654 4217 est.
2690 4158 2824 4214 Nam
2874 4155 3181 4213 Jerusalem
3217 4155 3395 4212 aﬂiuis
3420 4163 3505 4211 est

1940 4257 2111 4313 monti
2152 4257 2245 4327 qui
2294 4253 2514 4311 ancillae
2561 4250 2908 4324 cognominis
2939 4255 3042 4307 est.
3089 4249 3252 4319 Atqui
3291 4248 3345 4304 in
3403 4249 3506 4305 hoc

254 4330 334 4404 τῷ
362 4330 489 4403 ὄρει
518 4330 615 4386 καὶ
642 4332 675 4401 ή
710 4330 942 4404 διαθήκη
968 4330 1200 4387 δέδοται.

1941 4363 2122 4408 monte
2143 4350 2331 4406 datum
2373 4355 2756 4405 testamentum
2786 4361 3001 4418 quoque
3028 4345 3153 4401 fuit.

331 4442 351 4477 ι
409 4422 484 4480 Ἦ
518 4422 714 4482 δὲᾶνω
762 4423 1117 4499 Ἰερουσαλὴμ
1166 4424 1427 4500 ἐλευθέρα
1483 4429 1651 4495 ἐστὶν,
1718 4429 1838 4501 ἥτις

2008 4443 2173 4500 Vsus.
2200 4441 2291 4507 26,
2323 4440 2413 4495 27.
2444 4458 2465 4491 ι
2502 4438 2634 4506 Qua:
2680 4444 2861 4492 autem
2896 4451 3114 4492 sursum
3156 4444 3242 4490 est
3276 4432 3502 4489 Jerusa-

251 4517 376 4571 ὲστὶ
399 4516 589 4591 μήτηρ
619 4516 836 4575 πάντων
870 4517 1045 4590 ήμῶν.
1073 4518 1389 4592 Γέγραπται
1410 4521 1516 4594 γάρ
1536 4536 1550 4551 '
1582 4522 1833 4593 Εὐφράν-

1941 4533 2066 4600 lem,
2099 4532 2271 4587 libera
2302 4539 2409 4594 est,
2441 4542 2563 4599 quae
2606 4536 2689 4583 est
2720 4536 2892 4581 mater
2930 4524 3176 4579 omnium
3228 4534 3497 4579 nosmnu.

253 4609 421 4683 θητι,
471 4613 660 4684 στεῖρα
683 4653 698 4680 ,
738 4611 771 4684 ή
814 4611 874 4664 ού
921 4611 1177 4667 τίκτουσα
1200 4628 1215 4642 ·
1251 4614 1413 4686 ῥῆξον
1440 4616 1535 4671 καὶ
1560 4615 1775 4688 βόησον,
1805 4618 1838 4690 ή

1941 4622 2218 4693 Scriptum
2243 4627 2325 4676 est
2351 4620 2538 4674 enim:
2582 4615 2812 4684 Laetare,
2849 4614 3055 4670 sterilis
3082 4627 3203 4685 quae
3260 4628 3368 4667 non
3402 4627 3500 4682 pa»

249 4702 359 4759 οὐκ
395 4700 601 4760 ὠδίνου
610 4718 698 4759 σα.
737 4723 756 4757 ι

1941 4716 2033 4782 ris,
2068 4730 2294 4785 erumpe
2319 4723 2371 4769 et
2399 4712 2601 4780 clama,
2631 4723 2754 4783 qum
2780 4724 2889 4763 non
2916 4707 3185 4780 parturis.
3218 4724 3242 4758 ο

320 4799 443 4869 Τῆς
468 4799 569 4871 μὲν
606 4798 962 4871 Ἰερουσαλήμ
1012 4799 1112 4871 τῆς
1143 4799 1295 4856 κάτω
1324 4801 1496 4866 τύπος
1535 4802 1567 4873 ή
1622 4804 1834 4876 ’Δγαρο

2004 4808 2289 4866 Inferioris
2344 4805 2561 4878 quidem
2622 4803 2773 4860 illius
2818 4799 3130 4858 Jerusalem
3190 4790 3363 4873 ﬁgura
3415 4806 3502 4855 est

248 4892 349 4943 καὶ
369 4890 536 4961 δῆλον
567 4893 630 4945 ὲκ
658 4892 753 4945 τοῦ
777 4892 935 4965 ὅρους
965 4894 1060 4948 τοῦ
1082 4895 1225 4950 οὕτω
1251 4894 1585 4968 καλουμένου
1608 4913 1621 4926 ⁸
1653 4896 1753 4970 τῆς
1780 4897 1838 4953 δὲ

1941 4905 2114 4973 Agar;
2151 4900 2317 4972 idque
2354 4898 2705 4954 manifestum
2735 4905 2821 4953 est
2862 4910 2927 4952 ex
2962 4894 3211 4966 ejusdem
3259 4893 3502 4949 nominis

247 4981 365 5037 ἄνω
394 4984 431 5056 ή
465 4982 676 5055 Σάρρα.
720 4984 867 5039 Ἀνω
886 4986 942 5039 δὲ
984 4985 1339 5060 Ἰερουσαλὴμ
1387 4988 1556 5060 καλή·
1581 4990 1672 5044 καὶ
1696 4986 1835 5060 αὕτη

1941 5002 2125 5052 monte
2163 4995 2343 5052 :Sara
2388 5006 2520 5047 vero
2562 4988 2887 5061 superioris.
2940 4988 3103 5059 Atqui
3138 5002 3377 5057 superna
3410 4987 3499 5040 illa

247 5072 361 5144 γὰρ
391 5069 463 5146 ἦν
499 5074 668 5130 πάλαι
696 5078 905 5147 στεῖρα,
937 5076 1127 5151 ὥσπερ
1172 5078 1325 5151 καὶὴ
1359 5077 1566 5151 Σάρρα.
1610 5080 1733 5134 Ὀτι
1778 5082 1836 5136 δὲ

1941 5085 2236 5144 Ierusalem
2275 5090 2477 5156 sponSa
2515 5088 2620 5147 est,
2660 5079 2795 5136 Nam
2833 5091 2883 5136 et
2917 5080 3036 5150 ipsa
3072 5079 3351 5150 quondam
3385 5087 3497 5134 ste-

248 5164 385 5237 περὶ
408 5165 517 5236 τῆς
552 5165 879 5239 Ἐκκλησίας
902 5169 932 5222 ὁ
953 5168 1130 5239 λόγος,
1159 5169 1253 5224 καὶ
1272 5170 1365 5225 τὸν
1393 5173 1679 5244 προφήτην
1695 5189 1835 5246 παρ-

1941 5181 2049 5236 rilis
2072 5187 2210 5245 erat,
2242 5173 2705 5248 quemadmodum
2738 5181 2790 5227 et
2822 5173 2981 5229 Sara.
3019 5172 3175 5239 Quod
3211 5180 3391 5225 autem
3432 5170 3499 5224 de

247 5256 472 5328 ήγαγεν
492 5256 742 5331 μάρτυρα
775 5258 1031 5329 λέγονται
1056 5261 1455 5332 Εὐφράνθητι,
1479 5263 1684 5334 στεῷα
1704 5266 1741 5334 ἠ
1760 5267 1833 5322 οὐ

1941 5269 2179 5328 Ecclesia
2242 5268 2297 5323 id
2355 5266 2564 5322 dictum
2612 5262 2799 5330 fuerit,
2851 5264 3133 5335 propheta:
3182 5262 3499 5318 testimonio

244 5350 567 5407 τίκτουσα.
1935 5362 2278 5434 comprobat,
2321 5360 2413 5416 ubi
2460 5372 2654 5431 nempe
2708 5358 2794 5415 sic
2823 5357 2915 5414 ille
2958 5357 3233 5427 loquitur:
3264 5354 3494 5419 Lwtare,

1934 5457 2132 5512 sterilis
2153 5472 2269 5517 qua:
2306 5470 2411 5509 non
2441 5453 2592 5523 paris
2624 5451 2690 5509 ".

1988 5566 2009 5599 ι
2050 5549 2184 5615 Quia
2221 5548 2375 5604 multi
2410 5546 2504 5603 lilii
2542 5546 2798 5613 desertae,
2828 5544 3007 5619 magis
3034 5559 3201 5616 quam
3226 5542 3348 5614 ejus
3370 5553 3496 5614 qua

1934 5644 2096 5698 habet
2128 5640 2323 5697 Virum.
2366 5660 2383 5693 ν

321 5545 343 5579 ε
375 5528 507 5582 Ὀτι
538 5527 709 5584 πολλὰ
735 5531 995 5591 τὰτέκνα
1027 5531 1129 5607 τῆς
1154 5534 1387 5609 ἐρήμου,
1412 5537 1445 5610 ἢ
1472 5539 1568 5613 τῆς
1597 5539 1827 5613 ἐχούσης

244 5618 336 5675 τὸν
356 5619 551 5695 ἄνδρα.
594 5642 616 5676 ι

330 5802 379 5834 ³⁸
401 5798 512 5858 lsa.
544 5816 652 5871 ur,
687 5803 741 5861 i.
