4048 6290
309 233 408 298 809

1454 227 1541 293 ΙΝ
1575 231 1816 296 EPIST.
1856 234 1961 299 AD
1996 233 2355 298 GALATAS.

3458 237 3565 304 810

309 344 402 416 τῆς
427 339 683 414 χάριτος·
711 337 744 392 ὁ
799 335 857 393 δέ
911 336 1181 407 ἀπιστῶν,
1231 339 1386 397 οὐδὲν
1421 343 1695 415 κερδαίνει
1729 343 1881 416 παρὰ

1995 345 2178 413 midst,
2203 344 2398 403 virtuti
2456 347 2648 418 gratia
2676 347 3006 409 incredulus
3041 360 3126 408 est
3156 371 3172 410 :
3204 350 3298 424 qui
3340 352 3563 410 demum

312 435 399 508 τῆς
424 432 862 504 ἀπιστουμένης.

375 637 394 671 ι
426 614 793 686 Μαρτύρομαι
845 614 905 670 δέ
963 615 1127 671 πάλιν
1180 614 1348 669 παντὶ
1405 611 1680 688 ἀνθρώπῳ
1730 632 1884 690 περι-

307 707 637 781 τεμνομένῳ,
658 708 741 762 ὅτι
762 707 1048 778 ὀφειλέτης
1075 709 1226 763 ἐστὶν
1245 708 1366 762 ὅλον
1399 706 1493 762 τὸν
1529 707 1698 780 νόμον
1720 709 1882 780 ποιῆ-

308 817 414 856 σαι.
449 799 853 873 Κατηργήθητε
882 799 1098 856 ἀπὸτοῦ
1119 799 1378 870 Χριστοῦ.
1416 819 1436 853 ι

372 895 486 948 ἰνα
509 892 620 966 γὰρ
653 893 730 966 μὴ
760 894 993 967 νομίσῃς
1017 896 1140 949 κατ’
1156 893 1362 965 ἐχθραν
1392 893 1571 948 ταῦτα
1602 892 1882 964 λέγεσθαι,

306 989 399 1061 οὐχ
433 987 560 1059 ὑμῖν
615 987 779 1060 μόνον
838 986 1006 1056 λέγω,
1066 987 1254 1059 φησιν,
1295 985 1434 1042 ἀλλὰ
1479 987 1576 1042 καὶ
1598 988 1766 1043 παντὶ
1788 988 1885 1045 ἀν⁴

306 1079 504 1154 θρὼπῳ
533 1078 1008 1153 περιτεμνομένῳ,
1037 1080 1120 1135 ὃτι
1143 1078 1431 1153 ὀφειλέτης
1461 1080 1612 1134 ἐστὶν
1639 1080 1761 1136 ὅλον
1793 1081 1886 1136 τὸν

305 1175 466 1246 νόμον
504 1174 818 1248 πληρῶσαι.
851 1172 1127 1245 Ἀλλήλων
1148 1172 1260 1244 γὰρ
1303 1173 1490 1245 ἔχεται
1547 1173 1618 1228 τὰ
1652 1174 1882 1246 νόμιμα.

306 1267 412 1322 Καὶ
442 1267 559 1332 πῶς
579 1308 595 1335 ,
625 1266 813 1322 ἄκουε.
857 1266 923 1320 Ἡ
954 1264 1231 1338 περιτομὴ
1264 1264 1455 1320 Θυσίαν
1490 1265 1605 1337 ἔχει
1631 1266 1888 1332 συνεζευ-

306 1360 531 1435 γμινην,
563 1359 776 1433 ἡμέρας
831 1360 1254 1432 παρατήρησιν·
1289 1361 1322 1429 ή
1355 1357 1522 1414 θυσία
1563 1358 1748 1424 πάλιν,
1791 1360 1888 1414 καὶ

307 1456 517 1530 ἡμέρας
547 1456 644 1511 καὶ
673 1455 839 1511 τόπου
866 1454 1118 1526 φυλακήν
1136 1469 1150 1482 °
1181 1453 1210 1508 ὸ
1238 1453 1427 1518 τόπος,
1454 1453 1666 1526 μυρίων
1686 1452 1888 1527 καθαρ-

310 1548 423 1623 μῶν
448 1550 710 1623 τρόπους.
740 1547 807 1602 Ol
863 1546 1165 1620 καθαρμοὶ,
1215 1545 1420 1617 πλῆθος
1446 1546 1888 1618 παρατηρήσεων

303 1639 635 1711 είσάγουσιν.
668 1640 783 1694 Οὐκ
837 1637 994 1692 ἐᾶται
1022 1636 1148 1710 7&9
1209 1635 1520 1707 ἀκάθαρτος
1571 1633 1743 1703 θύειν,
1788 1636 1889 1709 οὐχ

1987 438 2312 496 incredulus
2343 450 2450 508 est,
2487 443 2623 498 nihil
2669 444 2903 513 juvatur
2949 445 3022 500 ab
3055 459 3121 502 ea
3164 446 3258 502 cui
3286 443 3422 501 iides
3454 461 3566 502 non

1985 533 2239 591 habetur.

2047 623 2217 681 Vitas.
2245 626 2304 694 5,
2331 629 2386 683 4.
2433 646 2452 678 ι
2491 628 2790 684 Testilicor
2839 638 3022 684 autem
3067 644 3265 687 rursus
3295 628 3442 685 omni
3473 628 3570 684 ho-

1985 718 2122 774 mini
2159 720 2579 777 circumcidenti
2631 737 2715 790 se,
2765 723 3031 793 quoniam
3076 723 3296 780 debitor
3325 731 3410 778 est
3445 724 3570 778 uni-

1984 827 2161 869 versae
2201 814 2341 885 legis
2385 813 2681 871 faciendae.
2731 814 2997 871 Evacuati
3035 817 3168 872 estis
3207 830 3238 869 a
3262 814 3508 870 Christo.
3544 833 3563 866 υ

2057 905 2277 963 Etenim
2321 921 2393 965 ne
2443 907 2733 966 existimes
2771 908 2889 964 haec
2933 907 3164 964 inimico
3190 907 3300 963 dici
3336 905 3568 963 animo:

1986 1013 2101 1056 non
2132 1001 2290 1058 vobis
2335 1002 2516 1060 solum
2563 1002 2712 1069 dico,
2747 1000 2951 1074 inquit,
3001 1001 3100 1058 sed
3143 1008 3202 1058 et
3249 1001 3572 1072 cuicunque

1986 1090 2217 1159 homini,
2264 1093 2522 1166 quisquis
2559 1094 3003 1162 circumciditur,
3060 1093 3210 1166 quod
3247 1092 3469 1153 debitor
3492 1092 3570 1149 sit

1987 1186 2163 1241 totius
2211 1186 2351 1257 legis
2396 1186 2716 1258 implenda.
2762 1186 2900 1242 Nam
2931 1186 3070 1258 legis
3118 1193 3393 1259 precepts
3424 1185 3570 1240 inter

1987 1292 2050 1333 se
2099 1276 2400 1333 cohaerent.
2453 1277 2573 1344 Qua
2624 1293 2756 1335 vero
2815 1278 3070 1335 ratione?
3123 1276 3320 1333 audias
3381 1267 3564 1332 velim.

1985 1369 2356 1428 Circumcisio
2429 1371 2870 1427 immolationem
2953 1371 3306 1427 victimarum
3373 1368 3570 1440 adjun-

1987 1468 2134 1516 ctam
2167 1463 2354 1530 habet,
2393 1471 2450 1520 et
2482 1463 2700 1520 dierum
2748 1464 3218 1531 observationem,
3266 1459 3570 1518 immolatio

1988 1569 2215 1610 rursum
2266 1565 2322 1612 et
2364 1555 2478 1613 diei
2511 1567 2566 1614 et
2595 1558 2702 1613 loci
2739 1557 3052 1613 cantionem
3084 1575 3099 1612 :
3131 1557 3310 1620 locus,
3340 1554 3412 1610 ad
3440 1569 3569 1611 sea~

1989 1657 2186 1703 centes
2239 1647 2640 1704 lustrationum
2720 1648 2887 1714 ritus,
2967 1647 3441 1719 lustrationesque
3502 1644 3570 1698 ad

305 1733 470 1808 ἱερῶν
506 1733 807 1790 ἐπιϐαίνειν
829 1731 1060 1797 ἀδύτων,
1113 1730 1215 1785 οὐκ
1242 1728 1370 1784 ἄλλο
1399 1745 1454 1783 τι
1497 1727 1608 1782 τῶν
1628 1727 1888 1784 τοιούτων

1995 1753 2220 1796 examen
2267 1741 2551 1811 quoddam
2609 1712 3064 1798 Observationum
3123 1712 3398 1814 obligant.
3449 1736 3571 1793 Non

303 1830 479 1884 ποιεῖν
501 1828 679 1900 θέμις.
726 1825 819 1880 Διδ
843 1826 940 1880 καὶ
983 1822 1155 1879 πολλὰ
1194 1822 1488 1892 ἐφέλκεται
1514 1820 1609 1878 διὰ
1638 1824 1769 1894 μιᾶς
1803 1824 1889 1876 ἐν-

301 1921 461 1987 τολῆς
491 1922 519 1975 ὁ
537 1923 721 1992 νόμος.
747 1920 844 1973 Ἂν
871 1918 1053 1972 τοίνυν
1074 1913 1639 1990 περιτ[ε]μ[ν]ηθείης
1664 1916 1781 1984 μὲν,
1813 1915 1889 1986 μὴ

303 2016 362 2068 ἐν
390 2015 460 2085 τῇ
500 2010 660 2084 ὀγδόη
715 2012 923 2086 ἡμέρᾳ,
960 2009 994 2081 ἢ
1018 2010 1078 2063 ἐν
1099 2011 1167 2080 τῇ
1195 2007 1358 2081 ὀγδόῃ
1396 2008 1514 2080 μὲν,
1533 2011 1608 2080 μὴ
1633 2006 1800 2080 θύσῃς
1829 2008 1890 2062 δὲ

301 2109 337 2180 ἢ
365 2107 536 2182 θύσῃς
570 2105 692 2178 μὲν,
727 2107 807 2178 μὴ
839 2107 894 2158 ἐν
923 2103 1001 2175 τῷ
1033 2102 1328 2175 ὡρισμένῳ
1352 2103 1410 2157 δὲ
1437 2102 1617 2174 τόπῳ·
1650 2102 1683 2173 ἢ
1729 2104 1786 2156 ἐν
1811 2101 1890 2174 τῷ

302 2199 597 2274 ὡρισμένῳ
625 2199 796 2270 τόπῳ,
832 2195 908 2269 μὴ
930 2197 1002 2250 τὰ
1039 2193 1411 2267 νενομισμένα
1452 2195 1508 2248 δέ
1527 2211 1543 2225 ’
1577 2194 1611 2266 ἢ
1640 2194 1708 2248 τὰ
1736 2212 1889 2249 νενοα

305 2294 549 2367 μισμὲνα
581 2292 700 2364 μὲν,
757 2290 833 2362 μὴ
876 2286 1118 2360 καθαρὸς
1149 2287 1239 2343 δὲ·
1299 2286 1333 2357 ἢ
1383 2285 1627 2358 καθαρὸς
1656 2285 1758 2358 μὲν
1790 2287 1886 2352 ὢν,

302 2390 364 2444 οὑ
398 2391 516 2451 τοῖς
562 2385 901 2458 προσήκουσι
939 2381 998 2436 δέ
1061 2380 1288 2452 θεσμοῖς
1344 2379 1662 2452 καθαρθεὶς,
1712 2380 1887 2433 πάντα

299 2483 514 2554 οἴχεται
570 2479 775 2533 ἐκεῖνα.
820 2474 924 2529 Διὰ
971 2471 1133 2529 τοῦτό
1171 2488 1362 2542 φησιν,
1414 2472 1497 2525 ὅτι
1542 2471 1888 2541 ὀφειλέτης

298 2569 478 2626 ἐστιν
505 2567 654 2623 ὅλον
684 2567 794 2622 τὸν
812 2565 1002 2635 νόμον
1016 2559 1356 2629 πληρῶσαι.

381 2858 405 2894 ε
432 2839 651 2905 οῑτινες
699 2839 760 2892 ἐν
812 2835 964 2910 νόμῳ
1014 2833 1351 2903 δικαιοῦσθε,
1399 2834 1497 2905 τῆς
1554 2835 1775 2909 χάριτος
1803 2835 1889 2904 ig.

296 2938 556 2998 επίσιτε.
589 2954 609 2989 t

1989 1831 2137 1887 enim
2164 1832 2389 1904 impuro
2431 1833 2515 1890 fas
2548 1841 2634 1889 est
2682 1833 2993 1900 immolare,
3020 1848 3133 1888 non
3161 1846 3321 1890 sacra
3352 1829 3571 1904 ingredi

1990 1924 2177 1996 adyta,
2238 1939 2351 1980 non
2399 1923 2626 1996 quidvis
2678 1924 2828 1979 aliud
2884 1923 3089 1981 facere.
3135 1923 3408 1991 Quocirca
3457 1938 3572 1977 uno

1991 2025 2266 2088 praecepto
2297 2017 2473 2072 multa
2507 2018 2595 2073 lex
2629 2018 2821 2073 trahit.
2857 2017 3142 2090 Siquidem
3175 2031 3309 2090 ergo
3338 2016 3573 2073 circum-

1989 2110 2214 2177 cidaris,
2244 2126 2355 2165 non
2390 2118 2574 2166 autem
2607 2119 2806 2168 octava
2836 2111 2961 2178 die;
3007 2121 3103 2166 aut
3137 2111 3184 2166 si
3230 2118 3426 2167 octava
3459 2107 3569 2178 die,

1990 2212 2047 2259 at
2079 2220 2191 2259 non
2246 2205 2664 2275 immolaveris;
2703 2213 2801 2261 aut
2831 2207 2878 2262 si
2927 2205 3202 2273 immoies,
3247 2220 3358 2262 non
3389 2212 3570 2260 autem

1989 2298 2047 2354 in
2076 2297 2202 2355 loco
2234 2299 2598 2371 praescripto;
2631 2300 2722 2358 sin
2761 2300 2929 2357 etiam
2977 2299 3034 2355 in
3067 2299 3395 2370 pmscripto
3423 2298 3570 2363 loco,

1989 2408 2102 2449 non
2143 2409 2274 2449 vero
2307 2409 2429 2464 quae
2482 2394 2574 2450 lex
2627 2393 2932 2460 decernat;
2988 2393 3075 2449 vel
3123 2392 3170 2449 si
3201 2408 3267 2450 ea
3299 2407 3422 2465 qua
3455 2392 3573 2464 lege

1989 2487 2390 2554 decernuntur,
2447 2502 2646 2544 verum
2697 2501 2805 2543 non
2843 2489 2922 2545 sis
2957 2487 3241 2544 mundus:
3295 2485 3455 2557 172
3489 2486 3571 2542 vel

1988 2581 2034 2637 si
2063 2581 2323 2648 mundus,
2367 2596 2479 2637 non
2515 2589 2704 2638 autem
2742 2580 3214 2639 convenientibus
3238 2578 3439 2637 ritibus
3472 2596 3573 2653 pu-

1989 2672 2264 2739 riiicatus,
2324 2680 2528 2730 cuncta
2584 2674 2680 2730 illa
2714 2679 2991 2746 'pereunt.
3047 2671 3417 2741 Quamobrem
3445 2673 3568 2729 ait:

1993 2764 2212 2822 Debitor
2247 2774 2325 2822 est
2359 2766 2523 2824 totius
2552 2765 2682 2838 legis
2712 2765 3014 2836 implenda.

2059 2878 2078 2912 ι
2109 2857 2214 2927 Qui
2240 2860 2297 2915 in
2333 2859 2452 2932 lege
2476 2858 2890 2931 justiﬁcamini,
2937 2857 3121 2932 gratia
3150 2856 3461 2916 excidistis.
3488 2875 3508 2911 ι

367 3032 492 3089 Καὶ
529 3030 620 3086 διὰ
648 3028 750 3102 τῆς
777 3026 1056 3090 κολάσεως
1089 3023 1336 3096 ἐκφοϐεῖ.
1375 3027 1441 3083 Τί
1484 3027 1592 3098 γὰρ
1611 3027 1674 3082 τὸ
1699 3026 1885 3082 λειπό-

2062 3038 2525 3095 lnterminatione
2605 3037 2778 3094 etiam
2853 3036 3116 3111 supplicii
3175 3045 3369 3095 terret.
3426 3035 3572 3105 Quid

301 3143 466 3200 μενον
517 3126 620 3197 τῆς
677 3123 900 3198 χάριτος
955 3119 1347 3188 ἐκπίπτουσιν,
1418 3122 1540 3177 ἀλλ’
1585 3121 1620 3194 ἢ
1662 3121 1889 3204 κόλασις

296 3218 686 3292 ἀπαραίτητος
703 3234 723 3287 ;
927 3221 932 3224 ’

379 3331 399 3365 ι
440 3312 640 3383 Ἡμεῖς
676 3310 785 3384 7&9
839 3305 1121 3381 πνεύματι
1167 3308 1233 3363 ἐκ
1263 3307 1522 3374 πίστεως,
1571 3303 1764 3362 ἐλπίδα
1807 3304 1892 3359 δισ-

297 3407 611 3480 καιοσύνης
647 3403 1084 3478 ἀπεκδεχόμεθα.
1131 3422 1151 3455 ι

372 3502 635 3574 Πτοήσας
697 3498 790 3553 διὰ
829 3497 931 3569 τῆς
977 3495 1288 3563 κολάσεως,
1342 3494 1507 3552 πάλιν
1553 3494 1650 3551 ἐπὶ
1693 3491 1892 3567 λιμένα

298 3591 664 3667 παραμυθίας
688 3589 887 3655 αὐτοὺς
914 3589 1061 3660 ἄγει,
1081 3587 1258 3658 λέγων
1281 3603 1301 3622 ⁸
1336 3587 1499 3642 Οὐδὲν
1528 3585 1754 3641 ἐκείνων
1783 3583 1895 3640 δεό-

301 3688 455 3762 μεθα
481 3685 596 3742 τῶν
625 3683 894 3756 νομίμων,
921 3681 1106 3754 φησίν.
1145 3681 1334 3754 Ἀρκεῖ
1365 3680 1475 3753 γὰρ
1500 3681 1536 3753 ἡ
1560 3679 1742 3744 πίστις
1760 3679 1893 3751 ἡμῖν

299 3780 541 3853 Πνεῦμα
574 3777 902 3849 παρασχεῖν,
943 3774 1040 3829 καὶ
1065 3773 1132 3827 δι’
1175 3774 1346 3846 αὐτῆς
1382 3771 1755 3844 δικαιοσύνην,
1797 3771 1892 3825 καὶ

297 3872 481 3929 πολλὰ
510 3868 723 3944 μεγάλα
746 3866 947 3938 ἀγαθά.

378 4091 401 4127 ι
447 4071 544 4127 Ἐν
563 4071 672 4146 γὰρ
697 4070 922 4144 Χριστῷ
964 4069 1139 4141 Ἰησοῦ
1163 4067 1289 4126 οὕτε
1317 4070 1589 4143 περιτομὴ
1619 4087 1672 4125 τι
1695 4068 1890 4142 ίσχύει,

291 4167 431 4223 οῦτε
461 4165 827 4238 ἀκροϐυστία,
870 4163 1009 4219 ἀλλὰ
1061 4163 1247 4228 πίστις
1289 4162 1358 4216 δι’
1388 4161 1613 4234 ἀγάπης
1643 4163 1892 4236 ἐνεργου-

295 4257 470 4330 μένη.
515 4255 802 4330 Ἐτρέχετε
828 4253 1033 4321 καλῶς,
1064 4253 1147 4318 τίς
1162 4253 1307 4327 ὑμᾶς
1329 4253 1556 4328 ἐνέκοψε
1577 4256 1644 4327 τῇ
1666 4253 1896 4327 ἀληθείᾳ

293 4349 378 4424 μὴ
412 4349 743 4417 πείθεσθαις
786 4368 807 4402 ι

1990 3130 2140 3187 enim
2175 3129 2324 3186 aliud
2358 3128 2604 3202 supersit
2637 3129 2751 3186 illis
2790 3127 2886 3200 qui
2923 3143 2954 3184 a
2986 3128 3164 3201 gratia
3206 3127 3561 3194 exciderunt,

1990 3222 2100 3281 nisi
2128 3221 2469 3295 supplicium
2496 3221 2946 3294 indeprecabile?

2061 3314 2235 3372 νεεδ.
2268 3315 2324 3372 5.
2357 3333 2381 3369 ι
2411 3313 2526 3373 Nos
2550 3314 2698 3372 extim
2729 3315 2931 3385 spiritu
2961 3331 3031 3372 ex
3069 3313 3201 3380 ﬁde,
3232 3311 3573 3385 spemjusti-

1992 3410 2081 3466 tiae
2114 3415 2531 3482 exspectamus.

2061 3503 2436 3575 Posteaquam
2501 3501 2782 3573 supplicio
2828 3515 2927 3559 eos
2955 3500 3218 3573 perculit,
3255 3500 3325 3557 ad
3350 3509 3573 3574 portum

1991 3613 2190 3655 rursus
2209 3595 2616 3654 consolationis
2647 3596 2774 3652 illos
2805 3603 3049 3664 revocat,
3089 3595 3176 3652 his
3220 3594 3333 3653 fere
3363 3595 3570 3652 verbis.

1989 3690 2139 3747 Nihil
2186 3689 2343 3747 hisce
2369 3689 2661 3762 praeceptis
2699 3688 2837 3761 legis
2867 3704 3008 3761 opus
3037 3689 3327 3754 habemus,
3366 3688 3571 3761 inquit.

1990 3783 2129 3841 Nam
2156 3782 2359 3841 suiﬁcit
2397 3783 2531 3841 iides
2557 3783 2627 3840 ad
2659 3782 2765 3839 hoc
2800 3790 2859 3838 ut
2894 3782 3064 3839 donet
3089 3782 3251 3840 nobis
3277 3781 3573 3854 Spiritum,

1996 3895 2220 3950 unaque
2266 3878 2570 3948 justitiam,
2605 3887 2660 3934 et
2707 3877 2946 3950 plurima
2998 3878 3234 3949 insuper
3279 3885 3335 3934 et
3375 3892 3576 3948 magna

1991 3972 2164 4028 dona.
2613 4026 2617 4031 .

2066 4062 2230 4120 Vens.
2262 4064 2318 4129 6,
2351 4061 2406 4118 7.
2470 4081 2490 4116 ι
2519 4060 2658 4118 Nam
2709 4062 2763 4118 in
2789 4061 3014 4120 Christo
3061 4057 3194 4118 Jesu
3248 4075 3429 4132 neque
3459 4057 3577 4115 cir-

1995 4158 2275 4216 cumcisio
2305 4155 2520 4229 aliquid
2561 4157 2729 4225 valet,
2768 4170 2949 4228 neque
2991 4154 3342 4227 praeputium,
3377 4153 3474 4211 sed
3508 4153 3574 4209 li-

1993 4254 2094 4310 dcs
2151 4268 2276 4327 qua:
2328 4268 2427 4324 per
2501 4251 2837 4309 charitatem
2907 4256 3188 4323 operatur.
3252 4246 3576 4305 Currebatis

1995 4349 2174 4405 bene:
2207 4347 2338 4420 quis
2366 4361 2467 4404 vos
2515 4345 2802 4416 impedivit
2837 4343 3055 4400 veritati
3088 4357 3202 4398 non
3238 4340 3506 4399 obedire?
3551 4361 3570 4394 ι

377 4444 446 4499 '0
479 4441 596 4514 7&9
623 4443 716 4498 τὸν
775 4443 1009 4516 Χριστὸν
1045 4443 1428 4516 ἐνδυσάμενος,
1468 4440 1670 4514 μηκέτι
1711 4441 1886 4498 ταῦτα

2058 4441 2193 4499 Nam
2224 4443 2319 4515 qui
2349 4441 2520 4499 semel
2549 4440 2830 4499 Christum
2864 4439 3069 4504 induit,
3095 4445 3328 4506 caveat,
3359 4435 3576 4509 inquit,

294 4535 782 4610 περιεργαζὲσθω,
816 4537 1016 4609 φησιν.

373 4651 395 4685 ι
429 4631 504 4685 Ἦ
534 4628 822 4704 πεισμονὴ,
853 4631 957 4686 οὐκ
975 4632 1041 4686 ἐκ
1063 4629 1160 4686 τοῦ
1189 4629 1482 4698 καλοῦντος
1515 4632 1681 4705 ὑμᾶς.
1725 4649 1744 4684 ι

363 4811 447 4867 Οὐ
486 4809 580 4866 διὰ
600 4808 759 4865 τοῦτο
805 4809 1069 4866 ἐκάλεσεν
1109 4810 1256 4883 ὑμᾶς
1286 4812 1316 4866 ὁ
1353 4809 1555 4878 καλῶν,
1582 4809 1726 4865 ὥστε
1752 4811 1894 4884 οὕτω

297 4902 640 4959 σαλεύεσθαι
663 4919 677 4935 ο
699 4903 824 4958 οὔτε
846 4903 1261 4975 ἐνομοθέτησεν,
1289 4901 1438 4958 ὥστε
1476 4903 1810 4966 Ἰουδαΐζειν.

378 5108 401 5144 ε
435 5085 636 5160 Μικρὰ
666 5087 812 5161 ζύμη
849 5086 969 5142 ὅλον
990 5087 1050 5141 τὸ
1081 5083 1310 5159 φύραμα
1335 5087 1518 5159 ζυμοῖ.
1554 5105 1572 5138 ι

371 5285 506 5341 ἰνα
576 5285 649 5358 μή
709 5301 794 5349 τις
854 5284 1010 5358 λέγῃ,
1041 5282 1109 5339 Τί
1137 5283 1196 5338 τὸ
1246 5285 1480 5356 πρᾶγμα
1515 5281 1765 5354 ἐπαίρεις
1816 5279 1896 5353 τῷ

291 5383 488 5454 λόγῳς
528 5380 655 5450 μίαν
699 5377 918 5451 ἐντολὴν
958 5375 1130 5452 μόνην
1188 5377 1537 5449 ἐφυλάξαμεν
1561 5374 1658 5430 τοῦ
1705 5374 1892 5447 νόμου,

290 5476 399 5533 καὶ
437 5469 690 5528 τοσαῦτα
705 5469 980 5544 θορυϐεῖς;
1012 5469 1245 5527 ἄκουσον
1280 5469 1395 5532 πῶς
1429 5467 1656 5538 ἐκφοϐεῖ
1683 5466 1770 5521 διὰ
1797 5465 1892 5521 τοῦ

292 5564 782 5642 παραδείγματος.
823 5565 892 5620 ’0
918 5565 973 5620 δέ
1007 5563 1176 5634 λέγει,
1202 5562 1442 5618 τοιοῦτόν
1473 5564 1642 5616 ἐστιν·
1681 5561 1895 5635 Ὠσπερ

285 5664 334 5741 ἦ
361 5663 532 5737 ζύμη
568 5661 743 5735 μικρά
772 5675 860 5725 τις
879 5655 1018 5715 οὖσα
1049 5657 1170 5714 ὅλον
1209 5656 1273 5712 τὸ
1310 5655 1542 5730 φύραμα
1587 5656 1665 5721 ei;
1694 5655 1894 5729 ἐαυτὴν

293 5753 697 5834 μετατίθησιν,
724 5750 864 5808 οὕτω
892 5751 988 5807 καὶ
1010 5750 1160 5824 ὑμᾶς
1201 5747 1457 5823 δύναταιξ
1490 5748 1677 5822 φησιν,
1709 5747 1770 5804 τὸ
1798 5767 1891 5821 μι.

621 5849 892 5915 ΡΑτιιοῖ..
913 5849 1039 5938 _Ga.
1061 5847 1237 5941 XCV.

1997 4553 2064 4593 ne
2095 4545 2217 4609 post
2245 4531 2441 4591 talium
2478 4533 2555 4593 sit
2584 4534 2867 4591 curiosus.

2065 4627 2240 4686 Vsus.
2265 4628 2322 4686 8.
2359 4647 2383 4682 ι
2412 4626 2711 4686 Persuasio
2744 4627 2859 4684 haec
2894 4641 3004 4682 non
3034 4635 3122 4685 est
3165 4641 3232 4684 ex
3264 4639 3330 4684 eo
3355 4626 3450 4697 qui
3480 4637 3578 4681 vo-

1995 4730 2087 4780 cat
2114 4738 2234 4780 vos.
2265 4741 2286 4776 ι

2060 4814 2178 4872 Non
2237 4815 2306 4871 ad
2360 4815 2468 4871 hoc
2516 4817 2733 4872 vocavit
2790 4830 2910 4881 vos,
2961 4813 3053 4886 qui
3090 4812 3327 4878 vocavit,
3382 4818 3445 4869 ut
3471 4810 3579 4869 hoc

1998 4910 2163 4965 modo
2193 4909 2584 4976 ﬂuctuaretis;
2642 4925 2743 4964 nec
2779 4908 2954 4980 legem
3012 4906 3348 4980 praescripsit
3396 4905 3578 4972 vobis,

1998 5015 2056 5057 ιιι
2089 5002 2350 5059 Judaicos
2385 5017 2567 5059 mores
2598 5002 2976 5058 sectaremini.

2074 5095 2243 5151 Vens.
2271 5095 2326 5151 9.
2365 5114 2383 5147 ι
2428 5095 2705 5151 Modicum
2750 5094 3084 5151 fermentum
3135 5103 3306 5151 totam
3335 5107 3581 5150 massam

1994 5190 2323 5259 corrumpit.
2356 5209 2374 5241 ι

2066 5283 2141 5338 Ne
2169 5284 2318 5338 dicat
2345 5283 2549 5357 aliquis
2584 5281 2766 5352 :Quid
2792 5284 2864 5340 ita
2894 5284 3077 5340 verbis
3114 5299 3230 5340 rem
3277 5280 3585 5354 exagerasi

1996 5392 2167 5431 unum
2223 5376 2360 5449 legis
2414 5376 2737 5434 mandatum
2800 5379 3244 5446 observavimus,
3289 5385 3346 5433 et
3391 5383 3580 5432 tantos

1996 5471 2109 5526 cies
2159 5469 2473 5526 tumultus?
2529 5471 2655 5527 vide
2708 5471 2988 5542 quomodo
3049 5483 3319 5528 terrorem
3378 5469 3583 5525 incutit

1995 5563 2232 5621 adducto
2280 5565 2558 5636 exemplo.
2607 5563 2763 5631 Quod
2815 5581 2982 5638 porro
3029 5566 3185 5632 dicit,
3228 5565 3377 5620 hunc
3419 5563 3585 5619 habet

1997 5673 2244 5716 sensum.
2283 5659 2763 5728 Quemadmodum
2806 5663 3161 5729 fermentum,
3202 5657 3424 5719 tametsi
3461 5657 3584 5716 exi—

1996 5766 2164 5824 guum
2198 5752 2298 5822 sit,
2343 5760 2518 5810 totam
2562 5758 3017 5829 conspersionem
3054 5756 3112 5811 in
3173 5770 3234 5813 se
3274 5749 3587 5816 convertit,

3065 5849 3142 5913 26
