4048 6290
275 495 375 560 817

1415 497 1501 561 IN
1533 496 1773 564 EPIST.
1807 499 1910 562 AD
1943 498 2305 563 GALATAS.

3419 494 3528 556 818

276 605 379 676 ἄρα
409 600 596 676 βούλῃ,
631 601 709 676 μὴ
753 594 898 660 κατὰ
941 602 1037 660 τοῦ
1067 604 1317 678 πλησίον,
1349 607 1427 674 ὡς
1473 611 1504 665 ὁ
1533 611 1847 683 Φαρισαῖος.

1953 608 2078 667 dem
2104 608 2334 666 minime
2363 607 2620 668 convenit
2646 624 2661 662 :
2686 605 2772 662 sin
2800 614 2981 662 autem
3011 604 3215 665 lubeat.
3247 609 3304 657 at
3334 605 3528 658 saltem

275 695 379 750 Καὶ
401 693 561 751 τοῦτο
583 693 640 750 δὲ
669 695 1069 768 συνεχώρησεν,
1123 699 1210 755 ἵνα
1240 700 1303 755 τὸ
1326 701 1447 756 ὅλον
1479 704 1621 760 κατὰ
1646 705 1845 776 μικρδν

273 788 444 861 ἐξέλῃ.
480 788 542 842 Ὅ
574 787 684 860 γὰρ
718 790 1056 858 συνεθισθεὶς
1084 794 1164 859 είς
1194 794 1388 850 ἑαυτὸν
1429 795 1609 868 μόνον,
1636 794 1733 852 καὶ
1765 798 1844 870 μὴ

274 883 388 937 καθ’
412 881 638 954 ἑτέρων,
664 882 762 937 καὶ
787 881 946 939 τοῦτο
975 886 1186 958 ταχέως
1214 885 1573 959 διορθώσεται
1600 888 1662 942 τὸ
1685 888 1843 944 ἐλάτο

273 989 450 1039 τωμα.

345 1185 367 1219 ι
408 1167 678 1233 Ἕκαστος
701 1168 811 1240 γὰρ
837 1168 900 1224 τὸ
928 1169 1059 1225 ίδιον
1106 1171 1330 1244 φορτίον
1362 1171 1643 1244 βαστάσει.
1676 1193 1697 1228 ι

338 1343 498 1398 Δοκιῖ
523 1344 623 1416 μὲν
654 1345 863 1400 τιθέναι
884 1347 1145 1418 λογισμὸν
1182 1349 1461 1406 κωλύοντα
1493 1351 1619 1406 καθ’
1653 1351 1846 1425 ἐτέρου

272 1436 598 1505 καυχᾶσθαι.
632 1437 954 1511 Διορθοῦται
1003 1441 1061 1496 δὲ
1123 1443 1215 1497 τὸν
1269 1443 1647 1516 καυχώμενον,
1699 1443 1844 1500 ὥστε

273 1526 407 1596 μηδὲ
434 1527 519 1596 ἐφ’
552 1527 732 1600 ἑαυτῷ
765 1530 912 1602 μέγα
942 1535 1180 1602 φρονεῖν,
1232 1535 1313 1599 είς
1365 1535 1574 1592 ἔννοιαν
1618 1535 1848 1608 ἀγαγὼν

270 1617 430 1670 αὑτὸν
462 1619 571 1672 τῶν
600 1621 817 1677 οἰκείων
838 1622 1253 1696 ἁμαρτημάτων
1277 1668 1294 1692 ,
1329 1627 1427 1681 καὶ
1449 1628 1572 1698 ⁸τοῖς
1617 1628 1848 1700 ὀνόμασι

268 1707 364 1764 τοῦ
395 1712 621 1784 φορτίου
646 1714 852 1780 πιέζων
877 1716 1043 1771 αὐτοῦ
1068 1717 1129 1772 τὸ
1159 1717 1421 1783 συνειδός.

343 1907 363 1941 t
402 1891 745 1947 Κοινωνείτω
796 1892 856 1949 δὲ
911 1897 941 1950 ὁ
968 1897 1377 1970 κατηχούμενος
1417 1901 1512 1956 τὸν
1558 1901 1718 1974 λόγον
1765 1902 1848 1976 τῷ

1951 717 2064 758 non
2111 701 2378 759 adversus
2430 700 2778 772 proximum;
2839 698 2987 754 velut
3043 695 3139 753 ille
3191 694 3524 750 Pharisaeus.

1950 792 2118 866 Atqui
2162 795 2267 851 hoc
2322 793 2626 861 concessit,
2659 801 2720 848 ut
2746 790 3011 862 paulatim
3045 795 3225 844 totum
3257 785 3525 842 auferret.

1950 883 2086 943 Nam
2118 887 2213 956 qui
2265 887 2321 942 in
2354 900 2509 941 more
2547 884 2801 940 habuerit
2841 881 2898 937 in
2933 881 3115 954 seipso
3142 876 3527 934 tantummodo

1950 982 2183 1054 gloriam
2231 982 2459 1046 habere,
2508 986 2564 1037 et
2611 993 2718 1035 non
2767 977 3031 1034 adversus
3080 972 3244 1042 alios,
3288 973 3341 1031 is
3370 973 3525 1031 brevi

1950 1076 2054 1131 hoc
2085 1090 2307 1146 quoque
2333 1074 2526 1133 vitium
2563 1071 2888 1128 correxerit.

2014 1166 2182 1223 Vsus.
2237 1166 2288 1221 5.
2332 1183 2350 1218 t
2404 1164 2796 1235 Unusquisque
2836 1161 2982 1217 enim
3014 1175 3157 1216 onus
3196 1172 3358 1215 suum
3398 1171 3525 1228 por-

1951 1259 2105 1314 tabit.
2143 1277 2164 1310 ι

2019 1347 2250 1404 ινὶιιειιιι·
2286 1362 2601 1421 preponere
2633 1345 2905 1403 rationem
2952 1360 3075 1416 quae
3105 1343 3396 1415 prohibeat
3425 1340 3523 1399 adv-

1950 1454 2145 1495 versus
2203 1438 2370 1494 alium
2452 1438 2696 1510 gloriari.
2759 1437 3025 1493 Caeterum
3091 1434 3525 1508 gloriabundth

1950 1530 2203 1602 corrigit,
2238 1546 2306 1587 ne
2346 1529 2454 1586 sibi
2486 1530 2644 1586 valde
2674 1530 2917 1602 placeat,
2956 1545 3226 1586 revocans
3258 1530 3413 1586 illum
3453 1529 3533 1586 ad

1951 1622 2303 1695 propriorum
2353 1630 2716 1694 peccatorum
2779 1621 3312 1687 considerationem,
3363 1621 3529 1677 adhi—

1957 1716 2078 1772 bito
2111 1715 2344 1786 insuper
2394 1715 2570 1773 oneris
2609 1723 2659 1770 et
2694 1715 2927 1772 sarcina:
2961 1714 3206 1779 nomine,
3239 1729 3351 1786 quo
3393 1729 3528 1772 con-

1954 1807 2244 1863 scientiam
2282 1806 2433 1863 illius
2456 1816 2688 1878 premat.

2025 1898 2193 1958 Vina.
2241 1899 2364 1957 6-9.
2430 1917 2449 1951 t
2509 1899 2889 1957 Communicet
2948 1906 3133 1954 autem
3171 1898 3219 1954 is
3249 1898 3343 1970 qui
3375 1906 3533 1954 cate—

269 1980 596 2050 κατηχοῦντι
619 1984 678 2038 ἐν
707 1987 873 2039 πᾶσιν
904 1987 1150 2057 ἀγαθοῖς.
1172 1989 1267 2064 Μὴ
1297 1990 1596 2061 πλανᾶσθε,
1628 1995 1761 2061 Θεὸς
1781 1999 1841 2052 οὐ

1949 1990 2197 2048 chizatur
2229 1991 2414 2056 verbo,
2443 1990 2494 2046 ei
2551 1991 2645 2061 qui
2679 2005 2738 2046 se
2768 1989 3100 2054 catechisat,
3143 1988 3199 2043 in
3264 1988 3528 2045 omnibus

268 2068 691 2141 μυκτηρίζεται.
733 2073 801 2127 ⁸0
830 2075 939 2146 γὰρ
984 2077 1079 2131 ἐὰν
1111 2080 1312 2154 σπείρῃ
1346 2081 1656 2155 ἅνθρωπος,
1685 2085 1847 2143 τοῦτο

261 2161 360 2213 καὶ
387 2160 615 2234 θερίσει.
651 2163 776 2219 Ὅτι
805 2165 835 2220 6
864 2167 1106 2243 σπείρων
1139 2173 1221 2237 είς
1269 2173 1373 2246 τὴν
1402 2176 1584 2248 σάρκα
1611 2178 1806 2235 ἑαυτοῦ
1825 2220 1845 2248 ,

263 2255 328 2306 ἐκ
354 2253 456 2326 τῆς
492 2255 691 2327 σαρκὸς
711 2257 916 2331 θερίσει
946 2262 1173 2334 φθοράν.
1215 2265 1277 2322 '0
1315 2267 1372 2323 δὲ
1401 2269 1644 2343 σπείρων
1681 2272 1760 2338 είς
1784 2271 1846 2328 τδ

261 2345 508 2417 πνεῦμα,
537 2348 602 2402 ὲκ
634 2350 732 2405 τοῦ
757 2353 1070 2426 πνεύματος
1093 2357 1298 2431 θερίσει
1329 2361 1477 2435 ζωὴν
1508 2363 1751 2433 αίὼνιον,
1783 2366 1847 2420 τὸ

255 2437 316 2491 δὲ
347 2439 514 2493 καλὸν
547 2439 847 2511 ποιοῦντες,
881 2447 956 2517 μὴ
981 2450 1328 2522 ὲκκακῶμεν.
1362 2472 1382 2507 ι

343 2615 617 2673 Ἐνταῦθα
640 2618 905 2689 περὶτῶν
923 2621 1264 2680 διδασκάλων
1295 2626 1455 2683 πάλιν
1484 2631 1513 2684 ὀ
1557 2631 1715 2702 λόγος
1746 2635 1845 2690 αὐ-

253 2707 354 2780 τῷ,
386 2707 533 2764 ὥστε
573 2711 775 2783 πολλῆς
813 2712 1110 2769 ἀπολαύειν
1139 2717 1292 2788 παρὰ
1316 2720 1426 2774 τῶν
1470 2725 1846 2801 μαθητευομέ-

253 2819 366 2854 νων
413 2801 740 2875 θεραπείας.
770 2804 939 2862 Τοῦτο
993 2810 1088 2862 καὶ
1116 2811 1146 2864 ὁ
1175 2811 1410 2882 Χριστὸς
1458 2816 1839 2889 ἐνομοθέτησε.

252 2890 366 2946 Καὶ
393 2891 487 2947 διὰ
510 2893 566 2947 τί
589 2911 606 2962 ;
636 2896 824 2954 ἄκουε.
866 2896 1088 2972 Ἐπειδὴ
1125 2900 1187 2956 τὸ
1214 2901 1597 2961 διδασκαλικὸν
1626 2909 1843 2983 ἀξίωμα

259 2984 529 3052 πολλάκις
555 2989 842 3059 κατεφύσα
872 2993 1002 3057 τοὺς
1039 2992 1285 3065 ἔχοντας,
1319 3000 1643 3056 καταπαίων
1664 3004 1846 3058 αὐτῶν

251 3078 313 3132 τὸ
346 3080 638 3152 φρόνημα,
674 3083 755 3147 είς
782 3083 1031 3156 ἀνάγκην
1057 3085 1254 3152 αὐτοὺς
1277 3089 1580 3162 κατέστησε
1607 3092 1704 3147 τοῦ
1734 3093 1844 3148 δεῖν

251 3169 384 3225 σθαι
419 3173 535 3226 τῶν
567 3172 1047 3247 μαθητευομένων,
1074 3179 1362 3248 κάκείνους
1389 3181 1550 3238 πάλιν
1573 3185 1653 3250 είς
1676 3187 1850 3259 ἀφορ-

248 3259 362 3334 μὴν
420 3263 636 3337 ἧγαγεν
685 3265 782 3320 τοῦ
811 3267 950 3338 πρὸς
977 3269 1234 3326 εὐποιίαν
1264 3274 1663 3347 εὐκολωτέρους
1701 3278 1849 3346 γίνε-

247 3356 404 3422 σθαι,
449 3359 748 3432 γυμνάζων
790 3363 993 3429 αὐτοὺς
1047 3366 1286 3439 ἡμέρους
1316 3365 1476 3424 εἶναι.
1505 3371 1645 3442 Φησὶ
1666 3370 1745 3438 δι,
1775 3374 1846 3428 ἐν

243 3445 456 3504 ,πᾶσιν
486 3450 765 3520 ἀγαθοῖς,
808 3452 951 3509 ὥστε
985 3458 1166 3514 πᾶσαν
1200 3457 1604 3515 ἐπιδείκνυσθαι
1644 3464 1726 3529 είς
1748 3463 1846 3520 αὑ-

243 3540 381 3606 τοὺς
411 3541 722 3614 δαψίλειαν.

325 3743 347 3777 ι
385 3723 590 3797 Καιρῷ
620 3724 730 3797 γὰρ
764 3724 878 3797 ίδίφ
905 3720 1216 3800 θερίσομεν,
1249 3729 1326 3802 μὴ
1357 3730 1697 3803 ἐκλυόμενοι.
1746 3751 1765 3783 ι

316 3815 439 3886 Οὐχ
474 3815 673 3888 ὥσπερ
705 3819 735 3872 ὁ
763 3807 1299 3893 σαρκικὺίᾶπορος,
1328 3825 1483 3894 φησὶ,
1537 3824 1634 3880 καὶ
1685 3827 1742 3878 ὲν
1771 3823 1846 3895 τῷ

239 3908 460 3981 ἀμητῷ
496 3908 669 3972 πολὺν
695 3907 812 3982 ἔχει
846 3910 1036 3978 κόπον,
1078 3912 1220 3968 οὓτω
1243 3915 1338 3969 καὶ
1375 3917 1403 3969 ὁ
1453 3917 1843 3989 πνευματικὸς,

238 4002 366 4058 ἀλλ’
395 4005 462 4057 ὲν
493 4001 801 4058 ἀναπαύσει
838 4004 1049 4074 γίνεται
1070 4006 1262 4079 πολλῇ.

323 4212 347 4250 c
401 4194 578 4252 Ἀλλὰ
604 4194 699 4251 οὖν
731 4195 808 4261 ὡς
857 4197 1049 4269 καιρὸν
1099 4197 1316 4271 ἔχομεν,
1378 4201 1742 4274 ἐργαζώμεθα
1785 4202 1850 4258 τὸ

239 4288 465 4356 ἀγαθὸν
493 4287 630 4362 πρὸς
649 4288 881 4356 πάντας,
916 4289 1154 4362 μάλιστα
1189 4291 1324 4365 πρὸς
1348 4295 1472 4359 τοὺς
1496 4297 1730 4362 οἰκείους
1748 4296 1848 4369 τῆς

238 4382 526 4445 πίστεως.
559 4399 581 4435 ι

311 4477 518 4547 Τάχος
565 4476 660 4531 καὶ
690 4475 925 4548 σπουδὴν
952 4474 1082 4548 περὶ
1114 4476 1214 4549 τὴν
1258 4477 1632 4553 ἐλεημοσύνην
1665 4483 1848 4553 εἰσφέ-

239 4585 368 4641 ρειν
432 4567 904 4641 παρακελεύεται.
955 4570 1098 4625 Οΰτε
1132 4572 1242 4643 γὰρ
1270 4574 1502 4629 πάντοτε
1547 4577 1645 4631 τοῦ
1674 4577 1849 4635 ἐλεεῖν

1944 2084 2128 2142 bonis.
2195 2082 2392 2139 Nolite.
2430 2097 2646 2149 errare,
2702 2083 2846 2139 Deus
2906 2097 3015 2137 non
3070 2080 3357 2139 irridetur.
3390 2080 3526 2148 Quae

1943 2177 2090 2234 enim
2141 2174 2500 2232 seminaverit
2536 2175 2724 2235 homo.
2776 2173 2894 2230 hac
2940 2181 2995 2229 et
3027 2183 3218 2230 metet.
3247 2170 3526 2241 Quoniam

1944 2266 2039 2337 qui
2069 2265 2306 2323 seminat
2340 2264 2413 2321 de
2439 2279 2609 2322 carne
2644 2278 2764 2328 sua,
2797 2264 2865 2319 de
2901 2278 3069 2320 carne
3115 2272 3280 2320 metet
3323 2277 3518 2319 corru-

1945 2361 2211 2431 ptionem.
2249 2358 2352 2427 Qui
2383 2365 2570 2414 autem
2608 2356 2845 2415 seminat
2877 2359 2934 2412 in
2977 2357 3196 2427 spiritu.
3219 2357 3286 2412 de
3321 2356 3524 2427 spiritu

1945 2457 2114 2508 metet
2142 2453 2308 2508 vitam
2340 2459 2627 2507 aeternam.
2656 2449 2869 2506 Bonum
2902 2459 3084 2506 autem
3110 2447 3376 2505 facientes
3411 2463 3517 2504 non

1945 2539 2288 2596 deﬁciamus.
2329 2559 2352 2592 ι

2022 2631 2139 2689 Hoc
2174 2648 2398 2691 rursum
2431 2632 2540 2690 loci
2573 2632 2641 2688 de
2665 2630 2987 2688 doctoribus
3021 2630 3289 2702 loquitur,
3319 2645 3460 2703 quos
3489 2642 3521 2683 a

1946 2726 2241 2798 discipulis
2287 2726 2408 2782 suis
2454 2726 2624 2781 multa
2688 2723 3062 2782 sollicitudine
3118 2723 3304 2780 curari
3370 2723 3521 2781 vult:

1946 2815 2153 2887 quippe
2184 2830 2311 2871 cum
2343 2816 2416 2870 ita
2453 2815 2568 2872 fieri
2593 2815 2852 2872 Christus
2886 2814 3004 2888 ipse
3033 2814 3301 2872 sanxerit.
3341 2814 3528 2881 Quare

1947 2909 2118 2965 vero?
2166 2907 2388 2966 audias.
2425 2907 2698 2976 Quoniam
2745 2909 2818 2965 ob
2864 2907 3100 2964 docendi
3137 2907 3524 2962 auctoritatem

1948 2997 2093 3055 fastu
2144 2998 2478 3056 inflabantur
2510 3000 2586 3056 illi
2630 3002 2725 3071 qui
2759 3016 2824 3057 ea
2854 3002 3041 3057 ornati
3087 3012 3282 3069 erant;
3322 3000 3524 3058 borum

1948 3097 2010 3144 ut
2037 3099 2414 3163 compesceret
2471 3089 2873 3163 arrogantiam,
2917 3090 2974 3147 in
3018 3091 3161 3146 hanc
3188 3105 3287 3146 eos
3324 3105 3526 3147 neces-

1949 3183 2170 3238 sitatem
2220 3183 2426 3254 coegit,
2476 3191 2536 3238 ut
2575 3182 2680 3254 ipsi
2721 3181 3017 3253 discipulis
3047 3198 3185 3253 opus
3223 3183 3527 3239 haberent:

1949 3275 2061 3331 illis
2097 3288 2233 3331 vero
2282 3289 2502 3332 rursum
2553 3274 2760 3346 prabet
2794 3275 3146 3329 occasionem
3182 3281 3242 3330 ut
3283 3274 3349 3330 ad
3384 3273 3525 3330 bene

1949 3366 2016 3423 de
2039 3366 2163 3423 aliis
2203 3366 2528 3422 merendum
2565 3365 2842 3423 faciliores
2896 3365 3048 3434 flant,
3082 3367 3232 3439 ipsos
3262 3380 3526 3421 exercens

1947 3459 2016 3516 ad
2071 3459 2519 3517 benevolentiam
2589 3474 2719 3530 erga
2775 3459 3073 3530 magistros
3132 3457 3526 3530 prmstandam.

1948 3552 2039 3608 Ait
2072 3561 2282 3619 autem,
2314 3555 2368 3608 in
2400 3552 2642 3608 omnibus
2691 3553 2868 3618 bonis,
2907 3561 2966 3606 ut
2995 3566 3209 3608 omnem
3243 3552 3298 3607 in
3328 3567 3423 3607 eos
3450 3550 3530 3605 lio

1946 3645 2291 3701 beralitatem
2333 3643 2679 3717 impendant.

2028 3755 2047 3788 ι
2087 3735 2360 3806 Tempore
2382 3738 2528 3792 enim
2560 3751 2660 3792 suo
2693 3748 2961 3792 metemus
2992 3751 3102 3792 non
3129 3733 3470 3790 deficientes.
3499 3752 3520 3786 ι

2015 3829 2132 3884 Non
2169 3830 2248 3885 uti
2279 3829 2522 3885 carnalis
2572 3845 2809 3896 messor,
2849 3829 3049 3901 inquit,
3105 3827 3199 3898 qui
3235 3826 3375 3882 nihil
3404 3825 3526 3881 fru-

1949 3931 2138 3977 ctuum
2195 3923 2456 3993 percipit,
2504 3924 2811 3995 quamlibet
2859 3921 3120 3979 metendo
3165 3920 3401 3975 multum
3445 3919 3527 3974 la-

1949 4019 2125 4084 boret,
2157 4017 2237 4073 sic
2285 4027 2372 4075 est
2425 4019 2755 4089 spiritualis.
2807 4018 2911 4074 llic
2959 4015 3107 4073 enim
3140 4012 3326 4085 quiete
3352 4015 3524 4070 multa

1949 4111 2182 4183 potitur.

2021 4201 2188 4258 Vens.
2214 4201 2304 4258 10.
2333 4220 2354 4255 ο
2397 4200 2545 4275 Ergo
2577 4202 2706 4258 dum
2746 4213 2969 4273 tempus
3007 4201 3299 4265 habemus,
3326 4215 3525 4271 opere-

1950 4310 2078 4349 mur
2135 4296 2342 4351 houum
2396 4294 2556 4367 176
2602 4293 2671 4350 ad
2697 4309 2916 4362 omnes,
2944 4293 3190 4350 maxime
3231 4294 3298 4348 ad
3332 4293 3528 4348 dome-

1951 4388 2125 4445 sticos
2157 4387 2305 4443 fidei.
2345 4406 2365 4441 ι

2016 4479 2287 4537 Hortatur
2317 4489 2380 4536 ut
2413 4479 2834 4538 festinationem
2866 4488 2925 4538 et
2970 4481 3318 4553 diligentiam
3366 4480 3528 4536 adhi-

1950 4572 2119 4629 beant
2147 4576 2216 4627 ad
2255 4575 2666 4645 eleemosynatn
2713 4575 3074 4645 erogandam.
3128 4570 3250 4629 Non
3290 4575 3437 4629 enim
3469 4573 3529 4630 in

233 4667 422 4737 ἔσμεν
462 4661 671 4735 κύριοι.
703 4659 874 4718 Ὅταν
902 4663 1010 4735 γὰρ
1031 4663 1282 4721 ἐντεῦθεν
1311 4668 1718 4741 ἀπενεχθῶμεν,
1742 4672 1846 4727 κᾶν

1954 4674 2231 4739 potestate
2260 4667 2472 4736 Enostra
2516 4677 2604 4723 est
2645 4682 2866 4738 semper
2905 4674 2962 4723 et
3002 4665 3526 4737 ubiquemisereri.

237 4757 537 4831 μυριάκις
576 4754 952 4826 βουληθῶμεν,
996 4755 1148 4811 οὐδὲν
1200 4760 1533 4832 περαίνομεν
1568 4763 1749 4820 πλέον.
1778 4765 1852 4819 Τὸ

231 4849 320 4913 δὲ,
351 4848 528 4918 πρὸς
549 4846 803 4914 πάντας,
833 4847 970 4918 πρὸς
995 4847 1404 4923 ἀντιδιαστολὴν
1425 4856 1524 4925 τῆς
1554 4856 1854 4928 Ἰουδαϊκῆς

233 4941 682 5009 ταπεινότητος.
725 4939 986 5002 Ἑκείνοις
1036 4939 1134 5010 μὲν
1190 4941 1298 5014 γὰρ
1323 4942 1392 4996 τὰ
1419 4945 1517 5014 τῆς
1551 4946 1854 5018 φιλανθρω-

234 5031 382 5098 πίας
414 5030 653 5085 ἅπαντα
680 5029 819 5101 πρὸς
841 5032 967 5095 τοὺς
997 5032 1307 5102 ὁμοφύλους
1325 5028 1416 5105 ἦν.
1451 5036 1516 5089 Ἦ
1546 5037 1602 5092 δὲ
1635 5038 1734 5108 τῆς
1752 5040 1855 5110 χά-

233 5139 402 5196 ριτος
439 5121 853 5194 φιλανθρωπία,
889 5122 995 5194 γῆν
1021 5124 1157 5195 ὁμοῦ
1209 5127 1594 5188 καὶ,θάλατταν
1634 5133 1726 5185 ἐπὶ
1753 5135 1851 5204 τὴν

227 5218 341 5286 τῆς
378 5215 776 5287 ὲλιημοσύνης
798 5216 1104 5290 μετάληψιν
1135 5217 1313 5285 καλεῖ,
1345 5221 1441 5274 καὶ
1466 5222 1688 5278 πλείονα
1716 5226 1853 5296 πρὸς

228 5311 374 5376 τοὺς
398 5308 654 5374 οἰκείους
680 5310 781 5380 τὴν
813 5309 1049 5385 σπουδὴν
1073 5311 1460 5369 ἐπιδείκνυται.

323 5516 344 5549 τ
385 5497 582 5549 Ἴδετε
617 5493 868 5566 πηλίκοις
890 5496 1020 5566 ὑμῖν
1049 5497 1372 5567 γράμμασιν
1407 5495 1619 5569 ἔγραψα
1643 5501 1707 5570 τῇ
1737 5501 1842 5573 ἐμῇ

233 5588 421 5663 χειρί.
463 5606 488 5640 ι

313 5680 532 5737 Πάντα
559 5677 807 5749 δέχεσθαι
837 5679 927 5733 τδν
968 5679 1126 5749 λόγον
1153 5679 1317 5734 αὐτοῦ
1349 5686 1637 5752 παραινεῖ,
1671 5686 1763 5739 καὶ
1790 5689 1850 5741 τὸ

236 5773 508 5853 μέγεθος
552 5773 660 5826 τῶν
711 5772 1017 5844 δογμάτων,
1071 5773 1159 5828 διὰ
1201 5774 1278 5843 τὸ,
1321 5777 1620 5845 πηλίκοις,
1656 5780 1850 5850 εἰπεῖν,

399 5961 453 5998 ³⁸
491 5956 632 6015 Luc.
660 5973 821 6030 xvttr,
867 5959 952 6015 10.

1949 4759 2185 4827 Quando
2212 4761 2360 4817 enim
2401 4776 2470 4816 ex
2514 4761 2622 4817 hoc
2651 4760 2858 4816 saeculo
2904 4760 3115 4833 egressi
3150 4758 3391 4826 erimus,
3421 4757 3528 4814 etsi

1948 4857 2152 4912 millies
2182 4857 2458 4923 volemus,
2497 4855 2639 4910 nihil
2689 4854 2834 4910 ultra
2885 4853 3272 4926 perﬁciemns.
3310 4851 3400 4906 Ait
3431 4867 3528 4905 au—

1951 4953 2082 5011 tem,
2117 4946 2187 5000 ad
2236 4962 2445 5012 omnes,
2477 4947 2546 5001 ad
2585 4943 2957 5000 diﬂ’erentiam
3011 4943 3257 4996 Jndaicze
3306 4941 3527 4995 humili-

1949 5039 2102 5093 tatis.
2137 5037 2273 5092 Nam
2307 5038 2490 5091 omnia
2524 5037 2815 5092 cltaritatis
2846 5036 3072 5089 illorum
3099 5033 3275 5088 ofﬁcia
3307 5032 3360 5086 in
3394 5047 3528 5087 con—

1950 5129 2183 5184 tribules
2218 5128 2399 5182 solum
2451 5127 2920 5197 impendebantur
2955 5144 2972 5180 :
3016 5134 3073 5179 at
3105 5124 3295 5194 gratim
3329 5126 3525 5178 huma-

1951 5222 2120 5286 nitas,
2172 5229 2375 5276 terram
2436 5220 2644 5291 pariter
2702 5228 2756 5275 et
2810 5234 2964 5275 mare
3030 5217 3099 5273 ad
3149 5216 3526 5273 beneficentiae

1953 5313 2442 5385 participationem
2500 5313 2719 5375 invitat,
2780 5321 2841 5367 ut
2909 5320 3096 5366 tamen
3153 5309 3531 5380 copiosiorem

1951 5421 2082 5476 erga
2114 5407 2453 5462 domesticos
2484 5404 2609 5459 fidei
2645 5403 3085 5459 sollicitudinem
3121 5401 3404 5473 praeferat.

2029 5496 2194 5554 Vens.
2260 5499 2346 5552 Η.
2412 5515 2431 5549 ι
2493 5496 2687 5554 Videte
2750 5497 3012 5569 qualibus
3069 5492 3274 5551 litteris
3323 5490 3527 5562 scripsi

1957 5593 2118 5648 vobis
2151 5606 2267 5646 mea
2296 5607 2486 5661 manu.
2519 5611 2537 5643 ι
3020 5583 3028 5597 ’

2037 5685 2241 5740 Suadet
2291 5692 2349 5739 nt
2391 5692 2563 5739 totum
2617 5700 2928 5741 sermonem
2997 5695 3160 5740 suum
3221 5676 3526 5748 excipiant,

1963 5777 2332 5850 dicendoque,
2374 5781 2641 5851 qualibus,
2685 5787 2759 5844 ct,
2818 5795 2975 5832 manu
3022 5792 3160 5842 mea,
3207 5768 3527 5828 sublimita-
