4048 6290
310 461 408 515 825

1424 469 1506 533 IN
1545 468 1784 530 EPIST.
1825 467 1926 528 AD
1962 462 2355 526 EPHESIOS,

3411 403 3414 406 ’
3435 451 3547 518 sas

309 578 568 652 ραδείσου.
609 575 799 634 Ταῦτα
833 573 928 637 οῦν
961 577 1251 652 προέκειτο
1283 581 1435 652 παρὰ
1467 577 1640 651 Qui):
1678 579 1759 642 είς
1810 577 1865 632 τὸ

1976 583 2124 632 esset
2198 568 2551 636 immortalis,
2613 565 2670 622 in
2707 572 2945 622 mortem
2999 558 3258 629 incurrit,
3318 568 3547 634 atquee

301 669 875 741 ἀνακεφαλαιώσασθαι
907 673 1002 726 καὶ
1027 669 1353 740 ἀνανεῶσαι,
1371 671 1469 726 καὶ
1505 670 1644 742 ὑπὲρ
1668 668 1872 724 τούτων

304 766 518 835 γέγονεν
536 765 566 818 ὁ
594 762 909 834 Μονογενειτς
936 762 1221 836 ἄνθρωπος
1238 805 1255 830 ,
1280 763 1367 818 ῐνα
1395 761 1678 836 καταλύσῃ
1704 759 1870 817 θάνα-

302 873 410 923 τον,
430 856 522 911 καὶ
545 857 712 930 ἀνέλῃ
738 856 838 930 τὴν
865 858 1091 930 φθορὰν,
1109 857 1204 912 καὶ⁸
1221 856 1320 930 τὴν
1339 853 1616 928 ἁμαρτίαν
1641 852 1869 927 ἐκϐάλῃ,

298 948 327 1005 θ
353 950 444 1006 καὶ
475 949 665 1021 γέγονε
681 951 1130 1026 παραγενομένου
1160 949 1421 1025 Χριστοῦ.
1445 949 1520 1004 Τὸ
1544 950 1624 1015 δὲ,
1648 949 1719 1004 ἐν
1745 950 1871 1016 τοϊς

300 1044 593 1114 οὐρανοῖς,
632 1045 820 1100 τοῦτον
853 1045 967 1118 ἔχει
989 1046 1082 1101 τὸν
1108 1044 1311 1117 τρόπον
1335 1060 1349 1075 ο
1375 1045 1456 1099 ὅτι
1499 1043 1644 1118 λύπη
1669 1037 1740 1115 ἦν
1774 1057 1872 1115 με-

297 1138 434 1211 γάλη
458 1141 554 1194 καὶ
579 1138 925 1202 ἀδιάλειπτος
961 1137 1057 1194 τοῦ
1090 1138 1292 1211 κόσμου
1326 1136 1731 1210 ἁμαρτάνοντος
1755 1137 1869 1200 τοῖς

297 1227 570 1298 ἀγγέλοις,
597 1229 695 1284 καὶ
730 1228 838 1284 ὑπὸ
869 1229 1118 1300 κατάραν
1136 1227 1319 1292 θντος·
1369 1227 1461 1282 καὶ
1489 1226 1650 1299 δῆλον
1681 1225 1742 1280 ὲν
1787 1221 1870 1296 τῷ

295 1320 469 1374 εἰπεῖν
499 1319 588 1373 τὸν
621 1319 848 1393 Κύρων,
874 1319 958 1375 ὅτι
988 1319 1151 1390 Χαρὰ
1175 1319 1247 1374 ὲν
1272 1317 1505 1388 οὐραγῷ
1525 1318 1748 1386 γίνεται
1768 1314 1866 1369 ἐπὶ

295 1407 386 1464 ἐνί
408 1409 734 1480 ἁμαρτωλῷ
757 1406 1150 1480 μετανοοῦντι
1170 1425 1188 1441 ο
1217 1406 1366 1478 λέγει
1396 1402 1511 1476 οὖν,
1544 1405 1622 1470 ὡς
1641 1402 1812 1460 ἐλθὼν
1839 1407 1870 1459 ὀ

294 1499 535 1573 Κύριος,
572 1501 666 1558 καί⁵
721 1501 791 1556 τά
836 1503 930 1557 ἐπὶ
977 1503 1077 1573 τῆς
1095 1501 1201 1572 γῆς
1236 1500 1554 1568 ἀνενίωσεν,
1593 1499 1686 1554 καὶ
1711 1498 1782 1552 τά
1809 1497 1869 1553 ὲν

290 1595 400 1658 τοῖς
422 1594 694 1665 οὐρανοῖς,
727 1594 948 1668 ἐκείνης
966 1593 1181 1658 παύσας
1205 1595 1334 1660 τοὺς
1359 1592 1624 1663 άγγέλους
1646 1593 1746 1663 τῆς
1777 1590 1872 1645 λύ’

290 1702 426 1758 πης,
453 1681 524 1762 ἧς
570 1687 864 1743 έλυποῦντο
919 1689 1012 1748 ἐπὶ
1043 1689 1109 1759 τῇ
1154 1686 1264 1743 τῶν
1316 1685 1621 1759 ἀνθρώπων
1668 1684 1864 1758 φθορᾷ.

1974 665 2234 738 paradiso
2272 663 2468 737 pulsus
2497 668 2583 720 est
2626 660 2797 717 foras.
2831 655 2959 714 Haec
2993 656 3185 739 itaque
3216 653 3377 726 179
3415 668 3546 724 pro-

1972 765 2236 832 posuerat
2269 757 2414 814 Deus
2452 755 2853 827 redintegrare,
2893 758 2948 808 et
2987 763 3294 815 renovare;
3328 755 3384 804 et
3415 761 3547 818 pro-

1971 860 2161 925 pterea
2207 846 2545 921 Unigenitus
2595 846 2777 902 factus
2811 851 2900 902 est
2954 841 3142 908 homo,
3199 848 3262 895 ut
3303 845 3544 894 mortem

1969 944 2308 1008 destrueret,
2338 939 2715 1012 1auferretque
2760 934 3196 1007 corruptionem,
3233 938 3289 987 et
3345 942 3543 1002 pecca-

1971 1045 2088 1093 tum
2130 1032 2434 1108 expelleret
2466 1051 2482 1092 :
2529 1031 2589 1088 id
2636 1029 2785 1105 quod
2821 1028 3151 1087 adveniente
3186 1023 3410 1080 Christo
3446 1036 3538 1095 pa-

1968 1133 2182 1186 tratum
2209 1125 2337 1184 tuit.
2363 1122 2524 1192 Quod
2563 1131 2750 1179 autem
2780 1121 2836 1175 in
2865 1119 3009 1176 catis
3046 1117 3204 1182 dicit,
3244 1116 3348 1171 hoc
3378 1113 3542 1171 modo

1968 1219 2227 1293 contigit.
2255 1217 2555 1286 lQuoniam
2606 1214 2793 1287 angeli
2834 1213 3110 1284 ingentem
3137 1210 3353 1266 luctum
3384 1205 3543 1264 inde-

1967 1315 2215 1372 sinenter
2253 1312 2492 1384 agebant
2541 1309 2612 1366 de
2647 1308 2896 1380 peccatis
2940 1304 3159 1372 mundi,
3199 1301 3465 1374 quodque
3493 1299 3543 1356 is

1968 1405 2340 1466 exsecrationi
2371 1411 2494 1461 erat
2524 1399 2805 1460 obnoxius
2837 1399 3014 1470 (atqui
3042 1398 3150 1453 hoc
3185 1393 3541 1451 manifestum

1966 1507 2056 1559 est
2089 1500 2249 1557 hisce
2281 1495 2499 1553 Domini
2531 1496 2755 1552 verbis:
2790 1490 3055 1550 Gaudium
3094 1500 3168 1545 est
3206 1491 3260 1542 in
3290 1485 3418 1543 calo
3445 1501 3541 1542 su-

1967 1610 2061 1666 per
2090 1609 2195 1649 uno
2226 1601 2503 1662 peccatore
2542 1587 2904 1660 pwnitentiam
2961 1591 3145 1655 agente
3173 1579 3282 1652 ³⁸);
3331 1576 3542 1633 idcirco

1971 1691 2073 1756 ait,
2107 1687 2400 1745 Dominum
2453 1685 2695 1741 adventu
2730 1695 2856 1747 suo,
2906 1692 3029 1735 cum
3061 1690 3124 1732 ea
3155 1689 3274 1746 quae
3314 1673 3368 1726 in
3395 1680 3540 1728 terra

301 1777 576 1850 Ἀνήγαγε
600 1777 712 1850 γὰρ
739 1777 936 1843 αὐτοὺς
964 1776 1056 1832 ἐπὶ
1083 1777 1182 1851 τὴν
1225 1779 1502 1850 προτέραν
1543 1774 1740 1849 χαρὰν,
1769 1773 1865 1846 τὴν

1973 1791 2104 1840 sunt
2135 1793 2460 1845 renovasse,
2505 1784 2626 1832 tum
2666 1789 2792 1847 quae
2833 1773 2892 1830 in
2937 1768 3119 1834 salis,
3159 1766 3348 1823 sedato
3376 1777 3541 1834 ange-

290 1869 433 1944 ὑπὲρ
457 1868 570 1926 τῶν
598 1870 944 1943 σωζομένων.

362 2173 384 2209 ι
411 2155 506 2212 Ἐν
651 2153 746 2210 καὶ
796 2153 1211 2229 ἐκληρώθημεν,
1259 2154 1678 2226 προορισθέντες
1722 2154 1867 2210 κατά

282 2247 549 2318 πρόθεσιν
571 2247 666 2302 τοῦ
691 2247 763 2302 τὰ
782 2249 959 2302 πάντα
985 2247 1338 2320 ἐνεργοῦντος
1373 2246 1513 2302 κατὰ
1537 2246 1638 2319 τὴν
1669 2245 1864 2320 βουλὴν

278 2339 375 2393 τοῦ
407 2340 718 2411 θελήματος
749 2339 936 2405 αὐτοῦ,
963 2339 1044 2405 είς
1078 2341 1139 2395 τὸ
1169 2336 1310 2395 εἶναι
1357 2341 1505 2414 ἡμᾶς
1532 2339 1611 2406 είς
1644 2339 1864 2395 ἔπαινον

275 2429 442 2503 δόξης
473 2431 663 2500 αὐτοῦ,
687 2433 816 2497 τοὺς
845 2431 1254 2505 προηλπικότας
1290 2433 1350 2487 έν
1375 2433 1456 2506 τῷ
1483 2430 1726 2505 Χριστῷ.
1765 2450 1786 2483 ι

270 2695 313 2754 Θ
354 2607 447 2712 ’ἓν
482 2609 727 2685 Χριστῷ,
786 2611 952 2686 φησὶ,
1002 2611 1349 2688 γιγνόμενοι,
1403 2613 1563 2685 μερὶς
1597 2612 1867 2686 γινόμεθα

314 2713 434 2754 eoo.

314 2713 434 2757 εου.

346 2811 366 2846 ι
418 2793 518 2849 Ἑν
543 2785 589 2866 ᾧ
606 2798 700 2849 καὶ
724 2794 884 2868 ὑμεῖς
928 2794 1264 2860 ἀκούσαντες
1303 2796 1396 2851 τὸν
1425 2801 1579 2866 Λόγον
1603 2797 1706 2869 τῆς
1727 2798 1863 2871 άλη-

268 2883 449 2956 θείας,
493 2888 555 2942 τὸ
596 2887 927 2958 Εὑαγγέλιον
955 2889 1059 2960 τῆς
1089 2887 1364 2960 σωτηρίας
1395 2887 1575 2961 ὑμῶν,
1603 2891 1661 2944 εν
1690 2881 1735 2958 ᾧ
1765 2890 1863 2944 καὶ

207 3065 214 3071 _
266 2980 670 3071 πιστεύσαντες
689 2984 1085 3058 ἐσφραγίσθητε
1100 2982 1178 3055 τῷ
1191 2981 1472 3055 Πνεύματι
1495 2984 1596 3055 τῆς
1624 2982 1864 3056 ἐπαγγε..

264 3069 389 3137 λίας
417 3071 506 3146 τῷ
539 3072 701 3144 ἁγίῳ.
732 3091 753 3125 s

335 3163 465 3220 Τῶν
519 3164 993 3236 προεγνωσμένων
1047 3163 1174 3220 ἐστὲ
1207 3165 1302 3220 καὶ
1336 3165 1518 3236 ὑμεῖς,
1543 3166 1730 3238 φησιν,
1781 3168 1859 3221 oio

261 3257 589 3363 κειούμινοι
616 3258 852 3363 Koma-qi-
866 3259 934 3363 δι’
959 3259 1243 3363 ῦπακοῆς,
1270 3260 1488 3331 καὶτῆς
1509 3259 1605 3316 ἐπὶ
1633 3263 1699 3333 τῇ
1721 3261 1859 3334 ἀκοῇ
1885 3303 1930 3363 c

261 3351 515 3417 πίστεως
540 3390 561 3418 ,
616 3351 711 3406 καὶ
759 3352 853 3406 τοῦ
889 3351 984 3407 ἐπὶ
1021 3354 1090 3424 τῇ
1149 3353 1332 3408 πίστει
1373 3354 1751 3427 σφραγισμοῦ,
1797 3355 1859 3419 ὃς

261 3444 420 3502 ἔστιν
454 3445 722 3518 ὁμοίωσις
749 3445 887 3517 πρὸς
915 3446 1154 3519 Χριστὸν
1185 3447 1270 3503 διὰ
1288 3447 1389 3518 τῆς
1422 3448 1515 3501 τοῦ
1539 3448 1860 3520 Πνεῦματος

264 3537 662 3611 μεταλήψεως.
713 3539 873 3610 Παρὰ
901 3540 1050 3619 τινος
1080 3541 1138 3596 δὲ
1166 3542 1409 3613 ἥκουσαν
1437 3541 1532 3597 τὸν
1573 3540 1733 3612 λόγον
1758 3541 1861 3613 τῆς

259 3627 556 3699 ἀληθείας,
607 3628 644 3700 ἢ
693 3630 846 3702 παρὰ
874 3630 1125 3686 Ἰωάννου
1158 3631 1252 3685 τοῦ
1290 3631 1712 3703 εὐαγγελιστοῦ;
1743 3633 1860 3686 ἐκεῖ

260 3719 376 3793 γὰρ
407 3721 719 3793 ἐκήρυττεν
740 3737 754 3754 ·
783 3721 864 3776 διὸ
899 3721 993 3776 καὶ
1023 3723 1356 3795 ὑψηλότερον
1395 3725 1581 3789 αὐτοῖς
1612 3725 1861 3795 διαλέγε-

261 3829 352 3868 ται
371 3817 403 3870 ό
419 3813 657 3882 Παῦλος,
686 3815 780 3870 ἤτε
810 3818 875 3870 ὲκ
893 3819 991 3886 τῆς
1021 3817 1231 3870 ἐκείνου
1247 3817 1595 3882 διδασκαλίας
1616 3836 1862 3890 προκατυ

261 3907 647 3982 ηρτισμένοις.
670 3906 806 3964 Δίαν
839 3908 949 3980 γὰρ
982 3907 1189 3981 ὑψηλὸς
1221 3911 1302 3976 είς
1331 3909 1608 3983 θεολογίαν
1632 3914 1662 3967 ὀ
1691 3913 1859 3987 ἀνήρ.

340 4106 364 4143 s
402 4085 515 4153 Ὄς
547 4086 697 4142 ἔστιν
725 4085 986 4161 ἀρραϐὼν
1019 4087 1116 4160 τῆς
1166 4090 1537 4162 κληρονομίας
1587 4092 1747 4165 ἡμῶν
1779 4094 1858 4159 είς

259 4178 784 4253 ἀπολύτρωσινητῆς
815 4181 1246 4253 περιποιήσεως,
1277 4185 1355 4247 εἰς
1389 4183 1609 4238 ιπαινον
1644 4185 1744 4255 τῆς
1776 4184 1861 4239 δό-

258 4271 360 4344 ξης
379 4267 578 4327 αὐτοῦ.
602 4287 626 4323 ε

332 4365 673 4437 ’Δρῤαϐὦνα
719 4365 869 4436 λέγει
921 4365 1096 4438 ἀρχὴν
1124 4367 1392 4439 κτήσεως.
1423 4371 1594 4443 Ψησὶν
1615 4371 1730 4438 οῦν,
1781 4371 1859 4437 ὡς

258 4460 577 4534 Δεξάμενοι
604 4461 665 4515 τὸ
696 4461 945 4533 Πνεῦμα,
971 4459 1261 4532 ἠρξάμεθα
1289 4463 1393 4535 ἠδη
1425 4466 1684 4537 κτήματα
1718 4461 1862 4522 εἶναι

255 4551 515 4627 Χριστοῦ
543 4553 638 4609 καὶ
665 4553 825 4608 Θεοῦ.

1973 1876 2154 1930 lorum
2203 1872 2381 1934 luctu,
2430 1881 2595 1940 quem
2649 1876 2877 1938 propter
2929 1859 3215 1917 interitum
3254 1853 3539 1911 hominum

1901 1947 1945 2004 Β
1973 1965 2270 2023 ducebant.
2294 1962 2389 2020 Eis
2421 1963 2625 2034 quippe
2653 1956 2913 2031 gaudium
2943 1952 3244 2028 pristinum
3275 1945 3537 2013 reddidit,

1969 2059 2148 2116 salute
2179 2055 2503 2114 hominibus
2536 2063 2827 2110 concessa.

2079 2149 2249 2207 Vsus.
2279 2147 2370 2214 Η,
2407 2147 2501 2206 12.
2532 2163 2552 2198 ι
2595 2143 2655 2200 ln
2683 2157 2796 2215 quo
2825 2147 2880 2197 et
2909 2155 3013 2198 nos
3044 2146 3197 2194 sorte
3233 2134 3412 2192 vocati
3444 2149 3540 2190 su-

1965 2261 2114 2312 mus,
2157 2237 2859 2317 pradestinatisecundum
2887 2229 3227 2306 propositum
3270 2225 3413 2298 ejus,
3444 2225 3539 2296 qui

1966 2345 2235 2414 aperatur
2265 2333 2475 2405 omnia
2508 2329 2818 2389 secundum
2881 2323 3182 2382 consilium
3233 2319 3536 2376 voluntatis

1967 2449 2109 2500 suae,
2137 2441 2198 2489 ut
2235 2431 2413 2489 simus
2442 2428 2498 2484 in
2525 2426 2742 2483 laudem
2765 2422 2955 2496 gloriae
2983 2417 3114 2478 eius
3151 2432 3272 2482 nos,
3296 2415 3390 2488 qui
3415 2421 3541 2468 ante

1966 2525 2319 2599 speravimus
2349 2524 2405 2579 in
2433 2519 2677 2579 Christo.
2709 2537 2733 2573 ι

2036 2620 2178 2678 Dum
2198 2619 2257 2676 in
2280 2616 2508 2675 Christo
2539 2627 2758 2680 sumus,
2789 2609 2994 2684 inquit,
3021 2606 3207 2682 portio
3231 2605 3328 2662 Dei
3391 2603 3536 2661 exsio

1965 2713 2194 2774 stimus.

2038 2806 2204 2864 Vens.
2242 2805 2330 2863 1⁸5.
2364 2824 2384 2859 ι
2412 2804 2472 2861 in
2503 2817 2615 2874 quo
2671 2801 2840 2859 etiam
2872 2807 2929 2855 et
2967 2813 3066 2854 vos
3097 2793 3386 2850 audientes
3417 2805 3540 2847 ver-

1962 2901 2095 2959 bum
2130 2899 2383 2957 veritatis
2406 2898 2424 2969 (
2444 2895 2800 2967 Evangelium
2832 2890 3030 2950 salutis
3065 2885 3315 2957 vestrae),
3339 2884 3396 2940 in
3428 2897 3541 2956 quo

1962 3002 2019 3052 et
2069 2993 2364 3050 credentes
2417 2989 2626 3063 signati
2678 2987 2840 3052 estis,
2890 2982 3100 3056 Spiritu
3149 2974 3540 3052 promissionis

1962 3095 2226 3146 sancto.»

2032 3177 2148 3234 Vos
2199 3190 2422 3250 quoque
2476 3189 2542 3230 ex
2574 3168 2926 3242 pracognitis
2973 3165 3133 3230 estis,
3181 3160 3387 3234 inquit,
3443 3158 3541 3231 qui

1961 3272 2185 3330 Christo
2211 3267 2619 3341 conjungimini
2655 3281 2754 3338 per
2775 3259 3148 3320 obedientiam
3177 3267 3236 3314 et
3261 3271 3360 3329 per
3377 3255 3540 3312 [idem

1965 3365 2193 3423 auditus
2221 3360 2628 3422 consectariam
2645 3395 2661 3425 ,
2682 3371 2788 3414 nec
2804 3370 2914 3411 non
2937 3368 3035 3426 per
3052 3349 3399 3424 signaculum
3429 3363 3542 3419 quo

1964 3459 2098 3516 lides
2147 3456 2421 3522 munitur,
2479 3453 2741 3526 quodque
2767 3447 2982 3504 Christi
3020 3442 3332 3503 similitudo
3350 3447 3437 3497 est
3467 3440 3540 3496 ob

1961 3549 2204 3622 Spiritus
2234 3545 2741 3621 participationem.
2781 3542 2825 3595 Α.
2855 3552 3100 3611 quonam
3143 3549 3278 3590 vero
3308 3532 3539 3590 verbum

1958 3641 2211 3700 veritatis
2264 3638 2491 3712 Ephesii
2541 3634 2865 3697 audierunt,
2904 3630 3014 3685 nisi
3048 3644 3079 3683 a
3115 3625 3329 3682 Joanne
3368 3637 3539 3679 evan-

1959 3732 2180 3804 gelista,
2209 3731 2305 3798 qui
2336 3728 2452 3785 illic
2491 3723 2875 3798 praedicabat?
2901 3719 3175 3789 Quocirca
3197 3712 3542 3774 sublimioris

1959 3839 2158 3880 sensus
2199 3822 2364 3878 verba
2388 3819 2459 3876 ad
2486 3819 2612 3876 illos
2646 3816 2780 3873 facit
2812 3814 3044 3878 Paulus,
3081 3826 3182 3867 ceu
3209 3811 3302 3881 qui
3329 3807 3441 3875 jam
3473 3805 3540 3862 il-

1958 3917 2069 3971 lius
2081 3923 2270 3973 essent
2288 3913 2546 3985 doctrina
2571 3909 2834 3969 instituti.
2862 3908 2912 3964 Is
2932 3907 3134 3979 quippe
3153 3904 3238 3960 vir
3260 3901 3541 3958 altissima

1960 4008 2250 4079 theologia:
2271 4017 2408 4066 erat.

2031 4101 2203 4162 Vens.
2269 4101 2360 4158 ﬂ.
2392 4119 2414 4154 ι
2441 4098 2550 4168 Qui
2575 4106 2663 4155 est
2695 4097 2897 4169 pignus
2927 4090 3273 4151 baereditatis
3314 4094 3540 4154 nostrae,

1960 4194 2018 4252 in
2044 4195 2482 4266 redemptionem
2518 4189 2937 4264 acquisitionis,
2978 4187 3037 4243 in
3083 4184 3300 4241 laudem
3353 4181 3543 4253 gloriae

1959 4288 2161 4362 ipsius.
2194 4307 2216 4342 ι

2028 4379 2236 4451 Pignus
2286 4385 2340 4434 et
2394 4375 2618 4431 arrham
2665 4381 2828 4432 vocat
2863 4372 3089 4431 initium
3128 4364 3539 4440 acquisitionis.

1958 4473 2050 4530 Ait
2075 4488 2233 4544 ergo,
2264 4477 2530 4540 suscepto
2559 4468 2767 4540 Spiritu
2797 4465 3075 4536 incepisse
3091 4476 3198 4517 nos
3236 4458 3543 4532 possessio-

1960 4580 2085 4620 nem
2125 4572 2181 4620 et
2204 4563 2484 4636 peculium
2509 4560 2721 4617 Christi
2743 4570 2799 4617 et
2831 4559 2927 4615 Dei
2962 4556 3105 4614 ﬁeri.

337 4666 360 4700 ε
393 4645 505 4702 Διά
551 4645 711 4703 τοῦτο
744 4646 903 4716 κάγὼ
931 4645 1169 4713 ἀκούσας
1200 4650 1300 4722 τὴν
1330 4649 1453 4705 καθ’
1493 4651 1640 4723 ὑμᾶς
1677 4651 1856 4707 πίστιν

2029 4655 2199 4713 Vsus.
2252 4654 2442 4710 15-17.
2486 4673 2509 4707 ι
2534 4654 2836 4724 Propterea
2869 4660 2924 4710 et
2952 4667 3054 4723 ego
3083 4654 3319 4710 audiens
3380 4652 3541 4709 iidem

255 4741 320 4797 ἓν
339 4741 428 4813 τῷ
450 4738 644 4813 Κυρίῳ
671 4741 872 4811 Ἰησοῦ,
899 4744 996 4797 καὶ
1028 4742 1129 4815 τὴν
1160 4744 1382 4816 ἀγάπην
1400 4747 1503 4814 τὴν
1536 4749 1614 4811 είς
1649 4748 1859 4812 πάντας

1962 4761 2196 4807 vestram
2223 4763 2343 4821 quae
2369 4756 2456 4806 est
2487 4748 2544 4803 in
2579 4747 2807 4803 Domino
2833 4745 2989 4812 Jesu,
3021 4757 3074 4803 et
3101 4746 3452 4804 dilectionem
3484 4745 3540 4802 in

255 4835 394 4897 τοὺς
446 4832 664 4902 ἁγίους,
709 4833 773 4886 ού
825 4834 1073 4905 παύομαι
1121 4835 1460 4908 εὐχαριστῶν
1509 4837 1651 4910 ὑπὲρ
1681 4839 1857 4911 ὑμῶν,

257 4926 472 4997 μνείαν
506 4925 659 4996 ὑμῶν
681 4924 1005 4996 ποιούμενος
1032 4926 1126 4979 ἐπὶ
1149 4928 1256 4979 τῶν
1283 4928 1602 4999 προσευχῶν
1625 4947 1751 4997 μου,
1772 4931 1859 4985 ἵνα

253 5020 286 5073 ὁ
324 5018 474 5082 Θεὸς
497 5017 589 5071 τοῦ
624 5018 832 5089 Κυρίου
855 5018 1014 5089 ἡμῶν
1060 5018 1236 5091 Ἰησοῦ
1275 5023 1534 5092 Χριστοῦ.
1585 5042 1604 5073 ι

331 5109 656 5182 Ἀκηκοὼς,
688 5111 842 5183 φησὶ,
876 5113 973 5182 τὴν
997 5112 1182 5167 πίστιν
1214 5113 1388 5184 ὑμῶν,
1424 5114 1544 5168 καθ’
1577 5118 1644 5188 ἢν
1661 5116 1862 5186 ἀναφέ-

257 5200 440 5276 ρεσθε
469 5203 554 5266 εἰς
577 5202 833 5276 Χριστὸν.
853 5202 948 5256 καὶ
969 5203 1070 5275 τὴν
1105 5204 1330 5278 ἀγάπην
1368 5207 1467 5278 τὴν
1488 5207 1764 5282 ἑπομένην
1792 5212 1858 5281 τῇ

257 5297 489 5360 πίστει,
521 5297 680 5368 χάριν
731 5297 991 5368 ἀναφέρω
1019 5296 1162 5369 ὑπὲρ
1190 5297 1366 5368 ὑμῶν,
1398 5299 1495 5352 καὶ
1527 5299 1730 5372 ταύτην
1761 5303 1862 5357 οὐκ

255 5394 344 5451 είς
373 5385 559 5451 ἅπαξ,
590 5385 728 5442 ἀλλὰ
755 5388 850 5440 καὶ
885 5385 976 5443 διὰ
1004 5386 1227 5450 παντὸς.

342 5495 365 5531 ι
426 5478 494 5534 ’0
527 5478 716 5554 Πατὴρ
733 5479 834 5550 τῆς
867 5479 1043 5552 δόξης.
1091 5496 1110 5529 ι

333 5570 669 5641 Tectis-rw,
690 5574 933 5647 ἀρχηγὸς
961 5575 1158 5638 παντὸς
1188 5574 1283 5629 τοῦ
1302 5575 1579 5649 διδομένου
1602 5579 1679 5641 είς
1715 5580 1861 5651 ἡμᾶς

260 5667 430 5722 θείου
463 5666 822 5741 χαρίσματος,
858 5666 997 5742 ὅπερ
1031 5671 1092 5726 έν
1116 5670 1396 5744 Πνεύματι
1437 5672 1524 5729 διὰ
1550 5673 1646 5729 τοῦ
1686 5673 1858 5743 Λόγου

265 5757 627 5834 χορητεῐται.

343 5935 404 5975 ⁸⁸
468 5934 722 6003 Lemn,
777 5936 866 5999 ιο.

1955 4857 2148 4898 omnes
2177 4849 2426 4907 sanctos,
2461 4854 2574 4893 non
2596 4852 2757 4896 cesso
2793 4836 3001 4909 gratias
3029 4852 3198 4908 agens
3224 4853 3326 4909 pro
3357 4837 3537 4902 vobis,

1957 4935 2283 4992 memoriam
2323 4934 2497 4991 vestri
2531 4933 2745 4990 faciens
2793 4935 2849 4987 in
2877 4932 3231 4989 orationibus
3272 4933 3436 4999 meis,
3481 4939 3543 4987 ut

1960 5027 2106 5085 Deus
2148 5027 2363 5083 Domini
2399 5028 2576 5083 nostri
2609 5024 2737 5082 Jesu
2772 5025 3004 5093 Christi,
3044 5044 3064 5078 ι

2029 5119 2257 5186 Audita,
2283 5118 2488 5190 inquit,
2515 5125 2692 5174 vestra
2715 5117 2820 5173 [ide
2851 5132 2962 5189 qua
2993 5115 3220 5173 Christo
3241 5130 3340 5171 vos
3365 5115 3524 5170 devo-

1959 5212 2125 5282 vetis,
2162 5228 2266 5268 nec
2301 5227 2413 5267 non
2473 5211 2778 5266 dilectione
2834 5225 2958 5281 quae
3010 5207 3348 5281 respondeat
3392 5208 3537 5274 ﬁdei,

1960 5318 2142 5378 grates
2182 5305 2366 5362 refero
2395 5320 2495 5376 pro
2519 5304 2697 5370 vobis,
2740 5318 2843 5359 nec
2873 5317 2982 5359 una
3030 5307 3242 5356 tantum
3268 5301 3409 5370 vice,
3441 5300 3541 5357 sed

1961 5398 2369 5454 indesinenter.

2043 5507 2062 5543 ι
2096 5487 2261 5544 Pater
2290 5488 2497 5560 gloriae,
2536 5507 2555 5541 ι

2039 5578 2153 5635 Ηοο
2185 5590 2292 5645 est,
2325 5590 2524 5635 auctor
2571 5579 2754 5634 omnis
2812 5577 2963 5635 illius
3023 5576 3154 5632 doni
3184 5576 3358 5632 divini
3392 5576 3538 5648 quod

1967 5689 2298 5730 concessum
2328 5683 2416 5731 est
2450 5672 2610 5730 nobis
2635 5687 2651 5739 ;
2687 5671 2834 5744 quod
2864 5672 3088 5743 quidem
3129 5671 3185 5727 in
3209 5668 3422 5744 Spiritu
3443 5685 3536 5742 per

1971 5763 2210 5824 Verbum
2231 5764 2701 5824 subministratur.
