4048 6290
489 475 590 543 831

1691 500 1761 564 S.
1783 497 2108 564 JOANNIS
2151 498 2588 566 DAMASCENI

562 584 682 642 Non
857 587 1129 683 inquit,in
1161 607 1359 650 novam
1402 607 1714 657 creaturam
1734 605 1838 673 ipsi
1864 602 2061 656 l’orma-

2242 603 2354 674 Οὐχ
2381 603 2630 669 ἑαυτοὺς,
2662 603 2819 676 φησὶ,
2848 602 3044 679 καινὴν
3076 605 3743 683 κτίσιν-ἀπεργαζόμεθα·

489 673 688 730 vimus.
710 669 902 748 Neque
922 679 1066 733 enim
1100 678 1205 736 hoc
1238 683 1353 738 lleri
1388 690 1624 754 poterat.
1656 669 1770 744 Sed
1788 685 1935 744 Deus
1957 697 2065 755 est,

486 766 584 834 qui
619 782 720 823 nos
767 778 919 826 creat
941 771 1001 826 in
1030 770 1281 842 Christo,
1310 775 1471 845 cujus
1500 777 1922 837 similitudinem
1956 798 2065 838 ex-

491 856 787 929 primimus
826 859 1143 921 imitatione
1182 879 1412 938 operum
1463 884 1584 939 qua:
1617 871 1735 943 ipse
1763 874 1965 944 gessit,
2005 879 2065 927 ut

489 959 826 1020 praepararet
853 950 1016 1009 nobis
1044 953 1129 1009 sui
1163 955 1642 1030 participationem
1679 967 1734 1016 et
1757 959 2068 1018 conformi-

487 1045 683 1096 tatem.

557 1128 726 1187 Vsus.
755 1131 849 1191 ll.
885 1152 905 1188 ι
946 1133 1179 1210 Propter
1203 1141 1352 1209 quod
1407 1158 1679 1202 memores
1711 1155 1886 1203 estote
1915 1147 2065 1220 quod

488 1225 789 1296 aliquando
817 1245 923 1287 vos
952 1241 1144 1304 gentes
1165 1237 1223 1291 in
1252 1252 1444 1294 carne.
1474 1257 1497 1292 ι

559 1317 827 1385 Quoniam
856 1325 1170 1382 recordatio
1225 1330 1636 1400 praeteritorum
1664 1332 1732 1388 ad
1761 1341 1949 1404 grates
1994 1333 2063 1390 de

490 1412 856 1484 praesentibus
931 1416 1214 1477 habendas
1268 1437 1373 1480 nos
1429 1432 1748 1494 comparat,
1811 1425 2064 1482 hortatur

489 1500 754 1573 Ephesios
775 1514 835 1561 ut
857 1507 1076 1565 illorum
1111 1513 1566 1574 reminiscaritur.

562 1614 582 1649 ε
619 1597 722 1664 Qui
765 1596 1020 1658 dicimini
1083 1607 1436 1677 praeputium,
1475 1609 1544 1665 ab
1581 1623 1644 1666 ea
1678 1626 1803 1680 qua:
1847 1612 2064 1669 dicitur

487 1691 843 1750 circumcisio
892 1694 948 1750 ln
1025 1712 1231 1766 carne,
1293 1701 1613 1759 manuiacta
1660 1701 1906 1778 :[Vers.
1958 1705 2062 1780 12]

488 1783 618 1853 quia
664 1786 835 1844 eratis
877 1787 977 1843 illo
999 1789 1054 1844 in
1079 1797 1330 1862 tempore
1347 1794 1468 1851 sine
1505 1794 1749 1860 Christo,
1773 1798 1995 1853 alienati
2032 1815 2063 1854 a

486 1876 910 1934 conversatione
929 1877 1122 1947 Israel,
1151 1889 1209 1938 et
1237 1883 1490 1955 hospites
1521 1897 1997 1947 testamentorum.
2034 1910 2056 1943 ι

2166 693 2292 748 οὐδὲ
2322 695 2432 768 γὰρ
2457 693 2705 750 δυνατόν.
2743 695 2884 750 Ἀλλ’
2911 697 2941 750 ὁ
2971 695 3174 762 κτίζων
3215 698 3362 770 ἡμᾶς
3391 699 3506 755 ἔστι
3529 700 3662 767 Θεδς
3689 707 3745 759 tv

2165 785 2415 858 Χριστῷ,
2448 781 2510 844 οῦ
2539 786 2639 859 τὴν
2685 787 2947 861 ὁμοίωσιν
2988 789 3353 864 ιπιτελοῦμεν
3405 795 3472 866 τῇ
3512 795 3746 868 μιμήσει

2165 877 2277 934 τῶν
2329 877 2530 952 Ξργων,
2568 879 2715 953 ἅπερ
2765 880 2932 947 αὐτὸς
2985 883 3302 955 εἰργάσατο,
3333 888 3747 959 προετοιμάςων

2165 967 2303 1043 ημῖν
2326 969 2426 1044 τὴν
2451 969 2762 1044 μετάληψιν
2788 971 2883 1027 καὶ
2905 972 3190 1046 ὁμοίωσιν.

2242 1164 2263 1199 ι
2304 1145 2398 1201 Διὸ
2428 1143 2803 1219 μνημονεύετε
2827 1187 2847 1218 ,
2883 1145 2968 1204 ὃτι
3023 1149 3186 1222 ὑμεῖς
3231 1153 3364 1208 ποτε
3407 1153 3477 1210 τὰ
3530 1152 3662 1228 ἔθνη
3685 1155 3748 1211 ιν

2167 1239 2464 1399 agiagi;
2515 1338 2549 1401 ἡ
2592 1331 2702 1388 τῶν
2732 1332 3018 1406 προτέρων
3045 1333 3354 1407 ἀνάμνησις
3384 1335 3486 1409 τὴν
3510 1337 3605 1393 ἐπὶ
3646 1338 3738 1395 τοῦ

2164 1415 2435 1492 παρόντος
2485 1421 2840 1492 εὐχαριστίαν
2887 1425 3312 1492 κατασκευάζει,
3380 1427 3740 1500 μνημονεύειν

2164 1510 2392 1564 ἐκείνων
2424 1511 2881 1583 παρακελεύεται.

2240 1622 2260 1654 ε
2296 1603 2362 1658 0!
2419 1605 2705 1675 λεγόμενοι
2758 1604 3097 1678 ἀκροϐυστία
3149 1607 3257 1662 ἀπὺ
3308 1608 3406 1680 τῆς
3440 1609 3741 1684 λεγομένης

2164 1699 2469 1767 περιτομῆς
2511 1697 2570 1750 tv
2622 1697 2788 1769 σαρκὶ
2842 1698 3258 1772 χειροποιήτου·
3319 1701 3404 1756 ὅτι
3433 1703 3533 1774 ἦτε
3569 1704 3630 1758 tv
3666 1704 3741 1776 τῷ

2164 1785 2346 1860 καιρῷ
2374 1788 2571 1860 ἐκείνῳ
2614 1789 2785 1862 χωρὶς
2822 1790 3084 1863 Χριστοῦ,
3114 1792 3619 1868 ἀπηλλοτριωμένοι
3641 1797 3741 1868 τῆς

2166 1880 2444 1946 πολιτείας
2465 1880 2562 1935 τοῦ
2593 1879 2837 1954 Ἰσραὴλ,
2869 1883 2967 1937 καὶ⁵
2992 1881 3135 1949 ξένοι
3169 1884 3280 1940 τῶν
3308 1885 3604 1960 διαθηκῶν.
3645 1907 3667 1941 ι

558 1965 786 2039 Propria
803 1974 986 2030 carnis
1003 1983 1153 2041 sunt,
1174 1985 1288 2031 tum
1313 1949 1659 2049 praeputium,
1681 1989 1796 2036 tum
1816 1983 2025 2041 circum
2039 2015 2058 2027 -

2232 1971 2505 2044 Σαρκικδν
2534 1949 2784 2045 ίδίωμαη
2807 1973 3141 2046 ἀκροϐυστία
3166 1978 3260 2032 καὶ
3283 1978 3318 2050 ἡ
3343 1949 3615 2054 περίτομή
3635 1997 3650 2012 ο
3671 1982 3738 2036 τὰ

484 2058 647 2117 cisio.
671 2061 941 2120 Caeterum
990 2069 1238 2124 carnalia
1278 2085 1405 2128 vere
1450 2087 1560 2128 non
1589 2075 1882 2132 exsistunt.
1915 2076 2062 2144 Qua.

486 2160 716 2224 propter
754 2169 818 2211 ea
850 2158 959 2213 dici
985 2161 1084 2215 ait.
1116 2159 1357 2219 Noverat
1395 2166 1597 2237 quippe
1622 2167 1784 2240 182
1815 2169 2060 2224 circum-

485 2243 754 2302 cisionem
795 2263 1009 2317 veram,
1040 2268 1150 2323 qua
1177 2253 1233 2311 in
1278 2253 1448 2312 corde
1479 2258 2058 2331 circumamputentur

480 2351 827 2410 quaecunque
860 2351 1060 2414 praeter
1119 2348 1430 2405 naturalem
1469 2351 1926 2408 constitutionem
1957 2352 2058 2408 ad-

482 2436 613 2484 nata
684 2440 835 2489 sunt.
876 2434 1033 2503 Quod
1087 2438 1134 2495 si
1165 2438 1268 2496 hoc
1302 2441 1521 2513 proprie
1548 2442 1906 2500 circumcisio
1936 2452 2044 2513 est,

481 2525 809 2596 praeputium
850 2543 1039 2586 verum
1074 2530 1215 2588 nihil
1241 2533 1393 2591 aliud
1418 2542 1527 2604 est,
1557 2535 1667 2594 nisi
1702 2552 1829 2593 vera
1866 2534 2057 2596 cordis

481 2614 854 2674 immunditia.

555 2725 575 2758 ε
600 2706 987 2770 Promissionis
1019 2730 1170 2787 spem
1195 2732 1304 2774 non
1330 2718 1615 2789 habentes,
1633 2729 1687 2778 et
1709 2721 1830 2779 sine
1856 2721 1967 2781 Deo
1999 2724 2055 2781 in

481 2795 586 2854 hoc
613 2801 839 2860 mundo.
876 2823 899 2857 ι

541 2891 787 2951 Diversae
815 2896 1041 2969 quidem
1086 2901 1496 2972 promissiones
1527 2914 1683 2974 sunt,
1718 2913 1776 2962 ut
1805 2913 1861 2964 et
1885 2916 2057 2965 testa-

478 2993 682 3042 menta.
714 2985 892 3045 Unam
924 3005 1063 3049 vero
1095 2994 1238 3050 hanc
1268 2999 1741 3068 commemoravit,
1773 3009 2048 3071 quatenus

477 3075 732 3137 Christus
759 3097 953 3141 omnes
979 3085 1037 3141 in
1064 3102 1236 3142 unum
1269 3086 1575 3160 coniungit.

548 3170 714 3231 Vens.
744 3175 830 3233 l3.
859 3193 880 3229 ι
919 3175 1077 3235 Nunc
1101 3187 1288 3236 autem
1338 3181 1394 3236 in
1419 3180 1642 3237 Christo
1671 3180 1803 3240 Iesu
1825 3197 1924 3240 vos
1958 3183 2053 3255 qui

477 3264 647 3363 eratis
669 3267 850 3340 longe,
876 3268 1013 3326 facti
1042 3271 1182 3329 estis
1213 3286 1387 3346 prope
1414 3271 1472 3328 in
1496 3273 1765 3363 sanguine
1783 3273 2050 3331 Christi.»
2080 3300 2127 3363 α

556 3351 739 3427 Longe
766 3370 990 3414 eramus
1025 3374 1055 3412 a
1076 3357 1321 3424 Christo,
1356 3359 1550 3416 mundi
1588 3359 1752 3432 hujus
1783 3363 2055 3421 institutis

478 3455 535 3501 et
594 3447 843 3504 moribus
876 3435 1141 3520 separati.
1168 3449 1376 3508 Horum
1438 3453 1789 3512 abolitionem
1811 3457 2054 3528 patravit

481 3549 632 3590 mors
663 3533 890 3602 Christi,
911 3545 965 3593 et
1001 3538 1095 3608 qui
1129 3539 1258 3596 huic
1285 3539 1728 3611 conformantur,
1755 3559 1866 3600 non
1896 3545 2058 3618 longe

481 3626 719 3697 amplius
740 3635 869 3684 sunt
895 3644 924 3683 a
945 3628 1079 3694 Deo.
1101 3631 1198 3687 sed
1221 3633 1456 3702 proximi
1483 3632 1623 3690 ﬁunt
1641 3649 1737 3706 per
1755 3633 2058 3707 Spiritum;

479 3719 681 3777 ronllxi
711 3720 970 3782 nimirum
1001 3725 1154 3782 cruci
1179 3740 1306 3782 cum
1330 3724 1641 3795 Christo“,
1674 3739 1733 3784 ut
1763 3730 2061 3802 Apostolus

482 3815 626 3870 idem
657 3814 922 3887 loquitur.

553 3906 720 3966 Vsus.
776 3909 867 3974 η,
893 3910 982 3967 15.
1033 3927 1056 3964 ε
1085 3909 1203 3982 Ipse
1236 3912 1387 3968 enim
1436 3921 1524 3969 est
1578 3928 1683 3985 pax
1716 3923 1930 3981 nostra,
1961 3915 2057 3988 qui

478 3998 611 4057 fecit
641 4011 874 4072 utraque
911 4019 1102 4067 unum,
1131 4008 1186 4058 et
1217 4004 1460 4060 medium
1496 4005 1763 4078 parietem
1796 4010 2059 4066 macerias

481 4088 812 4157 dissolvens,
841 4089 1167 4148 inimicitias
1193 4093 1250 4148 in
1280 4109 1450 4151 carne
1480 4109 1607 4161 sua,
1640 4095 1808 4169 legem
1829 4099 2059 4156 manda-

485 4188 663 4234 torum
696 4181 749 4236 in
779 4183 1025 4243 decretis
1059 4200 1360 4253 evacuans,
1399 4195 1458 4242 ut
1487 4186 1631 4244 duos
1658 4187 1862 4245 condat
1890 4189 1947 4246 in
1971 4207 2060 4249 se-

482 4275 737 4343 metipso.
777 4295 798 4328 ι

558 4365 614 4420 ld
653 4368 803 4438 quod
834 4372 1148 4441 separabat,
1175 4373 1454 4430 sublatum
1486 4381 1572 4432 est
1598 4391 1630 4432 e
1656 4378 1837 4436 medio
1869 4379 2056 4452 :quod

480 4459 704 4535 quidem
734 4471 820 4518 est
847 4478 980 4519 caro
1009 4466 1128 4536 ipsa
1160 4476 1386 4538 propter
1415 4481 1700 4540 peccatum
1737 4473 1790 4526 in
1819 4487 1885 4528 ea
1914 4475 2058 4529 resi-

481 4555 622 4610 dens
653 4571 666 4607 :
701 4557 900 4627 quippe
963 4574 1088 4629 quae
1143 4561 1199 4616 in
1231 4569 1406 4616 totum
1467 4565 1736 4620 alienaret
1776 4567 1904 4624 illos
1959 4567 2056 4638 qui

2158 2063 2217 2119 δὲ
2249 2063 2491 2138 σαρκικὰ
2533 2065 2635 2120 οὒκ
2679 2066 2852 2131 ὅντως
2882 2065 3011 2122 ὄντα
3042 2067 3182 2123 ἐστί.
3213 2069 3309 2124 Διὸ
3336 2071 3632 2142 λεγόμενα
3660 2067 3737 2126 είς

2159 2172 2264 2211 πεν
2291 2157 2451 2213 αὑτά.
2503 2155 2628 2212 Οἷδε
2680 2157 2793 2230 γὰρ
2822 2156 2924 2232 τὴν
2949 2159 3125 2233 ἀληθῆ
3177 2162 3504 2237 περιτομὴν,
3552 2163 3653 2236 τὴν
3683 2166 3737 2219 tv

2159 2249 2360 2322 καρδίᾳ⁸
2383 2249 2725 2321 περιαίρεσιν
2740 2249 2851 2304 τῶν
2866 2253 3263 2325 ὲπιγινομένων
3283 2255 3348 2326 τῇ
3370 2255 3568 2327 καρδία
3591 2257 3736 2326 παρὰ

2157 2341 2260 2413 τὴν
2295 2340 2534 2414 φυσικὴν
2559 2340 2928 2414 κατασκευήν.
2951 2343 3017 2397 Εί
3038 2343 3097 2398 δὲ
3128 2343 3290 2400 τοῦτο
3312 2346 3584 2420 περιτομὴ
3606 2347 3734 2418 ἀλη-

2159 2433 2288 2507 θὴς,
2325 2433 2661 2505 ἀκροβυστία
2688 2434 2898 2508 ἀληθής
2945 2435 3096 2493 εστιν
3125 2437 3161 2511 ἡ
3204 2438 3308 2512 τῆς
3339 2425 3572 2512 apati;
3598 2441 3736 2496 ἀκα-

2158 2528 2381 2602 θαρσία.

2233 2731 2252 2767 ι
2290 2713 2407 2786 τῆς
2459 2713 2795 2784 ἐπαγγελίας
2846 2710 3042 2768 ἱλπίδα
3085 2711 3163 2785 μὴ
3193 2710 3431 2786 ἔχοντες,
3466 2717 3560 2768 καὶ
3587 2715 3734 2770 ἄθεοι

2155 2807 2214 2860 tv
2239 2804 2319 2877 τῷ
2343 2805 2554 2878 κόσμῳ.
2584 2824 2606 2861 ι

2226 2899 2489 2969 Διάφοροι
2520 2897 2621 2970 μὲν
2651 2898 2709 2953 αι
2745 2896 3093 2968 ἐπαγγελίαι,
3119 2897 3310 2970 ὥσπερ
3340 2899 3436 2951 καὶ
3469 2897 3526 2952 al
3552 2896 3738 2969 διαθῆ·

2155 3008 2269 3046 και.
2300 2991 2446 3046 Μίαν
2475 2991 2532 3045 δὲ
2581 2991 2755 3064 αὐτὴν
2801 2985 2923 3046 εῐπε
2943 3029 2963 3057 ,
2994 2989 3133 3045 καθὸ
3164 2989 3375 3054 πάντας
3404 2991 3486 3055 είς
3521 2989 3582 3044 ἓν
3612 2991 3738 3060 ἄγα

2155 3079 2413 3155 Χριστός.

2232 3192 2254 3226 ε
2289 3171 2430 3228 Νυνὶ
2451 3175 2511 3228 tv
2538 3173 2761 3246 Χριστῷ
2810 3173 2987 3246 Ἰησοῦ
3012 3173 3176 3246 ύμεῐς
3207 3173 3264 3230 οἵ
3288 3191 3416 3228 ποτε
3445 3173 3598 3239 ὄντες
3629 3191 3736 3244 μα-

2156 3266 2322 3342 κρὰν,
2354 3267 2523 3337 ἔγγὺς
2547 3265 2846 3338 εγενὴθητε
2881 3267 2942 3320 ιν
2961 3263 3041 3338 τῷ
3074 3265 3268 3339 αἵματι
3291 3264 3385 3320 τοῦ
3415 3265 3674 3338 Χριστοῦ.
3709 3286 3730 3319 ε

2227 3360 2464 3430 Μακρὰν
2500 3353 2646 3431 ἦμεν
2667 3359 2804 3414 Θεοῦ
2832 3361 2902 3432 τῇ
2935 3358 3048 3431 ζωῇ
3084 3361 3149 3433 τῇ
3176 3360 3415 3432 κοσμικῇ
3449 3358 3740 3431 διωρισμέ-

2158 3473 2258 3514 νοι.
2291 3453 2507 3529 Ταύτης
2537 3455 2594 3510 δδ
2620 3453 2777 3512 λύσιν
2809 3452 3109 3524 εἰργάσατο
3131 3454 3163 3507 ὁ
3197 3452 3426 3515 θάνατος
3465 3451 3562 3507 τοῦ
3600 3454 3737 3525 Χρι·

2161 3547 2314 3615 στοῦ,
2345 3546 2441 3601 καὶ
2461 3549 2511 3602 oi
2538 3547 2714 3618 τούτῳ
2757 3543 3268 3619 συμμορφούμενοι,
3294 3544 3480 3601 οὐκέτι
3519 3546 3738 3618 μακράν

2158 3637 2264 3691 είσι
2298 3636 2455 3703 Θεοῦ,
2489 3636 2608 3690 ἀλλ’
2653 3635 2930 3707 Ξγγύτητα
2981 3632 3320 3708 λαμϐάνουσι
3362 3635 3461 3709 τὴν
3485 3637 3544 3692 tv
3571 3634 3740 3690 πνεύο

2161 3747 2313 3803 ματι,
2338 3729 2806 3803 συσταυρούμενοι
2827 3729 3071 3803 Χριστῷ,
3100 3729 3243 3786 κατά
3262 3729 3356 3784 τὸν
3385 3730 3736 3786 ’Δτεόστολον.

2236 3929 2256 3963 ι
2297 3907 2471 3974 sect;
2499 3909 2612 3981 γάρ
2658 3909 2810 3965 ιστιν
2833 3911 2869 3982 ἡ
2901 3908 3098 3982 είρήνη
3124 3908 3307 3983 ἡμῶν,
3353 3911 3384 3967 δ
3409 3913 3645 3987 ποιήσας
3668 3914 3746 3973 τὰ

2159 4002 2448 4077 ἀμφότερα
2479 4001 2559 4070 tv,
2592 4001 2690 4055 atat
2722 4001 2787 4056 τὸ
2811 4002 3129 4075 μεσότοιχον
3147 4002 3240 4058 τοῦ
3269 4003 3527 4077 φραγμοῦ
3545 4004 3734 4072 λύσας,

2161 4098 2264 4168 τὴν
2288 4095 2488 4168 ἔχθραν
2522 4096 2582 4149 tv
2609 4096 2675 4166 τῇ
2711 4091 2876 4166 σαρκὶ
2917 4089 3106 4160 αὐτοῦ,
3138 4093 3231 4149 τὺν
3258 4094 3424 4166 νόμον
3448 4095 3558 4149 τῶν
3586 4096 3738 4152 two-

2158 4189 2268 4243 λῶν
2299 4190 2357 4244 tv
2382 4187 2614 4260 δόγμασι
2641 4185 3023 4260 καταργήσας,
3072 4187 3163 4242 ἵνα
3212 4189 3339 4253 τοὺς
3365 4186 3459 4242 δύο
3489 4188 3649 4260 κτίσῃ
3678 4191 3738 4242 tv

2158 4279 2362 4336 ὲαυτῶ.
2391 4299 2412 4334 ι

2229 4300 2589 4445 ἱδιξῳδῖορίζον
2623 4371 2886 4442 ἐξέκοψεν
2938 4373 3003 4427 ὲκ
3041 4370 3232 4444 μέσου.
3286 4373 3425 4444 ὅπερ
3447 4371 3567 4428 εστὶ
3599 4371 3735 4443 σὰρξ

2158 4468 2247 4523 διὰ
2271 4467 2370 4539 τὴν
2398 4467 2457 4521 tv
2488 4467 2627 4538 αὐτῇ
2650 4466 2947 4539 ἁμαρτίαν,
2976 4467 3153 4538 πάντη
3183 4466 3282 4537 μὲν
3302 4465 3737 4538 ἀπαλλοτριοῦσα

2159 4557 2287 4621 τοὺς
2319 4554 2440 4610 οὐδὲ
2474 4556 2643 4627 νόμου
2695 4554 3098 4629 χωριζομένους
3151 4556 3262 4612 ἀπὺ
3315 4557 3417 4627 τῆς
3470 4559 3738 4631 σαρκικῆς

481 4648 776 4719 nequidem
816 4649 953 4721 legis
987 4666 1093 4723 ope
1129 4667 1159 4706 a
1187 4655 1431 4725 nequitia
1461 4657 1668 4713 carnali
1692 4659 2058 4716 secerneban-

2160 4650 2380 4714 κακίας,
2406 4649 2467 4704 οὐ
2504 4648 2612 4722 μὴν
2635 4649 2757 4704 οὐδδ
2781 4650 2910 4714 τοὺς
2935 4649 3042 4704 ὑπὸ
3071 4650 3236 4721 νόμον
3273 4649 3435 4714 θντας
3461 4651 3737 4722 καθαροὺς

482 4751 605 4806 tur;
645 4741 775 4811 quin
804 4758 905 4800 nec
935 4760 1032 4801 eos
1060 4747 1156 4817 qui
1183 4749 1287 4803 sub
1315 4749 1432 4820 lege
1452 4750 1714 4822 agebant,
1745 4767 1916 4823 puros
1937 4753 2064 4809 red-

483 4835 634 4890 deret
655 4835 723 4890 ab
740 4836 1075 4895 alienatione
1092 4855 1256 4910 quam
1279 4851 1564 4912 peccatum
1592 4855 1897 4915 pepererat.
1920 4845 2062 4912 Quo-

483 4927 630 4980 circa
660 4925 749 4981 ille
777 4927 870 4996 qui
901 4927 1177 4985 destruxit
1204 4944 1511 5003 peccatum,
1542 4934 1690 5004 quod
1713 4950 1811 5006 per
1836 4949 2059 4992 carnem

487 5017 786 5087 prodierat.
837 5035 948 5074 una
991 5036 1217 5092 quoque
1253 5022 1426 5094 legem
1480 5024 1535 5079 in
1592 5041 1762 5081 carne
1824 5027 2060 5097 positam

487 5109 729 5164 sustulit.
763 5109 870 5166 Pro
910 5111 1030 5180 lege
1066 5123 1251 5171 autem
1310 5114 1594 5171 decretum
1651 5117 1880 5183 invexit,
1919 5119 2058 5175 libe-

486 5217 602 5256 ram
633 5202 824 5273 utique
852 5204 1021 5259 animi
1058 5206 1388 5264 voluntatem
1422 5207 1534 5262 Deo
1559 5210 1858 5264 serviendi.

558 5290 716 5350 Vera.
749 5293 835 5361 l6,
888 5296 978 5352 l7.
1015 5314 1034 5349 ι
1068 5296 1127 5352 In
1161 5313 1333 5354 unum
1385 5315 1586 5356 novum
1623 5301 1926 5369 hominem,
1984 5302 2065 5357 fa-

485 5386 637 5442 ciens
666 5401 879 5457 paccm,
910 5395 966 5443 et
993 5391 1316 5445 reconciliet
1334 5393 1527 5448 ambos
1570 5395 1625 5448 in
1667 5410 1779 5450 uno
1831 5409 2064 5466 corpore

488 5477 598 5534 Deo
624 5494 718 5548 per
748 5495 992 5545 crucem,
1025 5481 1362 5540 interﬁciens
1420 5485 1737 5544 inimicitias
1769 5489 1823 5544 in
1857 5498 2059 5546 semet-

489 5570 608 5640 ipso
640 5585 654 5623 :
690 5578 744 5624 et
770 5571 993 5627 veniens
1029 5591 1050 5626 ι

562 5659 738 5714 Finita
799 5677 896 5733 per
924 5678 1141 5720 crucem
1173 5667 1431 5738 praesenti
1460 5675 1594 5734 vita,
1626 5677 1679 5724 et
1727 5670 2056 5729 circumcisa

491 5770 674 5818 carne,
706 5769 853 5811 unus
884 5757 1050 5815 homo
1099 5762 1434 5828 ostenditur,
1480 5763 1733 5838 quisquis
1762 5781 1860 5839 per
1888 5767 2056 5823 vitam

559 5927 600 5958 δ’
631 5925 814 5984 Caiat.
876 5944 940 5997 tt,
979 5930 1069 5988 15.

2159 4743 2386 4811 ἀφιεῖσα
2421 4740 2525 4813 τῆς
2566 4739 2636 4796 δι’
2688 4741 2862 4813 αὐτὴν
2916 4739 3346 4814 ἀλλοτριώσεως.
3394 4741 3559 4798 Ὅθεν
3584 4742 3614 4795 ὀ
3641 4741 3740 4816 τὴν

2157 4833 2440 4918 ἁμαρτίαν
2485 4831 2630 4888 λύων
2671 4834 2774 4906 τὴν
2817 4833 2905 4891 διὰ
2935 4834 3158 4906 σαρκὸς,
3190 4835 3307 4906 ἅμα
3335 4836 3430 4891 καὶ
3456 4836 3550 4890 τὸν
3574 4836 3740 4909 νόμον

2160 4928 2399 5000 περιεῖλε
2435 4927 2529 4981 τὸν
2576 4927 2671 4981 ἐπὶ
2727 4929 2893 4999 σαρκὶ
2940 4928 3185 4983 τεθέντα.
3233 4929 3628 4999 Ἀντεισήγαγε
3680 4929 3742 4983 δι

2159 5022 2284 5076 ἀντὶ
2312 5019 2480 5090 νόμου
2513 5019 2712 5090 δόγμα,
2759 5021 2898 5092 ὅπερ
2928 5020 3046 5074 ἐστὶ
3071 5020 3129 5074 τὸ
3164 5020 3264 5090 τῆς
3285 5019 3460 5092 ψυχῆς
3492 5021 3741 5075 ἑκούσιον

2159 5113 2240 5177 είς
2263 5111 2522 5186 λατρείαν
2545 5109 2705 5165 Θεοῦ.

2237 5310 2256 5345 ι
2297 5292 2394 5356 Είς
2447 5291 2547 5344 ἕνα
2593 5287 2779 5344 καινδν
2820 5288 3130 5360 ἄνθρωπον,
3172 5288 3340 5343 ποιῶν
3366 5291 3613 5363 εἰρήνην,
3648 5295 3744 5347 καὶ

2161 5383 2585 5456 ἀποκαταλλάξῃ
2637 5383 2764 5444 τοὺς
2796 5379 3141 5454 ἀμφοτέρους
3198 5382 3258 5435 tv
3291 5383 3370 5435 ἑνὶ
3417 5383 3629 5455 σώματι
3662 5383 3746 5455 τῷ

2161 5478 2282 5550 Θεῷ
2312 5477 2400 5533 διὰ
2425 5476 2521 5530 τοῦ
2555 5474 2816 5549 σταυροῦ,
2847 5474 3177 5540 ἀποκτείνας
3197 5473 3298 5547 τὴν
3323 5473 3522 5547 ἔχθραν
3551 5477 3610 5530 tv
3640 5477 3742 5531 αὖ·

2161 5571 2260 5643 τῷ,
2298 5568 2605 5625 mtuam.
2645 5587 2664 5621 ι

2160 5693 2164 5707 ι
2238 5666 2345 5720 Τοῦ
2373 5661 2610 5735 σταυροῦ
2639 5662 2810 5734 πέρας
2837 5659 3118 5723 ἐπιθέντος
3146 5661 3212 5731 τῇ
3242 5661 3354 5731 ζωη
3374 5659 3446 5730 τῇ
3466 5657 3740 5733 παρούσῃ.

2168 5762 2261 5818 καὶ
2291 5759 2390 5832 τὴν
2426 5759 2607 5829 σάρκα
2656 5752 3068 5826 περιτεμόντος,
3103 5744 3182 5817 εἷς
3212 5751 3501 5824 ἄνθρωπος
3525 5752 3746 5807 ἀποδεξ-
