4048 6290
528 266 638 333 839

1695 265 1757 327 S.
1792 264 2116 328 JOANNIS
2150 267 2581 332 υΑΜΑςοΕΝΙ

3676 269 3786 342 διο

593 403 616 441 ι
657 377 728 439 Ut
758 376 1101 453 impleamini
1133 380 1188 436 in
1217 394 1437 437 omnem
1483 379 1889 453 plenitudinem
1921 381 2038 439 Dei.
2077 399 2102 434 ι»

2286 404 2306 436 ι
2367 385 2485 438 Ἷνα
2539 383 2864 457 πληρωθῆτε
2921 385 3004 450 είς
3066 386 3177 442 πᾶν
3235 386 3300 442 τὺ
3350 385 3630 462 πλήρωμα
3687 388 3777 444 τοῦ

594 555 670 615 Ut
692 557 1078 613 additamenta
1113 564 1319 614 sanctae
1351 557 1500 613 illius
1543 556 1806 615 Ecclesiae
1843 559 2106 626 caelestis,

523 658 639 706 tota
671 649 960 723 plenitudo
1011 649 1106 707 Dei
1151 651 1453 719 coalescat,
1486 666 1612 707 cum
1652 667 1719 708 ex
1754 652 2105 720 caelestibus,

524 750 641 798 tum
668 757 733 797 ex
765 743 1024 799 terrenis.

596 834 767 893 Vens.
808 837 899 903 20,
931 835 1028 895 9.1.
1067 855 1088 890 ι
1125 835 1188 892 Εἰ
1217 843 1401 893 autem
1448 835 1541 908 qui
1583 843 1778 907 potens
1810 847 1891 894 est
1923 837 2110 894 omnia

523 925 707 984 facere
739 927 1258 999 superabundanter
1289 942 1456 998 quam
1495 929 1736 999 petimus
1779 936 1875 984 aut
1908 928 2113 986 intelli-

522 1018 723 1090 gimus,
747 1019 1050 1076 secundum
1079 1022 1338 1077 virtutem
1372 1035 1496 1092 qua:
1523 1031 1788 1092 operatur
1819 1021 1874 1076 in
1905 1021 2108 1085 nobis;

521 1112 629 1184 ipsi
668 1112 840 1184 gloria
886 1112 940 1168 in
983 1112 1253 1181 Ecclesia,
1288 1114 1342 1168 in
1389 1112 1613 1170 Christo
1646 1111 1801 1183 Iesu,
1826 1115 1882 1170 in
1914 1130 2109 1171 omnes

522 1206 908 1277 generationes
937 1208 1124 1262 saeculi
1158 1207 1516 1263 saeculorum.
1554 1207 1754 1264 Amen.
1792 1225 1812 1260 ι

1182 1343 1342 1398 CAP.
1377 1341 1471 1400 Ν.

592 1456 762 1515 Vens.
805 1459 926 1514 4-3.
964 1477 983 1511 ι
1015 1456 1264 1515 Obsecro
1295 1459 1484 1530 itaque
1515 1473 1636 1523 vos,
1672 1471 1777 1530 ego
1798 1456 2024 1514 vinctus
2053 1457 2110 1514 in

526 1545 784 1605 Domino.
816 1568 841 1602 ι

594 1638 716 1697 Non
748 1642 855 1698 sibi
882 1641 1089 1699 Paulus
1111 1648 1332 1713 arrogat
1363 1642 1511 1713 quod
1532 1641 1718 1698 omnia
1744 1640 2106 1707 intellexerit.

523 1732 639 1791 Deo
667 1742 853 1790 autem
893 1734 1000 1791 hoc
1024 1733 1320 1801 adscribit,
1352 1735 1504 1805 quod
1552 1733 1762 1804 majora
1792 1735 1960 1791 etiam
2001 1733 2104 1788 im-

522 1828 724 1898 pertiat
778 1840 943 1898 quam
996 1826 1384 1900 postulemus,
1424 1821 1874 1899 quandoquidem
1924 1825 2104 1883 virtus

523 1935 648 1991 qua
677 1917 1142 1977 subministratur
1188 1919 1376 1986 nobis,
1407 1934 1521 1975 non
1565 1933 1718 1975 nunc
1754 1926 1928 1974 totum
1967 1916 2106 1974 illud

524 2019 770 2083 prastat,
805 2013 952 2083 quod
976 2020 1064 2069 est
1095 2013 1308 2083 gratiae.
1334 2009 1610 2068 Caeterum
1639 2014 1696 2066 in
1730 2008 1950 2067 Christo
1971 2008 2106 2066 Jesu

523 2120 708 2161 veram
735 2120 860 2162 esse
892 2105 1124 2177 gloriam
1155 2105 1308 2172 dicit,
1338 2113 1396 2161 et
1423 2103 1707 2161 consimili
1741 2103 1981 2174 quadam
2010 2118 2106 2159 ra-

523 2198 679 2256 tione
715 2201 769 2254 in
808 2198 1077 2256 Ecclesia.

597 2310 622 2346 (
678 2289 854 2364 Digne
907 2291 1186 2348 ambulate
1225 2292 1517 2348 vocatione
1547 2305 1660 2363 qua
1699 2290 1881 2348 vocati
1927 2290 2106 2358 estis,

523 2401 652 2444 cum
730 2386 881 2441 omni
946 2384 1264 2442 humilitate
1326 2393 1384 2442 et
1444 2384 1903 2452 mansuetudine;
1977 2399 2107 2440 cum

523 2477 795 2550 patientia
858 2485 1251 2550 supportantes
1318 2477 1556 2533 invicem
1622 2477 1680 2532 in
1751 2476 2102 2542 dilectione,

524 2569 755 2628 solliciti
824 2584 1047 2626 servare
1108 2569 1374 2626 unitatem
1442 2568 1688 2642 Spiritus
1754 2569 1812 2625 in
1878 2569 2104 2627 vinculo

523 2663 702 2735 pacis.
742 2681 766 2716 ο

592 2755 676 2811 Ad
706 2757 831 2814 vitae
869 2756 1317 2824 sanctimoniam,
1365 2755 1573 2830 inquit,
1619 2758 1756 2815 estis
1803 2756 2013 2826 vocati,
2048 2766 2104 2815 et

521 2847 741 2906 vocatio
792 2848 1120 2920 spirituales
1176 2863 1362 2905 mores
1415 2850 1682 2921 postulat.
1737 2848 1804 2904 Hi
1855 2865 2020 2922 porro
2069 2865 2103 2907 a

523 2941 825 3007 contraria,
865 2955 897 2996 a
946 2941 1171 2997 carnale
1218 2941 1464 3010 scilicet,
1498 2950 1936 3014 cognoscuntur.
1968 2939 2102 2997 Nam

523 3032 574 3091 si
609 3032 664 3088 in
706 3033 1024 3090 carnalibus
1070 3033 1361 3104 vigescunt
1409 3033 1705 3104 superbia,
1757 3033 2098 3106 arrogantia,

2207 477 2366 533 Θεοῦ.
2401 496 2422 530 ι

2281 568 2405 622 ’Ίνα
2456 566 2955 640 προστεθειμένης,
3003 566 3206 640 φησὶν,
3261 570 3362 642 τῆς
3411 570 3781 642 ἁγιαζομὲνης

2219 661 2546 733 Ἐκκλησίας
2565 662 2665 732 τῆς
2685 663 2962 734 οὐρανίου,
2995 661 3058 716 τὸ
3078 664 3188 718 πᾶν
3214 661 3491 737 πλή
3523 663 3620 717 τοῦ
3645 663 3779 718 Θεοῦ

2209 755 2432 826 συνιστῇ
2469 754 2559 808 διά
2583 771 2642 808 τε
2672 755 2782 808 τῶν
2821 755 3091 826 οὐρανίων
3121 756 3214 810 καὶ
3243 756 3528 826 ἐπιγείων.

2283 861 2304 896 ι
2335 842 2427 916 Τῷ
2462 843 2521 899 δὲ
2557 846 2839 918 δυναμένῳ
2875 847 3014 916 ὑπὲρ
3059 846 3238 901 πάντα
3269 848 3495 919 ποιῆσαι
3526 847 3667 922 ὑπὲρ
3697 850 3782 904 ἑκ-

2208 935 2475 1010 πιρισσοῢ
2506 931 2582 993 ὢν
2610 938 2935 1010 αίτούμεθα,
2969 940 3003 1010 ἢ
3037 938 3291 1011 νοοῦμεν,
3328 939 3471 996 κατὰ
3497 941 3600 1013 τὴν
3628 941 3786 996 δύνα-

2211 1046 2303 1100 μιν
2328 1027 2425 1100 τήν
2472 1029 2875 1103 ἐνεργουμένην
2903 1033 2962 1086 ὲν
3008 1034 3162 1102 ἡμῖν,
3203 1031 3355 1104 αὐτῷ
3385 1033 3420 1105 ή
3459 1031 3587 1102 δόξα
3619 1035 3677 1091 ἐν
3718 1039 3781 1107 τῇ

2219 1120 2518 1195 Ἐκκλησία
2539 1124 2597 1175 ὲν
2633 1121 2860 1195 Χριστῷ
2907 1123 3106 1196 Ἰησοῦ,
3136 1125 3212 1190 είς
3253 1125 3434 1190 πάσας
3461 1126 3562 1191 τὰς
3586 1126 3781 1197 γενεὰς

2206 1212 2302 1267 τοῦ
2329 1212 2527 1278 αίῶνος
2564 1214 2673 1268 τῶν
2708 1213 2940 1269 αίὼνων.
2987 1217 3185 1289 Ἀμήν.
3237 1235 3260 1269 ι

2807 1346 3067 1405 ΚΕΦΑΛ.
3115 1353 3189 1406 Δ’.

2281 1479 2306 1514 ο
2346 1461 2660 1536 Παρακαλῶ
2681 1458 2775 1518 οὖν
2809 1463 2954 1537 ὑμᾶς
2980 1462 3092 1534 ἐγὼ
3121 1467 3150 1520 ό
3177 1465 3404 1539 δέσμιος
3426 1467 3484 1522 ἐν
3512 1467 3723 1538 Κυρίῳ.
3759 1488 3779 1524 .-

2279 1641 2416 1697 Οὐδὲ
2466 1640 2646 1713 ἑαυτῷ
2685 1640 2870 1696 δίδωσι
2910 1641 2974 1695 τὸ
3011 1643 3192 1696 πάντα
3221 1643 3515 1697 συνιέναιό
3547 1642 3780 1710 Παῦλος,

2135 1760 2184 1822 Β
2204 1733 2329 1806 Θεῷ
2355 1734 2414 1789 δὲ
2445 1733 2753 1806 ἀνατίθησι,
2775 1735 2839 1788 τὸ
2876 1736 2970 1790 καὶ
3000 1735 3225 1806 μείζονα
3255 1727 3330 1790 ὧν
3361 1734 3663 1806 αἰτούμεθα
3687 1755 3785 1809 χα-

2212 1824 2458 1900 ρίζεσθαι
2485 1841 2498 1854 ·
2531 1826 2719 1896 ἐπειδὴ
2746 1825 2842 1881 καὶ
2874 1827 2909 1897 ἡ
2953 1827 3339 1900 χορηγουμὲνη
3368 1827 3600 1902 δύναμις
3652 1831 3782 1903 ήμτν

2207 1921 2304 1976 νῦν
2332 1920 2485 1975 οῠπω
2514 1920 2576 1975 τδ
2625 1920 2848 1990 σύμπαν
2895 1921 2998 1993 τῆς
3027 1922 3254 1995 χάριτος
3298 1924 3649 1979 ἀποδίδωσιν.
3695 1925 3788 1979 Ἐν

2206 2012 2427 2086 Χριστῷ
2457 2013 2516 2067 δὲ
2556 2012 2730 2086 Ἰησοῦ
2757 2012 2858 2085 τὴν
2912 2013 3072 2081 δόξαν
3125 2013 3225 2086 τὴν
3263 2014 3442 2088 ἁληθῆ
3480 2015 3655 2087 λέγει,
3691 2018 3784 2072 καὶ

2206 2108 2267 2162 ὲν
2287 2111 2357 2181 τῇ
2403 2106 2700 2179 Ἐκκλησία
2726 2105 2788 2160 τὸ
2815 2106 3106 2179 ὁμοίωμα.⁸

2283 2305 2303 2340 ι
2344 2286 2535 2353 ’Δξίως
2577 2286 2996 2359 περιπατήσατε
3021 2287 3122 2359 τῆς
3142 2286 3388 2360 κλήσεως
3408 2283 3476 2361 ἦς
3492 2290 3778 2366 ἐκλήθητε,

2210 2378 2351 2451 μετὰ
2376 2379 2561 2446 πάσης
2588 2377 3092 2450 ταπεινοφροσύνης
3123 2378 3217 2433 καὶ
3263 2380 3571 2454 πραότητος
3591 2399 3607 2413 ’
3644 2385 3780 2454 μετὰ

2209 2470 2597 2544 μακροθυμίας
2636 2471 2958 2543 ἀνεχόμενοι
2991 2470 3244 2544 ἀλλήλων
3272 2474 3332 2526 ὲν
3371 2473 3584 2548 ἀγάπῃ,
3620 2492 3781 2529 σπου-

2205 2564 2459 2630 δάζοντες
2488 2566 2677 2636 τηρεῖν
2723 2565 2822 2634 τὴν
2871 2563 3098 2638 ἑνότητα
3123 2563 3219 2618 τοῦ
3253 2565 3577 2637 Πνεῦματος
3604 2569 3664 2622 ἐν
3702 2568 3778 2640 τῷ

2208 2659 2492 2730 συνδέσμῳ
2517 2657 2616 2731 τῆς
2643 2659 2889 2731 είρήνης.
2931 2677 2950 2711 ι

2288 2752 2412 2806 Ἐπὶ
2437 2753 2570 2825 ἁγίᾳ
2599 2751 2735 2826 ζωῇ,
2761 2753 2916 2825 φησὶ,
2948 2752 3247 2827 κέκλησθε,
3278 2753 3372 2810 καὶ
3396 2755 3620 2811 ἀπαιτεῖ
3650 2756 3783 2828 κλῆ-

2206 2862 2292 2914 σις
2316 2846 2379 2900 τὸ
2400 2848 2774 2918 πνευματικόν
2795 2861 2811 2879 ⁸
2848 2845 3006 2901 τοῦτο
3030 2847 3087 2902 δὲ
3109 2847 3170 2912 ἐξ
3199 2849 3444 2904 ἐναντίου
3467 2849 3563 2904 τοῦ
3589 2866 3786 2922 σαρκι-

2204 2941 2304 2997 κοῦ
2336 2939 2688 3014 γνωρίζεται.
2733 2942 2797 2996 El
2830 2936 2886 2997 δὲ
2924 2941 3136 3005 ἐντοῖς
3165 2944 3451 3014 σαρκικοῖς
3489 2941 3785 3014 ὑπερηφαο

2204 3035 2316 3100 νία,
2350 3035 2446 3090 καὶ
2487 3033 2643 3105 ὕψος,
2678 3033 2775 3089 καὶ
2810 3033 3102 3107 όξυθυμία,
3146 3036 3244 3089 καὶΙ
3282 3033 3534 3100 ἔνστασις
3583 3038 3618 3107 ή
3647 3039 3785 3109 πρὸς

521 3125 832 3191 iracundia,
864 3125 1148 3182 contentio
1186 3134 1400 3191 mutua,
1431 3123 1791 3181 manifestum
1837 3133 1926 3181 est
1976 3124 2101 3182 ﬁdei

2203 3127 2490 3201 ἀλλήλους,
2532 3127 2602 3183 τὰ
2658 3129 2880 3186 ἐναντία
2918 3128 3077 3202 δῆλον
3118 3130 3199 3184 ὅτι
3229 3130 3259 3183 ό
3312 3128 3470 3200 λόγος
3523 3129 3610 3198 ἐφ’
3648 3131 3782 3201 ήμίν

521 3219 826 3276 doctrinam
860 3234 890 3274 a
920 3217 1083 3276 nobis
1121 3219 1408 3290 oppositos
1466 3218 1589 3274 istis
1629 3233 1814 3275 mores
1857 3217 2098 3291 exigere.

593 3312 757 3368 Vens.
791 3313 849 3368 ι.
887 3329 907 3365 ι
942 3311 1123 3370 Unum
1153 3329 1374 3387 corpus.
1410 3334 1430 3368 ι

593 3404 830 3461 invicem
849 3406 1120 3462 coeundo.

597 3498 760 3570 186
791 3517 810 3551 ‹
849 3498 915 3553 Et
945 3513 1092 3554 unus
1125 3496 1400 3570 Spiritus,
1445 3497 1594 3554 sicut
1628 3497 1810 3554 vocati
1860 3497 1998 3555 estis
2043 3497 2100 3553 in

524 3608 633 3648 una
657 3607 755 3662 spe
783 3591 1095 3647 vocationis
1125 3599 1347 3647 vestrae.
1387 3609 1407 3644 ι

593 3685 785 3741 Mutua
816 3687 1125 3740 animorum
1162 3683 1558 3740 consensione.
1608 3682 1784 3740 Ambo
1822 3682 1970 3738 enim
2000 3698 2099 3739 sua

524 3778 758 3834 invicem
813 3793 980 3848 opera
1025 3775 1281 3848 indigent
1320 3797 1333 3832 :
1388 3775 1464 3831 ita
1503 3783 1563 3829 ut
1615 3791 1740 3847 qua:
1784 3776 1853 3831 ad
1897 3790 2102 3847 corpus

524 3875 825 3944 pertinent,
851 3871 1091 3928 exclusis
1126 3871 1193 3925 iis
1219 3884 1342 3940 quae
1369 3868 1602 3939 spiritus
1623 3879 1773 3935 sunt,
1811 3867 2099 3924 dissidium

523 3967 708 4038 potius
759 3965 999 4037 pariant.
1041 3963 1112 4019 At
1162 3963 1210 4019 si
1261 3962 1314 4018 id
1363 3961 1510 4033 quod
1562 3961 1786 4033 spiritui
1817 3960 2100 4026 convenit,

524 4060 752 4114 minime
777 4058 987 4113 salvum
1018 4064 1226 4123 manet,
1256 4055 1391 4111 illud
1425 4054 1593 4110 etiam
1626 4052 1774 4126 quod
1806 4053 1870 4110 ad
1897 4069 2100 4126 corpus

521 4160 760 4225 spectat,
790 4150 1056 4220 paulatim
1089 4149 1447 4205 obscuratur.

592 4241 758 4298 Vsus.
810 4242 864 4305 5,
911 4241 966 4296 6.
1027 4260 1045 4294 ι
1077 4239 1231 4296 Unus
1258 4240 1549 4306 Christus,
1574 4256 1682 4295 una
1729 4241 1886 4307 lldes,
1929 4256 2100 4296 unum

518 4337 823 4409 baptisma;
855 4350 999 4391 unus
1052 4335 1195 4391 Deus
1234 4343 1290 4390 et
1338 4333 1504 4390 Pater
1546 4333 1823 4398 omnium,
1873 4332 1969 4405 qui
2015 4341 2103 4388 est

2207 3222 2382 3293 ζητεῖ.

2279 3336 2299 3369 ι
2341 3315 2436 3371 Ἓν
2467 3314 2649 3387 σῶμα.
2692 3336 2713 3367 ο

2272 3411 2375 3465 Διὰ
2399 3409 2496 3465 τοῦ
2521 3410 2758 3464 συνιέναι
2787 3407 3072 3482 ἀλλήλους.

2277 3523 2299 3558 ι
2335 3505 2447 3562 Καὶ
2484 3503 2544 3559 ἓν
2577 3503 2824 3577 Πνεῦμα,
2859 3503 3042 3570 καθὼς
3067 3504 3334 3578 ἐκλήθητε
3376 3506 3434 3560 ὲν
3476 3506 3578 3578 μιᾷ
3607 3503 3782 3560 ἑλπίδι

2201 3600 2304 3672 τῆς
2333 3599 2580 3672 κλήσεως
2602 3598 2781 3671 ὑμῶν.
2811 3619 2833 3654 ι

2271 3694 2371 3749 Διά
2399 3693 2493 3749 τοῦ
2518 3696 2845 3766 όμοφρονεῖν
2873 3708 2889 3725 ο
2921 3694 3210 3767 ἀμφότερα
3249 3693 3360 3764 γὰρ
3393 3693 3645 3766 ἀλλήλων
3670 3694 3780 3750 δεῖ·

2201 3805 2313 3843 ται.
2340 3789 2450 3844 Καὶ
2481 3787 2541 3842 τό
2577 3787 2676 3859 μὲν
2705 3786 2847 3842 κατὰ
2882 3788 3060 3860 σῶμα,
3097 3788 3173 3861 μὴ
3212 3788 3480 3860 παρόντος
3521 3787 3618 3842 τοῦ
3639 3788 3782 3842 κατὰ

2203 3880 2440 3954 πνεῦμα,
2471 3881 2673 3953 μᾶλλον
2704 3881 2945 3947 στάσεως
2981 3882 3154 3937 αῐτιον
3173 3893 3192 3912 ⁶
3216 3880 3278 3935 τὸ
3298 3881 3356 3935 δὲ
3376 3880 3520 3936 κατὰ
3539 3880 3780 3953 πνεῦμα,

2206 3974 2281 4047 μὴ
2321 3973 2724 4047 φυλαττομένου
2759 3973 2858 4027 καὶ
2905 3972 3000 4028 τοῦ
3036 3974 3178 4030 κατὰ
3224 3972 3405 4046 σῶμα,
3442 3974 3566 4029 κατ’
3597 3973 3783 4046 ὀλίγον

2201 4066 2570 4140 ἀμαυροῦται.

2273 4243 2370 4314 Εἷς
2396 4247 2623 4321 Κύριος,
2673 4247 2777 4319 μία
2823 4246 3028 4314 πίστις,
3083 4248 3143 4303 ἓν
3186 4248 3491 4320 βάπτισμα,
3524 4245 3606 4314 εἷς
3646 4249 3783 4318 Θεδς

2205 4339 2302 4395 καὶ
2328 4335 2518 4409 Πατὴρ
2541 4336 2784 4404 πάντων,
2808 4336 2905 4391 καὶ
2937 4339 2967 4392 ὁ
3000 4339 3094 4393 ἐπὶ
3120 4339 3361 4407 πάντων,
3389 4339 3482 4394 καὶ
3513 4339 3604 4395 διὰ
3640 4342 3782 4396 πάν-

519 4440 687 4496 super
759 4425 985 4491 omnia,
1064 4435 1120 4482 et
1183 4440 1281 4498 per
1344 4424 1558 4491 omnia,
1614 4431 1673 4479 et
1723 4424 1782 4481 in
1840 4424 2100 4481 omnibus

2202 4451 2332 4500 των,
2365 4432 2459 4489 καὶ
2483 4433 2540 4487 ὲν
2571 4432 2737 4488 πᾶσιν
2761 4433 2917 4504 ἡμῖν.
2960 4451 2980 4486 ι

519 4520 703 4578 nobis.
747 4539 766 4572 ι

589 4637 668 4693 Ex
722 4635 981 4694 omnibus
1031 4635 1310 4707 capitibus
1372 4633 1827 4706 conjunctionem
1880 4633 2099 4692 suadet.

518 4731 674 4790 Unus
707 4731 895 4802 itaque
929 4728 1198 4785 Dominus
1237 4734 1341 4796 est,
1378 4742 1544 4800 quem
1571 4729 1900 4785 invocamus
1931 4747 1948 4784 :
1983 4741 2094 4783 una

518 4821 674 4890 ﬁdes,
711 4838 808 4893 per
842 4839 1005 4894 quam
1062 4821 1363 4877 introducti
1409 4837 1602 4876 sumus
1642 4839 1658 4876 :
1693 4837 1863 4876 unum
1914 4820 2097 4893 bapti-

518 4932 660 4982 sma,
689 4931 786 4988 per
808 4915 957 4988 quod
982 4931 1173 4972 sumus
1205 4912 1461 4970 mundati
1491 4933 1504 4970 :
1538 4929 1679 4971 unus
1713 4911 1879 4969 Pater
1926 4928 2098 4985 super

517 5006 725 5073 omnia,
777 5008 875 5078 qui
926 5017 1154 5079 propter
1207 5005 1448 5063 Verbum
1500 5022 1568 5063 ex
1621 5022 1684 5063 se
1738 5007 2010 5077 genitum,
2046 5013 2101 5061 et

519 5114 749 5175 propter
787 5101 1059 5172 Spiritqu
1094 5119 1258 5159 suum
1296 5103 1353 5160 in
1388 5102 1651 5158 omnibus
1686 5101 1924 5158 exsistit.
1960 5099 2099 5155 Cum

517 5207 704 5253 autem
738 5195 934 5252 divina:
975 5196 1211 5252 unitatis
1244 5195 1796 5268 repraesentationem
1851 5193 1902 5249 in
1939 5192 2100 5248 nobis

517 5292 682 5350 vellet
733 5291 1150 5364 splendescere,
1178 5292 1542 5365 preprietates
1566 5288 1860 5345 Trinitatis
1894 5289 1949 5344 in
1985 5301 2098 5345 uno

516 5384 628 5443 Deo
655 5384 992 5458 praedicavit.

2279 4632 2379 4687 Ἐκ
2408 4631 2627 4688 πάντων
2648 4630 2843 4687 ἕνωσιν
2867 4630 3192 4704 εἰσηγεῖται.
3221 4626 3316 4699 Εἷς
3345 4632 3553 4706 Κύριος
3577 4628 3692 4702 οὖν,
3723 4635 3781 4690 όν

2200 4723 2634 4798 ἑπικαλούμεθω
2669 4724 2771 4797 μία
2818 4724 3024 4792 πίστις,
3075 4720 3241 4800 δι’ἦς
3292 4725 3664 4802 είσήχθημεν·
3703 4729 3777 4795 ,ιι

2202 4819 2508 4893 βάπτισμα,
2548 4816 2616 4870 δι’
2645 4813 2706 4874 οὗ
2741 4816 3205 4892 ἑκαθαρίσθημεν.
3255 4813 3352 4883 Εἷς
3389 4823 3532 4876 όὲπὶ
3558 4821 3778 4877 πάντων

2198 4910 2387 4983 Πατὴρ
2417 4910 2460 4977 ί,
2483 4909 2541 4975 ὃς
2573 4910 2667 4964 καὶ
2698 4908 2786 4964 διὰ
2821 4909 3040 4965 πάντων
3068 4911 3159 4965 διὰ
3178 4911 3270 4965 τὸν
3305 4912 3366 4981 ἐξ
3390 4912 3556 4969 αὑτοῦ
3577 4915 3776 4984 Λόγον,

2200 5006 2297 5059 καὶ
2330 5008 2386 5058 ὲν
2420 5007 2554 5058 πᾶσι
2582 5003 2669 5058 διὰ
2704 5003 2800 5058 τοῦ
2828 5003 2995 5059 αὐτοῦ
3033 5005 3375 5078 Πνεύματος.
3404 5007 3518 5079 Τῆς
3541 5009 3601 5063 δὲ
3625 5009 3779 5074 θείας

2198 5098 2449 5170 ἑνότητος
2479 5097 2579 5169 τὴν
2607 5097 2870 5168 ὁμοίωσιν
2899 5100 2956 5150 ὲν
3002 5099 3134 5170 ἡμῖν
3167 5099 3620 5170 καταυγάζεσθαι
3650 5101 3780 5174 βον-

2197 5191 2441 5263 λόμενος,
2483 5192 2553 5246 τὰ
2596 5191 2698 5264 τῆς
2734 5191 2962 5264 Τριὰδος
3017 5192 3285 5265 ίδιώματα
3315 5194 3375 5250 ἐν
3418 5194 3503 5251 ἑνὶ
3550 5192 3630 5270 τῷ
3655 5193 3776 5268 Θιῷ

2195 5287 2367 5360 ἑκήρυ
2377 5285 2482 5352 ξεν.

1809 5559 2032 5617 mum
2054 5556 2478 5632 .LECTlONES.

596 5676 733 5754 ’,Εἷς
764 5681 906 5758 dial.
936 5681 1152 5739 πάντων
1181 5684 1391 5756 Πατήρ.
1416 5678 1626 5737 Similia
1661 5681 1777 5737 istis
1803 5680 2078 5753 subjungit

2208 5694 2468 5751 r0nymus
2501 5677 2554 5734 in
2581 5679 2972 5737 commentario
3004 5694 3073 5738 ex
3103 5682 3424 5744 auctorian
3449 5684 3775 5758 quibusdam

512 5755 714 5814 Graecis
744 5756 931 5827 utique
962 5768 1019 5814 ut
1046 5772 1189 5827 saepe
1229 5755 1431 5823 monet,
1477 5762 1724 5823 accepta.
