4048 6290
447 371 575 438 848

1657 379 1718 441 S.
1754 378 2077 442 JOANNIS
2116 378 2551 442 DAMASCENI

3618 376 3728 447 ΒΕ

450 490 547 560 qui
611 491 755 545 dona
820 504 1104 560 accepere,
1165 488 1541 547 ministerium
1597 507 1756 548 suum
1813 494 1867 547 in
1927 506 2044 546 rem

2153 489 2473 564 χαρίσματα
2520 489 2848 563 είληφότων.
2896 488 3197 559 Ἀναγκαία
3246 486 3305 545 δδ
3341 489 3386 563 ’ἡ
3410 488 3551 573 ..τῶν
3583 494 3724 566 lepr-

452 598 797 639 communem
840 582 1310 655 impendentibus.
1362 583 1693 640 Necessaria
1738 600 1903 656 porro
1954 593 2043 641 est

451 679 725 734 donorum
755 675 1080 741 eﬂicacitas,
1115 677 1294 733 donec
1325 680 1417 748 qui
1452 677 1618 734 modo
1642 679 1856 749 parvuli
1889 686 2039 742 sunt,

451 768 684 840 perfecti
728 768 883 833 (iant,
922 766 1276 840 perfectione
1324 770 1622 838 spirituali,
1657 786 1779 841 qua:
1802 771 1856 826 in
1888 771 2043 827 simi-

451 860 686 921 litudine
714 875 841 916 cum
874 860 1103 916 Christo
1135 863 1429 929 consistit;
1470 863 1543 917 ita
1578 873 1634 918 ut
1682 878 1791 919 non
1820 863 1933 933 jam
1970 867 2043 921 sit

450 952 737 1024 parvulus,
768 953 961 1009 multis
992 961 1187 1024 patens
1217 955 1640 1019 mutationibus.
1670 972 1810 1027 quas
1840 971 2041 1013 sermo-

450 1059 547 1099 nes
589 1052 810 1100 versute
868 1046 1208 1115 pronuntiati
1246 1053 1299 1101 et
1347 1046 1412 1101 ad
1462 1046 1839 1119 deceptionem
1888 1065 2040 1104 com-

448 1136 614 1206 positi
662 1132 917 1201 faciant;
967 1137 1085 1202 sed,
1135 1145 1195 1189 nt
1248 1138 1307 1192 tit
1342 1136 1395 1191 in
1434 1147 1599 1193 auctu
1655 1141 1927 1211 corporis,
1973 1142 2039 1194 ad

448 1247 571 1286 eam
628 1245 823 1287 omnes
885 1231 1261 1285 excelsitatem
1320 1231 1748 1300 perveniamus,
1806 1242 1861 1286 et
1913 1249 2037 1288 cum

449 1322 697 1386 Christo,
748 1321 840 1391 qui
898 1330 1064 1391 caput
1118 1334 1368 1377 nostrum
1413 1332 1523 1385 est,
1561 1326 2037 1393 compaginemur.

451 1415 546 1471 llle
593 1416 740 1469 enim
803 1432 926 1470 eum
979 1432 1082 1487 pro
1113 1416 1293 1470 di\inn
1327 1431 1427 1472 sua
1471 1417 1840 1487 pr'eccllcntia
1875 1420 2040 1475 nobis

453 1509 764 1579 pmsident,
814 1522 934 1563 sese
969 1508 1129 1563 nobis
1171 1507 1509 1579 impertitur,
1560 1510 2041 1581 coagmentatione

450 1601 885 1673 dispensationis
938 1616 1056 1657 sua:
1112 1616 1213 1656 nos
1265 1602 1372 1657 sibi
1429 1610 1485 1656 et
1538 1600 1775 1657 invicem
1812 1602 2040 1673 c0njun-

450 1706 610 1765 gens,
676 1701 737 1748 ιιι
794 1691 1048 1749 eamdem
1114 1702 1309 1747 mutuo
1368 1692 1771 1763 enuptationem
1835 1695 2040 1749 hahea-

454 1803 600 1855 mus,
654 1774 889 1843 velut‘in
931 1787 1187 1853 aedilicio,
1238 1797 1291 1841 et
1333 1787 1719 1859 unusquisque
1765 1789 2036 1846 submini-

2151 582 2381 652 σμάτων
2427 580 2699 653 ἐνέργεια,
2737 581 2932 653 μέχρις
2985 580 3056 636 ἀν
3083 583 3135 635 oi
3183 578 3276 635 νῦν
3305 581 3496 653 νήπιοι
3532 580 3729 637 τέλειοι

2148 675 2418 743 γένωνται
2457 673 2603 728 κατά
2629 673 2727 745 τὴν
2774 673 3158 746 πνευματικὴν
3196 672 3485 727 τελείωσιν
3541 673 3642 745 τὴν
3672 677 3731 728 ὲν

2148 766 2407 839 ὁμοιώσει
2429 767 2691 840 Χριστοῦ,
2723 768 2816 821 καὶ
2844 767 3046 838 μηκέτι
3079 766 3273 838 νήπιός
3301 782 3386 829 τις
3424 761 3485 843 ᾖ,
3530 765 3730 830 πολλὰς

2147 860 2435 930 δεχόμενος
2466 861 2676 933 τροπὰς
2705 862 2769 914 ὲκ
2805 860 2917 915 τῶν
2954 861 3230 933 διαφόρων
3286 859 3462 927 λόγων
3516 857 3629 913 τῶν
3675 860 3732 914 ἐν

2149 954 2460 1026 πανουργίᾳ
2515 953 2971 1025 προσαγομένων,
3030 954 3125 1007 καὶ
3183 951 3537 1015 πλανώντων.
3596 952 3731 1007 ἀλλά

2148 1044 2338 1116 ὥσπερ
2372 1045 2430 1098 ὲν
2457 1044 2711 1117 σώματος
2741 1044 2991 1116 αὐξήσει,
3016 1044 3317 1116 φθάσωμεν
3348 1047 3428 1110 είς
3479 1028 3742 1099 τοσοῦτον.

2148 1138 2283 1207 ὕψος
2309 1141 2572 1204 ἅπαντες,
2605 1139 2682 1204 ὡς
2704 1140 2840 1213 πρὸς
2866 1139 2965 1213 τὴν
3000 1139 3245 1211 κεφαλὴν
3269 1138 3431 1211 ἡμῶν
3460 1155 3733 1213 συναρμο-

2149 1231 2340 1305 σθῆναι
2384 1232 2476 1285 τδν
2528 1233 2609 1303 Χρ
2638 1232 2780 1289 στόν.
2816 1232 2915 1295 Ὃς
2979 1230 3227 1302 ἐφεστὼς
3281 1232 3413 1303 ἡμῖν
3461 1232 3605 1285 κατά
3634 1231 3730 1303 τὴν

2148 1326 2337 1399 θεῖκὴν
2372 1324 2586 1400 ἐξοχὴν,
2620 1326 2977 1397 μεταδίδωσιν
3021 1328 3155 1398 ἡμῖν
3188 1327 3383 1381 ἑαυτὸν
3436 1325 3578 1380 κατά
3632 1324 3731 1396 τὴν

2147 1422 2462 1491 οἰκονομίας
2511 1420 2831 1491 συνάφειαν,
2881 1419 3064 1492 ἑαυτῷ
3110 1420 3404 1475 συνάπτων
3445 1420 3596 1490 ἡμᾶς
3641 1418 3733 1472 καὶ

2149 1512 2427 1585 ἀλλήλοις.
2469 1514 2596 1568 καθ’
2637 1516 2706 1585 ἢν
2736 1514 2933 1586 ἔχομεν
2980 1512 3117 1588 πρδς
3157 1512 3421 1584 ἀλλήλους
3454 1511 3646 1584 ὥσπερ
3677 1514 3733 1565 έν

2147 1606 2403 1680 οἰκοδομῇ
2434 1607 2813 1680 συναρμογὴν,
2848 1607 2942 1662 καὶ
2960 1606 3098 1662 καθὸ
3121 1606 3217 1678 τὴν
3237 1606 3606 1679 ὲπιχορηγίαν
3637 1601 3732 1658 τοῦ

2148 1699 2469 1771 Πνεύματος
2511 1700 2746 1766 ἕκαστος
2780 1700 3003 1756 δύναται
3058 1700 3337 1772 δέχεσθαι,
3370 1701 3474 1772 τῆς
3517 1698 3614 1754 ἐπὶ
3665 1699 3731 1770 τῇ

2149 1796 2377 1867 αὐξήσει
2405 1794 2742 1861 τελειώσεως
2766 1798 2847 1861 είς
2872 1798 3097 1869 ἀγάπην
3132 1794 3733 1868 συνκεφαλαιουμὲνης.

453 1883 779 1938 strationem
834 1885 1007 1956 possit
1062 1882 1308 1956 Spiritus
1377 1886 1652 1952 accipere,
1714 1885 2037 1945 incrementi
2080 1893 2439 1965 perfectione,
2478 1910 2604 1961 quze
2651 1894 2706 1948 in
2774 1893 3047 1950 charitate
3094 1902 3357 1967 tanquam
3426 1893 3482 1947 in
3521 1902 3734 1948 summa

452 1973 827 2032 concluditur.

526 2067 693 2125 Vsus.
740 2067 933 2123 17-20.
989 2086 1008 2121 ι
1050 2067 1163 2123 l-loc
1208 2066 1379 2139 igitur
1406 2069 1532 2125 dico
1570 2078 1623 2126 et
1670 2070 1945 2129 testiﬁcor
1992 2073 2046 2130 in

2236 2095 2253 2128 ι
2291 2075 2467 2130 Τοῦτο
2488 2070 2581 2130 οὖν
2603 2074 2751 2147 λέγω
2779 2073 2874 2129 καὶ
2908 2073 3262 2147 μαρτύρομαι
3290 2075 3349 2128 ὲν
3383 2074 3596 2147 Κυρίῳ,
3630 2091 3737 2149 μη-

456 2162 706 2226 Domino,
740 2168 799 2214 ut
821 2161 937 2229 jam
969 2176 1077 2215 non
1107 2160 1431 2227 ambuletis,
1464 2161 1611 2218 sicut
1645 2172 1697 2218 et
1726 2174 1918 2236 gentes
1940 2180 2047 2221 ain-

454 2258 674 2322 bulant,
720 2256 775 2309 in
816 2255 1065 2311 vanitate
1089 2270 1293 2311 sensus
1322 2256 1446 2322 sui,
1482 2257 1740 2314 tenebris
1772 2258 2048 2316 obscura-

455 2361 569 2406 tum
613 2350 885 2405 habentes
925 2348 1292 2413 intcllectum,
1324 2349 1551 2406 alienati
1579 2366 1609 2405 a
1642 2357 1755 2406 vita
1789 2352 1905 2418 Dei,
1952 2368 2050 2425 per

456 2445 825 2519 ignorantiam
875 2458 997 2514 quae
1046 2444 1099 2497 in
1150 2442 1261 2499 illis
1311 2454 1429 2511 est,
1469 2456 1698 2515 propter
1745 2446 2047 2501 caecitatem

455 2534 641 2593 cerdis
690 2538 981 2607 ipsorum;
1025 2535 1118 2606 qui
1150 2536 1537 2609 desperantes,
1576 2538 1910 2608 semctipsos
1938 2548 2051 2594 tra-

456 2631 714 2686 diderunt
751 2628 1115 2700 impudicitia:
1158 2629 1226 2684 ad
1266 2631 1647 2699 operationem
1686 2631 2051 2690 immunditite

456 2726 666 2780 ritimis.
714 2742 731 2775 ι

532 2818 709 2877 Veluti
758 2817 967 2875 Christi
1030 2825 1201 2875 testes
1264 2828 1318 2874 et
1375 2825 1649 2892 martyres
1715 2827 1921 2887 monet,
1990 2828 2053 2875 ut

458 2912 885 2970 rcniiniscantur
928 2926 989 2969 se
1049 2923 1279 2969 vocatos
1317 2927 1441 2968 esse
1472 2912 1541 2969 ad
1590 2912 2051 2982 sanctimoniam,

462 3024 563 3062 nec
616 3014 963 3062 revertantur
991 3005 1057 3059 ad
1096 3005 1245 3060 illam
1297 3004 1525 3061 vivendi
1561 3005 1834 3062 rationem
1886 3022 2051 3077 quam

462 3109 591 3153 ante
630 3098 976 3152 vocationem
1009 3111 1166 3153 suam
1193 3104 1441 3170 egerant,
1482 3098 1726 3168 quando,
1756 3099 1911 3154 nullo
1949 3099 2050 3156 sibi

463 3195 771 3265 priestituto
802 3193 927 3256 line,
964 3191 1265 3248 temerario
1288 3191 1498 3263 impetu
1531 3191 1874 3248 ferebantur.

540 3306 558 3336 ι
613 3283 669 3340 In
740 3282 995 3339 avaritia.
1050 3280 1163 3341 Vos
1219 3295 1399 3339 autem
1459 3298 1571 3339 non
1636 3285 1713 3339 ita
1779 3284 2055 3343 didicistis

464 3378 774 3436 Christum.
816 3395 834 3430 ι

2152 2170 2269 2231 κέπι
2296 2170 2440 2241 ὑμᾶς
2480 2170 2825 2241 περιπατεῖν.
2850 2168 3035 2232 καθὼς
3071 2168 3166 2223 καί⁸
3194 2167 3263 2221 τά
3284 2167 3449 2222 λοιπὰ
3479 2167 3606 2241 ἔθνη
3639 2185 3736 2223 πει

2153 2267 2394 2335 ριπατεῖ,
2429 2266 2487 2318 ὲν
2523 2264 2849 2336 ματαιότητι
2879 2264 2974 2317 τοῦ
3004 2263 3120 2328 νοδς
3167 2262 3373 2330 αὐτῶν,
3407 2264 3733 2335 ἑσκοτισμέ-

2151 2374 2232 2410 νοι
2264 2360 2329 2430 τῇ
2380 2356 2614 2429 διανοίᾳ,
2677 2357 2831 2420 ὄντες
2875 2354 3387 2429 ἀπηλλοτριωμένοι
3438 2356 3544 2427 τῆς
3589 2356 3735 2428 ζωῆς

2151 2446 2244 2502 τοῦ
2272 2447 2429 2515 Θεοῦ,
2459 2446 2549 2502 διὰ
2577 2448 2675 2520 τὴν
2705 2447 2929 2518 ἄγνοιαν
2982 2448 3079 2520 τὴν
3116 2443 3285 2503 οὖσαν
3332 2449 3391 2503 έν
3417 2448 3628 2514 αὐτοῖς,
3647 2448 3737 2503 διὰ

2151 2542 2254 2612 τὴν
2282 2539 2544 2613 πώρωσιν
2572 2542 2671 2611 τῆς
2698 2540 2930 2613 καρδίας
2957 2541 3162 2597 αὐτῶν.
3195 2542 3264 2596 Οῖ
3303 2559 3452 2605 τινες
3481 2540 3738 2613 ἀπηλγη-

2151 2636 2331 2699 κότες,
2362 2636 2593 2700 ἑαυτοὺς
2622 2637 2950 2710 παρέδωκαν
2975 2638 3042 2711 τῇ
3072 2635 3337 2709 ἀσελγείᾳ
3371 2637 3452 2702 είς
3473 2635 3739 2710 ἕργασίαν

2153 2725 2503 2799 ἀκαθαρσίας
2537 2726 2743 2800 πάσης.
2788 2746 2807 2780 ι

2235 2819 2446 2882 'ti;i:1ti
2479 2819 2718 2892 Χριστοῦ
2757 2820 3054 2893 ,μάρτυρος
3104 2820 3273 2891 λέγει,
3314 2821 3377 2876 τὸ
3421 2821 3737 2894 μεμνῆσθαι

2152 2910 2252 2983 τῆς
2287 2910 2536 2982 κλήσεως
2564 2914 2668 2983 τῆς
2715 2912 2808 2966 ἐπὶ
2837 2912 3135 2984 ἀγιασμδν,
3164 2915 3262 2967 καὶ
3295 2913 3371 2985 μὴ
3416 2914 3741 2986 ἀνατρέχειν

2155 3006 2235 3069 τίς
2262 3004 2355 3057 τὸν
2389 3003 2497 3077 πρὸ
2530 3004 2776 3075 κλήσεως
2831 3003 2969 3076 βίον,
3019 3005 3111 3058 τδν
3143 3005 3243 3059 οὐκ
3277 3005 3471 3077 έχοντα
3509 3006 3741 3075 σκοπὸν,

2155 3096 2274 3152 οὐδὲ
2305 3096 2480 3165 τέλος,
2521 3095 2658 3153 ἀλλά
2689 3096 2935 3170 ματαίως
2964 3098 3286 3171 φερόμενον.

2232 3302 2252 3340 t
2301 3282 2388 3338 Ἐν
2426 3280 2733 3356 πλεονεξίᾳ.
2770 3281 2960 3356 Ὑμεῖς
2986 3282 3044 3338 δὲ
3069 3282 3171 3355 οὐχ
3192 3281 3369 3351 οὕτως
3393 3284 3633 3357 ιμάθετι
3651 3287 3747 3341 τὸν

2158 3377 2415 3449 Χριστόν.
2456 3396 2475 3428 ι

534 3471 778 3526 Avaritia
808 3468 1161 3527 dilectionem
1187 3468 1375 3526 carnis
1406 3471 1728 3527 necessario
1753 3473 2047 3543 consequi-

2232 3468 2521 3536 Πλεονεξία
2552 3468 2915 3543 φιλοσαρκίας
2966 3470 3115 3528 ἐστὶν
3156 3471 3461 3543 ἀναγκαίαν
3491 3488 3744 3553 παρακο-

467 3576 586 3631 tur;
641 3564 771 3638 quia
832 3564 1181 3621 tantumdem
1243 3563 1453 3620 habere
1512 3565 1765 3621 homines
1824 3566 2053 3633 volunt,

467 3665 737 3731 quantum
775 3658 829 3712 in
863 3656 1179 3729 voluptates
1202 3655 1543 3728 expendant.

542 3751 704 3807 Vens.
727 3749 921 3807 Sl-SS.
956 3767 976 3803 ι
1014 3749 1070 3805 Si
1101 3756 1284 3806 tamen
1317 3749 1470 3805 illum
1494 3749 1751 3815 audistis,
1778 3758 1832 3807 et
1859 3751 1913 3805 in
1938 3752 2059 3824 ipso

467 3846 647 3902 educti
679 3844 841 3910 estis,
869 3844 1013 3901 sicut
1045 3853 1132 3900 est
1176 3842 1382 3899 veritas
1413 3842 1468 3897 in
1500 3843 1727 3899 Christo
1754 3842 1905 3912 .lesn,
1952 3847 2049 3902 de-

472 3956 675 4013 ponere
725 3953 822 3995 vos
868 3936 1180 3995 secundum
1234 3937 1521 4009 pristinam
1581 3940 2058 3997 conversationem

471 4044 709 4091 veterem
748 4032 1055 4098 hominem,
1087 4029 1185 4102 qui
1220 4031 1601 4102 corrumpitur
1629 4031 1937 4088 secundum
1967 4033 2062 4090 de-

472 4128 674 4186 sideria
729 4126 962 4184 erroris.
1018 4123 1294 4182 Renovari
1356 4132 1538 4180 autem
1597 4124 1797 4196 spiritu
1862 4125 2060 4181 mentis

474 4230 693 4288 vestrae,
734 4230 789 4276 et
820 4218 1055 4275 induere
1088 4232 1288 4272 novum
1321 4216 1597 4273 hominem
1631 4218 1726 4289 qui
1757 4218 2057 4273 secundum

474 4316 641 4371 Deum
674 4325 891 4369 creatus
916 4320 999 4369 est
1029 4311 1084 4367 in
1118 4310 1337 4381 iustitia
1372 4318 1427 4365 et
1458 4311 1761 4367 sanctitate
1785 4311 2057 4367 veritatis.

476 4409 706 4481 Propter
753 4407 900 4483 quod
953 4406 1295 4477 deponentes
1346 4403 1714 4471 mendacium,
1772 4404 2061 4475 loquimini

477 4504 760 4559 veritatem
795 4499 1179 4573 unusquisque
1211 4511 1335 4554 cum
1364 4498 1618 4568 proximo
1648 4513 1771 4563 suo,
1796 4500 2058 4571 quoniam

477 4612 669 4653 sumus
706 4595 943 4652 invicem
974 4592 1241 4649 membra.
1283 4610 1301 4644 ι

550 4690 611 4745 in
642 4691 787 4746 hunc
812 4688 1034 4744 modum
1063 4685 1330 4758 loquitur,
1356 4685 1483 4758 quia
1517 4700 1626 4741 non
1660 4686 1729 4741 ab
1757 4686 1921 4758 188
1941 4685 2061 4758 ipso

2158 3561 2429 3634 λούθημα,
2470 3561 2559 3618 διὰ
2609 3563 2671 3617 τὸ
2709 3564 2963 3621 τοσοῦτον
3016 3566 3225 3622 ἐθέλειν
3265 3564 3434 3640 ῐχειν,
3467 3566 3636 3623 πόθεν
3661 3569 3749 3633 είς

2158 3655 2255 3721 τὰς
2281 3655 2475 3727 ἡδονὰς
2500 3656 2894 3712 ἀναλώσουσιν.

2238 3772 2255 3801 ι
2294 3749 2360 3803 Εἴ
2382 3766 2445 3819 γε
2480 3748 2646 3804 αὐτὸν
2676 3748 2973 3821 ἠκούσατε,
3005 3752 3101 3806 καὶ
3126 3752 3185 3809 ιν
3232 3749 3385 3825 αὐτῷ
3402 3750 3746 3825 ἐδιδάχθητε,

2162 3837 2347 3903 καθώς
2379 3839 2526 3892 ἐστιν
2553 3839 2781 3912 ἀλήθεια
2809 3841 2867 3895 ὲν
2899 3839 2977 3913 τῷ
3017 3841 3219 3915 Ἰησοῦ,
3254 3843 3561 3900 ἀποθέσθαι
3596 3845 3742 3918 ὑμᾶς

2164 3930 2307 3986 κατά
2332 3930 2434 4005 ’τὴν
2465 3932 2736 4006 προτέραν
2761 3934 3111 4009 ἀναστροφὴν
3134 3937 3225 3992 τὸν
3273 3936 3505 3993 παλαιὸν
3534 3937 3744 4009 ἄνθρω-

2164 4043 2285 4091 πον,
2310 4025 2399 4080 τὸν
2429 4026 2787 4099 φθειρόμενον
2833 4030 2975 4085 κατὰ
3003 4031 3104 4095 τάς
3134 4030 3435 4104 ἐπιθυμίας
3466 4030 3566 4103 τῆς
3600 4033 3744 4086 ἀπά-

2169 4138 2288 4192 της.
2334 4122 2720 4176 Ἀνανεοῦσθαι
2747 4122 2804 4177 δὲ
2831 4122 2910 4194 τῷ
2962 4123 3236 4197 πνεύματι
3286 4125 3383 4181 τοῦ
3419 4126 3537 4190 νοὸς
3565 4124 3743 4195 ὑμῶν,

2164 4217 2255 4271 καὶ
2287 4215 2609 4269 ἐνδύσασθαι
2630 4216 2721 4269 τὸν
2748 4215 2933 4271 καινὸν
2959 4217 3267 4289 ἄνθρωπον,
3311 4218 3405 4272 τὸν
3448 4217 3594 4273 κατὰ
3614 4217 3749 4272 Θεδν

2164 4309 2453 4363 κτισθέντα
2480 4310 2537 4363 ἐν
2569 4308 2909 4385 δικαιοσύνῃ,
2943 4312 3040 4366 καὶ
3068 4310 3315 4382 ὁσιότητι
3336 4313 3436 4379 τῆς
3460 4310 3743 4383 ἀληθείας.

2163 4403 2256 4458 Διὸ
2310 4402 2642 4476 ἀποθέμενοι
2671 4406 2731 4458 τὸ
2759 4402 2977 4475 ψεῦδος,
3029 4405 3245 4460 λαλεῖτε
3297 4405 3564 4477 ἀλήθειαν
3613 4405 3748 4460 lxa-

2167 4514 2290 4561 στος
2328 4496 2465 4570 μετά
2511 4497 2605 4552 τοῦ
2660 4499 2889 4571 πλησίον
2930 4498 3119 4565 αὐτοῦ,
3166 4498 3251 4553 ὅτι
3291 4498 3462 4571 ἐσμὲν
3499 4497 3750 4571 ἀλλήλων

2168 4591 2324 4664 μέλη.
2361 4611 2380 4644 ι

2235 4684 2407 4741 Τοῦτό
2438 4703 2626 4757 φησιν,
2662 4684 2851 4755 ἐπειδὴ
2902 4688 2965 4744 οὑ
3015 4688 3147 4760 παρ’
3192 4686 3364 4743 αὑτοῦ
3409 4686 3752 4759 διδαχθέντες

482 4792 645 4841 erant
676 4781 883 4847 edocti,
918 4779 1013 4837 sed
1047 4795 1076 4834 a
1116 4778 1327 4836 Joanne
1358 4780 1712 4851 evangelista.
1763 4781 1853 4835 Ait
1890 4795 2047 4851 ergo:

2164 4780 2327 4856 ἦσαν,
2364 4779 2501 4836 ἀλλά
2530 4778 2717 4853 παρὰὶ
2752 4780 2847 4836 τοῦ
2905 4782 3153 4836 Ἰωάννου
3184 4781 3283 4837 τοῦ
3333 4771 3756 4850 εὐαγγελιστοῦξ

488 4876 743 4933 Doctrina
803 4876 894 4930 illa
928 4890 1049 4945 qua:
1090 4873 1291 4929 tradita
1339 4873 1495 4929 vobis
1528 4883 1647 4937 est,
1697 4891 1818 4929 cum
1874 4890 2047 4931 rever:

2158 4874 2337 4944 Λέγει
2364 4868 2457 4928 οὗν
2480 4873 2582 4947 ἤδη
2612 4874 2748 4944 πρὸς
2782 4874 2929 4944 ὑμᾶς
2959 4871 3191 4928 ἐλθοῦσα
3216 4871 3561 4939 διδασκαλία,
3596 4872 3754 4943 εἴπερ

487 4969 689 5025 tradita
748 4967 821 5025 sit
858 4966 1160 5023 secundum
1194 4964 1499 5031 Christum,
1539 4980 1648 5020 non
1682 4966 2047 5036 voluptuosam

2165 4964 2330 5041 ἦλθεν
2356 4966 2435 5038 τῷ
2458 4967 2571 5020 ὄντι
2608 4966 2751 5020 κατὰ
2789 4966 3045 5038 Χριστὸν,
3074 4970 3136 5021 οὐ
3182 4966 3282 5039 τὴν
3322 4965 3631 5037 φιλήδονον,
3661 4965 3757 5020 καὶ

483 5074 535 5121 et
581 5061 907 5133 ignorantiae
944 5059 1191 5115 tenebris
1234 5058 1499 5114 suilirsain
1554 5059 1719 5112 vitam
1773 5060 2041 5129 permittit

2174 5061 2273 5133 τὴν
2305 5062 2362 5117 ἐν
2402 5063 2597 5134 ἀγνοίᾳ
2636 5061 2781 5131 ζωὴν
2830 5061 3142 5135 ἐπιτρέπει,
3187 5062 3310 5134 ἥτις
3357 5060 3511 5116 οὐδὲν
3550 5060 3759 5129 ἀγαθὸν

485 5157 689 5228 alioqui
725 5156 861 5211 nihil
892 5156 1042 5219 boni,
1076 5153 1323 5223 nihilque
1342 5153 1455 5205 veri
1482 5154 1785 5223 pra'ferret.
1811 5150 1946 5206 Nam
1972 5168 2044 5224 qu

2168 5155 2306 5227 ἔχει,
2341 5154 2464 5209 οὐδὲ
2496 5154 2716 5227 ἀληθές.
2761 5154 2817 5209 Ὀ
2854 5153 2962 5225 γὰρ
2996 5157 3141 5210 κατά
3178 5153 3417 5227 Χριστὸν
3444 5152 3662 5225 μαθὼν,
3696 5153 3761 5208 τι

483 5251 784 5309 secundum
808 5248 1090 5305 Christum
1126 5247 1398 5311 eruditur,
1433 5245 1636 5300 bonum
1669 5245 1859 5300 didicit
1892 5254 1945 5301 et
1978 5263 2042 5302 vc

2169 5250 2373 5321 ἀγαθὸν
2414 5248 2703 5322 μεμάθηκε
2739 5249 2833 5302 καὶ
2877 5248 2939 5303 τὸ
2989 5248 3211 5321 ἀληθὲς,
3264 5249 3365 5321 τὴν
3411 5250 3471 5303 ὲν
3510 5247 3761 5324 σαρκικῷ

484 5361 627 5411 rum,
662 5326 852 5413 utpote
882 5345 972 5416 qui
1020 5344 1141 5398 vitae
1179 5342 1420 5397 carnalis
1460 5348 1786 5397 vetustatem
1822 5342 1873 5394 in
1912 5342 2047 5397 novit

2174 5344 2276 5415 βίῳ
2302 5343 2609 5400 παλαίωσιν
2641 5341 3001 5413 μεταϐάλλειν
3026 5342 3417 5416 διδασκόμενος
3447 5344 3531 5410 είς
3572 5342 3758 5399 και.νὸ-

486 5448 651 5496 tatcm
694 5440 938 5511 Spiritus
966 5450 1181 5494 mutare
1209 5439 1492 5493 doceatur.

2176 5455 2317 5509 τητα
2343 5437 2443 5507 τὴν
2476 5438 2534 5490 έν
2566 5432 2871 5505 Πνεύματι.

1759 5616 1997 5676 ΥΑΒΙᾸΞ
2039 5618 2447 5677 LECTIONES.

564 5741 575 5791 l
612 5740 806 5811 buli:
844 5742 1005 5811 παρὰ
1040 5743 1144 5795 τοῦ
1176 5741 1481 5799 Ἰωάννου.
1518 5741 1644 5799 liae
1675 5740 2067 5799 subobscurius
2103 5743 2177 5796 ita
2214 5740 2518 5797 redduntur
2553 5739 2697 5809 apud
2747 5738 3168 5803 OEcumenium,
3220 5740 3285 5795 τὸ
3314 5739 3394 5803 δὲ,
3421 5741 3475 5796 ετ
3503 5755 3569 5810 γε
3598 5736 3763 5793 αὐτὸν

487 5810 776 5891 ἠκούσατε,
812 5814 966 5883 ἅγιος
1012 5814 1261 5890 Ἰωάννης
1282 5813 1638 5887 βεϐαιωτικὸν
1681 5814 1920 5881 ἐδέξατο.
1951 5812 2197 5881 Quorum
2225 5811 2517 5869 verborum
2547 5824 2742 5869 sensus
2775 5826 2845 5868 ex
2896 5811 3218 5869 Datnasceni
3278 5812 3624 5884 expositione
3667 5824 3762 5866 ac-

497 5892 599 5938 i'ini
632 5894 827 5938 ῡοῑρεῑ.

497 5896 600 5964 t'ipi
632 5896 827 5957 potest.
