4048 6290
297 325 414 397 845

1476 329 1562 392 IN
1600 326 1844 393 EPIST.
1885 329 1986 391 AD
2023 327 2419 393 EPHESIOS.

3465 323 3571 390 846

382 461 403 497 ι
448 440 791 516 ὀργίζεαθε,
831 440 929 500 καί⁸
979 440 1057 516 μὴ
1109 439 1496 516 ἁμαρτάνετεο
1545 443 1575 496 ὁ
1617 441 1770 513 ἣλιος
1810 439 1886 512 μὴ

2078 437 2250 500 Vsus.
2282 436 2477 494 είς-29.
2518 456 2539 491 ι
2576 433 2884 496 lrascimini
2913 442 2968 494 et
3009 434 3177 493 nolite
3211 449 3455 509 peccare.
3485 436 3569 492 sol

298 534 572 594 ιπιδυέτω
601 535 696 591 ἰπὶ
747 534 828 608 τῷ
868 533 1239 609 παροργισμῷ
1287 532 1466 607 ὑμῶν.
1515 532 1671 606 Μηδὲ
1714 530 1889 586 δίδοτε

297 628 468 685 Ιι’όειτον
496 627 574 702 τῷ
605 627 860 699 διαῦόλῳ.
899 629 960 683 '0
1007 628 1280 691 κλέπτων,
1342 626 1541 700 μηκέτι
1580 625 1886 691 κλεπτέτω,

305 720 589 793 μᾶλλονδὲ
616 720 890 787 κοπιάτω,
915 721 1290 793 ἐργαζόμενος
1307 719 1368 773 τὸ
1391 718 1597 788 ἀγαθὸν
1625 720 1742 782 ταῖς
1763 731 1893 789 χερε-

304 816 414 882 civ,
452 813 540 871 ἵνα
571 813 679 887 ἔκη’
705 814 1046 887 μεταδιδόναι
1076 812 1156 887 τῷ
1188 815 1379 886 χρείαν
1423 812 1625 884 ἔχοντι.
1660 811 1777 874 Πᾶς
1803 809 1895 865 λόι

303 925 403 979 γος
429 907 666 982 σκληρὸς
689 910 753 963 ἐκ
780 908 876 963 τοῦ
899 908 1170 978 στόματος
1197 909 1350 977 ὑμῶν
1382 907 1458 979 μὴ
1484 902 1890 977 ἐκπορευέσθω,

302 1001 422 1058 ἀλλ’
445 1000 502 1058 εί
523 1018 610 1066 τις
644 1000 872 1071 ἀγαθὸς,
917 1001 1055 1073 πρὸς
1089 1001 1383 1075 οἰκοδομὴν
1411 1000 1514 1073 τῆς
1550 998 1767 1071 χρείας,
1800 996 1889 1051 ῐνα

303 1093 383 1167 ὂῷ
413 1093 580 1167 χάριν
604 1096 719 1159 τοῖς
749 1093 1063 1150 ἀκούουσιν.
1102 1114 1120 1148 ι

378 1188 445 1243 Et
472 1187 571 1244 καὶ
604 1186 741 1260 ὀργῇ
775 1188 1102 1261 προσπέσοι,
1141 1188 1298 1259 φησι,
1330 1186 1406 1259 μὴ
1438 1185 1523 1251 είς
1546 1186 1607 1240 τὸ
1640 1182 1896 1257 ἁμαρτά·

306 1297 424 1339 νειν
466 1281 860 1354 ξπικρατείτω,
906 1281 1042 1337 ἀλλὰ
1099 1281 1197 1337 καὶ
1252 1280 1361 1353 πρὸ
1390 1279 1484 1335 τοῦ
1517 1278 1732 1353 ἡμέραν
1768 1280 1895 1333 ἑπι-

308 1376 510 1449 στῆναι
532 1375 812 1448 δευτέραν,
840 1373 1119 1431 παυέσθω.
1160 1373 1294 1429 Ἐὰν
1317 1374 1428 1446 γὰρ
1462 1372 1637 1428 ταῦτα
1659 1374 1719 1426 ὲν
1767 1372 1898 1443 ὑμῖν

307 1472 512 1545 κρατῇ,
543 1465 790 1525 διαὸόλου
840 1467 1149 1541 διδάγματα
1187 1468 1341 1534 ὄντα,
1381 1467 1412 1521 ὁ
1444 1465 1768 1529 διδάσκαλος
1807 1462 1898 1519 διὰ

308 1563 420 1623 τῶν
450 1565 599 1623 ίδίων
625 1563 793 1619 αὐτοῦ
818 1562 1167 1634 διδαγμάτων
1202 1559 1689 1617 ὲπεισελεύσεταιέ

388 1759 412 1795 ι
457 1738 571 1795 Καὶ
630 1739 708 1813 μὴ
740 1710 966 1794 λυπεῖτε
996 1738 1057 1793 τὸ
1115 1736 1345 1810 Πνεῦμα
1401 1735 1499 1792 τοῦ
1554 1734 1718 1800 Θεοῦ,
1766 1734 1826 1789 ὲν
1855 1723 1902 1804 ᾧ

308 1832 725 1909 δσφραγίσθητε
753 1831 836 1899 είς
859 1832 1076 1905 ἡμέραν
1107 1828 1566 1903 ἀπολυτρώσεως.
1621 1847 1640 1879 ι

380 2013 460 2069 Τδ
481 2011 707 2087 Πνεῦμα
731 2012 878 2085 ὑμᾶς
903 2011 1418 2084 ἀποστραφήσεται,
1450 2009 1606 2081 φησὶ,
1647 2006 1901 2080 καθάπερ

310 2105 679 2180 λυπούμενον,
725 2106 809 2161 ὅτι
856 2101 1050 2176 ὥσπερ
1102 2103 1162 2159 ὲν
1200 2097 1538 2175 σφραγισμῷ
1577 2099 1734 2155 δοθὲν
1773 2099 1904 2169 ὑμῖν

310 2200 397 2267 είς
424 2199 641 2267 ἕνωσιν,
692 2199 794 2255 οὐκ
840 2196 1187 2269 ἐπιτηδείους
1229 2193 1370 2269 πρὸς
1412 2196 1608 2251 ἕνωσιν
1660 2192 1903 2265 εὑρίσκει

314 2288 836 2362 ωὺς.δεδεγμὲνους
886 2288 989 2362 τὴν
1037 2286 1200 2359 χάριν
1256 2286 1341 2351 είς
1373 2284 1437 2343 τί)
1486 2284 1776 2357 διαφυγεῖν
1804 2283 1905 2357 τὴν

312 2382 545 2439 κόλασιν
564 2380 666 2453 τῆς
689 2380 1017 2453 διαφθορᾶς.

394 2581 417 2617 ι
471 2559 636 2616 Πᾶσα
672 2556 890 2631 πικρία,
933 2558 1027 2612 καὶ
1059 2557 1250 2631 θυμὸς,
1287 2557 1383 2612 καὶ
1432 2555 1594 2631 ὀργὴ,
1644 2557 1739 2611 καί
1771 2557 1905 2630 βλα-

315 2652 537 2727 σφημία
561 2648 787 2724 ἀρθήτω
818 2650 914 2720 ἀφ’
944 2648 1100 2721 ὑμῶν
1138 2648 1235 2703 σὺν
1267 2647 1419 2722 πάσῃ
1452 2647 1641 2720 κακίᾳ.
1681 2647 1905 2702 Γίνεσθε

311 2746 375 2802 δὲ
397 2745 480 2810 είς
509 2743 779 2817 ἀλλήλους
824 2742 1079 2815 χρηστοὶ,
1117 2740 1507 2813 εὔσπλαγχνοι,
1543 2742 1902 2815 χαριζόμενοι

316 2839 558 2905 ἑαυτοῖς,
590 2835 773 2900 καθὼς
805 2835 902 2890 καὶ
934 2833 962 2889 ὀ
992 2834 1126 2899 Θεὸς
1162 2834 1480 2907 ἐχαρίσατο.
1526 2853 1545 2887 ι

393 3016 580 3090 Ἀπερ
613 3011 754 3081 ἐστὶ,
786 3014 944 3086 φησὶ,
979 3013 1081 3084 τῆς
1112 3014 1384 3086 σαρκικῆς
1413 3013 1712 3084 ἀγνωσίας,
1736 3012 1911 3068 ταῦτα

319 3108 674 3168 ἁπολειπέτω
694 3110 724 3163 ὁ
758 3106 1307 3178 κατασκευαζόμενος
1331 3108 1745 3182 πνευματικῶς.

935 3358 1190 3418 ΚΕΦΛΔ.
1232 3357 1308 3415 E’.

399 3495 423 3534 ι
462 3475 688 3535 Γίνεσθε
720 3474 815 3534 οὖν
848 3474 1091 3551 μιμηταὶ
1120 3476 1216 3534 τοῦ
1263 3479 1421 3549 Θεοῦ,
1471 3480 1549 3549 ὡς
1580 3482 1746 3540 τέκνα
1776 3487 1916 3557 ἀγα-

1998 547 2109 590 non
2151 530 2374 589 occidat
2400 546 2569 603 super
2598 531 2944 589 iracundiam
2970 539 3237 587 vestram.
3267 527 3445 585 Nolite
3490 528 3571 586 lo-

1994 635 2123 676 cum
2162 620 2299 678 dare
2317 620 2559 676 diabolo.
2581 619 2687 688 Qui
2722 620 3029 685 iurabatur,
3054 620 3167 691 jam
3200 635 3311 675 non
3339 618 3572 675 furetur.

1997 713 2167 786 Magis
2193 723 2375 768 autem
2409 712 2622 769 laboret
2648 713 2931 784 operando
2969 712 3173 768 bonum
3206 710 3487 775 manibus,
3519 717 3579 765 ut

1998 807 2198 863 habeat
2230 804 2379 861 unde
2412 804 2622 862 tribuat
2652 806 3039 862 necessitatem
3090 803 3337 875 patienti.
3388 803 3581 861 Omnis

1997 911 2182 954 sermo
2214 896 2394 952 malus
2431 912 2499 952 ex
2530 911 2627 953 ore
2660 905 2849 953 vestro
2902 910 3012 952 non
3055 895 3317 967 procedat
3350 914 3363 951 :
3402 896 3498 952 sed
3533 897 3581 950 si

1997 991 2123 1062 quis
2150 990 2329 1047 bonus
2356 990 2425 1046 ad
2452 989 2872 1048 aedificationem
2916 988 3067 1060 ﬁdei,
3112 998 3171 1044 ut
3217 988 3310 1045 det
3346 988 3582 1062 gratiam

1999 1083 2370 1142 audientibus.
2411 1104 2432 1139 ι
2605 1081 2607 1083 ’

2074 1176 2144 1234 Ει
2185 1177 2234 1236 si
2281 1178 2411 1251 quis
2455 1177 2512 1233 in
2563 1177 2700 1232 iram
2755 1176 2965 1242 incidit,
3012 1189 3122 1233 non
3161 1181 3483 1249 perseveret
3508 1175 3587 1232 ita

2001 1279 2062 1327 ut
2118 1279 2349 1344 peccet;
2395 1270 2494 1330 sed
2553 1281 2681 1326 ante
2732 1271 2986 1342 placetur
3031 1284 3197 1343 quam
3248 1268 3423 1326 altera
3468 1268 3589 1325 dies

2001 1364 2279 1420 succedat.
2322 1360 2455 1419 Nam
2485 1364 2533 1419 si
2566 1364 2624 1417 in
2662 1361 2821 1420 vobis
2851 1362 2958 1418 ista
2989 1367 3208 1433 vrgeant
3233 1375 3356 1434 qua:
3382 1360 3589 1421 diaboli

2002 1457 2164 1528 plane
2210 1457 2459 1514 instituta
2507 1464 2658 1521 sunt,
2718 1454 2979 1527 magister
3034 1454 3155 1525 ipse
3206 1450 3589 1523 Superveniet,

2005 1558 2227 1622 propter
2277 1550 2604 1622 placitorum
2656 1563 2883 1607 suorum
2923 1545 3368 1603 observationem
3400 1558 3591 1602 accer-

2004 1644 2168 1702 situs.
2409 1669 2412 1671 λ
3148 1638 3151 1642 ’

2077 1738 2245 1796 Vens.
2278 1739 2367 1796 50.
2400 1759 2417 1794 ι
2455 1739 2523 1795 Ει
2556 1738 2729 1809 nolite
2769 1736 3107 1795 contristare
3147 1734 3417 1807 Spiritum
3457 1748 3601 1797 san,

1937 1819 1982 1881 Β
2010 1842 2159 1889 ctum
2210 1832 2341 1907 Dei,
2390 1832 2447 1888 in
2499 1818 2611 1904 quo
2665 1829 2870 1904 signati
2923 1830 3062 1887 estis
3093 1828 3149 1885 in
3182 1828 3329 1887 diem
3371 1826 3595 1885 redem-

2012 1925 2239 1999 ptionis.
2287 1945 2306 1978 ι

2081 2015 2349 2088 Spiritus,
2398 2014 2621 2087 inquit,
2673 2026 2904 2070 aversus
2952 2010 3062 2068 erit
3114 2024 3148 2066 a
3192 2009 3393 2074 vobis,
3441 2007 3599 2065 velut

2010 2109 2223 2165 luctum
2260 2121 2467 2180 agens,
2514 2105 2681 2180 quia,
2727 2120 2855 2163 cum
2904 2105 2958 2161 in
3006 2101 3392 2175 obsignatione
3431 2100 3597 2157 datus

2010 2204 2084 2259 sit
2113 2201 2270 2258 vobis
2306 2212 2367 2257 ut
2398 2198 2918 2273 conjungeremini,
2981 2213 3077 2254 vos
3124 2208 3312 2251 tamen
3361 2208 3472 2252 non
3518 2209 3601 2250 reo

2012 2297 2190 2368 periet
2240 2293 2311 2351 ad
2362 2295 2470 2351 hoc
2519 2294 2772 2357 idoneos,
2820 2290 3041 2347 tametsi
3092 2290 3324 2363 gratiam
3371 2302 3602 2359 recepe-

2013 2390 2157 2457 ritis,
2194 2403 2300 2459 qua
2356 2402 2575 2460 poenam
2624 2386 2885 2443 interitus
2928 2392 2985 2441 et
3039 2381 3412 2455 corruptionis
3458 2379 3599 2439 εσυ-

2015 2484 2240 2556 geretis.

2094 2573 2256 2632 Vens.
2295 2574 2387 2637 51,
2422 2573 2514 2629 52.
2558 2592 2577 2625 ι
2606 2571 2800 2629 Omnis
2830 2569 3165 2640 amaritudo,
3200 2579 3255 2627 et
3295 2571 3402 2635 ira,
3435 2577 3492 2625 et
3517 2569 3603 2625 iu‘

2013 2669 2288 2743 dignatio,
2316 2676 2374 2723 et
2403 2669 2634 2731 clamor,
2666 2675 2722 2723 et
2747 2665 3089 2735 blasphemia
3122 2663 3399 2720 tollatura
3423 2662 3600 2731 vobis,

2015 2780 2140 2822 cum
2168 2762 2319 2819 omni
2350 2759 2579 2816 malitia.
2627 2757 2818 2815 Estote
2853 2768 3036 2814 autem
3074 2757 3306 2815 invicem
3353 2755 3599 2827 benigni,

2018 2852 2426 2917 misericordes,
2467 2849 2741 2908 donantes
2772 2850 3033 2917 invicem,
3077 2848 3221 2906 sicut
3264 2854 3321 2905 et
3371 2846 3514 2906 Deus
3545 2848 3605 2903 in

2017 2946 2243 3003 Christo
2272 2944 2500 3000 donavit
2525 2942 2705 3001 vobis.
2751 2961 2773 2997 ι
3602 2956 3605 2957 ⁷

2088 3038 2442 3110 Qnazcunque
2487 3034 2735 3093 carnalis
2786 3043 2917 3093 sunt
2962 3032 3366 3107 ignobilitatis.
3399 3033 3601 3109 inquit,

2020 3132 2136 3188 haec
2195 3130 2494 3203 relinquat,
2555 3129 2655 3202 qui
2719 3128 2995 3202 spirituali
3061 3143 3214 3185 more
3266 3142 3390 3186 sese
3445 3144 3605 3187 com-

1941 3203 1986 3260 (ἶ
2018 3230 2199 3295 parat.

2674 3358 2831 3417 CAP.
2874 3358 2943 3418 V.

2088 3469 2257 3529 Vens.
2292 3472 2342 3537 l,
2382 3471 2438 3527 ἓ.
2476 3490 2497 3526 ι
2548 3469 2737 3529 Estote
2782 3487 2914 3545 ergo
2970 3472 3281 3530 imitatores
3322 3471 3419 3531 Dei
3463 3471 3607 3532 sicut

316 3568 498 3643 πητὰ,
525 3569 623 3625 καὶ
646 3571 1009 3643 περιπατεῖτε
1036 3568 1096 3623 ἐν
1146 3571 1358 3645 ἀγάπῃ,
1411 3573 1598 3640 καθὼς
1626 3576 1654 3629 ό
1678 3577 1906 3649 Χριστὸς

2021 3566 2115 3623 lilii
2144 3566 2484 3629 charissimi,
2525 3576 2578 3622 et
2626 3565 2910 3624 ambulate
2939 3567 2996 3623 in
3028 3566 3347 3634 dilectione,
3384 3566 3528 3625 sicut
3551 3578 3607 3625 et

318 3662 615 3738 ἠγάπησεν
640 3663 816 3735 ἡμᾶς,
860 3662 957 3718 καὶ
995 3664 1321 3738 παρέδωκεν
1353 3667 1547 3723 ἑαυτὸν
1572 3668 1715 3741 ὑπὲρ
1758 3670 1906 3743 ἡμῶν

2019 3660 2275 3717 Christus
2315 3659 2509 3716 dilexit
2577 3676 2702 3725 nos,
2732 3668 2789 3718 et
2834 3660 3064 3717 tradidit
3103 3661 3460 3732 semetipsum
3506 3676 3608 3736 pro

320 3753 648 3831 προσφορὰν
677 3758 775 3811 καὶ
799 3752 994 3813 θυσίαν
1020 3758 1100 3830 τῷ
1134 3757 1257 3831 Θεῷ
1283 3759 1364 3824 είς
1392 3759 1570 3833 ὀσμὴν
1597 3761 1854 3828 εὐωδίας.
1890 3782 1911 3815 ι

396 3933 510 3999 Δεῖ,
538 3933 697 4007 φησὶ,
732 3930 1023 4006 μιμεῖσθαι
1072 3933 1208 3989 Θεὸν
1238 3932 1320 4000 εἰς
1351 3935 1414 3991 τὸ
1444 3936 1763 4009 χαρίζεσθαι
1806 3939 1922 4004 τοῖς

325 4030 742 4105 ἁμαρτάνωσιν
786 4032 869 4097 είς
905 4030 1079 4105 ἡμᾶς,
1137 4028 1226 4088 ἵνα
1273 4025 1425 4106 ὦμεν
1464 4036 1705 4107 μιμηταὶ
1755 4032 1917 4091 Θεοῦ.

2020 3754 2180 3811 nobis
2206 3753 2541 3811 oblationem
2573 3761 2634 3811 et
2661 3754 2905 3812 hostiam
2938 3753 3050 3813 Deo
3099 3755 3154 3812 in
3191 3755 3420 3814 odorem
3477 3771 3610 3815 sna-

2023 3845 2233 3903 vitatis.
2273 3865 2293 3898 ι

2092 3937 2302 3995 Imitari
2334 3936 2505 3995 Deum
2537 3942 2780 4013 oportet,
2833 3935 3039 4010 inquit,
3066 3937 3137 3994 iis
3167 3937 3263 4010 qui
3315 3952 3419 3995 nos
3443 3936 3610 4008 οπεο-

2024 4033 2228 4090 derunt
2311 4031 2671 4104 indulgendo,
2720 4043 2781 4088 ut
2832 4030 2933 4088 Dei
2987 4032 3344 4089 aemulatores
3408 4031 3607 4090 simus.

326 4119 435 4180 Τὸν
461 4124 519 4179 δὲ
550 4124 806 4188 θάνατον,
841 4126 904 4180 οὐ
960 4124 1195 4182 θάνατον
1247 4126 1554 4200 ὠνόμασεν,
1601 4128 1739 4185 ἀλλὰ
1781 4128 1906 4184 Θεοί

2021 4126 2190 4198 Atqui
2235 4125 2441 4183 Christi
2491 4133 2747 4191 mortem,
2800 4141 2912 4182 non
2961 4134 3200 4183 mortem
3236 4126 3475 4196 vocavit,
3513 4128 3613 4183 sed

325 4214 692 4287 προσφοράν
719 4232 735 4248 ο
764 4217 826 4272 οὐ
874 4219 983 4290 γὰρ
1009 4212 1078 4293 ἢν
1112 4217 1350 4273 Θανάτου
1387 4218 1587 4275 σκῦλον
1626 4221 1655 4273 ὁ
1685 4220 1919 4296 Κύριος,

2024 4220 2367 4276 oblationem.
2416 4216 2538 4275 Non
2605 4220 2753 4276 enim
2823 4217 3088 4276 Dominus
3156 4219 3338 4292 prmda
3416 4222 3612 4277 mortis

326 4306 470 4367 am
498 4310 921 4383 αίχμαλωτίζων
971 4314 1053 4378 εἰς
1096 4312 1243 4385 ζωὴν
1274 4314 1403 4378 τοὺς
1439 4315 1499 4369 ἐν
1527 4313 1768 4387 θανάτῳ,
1797 4316 1906 4372 οὐδὲ

2022 4310 2261 4376 exstitit,
2316 4310 2413 4367 sed
2460 4310 2529 4368 ad
2574 4312 2743 4366 vitam
2788 4311 2951 4367 duxit
2990 4311 3240 4384 captivos
3268 4326 3408 4385 quos
3458 4328 3611 4368 mors

330 4402 442 4460 ὑπὸ
476 4402 707 4458 θανάτου
732 4404 1126 4478 κατεχόμενος,
1152 4403 1291 4461 ἀλλὰ
1322 4408 1475 4481 παρὰ
1495 4406 1639 4478 Θεῷ,
1666 4410 1763 4465 καὶ
1792 4411 1916 4465 τότε

328 4495 413 4552 ὣν
439 4496 629 4562 δεκτὸς
650 4497 747 4553 καὶ
780 4495 987 4570 τίμιος,
1027 4499 1124 4554 καὶ
1147 4498 1322 4572 δῶρον
1356 4500 1498 4574 ὑπὲρ
1537 4500 1750 4574 κόσμου
1782 4519 1920 4559 παν-

330 4589 427 4656 τὸς
459 4589 827 4647 εὐωδέστατον
855 4589 1003 4647 κατὰ
1030 4591 1134 4665 τὴν
1168 4592 1455 4665 ἁγιότητα.

399 4786 434 4833 ι
471 4767 819 4848 Πορνείαδὶ,
850 4766 947 4822 καὶ
972 4770 1130 4823 πᾶσα
1175 4768 1514 4842 ἀκαθαρσία,
1563 4771 1597 4844 ἢ
1633 4771 1923 4841 πλεονεξία

332 4858 480 4944 μηδὲ
522 4860 882 4932 ὀνομαζέσθω
937 4863 998 4917 ὲν
1034 4862 1201 4941 ὑμῖν,
1229 4861 1417 4929 καθὼς
1476 4864 1686 4937 πρέπει
1717 4867 1920 4936 ἁγίοις.

2027 4405 2279 4472 tenebat;
2333 4419 2435 4463 nec
2485 4420 2517 4461 a
2567 4413 2747 4461 morte
2798 4405 3060 4463 detentus
3104 4405 3235 4473 fuit,
3284 4407 3418 4477 quin
3454 4421 3613 4463 acce-

2026 4506 2153 4569 ptus
2184 4505 2317 4555 tunc
2360 4506 2486 4556 erat
2532 4497 2643 4556 Deo
2677 4510 2731 4555 et
2762 4498 3143 4567 honorabilis,
3183 4499 3612 4571 suavissimique

1956 4588 1999 4645 D
2030 4600 2256 4665 propter
2304 4592 2657 4651 sanctitatem
2710 4591 2901 4652 odoris
2952 4608 3154 4651 munus
3204 4608 3305 4667 pro
3353 4593 3614 4651 universo

2027 4690 2251 4745 mundo.

2093 4778 2261 4840 Vens.
2300 4784 2357 4853 5,
2385 4786 2442 4840 4.
2481 4801 2499 4837 ι
2532 4780 2855 4839 Fornicatio
2889 4791 3144 4840 autemet
3171 4784 3352 4839 omnis
3376 4783 3613 4839 immun-

2023 4878 2187 4947 ditia,
2216 4886 2315 4935 aut
2351 4877 2607 4944 avaritia,
2651 4893 2751 4935 nec
2781 4877 3102 4935 nominetur
3133 4876 3191 4935 in
3232 4876 3415 4943 vobis,
3466 4877 3610 4932 sicut

332 4938 437 5015 καὶ
459 4957 776 5030 αίσχρότης,
826 4957 923 5012 καὶ
958 4938 1291 5029 μωρολογία,
1326 4958 1423 5013 καὶ
1458 4959 1821 5031 εὐτραπελία,
1854 4959 1906 5015 τε

2024 4971 2182 5030 decet
2216 4979 2476 5039 sanctos;
2519 4984 2620 5027 nec
2665 4968 2972 5043 turpitudo,
3026 4977 3123 5024 aut
3174 4968 3607 5038 stultiloquium,

331 5048 441 5109 οὐκ
470 5051 765 5126 ἀνήκοντα,
789 5050 926 5120 άλλά
954 5051 1157 5129 μᾷλλον
1190 5054 1540 5127 εὐχαριστία.
1577 5073 1597 5108 ι

409 5235 494 5291 Τὰ
524 5235 660 5307 πρὸς
684 5202 952 5306 ἀλλήλους
975 5236 1233 5309 ὠφέλιμα
1261 5237 1507 5305 διελθὼν,
1548 5243 1612 5295 τδ
1637 5241 1763 5296 καθ’
1794 5242 1920 5298 tu.

334 5331 433 5387 τὸν
465 5330 697 5395 ἑκάστου
721 5332 939 5407 σῶφρον
965 5330 1059 5385 καὶ
1081 5331 1325 5404 καθαρὸν
1363 5334 1639 5407 ἐπιφέρει.
1675 5334 1811 5391 Οὐδὲ
1835 5335 1924 5390 ὲν·

330 5426 517 5509 ταῦθα
541 5426 635 5481 τοῦ
658 5427 825 5498 νόμον
853 5426 1040 5502 μέτρῳ
1091 5428 1397 5503 χρώμενος,
1422 5431 1538 5485 ἀλλ’
1564 5431 1708 5505 ὑπὲρ
1741 5431 1922 5488 τοῦτο.

2028 5075 2124 5123 aut
2151 5066 2487 5129 scurrilitas,
2520 5079 2643 5137 quze
2670 5064 2736 5121 ad
2764 5079 2879 5120 rem
2902 5078 3016 5120 non
3039 5063 3341 5136 pertinent,
3374 5062 3470 5117 sed
3501 5078 3612 5119 nia-

2028 5160 2113 5232 gis
2140 5161 2444 5232 gratiarum
2474 5159 2639 5215 actio.
2680 5176 2701 5213 ι

2104 5248 2412 5306 Reccnsitis
2447 5265 2567 5321 quae
2601 5250 2830 5307 utilitati
2883 5258 3088 5307 mutua:
3128 5251 3440 5317 conferant,
3477 5251 3611 5309 sui)-

2027 5342 2211 5414 jungit
2240 5343 2293 5397 id
2326 5358 2438 5414 quo
2472 5344 2709 5413 quisque
2749 5359 2919 5414 penes
2946 5362 3007 5403 se
3041 5353 3235 5403 castus
3276 5353 3335 5403 et
3375 5347 3612 5400 mundus

2038 5435 2201 5508 189
2235 5437 2327 5491 sit.
2386 5434 2576 5506 Neque
2623 5435 2713 5493 hic
2755 5437 2894 5509 legis
2955 5439 3161 5512 regulis
3208 5438 3459 5503 inhaeret,
3517 5441 3615 5493 sed

352 5520 502 5575 Ἐκεῖ
538 5521 636 5591 μὲν
667 5520 778 5589 γὰρ
807 5520 891 5586 τδ,
936 5520 1037 5575 οὐκ
1094 5521 1249 5578 ἔσται
1282 5524 1588 5597 πορνεύων,
1621 5527 1745 5583 οὐδὲ
1785 5545 1906 5599 πορ-

2034 5529 2180 5582 ultra
2240 5526 2611 5599 progreditur.
2669 5526 2787 5583 Illic
2845 5530 2990 5585 enim
3044 5530 3249 5585 dicitur
3288 5549 3301 5585 :
3337 5546 3449 5586 non
3512 5530 3615 5584 erit

339 5611 575 5669 νεύοντα
592 5630 609 5645 ο
631 5613 870 5683 λέγεται,
892 5613 1131 5670 ἐνταῦθα
1151 5617 1210 5673 δὲ
1228 5616 1310 5682 τὸ,
1335 5616 1495 5689 μηδὲ
1523 5618 1922 5691 ὀνομαζέσθω,

342 5704 377 5776 η
406 5702 711 5763 ωυέσθω.

423 5812 663 5899 “,Deut.
704 5855 865 5909 um,
899 5835 991 5901 l7;

2033 5630 2332 5688 scortator,
2361 5637 2537 5692 neque
2568 5623 2871 5680 scortum“
2901 5644 2914 5679 :
2947 5624 3035 5682 hic
3076 5640 3229 5695 vero,
3261 5641 3351 5683 nec
3378 5625 3615 5681 nomine-

2042 5722 2128 5769 tur
2161 5758 2175 5783 ,
2207 5728 2305 5771 nec
2335 5713 2616 5774 audiatur.
