4048 6290
445 365 549 422 867

1617 369 1677 430 S.
1709 369 2031 436 JOANNIS
2069 368 2506 431 DAMASCENI

3608 362 3716 435 868

507 479 763 552 Amplius
812 480 960 538 enim
1015 496 1259 539 amorem
1309 496 1474 539 suum
1523 497 1652 554 erga
1687 481 2013 551 magistrqu

2185 479 2408 534 Μᾶλλον
2453 481 2568 552 γὰρ
2619 478 2718 552 τὴν
2769 476 2996 550 ἀγάπην
3054 478 3396 535 ἐνδείκνυται
3432 477 3534 551 τὴν
3579 480 3716 551 πρὸς

440 575 666 646 promit.
702 575 796 646 qui
826 575 981 630 illum
1013 576 1178 630 etiam
1213 577 1499 630 absentem
1546 573 1723 628 audit.
1749 570 1888 628 Nam
1924 570 2022 643 qui

443 669 702 739 praesenti
732 668 1033 734 auscultat,
1058 667 1112 722 id
1144 666 1330 723 forsan
1361 667 1573 735 pudore
1600 664 1735 719 facit
1760 679 1776 718 :
1803 664 1897 735 qui
1922 677 2025 719 auo

2122 572 2217 625 τὸν
2267 573 2610 639 διδάσκαλον,
2654 575 2683 629 ό
2716 574 2870 645 παρὰ
2894 573 2992 646 τὴν
3022 572 3294 629 ἀπουσίαν
3353 571 3569 628 ἁκούων
3615 572 3716 627 αὐ-

2123 664 2240 720 τοῦ.
2271 665 2331 720 '0
2359 665 2460 738 μεν
2484 666 2593 739 γὰρ
2615 666 2842 740 παρόντι
2870 667 3214 736 πειθόμενος,
3239 666 3373 730 ἴσως
3404 665 3499 722 καὶ
3525 665 3716 736 αίσχυυ

442 760 729 826 tem,dum
770 761 817 816 is
862 767 947 818 est
992 761 1217 822 absens,
1272 758 1450 822 audit,
1494 773 1746 829 magnam
1805 756 2028 828 praefert

2161 759 2354 826 όμενος
2407 759 2568 814 τοῦτο
2630 762 2816 815 ποιεῖ·
2873 762 2904 816 ό
2957 759 3017 816 δὲ
3084 761 3238 831 παρὰ
3296 759 3398 832 τὴν
3449 758 3718 814 ἀπουσίαν

444 869 558 910 sua:
623 853 894 911 adversus
956 856 1287 926 magistrum
1350 852 1672 910 dilectionis
1729 852 2026 910 sincerita-

444 956 577 1003 teut.

521 1059 539 1092 ι
577 1040 716 1096 Cum
765 1041 965 1096 timore
985 1047 1041 1095 et
1072 1049 1318 1095 tremore
1355 1038 1591 1095 salutem
1617 1047 1862 1094 vestram
1892 1049 2026 1106 ope-

446 1133 668 1188 ramini.
702 1152 721 1184 ι

513 1223 623 1280 Eos
654 1227 851 1280 iterum
884 1224 1080 1280 anxios
1132 1223 1333 1290 reddit,
1367 1221 1842 1294 superciliumque
1877 1220 2029 1291 ipso-

446 1333 567 1372 rum
600 1318 738 1373 adeo
778 1316 1068 1388 deprimit,
1113 1331 1183 1372 ne
1212 1315 1284 1371 ob
1312 1314 1531 1387 egregia
1565 1313 1812 1370 facinora
1837 1327 2032 1385 super-

447 1411 618 1465 biant.

518 1501 684 1556 Vuas.
706 1500 796 1556 l3.
836 1519 855 1553 ι
888 1497 1033 1556 Deus
1087 1501 1233 1554 enim
1267 1497 1471 1568 estqui
1502 1504 1766 1567 operatur
1797 1494 1852 1550 in
1875 1491 2032 1550 vobis

445 1593 582 1648 velle
614 1602 670 1648 et
708 1592 972 1662 perﬁcere
1001 1606 1103 1662 pro
1131 1589 1277 1645 bona
1309 1589 1616 1643 voluntate.
1659 1606 1676 1640 ι

521 1683 635 1739 lloc
689 1699 857 1754 porro
916 1685 1016 1750 ait,
1069 1697 1177 1738 non
1227 1690 1287 1738 ut
1327 1680 1566 1736 libertati
1602 1681 1906 1736 voluntatis
1936 1678 2036 1734 de-

446 1778 661 1845 trahat;
700 1776 793 1833 sed
830 1777 975 1848 quod
1027 1791 1245 1832 rursum
1282 1773 1541 1830 l‘onuidet
1575 1789 1644 1828 uc
1672 1773 2031 1829 extollantur.

2142 849 2383 918 ἀκούων,
2412 853 2557 926 μέγα
2587 852 2832 909 δείκνυσι
2856 854 2955 927 τῆς
2992 855 3074 920 εἰς
3097 853 3190 909 τὸν
3220 853 3539 909 διδάσκαλον
3576 851 3717 922 ὰγάρ

2127 961 2238 1018 πης
2266 946 2328 1000 τὸ
2352 946 2599 1018 γνήσιον.
2929 987 2932 991 -

2204 1057 2226 1090 ι
2267 1039 2424 1094 Μετὰ
2478 1039 2651 1109 φόὸου
2702 1041 2798 1096 καὶ
2828 1040 3038 1115 τρόμου
3066 1041 3168 1113 τὴν
3197 1039 3408 1096 ἑαυτῶν
3442 1037 3721 1114 σωτηρίαν

2127 1130 2562 1202 κατεργάζεσθε.
2606 1151 2626 1187 ι

2201 1221 2374 1276 Πάλιν
2403 1223 2648 1296 ἁγωνιᾷν
2677 1224 2886 1291 αὐτοὺς
2917 1229 3098 1280 ποιεῖ·
3122 1225 3379 1285 τοσοῦτον
3415 1230 3597 1290 αὐτῶν
3621 1233 3722 1307 τὴν

2130 1312 2196 1369 ὲκ
2222 1314 2317 1369 τοῦ
2351 1315 2655 1389 κατορθοῦν
2682 1320 2942 1392 κατασπᾷ
2961 1319 3157 1392 ὀφρύν.

2209 1519 2228 1552 ι
2260 1497 2393 1562 Θεὸς
2421 1497 2530 1569 γάρ
2557 1497 2705 1554 ἐστιν
2733 1500 2761 1553 ὀ
2790 1499 3030 1572 ἐνεργῶν
3065 1501 3124 1554 ὲν
3147 1501 3300 1574 ὑμῖν,
3332 1501 3505 1559 καὶτὸ
3526 1502 3724 1572 θέλειν,

2132 1590 2227 1644 καὶ
2255 1589 2318 1643 τὸ
2350 1590 2597 1661 ἐνεργεῖν
2630 1589 2900 1663 ὕπὲρτῆς
2925 1591 3198 1658 εὐδοκίας.
3235 1612 3255 1646 ι

2204 1683 2315 1737 Καὶ
2342 1681 2504 1736 τοῦτό
2533 1700 2722 1755 φησιν,
2773 1684 2872 1756 οὐχ
2923 1684 3000 1750 ὡς
3047 1686 3150 1756 τῆς
3182 1691 3560 1762 προαιρέσεως
3589 1691 3728 1747 mo.

2135 1794 2189 1830 αι
2199 1776 2432 1847 ρετικδν,
2463 1776 2580 1830 ἀλλ’
2605 1778 2682 1843 ὡς
2739 1777 3080 1851 φοϐούμενος
3103 1781 3266 1837 πάλιν
3288 1783 3364 1856 μὴ
3387 1783 3726 1859 ἐπαρϐῶσιν.

448 1869 581 1925 Nam
627 1869 776 1942 quod
832 1868 999 1924 animi
1031 1868 1376 1939 prepositum
1411 1867 1466 1921 in
1523 1881 1692 1922 causa
1721 1865 1816 1932 sit,
1854 1874 1913 1922 ut
1951 1867 2034 1922 vel

2161 1871 2264 1926 Ὀτι
2298 1873 2408 1943 γὰρ
2432 1874 2465 1942 ἡ
2497 1870 2695 1944 γνώμη
2728 1873 2880 1928 αίτία
2917 1874 3014 1929 τοῦ
3060 1875 3304 1946 ἀγαθοὺς
3338 1856 3666 1952 ἡμᾶς-εἷναι
3691 1880 3728 1953 ἢ

449 1964 600 2030 boni,
621 1965 704 2021 vel
732 1964 858 2019 mali
895 1965 1093 2028 simus,
1124 1960 1480 2017 manifestum
1533 1961 1660 2016 fecit
1692 1959 2036 2017 exhortando

450 2065 510 2112 ut
541 2071 665 2112 cum
693 2056 890 2112 timore
923 2056 1156 2113 salutem
1189 2069 1346 2112 suam
1370 2064 1759 2124 operarenlur.

519 2146 694 2206 Vsus.
734 2148 821 2214 M,
856 2147 944 2204 15.
992 2167 1010 2199 ‹
1047 2145 1244 2204 Omnia
1282 2156 1464 2201 autem
1521 2144 1686 2201 facite
1727 2145 1848 2201 sine
1881 2161 2035 2201 mur-

451 2241 787 2305 muratione,
826 2247 882 2294 et
925 2238 1384 2308 cogitationibus,
1411 2246 1471 2292 ut
1498 2238 1620 2294 sitis
1646 2239 1766 2293 sine
1789 2237 2035 2306 querela,

450 2343 506 2390 et
547 2333 831 2406 simplices
867 2331 963 2387 lilii
1004 2329 1098 2387 Dei
1139 2331 1260 2388 sine
1293 2331 1741 2403 reprehensione.
1780 2351 1798 2384 ι

523 2421 658 2478 Nam
695 2423 789 2494 qui
822 2422 1085 2477 mandata
1139 2421 1537 2477 murmurando
1577 2432 1813 2492 peragit,
1871 2421 2040 2493 quasi

451 2516 642 2589 gravia
682 2515 776 2572 illa
818 2515 952 2578 sint,
989 2514 1300 2570 mercedem
1343 2529 1508 2583 quam
1539 2530 1607 2571 ex
1649 2513 1736 2570 his
1767 2529 2043 2570 consecu-

454 2619 613 2665 turus
647 2617 789 2674 erat,
821 2607 1046 2664 amittit.
1075 2606 1231 2675 Quod
1272 2615 1452 2663 autem
1478 2607 1575 2673 ait,
1627 2615 1678 2661 et
1705 2607 2040 2678 cogitationi-

2138 1963 2432 2034 πονηροὺς,
2479 1961 2719 2034 ἐδήλωσε
2764 1963 2857 2020 διὰ
2901 1965 2998 2020 τοῦ
3029 1968 3357 2040 παραινέσαι
3389 1971 3529 2045 μετὰ
3562 1970 3731 2042 φόῦου

2137 2054 2236 2126 τὴν
2260 2055 2470 2110 ἑαυτῶν
2507 2057 2785 2129 σωτηρίαν
2809 2055 3172 2130 ιργάξεσθαι.

2215 2165 2235 2199 ι
2281 2147 2470 2204 Πάντα
2534 2151 2742 2204 ποιεῖτε
2792 2151 2965 2222 χωρὶς
3020 2152 3345 2224 γογγυσμοῦ
3405 2156 3500 2209 καὶ
3550 2155 3732 2212 διαλο-

2139 2237 2375 2311 γισμῶν,
2401 2241 2490 2296 ἴνα
2525 2242 2756 2314 γένησθε
2787 2243 3068 2318 ἄμεμπτοι
3109 2245 3208 2302 καὶ
3249 2247 3522 2320 ἀκέραιοι,
3569 2248 3736 2306 cina.

2139 2333 2280 2389 Θεοῦ
2316 2334 2624 2408 ἀμώμητα.
2660 2355 2680 2391 ι

2223 2428 2282 2484 ⁸0
2311 2429 2420 2502 γὰρ
2449 2431 2549 2496 τὰς
2583 2429 2807 2494 ἐντολὰς
2829 2429 3198 2504 ἐργαζόμενος
3224 2433 3365 2502 μετὰ
3385 2431 3734 2506 γογγυσμοῦ,

2142 2524 2220 2588 ὡς
2245 2523 2482 2595 βαρείων
2515 2524 2716 2590 οὐσῶν,
2753 2525 3022 2580 ἀπόλλυσι
3081 2525 3175 2580 τὸν
3223 2525 3316 2582 ἐπὶ
3366 2526 3596 2592 ταύταις
3641 2544 3733 2598 μισ

2147 2616 2293 2672 σθόν.
2344 2617 2418 2671 Τὸ
2438 2617 2514 2684 δὲ,
2571 2618 2673 2672 καὶ
2739 2616 3170 2690 διαλογισμῶν,
3221 2616 3382 2672 τοῦτο
3437 2617 3612 2689 δηλοῖ,
3673 2617 3739 2670 τὸ

455 2701 574 2767 bus,
616 2701 757 2757 idem
787 2711 874 2757 est
925 2700 1074 2756 acsi
1109 2701 1339 2763 diceret,
1402 2699 1529 2755 sine
1581 2699 1939 2770 ambiguitate
1989 2708 2038 2755 et

2161 2710 2484 2774 Ῐιδιστόικτως
2528 2711 2626 2766 καὶ
2666 2710 3051 2773 ἀνενὼιάστως
3074 2750 3089 2776 ,
3120 2709 3218 2765 καὶ
3265 2710 3429 2784 μηδὲν
3458 2710 3737 2782 διακρινο-

455 2793 823 2857 dubitatione,
887 2802 942 2848 et
1002 2790 1141 2845 nihil
1193 2788 1525 2845 baasitando.
1596 2785 1732 2842 Nam
1792 2788 1889 2858 qui
1940 2786 2038 2844 hoc

2161 2804 2367 2876 μένους.
2434 2803 2495 2857 '0
2552 2802 2664 2874 γὰρ
2715 2802 2891 2867 οὕτως
2941 2802 3113 2868 αὐτὰς
3162 2804 3531 2875 ἐργαζόμενος
3556 2803 3736 2870 ἔσται,

459 2893 622 2956 pacto
669 2898 735 2943 ea
789 2883 1152 2955 exsequitur,
1209 2881 1428 2951 inquit,
1480 2881 1574 2936 ille
1622 2879 2038 2950 irreprehensu:

2161 2896 2333 2970 ρησὶν,
2369 2893 2680 2968 ἄμεμπτος.

456 2976 585 3033 erit.

530 3070 668 3124 Cum
704 3069 992 3137 churitate,
1022 3067 1216 3125 libenti
1246 3068 1451 3123 animo.

539 3180 558 3213 ι
598 3159 653 3213 lu
679 3161 863 3216 medio
885 3159 1258 3231 generationis
1293 3174 1474 3231 pravae
1499 3168 1554 3215 et
1590 3174 1880 3231 perversa).
1915 3177 1934 3213 ι

2221 3070 2322 3127 Διὰ
2353 3073 2454 3147 τὴν
2482 3072 2728 3146 ἀγάπην,
2749 3073 2836 3130 διὰ
2866 3075 2966 3148 τὴν
2995 3076 3316 3148 ἀρέσκειαν.

2227 3184 2247 3219 ι
2291 3167 2381 3222 Ἐν
2411 3167 2564 3239 μέσῳ
2587 3168 2783 3237 γενεᾶς
2813 3167 3038 3234 σκολιᾶς
3070 3169 3166 3224 καὶ
3202 3170 3670 3244 διεστραμμένης.
3714 3191 3737 3224 ι

531 3251 766 3309 Pravam
805 3252 1229 3324 generationem,
1268 3249 1491 3306 Judmos
1525 3251 1698 3315 dicit,
1740 3249 2038 3307 secundum

2225 3258 2454 3314 Γενείη·
2481 3259 2766 3328 σκολιὰν,
2808 3261 2908 3331 τὴν
2950 3260 3059 3315 τῶν
3105 3261 3372 3316 Ἰουδαίων
3403 3261 3561 3334 φησι,
3603 3264 3747 3319 κατὰ

464 3347 618 3402 illum
663 3346 881 3401 Domini
921 3346 991 3402 ad
1027 3360 1124 3402 eos
1153 3359 1465 3401 sermonem
1500 3365 1513 3402 :
1559 3344 1838 3400 tieneratio
1882 3359 2038 3414 praua

2161 3348 2214 3402 τὸ
2241 3350 2532 3421 εἰρημένον
2587 3349 2726 3420 πρὸς
2768 3350 2975 3416 αὐτοὺς
3015 3350 3120 3406 ὕπὸ
3147 3353 3241 3407 τοῦ
3272 3353 3481 3426 Κυρίου
3506 3372 3520 3385 ·
3550 3356 3746 3412 Γενεὰ

462 3451 514 3496 et
550 3456 795 3513 perversa
819 3439 884 3494 ".

2161 3441 2375 3496 σκολιὰ
2401 3441 2500 3496 καὶ
2535 3441 2994 3514 διεστραμμένη.

542 3551 564 3586 ι
604 3533 751 3589 Inter
789 3548 928 3604 quos
969 3532 1161 3588 lucetis
1190 3532 1340 3588 sicut
1385 3531 1684 3587 luminaria
1728 3533 1781 3585 in
1820 3531 2038 3597 mundo,

2239 3555 2255 3586 ι
2305 3535 2394 3589 Ἐν
2427 3531 2510 3600 οἷς
2543 3537 2823 3606 φαίνεσθε,
2846 3537 2923 3603 ὡς
2954 3540 3243 3612 φωστῆρες
3275 3542 3334 3596 ἒν
3355 3540 3566 3612 κόσμῳ,
3589 3542 3747 3616 λόγον

467 3627 660 3703 [Vsus
687 3626 777 3698 16]
809 3627 1034 3683 verbum
1071 3629 1190 3682 vitae
1217 3628 1585 3682 cuntiuentes.
1633 3647 1650 3678 ι

2161 3627 2303 3700 ζωῆς
2331 3628 2639 3699 ἐπέχοντες.
2685 3648 2702 3680 ι

545 3725 678 3782 Nam
708 3727 800 3796 qui
824 3724 1020 3780 dicere
1061 3733 1315 3790 possunt,
1360 3723 1644 3793 Signotum
1665 3733 1741 3777 est
1769 3738 1924 3791 super
1957 3739 2053 3777 nos

468 3819 645 3875 (union
676 3819 847 3875 rullus
883 3820 980 3884 tui,
1013 3818 1234 3873 Domine
1257 3817 1325 3884 ",
1369 3817 1421 3871 lii
1456 3825 1687 3885 possunt
1731 3833 1854 3872 esse
1895 3817 2053 3872 lumi-

468 3913 649 3971 naria.
687 3912 912 3968 Verbum
935 3914 1077 3980 vita;
1111 3911 1463 3982 Evangeliuru
1494 3917 1675 3964 vocat.

549 4116 569 4151 ι
605 4095 689 4153 Ad
746 4097 977 4170 gloriam
1025 4110 1224 4160 meam,
1284 4104 1340 4150 et
1389 4093 1444 4148 in
1507 4092 1596 4148 die
1633 4091 1890 4148 Christi:
1927 4091 2056 4164 quia

472 4189 675 4249 nonin
720 4204 954 4246 vacuum
1000 4187 1257 4254 cucurri,
1312 4201 1495 4258 neque
1546 4185 1602 4241 in
1655 4199 1858 4240 vanum
1905 4185 2058 4241 labo-

473 4285 613 4346 ravi.
656 4302 676 4337 ι
1561 4291 1563 4293 ’

555 4376 746 4449 Magna
806 4374 1081 4447 siquidem
1135 4374 1306 4446 gloria
1365 4373 1766 4445 magistrorum
1810 4383 1897 4428 est
1933 4389 2061 4444 pro-

473 4485 702 4542 gressus
737 4467 1164 4538 discipulorum.
1201 4466 1504 4536 Quousque
1528 4475 1710 4521 autem
1750 4468 2063 4537 pertingere

2227 3723 2290 3776 Oi
2325 3722 2434 3794 γὰρ
2471 3722 2763 3794 δυνάμενοι
2811 3722 3017 3794 λέγειν,
3057 3727 3422 3799 Ἐσημειὼθη
3466 3730 3561 3800 ἐφ’
3594 3721 3747 3802 ὑμᾶς

2154 3813 2222 3868 τὸ
2243 3813 2372 3884 φῶς
2415 3814 2522 3869 τοῦ
2553 3815 2880 3883 προσώπου
2904 3833 3052 3883 σου,
3087 3821 3284 3890 Κύριε,
3313 3816 3462 3877 οῦτοι¹
3493 3824 3745 3878 δύνανται

2157 3911 2442 3982 φωστῆρες
2474 3908 2752 3977 γενέσθαι.
2779 3911 2976 3982 Λόγον
3028 3911 3088 3967 δὲ
3123 3909 3299 3984 ζωῆς,
3323 3912 3416 3968 τὸν
3453 3915 3744 3985 εὐαγγελι-

2157 4003 2254 4056 κόν
2282 4019 2466 4073 φησιν.
2830 4065 2834 4069 _

2230 4097 2324 4162 Εξς
2345 4097 2608 4172 καύχημα
2638 4097 2782 4169 ἐμοὶ,
2819 4097 2914 4151 καὶ
2966 4098 3048 4160 είς
3091 4097 3306 4170 ἡμέραν
3353 4098 3596 4172 Χριστοῦ
3619 4115 3635 4132 ο
3667 4099 3747 4153 ὅτι

2156 4190 2256 4245 οὐκ
2286 4192 2366 4256 είς
2391 4191 2548 4247 κενὸν
2570 4191 2829 4266 ἔδραμον,
2851 4190 2974 4246 οὐδὲ
2991 4192 3073 4255 είς
3095 4190 3253 4245 κενὸν
3280 4191 3573 4248 ἐκοπίασα.
3619 4210 3641 4247 ι

2230 4373 2392 4443 Μέγα
2445 4371 2556 4445 γὰρ
2605 4373 2778 4439 ὅντως
2825 4371 3168 4428 διδασκάλων
3231 4373 3494 4447 καύχημα
3548 4376 3584 4446 ἡ
3639 4375 3752 4430 τῶν

2165 4465 2425 4539 μαθητῶν
2473 4467 2755 4540 προκοπή.
2814 4464 2994 4538 Μέχρι
3046 4467 3192 4532 τίνος
3228 4467 3284 4522 δὲ
3326 4468 3426 4538 τὴν
3468 4469 3751 4542 προκοπὴν

478 4577 830 4635 progressum
865 4569 1103 4632 Oportet,
1135 4561 1244 4614 nisi
1275 4560 1343 4614 ad
1374 4560 1668 4615 adventura
1698 4559 1943 4614 Christi?
1966 4559 2038 4614 Sit

2165 4558 2365 4630 φθάσαι
2398 4558 2500 4623 δεῖ,
2542 4557 2575 4630 ἢ
2616 4559 2778 4629 μέχρι
2821 4558 2924 4629 τῆς
2967 4559 3268 4630 παρουσίας
3297 4558 3566 4631 Χριστοῦς
3594 4560 3753 4614 τοῦτο

478 4673 612 4711 vero
665 4655 932 4725 loquitur,
983 4661 1042 4706 nt
1085 4652 1140 4707 in
1187 4651 1426 4721 ipsemet
1472 4666 1792 4724 progressu,
1839 4651 1978 4706 nihil
2015 4667 2038 4707 ε

2164 4652 2221 4706 δὲ
2249 4651 2425 4722 λέγει,
2462 4651 2549 4704 ἵνα
2583 4649 2750 4718 αὐτὴν
2796 4648 3011 4721 ἔχοντες
3037 4649 3425 4720 ἀποθάνωμεν,
3459 4651 3627 4722 μηδὲν
3654 4653 3751 4705 αὖα

478 4749 833 4808 detraheutes
862 4747 1186 4802 moriamur.
1203 4744 1296 4800 Sic
1321 4745 1468 4800 enim
1492 4745 1766 4817 integrum
1788 4755 1842 4800 et
1869 4761 2038 4804 sanun

2165 4742 2268 4812 τῆς
2296 4739 2833 4814 παρασα).εύσαντες.
2872 4739 3030 4795 υῢτω
3077 4740 3186 4811 γὰρ
3218 4741 3391 4812 αὐτὴν
3433 4743 3581 4797 σώαν
3631 4743 3761 4796 ὲπια.

481 4859 604 4902 eum
636 4844 1041 4898 exhibebimus.

2167 4834 2476 4907 δειξὸμεοα.

519 4920 521 4922 ’
564 4933 728 4990 Vsus.
765 4934 854 4996 Π,
890 4932 976 4988 18.
1015 4952 1036 4984 ι
1075 4929 1184 4986 Sed
1215 4929 1318 4985 etsi
1350 4931 1604 4984 immolor
1642 4945 1814 5000 supra
1857 4931 2038 4987 sacriii

2245 4951 2264 4985 ι
2319 4929 2458 4984 Ἀλλ’
2488 4931 2536 4984 εἱ
2588 4929 2681 4982 καὶ
2729 4928 3027 4997 σπένδομαι
3071 4927 3165 4984 ἐπὶ
3201 4931 3268 4999 τῇ
3309 4926 3472 5000 θυσίᾳ
3508 4925 3604 4981 καὶ
3638 4925 3750 4980 λεια

485 5032 630 5087 (dum
667 5035 720 5083 et
762 5027 1090 5096 obsequium
1120 5024 1240 5079 lldei
1267 5031 1484 5087 vestrae,
1517 5024 1729 5096 gaudeo
1755 5033 1811 5079 et
1832 5039 2037 5095 congra

2168 5018 2400 5096 τουργίᾲ
2445 5022 2543 5095 τῆς
2593 5023 2831 5084 πίστεως
2884 5021 3063 5094 ὑμῶν,
3114 5020 3293 5092 χαίρω
3329 5019 3427 5090 καὶ
3469 5019 3752 5092 συγχαίρω

487 5121 908 5181 tttlorornnibtts
925 5119 1102 5173 vobis.
1135 5116 1377 5189 Idipsnm
1403 5127 1583 5172 autem
1606 5125 1663 5172 et
1685 5133 1783 5173 vos
1814 5118 2038 5185 gaudete

2165 5119 2334 5170 πᾶσιν
2363 5117 2513 5189 ὑμῖν.
2545 5116 2619 5169 Τὸ
2656 5115 2712 5168 δὲ
2741 5115 2877 5170 αὐτὸ
2911 5116 3004 5169 καὶ
3030 5115 3190 5186 ὑμεῖς
3219 5114 3464 5186 χαίρετε,
3493 5113 3592 5168 καὶ
3619 5129 3754 5181 συγ-ι

485 5227 540 5276 et
577 5213 1038 5288 eongratulamini
1074 5211 1227 5267 mihi.
1260 5231 1279 5264 ι

2168 5211 2385 5281 χαίρετέ
2428 5227 2538 5282 μοι.
2587 5227 2606 5260 ι
3323 5209 3332 5213 ’
3367 5221 3371 5224 ·

566 5306 796 5360 Mortem
832 5317 1012 5367 suam,
1046 5302 1382 5358 sacriﬁcium
1410 5311 1467 5358 et
1498 5302 1819 5358 libationem
1850 5318 2038 5373 sempe

2239 5303 2481 5375 Σπονδὴν
2516 5302 2606 5357 ἀεὶ
2633 5302 2726 5356 τδν
2758 5299 2993 5356 θάνατον
3025 5299 3224 5356 ἑαυτοῦ
3262 5318 3453 5372 φησιν,
3473 5301 3569 5356 καὶ
3603 5300 3661 5355 ἐν
3686 5300 3748 5369 τῇ

490 5404 772 5466 nuncupat
804 5414 818 5451 :
853 5392 1187 5464 perindeque
1217 5393 1461 5463 loquitur
1495 5394 1548 5448 in
1573 5393 1821 5464 Epistula
1857 5395 1922 5448 ad
1972 5392 2038 5448 Ti

2176 5395 2310 5465 πρὸς
2343 5393 2612 5465 Τιμόθεον
2637 5393 2870 5463 ὁμοίως·
2913 5392 3056 5463 Ἐγὼ
3093 5392 3205 5466 γὰρ
3247 5391 3364 5463 ἤδη
3396 5391 3746 5461 σπένδομαι.

491 5491 768 5546 motheth
798 5506 809 5541 :
851 5488 956 5557 Ego
978 5489 1116 5541 enim
1136 5489 1253 5557 jam
1282 5487 1504 5555 delibor,
1556 5489 1752 5559 inquit.
1788 5500 1838 5543 et
1865 5498 2035 5558 tempu

2176 5487 2272 5542 καὶ
2306 5491 2338 5542 ό
2367 5487 2571 5557 καιρὸς
2609 5486 2720 5556 τῆς
2751 5487 3106 5555 ἀναλύσεώς
3136 5505 3257 5558 μου
3287 5487 3561 5557 πάρεστι.
3590 5486 3748 5550 Λέγει

491 5582 829 5637 resolutionis
862 5595 990 5633 mea:
1033 5579 1195 5634 instat
1219 5580 1287 5633 ".
1325 5580 1415 5633 Ait
1450 5579 1639 5650 igitur,
1676 5579 1810 5635 Ecce
1843 5581 2038 5635 morior

2175 5579 2290 5644 οὖν,
2321 5580 2401 5633 ὅτι
2434 5580 2540 5633 Καὶ
2579 5580 2973 5648 ἀποθνήσκω,
2997 5582 3086 5634 καὶ
3116 5578 3349 5634 θάνατόν
3381 5594 3482 5649 μου
3513 5576 3749 5645 καταψη-

499 5673 737 5742 mihique
788 5682 1018 5744 mortem
1069 5671 1376 5728 decernunt
1435 5674 1622 5729 hostes
1685 5674 1936 5740 veritatis
1997 5681 2038 5728 o‘

2179 5675 2424 5744 φίζονται
2457 5674 2507 5727 οἱ
2554 5674 2649 5744 τῆς
2707 5671 2967 5746 ἀληθείας
3014 5671 3205 5744 ¹ἐχθροὶ
3235 5670 3325 5727 διὰ
3357 5669 3419 5724 τὸ
3467 5668 3744 5740 κήρυγμα.

579 5855 628 5891 ⁸⁵
656 5851 881 5915 Lucra.
908 5852 993 5907 il.
1074 5856 1120 5886 "
1156 5853 1300 5910 Psal.
1338 5870 1413 5920 tv,
1445 5855 1498 5910 7.
1590 5858 1633 5889 ⁸⁷
1671 5856 1710 5910 ll
1746 5856 1992 5921 Tum”,
2037 5859 2090 5915 6.
