4048 6290
263 394 375 469 8’13

1332 378 1416 449 IN
1451 376 1693 448 EPIST.
1721 374 1823 439 AD
1853 364 2429 438 PHILIPPENSES.

3423 363 3531 430 87L

264 517 377 589 γάρ
400 515 535 589 ἡμῖν
560 511 761 569 δέδωκε
790 509 854 565 τδ
880 506 1108 580 Πνεῦμα
1149 502 1244 561 τοῦ
1274 503 1413 559 Θεοῦ
1446 501 1646 565 ποιεῖν,
1685 496 1782 552 καὶ
1808 493 1844 563 ὴ

1972 491 2279 549 putarimus.
2335 489 2448 546 Hoc
2482 486 2629 544 enim
2663 492 2724 543 ut
2769 484 3102 550 faceremus,
3152 483 3392 553 Spiritus
3433 483 3535 543 Dei

266 607 540 682 καύχησις
565 607 600 677 ἡ
625 606 705 671 είς
728 602 823 660 τὸν
856 601 1114 676 Χριστόν.

342 802 365 836 ι
400 781 468 837 Εἴ
481 799 566 847 τις
584 780 733 835 δοκεῖ
754 778 913 845 ἄλλος
941 775 1260 832 πεποιθέναι
1287 775 1345 830 εν
1375 773 1563 846 σαρκὶ,
1583 770 1695 853 ἐγώ
1719 771 1854 845 μᾶλ-

266 874 383 933 λον.
410 871 692 946 Περιτομὴ
728 872 1091 944 ὀκταήμερος,
1136 870 1201 924 ἐκ
1247 867 1440 939 γένους
1475 865 1854 938 ἰσραὴ).,λφυο

267 964 368 1038 λῆς
420 964 704 1037 Βενιαμὶν,
763 961 1014 1034 Ἑϐραῖος
1061 961 1121 1030 ἐξ
1180 960 1470 1033 Ἑϐραίων,
1504 957 1647 1013 κατὰ
1688 956 1855 1028 νόμον

266 1059 584 1133 Φαρισαῖος,
615 1056 758 1114 κατὰ
777 1055 940 1128 ζῆλον
965 1053 1177 1110 διώκων
1203 1054 1302 1126 τὴν
1338 1050 1687 1125 Ἐκκλησίαν,
1710 1048 1857 1105 κατὰ

268 1147 624 1223 δικαιοσύνην
646 1150 744 1222 τήν
771 1152 831 1205 ιν
855 1148 1006 1222 νόμῳ
1039 1147 1332 1221 γενόμενος
1357 1146 1390 1203 ἄ
1399 1163 1464 1219 με
1473 1162 1672 1219 μπτος.
1712 1142 1855 1199 Ἀλλ’

270 1244 433 1301 ἅτινα
462 1238 533 1316 ἦν
563 1260 655 1309 μοι
684 1241 876 1315 κέρδη,
908 1240 1080 1296 ταῦτα
1112 1241 1329 1312 ἥγημαι
1362 1238 1452 1293 διὰ
1487 1236 1582 1294 τὸν
1618 1234 1855 1309 Χριστὸν

271 1337 502 1411 ζημίαν.
556 1335 719 1393 Ἀλλά
752 1337 852 1408 μὲν
894 1333 991 1391 οὖν
1036 1335 1132 1389 καὶ
1162 1330 1407 1405 ἠγοῦμαι
1435 1331 1615 1386 πάντα
1650 1327 1856 1399 ζημίαν

271 1427 413 1486 εἶναι
440 1428 530 1485 διά
560 1429 621 1484 τὸ
647 1429 915 1501 ὑπερέχον
949 1431 1050 1500 τῆς
1090 1425 1348 1498 γνώσεως
1394 1423 1635 1497 Χριστοῦ
1678 1420 1858 1494 Ἰησοῦ

274 1523 374 1579 τοῦ
410 1522 621 1596 Κυρίου
672 1539 776 1594 μου
799 1538 813 1552 ·
853 1520 922 1576 δι’
952 1521 1013 1575 δν
1053 1519 1125 1574 τά
1154 1521 1333 1575 πάντα
1377 1515 1718 1590 ἐζημιώθην,
1761 1513 1861 1570 καὶ

273 1620 522 1692 ἡγοῦμαι
565 1614 812 1673 σκύϐαλα
856 1614 1021 1679 εἶναι,
1048 1614 1139 1670 ἵνα
1169 1610 1406 1687 Χριστὸν
1460 1612 1713 1685 κερδήσω
1760 1609 1859 1664 καὶ

273 1707 488 1789 εὐρεθῷ
515 1712 573 1768 ὲν
601 1707 755 1783 αὒτῷ
790 1710 867 1783 μὴ
896 1710 1035 1782 ἔχων
1053 1707 1401 1778 δικαιοσύνην
1435 1706 1537 1778 τὴν
1565 1706 1633 1759 ὲκ
1664 1702 1857 1775 νόμον,

273 1806 414 1862 ἀλλὰ
440 1806 547 1878 τὴν.
567 1805 657 1861 διὰ
680 1804 920 1871 πίστεως
944 1801 1204 1878 Χριστοῦ,
1248 1801 1349 1875 τὴν
1387 1802 1454 1856 ὲκ
1480 1797 1617 1855 Θεοῦ
1647 1798 1853 1854 δικαιοο

276 1914 470 1971 συνην.
520 1915 542 1952 ι

362 2161 578 2234 Ἐπειδὴ
615 2161 759 2234 μέγα
797 2150 1057 2234 ἐφρόνουν
1101 2158 1150 2212 οί
1188 2156 1284 2212 τοῦ
1314 2155 1648 2229 γράμματος
1680 2156 1859 2229 κήρυ-

275 2271 406 2321 κες,
446 2252 541 2307 tut
586 2267 649 2304 τε
693 2250 965 2322 περιτομῇ
1022 2248 1121 2303 καὶ
1166 2245 1317 2315 γένει
1361 2242 1441 2316 τῷ
1494 2242 1555 2311 ἐξ
1618 2240 1859 2315 Ἰσραὴλ,

275 2345 471 2401 τούτου
510 2343 670 2416 χάριν
701 2342 786 2412 ἐφ’
824 2337 1022 2397 ἑαυτοῦ
1054 2338 1188 2393 αὐτὸ
1224 2336 1518 2404 ἑξουθενεϊ.
1567 2335 1701 2390 Τότε
1749 2334 1861 2407 γάρ

277 2435 491 2508 ἀληθὴς
522 2436 555 2507 ή
585 2432 957 2499 ὲξουδένωσις,
985 2430 1084 2501 οὐχ
1114 2428 1245 2483 ὅταν
1284 2428 1360 2501 μὴ
1396 2424 1540 2499 σχών
1564 2442 1652 2490 τις
1691 2440 1861 2481 κατα-

277 2527 445 2584 πτύει
476 2523 552 2583 ὧν
585 2526 718 2598 ἔχει,
754 2522 869 2580 ἀλλ’
896 2525 1026 2579 ὅταν
1055 2520 1220 2593 ἔχων,
1257 2519 1433 2593 μικρά
1460 2517 1601 2575 αὐτὰ
1633 2519 1860 2592 ἡγῆται,

278 2624 380 2679 καὶ
416 2611 868 2694 εὐκαταφρόνητα
899 2618 967 2689 τῇ
1013 2615 1121 2670 τῶν
1154 2612 1417 2686 μειζόνων
1447 2614 1544 2669 καὶ
1585 2611 1862 2684 ὑπερϐαλ-

278 2716 486 2772 λόντων
528 2714 765 2787 εὑρέσει.
808 2710 974 2779 Λέγει
1022 2704 1136 2775 οὖν,
1172 2710 1255 2763 ὅτι
1287 2705 1470 2763 Πάντα
1511 2703 1690 2760 αὐτῶν
1719 2704 1864 2775 σχὼν

281 2812 356 2867 τά
395 2807 588 2880 σεμνὰ,
621 2806 718 2862 καὶ
748 2803 1014 2876 τοσαύτην
1058 2803 1117 2858 ὲν
1157 2804 1273 2867 τοῖς
1314 2802 1561 2873 νομικοῖς
1590 2797 1867 2863 ἐπιδειξά-

287 2920 452 2976 μενος
480 2899 850 2971 δικαιοσύνην,
883 2898 1018 2969 ὅσην
1043 2894 1147 2951 οὐκ
1187 2894 1346 2958 ἄλλος
1374 2910 1479 2957 τις,
1516 2892 1698 2948 πάντα
1725 2888 1869 2963 ἥγη-

287 3015 392 3071 μαι
424 2994 628 3065 ζημίαν
651 2992 748 3047 καὶ
778 2988 1045 3054 σκύϐαλα,
1074 2984 1379 3059 ὑπερϐολῆς
1402 3000 1548 3050 τινος
1572 2981 1742 3054 οὔσης
1764 2981 1866 3054 τῆς

288 3088 435 3145 κατὰ
467 3084 702 3160 Χριστὸν
729 3080 1025 3148 πολιτείας.
1058 3078 1306 3151 Τοσαύτη
1353 3080 1411 3132 δέ
1436 3078 1586 3131 ἐστιν
1617 3077 1650 3147 ή
1690 3077 1864 3147 ὑπερ-

1950 586 2227 642 ‘concessit
2261 585 2419 642 nobis
2446 620 2463 650 ,
2500 592 2556 640 et
2601 581 2717 640 haec
2771 581 2946 655 gloria
2994 580 3063 637 ad
3119 575 3405 635 Christum
3438 593 3532 636 re-

1951 672 2098 734 l‘ert'u
2108 693 2151 734 r.

2028 788 2048 820 ι
2080 766 2137 823 Si
2186 767 2314 836 quis
2343 767 2486 824 alius
2534 766 2749 822 videtur
2800 762 3083 822 conlidere
3129 763 3183 818 in
3216 777 3404 828 carne,
3433 776 3536 835 ego

1954 858 2150 932 magis.
2200 856 2394 931 [νεεδ.
2437 854 2579 930 5-9.]
2636 854 3013 912 Circumcisus
3062 860 3263 911 octavo
3298 853 3407 917 die,
3468 868 3540 909 ex

1954 966 2157 1024 genere
2184 950 2377 1019 lsr'ael,
2411 950 2481 1010 de
2525 951 2672 1008 tribu
2697 948 3007 1022 Benja‘min,
3042 946 3307 1005 Hebraeus
3333 962 3399 1004 ex
3434 946 3540 1003 lle-

1954 1042 2158 1111 braeis,
2210 1042 2517 1099 secundum
2586 1041 2763 1114 legem
2821 1038 3173 1108 PhariSteus,
3232 1038 3540 1096 secundum

1955 1132 2365 1190 mulationem
2421 1146 2762 1205 persequens
2805 1116 3118 1189 Eccleslam'
3162 1129 3280 1200 Dei,
3334 1144 3538 1186 secun-

1957 1224 2090 1281 dum
2116 1223 2387 1296 justitiam
2429 1233 2552 1295 qua:
2606 1223 2810 1296 inlege
2864 1232 2971 1293 est,
3023 1234 3388 1280 conversatus
3420 1219 3546 1278 sine

1958 1320 2209 1390 querela.
2252 1318 2359 1376 Sed
2390 1334 2512 1390 quae
2559 1319 2696 1374 mihi
2735 1317 2958 1374 l‘ucrunt
3008 1317 3196 1382 lucra,
3234 1317 3350 1371 haec.
3396 1317 3547 1371 arbi-

1960 1419 2139 1467 tratus
2174 1427 2295 1467 sum
2326 1419 2556 1483 propter
2598 1411 2879 1467 Christum
2913 1410 3265 1467 detrimenta.
3302 1406 3545 1464 Verum-

1960 1514 2142 1562 tamen
2166 1505 2423 1561 existimo
2456 1505 2642 1560 omnia
2680 1504 3074 1560 detrimentum
3125 1517 3270 1568 esse,
3319 1510 3547 1573 propter

1959 1598 2293 1655 eminentem
2335 1597 2623 1653 scientiam
2680 1596 2891 1653 Christi
2940 1594 3071 1653 Jesu
3132 1594 3354 1651 Domini
3416 1595 3545 1661 mei,

1961 1698 2182 1761 propter
2219 1706 2381 1762 quem
2436 1690 2623 1745 omnia
2679 1689 3070 1765 detrimentum
3105 1686 3243 1754 feci,
3292 1696 3348 1745 et
3400 1686 3549 1743 arbio

1963 1790 2082 1840 tror
2140 1785 2297 1856 201
2344 1792 2403 1840 ut
2451 1794 2715 1851 stercora,
2745 1792 2810 1839 ut
2845 1780 3129 1840 Christum
3186 1780 3548 1843 lucrifacimn.

1964 1885 2019 1932 et
2049 1878 2296 1933 inveniar
2318 1878 2373 1932 in
2396 1877 2491 1934 illo
2520 1891 2630 1933 non
2662 1875 2870 1933 habens
2893 1874 3163 1947 justitiam
3186 1886 3317 1946 quae
3345 1888 3410 1929 ex
3435 1872 3549 1943 lege

1965 1978 2070 2037 est,
2111 1969 2209 2025 sed
2236 1968 2528 2040 illamqure
2555 1982 2622 2025 ex
2658 1966 2762 2024 [ide
2798 1973 2883 2024 est
2912 1964 3140 2033 Christi,
3173 1980 3292 2037 quae
3323 1980 3387 2021 ex
3438 1963 3550 2020 Deo

1964 2072 2069 2133 est,
2095 2061 2387 2133 justitiam.
2421 2080 2441 2116 ι

2038 2171 2180 2240 Quia
2212 2169 2693 2228 commcndatores
2718 2170 2857 2243 legis
2896 2172 3233 2231 insolentius
3255 2173 3556 2233 eﬂ'ereban-

1968 2276 2082 2332 tur,
2110 2274 2226 2321 tum
2261 2265 2334 2321 ob
2365 2264 2878 2331 circumcisionem,
2930 2274 3047 2321 tum
3090 2268 3163 2324 ob
3200 2284 3377 2341 genus
3404 2271 3548 2341 quod

1970 2376 2038 2416 ex
2065 2359 2242 2417 lsrael
2287 2358 2586 2424 ducebant,
2621 2357 2833 2415 idcirco
2884 2358 3002 2415 haec
3031 2360 3087 2415 in
3120 2376 3180 2417 se
3207 2361 3506 2419 lloccifacit
3534 2382 3550 2420 :

1972 2462 2088 2508 tum
2124 2450 2333 2523 quippe
2374 2464 2507 2505 vera
2548 2448 2636 2507 sui
2673 2451 3001 2523 aspernatio
3043 2459 3151 2521 est,
3183 2468 3295 2511 non
3327 2455 3552 2527 quando

1970 2541 2122 2613 quis,
2148 2556 2273 2597 cum
2309 2540 2451 2596 nihil
2502 2540 2728 2609 habeat,
2782 2557 2847 2598 ea
2897 2545 3112 2615 respuit
3158 2560 3282 2619 quae
3311 2562 3422 2603 non
3450 2549 3551 2604 he-

1971 2634 2089 2701 bet,
2126 2633 2225 2692 sed
2258 2633 2483 2706 quando
2511 2648 2634 2706 quae
2671 2634 2859 2702 habet,
2893 2636 3023 2692 vilia
3057 2644 3113 2694 et
3156 2641 3550 2712 contemptibi-

1971 2727 2047 2783 lia
2080 2727 2255 2794 ducit,
2298 2742 2366 2784 ex
2432 2743 2543 2800 quo
2602 2728 2819 2801 majora
2862 2738 2918 2786 et
2952 2730 3157 2787 eximia
3211 2744 3412 2791 nactus
3443 2744 3550 2793 est.

1972 2822 2065 2878 Ait
2090 2837 2222 2894 ergo
2252 2820 2532 2880 :Tametsi
2572 2839 2923 2895 quaecunque
2970 2825 3116 2897 apud
3166 2826 3295 2885 illos
3323 2845 3548 2886 venera-

1973 2912 2112 2972 tioni
2143 2923 2293 2982 sunt,
2326 2914 2517 2983 habui,
2568 2928 2625 2973 et
2657 2924 2868 2973 tantam
2920 2917 2973 2973 in
3005 2918 3073 2974 iis
3116 2934 3239 2992 qua
3261 2919 3381 2992 lege
3406 2937 3553 2993 pra:-

1976 3004 2309 3065 ‘scribuntur
2342 3008 2623 3079 justitiam
2670 3010 2913 3082 praetuli,
2954 3021 3220 3083 quantam
3258 3014 3449 3073 nullus
3475 3018 3551 3071 al—

1975 3109 2084 3168 ter,
2117 3102 2488 3161 nihilominus
2537 3104 2795 3161 universa
2842 3104 2959 3161 haec
3004 3104 3342 3164 detrimento
3391 3109 3551 3176 duxi,

286 3182 459 3254 ϐολὴ,
506 3179 649 3235 ὥστε
709 3176 959 3264 εὔχομαι¹
1003 3172 1276 3247 μηδεμίαν
1331 3169 1623 3243 εὑρεθῆναι
1675 3168 1866 3279 ἔχονέα

1975 3204 2031 3253 et
2050 3196 2220 3253 veluti
2252 3204 2523 3264 stercora,
2555 3212 2684 3253 cum
2726 3197 2985 3255 instituta
3017 3214 3048 3254 a
3075 3198 3299 3258 Christo
3332 3168 3555 3261 vivendi

287 3273 527 3346 ἐμαυτὸν
574 3269 802 3345 νομικὴν
839 3261 1209 3339 δικαιοσύνην,
1241 3264 1329 3320 ἵνα
1369 3264 1471 3337 τὴν
1510 3265 1577 3318 ἐκ
1601 3260 1740 3317 Θεοῦ
1786 3260 1870 3315 δι-

288 3364 587 3437 καιοσύνην
642 3362 908 3435 κερδήσω.
966 3359 1107 3433 Ὅρα
1155 3356 1274 3421 πῶς
1317 3357 1416 3429 τὴν
1453 3355 1550 3428 μὲν
1590 3354 1656 3409 ὲκ
1705 3352 1873 3424 νόμου

288 3458 637 3530 δικαιοσύνην
684 3454 877 3511 ἑαυτοῦ
902 3470 1056 3527 φησι,
1093 3452 1193 3525 τὴν
1226 3451 1284 3506 δὲ
1309 3446 1690 3519 εὐαγγελικὴν,
1735 3444 1873 3499 Θεοῦ

288 3547 672 3619 δικαιοσύνην,
707 3545 795 3601 ῐνα
832 3542 1086 3599 τοσοῦτον
1128 3538 1519 3619 ᾗάμφοτέρων
1566 3538 1630 3592 τὸ
1683 3536 1871 3608 μέσον,

288 3644 417 3698 ὅσον
456 3637 747 3714 ἀνθρώπου
772 3637 866 3695 καὶ
895 3635 1053 3693 Θεοῦ.

369 3968 390 4003 ι
444 3947 572 4004 Ἐπὶ
604 3947 671 4020 τῇ
705 3943 886 4001 πίστει
916 3942 1010 3999 τοῦ
1041 3943 1245 4014 γνῶναι
1291 3941 1475 4008 αὐτὸν,
1509 3943 1604 3996 καὶ
1648 3941 1750 4013 τὴν
1776 3936 1873 3995 δύ-

288 4057 459 4113 ναμιν
485 4038 585 4111 τῆς
606 4036 959 4101 ἀναστάσεως
985 4033 1175 4103 αὐτοῦ,
1200 4034 1296 4089 καὶ
1325 4033 1427 4106 τὴν
1456 4033 1744 4089 κοινωνίαν
1766 4031 1874 4085 τῶν

289 4131 638 4205 παθημάτων
666 4126 856 4194 αὐτοῦ,
905 4128 1401 4202 συμμορφούμενος
1428 4126 1509 4199 τῷ
1540 4126 1755 4199 θανάτῳ
1783 4125 1876 4180 αὺ-

286 4227 413 4293 τοῦ,
457 4225 512 4282 εῐ
557 4241 677 4290 πως
721 4224 1051 4297 καταντήσω
1100 4224 1179 4287 είς
1221 4221 1320 4294 τὴν
1359 4220 1715 4287 ἐξανάστασιν
1766 4219 1876 4275 τῶν

289 4313 544 4388 νεκρῶν·
571 4314 672 4384 οὐχ
701 4313 784 4367 ὅτι
825 4312 924 4385 ἤδη
985 4311 1198 4377 ἔλαϐον,
1247 4310 1280 4384 ἢ
1332 4309 1432 4384 ἥδη
1481 4310 1872 4382 τετελείωμαιο

290 4406 483 4463 διώκω
518 4406 576 4462 δὲ
611 4409 661 4462 εί
700 4405 797 4462 καὶ
824 4403 1150 4474 καταλάϐω,
1191 4404 1279 4474 ἐφ’
1325 4399 1370 4474 ᾧ
1403 4404 1497 4458 καὶ
1525 4401 1877 4476 κατελήφθην

289 4501 404 4556 ὑπὸ
422 4498 516 4556 τοῦ
542 4498 802 4574 Χριστοῦ.
852 4516 873 4551 ι

1978 3290 2121 3345 ratio
2147 3290 2310 3360 plane
2345 3292 2418 3348 sit
2444 3292 2824 3349 excellentior.
2852 3292 3023 3365 Atqui
3061 3301 3216 3350 tanta
3262 3296 3429 3368 hujus
3458 3314 3554 3355 ex-

1976 3385 2303 3454 superantia
2346 3392 2455 3450 est,
2499 3392 2559 3440 ut
2598 3384 2921 3458 percupiam
2947 3386 3156 3444 nullam
3190 3389 3246 3445 in
3278 3405 3364 3447 me
3399 3406 3555 3463 repe-

1975 3475 2073 3531 riri
2126 3475 2400 3545 justitiam
2456 3477 2763 3533 secundum
2828 3479 3027 3551 legem,
3094 3496 3209 3553 quo
3272 3482 3555 3555 justitiam

1975 3584 2099 3641 quae
2132 3585 2197 3627 ex
2231 3570 2343 3627 Deo
2368 3578 2477 3638 est,
2504 3569 2876 3646 lucrifaciam.
2911 3570 3052 3629 Vide
3080 3576 3361 3646 quomodo
3392 3592 3556 3634 suam

1975 3679 2099 3720 esse
2138 3663 2372 3735 legalem
2422 3665 2697 3737 justitiam
2738 3665 2917 3736 dicit;
2970 3668 3345 3739 evangelicam
3395 3687 3553 3737 vero,

1976 3754 2071 3811 Dei
2098 3756 2374 3827 justitiam
2429 3746 2738 3831 nuncupat,
2797 3767 2857 3815 ut
2885 3767 3037 3817 tanta
3067 3761 3214 3819 inter
3261 3771 3557 3837 utramque

1975 3847 2243 3904 distantia
2275 3849 2369 3917 sit,
2397 3859 2607 3921 quanta
2635 3850 2785 3907 inter
2824 3849 2997 3908 Deum
3030 3860 3085 3909 et
3108 3852 3413 3912 hominem.

2053 3959 2073 3992 σ
2112 3941 2170 3996 In
2204 3940 2331 4009 ﬁde,
2391 3939 2583 4014 [νεεδ.
2636 3941 2833 4016 10-12]
2882 3943 2951 3999 ad
3001 3947 3450 4017 cognoscendum
3490 3950 3558 4005 il-

1978 4034 2114 4102 lum,
2146 4040 2204 4090 et
2232 4034 2495 4092 virtutem
2552 4038 2986 4094 resurrectionis
3039 4038 3182 4110 ejus,
3219 4048 3275 4096 et
3307 4041 3557 4099 societa-

1976 4134 2086 4184 tem
2121 4127 2450 4199 passionum
2482 4127 2661 4197 illius,
2692 4128 3074 4202 conliguratus
3109 4132 3276 4189 morti
3308 4132 3471 4205 ejus;
3505 4136 3556 4193 si

1974 4234 2089 4291 quo
2130 4219 2296 4276 modo
2339 4233 2633 4277 occurram
2689 4223 2747 4279 in
2789 4225 3255 4283 resurrectionem
3302 4238 3559 4285 mortuo-

1976 4328 2098 4370 rum
2125 4332 2140 4370 :
2172 4328 2283 4371 non
2315 4314 2461 4387 quod
2488 4315 2604 4385 jam
2637 4317 2973 4387 acceperim,
3002 4325 3101 4373 aut
3128 4317 3241 4390 jam
3272 4318 3556 4391 perfectus

1976 4405 2124 4476 sim;
2161 4421 2365 4479 sequor
2404 4415 2611 4473 autem,
2653 4406 2703 4465 si
2751 4409 3029 4479 quomodo
3062 4411 3554 4483 comprehendam,

1978 4496 2035 4553 in
2061 4511 2173 4568 quo
2200 4506 2255 4555 et
2284 4498 2723 4569 comprehensus
2754 4514 2877 4555 sum
2905 4514 2935 4555 a
2966 4499 3214 4558 Christo.
3246 4522 3266 4555 ι

365 4561 620 4649 Διδάσκεί
650 4592 738 4654 τίς
784 4593 820 4662 ἡ
853 4591 921 4645 ὲκ
954 4588 1093 4645 Θεοῦ
1136 4587 1455 4662 δικαιοσύνη
1477 4605 1491 4620 ο
1533 4591 1570 4663 ή
1603 4590 1787 4654 πίστις
1835 4595 1866 4663 ή

2052 4561 2224 4645 Docet
2247 4604 2369 4661 quae
2415 4561 2501 4646 -sit
2533 4590 2751 4660 iustitia
2795 4588 2914 4656 Dei,
2952 4606 3186 4666 eamque
3232 4608 3358 4653 esse
3394 4595 3558 4654 ﬁdem

290 4689 378 4751 είς
418 4686 673 4758 Χριστὸν,
705 4684 803 4740 καὶ
836 4686 869 4757 ή
917 4683 1119 4755 γνῶσις
1152 4685 1252 4757 τῆς
1294 4682 1645 4748 ἀναστάσεως
1678 4684 1868 4752 αὑτοῦ,

285 4780 395 4840 ,καὶ
434 4780 469 4849 ἡ
502 4778 760 4833 κοινωνία
789 4777 898 4833 τῶν
926 4775 1268 4849 παθημάτων
1310 4774 1497 4832 αὑτοῦ.
1547 4775 1736 4831 Ταῦτα
1761 4778 1872 4849 γάρ

294 4874 357 4929 ἐν
383 4871 507 4944 ἐμοὶ
532 4870 845 4943 εὑρεθέντα,
874 4874 1029 4941 φησι,
1058 4870 1397 4940 καταντῆσαι
1422 4870 1643 4942 ποιήσει
1666 4872 1745 4934 είς
1772 4869 1871 4942 τὴν

289 4964 595 5022 ἀνάστασιν
622 4963 720 5037 τὴν
752 4966 819 5019 ὲκ
861 4963 970 5018 τῶν
997 4963 1228 5033 νεκρῶν.
1264 4963 1376 5032 Οὐχ
1410 4961 1596 5026 ἁπλῶς
1637 4961 1696 5017 δὲ
1724 4952 1867 5027 εἷπε,

289 5054 670 5123 καταντήσω,
712 5055 870 5119 ἀλλὰ,
906 5054 965 5108 ετ
1006 5066 1131 5122 πως
1170 5054 1545 5122 καταντήσω.
1588 5055 1869 5109 Δείκνυσιν

286 5154 377 5208 ὅτι
410 5149 503 5204 καὶ
546 5148 647 5219 ήδη
682 5148 793 5210 τοῖς
823 5142 1052 5200 λαϐοῦσι
1094 5144 1193 5215 τῆς
1237 5144 1491 5214 γνώσεως
1521 5146 1581 5198 τὸ
1622 5143 1869 5215 χάρισμα

288 5243 389 5299 καὶ
414 5241 523 5295 τῶν
564 5239 903 5310 παθημάτων
929 5238 1027 5309 τὴν
1071 5237 1381 5299 κοινωνίαν,
1413 5235 1616 5307 πολλῆς
1645 5235 1746 5306 τῆς
1771 5238 1868 5307 νή-

285 5333 439 5401 ψεως
471 5330 651 5401 χρεία,
682 5329 767 5383 ἴνα
798 5327 875 5399 μὴ
913 5326 951 5382 ἃ
979 5326 1175 5381 ἔλαϐον
1201 5326 1537 5382 ἀπολέσωσι.
1576 5326 1686 5381 Καὶ
1710 5327 1871 5380 τοῦτο

286 5425 357 5477 ἑκ
390 5422 500 5476 τῶν
534 5421 659 5492 ἑξῆς
690 5420 870 5490 δῆλον.
896 5422 1019 5490 Οὐχ
1051 5419 1140 5474 ὅτι
1162 5418 1273 5489 γὰρ
1301 5418 1419 5488 ἤδη
1441 5418 1683 5484 ἔλαϐον,
1713 5421 1867 5489 φησι,

288 5511 393 5569 καὶ
416 5511 482 5580 δὴ
512 5509 640 5582 περὶ
677 5510 772 5564 τοῦ
798 5509 987 5573 τέλους
1008 5507 1197 5582 θαρρῶ
1222 5526 1234 5541 ⁸
1262 5509 1399 5564 ἀλλὰ
1425 5510 1629 5573 διώκω,
1656 5510 1746 5564 ἵνα
1778 5509 1873 5565 καὶ

290 5601 609 5659 καταλάϐω.
657 5603 723 5657 Τί
769 5602 847 5669 δὲ,
900 5603 988 5655 ἶνα
1035 5601 1343 5676 καταλάϐῃ,
1386 5601 1421 5674 ἢ
1463 5602 1622 5656 τοῦτο
1665 5602 1728 5656 τὸ
1773 5602 1875 5673 χά-

294 5711 473 5771 ρισμα
524 5696 606 5761 είς
652 5694 681 5749 ὃ
723 5696 816 5750 καὶ
856 5693 1168 5767 κατελήφθη
1205 5693 1310 5750 ὑπὸ
1342 5695 1617 5769 Χριστοῦ;
1659 5697 1718 5749 ιν
1762 5696 1872 5749 τίνι

291 5788 355 5846 δὶ
387 5787 727 5861 κατελήφθη,
762 5788 796 5860 ἢ
828 5789 895 5860 τῇ
934 5787 1262 5854 ἀναστάσεις
1302 5782 1401 5853 Εἷς
1433 5788 1540 5859 γὰρ
1566 5789 1709 5862 ὑπὲρ
1737 5789 1876 5844 πάν-

295 5898 412 5959 των
442 5880 737 5946 ἀπέθανεν,
768 5880 855 5935 ἵνα
885 5879 1085 5945 πάντες
1118 5879 1395 5953 ζήσωμεν.
1440 5881 1607 5946 Φόϐος
1642 5875 1737 5937 οῦν
1774 5882 1877 5950 μὲο

620 5974 893 6040 Ριτιοι..
921 5972 1042 6038 Gn.
1080 5973 1256 6039 XCV.

1979 4680 2037 4735 in
2060 4679 2369 4750 Christum,
2408 4691 2467 4737 ct
2508 4682 2887 4754 cognitionem
2932 4686 3365 4745 resurrectionis
3408 4688 3557 4759 ejus,

1979 4774 2413 4844 societatemque
2438 4776 2762 4844 passionum
2800 4774 2979 4832 illius.
3009 4774 3161 4844 Haec,
3194 4778 3393 4850 inquit,
3428 4795 3558 4837 cum

1979 4864 2036 4918 in
2070 4879 2160 4919 me
2184 4863 2558 4934 reperiantur,
2598 4863 2838 4922 elﬁcient
2871 4852 2933 4920 ut
2963 4881 3253 4924 occurram
3284 4870 3342 4926 in
3377 4887 3564 4927 resur-

1978 4954 2287 5010 rectionem
2336 4969 2403 5010 οι
2479 4955 2738 5011 mortuis.
2802 4954 2922 5011 Non
2981 4963 3169 5012 autem
3229 4950 3561 5029 simpliciter

1978 5048 2139 5113 dixit,
2166 5062 2466 5113 occurram,
2491 5046 2611 5111 sed,
2642 5047 2688 5102 si
2712 5048 2975 5121 quomodo
3009 5066 3313 5117 occurram,
3354 5059 3549 5109 osten-

1978 5142 2168 5209 ditque
2196 5157 2294 5197 eos
2345 5141 2438 5210 qui
2496 5142 2701 5197 donum
2749 5142 3108 5225 cognitionis,
3146 5154 3201 5199 et
3230 5145 3559 5216 passionum

1979 5235 2300 5291 societatem
2333 5250 2615 5306 accepere,
2666 5236 2859 5292 multis
2901 5237 3107 5309 vigiliis
3153 5253 3293 5309 opus
3329 5239 3551 5305 habere,

1979 5343 2048 5383 ne
2077 5342 2139 5383 ea
2168 5329 2425 5384 amittant
2454 5344 2577 5400 quae
2607 5338 2963 5403 acceperunt.
2996 5330 3168 5402 quue
3199 5323 3551 5388 manifestum

1980 5417 2039 5473 fit
2079 5434 2143 5475 ex
2177 5420 2245 5476 iis
2286 5435 2409 5491 quae
2440 5430 2803 5492 sequuntur:
2837 5420 2965 5479 Non
3007 5421 3147 5494 quod
3175 5422 3296 5493 jam
3338 5438 3544 5491 accepr-

1981 5512 2105 5578 rim,
2155 5512 2363 5583 inquit.
2413 5513 2551 5570 Cum
2596 5515 2743 5572 enim
2785 5523 2994 5572 certam
3047 5516 3117 5573 de
3152 5515 3260 5571 ﬁne
3295 5514 3555 5571 fiduciam

1977 5604 2233 5673 habeam,
2267 5614 2510 5665 attamen
2550 5625 2861 5682 persequor
2894 5618 2956 5665 ut
3009 5618 3069 5667 et
3108 5610 3268 5667 illum
3302 5624 3555 5681 compre-

1979 5699 2239 5756 hendam.
2296 5699 2573 5769 Quidnam
2626 5719 2782 5771 vero,
2843 5714 2903 5761 ut
2950 5701 3408 5775 comprehendat,
3441 5702 3554 5760 nisi

1983 5790 2117 5848 illud
2167 5791 2371 5849 donum
2440 5795 2603 5866 cujus
2659 5796 2839 5866 gratia
2904 5796 3342 5867 comprehensus
3390 5802 3477 5851 est
3521 5810 3553 5851 ι

1982 5884 2244 5943 Christo?
2276 5886 2329 5943 in
2355 5903 2465 5961 quo
2507 5897 2689 5948 autem
2718 5888 3156 5962 comprehensus
3195 5895 3306 5957 est,
3344 5888 3452 5946 nisi
3495 5888 3553 5945 in

3144 5979 3220 6045 28
