4048 6290
456 370 559 440 8⁸79

1606 377 1667 438 S.
1701 377 1734 438 J
1738 374 1942 439 OANN
1948 375 2020 435 IS
2055 374 2480 439 DAMASCENI

3590 368 3701 447 880

530 506 549 539 ι
584 484 693 542 Sed
744 484 979 541 inomni
1027 483 1280 541 oratione
1330 492 1381 540 ct
1424 486 1833 551 obsecratione,
1895 501 2018 541 cum

2197 501 2216 537 ι
2282 487 2421 541 Ἀλλ’
2455 490 2514 541 ὲν
2555 486 2716 542 παντὶ
2766 488 2833 559 τῇ
2892 488 3345 560 προσευχῇ,·κα“ι
3391 490 3459 561 τῇ
3513 490 3697 563 δεήσει

454 579 752 649 gratiarum
812 578 1055 643 actione,
1090 578 1388 650 petitiones
1418 588 1619 636 vestrae
1669 581 2023 636 innotescant

453 672 596 741 apud
624 671 834 726 Deum:
883 680 940 728 et
976 687 1083 743 pax
1138 672 1231 730 Dei
1273 688 1397 745 qua:
1450 681 1751 744 exsuperat
1798 686 2021 728 onmem

451 780 700 821 sensum.
744 783 764 816 ι

502 855 793 922 Quoniam
830 856 970 912 nihil
999 872 1096 914 eos
1131 857 1408 915 sollicitos
1455 873 1583 916 esse
1624 859 1826 916 debere
1864 858 2024 915 dixe-

451 957 556 1009 rat,
594 964 663 1003 ne
691 948 1053 1006 conciderent
1102 950 1309 1015 animo,
1362 951 1747 1008 existimantes
1800 952 1905 1007 hoc
1932 967 2025 1023 ge-

454 1049 688 1094 neratim
722 1055 751 1094 a
776 1055 837 1097 se
863 1043 1312 1110 pronuntiatum,
1348 1057 1468 1099 eam
1498 1043 1568 1099 ob
1596 1059 1712 1101 rem
1750 1044 1867 1100 ait:
1905 1043 2022 1099 Mo-

454 1130 545 1184 uui
577 1146 672 1185 vos
702 1145 770 1185 ne
810 1131 1037 1188 solliciti
1089 1132 1217 1189 sitis
1267 1134 1338 1189 ob
1366 1134 1584 1189 vincula
1631 1135 1837 1207 quibus
1884 1134 2026 1192 deti-

452 1230 611 1287 ﬂeor,
646 1228 908 1291 tanquam
946 1221 1156 1291 aliquid
1192 1223 1392 1279 exinde
1431 1223 1642 1279 doloris
1691 1225 1889 1295 patiar.
1918 1223 2023 1281 Ne-

450 1323 731 1382 quaquam
763 1312 908 1367 enim
947 1312 1062 1368 haec
1106 1314 1239 1369 mihi
1281 1316 1516 1371 molesta
1568 1324 1700 1372 sunt
1727 1326 1781 1372 et
1811 1317 2021 1387 gravia.

455 1403 655 1459 Verum
684 1412 923 1473 oportet,
955 1404 1162 1477 inquit,
1200 1415 1257 1461 ut
1298 1407 1533 1463 orationi
1563 1416 1619 1463 et
1648 1407 2022 1464 obsecrationi

452 1495 599 1565 apud
656 1494 827 1551 Deum
882 1496 1203 1571 diligentius
1258 1499 1459 1555 intenti
1505 1502 1652 1559 sitis.
1702 1499 1836 1556 Nam
1893 1517 2021 1558 cum

453 1586 754 1657 gratiarum
818 1588 1132 1647 actionibus
1198 1592 1517 1650 exorandus
1576 1592 1721 1650 Deus
1763 1602 1872 1658 est,
1915 1608 2019 1648 non

452 1677 665 1747 .tlejecto
693 1679 1045 1751 torpentique
1069 1680 1280 1736 animo.

528 1790 545 1821 ι
580 1770 868 1827 ιῖιιδιοίίίει
917 1772 1087 1828 corda
1146 1780 1335 1830 vestra
1372 1783 1427 1830 et
1488 1773 1880 1848 intelligentiae
1929 1790 2022 1833 ve-

453 1872 597 1918 stras
624 1862 676 1917 iu
713 1862 937 1920 Christo
969 1862 1121 1921 Jesu.
1165 1885 1184 1919 ι

523 1953 722 2007 lterum
774 1962 1048 2022 precatur,
1113 1962 1174 2009 ut
1240 1956 1495 2012 eamdem
1551 1955 1710 2014 [idem
1782 1966 2025 2013 teneant.-

455 2040 567 2097 lloc
600 2050 686 2100 est
717 2044 889 2107 enim,
922 2044 1097 2100 corda
1134 2052 1190 2101 et
1232 2045 1635 2118 intelligentias
1675 2049 1920 2119 ipsorum
1968 2049 2024 2105 in

449 2136 675 2193 Christo
705 2138 931 2195 muniri.

522 2228 689 2287 Vens.
724 2230 778 2298 8,
808 2229 863 2287 9.
924 2248 944 2284 ι
985 2230 1059 2289 De
1109 2238 1331 2299 caetero,
1390 2231 1615 2299 fratres,
1676 2249 2025 2305 quaecunque

451 2332 584 2381 sunt
616 2339 771 2392 vera,
820 2339 1174 2397 quaecunque
1212 2324 1430 2397 pudica,
1480 2341 1825 2397 quaecunque
1848 2328 2023 2398 juSta,

449 2432 791 2489 quaecunque
812 2426 989 2482 casta,
1005 2418 1655 2490 quatcunque'amabilia,
1686 2435 2026 2491 quaecunque

453 2509 608 2563 bona:
645 2507 837 2576 famae;
863 2508 1053 2580 siqua
1082 2509 1280 2574 virtus,
1306 2510 1351 2564 si
1391 2525 1496 2579 qua
1532 2510 1654 2566 laus
1691 2511 2021 2582 disciplinae,

453 2601 566 2657 lizee
599 2584 860 2674 cogitate.
902 2600 1038 2669 Qua:
1087 2609 1142 2658 et
1188 2602 1491 2667 didicistis,
1534 2612 1590 2658 ct
1624 2605 1945 2676 accepistis,
1971 2612 2027 2662 et

451 2694 707 2749 audistis.
745 2713 763 2747 ι

525 2789 823 2861 Apostolus
879 2804 983 2846 nos
1033 2790 1195 2847 docet
1262 2790 1423 2847 fidem
1476 2792 1532 2847 in
1584 2791 1862 2849 Christum
1902 2806 2027 2849 esse

449 2890 611 2951 caput
639 2883 818 2938 omnis
850 2881 982 2938 boni
1020 2884 1167 2954 quod
1209 2884 1367 2939 nobis
1416 2885 1655 2951 accidat,
1707 2893 2018 2957 caeteraque

448 2975 718 3028 virtutum
778 2973 1029 3030 facinora
1082 2976 1236 3031 velut
1288 2978 1542 3047 exiguum
1592 2976 1872 3048 quoddam
1898 2991 2026 3047 erga

450 3067 597 3121 illam
635 3065 926 3123 exsistere.
971 3065 1211 3124 Perinde
1258 3077 1345 3124 est
1379 3069 1547 3137 igitur
1576 3084 1642 3125 ac
1670 3069 1717 3126 si
1766 3068 1977 3125 diceret
2008 3088 2022 3125 :

2128 582 2266 650 μετὰ
2313 580 2666 652 εὐχαριστίας
2714 582 2783 636 τὰ
2829 582 3107 653 αἰτήματα
3153 581 3306 654 ὑμῶν
3346 582 3697 654 γνωριζέσθω

2124 669 2264 740 πρὸς
2291 671 2382 726 τὸν
2409 671 2542 727 Θεόν
2561 688 2574 703 ·
2622 673 2718 728 καὶ
2751 673 2938 745 εἰρήνη
2970 671 3065 728 τοῦ
3106 672 3239 727 Θεοῦ
3268 674 3301 745 ή
3349 673 3695 746 ὑπερέχουσα

2124 760 2307 816 πάντα
2341 761 2486 819 νοῦν.
2538 781 2559 816 ι
3344 780 3349 785 δ

2207 854 2424 926 Ἐπειδὴ
2479 856 2645 928 μηδὲν
2700 858 2973 929 μεριμνᾷν
3024 856 3208 922 αὐτοῖς
3248 849 3431 922 εἶπεν,
3485 856 3573 910 ίνα
3617 856 3695 928 μή

2126 946 2462 1012 ἀναπέσωσι,
2493 948 2816 1020 νομίσαντες
2855 949 3021 1004 αὐτὸν
3064 951 3124 1005 ὲν
3171 949 3250 1021 τῷ
3278 947 3512 1003 καθόλου
3539 948 3696 1002 τοῦτο

2124 1040 2539 1112 ἀποφήνασθαι·
2578 1043 2781 1098 Τούτου
2830 1042 3013 1115 χάριν,
3045 1042 3231 1114 φησιν,
3284 1035 3438 1096 εἷπον
3483 1039 3560 1111 μὴ
3596 1056 3695 1111 μεο

2128 1136 2325 1207 ριμνᾷν
2368 1136 2426 1189 έν
2471 1138 2585 1201 τοῖς
2640 1136 2771 1210 περὶ
2825 1134 2962 1207 ιμοῦ
3004 1135 3244 1207 δεσμοῖς,
3297 1133 3375 1198 ὡς
3423 1131 3594 1187 δεινόν
3638 1148 3695 1185 τι

2125 1226 2428 1295 πάσχοντος
2461 1226 2521 1294 ἐξ
2552 1225 2752 1282 αὐτῶν.
2786 1226 2860 1281 Οὐ
2900 1227 3010 1298 γάρ
3057 1226 3167 1279 εἰσι
3205 1225 3387 1280 δεινά·
3428 1222 3565 1278 ἀλλὰ
3600 1240 3696 1293 με-

2125 1320 2376 1390 ριμνᾶτε,
2428 1320 2616 1388 φησὶν,
2646 1321 2706 1373 ὲν
2734 1320 2800 1391 τῇ
2830 1320 3129 1390 προσευχῇ,
3174 1316 3271 1373 καὶ
3306 1321 3373 1390 τῇ
3414 1318 3595 1390 δεήσει
3622 1318 3692 1386 τῇ

2124 1411 2261 1481 πρὺς
2311 1412 2403 1466 τὸν
2446 1413 2599 1466 Θεόν.
2653 1413 2836 1466 Λίτετν
2865 1411 2975 1483 γάρ
3021 1413 3113 1467 τὸν
3156 1411 3289 1466 Θεὸν
3322 1412 3424 1475 δεῖ,
3469 1411 3694 1481 εὐχαριο

2123 1501 2403 1569 στοῦντας,
2434 1504 2535 1558 οὐκ
2563 1502 2930 1568 άθυαοῦντας,
2965 1503 3087 1559 οὐδὲ
3119 1502 3483 1575 ὰκηδιῶντας.

2177 1725 2218 1823 ἰ
2270 1770 2578 1843 Φρουρήσει
2615 1770 2715 1833 τὰς
2744 1767 2971 1839 καρδίας
2994 1766 3170 1840 ὑμῶν,
3211 1766 3310 1821 καὶ
3349 1764 3421 1821 τά
3446 1764 3694 1838 νοήματα

2053 1850 2097 1906 Β
2127 1859 2283 1931 ὑμῶν
2313 1861 2372 1914 έν
2400 1857 2623 1931 Χριστῷ
2660 1856 2854 1931 Ἰησοῦ.
2897 1876 2918 1912 ι

2195 1954 2368 2010 Πάλιν
2419 1953 2606 2016 αὐτοῖς
2640 1952 2702 2007 τὸ
2745 1952 3043 2024 ὁμόπιστον
3086 1949 3329 2021 εὔχεται.
3383 1946 3555 2002 Τοῦτο
3586 1948 3699 2017 γάρ

2123 2049 2240 2101 ἐστι
2285 2046 2348 2101 τὸ
2394 2045 2769 2119 φρουρηθῆναι
2817 2045 2919 2111 τὰς
2967 2046 3196 2121 καρδίας
3246 2042 3450 2109 αὐτῶν,
3484 2043 3581 2097 καὶ
3625 2042 3695 2095 τὰ

2123 2140 2371 2212 νοήματα
2408 2140 2466 2193 ὲν
2494 2138 2737 2211 Χριστῷ.

2200 2252 2219 2285 ι
2258 2234 2301 2285 Τ
2303 2232 2332 2287 δ
2360 2231 2565 2299 λοιπὸν,
2584 2232 2824 2303 ἀδελφοὶ,
2847 2232 2947 2287 ὅσα
2968 2232 3117 2288 ἐστὶν
3145 2231 3345 2306 ἀληθῆ,
3375 2232 3476 2287 δσα
3500 2229 3699 2301 σεμνὰ,

2125 2325 2225 2379 ὅσα
2255 2324 2460 2391 δίκαια,
2492 2326 2593 2381 ὅσα
2625 2324 2787 2395 ἁγνὰ,
2821 2326 2924 2380 ὅσα
2961 2324 3257 2398 προσφιλῆ,
3305 2325 3406 2378 ὅσα
3454 2320 3700 2393 εὔφημα,

2127 2420 2282 2483 εἴτις
2307 2418 2499 2492 ἀρετὴ,
2532 2420 2629 2477 καὶ
2653 2419 2708 2474 εί
2735 2437 2818 2483 τις
2854 2418 3095 2486 ἔπαινος,
3121 2418 3295 2475 ταῦτα
3321 2416 3624 2490 λογίζεσθε,
3662 2413 3702 2471 ἃ

2126 2511 2221 2565 καὶ
2253 2511 2506 2583 ἐμάθετε,
2539 2512 2635 2567 καὶ
2676 2510 3041 2585 παρελάϐετε,
3075 2510 3171 2567 καὶ
3199 2508 3491 2583 ἠκούσατε.
3532 2527 3554 2563 ι

2212 2779 2479 2846 Ἐδίδαεεν
2512 2780 2657 2852 ήμᾶς
2685 2781 2715 2834 ὁ
2762 2777 3109 2845 ⁹Δπόστολος,
3134 2777 3209 2844 ὡς
3241 2775 3455 2850 κεφαλὴ
3497 2777 3703 2842 παντὸς

2127 2875 2262 2947 ήμῖν
2290 2871 2496 2944 ἀγαθοῦ
2548 2874 2584 2946 ή
2631 2870 2837 2937 πίστις,
2882 2873 2917 2944 ἡ
2949 2872 3028 2937 είς
3062 2869 3155 2924 τὸν
3200 2869 3457 2942 Χριστὸν,
3490 2868 3586 2924 καὶ
3624 2870 3704 2933 ὡς

2127 2968 2304 3023 πάντα
2349 2964 2420 3021 τὰ
2464 2964 2602 3037 ἔργα
2641 2963 2712 3020 τὰ
2758 2963 2882 3019 κατ’
2910 2962 3135 3037 ἀρετὴν,
3179 2962 3255 3026 ὡς
3306 2962 3474 3034 μέρος
3512 2979 3567 3016 τι
3614 2979 3706 3033 μι-

2128 3058 2261 3131 κρδν
2310 3057 2432 3112 κατ’
2476 3056 2693 3129 ἐκείνην
2738 3055 2899 3112 εἰσίν.
2935 3057 3158 3129 Ὅμοιον
3202 3053 3297 3111 οὖν
3342 3054 3477 3111 ὡσεὶ
3513 3053 3700 3124 λέγοι·

452 3158 649 3213 habete
704 3156 886 3222 tidem,
944 3173 1108 3229 quam
1142 3158 1389 3216 ἰη-ιοὺῐε
1419 3162 1756 3217 incolumem
1815 3161 2022 3217 servari

2133 3150 2325 3221 Ἔχετε
2352 3149 2451 3221 τὴν
2482 3148 2686 3215 πίστιν,
2708 3150 2774 3221 ἢν
2803 3151 2898 3203 καὶ
2921 3148 3283 3220 φυλάττεσθαι
3312 3151 3371 3204 έν
3400 3148 3530 3218 ὑμῖν
3552 3146 3707 3219 εὖχο-

424 3264 669 3319 ριοευτ.
706 3250 973 3321 Superest
1014 3262 1199 3308 autem
1234 3260 1294 3308 ut
1326 3252 1494 3308 vitam
1529 3252 1599 3309 ad
1644 3253 1869 3309 virtutis
1897 3270 2026 3309 nor-

453 3358 595 3397 mam
642 3342 974 3409 instituatis,
1018 3358 1182 3413 quam
1225 3345 1394 3401 etiam
1436 3348 1632 3401 hortor
1661 3360 1762 3402 vos
1793 3354 1853 3401 ut
1886 3347 2026 3401 arri-

451 3436 645 3506 piatis.
678 3436 768 3490 Ait
794 3438 1003 3507 itaque,
1038 3436 1102 3491 de
1134 3447 1349 3504 caetero,
1389 3453 1498 3493 non
1546 3439 1695 3510 quod
1722 3453 1917 3509 parum
1952 3439 2036 3495 sit‘

451 3532 584 3584 dare
638 3544 859 3601 operam
920 3527 1112 3585 virtuti
1173 3531 1311 3601 (hoc
1358 3531 1505 3588 enim
1568 3546 1826 3603 magnum
1877 3532 2023 3603 est),

452 3620 614 3693 204
642 3621 740 3676 sed
772 3620 902 3691 quia
927 3624 1339 3691 comparatione
1390 3621 1511 3678 fidei
1554 3637 1780 3695 parvum
1821 3632 1927 3691 est,
1961 3638 2026 3679 ac

450 3716 600 3768 velut
657 3714 957 3785 appendix.
1023 3713 1184 3771 Fides
1243 3715 1519 3787 siquidem
1601 3715 2022 3773 fundamentum

460 3809 721 3878 nasisque
749 3818 805 3862 et
835 3816 1080 3863 tutamen
1136 3819 1241 3869 est.
1276 3808 1400 3865 sine
1425 3822 1535 3877 qua
1570 3807 1709 3862 nihil
1740 3807 2022 3878 quidpiam

452 3902 630 3970 possit
661 3899 914 3956 exstrui:
948 3900 1153 3972 quippe
1193 3916 1319 3957 cum
1381 3901 1589 3971 absque
1648 3899 2023 3956 fundamentis

452 3994 664 4048 nullum
701 3992 1016 4060 aedilicium,
1060 3994 1322 4065 nullaque
1354 3992 1551 4050 domus
1600 3993 1893 4049 consistat.
1932 3990 2022 4047 Fi-

453 4085 549 4141 des
614 4100 748 4157 ergo
803 4084 1289 4141 fundamentorum
1336 4084 1517 4139 instar
1578 4093 1688 4150 est,
1744 4087 2026 4157 totiusque

451 4180 649 4236 domus
676 4187 1012 4236 structurae:
1073 4179 1321 4234 actiones
1354 4193 1488 4234 vero
1523 4178 1817 4242 virtutum.
1870 4186 2021 4234 tecto

453 4272 664 4329 similes
704 4280 853 4337 sunt,
907 4287 1019 4343 quo
1072 4270 1364 4328 aediﬁcium
1416 4285 1578 4328 omne
1634 4270 2024 4339 clauditur,.et

453 4363 619 4418 veluti
660 4369 976 4417 c’oronatur.

520 4473 538 4506 ι
584 4454 650 4508 Ει
678 4450 895 4510 vidistis
925 4455 979 4510 in
1024 4469 1129 4511 me.
1172 4474 1190 4506 ι

524 4547 661 4615 Quia
714 4548 926 4603 monuit
967 4562 1064 4604 eos
1116 4555 1174 4602 ut
1216 4547 1571 4617 multiplicem
1616 4547 1875 4604 virtutem
1911 4563 2025 4603 am-
2057 4560 2102 4617 ι)

453 4641 830 4710 plcxarcntur,
901 4641 1255 4695 veracitatem
1341 4639 1625 4703 nimirum,
1702 4640 2024 4710 gravitatem

458 4747 693 4799 morum,
722 4732 1016 4802 justitiam,
1051 4732 1382 4797 castitatem,
1426 4730 1724 4788 fraternam
1772 4731 2027 4787 dilectio-

456 4841 604 4891 nem,
677 4824 1138 4891 benedicentiam,
1188 4831 1245 4880 et
1297 4826 1482 4880 omnia
1542 4824 1746 4895 quibus
1807 4831 2027 4880 constat

460 4922 654 4981 virtus,
706 4931 829 4987 qua:
858 4914 1059 4969 famam
1113 4915 1311 4970 bonam
1346 4914 1616 4982 aﬂ‘erunt;
1658 4930 1782 4970 cum
1834 4916 2027 4970 horum

457 5009 704 5065 omnium
766 5006 1040 5063 sollicitos
1118 5020 1243 5062 esse
1306 5008 1601 5073 monuerit,
1654 5021 1722 5063 ne
1779 5005 2031 5062 videatur

459 5100 664 5171 aliquid
719 5101 800 5156 eis
847 5099 1026 5168 majus
1088 5098 1384 5169 praecipere
1415 5112 1578 5169 quam
1634 5097 1849 5168 assequi
1901 5113 2027 5168 pos-

458 5202 610 5259 cent,
642 5192 967 5247 adhortatur
993 5204 1091 5247 eos
1122 5196 1180 5244 ut
1205 5189 1272 5244 ad
1301 5190 1612 5261 exemplum
1646 5191 1730 5247 sui
1764 5190 1878 5245 ltzec
1908 5205 2031 5243 om-

462 5286 551 5339 nia
584 5292 846 5357 przestarc
877 5282 1154 5339 studeant.
1190 5282 1337 5339 ldem
1372 5284 1537 5354 igitur
1575 5290 1661 5339 est
1697 5296 1760 5337 ac
1802 5283 1847 5337 si
1881 5280 2029 5336 dice-

462 5384 591 5431 ret:
646 5372 723 5429 Ne
780 5373 1167 5443 despondeatis
1214 5375 1482 5440 animum,
1536 5381 1796 5443 tanquam
1860 5371 2031 5425 ardua

464 5474 735 5537 pmcepta
771 5464 884 5521 sint
929 5470 983 5519 et
1027 5463 1234 5533 majora
1268 5478 1432 5533 quam
1481 5471 1744 5535 praestare
1778 5462 2057 5517 valeatis“

462 5556 767 5613 Audivistis
793 5555 940 5611 enim
971 5554 1230 5609 universa
1260 5555 1376 5610 haec
1412 5571 1499 5611 me
1531 5556 1775 5611 coluisse
1811 5574 1821 5609 :
1855 5570 2034 5625 neque

467 5653 642 5707 solum
681 5649 992 5715 audivistis,
1028 5649 1121 5703 sed
1156 5658 1210 5703 et
1241 5650 1478 5705 vidistis.

538 5761 559 5797 ι
596 5741 721 5799 llaec
755 5742 919 5813 agite,
955 5750 1005 5795 et
1040 5738 1180 5796 Deus
1215 5742 1367 5812 pacis
1403 5744 1508 5798 erit
1550 5741 1855 5798 vobiscum.
1897 5760 1915 5794 ι

2132 3260 2251 3315 μαι.
2282 3242 2476 3297 Λείπει
2500 3242 2559 3296 δὲ
2586 3240 2668 3296 έτι
2695 3242 2825 3313 ὑμῖν
2851 3245 2885 3315 ή
2932 3244 3053 3298 κατ’
3087 3243 3290 3315 ἀρετὴν
3319 3240 3587 3308 πολιτεία,
3634 3234 3705 3311 ἧς

2132 3335 2227 3390 καὶ
2267 3334 2593 3407 ἀντέχεσθαι
2621 3337 2766 3408 ὑμᾶς
2807 3334 3080 3407 παραινῶ.
3133 3335 3205 3390 Τὸ
3238 3333 3456 3389 λοιπὸν
3485 3326 3579 3387 οὖν
3620 3332 3708 3385 λέ-

2130 3444 2215 3498 γε,
2263 3428 2365 3500 οὐχ
2406 3429 2488 3483 ὅτι
2530 3429 2728 3501 μικρὸν
2775 3428 2839 3482 τὸ
2882 3429 3005 3482 κατ’
3030 3425 3234 3500 ἀρετὴν
3287 3425 3704 3483 πολιτεύεσθαιο

2131 3520 2279 3592 μέγα
2310 3520 2450 3592 γάρ·
2486 3519 2602 3575 ἀλλ’
2631 3520 2715 3575 ὅτι
2751 3507 2949 3593 μικρὸν
2995 3518 3069 3583 ὡς
3101 3519 3238 3591 πρὸς
3272 3518 3563 3592 σύγκρισιν
3605 3518 3710 3590 τῆς

2131 3611 2389 3677 πίστεως,
2441 3610 2535 3666 καὶ
2580 3609 2920 3682 περίλοιπον.
2971 3608 3031 3664 '0
3072 3609 3181 3681 γὰρ
3207 3608 3478 3681 θεμέλιος,
3526 3608 3623 3663 καὶ
3675 3607 3710 3677 ή

2130 3703 2457 3775 ἁσφάλειαή
2484 3703 2668 3767 πίστις
2694 3703 2862 3769 ἐστὶν,
2902 3695 2971 3775 ἦς
3016 3702 3145 3758 ἄνευ
3190 3701 3253 3757 οὐ
3295 3700 3519 3756 δυνατὸν
3563 3701 3708 3754 οίκο-

2129 3795 2435 3866 δομηθῆναί
2464 3813 2537 3850 τι.
2579 3794 2734 3852 Ἐπεὶ
2761 3794 2881 3849 οὐδὲ
2904 3793 3161 3864 οίκοδομή
3184 3794 3351 3861 ἐστιν,
3373 3792 3563 3864 ὥσπερ
3585 3789 3706 3846 οὐδὲ

2129 3883 2276 3954 οἶκος
2310 3889 2437 3944 ἄνευ
2465 3888 2751 3961 θεμελίων.
2784 3889 2973 3945 Ἔστιν
2999 3884 3094 3944 οὖν
3122 3889 3155 3961 ἡ
3184 3888 3282 3960 μὲν
3312 3886 3494 3952 πίστις
3518 3888 3587 3940 τὰ
3612 3884 3705 3937 θε-

2133 3983 2311 4054 μέλια,
2336 3982 2427 4037 καὶ
2444 3984 2477 4053 ή
2493 3982 2588 4036 τοῦ
2614 3965 2810 4049 παντὸς
2836 3980 2986 4036 οίκου
3018 3979 3296 4053 οἰκοδομὴ,
3316 3980 3374 4034 αί
3390 3979 3447 4034 δὲ
3482 3978 3707 4051 πράξεις

2130 4080 2184 4133 αξ
2216 4080 2337 4133 κατ’
2356 4076 2775 4150 ἀρετὴν,δρόφῳ
2802 4076 3015 4130 ἐοίκασι
3047 4074 3387 4153 συγκλείοντι
3424 4074 3522 4131 καὶ
3545 4071 3705 4129 οἱονεὶ

2131 4169 2485 4241 στιφανοῦντι
2522 4170 2584 4225 τὸ
2620 4170 2729 4227 πᾶν
2766 4168 3129 4243 οἰκοδόμημα.

2184 4438 2224 4499 ¹ι
2269 4446 2377 4501 Καὶ
2410 4445 2577 4498 εἴδετε
2615 4444 2670 4497 ἓν
2698 4440 2843 4513 ἐμοί.
2899 4457 2919 4492 ι

2215 4537 2433 4610 Ἐπειδὴ
2487 4536 2686 4607 πολλῆς
2733 4532 2938 4607 ἀρετῆς
2983 4521 3139 4586 εἶπεν
3178 4529 3524 4614 ἀντέχεσθαι,
3581 4528 3706 4601 ἀλη-

2128 4636 2299 4699 θείας,
2354 4630 2708 4702 σεμνότητος,
2751 4626 3123 4697 δικαιοσύνης,
3170 4623 3414 4693 ἁγνείας,
3455 4622 3702 4694 φιλαδελ-

2127 4730 2279 4801 φίας,
2304 4725 2573 4793 εὐλογίας,
2599 4723 2694 4777 καὶ
2727 4720 2947 4775 πάντων
2971 4721 3070 4773 ὅσα
3097 4717 3341 4772 ποιοῦσιν
3361 4715 3584 4789 ἀρετὴν,
3604 4716 3703 4769 ὅσα

2128 4820 2403 4890 εὐφημίαν
2420 4835 2433 4849 θ
2460 4815 2648 4887 ἐπειδὴ
2670 4812 2872 4868 τούτων
2894 4812 3110 4867 πάντων
3132 4805 3287 4865 εἶπεν
3307 4806 3703 4880 ἐπιμελεῖσθαι,

2131 4914 2217 4967 ἵνα
2256 4913 2331 4983 μὴ
2376 4909 2501 4983 δόξῃ
2554 4905 2778 4980 μείζονα
2824 4901 2899 4961 ὧν
2944 4905 3131 4974 ῐσχυον
3176 4902 3351 4957 ποιεῖν
3398 4900 3706 4955 ἐπιτάττειν

2128 5005 2330 5067 αὐτοῖς,
2380 4999 2570 5054 τούτου
2602 4997 2763 5069 χάριν
2817 4994 2905 5064 ἐφ’
2935 4991 3130 5047 ἑαυτοῦ
3179 4992 3261 5053 είς
3305 4989 3367 5043 τὸ
3406 4987 3705 5061 κατορθοῦν

2130 5097 2269 5152 αὐτὰ
2299 5091 2607 5165 παρακαλεῖ
2642 5088 2859 5152 αὐτούς.
2909 5087 3134 5156 Ὅμοιον
3180 5081 3276 5137 οῦν
3320 5081 3397 5145 ὡς
3441 5083 3491 5136 εί
3526 5082 3703 5149 λέγοι·

2132 5190 2247 5244 Ἵνα
2280 5187 2354 5259 μὴ
2404 5182 2761 5255 άκηδιάσητε,
2812 5179 2889 5243 ὼς
2936 5176 3188 5248 μεγάλων
3230 5174 3398 5229 ὖντων
3440 5173 3543 5227 ubi.
3594 5173 3706 5224 ἑπι-

2130 5282 2446 5352 ταγμάτων,
2473 5278 2568 5332 καὶ
2600 5274 2864 5347 μειζόνων
2894 5272 2927 5341 ἢ
2959 5268 3219 5324 δύνασθαι
3252 5264 3575 5338 κατορθοῦν.
3619 5261 3704 5315 Ἐν

2132 5379 2255 5446 ἐμοὶ
2281 5374 2411 5447 γὰρ,
2443 5372 2629 5443 φησὶν,
2666 5370 2883 5425 ἅπαντα
2905 5362 3180 5437 ἠκούσατε
3209 5360 3491 5433 γινόμενα,
3530 5358 3621 5412 καὶ
3644 5355 3703 5409 οὐ

2136 5467 2295 5539 μόνον
2326 5465 2621 5536 ἠκούσατε,
2654 5461 2791 5516 ἀλλὰ
2825 5462 2921 5516 καὶ
2948 5458 3230 5515 τεθέασθε.

2206 5752 2226 5785 ι
2278 5731 2463 5786 Ταῦτα
2493 5732 2785 5802 πράσσετε,
2827 5729 2921 5785 καὶ
2949 5728 2977 5780 ὁ
3001 5726 3135 5790 Θεὸς
3170 5727 3270 5799 τῆς
3300 5726 3524 5801 εἰρήνης
3550 5724 3700 5779 ἔσται

2140 5824 2257 5896 μεθ’
2294 5824 2467 5897 ὑμῶν.
2522 5843 2543 5877 ι
