4048 6290
360 326 463 395 881

1449 336 1532 398 ΙΝ
1570 334 1806 396 EPIST.
1845 332 1946 395 AD
1982 334 2547 401 PHILIPPENSES.

3498 325 3606 405 88‘:

430 440 710 515 Παραινῶ,
743 442 899 517 φησι,
948 446 1125 505 ποιεῖν
1170 447 1334 517 αὐτὰ,
1368 448 1557 522 ἐπειδὴ
1587 451 1681 506 καὶ
1714 448 1927 524 μέγαςί

2110 444 2313 505 Hortor
2366 465 2484 518 vos,
2542 449 2743 522 inquit,
2796 456 2856 505 ut
2898 448 3012 506 lucc
3054 448 3293 516 faciatis,
3344 452 3604 520 quoniam

359 533 504 605 ὕπὶρ
522 533 707 605 αὐτῶν
725 536 921 609 μισθός
936 553 952 569 ⁶
976 532 1131 605 οῦτος
1154 540 1213 597 δέ
1238 540 1413 612 ἑστιν,
1434 542 1497 598 τδ
1522 543 1770 601 σύνοικον
1794 542 1943 616 ἔχειν

355 624 452 679 τὸν
482 622 639 681 Θεόν.

440 735 460 770 ι
513 718 752 794 Ἐχάρην
795 721 857 777 δὲ
892 723 953 791 ιν
1000 723 1191 799 Κυρίῳ
1222 726 1500 800 μεγάλως,
1542 730 1626 785 δτι
1671 731 1772 804 ήδη
1807 731 1939 787 ποτὲ

358 807 657 866 ἀνεθάλετε
698 814 762 868 ea
804 814 949 888 ὑπὲρ
982 816 1116 890 ἐμοῦ
1160 821 1403 892 φρονεῖν,
1443 820 1532 893 ἐφ’
1559 814 1606 892 ᾧ
1639 824 1734 878 καί
1773 824 1939 896 ἐφρο-

358 900 503 953 νεῖτε
521 915 539 933 ο
580 902 900 977 ἠκαιρεῖσθε
914 906 1013 963 δέ·
1050 908 1157 981 ὀὐχ
1182 910 1267 965 δτι
1292 911 1419 969 καθ’
1447 912 1739 986 ὑστέρησιν
1769 914 1935 985 λέγω.

373 989 517 1061 Ἐγὼ
544 991 653 1065 γὰρ
678 994 881 1068 ῑμαθον
921 998 980 1055 ιν
1015 994 1098 1065 οἷς
1145 1002 1263 1075 εἰμὶ
1292 1004 1576 1078 αὐτάρκης
1605 1004 1766 1063 εἶναι.
1807 1004 1937 1063 Οἶδα

359 1084 458 1139 καὶ
486 1089 899 1159 ταπεινοῦσθαι,
940 1087 1060 1149 οῖδα
1104 1095 1203 1152 καὶ
1240 1099 1590 1171 περισσεύειν
1637 1102 1695 1155 ὲν
1740 1104 1934 1157 παντίο

357 1178 456 1231 καὶ
501 1178 561 1233 ὲν
606 1182 741 1237 πᾶσι
776 1183 1090 1265 μεμύημαι,
1138 1189 1235 1244 καὶ
1280 1192 1641 1265 χορτάζεσθαι
1682 1196 1773 1249 καὶ
1819 1212 1935 1250 πει-

355 1270 477 1341 νᾷν,
507 1272 600 1328 καὶ
631 1262 1003 1348 περισσεύειν,
1035 1280 1129 1336 καὶ
1157 1262 1519 1355 ὐστερείσθαι.
1555 1286 1738 1342 Πάντα
1769 1287 1937 1360 ἰσχύω

355 1364 415 1419 ἐν
443 1366 522 1439 τῷ
557 1362 939 1442 ἐνδυναμοῦντί
973 1390 1041 1445 με
1067 1371 1306 1449 Χριστῷ.
1347 1378 1493 1452 Πλὴν
1534 1379 1715 1445 καλῶς
1749 1381 1938 1452 ὲποιή·

356 1474 488 1513 σατε
558 1463 1089 1536 συγκοινωνήσαντές
1140 1484 1242 1539 μου
1300 1472 1366 1542 τῇ
1410 1468 1605 1543 θλίψει.
1652 1470 1842 1527 Οἴδατε
1878 1471 1938 1526 δὲ

357 1551 454 1605 καὶ
505 1553 688 1623 ὑμεῖς,
734 1555 1114 1629 Φιλιππήσιοι,
1148 1560 1316 1619 an»
1360 1564 1505 1637 ἀρχῇ
1552 1563 1648 1620 τοῦ
1694 1564 1938 1637 Εὑαγγε-

352 1642 495 1711 λίου,
521 1644 611 1699 ὅτε
644 1646 869 1718 ἐξῆλθον
897 1650 1009 1705 άπὸ
1042 1653 1399 1721 Μακεδονίας,
1428 1658 1652 1731 οὐδεμία
1680 1677 1771 1731 μοι
1809 1661 1936 1715 Ἐκ-

353 1733 556 1805 κλησία
579 1737 939 1812 ικοινὼνησεν
969 1743 1050 1808 εἰς
1078 1743 1237 1816 λόγον
1263 1746 1459 1813 δόσεως
1483 1752 1579 1805 καὶ
1607 1750 1842 1823 λήψεως,
1881 1754 1933 1808 εί

355 1825 433 1897 μὴ
474 1828 631 1898 ὑμεῖς
664 1829 815 1900 μόνοι
837 1844 854 1863 ’
894 1833 975 1889 δτι
1004 1836 1097 1889 καὶ
1133 1839 1191 1893 ὲν
1218 1837 1607 1914 Θεσσαλονίκῃ,
1638 1845 1724 1897 καὶ
1758 1843 1925 1911 ἅπαξ,

352 1920 451 1976 καὶ⁹
482 1922 563 1987 δὶς
590 1925 672 1991 είς
698 1925 799 1999 τὴν
844 1928 1035 2000 χρείαν
1078 1947 1181 2001 μου
1211 1930 1522 2002 ιπέμψατε·
1559 1933 1657 2006 οὐχ
1697 1934 1779 1989 ὅτι
1815 1936 1931 1990 ἐπι·

351 2012 505 2085 ζητῶ
536 2016 627 2072 τὸν
661 2020 878 2092 καρπὸν
918 2022 1011 2077 τὸν
1049 2022 1417 2091 πλεονάζοντα
1456 2026 1537 2090 είς
1566 2025 1723 2096 λόγον
1752 2026 1925 2098 ὑμῶν.

364 2106 578 2179 ’Δπέχω
607 2109 664 2164 δὲ
691 2114 887 2179 πάντα,
922 2115 1019 2169 καὶ
1043 2117 1366 2185 -περισσεύω
1384 2134 1398 2149 ·
1439 2117 1809 2193 πεπλήρωμαι
1837 2120 1924 2177 δε-

350 2196 584 2270 ξάμενος
615 2203 747 2275 παρ’
794 2203 1185 2279 Ἐπαφροδίτου
1209 2209 1277 2264 τὰ
1307 2211 1437 2282 παρ’
1465 2210 1639 2281 ὑμῶν.
1690 2232 1710 2267 ι

423 2380 562 2455 Περὶ
607 2384 706 2456 τῆς
749 2385 1029 2453 διακονίας
1068 2382 1138 2461 ἧς
1174 2390 1501 2447 ἀπέστειλαν
1540 2393 1709 2465 αὐτῷ,
1756 2392 1925 2465 λέγει.

359 2468 566 2546 Ἐχάρη
588 2474 665 2541 δὲ,
709 2476 809 2549 οὐχ
833 2477 916 2559 δτι
944 2477 1155 2547 ἔλαϐεν,
1179 2481 1298 2537 ἀλλ’
1324 2484 1407 2539 δτι
1436 2483 1647 2555 καρπὸν
1683 2485 1844 2559 ἔσχον
1876 2489 1926 2543 οἰ

350 2560 617 2635 μαθηταί.
649 2566 711 2620 Εἰ
741 2568 852 2640 γὰρ
888 2570 919 2624 δ
945 2570 1151 2644 Κύριος
1183 2572 1427 2642 διέταξεν
1464 2576 1662 2642 αὐτοὺς
1702 2578 1923 2647 διδόναι,

348 2653 469 2718 πῶς
496 2655 596 2708 οὐκ
618 2656 843 2715 ἐπταιον
865 2659 941 2731 μὴ
962 2661 1227 2731 διδόντες;
1249 2666 1477 2730 Οίκείως
1496 2667 1589 2722 οῦν
1616 2668 1822 2743 σφόδρα
1843 2670 1923 2739 τὸ,

346 2746 691 2817 ἀνεθάλετε,
715 2746 892 2811 εἴπεν.
926 2754 1095 2829 ’Δρχὴ
1122 2757 1231 2831 γάρ
1252 2758 1461 2828 ἀγαθοῦ
1484 2758 1697 2832 καρποῦ
1726 2763 1760 2833 ἡ
1789 2761 1928 2835 πρὸς

338 2838 477 2903 «τοὺς
516 2838 872 2909 διδασκάλους
915 2849 1191 2918 κοινωνία,
1236 2848 1425 2923 ὥσπερ
1468 2851 1789 2931 ἀμέλει
1828 2871 1928 2927 μα-

348 2931 584 3004 ρασμοῦ,
611 2936 646 3008 ή
675 2934 881 2996 τούτων
918 2937 1081 3013 λήθη.

427 3156 446 3188 ι
505 3138 714 3212 ὀσμήν
756 3140 1008 3213 εὐωδίας,
1041 3144 1233 3203 θυσίαν
1258 3146 1476 3219 δεκτήν,
1508 3147 1799 3223 εὐάρεστον
1842 3150 1922 3226 τῷ
1947 3154 1993 3217 C

344 3230 487 3289 Θεῷ,
545 3251 566 3286 ι
1357 3259 1363 3265 '

418 3324 591 3379 Τοῦτο
614 3325 724 3401 γάρ
750 3326 867 3386 ἐστι
895 3328 957 3387 τὸ
982 3333 1219 3407 παρέχον
1246 3334 1429 3401 αὐτοῖς
1448 3337 1765 3404 εὐωδιάζειν
1787 3357 1802 3374 ο
1837 3341 1923 3396 νό-

348 3434 448 3488 μον
476 3417 585 3491 γὰρ
628 3420 772 3478 θεῖον
800 3424 1123 3497 πληροῦσιν.

423 3529 438 3559 ο
500 3510 557 3565 '0
598 3512 657 3565 δὲ
697 3514 829 3579 Θεός
856 3532 960 3586 μου
1003 3514 1269 3593 πληρώσῃ
1320 3520 1500 3576 πᾶσαν
1540 3521 1732 3595 χρείαν
1766 3522 1922 3597 ὑμῶν

343 3599 487 3653 κατὰ
510 3599 603 3654 τὸν
642 3600 868 3659 πλοῦτον
897 3604 1063 3661 αὑτοῦ
1092 3607 1151 3662 ὲν
1177 3607 1323 3679 δόξῃ,
1364 3611 1422 3665 ἐν
1459 3611 1683 3685 Χριστῷ
1719 3614 1917 3684 Ἰησοῦ.

343 3691 435 3763 Τῷ
462 3694 579 3766 Θεῷ
606 3694 700 3749 καὶ
721 3696 894 3770 Πατρὶ
926 3694 1165 3771 ﬁnitimi}
1182 3699 1309 3769 δόξα
1335 3704 1415 3770 είς
1438 3708 1560 3772 τοὺς
1586 3710 1789 3775 αἰῶνας
1812 3713 1920 3766 τῶν

342 3783 578 3840 αἰώνων.
622 3786 817 3860 Ἀμήν.
863 3790 1209 3847 Ἀσπάσασθε
1240 3795 1416 3851 πάντα
1439 3798 1591 3869 ἅγιον
1619 3803 1674 3857 ὲν
1700 3802 1920 3876 Χριστῷ

355 3875 555 3945 Ἰησοῦ.
619 3878 979 3944 ’Δσπάζοντιαι
1029 3884 1177 3955 ὑμᾶς
1223 3889 1272 3941 οἰ
1337 3888 1436 3943 σὺν
1496 3891 1621 3960 ἐμοὶ
1663 3875 1918 3967 ἀδελφοί)

341 3968 682 4035 ἀσπάζονται
709 3971 852 4045 ὑμᾶς
886 3973 1084 4040 πάντες
1110 3977 1161 4030 οἰ
1190 3977 1353 4049 ἅγιοι.
1387 3981 1633 4037 Μάλιστα
1664 3983 1744 4039 δέ.
1786 4004 1806 4038 ι

416 4148 559 4221 Ἦρα
601 4150 704 4223 τῆς
746 4151 1020 4220 διακονίας
1068 4154 1235 4221 πόσος
1263 4160 1293 4213 ό
1324 4160 1536 4231 καρπός
1558 4176 1574 4193 θ
1600 4162 1661 4217 τδ
1699 4163 1920 4221 πλουτι-

344 4242 541 4313 σθῆναι
563 4243 765 4309 αὐτοὺς
805 4247 863 4302 ὲν
895 4246 1021 4321 δόξῃ
1049 4248 1288 4322 Χριστοῦ
1314 4266 1328 4283 ·
1364 4251 1483 4323 ἅμα
1504 4252 1561 4307 δὲ
1599 4255 1697 4309 καὶ
1734 4257 1918 4329 ἠρέμα

338 4335 540 4399 αὐτοὺς
579 4335 842 4405 διδάσκει,
873 4338 948 4404 ὠς
977 4339 1064 4395 διὰ
1093 4340 1154 4395 τὸ
1184 4342 1458 4415 χρήσιμον
1487 4346 1667 4401 αὐτῶν
1696 4348 1917 4403 ἐκέλευ-

2039 552 2239 610 magna
2281 555 2382 612 pro
2430 544 2511 599 eis
2562 557 2775 598 merces
2807 540 3075 597 redditur.
3116 540 3240 599 llaec
3290 557 3455 614 porro
3488 550 3609 608 est,

2040 644 2151 701 qua
2173 631 2592 689 contubernalis
2624 632 2857 689 habetur
2886 632 3056 691 Deus.

2108 720 2278 781 Vsus.
2316 723 2507 783 ill-'18.
2546 742 2569 777 ι
2617 722 2851 781 Gavisus
2897 739 3017 782 sum
3069 732 3247 781 autem
3278 724 3335 781 in
3375 723 3609 780 Domino

2036 816 2411 886 vehementer,
2459 817 2723 890 quoniam
2753 817 2975 874 tandem
3024 817 3320 890 aliquando
3356 817 3611 874 reﬂoruio

2039 905 2141 963 stis
2168 923 2272 980 pro
2298 923 2384 965 me
2418 910 2645 976 sentire,
2688 910 2830 966 sicut
2859 918 2915 966 et
2939 909 3265 967 sentiebatis
3296 926 3310 963 :
3350 918 3606 980 occupati

2039 1005 2220 1053 autem
2265 1000 2453 1057 eratis.
2488 999 2610 1057 Non
2657 1002 2818 1073 quasi
2861 1010 3086 1074 propter
3125 1000 3413 1074 penuriam
3439 1001 3606 1056 dico:

2037 1104 2141 1161 ego
2192 1090 2339 1147 enim
2388 1092 2579 1161 didici,
2611 1094 2668 1150 in
2719 1094 2922 1165 quibus
2975 1110 3122 1162 sum,
3157 1092 3434 1151 suﬂiciens
3460 1107 3603 1149 esse-

2040 1179 2168 1238 Scio
2199 1190 2253 1239 et
2282 1183 2585 1252 humiliari,
2634 1186 2754 1243 scio
2802 1194 2857 1243 et
2886 1185 3170 1244 abundare
3197 1186 3425 1258 (ubique
3456 1196 3509 1241 ct
3544 1185 3601 1239 in

2039 1275 2300 1332 omnibus
2331 1275 2627 1334 inStitutus
2655 1278 2802 1350 sum)
2835 1285 2891 1336 et
2935 1279 3154 1344 satiari,
3208 1287 3263 1335 et
3290 1278 3526 1343 esurire,
3553 1284 3611 1331 et

2038 1366 2341 1435 abundare,
2371 1375 2426 1425 et
2457 1368 2744 1441 penuriam
2793 1370 2927 1442 pati.
2962 1368 3159 1427 Omnia
3210 1386 3433 1442 possum
3461 1371 3513 1425 in
3543 1386 3610 1425 eo

2037 1459 2129 1530 qui
2164 1460 2447 1517 contortat
2486 1478 2594 1527 me,
2621 1463 2866 1520 Christo.
2885 1464 3277 1521 Verumtamen
3308 1465 3446 1521 bene
3476 1463 3609 1519 feci-

2038 1550 2139 1606 stis
2158 1552 2633 1610 communicantes
2665 1554 3010 1619 tribulationi
3042 1571 3197 1612 meae.
3231 1555 3401 1612 Scitis
3425 1564 3605 1611 autem

2036 1651 2092 1696 et
2123 1655 2244 1708 vos,
2273 1641 2675 1716 Philippenses,
2727 1646 2874 1718 quod
2918 1647 2973 1703 in
3004 1648 3279 1719 principio
3307 1646 3607 1720 Evangelii,

2039 1734 2257 1803 quando
2314 1734 2596 1807 profectus
2653 1754 2775 1795 sum
2831 1754 2861 1794 a
2914 1739 3256 1808 Macedonia,
3289 1741 3440 1797 nulla
3469 1741 3607 1796 mihi

2034 1824 2283 1884 Ecclesia
2328 1831 2755 1887 communicavit
2785 1830 2841 1888 in
2886 1831 3101 1890 ratione
3130 1832 3243 1890 dati
3276 1845 3332 1891 et
3374 1834 3604 1905 accepti,

2034 1916 2143 1974 nisi
2168 1932 2268 1977 vos
2301 1919 2403 1977 soli
2435 1940 2449 1977 :
2482 1922 2613 1993 quia
2654 1931 2711 1981 et
2737 1922 3190 1982 Thessalonicam
3237 1924 3403 1982 semel
3434 1933 3487 1982 ct
3519 1926 3605 1980 bis

2033 2009 2092 2066 in
2125 2025 2288 2070 usum
2312 2013 2459 2096 .mihi
2497 2015 2753 2073 misistis.
2804 2014 2922 2073 Non
2970 2018 3099 2089 quia
3148 2033 3341 2090 quacro
3387 2020 3600 2082 datum,

2034 2103 2133 2161 sed
2169 2104 2397 2178 requiro
2448 2106 2691 2163 fructum
2744 2107 3112 2165 abundantem
3159 2110 3213 2165 in
3259 2110 3473 2166 ratione
3512 2125 3605 2164 vc-

2035 2206 2170 2256 stra.
2232 2197 2417 2257 Habeo
2469 2211 2652 2257 autem
2699 2202 2908 2268 omnia,
2952 2209 3006 2258 et
3049 2201 3319 2258 abundo:
3361 2202 3604 2273 repletus

2030 2304 2179 2357 sum,
2206 2292 2449 2362 acceptis
2477 2291 2546 2348 ab
2575 2290 2950 2363 Epaphrodito
2980 2307 3105 2365 quae
3128 2308 3159 2347 ιι
3194 2292 3353 2349 vobis
3390 2300 3544 2350 sunt.
3579 2310 3598 2344 ο

2102 2384 2178 2439 De
2216 2384 2625 2441 ministratione
2661 2400 2825 2457 quam
2856 2386 2964 2443 sibi
3004 2386 3292 2453 miserant,
3330 2388 3598 2459 loquitur.

2032 2470 2347 2529 Laetabatur
2404 2481 2613 2544 autem,
2669 2490 2780 2531 non
2826 2476 2954 2546 quia
3002 2485 3313 2551 acceperat,
3340 2477 3437 2534 sed
3473 2477 3600 2549 quia

2032 2566 2290 2637 discipuli
2335 2565 2578 2624 fructum
2628 2567 2960 2626 habuerant.
2992 2569 3149 2637 Nam,
3191 2586 3315 2628 cum
3347 2571 3602 2628 Christus

2029 2657 2265 2729 jusserit
2298 2659 2347 2693 θ’
2377 2675 2471 2717 eos
2523 2659 2737 2732 largiri,
2785 2661 3015 2732 quinam
3073 2677 3182 2718 non
3229 2663 3283 2717 in
3314 2670 3600 2733 peccatum

2033 2749 2423 2817 incurrissent,
2476 2751 2708 2808 minime
2753 2751 3062 2825 largiendo.
3121 2752 3385 2825 Apposite
3432 2752 3603 2821 igitur

2032 2841 2130 2910 ait,
2182 2842 2526 2913 reﬂoruistis.
2576 2842 2713 2899 Boni
2762 2844 3036 2915 siquidem
3112 2845 3327 2901 fructus
3380 2845 3599 2925 initium

2030 2939 2116 2989 est
2145 2933 2573 2990 communicatio
2598 2934 2739 3005 (cum
2781 2935 3098 3007 magistris;
3134 2934 3595 3008 quemadmodum

2032 3024 2325 3093 marcoris,
2363 3024 2559 3082 horum
2593 3026 2816 3083 oblivio.

2103 3133 2127 3172 ι
2162 3116 2397 3179 Odorem
2433 3119 2745 3189 suavitatis,
2799 3120 3034 3179 hostiam
3071 3130 3347 3196 acceptam
3380 3121 3599 3194 placen-

2025 3239 2133 3288 tem
2158 3232 2290 3289 Deo.
2329 3252 2351 3288 ι

2093 3321 2212 3380 Hoc
2235 3324 2381 3381 enim
2411 3325 2628 3384 confert
2658 3328 2741 3385 eis
2770 3335 2827 3381 ut
2854 3328 3059 3384 bonum
3085 3328 3307 3386 odorem
3342 3328 3585 3401 spirent;

2022 3417 2224 3490 quippe
2256 3419 2350 3490 qui
2390 3417 2564 3490 legem
2603 3419 2695 3475 Dei
2734 3420 3017 3492 impleant.

2092 3508 2259 3566 Vsus.
2292 3510 2485 3567 19-35.
2522 3529 2542 3564 ι
2583 3511 2730 3569 Deus
2764 3521 2949 3570 autem
2979 3529 3135 3573 meus
3169 3515 3393 3587 impleat
3426 3532 3589 3573 omne

2022 3600 2361 3657 desiderium
2413 3612 2685 3670 vestrum,
2732 3604 3035 3661 secundum
3085 3605 3308 3663 divitias
3372 3624 3504 3664 suas
3532 3611 3587 3663 in

2020 3691 2195 3764 gloria
2225 3691 2282 3749 in
2322 3692 2541 3750 Christo
2572 3692 2722 3750 Jesu.
2778 3695 2889 3759 Deo
2918 3705 3101 3754 autem
3134 3708 3189 3755 et
3216 3699 3366 3755 Patri
3398 3709 3592 3758 nostro

2020 3784 2193 3857 gloria
2231 3784 2285 3839 in
2317 3785 2516 3843 saecula
2557 3787 2905 3847 saeculorum.
2959 3790 3154 3847 Amen.
3190 3791 3439 3849 Salutate
3471 3810 3588 3851 om-

2019 3892 2143 3933 nam
2198 3885 2450 3934 sanctum
2511 3878 2569 3934 in
2611 3879 2835 3936 Christo
2881 3881 3034 3939 Jesu.
3075 3882 3331 3939 Salutant
3366 3901 3464 3943 vos
3496 3903 3587 3958 qm

2020 3984 2235 4026 mecum
2266 3980 2415 4040 sunt,
2465 3970 2687 4031 fratres.
2733 3972 2989 4031 Salutant
3028 3990 3126 4035 vos
3156 3992 3351 4035 omnes
3387 3981 3587 4037 sancti.

2020 4060 2255 4118 Maxime
2281 4070 2485 4120 autem.
2522 4083 2541 4117 ι

2089 4154 2250 4226 205
2288 4155 2508 4217 Videsis
2546 4171 2786 4234 quantus
2824 4162 3045 4219 fructus
3100 4162 3332 4233 prastiti
3383 4162 3587 4231 cilicii,

2017 4249 2165 4319 quod
2198 4248 2608 4321 locupletentur
2648 4254 2702 4309 in
2743 4254 2922 4326 gloria
2959 4252 3190 4309 Christi.
3244 4252 3421 4309 Simul
3458 4269 3589 4310 vero

2017 4354 2113 4395 cos
2145 4340 2317 4397 tacite
2366 4340 2561 4411 docet,
2609 4354 2835 4417 propter
2886 4344 3187 4400 utilitatem
3235 4343 3485 4415 ipsorum
3527 4360 3589 4401 se

340 4444 436 4480 σεν
466 4428 665 4493 αὐτοὺς
688 4430 715 4482 δ
740 4430 975 4501 Χριστὸς
999 4436 1276 4490 κοινωνεῖν
1302 4438 1414 4500 τοῖς
1443 4437 1805 4507 διδασκάλοις,
1827 4441 1914 4496 ἵνα
1948 4503 1975 4507 _
2020 4432 2351 4503 υτωεθρὶεεθ
2380 4442 2441 4489 ιιι
2482 4435 2730 4492 carnalia
2777 4452 2901 4493 cum
2944 4434 3224 4506 maBiSll'iS
3273 4437 3589 4492 communi-

333 4517 448 4571 τῶν
501 4520 889 4591 πίευματικῶν
938 4523 1117 4579 αὐτῶν
1159 4526 1561 4598 μεταλάϐωσιν.
1611 4531 1762 4585 Ἐπεὶ
1795 4533 1912 4598 πῶς

2028 4532 2254 4590 carent,
2295 4541 2406 4596 quo
2443 4526 2826 4598 spiritualium
2866 4528 3139 4584 honorum
3180 4543 3371 4583 eorum
3412 4529 3588 4600 parti-

333 4609 438 4663 οὐκ
469 4610 699 4679 ἠδύνατο
727 4614 755 4666 ὁ
782 4611 1008 4680 τούτους
1031 4616 1355 4682 πλουτίζων,
1390 4618 1631 4683 καὶτοὺς
1657 4621 1917 4677 διδασκά-

333 4700 465 4765 λους
511 4702 838 4770 πλουτίσαι;
878 4705 1020 4760 Ἀλλ’
1058 4709 1341 4782 οἰκονομίᾳ
1386 4710 1544 4765 τοῦτο
1585 4714 1909 4785 πεποίηκεν,

333 4796 425 4848 ἴνα
458 4794 554 4847 καὶ
588 4796 637 4849 οε
676 4796 985 4853 διδάσκοι).οι
1016 4800 1090 4871 μὴ
1122 4802 1564 4875 κατεπαίρωνται
1595 4806 1704 4859 τῶν
1736 4807 1914 4879 μαθη-

330 4885 467 4947 τῶν.
498 4886 573 4951 ὡς
602 4886 811 4959 δωρεὰν
833 4889 1029 4955 αὐτοὺς
1054 4891 1452 4959 πλουτίζοντες,
1484 4895 1624 4967 μήτε
1661 4897 1709 4951 οί
1738 4899 1915 4969 μαθη-

327 4979 425 5033 ταὶ
450 4978 765 5052 ἁκηδιῶσιν,
800 4981 874 5046 ὡς
902 4984 988 5037 ἀεὶ
1020 4984 1080 5038 ὲν
1112 4988 1176 5055 τῇ
1205 4985 1314 5040 τῶν
1337 4988 1724 5057 πτωχευόντων
1758 4989 1912 5055 ὄντες

325 5071 511 5139 τάξει,
552 5072 649 5126 καὶ
697 5073 866 5145 μηδὲν
919 5075 1297 5146 μεταδιδόντες
1351 5080 1555 5145 αὐτοῖς.
1604 5081 1703 5135 Διὰ
1753 5082 1911 5137 τοῦτο

326 5166 582 5221 ἀνάδοσιν
607 5166 701 5222 καὶ
732 5168 1014 5223 κοινωνίαν
1046 5171 1301 5227 ἐκέλευσε
1340 5172 1606 5244 γίνεσθαι,
1642 5176 1690 5230 εἰ
1724 5176 1816 5232 καὶ
1842 5178 1911 5233 τά

325 5260 440 5313 τῶν
461 5258 795 5316 διδασκάλων
831 5262 1175 5335 ἁσυγκρίτως
1206 5266 1447 5336 μείζονα.

407 5451 429 5485 ί
470 5435 535 5488 Ol
577 5434 643 5489 ῑκ
684 5436 783 5507 τῆς
836 5438 1117 5512 Καίσαρος
1137 5441 1337 5505 οἰκίας.
1379 5443 1444 5497 ἸΙ
1475 5445 1634 5516 χάρις
1663 5444 1755 5500 τοῦ
1793 5445 1905 5501 Κυ-

330 5523 455 5596 ρίου
500 5522 675 5596 ’ῐησοῦ
695 5526 955 5599 Χριστοῦ.
991 5548 1010 5582 ι

406 5615 821 5689 Παραμυθεῐται
883 5620 1087 5694 σφόδρα
1123 5621 1321 5689 αὐτοὺς
1346 5664 1360 5689 ,
1392 5622 1469 5695 τῷ
1517 5626 1597 5693 si;
1632 5627 1720 5680 τὸν
1761 5622 1904 5682 οἷκον

406 5792 453 5828 ⁸⁸
477 5792 613 5850 Luc.
650 5810 705 5863 ι,
729 5798 777 5851 7.

2020 4614 2175 4686 cipcs
2229 4615 2447 4673 ﬁerent.
2510 4620 2693 4675 Eccur
2749 4619 2895 4676 enim
2950 4635 3059 4675 non
3115 4627 3285 4689 queat
3338 4619 3430 4677 illc
3492 4620 3588 4691 qui

2018 4708 2168 4778 ipsos
2212 4709 2385 4774 ditat,
2432 4711 2735 4783 magistros
2776 4726 3001 4782 quoque
3048 4712 3434 4783 locupletare?
3481 4711 3590 4771 Sed

2016 4802 2275 4857 consulto
2300 4804 2352 4857 id
2382 4803 2548 4869 iecit,
2584 4820 2653 4859 ne
2685 4805 2935 4877 magistri
2972 4806 3240 4861 adversus
3276 4805 3588 4876 discipulos

2017 4895 2363 4965 arrogantius
2402 4895 2824 4963 extollerentur,
2869 4912 2934 4953 ac
2974 4897 3018 4952 si
3058 4896 3234 4967 gratis
3278 4898 3404 4953 illos
3444 4896 3589 4954 divi-

2017 4985 2110 5041 tiis
2144 4987 2262 5042 suis
2297 4996 2563 5057 augerent
2593 5006 2607 5045 :
2647 5004 2745 5045 nec
2777 5004 2998 5045 rursum
3034 4988 3294 5061 discipuli
3333 4991 3586 5045 titmrenti

2016 5078 2203 5133 animo
2230 5088 2417 5135 cssent
2437 5120 2453 5144 ,
2488 5081 2632 5151 quod
2663 5096 2881 5151 semper
2912 5084 3057 5136 inter
3087 5096 3291 5152 egenos
3319 5081 3588 5136 habercn.

2016 5178 2129 5233 tur,
2164 5168 2414 5239 nihilque
2444 5168 2528 5225 eis
2565 5170 2941 5240 impartircnt.
2980 5171 3252 5238 Quocirca
3288 5186 3589 5243 repensare

2015 5260 2297 5315 mandavit
2343 5269 2396 5316 et
2452 5260 2900 5327 communicare,
2962 5262 3216 5331 quamvis
3263 5276 3326 5317 ea
3380 5276 3502 5333 qua:
3549 5278 3581 5320 a

2016 5353 2304 5422 magistris
2336 5351 2678 5420 tribuuntur,
2706 5354 2865 5426 longe
2892 5354 3006 5410 sint
3034 5354 3441 5425 prmstautiora.

2090 5463 2108 5497 ι
2137 5445 2238 5512 Qut
2269 5445 2335 5502 de
2362 5444 2598 5505 Caesaris
2625 5448 2789 5504 domo
2816 5445 2967 5505 sunt.
2996 5448 3183 5504 Gratia
3214 5447 3430 5504 Domini
3456 5446 3583 5505 Jcsu

2012 5538 2238 5593 Christi.
2272 5558 2289 5591 ι

2088 5626 2293 5699 Ingenti
2333 5644 2426 5685 cos
2470 5629 2667 5687 solatio
2710 5628 2907 5701 allicit,
2948 5630 3079 5688 dum
3120 5631 3237 5701 ait,
3278 5633 3331 5687 in
3373 5628 3581 5703 ipsiusv
