  <div class='ocr_page' id='page_1' title='image "/cluster/home/n/w/nwhite01/storage/ocr_20150623/95/mdp.39015004289776/455.png"; bbox 0 0 4048 6290; ppageno 0'>
   <div class='ocr_carea' id='block_1_1' title="bbox 392 254 561 351">
    <p class='ocr_par' dir='ltr' id='par_1_1' title="bbox 392 254 561 351">
     <span class='ocr_line' id='line_1_1' title="bbox 392 254 561 351; baseline 0.018 -2"><span class='ocrx_word' id='word_1_1' title='bbox 392 254 395 259; x_wconf 74' lang='grc'><em>’</em></span> <span class='ocrx_word' id='word_1_2' title='bbox 454 285 561 351; x_wconf 82' lang='lat'><strong>887</strong></span> 
     </span>
    </p>
   </div>
   <div class='ocr_carea' id='block_1_2' title="bbox 1647 295 2544 379">
    <p class='ocr_par' dir='ltr' id='par_1_2' title="bbox 1647 295 2544 379">
     <span class='ocr_line' id='line_1_2' title="bbox 1647 295 2544 379; baseline 0.011 -21"><span class='ocrx_word' id='word_1_3' title='bbox 1647 296 1713 359; x_wconf 93' lang='lat' dir='ltr'><strong>S.</strong></span> <span class='ocrx_word' id='word_1_4' title='bbox 1743 295 2066 361; x_wconf 75' lang='lat' dir='ltr'><strong>JOANNIS</strong></span> <span class='ocrx_word' id='word_1_5' title='bbox 2105 299 2544 379; x_wconf 67' lang='lat' dir='ltr'><strong>DAMASCENI</strong></span> 
     </span>
    </p>
   </div>
   <div class='ocr_carea' id='block_1_3' title="bbox 3618 300 3730 365">
    <p class='ocr_par' dir='ltr' id='par_1_3' title="bbox 3618 300 3730 365">
     <span class='ocr_line' id='line_1_3' title="bbox 3618 300 3730 365; baseline -0.018 0"><span class='ocrx_word' id='word_1_6' title='bbox 3618 300 3730 365; x_wconf 84' lang='lat'><strong>888</strong></span> 
     </span>
    </p>
   </div>
   <div class='ocr_carea' id='block_1_4' title="bbox 457 400 2048 490">
    <p class='ocr_par' dir='ltr' id='par_1_4' title="bbox 457 400 2038 483">
     <span class='ocr_line' id='line_1_4' title="bbox 457 400 2038 483; baseline 0.007 -27"><span class='ocrx_word' id='word_1_7' title='bbox 457 408 726 460; x_wconf 74' lang='lat' dir='ltr'><strong>adversus</strong></span> <span class='ocrx_word' id='word_1_8' title='bbox 754 400 893 463; x_wconf 81' lang='lat' dir='ltr'><strong>istos</strong></span> <span class='ocrx_word' id='word_1_9' title='bbox 923 402 1066 461; x_wconf 83' lang='lat' dir='ltr'><strong>nihil</strong></span> <span class='ocrx_word' id='word_1_10' title='bbox 1094 402 1353 464; x_wconf 76' lang='lat' dir='ltr'><strong>diabolus</strong></span> <span class='ocrx_word' id='word_1_11' title='bbox 1380 407 1524 465; x_wconf 83' lang='lat' dir='ltr'><strong>valet</strong></span> <span class='ocrx_word' id='word_1_12' title='bbox 1570 426 1585 465; x_wconf 89' lang='lat'><strong>:</strong></span> <span class='ocrx_word' id='word_1_13' title='bbox 1622 400 1687 466; x_wconf 77' lang='lat' dir='ltr'><strong>et</strong></span> <span class='ocrx_word' id='word_1_14' title='bbox 1712 413 1806 483; x_wconf 87' lang='lat' dir='ltr'><strong>qui</strong></span> <span class='ocrx_word' id='word_1_15' title='bbox 1837 427 1904 469; x_wconf 77' lang='lat' dir='ltr'><strong>ex</strong></span> <span class='ocrx_word' id='word_1_16' title='bbox 1934 419 2038 467; x_wconf 89' lang='lat' dir='ltr'><strong>hac</strong></span> 
     </span>
    </p>
   </div>
   <div class='ocr_carea' id='block_1_5' title="bbox 2149 400 3728 490">
    <p class='ocr_par' dir='ltr' id='par_1_5' title="bbox 2149 401 3728 490">
     <span class='ocr_line' id='line_1_5' title="bbox 2149 401 3728 490; baseline -0.002 -19"><span class='ocrx_word' id='word_1_17' title='bbox 2149 416 2322 490; x_wconf 82' lang='grc' dir='ltr'>ίσχύει</span> <span class='ocrx_word' id='word_1_18' title='bbox 2348 401 2617 484; x_wconf 75' lang='grc' dir='ltr'>διάϐολος.</span> <span class='ocrx_word' id='word_1_19' title='bbox 2661 417 2725 474; x_wconf 81' lang='lat' dir='ltr'><strong>Oi</strong></span> <span class='ocrx_word' id='word_1_20' title='bbox 2759 414 2818 472; x_wconf 80' lang='grc' dir='ltr'><strong>δὲ</strong></span> <span class='ocrx_word' id='word_1_21' title='bbox 2848 415 2948 489; x_wconf 76' lang='grc' dir='ltr'>τὴν</span> <span class='ocrx_word' id='word_1_22' title='bbox 2981 413 3236 486; x_wconf 71' lang='grc' dir='ltr'>ἐξουσίαν</span> <span class='ocrx_word' id='word_1_23' title='bbox 3266 413 3474 489; x_wconf 86' lang='grc' dir='ltr'>ταύτην</span> <span class='ocrx_word' id='word_1_24' title='bbox 3511 412 3728 483; x_wconf 68' lang='grc' dir='ltr'>ἀποφυ-</span> 
     </span>
    </p>
   </div>
   <div class='ocr_carea' id='block_1_6' title="bbox 458 499 2036 577">
    <p class='ocr_par' dir='ltr' id='par_1_6' title="bbox 458 499 2036 577">
     <span class='ocr_line' id='line_1_6' title="bbox 458 499 2036 577; baseline 0.007 -27"><span class='ocrx_word' id='word_1_25' title='bbox 458 504 730 567; x_wconf 81' lang='lat' dir='ltr'><strong>potestate</strong></span> <span class='ocrx_word' id='word_1_26' title='bbox 781 506 1107 568; x_wconf 89' lang='lat' dir='ltr'><strong>evaserunt,</strong></span> <span class='ocrx_word' id='word_1_27' title='bbox 1137 499 1194 555; x_wconf 88' lang='lat' dir='ltr'><strong>hi</strong></span> <span class='ocrx_word' id='word_1_28' title='bbox 1232 502 1340 558; x_wconf 85' lang='lat' dir='ltr'><strong>sub</strong></span> <span class='ocrx_word' id='word_1_29' title='bbox 1375 516 1546 574; x_wconf 90' lang='lat' dir='ltr'><strong>regno</strong></span> <span class='ocrx_word' id='word_1_30' title='bbox 1586 500 1714 559; x_wconf 86' lang='lat' dir='ltr'><strong>Filii</strong></span> <span class='ocrx_word' id='word_1_31' title='bbox 1749 513 1903 566; x_wconf 87' lang='lat' dir='ltr'><strong>sunt.</strong></span> <span class='ocrx_word' id='word_1_32' title='bbox 1940 519 2036 577; x_wconf 89' lang='lat' dir='ltr'><strong>per</strong></span> 
     </span>
    </p>
   </div>
   <div class='ocr_carea' id='block_1_7' title="bbox 456 590 2043 668">
    <p class='ocr_par' dir='ltr' id='par_1_7' title="bbox 456 590 2043 668">
     <span class='ocr_line' id='line_1_7' title="bbox 456 590 2043 668; baseline 0.005 -23"><span class='ocrx_word' id='word_1_33' title='bbox 456 605 622 661; x_wconf 93' lang='lat' dir='ltr'><strong>quem</strong></span> <span class='ocrx_word' id='word_1_34' title='bbox 662 590 1001 649; x_wconf 74' lang='lat' dir='ltr'><strong>revertimur</strong></span> <span class='ocrx_word' id='word_1_35' title='bbox 1032 593 1090 650; x_wconf 91' lang='lat' dir='ltr'><strong>in</strong></span> <span class='ocrx_word' id='word_1_36' title='bbox 1120 610 1354 668; x_wconf 83' lang='lat' dir='ltr'><strong>regnum</strong></span> <span class='ocrx_word' id='word_1_37' title='bbox 1386 594 1593 652; x_wconf 86' lang='lat' dir='ltr'><strong>Patris.</strong></span> <span class='ocrx_word' id='word_1_38' title='bbox 1638 595 1911 664; x_wconf 84' lang='lat' dir='ltr'><strong>Quoniam</strong></span> <span class='ocrx_word' id='word_1_39' title='bbox 1941 612 2043 653; x_wconf 84' lang='lat' dir='ltr'><strong>au-</strong></span> 
     </span>
    </p>
   </div>
   <div class='ocr_carea' id='block_1_8' title="bbox 456 684 2038 764">
    <p class='ocr_par' dir='ltr' id='par_1_8' title="bbox 456 684 2038 764">
     <span class='ocr_line' id='line_1_8' title="bbox 456 684 2038 764; baseline 0.006 -24"><span class='ocrx_word' id='word_1_40' title='bbox 456 696 568 740; x_wconf 90' lang='lat' dir='ltr'><strong>tem</strong></span> <span class='ocrx_word' id='word_1_41' title='bbox 597 684 813 743; x_wconf 88' lang='lat' dir='ltr'><strong>dictum</strong></span> <span class='ocrx_word' id='word_1_42' title='bbox 860 687 967 745; x_wconf 87' lang='lat' dir='ltr'><strong>hoc</strong></span> <span class='ocrx_word' id='word_1_43' title='bbox 1002 687 1072 745; x_wconf 87' lang='lat' dir='ltr'><strong>ad</strong></span> <span class='ocrx_word' id='word_1_44' title='bbox 1121 690 1527 749; x_wconf 76' lang='lat' dir='ltr'><strong>incarnationis</strong></span> <span class='ocrx_word' id='word_1_45' title='bbox 1558 691 2038 764; x_wconf 73' lang='lat' dir='ltr'><strong>dispensationem</strong></span> 
     </span>
    </p>
   </div>
   <div class='ocr_carea' id='block_1_9' title="bbox 456 776 2039 850">
    <p class='ocr_par' dir='ltr' id='par_1_9' title="bbox 456 776 2039 850">
     <span class='ocr_line' id='line_1_9' title="bbox 456 776 2039 850; baseline 0.004 -19"><span class='ocrx_word' id='word_1_46' title='bbox 456 783 693 847; x_wconf 88' lang='lat' dir='ltr'><strong>spectat,</strong></span> <span class='ocrx_word' id='word_1_47' title='bbox 746 776 958 836; x_wconf 89' lang='lat' dir='ltr'><strong>idcirco</strong></span> <span class='ocrx_word' id='word_1_48' title='bbox 997 778 1207 837; x_wconf 84' lang='lat' dir='ltr'><strong>dicitur</strong></span> <span class='ocrx_word' id='word_1_49' title='bbox 1252 780 1558 839; x_wconf 73' lang='lat' dir='ltr'><strong>dilectionis</strong></span> <span class='ocrx_word' id='word_1_50' title='bbox 1598 783 1782 839; x_wconf 78' lang='lat' dir='ltr'><strong>Patris</strong></span> <span class='ocrx_word' id='word_1_51' title='bbox 1836 782 2039 850; x_wconf 74' lang='lat' dir='ltr'><strong>Filius,</strong></span> 
     </span>
    </p>
   </div>
   <div class='ocr_carea' id='block_1_10' title="bbox 458 866 2040 948">
    <p class='ocr_par' dir='ltr' id='par_1_10' title="bbox 458 866 2040 948">
     <span class='ocr_line' id='line_1_10' title="bbox 458 866 2040 948; baseline 0.007 -26"><span class='ocrx_word' id='word_1_52' title='bbox 458 866 555 939; x_wconf 88' lang='lat' dir='ltr'><strong>qui</strong></span> <span class='ocrx_word' id='word_1_53' title='bbox 613 882 716 940; x_wconf 91' lang='lat' dir='ltr'><strong>pro</strong></span> <span class='ocrx_word' id='word_1_54' title='bbox 766 870 1171 928; x_wconf 86' lang='lat' dir='ltr'><strong>ministratoria</strong></span> <span class='ocrx_word' id='word_1_55' title='bbox 1215 889 1341 939; x_wconf 89' lang='lat' dir='ltr'><strong>sua,</strong></span> <span class='ocrx_word' id='word_1_56' title='bbox 1381 890 1549 948; x_wconf 92' lang='lat' dir='ltr'><strong>quam</strong></span> <span class='ocrx_word' id='word_1_57' title='bbox 1595 876 1739 933; x_wconf 92' lang='lat' dir='ltr'><strong>inter</strong></span> <span class='ocrx_word' id='word_1_58' title='bbox 1788 877 2040 934; x_wconf 85' lang='lat' dir='ltr'><strong>homines</strong></span> 
     </span>
    </p>
   </div>
   <div class='ocr_carea' id='block_1_11' title="bbox 462 961 2044 1044">
    <p class='ocr_par' dir='ltr' id='par_1_11' title="bbox 462 961 2044 1044">
     <span class='ocr_line' id='line_1_11' title="bbox 462 961 2044 1044; baseline 0.005 -25"><span class='ocrx_word' id='word_1_59' title='bbox 462 961 661 1033; x_wconf 81' lang='lat' dir='ltr'><strong>gessit,</strong></span> <span class='ocrx_word' id='word_1_60' title='bbox 694 962 1003 1033; x_wconf 81' lang='lat' dir='ltr'><strong>iunctione,</strong></span> <span class='ocrx_word' id='word_1_61' title='bbox 1036 967 1156 1025; x_wconf 88' lang='lat' dir='ltr'><strong>vice</strong></span> <span class='ocrx_word' id='word_1_62' title='bbox 1198 968 1490 1026; x_wconf 81' lang='lat' dir='ltr'><strong>hominum</strong></span> <span class='ocrx_word' id='word_1_63' title='bbox 1519 978 1576 1028; x_wconf 90' lang='lat' dir='ltr'><strong>et</strong></span> <span class='ocrx_word' id='word_1_64' title='bbox 1606 979 1835 1044; x_wconf 84' lang='lat' dir='ltr'><strong>propter</strong></span> <span class='ocrx_word' id='word_1_65' title='bbox 1863 972 2044 1027; x_wconf 87' lang='lat' dir='ltr'><strong>homi-</strong></span> 
     </span>
    </p>
   </div>
   <div class='ocr_carea' id='block_1_12' title="bbox 458 1054 2049 1136">
    <p class='ocr_par' dir='ltr' id='par_1_12' title="bbox 458 1054 2049 1136">
     <span class='ocr_line' id='line_1_12' title="bbox 458 1054 2049 1136; baseline 0.005 -25"><span class='ocrx_word' id='word_1_66' title='bbox 458 1069 561 1112; x_wconf 85' lang='lat' dir='ltr'><strong>nes</strong></span> <span class='ocrx_word' id='word_1_67' title='bbox 618 1054 861 1116; x_wconf 86' lang='lat' dir='ltr'><strong>dilectus</strong></span> <span class='ocrx_word' id='word_1_68' title='bbox 914 1066 1022 1128; x_wconf 83' lang='lat' dir='ltr'><strong>est,</strong></span> <span class='ocrx_word' id='word_1_69' title='bbox 1064 1068 1119 1117; x_wconf 90' lang='lat' dir='ltr'><strong>et</strong></span> <span class='ocrx_word' id='word_1_70' title='bbox 1166 1060 1221 1116; x_wconf 92' lang='lat' dir='ltr'><strong>in</strong></span> <span class='ocrx_word' id='word_1_71' title='bbox 1282 1062 1423 1119; x_wconf 85' lang='lat' dir='ltr'><strong>servi</strong></span> <span class='ocrx_word' id='word_1_72' title='bbox 1474 1063 1654 1119; x_wconf 82' lang='lat' dir='ltr'><strong>forma</strong></span> <span class='ocrx_word' id='word_1_73' title='bbox 1713 1064 2049 1136; x_wconf 80' lang='lat' dir='ltr'><strong>adimplevit</strong></span> 
     </span>
    </p>
   </div>
   <div class='ocr_carea' id='block_1_13' title="bbox 457 1145 2045 1228">
    <p class='ocr_par' dir='ltr' id='par_1_13' title="bbox 457 1145 2045 1228">
     <span class='ocr_line' id='line_1_13' title="bbox 457 1145 2045 1228; baseline 0.006 -26"><span class='ocrx_word' id='word_1_74' title='bbox 457 1161 583 1219; x_wconf 68' lang='lat' dir='ltr'><strong>quae</strong></span> <span class='ocrx_word' id='word_1_75' title='bbox 609 1145 872 1208; x_wconf 84' lang='lat' dir='ltr'><strong>deessent</strong></span> <span class='ocrx_word' id='word_1_76' title='bbox 905 1152 1134 1210; x_wconf 89' lang='lat' dir='ltr'><strong>mundo.</strong></span> <span class='ocrx_word' id='word_1_77' title='bbox 1180 1154 1284 1210; x_wconf 85' lang='lat' dir='ltr'><strong>Per</strong></span> <span class='ocrx_word' id='word_1_78' title='bbox 1326 1158 1639 1228; x_wconf 75' lang='lat' dir='ltr'><strong>sanguinem</strong></span> <span class='ocrx_word' id='word_1_79' title='bbox 1674 1157 2045 1227; x_wconf 71' lang='lat' dir='ltr'><strong>ejus’redem—</strong></span> 
     </span>
    </p>
   </div>
   <div class='ocr_carea' id='block_1_14' title="bbox 458 1239 2044 1321">
    <p class='ocr_par' dir='ltr' id='par_1_14' title="bbox 458 1239 2044 1321">
     <span class='ocr_line' id='line_1_14' title="bbox 458 1239 2044 1321; baseline 0.006 -27"><span class='ocrx_word' id='word_1_80' title='bbox 458 1239 707 1311; x_wconf 86' lang='lat' dir='ltr'><strong>ptionem</strong></span> <span class='ocrx_word' id='word_1_81' title='bbox 755 1258 885 1300; x_wconf 88' lang='lat' dir='ltr'><strong>esse</strong></span> <span class='ocrx_word' id='word_1_82' title='bbox 928 1243 1133 1301; x_wconf 80' lang='lat' dir='ltr'><strong>iactam</strong></span> <span class='ocrx_word' id='word_1_83' title='bbox 1185 1245 1342 1302; x_wconf 87' lang='lat' dir='ltr'><strong>dicit.</strong></span> <span class='ocrx_word' id='word_1_84' title='bbox 1373 1245 1511 1303; x_wconf 86' lang='lat' dir='ltr'><strong>Nam</strong></span> <span class='ocrx_word' id='word_1_85' title='bbox 1544 1248 1665 1305; x_wconf 87' lang='lat' dir='ltr'><strong>vice</strong></span> <span class='ocrx_word' id='word_1_86' title='bbox 1717 1247 1879 1321; x_wconf 86' lang='lat' dir='ltr'><strong>pretii</strong></span> <span class='ocrx_word' id='word_1_87' title='bbox 1911 1262 2044 1303; x_wconf 85' lang='lat' dir='ltr'><strong>san-</strong></span> 
     </span>
    </p>
   </div>
   <div class='ocr_carea' id='block_1_15' title="bbox 460 1332 2039 1413">
    <p class='ocr_par' dir='ltr' id='par_1_15' title="bbox 460 1332 2039 1413">
     <span class='ocr_line' id='line_1_15' title="bbox 460 1332 2039 1413; baseline 0.004 -25"><span class='ocrx_word' id='word_1_88' title='bbox 460 1334 584 1407; x_wconf 92' lang='lat' dir='ltr'><strong>guis</strong></span> <span class='ocrx_word' id='word_1_89' title='bbox 617 1332 837 1395; x_wconf 89' lang='lat' dir='ltr'><strong>Domini</strong></span> <span class='ocrx_word' id='word_1_90' title='bbox 878 1336 1043 1396; x_wconf 82' lang='lat' dir='ltr'><strong>datus</strong></span> <span class='ocrx_word' id='word_1_91' title='bbox 1070 1347 1177 1404; x_wconf 88' lang='lat' dir='ltr'><strong>est,</strong></span> <span class='ocrx_word' id='word_1_92' title='bbox 1212 1356 1323 1413; x_wconf 91' lang='lat' dir='ltr'><strong>quo</strong></span> <span class='ocrx_word' id='word_1_93' title='bbox 1364 1340 1421 1397; x_wconf 91' lang='lat' dir='ltr'><strong>in</strong></span> <span class='ocrx_word' id='word_1_94' title='bbox 1474 1341 1655 1397; x_wconf 82' lang='lat' dir='ltr'><strong>lucem</strong></span> <span class='ocrx_word' id='word_1_95' title='bbox 1700 1341 2039 1408; x_wconf 86' lang='lat' dir='ltr'><strong>educuntur,</strong></span> 
     </span>
    </p>
   </div>
   <div class='ocr_carea' id='block_1_16' title="bbox 459 1427 2041 1505">
    <p class='ocr_par' dir='ltr' id='par_1_16' title="bbox 459 1427 2041 1505">
     <span class='ocr_line' id='line_1_16' title="bbox 459 1427 2041 1505; baseline 0.004 -24"><span class='ocrx_word' id='word_1_96' title='bbox 459 1427 556 1500; x_wconf 89' lang='lat' dir='ltr'><strong>qui</strong></span> <span class='ocrx_word' id='word_1_97' title='bbox 590 1440 767 1487; x_wconf 73' lang='lat' dir='ltr'><strong>inerte</strong></span> <span class='ocrx_word' id='word_1_98' title='bbox 793 1431 1128 1489; x_wconf 76' lang='lat' dir='ltr'><strong>tenebantur</strong></span> <span class='ocrx_word' id='word_1_99' title='bbox 1157 1432 1388 1505; x_wconf 80' lang='lat' dir='ltr'><strong>captivi.</strong></span> <span class='ocrx_word' id='word_1_100' title='bbox 1419 1434 1575 1491; x_wconf 79' lang='lat' dir='ltr'><strong>Alias</strong></span> <span class='ocrx_word' id='word_1_101' title='bbox 1602 1433 1750 1490; x_wconf 90' lang='lat' dir='ltr'><strong>enim</strong></span> <span class='ocrx_word' id='word_1_102' title='bbox 1781 1432 1899 1489; x_wconf 81' lang='lat' dir='ltr'><strong>ﬁeri</strong></span> <span class='ocrx_word' id='word_1_103' title='bbox 1931 1448 2041 1489; x_wconf 86' lang='lat' dir='ltr'><strong>non</strong></span> 
     </span>
    </p>
   </div>
   <div class='ocr_carea' id='block_1_17' title="bbox 458 1526 2045 1599">
    <p class='ocr_par' dir='ltr' id='par_1_17' title="bbox 458 1526 2045 1599">
     <span class='ocr_line' id='line_1_17' title="bbox 458 1526 2045 1599; baseline 0.003 -23"><span class='ocrx_word' id='word_1_104' title='bbox 458 1530 669 1593; x_wconf 85' lang='lat' dir='ltr'><strong>potest,</strong></span> <span class='ocrx_word' id='word_1_105' title='bbox 704 1530 765 1578; x_wconf 91' lang='lat' dir='ltr'><strong>ut</strong></span> <span class='ocrx_word' id='word_1_106' title='bbox 793 1533 1129 1581; x_wconf 84' lang='lat' dir='ltr'><strong>revocentur</strong></span> <span class='ocrx_word' id='word_1_107' title='bbox 1160 1527 1251 1598; x_wconf 90' lang='lat' dir='ltr'><strong>qui</strong></span> <span class='ocrx_word' id='word_1_108' title='bbox 1287 1541 1459 1599; x_wconf 83' lang='lat' dir='ltr'><strong>regno</strong></span> <span class='ocrx_word' id='word_1_109' title='bbox 1501 1528 1699 1585; x_wconf 87' lang='lat' dir='ltr'><strong>mortis</strong></span> <span class='ocrx_word' id='word_1_110' title='bbox 1727 1526 2045 1598; x_wconf 83' lang='lat' dir='ltr'><strong>subjiciun-</strong></span> 
     </span>
    </p>
   </div>
   <div class='ocr_carea' id='block_1_18' title="bbox 461 1614 2039 1695">
    <p class='ocr_par' dir='ltr' id='par_1_18' title="bbox 461 1614 2039 1695">
     <span class='ocr_line' id='line_1_18' title="bbox 461 1614 2039 1695; baseline 0.004 -26"><span class='ocrx_word' id='word_1_111' title='bbox 461 1622 579 1680; x_wconf 86' lang='lat' dir='ltr'><strong>tur,</strong></span> <span class='ocrx_word' id='word_1_112' title='bbox 622 1614 726 1672; x_wconf 85' lang='lat' dir='ltr'><strong>nisi</strong></span> <span class='ocrx_word' id='word_1_113' title='bbox 763 1631 860 1689; x_wconf 84' lang='lat' dir='ltr'><strong>per</strong></span> <span class='ocrx_word' id='word_1_114' title='bbox 894 1617 1052 1673; x_wconf 90' lang='lat' dir='ltr'><strong>illum</strong></span> <span class='ocrx_word' id='word_1_115' title='bbox 1092 1620 1190 1691; x_wconf 87' lang='lat' dir='ltr'><strong>qui</strong></span> <span class='ocrx_word' id='word_1_116' title='bbox 1237 1622 1439 1677; x_wconf 85' lang='lat' dir='ltr'><strong>mortis</strong></span> <span class='ocrx_word' id='word_1_117' title='bbox 1480 1621 1763 1695; x_wconf 84' lang='lat' dir='ltr'><strong>particeps</strong></span> <span class='ocrx_word' id='word_1_118' title='bbox 1797 1621 2039 1689; x_wconf 80' lang='lat' dir='ltr'><strong>exstitit,</strong></span> 
     </span>
    </p>
   </div>
   <div class='ocr_carea' id='block_1_19' title="bbox 460 1706 1324 1783">
    <p class='ocr_par' dir='ltr' id='par_1_19' title="bbox 460 1706 1324 1783">
     <span class='ocr_line' id='line_1_19' title="bbox 460 1706 1324 1783; baseline 0.007 -19"><span class='ocrx_word' id='word_1_119' title='bbox 460 1706 625 1766; x_wconf 88' lang='lat' dir='ltr'><strong>nobis</strong></span> <span class='ocrx_word' id='word_1_120' title='bbox 652 1708 757 1765; x_wconf 84' lang='lat' dir='ltr'><strong>iter</strong></span> <span class='ocrx_word' id='word_1_121' title='bbox 782 1709 851 1765; x_wconf 82' lang='lat' dir='ltr'><strong>ad</strong></span> <span class='ocrx_word' id='word_1_122' title='bbox 881 1709 1048 1767; x_wconf 87' lang='lat' dir='ltr'><strong>vitam</strong></span> <span class='ocrx_word' id='word_1_123' title='bbox 1086 1712 1324 1783; x_wconf 87' lang='lat' dir='ltr'><strong>paravit.</strong></span> 
     </span>
    </p>
   </div>
   <div class='ocr_carea' id='block_1_20' title="bbox 530 1778 2113 1880">
    <p class='ocr_par' dir='ltr' id='par_1_20' title="bbox 530 1778 2113 1880">
     <span class='ocr_line' id='line_1_20' title="bbox 530 1778 2113 1880; baseline 0.003 -21"><span class='ocrx_word' id='word_1_124' title='bbox 530 1802 694 1873; x_wconf 62' lang='grc' dir='ltr'><strong>εστ</strong></span> <span class='ocrx_word' id='word_1_125' title='bbox 715 1800 1036 1859; x_wconf 71' lang='lat' dir='ltr'><strong>Vsus.15.r</strong></span> <span class='ocrx_word' id='word_1_126' title='bbox 1059 1778 1165 1872; x_wconf 63' lang='lat' dir='ltr'><strong>Qui</strong></span> <span class='ocrx_word' id='word_1_127' title='bbox 1193 1814 1279 1862; x_wconf 87' lang='lat' dir='ltr'><strong>est</strong></span> <span class='ocrx_word' id='word_1_128' title='bbox 1309 1808 1494 1880; x_wconf 87' lang='lat' dir='ltr'><strong>imago</strong></span> <span class='ocrx_word' id='word_1_129' title='bbox 1528 1804 1626 1864; x_wconf 90' lang='lat' dir='ltr'><strong>Dei</strong></span> <span class='ocrx_word' id='word_1_130' title='bbox 1662 1806 2033 1869; x_wconf 61' lang='lat' dir='ltr'><strong>invisibilis.»</strong></span> <span class='ocrx_word' id='word_1_131' title='bbox 2068 1778 2113 1837; x_wconf 74' lang='grc' dir='ltr'><strong>Β</strong></span> 
     </span>
    </p>
   </div>
   <div class='ocr_carea' id='block_1_21' title="bbox 532 1893 2037 1972">
    <p class='ocr_par' dir='ltr' id='par_1_21' title="bbox 532 1893 2037 1972">
     <span class='ocr_line' id='line_1_21' title="bbox 532 1893 2037 1972; baseline 0.007 -22"><span class='ocrx_word' id='word_1_132' title='bbox 532 1893 739 1951; x_wconf 67' lang='lat' dir='ltr'><strong>Gratiae</strong></span> <span class='ocrx_word' id='word_1_133' title='bbox 792 1896 1076 1953; x_wconf 85' lang='lat' dir='ltr'><strong>enarratio</strong></span> <span class='ocrx_word' id='word_1_134' title='bbox 1126 1898 1195 1954; x_wconf 88' lang='lat' dir='ltr'><strong>ad</strong></span> <span class='ocrx_word' id='word_1_135' title='bbox 1227 1899 1569 1972; x_wconf 73' lang='lat' dir='ltr'><strong>theologiam</strong></span> <span class='ocrx_word' id='word_1_136' title='bbox 1606 1902 1868 1959; x_wconf 86' lang='lat' dir='ltr'><strong>recurrit.</strong></span> <span class='ocrx_word' id='word_1_137' title='bbox 1899 1901 2037 1959; x_wconf 86' lang='lat' dir='ltr'><strong>Nam</strong></span> 
     </span>
    </p>
   </div>
   <div class='ocr_carea' id='block_1_22' title="bbox 457 1986 2039 2064">
    <p class='ocr_par' dir='ltr' id='par_1_22' title="bbox 457 1986 2039 2064">
     <span class='ocr_line' id='line_1_22' title="bbox 457 1986 2039 2064; baseline 0.004 -21"><span class='ocrx_word' id='word_1_138' title='bbox 457 2000 527 2043; x_wconf 82' lang='lat' dir='ltr'><strong>ex</strong></span> <span class='ocrx_word' id='word_1_139' title='bbox 567 1986 890 2059; x_wconf 87' lang='lat' dir='ltr'><strong>operatione</strong></span> <span class='ocrx_word' id='word_1_140' title='bbox 920 2003 1087 2061; x_wconf 89' lang='lat' dir='ltr'><strong>quam</strong></span> <span class='ocrx_word' id='word_1_141' title='bbox 1135 1990 1191 2045; x_wconf 92' lang='lat' dir='ltr'><strong>in</strong></span> <span class='ocrx_word' id='word_1_142' title='bbox 1221 1991 1461 2048; x_wconf 90' lang='lat' dir='ltr'><strong>adventu</strong></span> <span class='ocrx_word' id='word_1_143' title='bbox 1496 2007 1598 2049; x_wconf 89' lang='lat' dir='ltr'><strong>suo</strong></span> <span class='ocrx_word' id='word_1_144' title='bbox 1627 1996 1909 2064; x_wconf 70' lang='lat' dir='ltr'><strong>praestitit,</strong></span> <span class='ocrx_word' id='word_1_145' title='bbox 1941 1995 2039 2052; x_wconf 90' lang='lat' dir='ltr'><strong>Dei</strong></span> 
     </span>
    </p>
   </div>
   <div class='ocr_carea' id='block_1_23' title="bbox 456 2080 2030 2154">
    <p class='ocr_par' dir='ltr' id='par_1_23' title="bbox 456 2080 2030 2154">
     <span class='ocr_line' id='line_1_23' title="bbox 456 2080 2030 2154; baseline 0.006 -20"><span class='ocrx_word' id='word_1_146' title='bbox 456 2086 722 2134; x_wconf 83' lang='lat' dir='ltr'><strong>naturam</strong></span> <span class='ocrx_word' id='word_1_147' title='bbox 755 2080 1012 2135; x_wconf 84' lang='lat' dir='ltr'><strong>novimus</strong></span> <span class='ocrx_word' id='word_1_148' title='bbox 1042 2094 1168 2151; x_wconf 67' lang='lat' dir='ltr'><strong>qua:</strong></span> <span class='ocrx_word' id='word_1_149' title='bbox 1196 2092 1325 2138; x_wconf 85' lang='lat' dir='ltr'><strong>ante</strong></span> <span class='ocrx_word' id='word_1_150' title='bbox 1374 2081 1555 2154; x_wconf 84' lang='lat' dir='ltr'><strong>ipsius</strong></span> <span class='ocrx_word' id='word_1_151' title='bbox 1593 2083 1897 2141; x_wconf 83' lang='lat' dir='ltr'><strong>adventum</strong></span> <span class='ocrx_word' id='word_1_152' title='bbox 1941 2100 2030 2142; x_wconf 79' lang='lat' dir='ltr'><strong>ex-</strong></span> 
     </span>
    </p>
   </div>
   <div class='ocr_carea' id='block_1_24' title="bbox 459 2169 2040 2246">
    <p class='ocr_par' dir='ltr' id='par_1_24' title="bbox 459 2169 2040 2246">
     <span class='ocr_line' id='line_1_24' title="bbox 459 2169 2040 2246; baseline 0.004 -19"><span class='ocrx_word' id='word_1_153' title='bbox 459 2170 668 2227; x_wconf 80' lang='lat' dir='ltr'><strong>stabat.</strong></span> <span class='ocrx_word' id='word_1_154' title='bbox 730 2169 825 2228; x_wconf 87' lang='lat' dir='ltr'><strong>Dci</strong></span> <span class='ocrx_word' id='word_1_155' title='bbox 878 2170 1150 2244; x_wconf 88' lang='lat' dir='ltr'><strong>siquidem</strong></span> <span class='ocrx_word' id='word_1_156' title='bbox 1183 2187 1325 2246; x_wconf 82' lang='lat' dir='ltr'><strong>Opus</strong></span> <span class='ocrx_word' id='word_1_157' title='bbox 1367 2182 1476 2242; x_wconf 90' lang='lat' dir='ltr'><strong>est,</strong></span> <span class='ocrx_word' id='word_1_158' title='bbox 1513 2176 1794 2232; x_wconf 79' lang='lat' dir='ltr'><strong>exstincta</strong></span> <span class='ocrx_word' id='word_1_159' title='bbox 1836 2185 2040 2244; x_wconf 87' lang='lat' dir='ltr'><strong>morte,</strong></span> 
     </span>
    </p>
   </div>
   <div class='ocr_carea' id='block_1_25' title="bbox 458 2263 2045 2340">
    <p class='ocr_par' dir='ltr' id='par_1_25' title="bbox 458 2263 2045 2340">
     <span class='ocr_line' id='line_1_25' title="bbox 458 2263 2045 2340; baseline 0.005 -22"><span class='ocrx_word' id='word_1_160' title='bbox 458 2278 565 2336; x_wconf 87' lang='lat' dir='ltr'><strong>pro</strong></span> <span class='ocrx_word' id='word_1_161' title='bbox 600 2278 664 2319; x_wconf 87' lang='lat' dir='ltr'><strong>ea</strong></span> <span class='ocrx_word' id='word_1_162' title='bbox 696 2263 869 2320; x_wconf 89' lang='lat' dir='ltr'><strong>vitam</strong></span> <span class='ocrx_word' id='word_1_163' title='bbox 915 2264 1162 2330; x_wconf 82' lang='lat' dir='ltr'><strong>restitui,</strong></span> <span class='ocrx_word' id='word_1_164' title='bbox 1213 2267 1599 2340; x_wconf 86' lang='lat' dir='ltr'><strong>mundumque</strong></span> <span class='ocrx_word' id='word_1_165' title='bbox 1628 2267 1699 2325; x_wconf 87' lang='lat' dir='ltr'><strong>ad</strong></span> <span class='ocrx_word' id='word_1_166' title='bbox 1729 2267 1903 2324; x_wconf 86' lang='lat' dir='ltr'><strong>Deum</strong></span> <span class='ocrx_word' id='word_1_167' title='bbox 1951 2284 2045 2326; x_wconf 77' lang='lat' dir='ltr'><strong>re-</strong></span> 
     </span>
    </p>
   </div>
   <div class='ocr_carea' id='block_1_26' title="bbox 460 2355 2046 2432">
    <p class='ocr_par' dir='ltr' id='par_1_26' title="bbox 460 2355 2046 2432">
     <span class='ocr_line' id='line_1_26' title="bbox 460 2355 2046 2432; baseline 0.006 -23"><span class='ocrx_word' id='word_1_168' title='bbox 460 2357 672 2414; x_wconf 83' lang='lat' dir='ltr'><strong>vocari.</strong></span> <span class='ocrx_word' id='word_1_169' title='bbox 711 2355 840 2415; x_wconf 83' lang='lat' dir='ltr'><strong>Ideo</strong></span> <span class='ocrx_word' id='word_1_170' title='bbox 866 2355 1039 2415; x_wconf 88' lang='lat' dir='ltr'><strong>dicit:</strong></span> <span class='ocrx_word' id='word_1_171' title='bbox 1069 2358 1161 2431; x_wconf 86' lang='lat' dir='ltr'><strong>qui</strong></span> <span class='ocrx_word' id='word_1_172' title='bbox 1189 2369 1268 2415; x_wconf 78' lang='lat' dir='ltr'><strong>est</strong></span> <span class='ocrx_word' id='word_1_173' title='bbox 1309 2360 1487 2432; x_wconf 84' lang='lat' dir='ltr'><strong>imaqo</strong></span> <span class='ocrx_word' id='word_1_174' title='bbox 1509 2361 1613 2417; x_wconf 83' lang='lat' dir='ltr'><strong>Dei</strong></span> <span class='ocrx_word' id='word_1_175' title='bbox 1642 2361 1953 2430; x_wconf 72' lang='lat' dir='ltr'><strong>invisibilis,</strong></span> <span class='ocrx_word' id='word_1_176' title='bbox 1987 2373 2046 2420; x_wconf 90' lang='lat' dir='ltr'><strong>ut</strong></span> 
     </span>
    </p>
   </div>
   <div class='ocr_carea' id='block_1_27' title="bbox 461 2448 2047 2525">
    <p class='ocr_par' dir='ltr' id='par_1_27' title="bbox 461 2448 2047 2525">
     <span class='ocr_line' id='line_1_27' title="bbox 461 2448 2047 2525; baseline 0.004 -20"><span class='ocrx_word' id='word_1_177' title='bbox 461 2457 739 2506; x_wconf 86' lang='lat' dir='ltr'><strong>monstret</strong></span> <span class='ocrx_word' id='word_1_178' title='bbox 772 2448 920 2507; x_wconf 78' lang='lat' dir='ltr'><strong>hune</strong></span> <span class='ocrx_word' id='word_1_179' title='bbox 943 2464 1070 2508; x_wconf 85' lang='lat' dir='ltr'><strong>esse</strong></span> <span class='ocrx_word' id='word_1_180' title='bbox 1116 2450 1312 2514; x_wconf 86' lang='lat' dir='ltr'><strong>Deum.</strong></span> <span class='ocrx_word' id='word_1_181' title='bbox 1347 2467 1451 2509; x_wconf 89' lang='lat' dir='ltr'><strong>nec</strong></span> <span class='ocrx_word' id='word_1_182' title='bbox 1490 2461 1674 2509; x_wconf 86' lang='lat' dir='ltr'><strong>tamen</strong></span> <span class='ocrx_word' id='word_1_183' title='bbox 1709 2454 1894 2525; x_wconf 90' lang='lat' dir='ltr'><strong>ipsum</strong></span> <span class='ocrx_word' id='word_1_184' title='bbox 1921 2469 2047 2512; x_wconf 85' lang='lat' dir='ltr'><strong>esse</strong></span> 
     </span>
    </p>
   </div>
   <div class='ocr_carea' id='block_1_28' title="bbox 460 2540 2047 2618">
    <p class='ocr_par' dir='ltr' id='par_1_28' title="bbox 460 2540 2047 2618">
     <span class='ocr_line' id='line_1_28' title="bbox 460 2540 2047 2618; baseline 0.004 -22"><span class='ocrx_word' id='word_1_185' title='bbox 460 2540 709 2610; x_wconf 83' lang='lat' dir='ltr'><strong>Patrem,</strong></span> <span class='ocrx_word' id='word_1_186' title='bbox 749 2542 845 2600; x_wconf 88' lang='lat' dir='ltr'><strong>sed</strong></span> <span class='ocrx_word' id='word_1_187' title='bbox 882 2542 1179 2615; x_wconf 76' lang='lat' dir='ltr'><strong>imaginem</strong></span> <span class='ocrx_word' id='word_1_188' title='bbox 1211 2542 1434 2614; x_wconf 81' lang='lat' dir='ltr'><strong>Patris;</strong></span> <span class='ocrx_word' id='word_1_189' title='bbox 1471 2545 1677 2618; x_wconf 87' lang='lat' dir='ltr'><strong>quippe</strong></span> <span class='ocrx_word' id='word_1_190' title='bbox 1716 2546 1812 2618; x_wconf 88' lang='lat' dir='ltr'><strong>qui</strong></span> <span class='ocrx_word' id='word_1_191' title='bbox 1844 2547 2047 2603; x_wconf 81' lang='lat' dir='ltr'><strong>habeat</strong></span> 
     </span>
    </p>
   </div>
   <div class='ocr_carea' id='block_1_29' title="bbox 460 2632 1965 2710">
    <p class='ocr_par' dir='ltr' id='par_1_29' title="bbox 460 2632 1965 2710">
     <span class='ocr_line' id='line_1_29' title="bbox 460 2632 1965 2710; baseline 0.004 -21"><span class='ocrx_word' id='word_1_192' title='bbox 460 2642 525 2689; x_wconf 89' lang='lat' dir='ltr'><strong>ut</strong></span> <span class='ocrx_word' id='word_1_193' title='bbox 552 2632 696 2693; x_wconf 78' lang='lat' dir='ltr'><strong>idem</strong></span> <span class='ocrx_word' id='word_1_194' title='bbox 734 2633 808 2692; x_wconf 85' lang='lat' dir='ltr'><strong>sit</strong></span> <span class='ocrx_word' id='word_1_195' title='bbox 840 2646 905 2691; x_wconf 85' lang='lat' dir='ltr'><strong>ac</strong></span> <span class='ocrx_word' id='word_1_196' title='bbox 928 2634 1040 2703; x_wconf 87' lang='lat' dir='ltr'><strong>ille,</strong></span> <span class='ocrx_word' id='word_1_197' title='bbox 1059 2650 1186 2691; x_wconf 88' lang='lat' dir='ltr'><strong>cum</strong></span> <span class='ocrx_word' id='word_1_198' title='bbox 1216 2634 1436 2693; x_wconf 87' lang='lat' dir='ltr'><strong>interim</strong></span> <span class='ocrx_word' id='word_1_199' title='bbox 1471 2637 1591 2710; x_wconf 91' lang='lat' dir='ltr'><strong>ipse</strong></span> <span class='ocrx_word' id='word_1_200' title='bbox 1615 2654 1725 2696; x_wconf 87' lang='lat' dir='ltr'><strong>non</strong></span> <span class='ocrx_word' id='word_1_201' title='bbox 1754 2640 1847 2697; x_wconf 91' lang='lat' dir='ltr'><strong>ille</strong></span> <span class='ocrx_word' id='word_1_202' title='bbox 1873 2640 1965 2698; x_wconf 85' lang='lat' dir='ltr'><strong>sit.</strong></span> 
     </span>
    </p>
   </div>
   <div class='ocr_carea' id='block_1_30' title="bbox 536 2811 2045 2893">
    <p class='ocr_par' dir='ltr' id='par_1_30' title="bbox 536 2811 2045 2893">
     <span class='ocr_line' id='line_1_30' title="bbox 536 2811 2045 2893; baseline 0.007 -28"><span class='ocrx_word' id='word_1_203' title='bbox 536 2831 558 2865; x_wconf 81' lang='grc' dir='ltr'><strong>ι</strong></span> <span class='ocrx_word' id='word_1_204' title='bbox 614 2811 1023 2887; x_wconf 84' lang='lat' dir='ltr'><strong>Primogenitus</strong></span> <span class='ocrx_word' id='word_1_205' title='bbox 1070 2814 1252 2874; x_wconf 88' lang='lat' dir='ltr'><strong>omnis</strong></span> <span class='ocrx_word' id='word_1_206' title='bbox 1299 2822 1600 2883; x_wconf 82' lang='lat' dir='ltr'><strong>creaturae;</strong></span> <span class='ocrx_word' id='word_1_207' title='bbox 1633 2816 1827 2892; x_wconf 65' lang='grc' dir='ltr'>[νεεδ.</span> <span class='ocrx_word' id='word_1_208' title='bbox 1855 2818 1921 2874; x_wconf 75' lang='grc'><strong>16</strong></span> <span class='ocrx_word' id='word_1_209' title='bbox 1954 2817 2045 2893; x_wconf 76' lang='grc'><strong>18]</strong></span> 
     </span>
    </p>
   </div>
   <div class='ocr_carea' id='block_1_31' title="bbox 461 2907 2063 2984">
    <p class='ocr_par' dir='ltr' id='par_1_31' title="bbox 461 2907 2063 2984">
     <span class='ocr_line' id='line_1_31' title="bbox 461 2907 2063 2984; baseline 0.002 -20"><span class='ocrx_word' id='word_1_210' title='bbox 461 2908 724 2981; x_wconf 86' lang='lat' dir='ltr'><strong>quoniam</strong></span> <span class='ocrx_word' id='word_1_211' title='bbox 768 2907 825 2963; x_wconf 91' lang='lat' dir='ltr'><strong>in</strong></span> <span class='ocrx_word' id='word_1_212' title='bbox 878 2907 1001 2980; x_wconf 89' lang='lat' dir='ltr'><strong>ipso</strong></span> <span class='ocrx_word' id='word_1_213' title='bbox 1051 2908 1274 2966; x_wconf 86' lang='lat' dir='ltr'><strong>condita</strong></span> <span class='ocrx_word' id='word_1_214' title='bbox 1325 2919 1458 2966; x_wconf 91' lang='lat' dir='ltr'><strong>sunt</strong></span> <span class='ocrx_word' id='word_1_215' title='bbox 1504 2911 1767 2968; x_wconf 85' lang='lat' dir='ltr'><strong>universa</strong></span> <span class='ocrx_word' id='word_1_216' title='bbox 1819 2927 1941 2984; x_wconf 73' lang='lat' dir='ltr'><strong>quae</strong></span> <span class='ocrx_word' id='word_1_217' title='bbox 1988 2914 2063 2968; x_wconf 84' lang='lat' dir='ltr'><strong>in&#39;</strong></span> 
     </span>
    </p>
   </div>
   <div class='ocr_carea' id='block_1_32' title="bbox 461 2996 2037 3071">
    <p class='ocr_par' dir='ltr' id='par_1_32' title="bbox 461 2996 2037 3071">
     <span class='ocr_line' id='line_1_32' title="bbox 461 2996 2037 3071; baseline 0.004 -16"><span class='ocrx_word' id='word_1_218' title='bbox 461 2998 619 3055; x_wconf 67' lang='lat' dir='ltr'><strong>caelis</strong></span> <span class='ocrx_word' id='word_1_219' title='bbox 657 3005 711 3055; x_wconf 86' lang='lat' dir='ltr'><strong>et</strong></span> <span class='ocrx_word' id='word_1_220' title='bbox 728 3012 850 3071; x_wconf 67' lang='lat' dir='ltr'><strong>qum</strong></span> <span class='ocrx_word' id='word_1_221' title='bbox 878 2996 934 3054; x_wconf 86' lang='lat' dir='ltr'><strong>in</strong></span> <span class='ocrx_word' id='word_1_222' title='bbox 967 3008 1132 3067; x_wconf 87' lang='lat' dir='ltr'><strong>terra,</strong></span> <span class='ocrx_word' id='word_1_223' title='bbox 1163 2998 1401 3056; x_wconf 87' lang='lat' dir='ltr'><strong>visibilia</strong></span> <span class='ocrx_word' id='word_1_224' title='bbox 1431 3009 1485 3056; x_wconf 92' lang='lat' dir='ltr'><strong>et</strong></span> <span class='ocrx_word' id='word_1_225' title='bbox 1520 3000 1841 3067; x_wconf 87' lang='lat' dir='ltr'><strong>invisibilia,</strong></span> <span class='ocrx_word' id='word_1_226' title='bbox 1917 3004 2037 3061; x_wconf 83' lang='lat' dir='ltr'><strong>sive</strong></span> 
     </span>
    </p>
   </div>
   <div class='ocr_carea' id='block_1_33' title="bbox 2139 505 3727 581">
    <p class='ocr_par' dir='ltr' id='par_1_33' title="bbox 2139 505 3727 581">
     <span class='ocr_line' id='line_1_33' title="bbox 2139 505 3727 581; baseline -0.002 -19"><span class='ocrx_word' id='word_1_227' title='bbox 2139 508 2354 577; x_wconf 79' lang='grc' dir='ltr'>γόντες,</span> <span class='ocrx_word' id='word_1_228' title='bbox 2388 511 2495 564; x_wconf 80' lang='grc' dir='ltr'><strong>ὑπὸ</strong></span> <span class='ocrx_word' id='word_1_229' title='bbox 2516 510 2617 581; x_wconf 86' lang='grc' dir='ltr'>τὴν</span> <span class='ocrx_word' id='word_1_230' title='bbox 2644 508 2927 581; x_wconf 79' lang='grc' dir='ltr'>βασιλείαν</span> <span class='ocrx_word' id='word_1_231' title='bbox 2954 508 3314 564; x_wconf 75' lang='grc' dir='ltr'><strong>καθίστανται</strong></span> <span class='ocrx_word' id='word_1_232' title='bbox 3337 505 3432 561; x_wconf 80' lang='grc' dir='ltr'><strong>τοῦ</strong></span> <span class='ocrx_word' id='word_1_233' title='bbox 3464 505 3621 573; x_wconf 83' lang='grc' dir='ltr'><strong>Υίοῦ,</strong></span> <span class='ocrx_word' id='word_1_234' title='bbox 3653 505 3727 560; x_wconf 81' lang='grc' dir='ltr'>δι’</span> 
     </span>
    </p>
   </div>
   <div class='ocr_carea' id='block_1_34' title="bbox 2139 591 3731 673">
    <p class='ocr_par' dir='ltr' id='par_1_34' title="bbox 2139 591 3731 673">
     <span class='ocr_line' id='line_1_34' title="bbox 2139 591 3731 673; baseline -0.002 -19"><span class='ocrx_word' id='word_1_235' title='bbox 2139 591 2203 654; x_wconf 68' lang='grc' dir='ltr'>οὗ</span> <span class='ocrx_word' id='word_1_236' title='bbox 2237 600 2685 673; x_wconf 80' lang='grc' dir='ltr'>ὲπανατρέχομεν</span> <span class='ocrx_word' id='word_1_237' title='bbox 2728 601 2824 655; x_wconf 76' lang='grc' dir='ltr'><strong>ἐπὶ</strong></span> <span class='ocrx_word' id='word_1_238' title='bbox 2860 598 2960 673; x_wconf 80' lang='grc' dir='ltr'>τὴν</span> <span class='ocrx_word' id='word_1_239' title='bbox 3003 597 3098 653; x_wconf 82' lang='grc' dir='ltr'>τοῦ</span> <span class='ocrx_word' id='word_1_240' title='bbox 3148 598 3364 670; x_wconf 71' lang='grc' dir='ltr'>Πατρός</span> <span class='ocrx_word' id='word_1_241' title='bbox 3421 595 3731 670; x_wconf 62' lang='grc' dir='ltr'>βασιλείαν.</span> 
     </span>
    </p>
   </div>
   <div class='ocr_carea' id='block_1_35' title="bbox 2155 688 3725 765">
    <p class='ocr_par' dir='ltr' id='par_1_35' title="bbox 2155 688 3725 765">
     <span class='ocr_line' id='line_1_35' title="bbox 2155 688 3725 765; baseline -0.004 -17"><span class='ocrx_word' id='word_1_242' title='bbox 2155 691 2375 765; x_wconf 80' lang='grc' dir='ltr'><strong>Ἐπειδὴ</strong></span> <span class='ocrx_word' id='word_1_243' title='bbox 2406 694 2463 749; x_wconf 82' lang='grc' dir='ltr'><strong>δὲ</strong></span> <span class='ocrx_word' id='word_1_244' title='bbox 2481 693 2583 763; x_wconf 77' lang='grc' dir='ltr'>τῆς</span> <span class='ocrx_word' id='word_1_245' title='bbox 2610 692 2752 748; x_wconf 85' lang='grc' dir='ltr'>κατὰ</span> <span class='ocrx_word' id='word_1_246' title='bbox 2779 692 2963 765; x_wconf 81' lang='grc' dir='ltr'><strong>σάρκα</strong></span> <span class='ocrx_word' id='word_1_247' title='bbox 2990 690 3306 762; x_wconf 72' lang='grc' dir='ltr'><strong>οἰκονομίας</strong></span> <span class='ocrx_word' id='word_1_248' title='bbox 3335 688 3406 744; x_wconf 78' lang='grc' dir='ltr'><strong>τὰ</strong></span> <span class='ocrx_word' id='word_1_249' title='bbox 3428 689 3725 761; x_wconf 85' lang='grc' dir='ltr'>λεγόμενα,</span> 
     </span>
    </p>
   </div>
   <div class='ocr_carea' id='block_1_36' title="bbox 2142 769 3726 857">
    <p class='ocr_par' dir='ltr' id='par_1_36' title="bbox 2142 769 3726 857">
     <span class='ocr_line' id='line_1_36' title="bbox 2142 769 3726 857; baseline -0.005 -15"><span class='ocrx_word' id='word_1_250' title='bbox 2142 786 2229 842; x_wconf 78' lang='grc' dir='ltr'><strong>διὰ</strong></span> <span class='ocrx_word' id='word_1_251' title='bbox 2255 787 2414 842; x_wconf 87' lang='grc' dir='ltr'>τοῦτο</span> <span class='ocrx_word' id='word_1_252' title='bbox 2442 769 2663 857; x_wconf 75' lang='grc' dir='ltr'>λέγεται</span> <span class='ocrx_word' id='word_1_253' title='bbox 2719 785 2852 854; x_wconf 76' lang='grc' dir='ltr'><strong>Υἱὸς</strong></span> <span class='ocrx_word' id='word_1_254' title='bbox 2885 783 2996 855; x_wconf 78' lang='grc' dir='ltr'>τῆς</span> <span class='ocrx_word' id='word_1_255' title='bbox 3033 783 3273 855; x_wconf 61' lang='grc' dir='ltr'>ἀγάπης</span> <span class='ocrx_word' id='word_1_256' title='bbox 3316 782 3426 837; x_wconf 82' lang='grc' dir='ltr'>τοῦ</span> <span class='ocrx_word' id='word_1_257' title='bbox 3462 780 3726 850; x_wconf 75' lang='grc' dir='ltr'>Πατρός,</span> 
     </span>
    </p>
   </div>
   <div class='ocr_carea' id='block_1_37' title="bbox 2143 873 3729 952">
    <p class='ocr_par' dir='ltr' id='par_1_37' title="bbox 2143 873 3729 952">
     <span class='ocr_line' id='line_1_37' title="bbox 2143 873 3729 952; baseline -0.005 -18"><span class='ocrx_word' id='word_1_258' title='bbox 2143 879 2267 935; x_wconf 77' lang='grc' dir='ltr'>ἀντὶ</span> <span class='ocrx_word' id='word_1_259' title='bbox 2293 879 2598 952; x_wconf 84' lang='grc' dir='ltr'>ἀνθρώπων</span> <span class='ocrx_word' id='word_1_260' title='bbox 2613 880 2712 935; x_wconf 79' lang='grc' dir='ltr'>καὶ</span> <span class='ocrx_word' id='word_1_261' title='bbox 2737 878 2878 951; x_wconf 77' lang='grc' dir='ltr'>ὑπὲρ</span> <span class='ocrx_word' id='word_1_262' title='bbox 2900 878 2999 936; x_wconf 85' lang='grc' dir='ltr'>ἀνθ</span> <span class='ocrx_word' id='word_1_263' title='bbox 3009 878 3204 950; x_wconf 84' lang='grc' dir='ltr'>ρώπων</span> <span class='ocrx_word' id='word_1_264' title='bbox 3227 874 3559 947; x_wconf 74' lang='grc' dir='ltr'>ἀγαπηθεὶς,</span> <span class='ocrx_word' id='word_1_265' title='bbox 3582 873 3729 927; x_wconf 80' lang='grc' dir='ltr'>κατὰ</span> 
     </span>
    </p>
   </div>
   <div class='ocr_carea' id='block_1_38' title="bbox 2143 964 3727 1045">
    <p class='ocr_par' dir='ltr' id='par_1_38' title="bbox 2143 964 3727 1045">
     <span class='ocr_line' id='line_1_38' title="bbox 2143 964 3727 1045; baseline -0.004 -20"><span class='ocrx_word' id='word_1_266' title='bbox 2143 973 2243 1045; x_wconf 79' lang='grc' dir='ltr'>τὴν</span> <span class='ocrx_word' id='word_1_267' title='bbox 2270 974 2328 1028; x_wconf 82' lang='grc' dir='ltr'>ὲν</span> <span class='ocrx_word' id='word_1_268' title='bbox 2357 970 2672 1045; x_wconf 83' lang='grc' dir='ltr'>ἀνθρώποις</span> <span class='ocrx_word' id='word_1_269' title='bbox 2701 968 3084 1043; x_wconf 79' lang='grc' dir='ltr'>λειτουργικὴν</span> <span class='ocrx_word' id='word_1_270' title='bbox 3102 969 3387 1041; x_wconf 70' lang='grc' dir='ltr'>ἐνέργειαν</span> <span class='ocrx_word' id='word_1_271' title='bbox 3405 983 3421 1001; x_wconf 87' lang='grc'><strong>·</strong></span> <span class='ocrx_word' id='word_1_272' title='bbox 3456 968 3550 1021; x_wconf 78' lang='grc' dir='ltr'>καὶ</span> <span class='ocrx_word' id='word_1_273' title='bbox 3582 964 3727 1019; x_wconf 77' lang='grc' dir='ltr'>κατὰ</span> 
     </span>
    </p>
   </div>
   <div class='ocr_carea' id='block_1_39' title="bbox 2143 1058 3726 1137">
    <p class='ocr_par' dir='ltr' id='par_1_39' title="bbox 2143 1058 3726 1137">
     <span class='ocr_line' id='line_1_39' title="bbox 2143 1058 3726 1137; baseline -0.004 -19"><span class='ocrx_word' id='word_1_274' title='bbox 2143 1068 2244 1136; x_wconf 77' lang='grc' dir='ltr'>τὴν</span> <span class='ocrx_word' id='word_1_275' title='bbox 2272 1064 2369 1119; x_wconf 81' lang='grc' dir='ltr'><strong>τοῦ</strong></span> <span class='ocrx_word' id='word_1_276' title='bbox 2416 1065 2605 1120; x_wconf 88' lang='grc' dir='ltr'>δούλου</span> <span class='ocrx_word' id='word_1_277' title='bbox 2660 1064 2880 1137; x_wconf 80' lang='grc' dir='ltr'>μορφὴν</span> <span class='ocrx_word' id='word_1_278' title='bbox 2932 1061 3231 1136; x_wconf 82' lang='grc' dir='ltr'>πληρώσας</span> <span class='ocrx_word' id='word_1_279' title='bbox 3260 1060 3332 1115; x_wconf 83' lang='grc' dir='ltr'><strong>τὰ</strong></span> <span class='ocrx_word' id='word_1_280' title='bbox 3361 1058 3467 1114; x_wconf 74' lang='grc' dir='ltr'><strong>ὑπὸ</strong></span> <span class='ocrx_word' id='word_1_281' title='bbox 3514 1058 3726 1128; x_wconf 76' lang='grc' dir='ltr'>κόσμου</span> 
     </span>
    </p>
   </div>
   <div class='ocr_carea' id='block_1_40' title="bbox 2146 1148 3729 1230">
    <p class='ocr_par' dir='ltr' id='par_1_40' title="bbox 2146 1148 3729 1230">
     <span class='ocr_line' id='line_1_40' title="bbox 2146 1148 3729 1230; baseline -0.006 -17"><span class='ocrx_word' id='word_1_282' title='bbox 2146 1156 2527 1230; x_wconf 78' lang='grc' dir='ltr'>ὲλλειπόμενα.</span> <span class='ocrx_word' id='word_1_283' title='bbox 2561 1158 2668 1213; x_wconf 77' lang='grc' dir='ltr'><strong>Καὶ</strong></span> <span class='ocrx_word' id='word_1_284' title='bbox 2692 1156 2791 1213; x_wconf 82' lang='grc' dir='ltr'><strong>διὰ</strong></span> <span class='ocrx_word' id='word_1_285' title='bbox 2816 1155 2924 1212; x_wconf 82' lang='grc' dir='ltr'>τοῦ</span> <span class='ocrx_word' id='word_1_286' title='bbox 2955 1156 3206 1227; x_wconf 83' lang='grc' dir='ltr'>αἳματος</span> <span class='ocrx_word' id='word_1_287' title='bbox 3239 1151 3408 1209; x_wconf 79' lang='grc' dir='ltr'>αὑτοῦ</span> <span class='ocrx_word' id='word_1_288' title='bbox 3440 1151 3588 1221; x_wconf 82' lang='grc' dir='ltr'><strong>λέγει</strong></span> <span class='ocrx_word' id='word_1_289' title='bbox 3627 1148 3729 1222; x_wconf 77' lang='grc' dir='ltr'>τὴν</span> 
     </span>
    </p>
   </div>
   <div class='ocr_carea' id='block_1_41' title="bbox 2145 1238 3729 1324">
    <p class='ocr_par' dir='ltr' id='par_1_41' title="bbox 2145 1238 3729 1324">
     <span class='ocr_line' id='line_1_41' title="bbox 2145 1238 3729 1324; baseline -0.006 -19"><span class='ocrx_word' id='word_1_290' title='bbox 2145 1250 2546 1324; x_wconf 83' lang='grc' dir='ltr'><strong>ἀπολύτρωσιν.</strong></span> <span class='ocrx_word' id='word_1_291' title='bbox 2577 1248 2792 1322; x_wconf 86' lang='grc' dir='ltr'>Λύτρου</span> <span class='ocrx_word' id='word_1_292' title='bbox 2823 1249 2934 1321; x_wconf 84' lang='grc' dir='ltr'>γὰρ</span> <span class='ocrx_word' id='word_1_293' title='bbox 2964 1248 3111 1320; x_wconf 83' lang='grc' dir='ltr'>λόγῳ</span> <span class='ocrx_word' id='word_1_294' title='bbox 3136 1246 3348 1301; x_wconf 84' lang='grc' dir='ltr'>δέδοται</span> <span class='ocrx_word' id='word_1_295' title='bbox 3376 1244 3439 1301; x_wconf 82' lang='grc' dir='ltr'>τὸ</span> <span class='ocrx_word' id='word_1_296' title='bbox 3466 1238 3605 1315; x_wconf 78' lang='grc' dir='ltr'>αἷμα</span> <span class='ocrx_word' id='word_1_297' title='bbox 3626 1240 3729 1297; x_wconf 73' lang='grc' dir='ltr'><strong>τοῦ</strong></span> 
     </span>
    </p>
   </div>
   <div class='ocr_carea' id='block_1_42' title="bbox 2144 1336 3729 1416">
    <p class='ocr_par' dir='ltr' id='par_1_42' title="bbox 2144 1336 3729 1416">
     <span class='ocr_line' id='line_1_42' title="bbox 2144 1336 3729 1416; baseline -0.007 -18"><span class='ocrx_word' id='word_1_298' title='bbox 2144 1343 2356 1416; x_wconf 84' lang='grc' dir='ltr'>Κυρίου</span> <span class='ocrx_word' id='word_1_299' title='bbox 2377 1384 2392 1407; x_wconf 93' lang='grc'><strong>,</strong></span> <span class='ocrx_word' id='word_1_300' title='bbox 2420 1342 2616 1414; x_wconf 76' lang='grc' dir='ltr'>ἑξάγον</span> <span class='ocrx_word' id='word_1_301' title='bbox 2640 1343 2767 1407; x_wconf 77' lang='grc' dir='ltr'>τοὺς</span> <span class='ocrx_word' id='word_1_302' title='bbox 2819 1341 2925 1397; x_wconf 76' lang='grc' dir='ltr'><strong>ὑπὸ</strong></span> <span class='ocrx_word' id='word_1_303' title='bbox 2960 1340 3198 1397; x_wconf 86' lang='grc' dir='ltr'>θανάτου</span> <span class='ocrx_word' id='word_1_304' title='bbox 3234 1336 3618 1411; x_wconf 73' lang='grc' dir='ltr'>αἰχμαλώτους</span> <span class='ocrx_word' id='word_1_305' title='bbox 3644 1336 3729 1400; x_wconf 83' lang='grc' dir='ltr'><strong>είς</strong></span> 
     </span>
    </p>
   </div>
   <div class='ocr_carea' id='block_1_43' title="bbox 2146 1428 3728 1509">
    <p class='ocr_par' dir='ltr' id='par_1_43' title="bbox 2146 1428 3728 1509">
     <span class='ocr_line' id='line_1_43' title="bbox 2146 1428 3728 1509; baseline -0.004 -20"><span class='ocrx_word' id='word_1_306' title='bbox 2146 1434 2294 1509; x_wconf 74' lang='grc' dir='ltr'>ζωήν</span> <span class='ocrx_word' id='word_1_307' title='bbox 2315 1452 2331 1466; x_wconf 74' lang='grc' dir='ltr'><strong>ο</strong></span> <span class='ocrx_word' id='word_1_308' title='bbox 2361 1436 2444 1490; x_wconf 80' lang='grc' dir='ltr'>ὅτι</span> <span class='ocrx_word' id='word_1_309' title='bbox 2478 1436 2579 1508; x_wconf 82' lang='grc' dir='ltr'><strong>οὐχ</strong></span> <span class='ocrx_word' id='word_1_310' title='bbox 2606 1434 2810 1508; x_wconf 76' lang='grc' dir='ltr'>ἑτέρως</span> <span class='ocrx_word' id='word_1_311' title='bbox 2847 1429 2960 1489; x_wconf 75' lang='grc' dir='ltr'>οἷόν</span> <span class='ocrx_word' id='word_1_312' title='bbox 2987 1450 3048 1488; x_wconf 90' lang='grc' dir='ltr'><strong>τε</strong></span> <span class='ocrx_word' id='word_1_313' title='bbox 3087 1428 3157 1506; x_wconf 77' lang='grc' dir='ltr'>ἦν</span> <span class='ocrx_word' id='word_1_314' title='bbox 3187 1429 3566 1503; x_wconf 73' lang='grc' dir='ltr'>ἐπαναχθῆναι</span> <span class='ocrx_word' id='word_1_315' title='bbox 3597 1428 3728 1494; x_wconf 79' lang='grc' dir='ltr'>τοὺς</span> 
     </span>
    </p>
   </div>
   <div class='ocr_carea' id='block_1_44' title="bbox 2145 1522 3728 1602">
    <p class='ocr_par' dir='ltr' id='par_1_44' title="bbox 2145 1522 3728 1602">
     <span class='ocr_line' id='line_1_44' title="bbox 2145 1522 3728 1602; baseline -0.005 -19"><span class='ocrx_word' id='word_1_316' title='bbox 2145 1529 2253 1584; x_wconf 77' lang='grc' dir='ltr'>ὑπὸ</span> <span class='ocrx_word' id='word_1_317' title='bbox 2277 1528 2375 1602; x_wconf 77' lang='grc' dir='ltr'><strong>τὴν</strong></span> <span class='ocrx_word' id='word_1_318' title='bbox 2406 1529 2501 1585; x_wconf 83' lang='grc' dir='ltr'>τοῦ</span> <span class='ocrx_word' id='word_1_319' title='bbox 2531 1530 2765 1585; x_wconf 81' lang='grc' dir='ltr'>θανάτου</span> <span class='ocrx_word' id='word_1_320' title='bbox 2793 1526 3095 1601; x_wconf 85' lang='grc' dir='ltr'>βασιλείαν,</span> <span class='ocrx_word' id='word_1_321' title='bbox 3142 1526 3177 1599; x_wconf 77' lang='grc' dir='ltr'>ἢ</span> <span class='ocrx_word' id='word_1_322' title='bbox 3210 1525 3307 1580; x_wconf 72' lang='grc' dir='ltr'>διὰ</span> <span class='ocrx_word' id='word_1_323' title='bbox 3336 1522 3431 1578; x_wconf 80' lang='grc' dir='ltr'><strong>τοῦ</strong></span> <span class='ocrx_word' id='word_1_324' title='bbox 3464 1523 3728 1594; x_wconf 80' lang='grc' dir='ltr'>κοινωνή-</span> 
     </span>
    </p>
   </div>
   <div class='ocr_carea' id='block_1_45' title="bbox 2149 1615 3733 1695">
    <p class='ocr_par' dir='ltr' id='par_1_45' title="bbox 2149 1615 3733 1695">
     <span class='ocr_line' id='line_1_45' title="bbox 2149 1615 3733 1695; baseline -0.006 -18"><span class='ocrx_word' id='word_1_325' title='bbox 2149 1638 2343 1689; x_wconf 86' lang='grc' dir='ltr'>σαντος</span> <span class='ocrx_word' id='word_1_326' title='bbox 2374 1624 2513 1695; x_wconf 75' lang='grc' dir='ltr'>ἡμῖν</span> <span class='ocrx_word' id='word_1_327' title='bbox 2544 1622 2784 1694; x_wconf 83' lang='grc' dir='ltr'><strong>θανάτῳ,</strong></span> <span class='ocrx_word' id='word_1_328' title='bbox 2817 1621 2917 1678; x_wconf 72' lang='grc' dir='ltr'>καὶ</span> <span class='ocrx_word' id='word_1_329' title='bbox 2954 1619 3279 1692; x_wconf 58' lang='lat' dir='ltr'><strong>eameam;</strong></span> <span class='ocrx_word' id='word_1_330' title='bbox 3305 1618 3455 1690; x_wconf 75' lang='grc' dir='ltr'>ἡμᾶς</span> <span class='ocrx_word' id='word_1_331' title='bbox 3488 1615 3654 1687; x_wconf 78' lang='grc' dir='ltr'>ζωήν.</span> <span class='ocrx_word' id='word_1_332' title='bbox 3730 1640 3733 1643; x_wconf 58' lang='grc' dir='ltr'><strong>λ</strong></span> 
     </span>
    </p>
   </div>
   <div class='ocr_carea' id='block_1_46' title="bbox 2221 1799 3511 1875">
    <p class='ocr_par' dir='ltr' id='par_1_46' title="bbox 2221 1799 3511 1875">
     <span class='ocr_line' id='line_1_46' title="bbox 2221 1799 3511 1875; baseline -0.005 -17"><span class='ocrx_word' id='word_1_333' title='bbox 2221 1825 2238 1858; x_wconf 80' lang='grc' dir='ltr'><strong>ι</strong></span> <span class='ocrx_word' id='word_1_334' title='bbox 2281 1806 2381 1868; x_wconf 78' lang='grc' dir='ltr'>’ος</span> <span class='ocrx_word' id='word_1_335' title='bbox 2412 1804 2559 1859; x_wconf 72' lang='grc' dir='ltr'>ἐστιν</span> <span class='ocrx_word' id='word_1_336' title='bbox 2583 1800 2750 1860; x_wconf 76' lang='grc' dir='ltr'>εἰκὼν</span> <span class='ocrx_word' id='word_1_337' title='bbox 2782 1804 2878 1859; x_wconf 83' lang='grc' dir='ltr'>τοῦ</span> <span class='ocrx_word' id='word_1_338' title='bbox 2904 1800 3044 1858; x_wconf 82' lang='grc' dir='ltr'><strong>Θεοῦ</strong></span> <span class='ocrx_word' id='word_1_339' title='bbox 3070 1800 3168 1857; x_wconf 81' lang='grc' dir='ltr'><strong>τοῦ</strong></span> <span class='ocrx_word' id='word_1_340' title='bbox 3189 1799 3452 1875; x_wconf 76' lang='grc' dir='ltr'>ἀοράτου.</span> <span class='ocrx_word' id='word_1_341' title='bbox 3490 1817 3511 1851; x_wconf 73' lang='grc' dir='ltr'><strong>ι</strong></span> 
     </span>
    </p>
   </div>
   <div class='ocr_carea' id='block_1_47' title="bbox 2227 1893 3728 1975">
    <p class='ocr_par' dir='ltr' id='par_1_47' title="bbox 2227 1893 3728 1975">
     <span class='ocr_line' id='line_1_47' title="bbox 2227 1893 3728 1975; baseline -0.009 -17"><span class='ocrx_word' id='word_1_342' title='bbox 2227 1904 2294 1958; x_wconf 83' lang='grc' dir='ltr'><em>Ἦ</em></span> <span class='ocrx_word' id='word_1_343' title='bbox 2324 1903 2424 1975; x_wconf 87' lang='grc' dir='ltr'>τῆς</span> <span class='ocrx_word' id='word_1_344' title='bbox 2466 1901 2696 1974; x_wconf 85' lang='grc' dir='ltr'>χάριτος</span> <span class='ocrx_word' id='word_1_345' title='bbox 2724 1901 2990 1973; x_wconf 74' lang='grc' dir='ltr'><strong>ἐξήγησις</strong></span> <span class='ocrx_word' id='word_1_346' title='bbox 3026 1900 3108 1962; x_wconf 85' lang='grc' dir='ltr'><strong>είς</strong></span> <span class='ocrx_word' id='word_1_347' title='bbox 3135 1896 3238 1971; x_wconf 81' lang='grc' dir='ltr'>τὴν</span> <span class='ocrx_word' id='word_1_348' title='bbox 3279 1894 3568 1964; x_wconf 71' lang='grc' dir='ltr'>θεολογίαν</span> <span class='ocrx_word' id='word_1_349' title='bbox 3595 1893 3728 1948; x_wconf 79' lang='grc' dir='ltr'>ἁνα-</span> 
     </span>
    </p>
   </div>
   <div class='ocr_carea' id='block_1_48' title="bbox 2146 1982 3731 2069">
    <p class='ocr_par' dir='ltr' id='par_1_48' title="bbox 2146 1982 3731 2069">
     <span class='ocr_line' id='line_1_48' title="bbox 2146 1982 3731 2069; baseline -0.009 -19"><span class='ocrx_word' id='word_1_350' title='bbox 2146 1994 2353 2069; x_wconf 84' lang='grc' dir='ltr'>τρέχει.</span> <span class='ocrx_word' id='word_1_351' title='bbox 2371 1994 2506 2049; x_wconf 78' lang='grc' dir='ltr'><strong>Ἀπὸ</strong></span> <span class='ocrx_word' id='word_1_352' title='bbox 2537 1992 2648 2065; x_wconf 84' lang='grc' dir='ltr'><strong>γὰρ</strong></span> <span class='ocrx_word' id='word_1_353' title='bbox 2671 1992 2772 2065; x_wconf 79' lang='grc' dir='ltr'>τῆς</span> <span class='ocrx_word' id='word_1_354' title='bbox 2797 1990 3082 2064; x_wconf 75' lang='grc' dir='ltr'>ἐνεργείας</span> <span class='ocrx_word' id='word_1_355' title='bbox 3115 1988 3218 2059; x_wconf 81' lang='grc' dir='ltr'><strong>τῆς</strong></span> <span class='ocrx_word' id='word_1_356' title='bbox 3265 1987 3325 2041; x_wconf 73' lang='grc' dir='ltr'>ἐν</span> <span class='ocrx_word' id='word_1_357' title='bbox 3353 1988 3422 2057; x_wconf 71' lang='grc' dir='ltr'>τῇ</span> <span class='ocrx_word' id='word_1_358' title='bbox 3455 1982 3731 2057; x_wconf 75' lang='grc' dir='ltr'>παρουσίᾳ</span> 
     </span>
    </p>
   </div>
   <div class='ocr_carea' id='block_1_49' title="bbox 2142 2077 3730 2159">
    <p class='ocr_par' dir='ltr' id='par_1_49' title="bbox 2142 2077 3730 2159">
     <span class='ocr_line' id='line_1_49' title="bbox 2142 2077 3730 2159; baseline -0.007 -20"><span class='ocrx_word' id='word_1_359' title='bbox 2142 2083 2488 2159; x_wconf 77' lang='grc' dir='ltr'>γινώσκομεν</span> <span class='ocrx_word' id='word_1_360' title='bbox 2513 2085 2614 2155; x_wconf 80' lang='grc' dir='ltr'>τὴν</span> <span class='ocrx_word' id='word_1_361' title='bbox 2650 2082 2745 2138; x_wconf 84' lang='grc' dir='ltr'>τοῦ</span> <span class='ocrx_word' id='word_1_362' title='bbox 2793 2080 2928 2137; x_wconf 84' lang='grc' dir='ltr'><strong>Θεοῦ</strong></span> <span class='ocrx_word' id='word_1_363' title='bbox 2957 2080 3150 2135; x_wconf 83' lang='grc' dir='ltr'>οὐσίαν</span> <span class='ocrx_word' id='word_1_364' title='bbox 3182 2080 3282 2151; x_wconf 85' lang='grc' dir='ltr'>τὴν</span> <span class='ocrx_word' id='word_1_365' title='bbox 3312 2078 3420 2150; x_wconf 83' lang='grc' dir='ltr'>πρὸ</span> <span class='ocrx_word' id='word_1_366' title='bbox 3452 2077 3555 2149; x_wconf 81' lang='grc' dir='ltr'>τῆς</span> <span class='ocrx_word' id='word_1_367' title='bbox 3588 2093 3661 2129; x_wconf 84' lang='grc' dir='ltr'><strong>πα</strong></span> <span class='ocrx_word' id='word_1_368' title='bbox 3671 2092 3730 2147; x_wconf 92' lang='grc' dir='ltr'>ρ-</span> 
     </span>
    </p>
   </div>
   <div class='ocr_carea' id='block_1_50' title="bbox 2143 2167 3744 2251">
    <p class='ocr_par' dir='ltr' id='par_1_50' title="bbox 2143 2167 3744 2251">
     <span class='ocr_line' id='line_1_50' title="bbox 2143 2167 3744 2251; baseline -0.006 -18"><span class='ocrx_word' id='word_1_369' title='bbox 2143 2177 2352 2251; x_wconf 83' lang='grc' dir='ltr'>ουσίας.</span> <span class='ocrx_word' id='word_1_370' title='bbox 2409 2176 2547 2233; x_wconf 81' lang='grc' dir='ltr'>Θεοῦ</span> <span class='ocrx_word' id='word_1_371' title='bbox 2592 2176 2702 2249; x_wconf 82' lang='grc' dir='ltr'>γὰρ</span> <span class='ocrx_word' id='word_1_372' title='bbox 2752 2174 2949 2249; x_wconf 78' lang='grc' dir='ltr'>ἔργον,</span> <span class='ocrx_word' id='word_1_373' title='bbox 2998 2173 3062 2228; x_wconf 82' lang='grc' dir='ltr'>τδ</span> <span class='ocrx_word' id='word_1_374' title='bbox 3096 2171 3288 2227; x_wconf 81' lang='grc' dir='ltr'>σϐέσαι</span> <span class='ocrx_word' id='word_1_375' title='bbox 3318 2171 3588 2233; x_wconf 82' lang='grc' dir='ltr'>θάνατον,</span> <span class='ocrx_word' id='word_1_376' title='bbox 3636 2167 3744 2223; x_wconf 63' lang='grc' dir='ltr'>καὶ</span> 
     </span>
    </p>
   </div>
   <div class='ocr_carea' id='block_1_51' title="bbox 2146 2260 3732 2344">
    <p class='ocr_par' dir='ltr' id='par_1_51' title="bbox 2146 2260 3732 2344">
     <span class='ocr_line' id='line_1_51' title="bbox 2146 2260 3732 2344; baseline -0.009 -16"><span class='ocrx_word' id='word_1_377' title='bbox 2146 2272 2294 2344; x_wconf 77' lang='grc' dir='ltr'>ζωὴν</span> <span class='ocrx_word' id='word_1_378' title='bbox 2344 2271 2813 2340; x_wconf 74' lang='grc' dir='ltr'>ἀντικαταστῆσαι</span> <span class='ocrx_word' id='word_1_379' title='bbox 2846 2308 2863 2333; x_wconf 87' lang='grc'><strong>,</strong></span> <span class='ocrx_word' id='word_1_380' title='bbox 2914 2266 3014 2322; x_wconf 67' lang='grc' dir='ltr'>καὶ</span> <span class='ocrx_word' id='word_1_381' title='bbox 3060 2266 3155 2321; x_wconf 78' lang='grc' dir='ltr'>τὸν</span> <span class='ocrx_word' id='word_1_382' title='bbox 3210 2265 3419 2337; x_wconf 80' lang='grc' dir='ltr'>κόσμον</span> <span class='ocrx_word' id='word_1_383' title='bbox 3465 2264 3547 2327; x_wconf 79' lang='grc' dir='ltr'><strong>είς</strong></span> <span class='ocrx_word' id='word_1_384' title='bbox 3597 2260 3732 2315; x_wconf 80' lang='grc' dir='ltr'>Θεὸν</span> 
     </span>
    </p>
   </div>
   <div class='ocr_carea' id='block_1_52' title="bbox 2145 2351 3733 2434">
    <p class='ocr_par' dir='ltr' id='par_1_52' title="bbox 2145 2351 3733 2434">
     <span class='ocr_line' id='line_1_52' title="bbox 2145 2351 3733 2434; baseline -0.009 -14"><span class='ocrx_word' id='word_1_385' title='bbox 2145 2365 2536 2434; x_wconf 72' lang='grc' dir='ltr'>ἐπαναγαγεῖν.</span> <span class='ocrx_word' id='word_1_386' title='bbox 2572 2361 2674 2416; x_wconf 80' lang='grc' dir='ltr'>Διὰ</span> <span class='ocrx_word' id='word_1_387' title='bbox 2703 2359 2863 2416; x_wconf 77' lang='grc' dir='ltr'>τοῦτο</span> <span class='ocrx_word' id='word_1_388' title='bbox 2894 2359 3071 2428; x_wconf 80' lang='grc' dir='ltr'>λέγει’</span> <span class='ocrx_word' id='word_1_389' title='bbox 3106 2358 3211 2424; x_wconf 86' lang='grc' dir='ltr'>’ος</span> <span class='ocrx_word' id='word_1_390' title='bbox 3229 2355 3402 2411; x_wconf 82' lang='grc' dir='ltr'>ἐστιν</span> <span class='ocrx_word' id='word_1_391' title='bbox 3424 2351 3605 2411; x_wconf 72' lang='grc' dir='ltr'>εἰκὼν</span> <span class='ocrx_word' id='word_1_392' title='bbox 3622 2351 3733 2407; x_wconf 84' lang='grc' dir='ltr'>τοῦ</span> 
     </span>
    </p>
   </div>
   <div class='ocr_carea' id='block_1_53' title="bbox 2148 2443 3732 2524">
    <p class='ocr_par' dir='ltr' id='par_1_53' title="bbox 2148 2443 3732 2524">
     <span class='ocr_line' id='line_1_53' title="bbox 2148 2443 3732 2524; baseline -0.012 -10"><span class='ocrx_word' id='word_1_393' title='bbox 2148 2456 2298 2514; x_wconf 84' lang='grc' dir='ltr'><strong>Θεοῦ</strong></span> <span class='ocrx_word' id='word_1_394' title='bbox 2327 2455 2434 2513; x_wconf 84' lang='grc' dir='ltr'>τοῦ</span> <span class='ocrx_word' id='word_1_395' title='bbox 2456 2453 2739 2524; x_wconf 80' lang='grc' dir='ltr'><strong>ἀοράτου,</strong></span> <span class='ocrx_word' id='word_1_396' title='bbox 2764 2452 2855 2508; x_wconf 75' lang='grc' dir='ltr'><strong>ἵνα</strong></span> <span class='ocrx_word' id='word_1_397' title='bbox 2885 2450 2983 2507; x_wconf 73' lang='grc' dir='ltr'>καὶ</span> <span class='ocrx_word' id='word_1_398' title='bbox 3019 2451 3103 2506; x_wconf 84' lang='grc' dir='ltr'>ὅτι</span> <span class='ocrx_word' id='word_1_399' title='bbox 3136 2449 3252 2504; x_wconf 76' lang='grc' dir='ltr'>ἔστι</span> <span class='ocrx_word' id='word_1_400' title='bbox 3282 2447 3438 2515; x_wconf 79' lang='grc' dir='ltr'>Θεὸς,</span> <span class='ocrx_word' id='word_1_401' title='bbox 3464 2443 3732 2518; x_wconf 69' lang='grc' dir='ltr'>ἐπιδείξῃ,</span> 
     </span>
    </p>
   </div>
   <div class='ocr_carea' id='block_1_54' title="bbox 2146 2536 3734 2618">
    <p class='ocr_par' dir='ltr' id='par_1_54' title="bbox 2146 2536 3734 2618">
     <span class='ocr_line' id='line_1_54' title="bbox 2146 2536 3734 2618; baseline -0.009 -13"><span class='ocrx_word' id='word_1_402' title='bbox 2146 2549 2244 2605; x_wconf 73' lang='grc' dir='ltr'>καὶ</span> <span class='ocrx_word' id='word_1_403' title='bbox 2295 2549 2379 2604; x_wconf 82' lang='grc' dir='ltr'>ὅτι</span> <span class='ocrx_word' id='word_1_404' title='bbox 2416 2547 2538 2618; x_wconf 70' lang='grc' dir='ltr'>ούχὶ</span> <span class='ocrx_word' id='word_1_405' title='bbox 2568 2550 2598 2600; x_wconf 85' lang='grc' dir='ltr'><strong>ό</strong></span> <span class='ocrx_word' id='word_1_406' title='bbox 2644 2545 2832 2617; x_wconf 81' lang='grc' dir='ltr'>Πατὴρ</span> <span class='ocrx_word' id='word_1_407' title='bbox 2869 2542 3069 2611; x_wconf 79' lang='grc' dir='ltr'>αὐτὸς,</span> <span class='ocrx_word' id='word_1_408' title='bbox 3116 2542 3233 2598; x_wconf 78' lang='grc' dir='ltr'>ἀλλ’</span> <span class='ocrx_word' id='word_1_409' title='bbox 3281 2538 3447 2596; x_wconf 77' lang='grc' dir='ltr'>εἰκὼν</span> <span class='ocrx_word' id='word_1_410' title='bbox 3481 2536 3579 2592; x_wconf 80' lang='grc' dir='ltr'>τοῦ</span> <span class='ocrx_word' id='word_1_411' title='bbox 3620 2538 3734 2592; x_wconf 83' lang='grc' dir='ltr'><strong>Πα-</strong></span> 
     </span>
    </p>
   </div>
   <div class='ocr_carea' id='block_1_55' title="bbox 2146 2627 3745 2714">
    <p class='ocr_par' dir='ltr' id='par_1_55' title="bbox 2146 2627 3745 2714">
     <span class='ocr_line' id='line_1_55' title="bbox 2146 2627 3745 2714; baseline -0.009 -17"><span class='ocrx_word' id='word_1_412' title='bbox 2146 2641 2297 2714; x_wconf 81' lang='grc' dir='ltr'>τρδς,</span> <span class='ocrx_word' id='word_1_413' title='bbox 2353 2638 2665 2712; x_wconf 80' lang='grc' dir='ltr'>ταυτότητοι</span> <span class='ocrx_word' id='word_1_414' title='bbox 2719 2637 2860 2711; x_wconf 72' lang='grc' dir='ltr'>ἔχων</span> <span class='ocrx_word' id='word_1_415' title='bbox 2906 2635 3043 2709; x_wconf 80' lang='grc' dir='ltr'>πρὸς</span> <span class='ocrx_word' id='word_1_416' title='bbox 3093 2633 3289 2700; x_wconf 73' lang='grc' dir='ltr'>αὐτὸν,</span> <span class='ocrx_word' id='word_1_417' title='bbox 3336 2630 3440 2688; x_wconf 78' lang='grc' dir='ltr'>οὐκ</span> <span class='ocrx_word' id='word_1_418' title='bbox 3468 2629 3634 2695; x_wconf 74' lang='grc' dir='ltr'>αὐτὸς</span> <span class='ocrx_word' id='word_1_419' title='bbox 3658 2627 3745 2683; x_wconf 80' lang='grc' dir='ltr'><strong>ὢν·</strong></span> 
     </span>
    </p>
   </div>
   <div class='ocr_carea' id='block_1_56' title="bbox 2148 2736 2374 2799">
    <p class='ocr_par' dir='ltr' id='par_1_56' title="bbox 2148 2736 2374 2799">
     <span class='ocr_line' id='line_1_56' title="bbox 2148 2736 2374 2799; baseline -0.009 -9"><span class='ocrx_word' id='word_1_420' title='bbox 2148 2736 2374 2799; x_wconf 71' lang='grc' dir='ltr'>ἐκεῖνος.</span> 
     </span>
    </p>
   </div>
   <div class='ocr_carea' id='block_1_57' title="bbox 2225 2815 3733 2900">
    <p class='ocr_par' dir='ltr' id='par_1_57' title="bbox 2225 2815 3733 2900">
     <span class='ocr_line' id='line_1_57' title="bbox 2225 2815 3733 2900; baseline -0.008 -18"><span class='ocrx_word' id='word_1_421' title='bbox 2225 2847 2244 2881; x_wconf 82' lang='grc' dir='ltr'><strong>ι</strong></span> <span class='ocrx_word' id='word_1_422' title='bbox 2270 2826 2621 2900; x_wconf 86' lang='grc' dir='ltr'>Πρωτότοκος</span> <span class='ocrx_word' id='word_1_423' title='bbox 2644 2823 2829 2895; x_wconf 78' lang='grc' dir='ltr'>πάσης</span> <span class='ocrx_word' id='word_1_424' title='bbox 2860 2822 3114 2891; x_wconf 75' lang='grc' dir='ltr'><strong>κτίσεως,</strong></span> <span class='ocrx_word' id='word_1_425' title='bbox 3133 2823 3219 2878; x_wconf 82' lang='grc' dir='ltr'>ὅτι</span> <span class='ocrx_word' id='word_1_426' title='bbox 3243 2820 3304 2875; x_wconf 78' lang='grc' dir='ltr'>ὲν</span> <span class='ocrx_word' id='word_1_427' title='bbox 3331 2818 3480 2892; x_wconf 81' lang='grc' dir='ltr'>αὐτῷ</span> <span class='ocrx_word' id='word_1_428' title='bbox 3508 2815 3733 2888; x_wconf 69' lang='grc' dir='ltr'>ἐκτίσθη</span> 
     </span>
    </p>
   </div>
   <div class='ocr_carea' id='block_1_58' title="bbox 2147 2909 3745 2990">
    <p class='ocr_par' dir='ltr' id='par_1_58' title="bbox 2147 2909 3745 2990">
     <span class='ocr_line' id='line_1_58' title="bbox 2147 2909 3745 2990; baseline -0.007 -14"><span class='ocrx_word' id='word_1_429' title='bbox 2147 2922 2217 2976; x_wconf 77' lang='grc' dir='ltr'><strong>τὰ</strong></span> <span class='ocrx_word' id='word_1_430' title='bbox 2253 2920 2432 2977; x_wconf 81' lang='grc' dir='ltr'>πάντα</span> <span class='ocrx_word' id='word_1_431' title='bbox 2458 2920 2528 2974; x_wconf 80' lang='grc' dir='ltr'>τὰ</span> <span class='ocrx_word' id='word_1_432' title='bbox 2554 2922 2614 2975; x_wconf 84' lang='grc' dir='ltr'>ὲν</span> <span class='ocrx_word' id='word_1_433' title='bbox 2650 2919 2765 2983; x_wconf 78' lang='grc' dir='ltr'>τοῖς</span> <span class='ocrx_word' id='word_1_434' title='bbox 2791 2917 3064 2990; x_wconf 74' lang='grc' dir='ltr'>οὐρανοῖς,</span> <span class='ocrx_word' id='word_1_435' title='bbox 3101 2912 3297 2971; x_wconf 77' lang='grc' dir='ltr'>καὶτὰ</span> <span class='ocrx_word' id='word_1_436' title='bbox 3330 2913 3425 2969; x_wconf 67' lang='grc' dir='ltr'><strong>ἰπὶ</strong></span> <span class='ocrx_word' id='word_1_437' title='bbox 3464 2911 3566 2983; x_wconf 83' lang='grc' dir='ltr'>τῆς</span> <span class='ocrx_word' id='word_1_438' title='bbox 3604 2909 3745 2981; x_wconf 53' lang='grc' dir='ltr'>γῆς(</span> 
     </span>
    </p>
   </div>
   <div class='ocr_carea' id='block_1_59' title="bbox 2150 3003 3748 3085">
    <p class='ocr_par' dir='ltr' id='par_1_59' title="bbox 2150 3003 3748 3085">
     <span class='ocr_line' id='line_1_59' title="bbox 2150 3003 3748 3085; baseline -0.008 -17"><span class='ocrx_word' id='word_1_439' title='bbox 2150 3016 2217 3069; x_wconf 75' lang='grc' dir='ltr'><strong>τὰ</strong></span> <span class='ocrx_word' id='word_1_440' title='bbox 2249 3012 2423 3085; x_wconf 77' lang='grc' dir='ltr'>ὁρατὰ</span> <span class='ocrx_word' id='word_1_441' title='bbox 2452 3012 2549 3067; x_wconf 53' lang='grc' dir='ltr'><strong>καλ⁸</strong></span> <span class='ocrx_word' id='word_1_442' title='bbox 2577 3011 2646 3065; x_wconf 82' lang='grc' dir='ltr'>τὰ</span> <span class='ocrx_word' id='word_1_443' title='bbox 2676 3011 2906 3083; x_wconf 79' lang='grc' dir='ltr'>ἀόρατα,</span> <span class='ocrx_word' id='word_1_444' title='bbox 2926 3010 3039 3065; x_wconf 86' lang='grc' dir='ltr'>εῐτε</span> <span class='ocrx_word' id='word_1_445' title='bbox 3068 3006 3282 3081; x_wconf 75' lang='grc' dir='ltr'>Θρόνοι,</span> <span class='ocrx_word' id='word_1_446' title='bbox 3320 3007 3433 3061; x_wconf 84' lang='grc' dir='ltr'>εῐτε</span> <span class='ocrx_word' id='word_1_447' title='bbox 3460 3003 3748 3074; x_wconf 82' lang='grc' dir='ltr'>Κυριότη-.</span> 
     </span>
    </p>
   </div>
   <div class='ocr_carea' id='block_1_60' title="bbox 461 3088 2048 3196">
    <p class='ocr_par' dir='ltr' id='par_1_60' title="bbox 461 3088 2043 3167">
     <span class='ocr_line' id='line_1_60' title="bbox 461 3088 2043 3167; baseline 0.004 -20"><span class='ocrx_word' id='word_1_448' title='bbox 461 3088 697 3161; x_wconf 85' lang='lat' dir='ltr'><strong>Throni,</strong></span> <span class='ocrx_word' id='word_1_449' title='bbox 737 3091 857 3151; x_wconf 88' lang='lat' dir='ltr'><strong>sive</strong></span> <span class='ocrx_word' id='word_1_450' title='bbox 882 3092 1317 3161; x_wconf 76' lang='lat' dir='ltr'><strong>nominationes,</strong></span> <span class='ocrx_word' id='word_1_451' title='bbox 1370 3094 1489 3151; x_wconf 84' lang='lat' dir='ltr'><strong>sive</strong></span> <span class='ocrx_word' id='word_1_452' title='bbox 1515 3092 1890 3167; x_wconf 85' lang='lat' dir='ltr'><strong>Principalus,</strong></span> <span class='ocrx_word' id='word_1_453' title='bbox 1924 3097 2043 3153; x_wconf 85' lang='lat' dir='ltr'><strong>sive</strong></span> 
     </span>
    </p>
   </div>
   <div class='ocr_carea' id='block_1_61' title="bbox 2149 3088 3753 3196">
    <p class='ocr_par' dir='ltr' id='par_1_61' title="bbox 2149 3095 3753 3196">
     <span class='ocr_line' id='line_1_61' title="bbox 2149 3095 3753 3196; baseline -0.009 -34"><span class='ocrx_word' id='word_1_454' title='bbox 2149 3126 2259 3173; x_wconf 78' lang='grc' dir='ltr'>τες,</span> <span class='ocrx_word' id='word_1_455' title='bbox 2282 3106 2473 3161; x_wconf 69' lang='grc' dir='ltr'>εἴτεἋ</span> <span class='ocrx_word' id='word_1_456' title='bbox 2486 3104 2634 3177; x_wconf 69' lang='grc' dir='ltr'>ρχαὶ,</span> <span class='ocrx_word' id='word_1_457' title='bbox 2661 3104 2772 3159; x_wconf 79' lang='grc' dir='ltr'>εἴτε</span> <span class='ocrx_word' id='word_1_458' title='bbox 2800 3102 3092 3171; x_wconf 75' lang='grc' dir='ltr'><strong>Ἰζξουσίαι⁸</strong></span> <span class='ocrx_word' id='word_1_459' title='bbox 3116 3100 3187 3196; x_wconf 65' lang='grc' dir='ltr'><strong>τὰ</strong></span> <span class='ocrx_word' id='word_1_460' title='bbox 3219 3100 3401 3156; x_wconf 83' lang='grc' dir='ltr'>πάντα</span> <span class='ocrx_word' id='word_1_461' title='bbox 3431 3098 3499 3153; x_wconf 86' lang='grc' dir='ltr'>δι’</span> <span class='ocrx_word' id='word_1_462' title='bbox 3524 3095 3692 3151; x_wconf 81' lang='grc' dir='ltr'>αὐτοῦ</span> <span class='ocrx_word' id='word_1_463' title='bbox 3716 3120 3753 3160; x_wconf 85' lang='lat'><strong>,-</strong></span> 
     </span>
    </p>
   </div>
   <div class='ocr_carea' id='block_1_62' title="bbox 461 3185 2039 3263">
    <p class='ocr_par' dir='ltr' id='par_1_62' title="bbox 461 3185 2039 3263">
     <span class='ocr_line' id='line_1_62' title="bbox 461 3185 2039 3263; baseline 0.003 -20"><span class='ocrx_word' id='word_1_464' title='bbox 461 3185 766 3245; x_wconf 85' lang='lat' dir='ltr'><strong>Potestates</strong></span> <span class='ocrx_word' id='word_1_465' title='bbox 812 3204 829 3243; x_wconf 84' lang='lat'><strong>:</strong></span> <span class='ocrx_word' id='word_1_466' title='bbox 889 3187 1077 3243; x_wconf 86' lang='lat' dir='ltr'><strong>omnia</strong></span> <span class='ocrx_word' id='word_1_467' title='bbox 1130 3203 1227 3259; x_wconf 84' lang='lat' dir='ltr'><strong>per</strong></span> <span class='ocrx_word' id='word_1_468' title='bbox 1275 3189 1455 3261; x_wconf 88' lang='lat' dir='ltr'><strong>ipsum</strong></span> <span class='ocrx_word' id='word_1_469' title='bbox 1499 3200 1554 3246; x_wconf 90' lang='lat' dir='ltr'><strong>et</strong></span> <span class='ocrx_word' id='word_1_470' title='bbox 1584 3190 1640 3246; x_wconf 89' lang='lat' dir='ltr'><strong>in</strong></span> <span class='ocrx_word' id='word_1_471' title='bbox 1691 3191 1813 3263; x_wconf 88' lang='lat' dir='ltr'><strong>ipso</strong></span> <span class='ocrx_word' id='word_1_472' title='bbox 1846 3201 2039 3249; x_wconf 83' lang='lat' dir='ltr'><strong>creata</strong></span> 
     </span>
    </p>
   </div>
   <div class='ocr_carea' id='block_1_63' title="bbox 462 3266 1606 3353">
    <p class='ocr_par' dir='ltr' id='par_1_63' title="bbox 462 3266 1606 3353">
     <span class='ocr_line' id='line_1_63' title="bbox 462 3266 1606 3353; baseline -0.002 -16"><span class='ocrx_word' id='word_1_473' title='bbox 462 3289 616 3346; x_wconf 80' lang='lat' dir='ltr'><strong>sunt,</strong></span> <span class='ocrx_word' id='word_1_474' title='bbox 651 3289 705 3336; x_wconf 88' lang='lat' dir='ltr'><strong>et</strong></span> <span class='ocrx_word' id='word_1_475' title='bbox 736 3280 854 3353; x_wconf 89' lang='lat' dir='ltr'><strong>ipse</strong></span> <span class='ocrx_word' id='word_1_476' title='bbox 893 3289 977 3337; x_wconf 90' lang='lat' dir='ltr'><strong>est</strong></span> <span class='ocrx_word' id='word_1_477' title='bbox 1009 3288 1137 3336; x_wconf 90' lang='lat' dir='ltr'><strong>ante</strong></span> <span class='ocrx_word' id='word_1_478' title='bbox 1161 3280 1402 3338; x_wconf 62' lang='lat' dir='ltr'><strong>omnia.»</strong></span> <span class='ocrx_word' id='word_1_479' title='bbox 1602 3266 1606 3270; x_wconf 68' lang='grc'><em>’</em></span> 
     </span>
    </p>
   </div>
   <div class='ocr_carea' id='block_1_64' title="bbox 538 3372 2048 3447">
    <p class='ocr_par' dir='ltr' id='par_1_64' title="bbox 538 3372 2048 3447">
     <span class='ocr_line' id='line_1_64' title="bbox 538 3372 2048 3447; baseline 0.004 -18"><span class='ocrx_word' id='word_1_480' title='bbox 538 3372 763 3431; x_wconf 78' lang='lat' dir='ltr'><strong>Videsis</strong></span> <span class='ocrx_word' id='word_1_481' title='bbox 790 3374 1071 3447; x_wconf 86' lang='lat' dir='ltr'><strong>quomodo</strong></span> <span class='ocrx_word' id='word_1_482' title='bbox 1123 3373 1274 3431; x_wconf 87' lang='lat' dir='ltr'><strong>illius</strong></span> <span class='ocrx_word' id='word_1_483' title='bbox 1302 3375 1469 3432; x_wconf 82' lang='lat' dir='ltr'><strong>etiam</strong></span> <span class='ocrx_word' id='word_1_484' title='bbox 1504 3376 1854 3434; x_wconf 86' lang='lat' dir='ltr'><strong>nativitatem</strong></span> <span class='ocrx_word' id='word_1_485' title='bbox 1887 3387 2048 3435; x_wconf 72' lang='lat' dir='ltr'><strong>reter-</strong></span> 
     </span>
    </p>
   </div>
   <div class='ocr_carea' id='block_1_65' title="bbox 464 3464 2067 3539">
    <p class='ocr_par' dir='ltr' id='par_1_65' title="bbox 464 3464 2067 3539">
     <span class='ocr_line' id='line_1_65' title="bbox 464 3464 2067 3539; baseline 0.004 -17"><span class='ocrx_word' id='word_1_486' title='bbox 464 3480 597 3523; x_wconf 87' lang='lat' dir='ltr'><strong>nam</strong></span> <span class='ocrx_word' id='word_1_487' title='bbox 624 3481 689 3521; x_wconf 81' lang='lat' dir='ltr'><strong>ex</strong></span> <span class='ocrx_word' id='word_1_488' title='bbox 722 3464 885 3521; x_wconf 86' lang='lat' dir='ltr'><strong>Patre</strong></span> <span class='ocrx_word' id='word_1_489' title='bbox 920 3465 1209 3537; x_wconf 66' lang='lat' dir='ltr'><strong>praedicat,</strong></span> <span class='ocrx_word' id='word_1_490' title='bbox 1272 3481 1512 3539; x_wconf 88' lang='lat' dir='ltr'><strong>eumque</strong></span> <span class='ocrx_word' id='word_1_491' title='bbox 1562 3483 1593 3523; x_wconf 90' lang='lat' dir='ltr'><strong>a</strong></span> <span class='ocrx_word' id='word_1_492' title='bbox 1645 3468 1815 3526; x_wconf 82' lang='lat' dir='ltr'><strong>rebus</strong></span> <span class='ocrx_word' id='word_1_493' title='bbox 1844 3470 2067 3528; x_wconf 83' lang='lat' dir='ltr'><strong>creatis-</strong></span> 
     </span>
    </p>
   </div>
   <div class='ocr_carea' id='block_1_66' title="bbox 467 3558 2050 3633">
    <p class='ocr_par' dir='ltr' id='par_1_66' title="bbox 467 3558 2050 3633">
     <span class='ocr_line' id='line_1_66' title="bbox 467 3558 2050 3633; baseline 0.003 -16"><span class='ocrx_word' id='word_1_494' title='bbox 467 3561 732 3627; x_wconf 84' lang='lat' dir='ltr'><strong>secernil,</strong></span> <span class='ocrx_word' id='word_1_495' title='bbox 770 3558 902 3616; x_wconf 87' lang='lat' dir='ltr'><strong>dum</strong></span> <span class='ocrx_word' id='word_1_496' title='bbox 936 3561 1035 3629; x_wconf 87' lang='lat' dir='ltr'><strong>ait,</strong></span> <span class='ocrx_word' id='word_1_497' title='bbox 1064 3560 1119 3615; x_wconf 89' lang='lat' dir='ltr'><strong>in</strong></span> <span class='ocrx_word' id='word_1_498' title='bbox 1147 3560 1264 3632; x_wconf 83' lang='lat' dir='ltr'><strong>ipso</strong></span> <span class='ocrx_word' id='word_1_499' title='bbox 1297 3571 1475 3617; x_wconf 73' lang='lat' dir='ltr'><strong>creata</strong></span> <span class='ocrx_word' id='word_1_500' title='bbox 1520 3579 1635 3619; x_wconf 79' lang='lat' dir='ltr'><strong>esse</strong></span> <span class='ocrx_word' id='word_1_501' title='bbox 1661 3564 1863 3620; x_wconf 84' lang='lat' dir='ltr'><strong>omnia.</strong></span> <span class='ocrx_word' id='word_1_502' title='bbox 1890 3564 2050 3633; x_wconf 80' lang='lat' dir='ltr'><strong>Quod</strong></span> 
     </span>
    </p>
   </div>
   <div class='ocr_carea' id='block_1_67' title="bbox 468 3652 2046 3727">
    <p class='ocr_par' dir='ltr' id='par_1_67' title="bbox 468 3652 2046 3727">
     <span class='ocr_line' id='line_1_67' title="bbox 468 3652 2046 3727; baseline 0.003 -18"><span class='ocrx_word' id='word_1_503' title='bbox 468 3654 517 3710; x_wconf 83' lang='lat' dir='ltr'><strong>si</strong></span> <span class='ocrx_word' id='word_1_504' title='bbox 549 3653 751 3710; x_wconf 80' lang='lat' dir='ltr'><strong>fratres</strong></span> <span class='ocrx_word' id='word_1_505' title='bbox 791 3652 883 3709; x_wconf 87' lang='lat' dir='ltr'><strong>alii</strong></span> <span class='ocrx_word' id='word_1_506' title='bbox 933 3658 1137 3725; x_wconf 70' lang='lat' dir='ltr'><strong>praeter</strong></span> <span class='ocrx_word' id='word_1_507' title='bbox 1186 3653 1337 3710; x_wconf 87' lang='lat' dir='ltr'><strong>hunc</strong></span> <span class='ocrx_word' id='word_1_508' title='bbox 1385 3655 1622 3725; x_wconf 85' lang='lat' dir='ltr'><strong>primum</strong></span> <span class='ocrx_word' id='word_1_509' title='bbox 1672 3658 2046 3727; x_wconf 83' lang='lat' dir='ltr'><strong>exstitissent,</strong></span> 
     </span>
    </p>
   </div>
   <div class='ocr_carea' id='block_1_68' title="bbox 468 3744 2047 3818">
    <p class='ocr_par' dir='ltr' id='par_1_68' title="bbox 468 3744 2047 3818">
     <span class='ocr_line' id='line_1_68' title="bbox 468 3744 2047 3818; baseline 0.003 -17"><span class='ocrx_word' id='word_1_510' title='bbox 468 3760 756 3817; x_wconf 88' lang='lat' dir='ltr'><strong>nunquam</strong></span> <span class='ocrx_word' id='word_1_511' title='bbox 791 3746 905 3802; x_wconf 73' lang='lat' dir='ltr'><strong>haec</strong></span> <span class='ocrx_word' id='word_1_512' title='bbox 934 3744 992 3800; x_wconf 92' lang='lat' dir='ltr'><strong>in</strong></span> <span class='ocrx_word' id='word_1_513' title='bbox 1022 3744 1146 3817; x_wconf 90' lang='lat' dir='ltr'><strong>ipso</strong></span> <span class='ocrx_word' id='word_1_514' title='bbox 1176 3745 1401 3801; x_wconf 87' lang='lat' dir='ltr'><strong>condita</strong></span> <span class='ocrx_word' id='word_1_515' title='bbox 1427 3749 1869 3818; x_wconf 80' lang='lat' dir='ltr'><strong>pronuntiasset.</strong></span> <span class='ocrx_word' id='word_1_516' title='bbox 1906 3750 2047 3807; x_wconf 84' lang='lat' dir='ltr'><strong>Nam</strong></span> 
     </span>
    </p>
   </div>
   <div class='ocr_carea' id='block_1_69' title="bbox 467 3835 2050 3909">
    <p class='ocr_par' dir='ltr' id='par_1_69' title="bbox 467 3835 2050 3909">
     <span class='ocr_line' id='line_1_69' title="bbox 467 3835 2050 3909; baseline 0.003 -15"><span class='ocrx_word' id='word_1_517' title='bbox 467 3837 637 3895; x_wconf 89' lang='lat' dir='ltr'><strong>Pater</strong></span> <span class='ocrx_word' id='word_1_518' title='bbox 667 3836 851 3895; x_wconf 87' lang='lat' dir='ltr'><strong>omnia</strong></span> <span class='ocrx_word' id='word_1_519' title='bbox 906 3835 1039 3894; x_wconf 79' lang='lat' dir='ltr'><strong>fecit</strong></span> <span class='ocrx_word' id='word_1_520' title='bbox 1084 3838 1142 3892; x_wconf 89' lang='lat' dir='ltr'><strong>in</strong></span> <span class='ocrx_word' id='word_1_521' title='bbox 1192 3839 1458 3909; x_wconf 79' lang='lat' dir='ltr'><strong>sapientia</strong></span> <span class='ocrx_word' id='word_1_522' title='bbox 1486 3841 1530 3874; x_wconf 85' lang='lat'><strong>&quot;’</strong></span> <span class='ocrx_word' id='word_1_523' title='bbox 1563 3861 1579 3899; x_wconf 89' lang='lat'><strong>:</strong></span> <span class='ocrx_word' id='word_1_524' title='bbox 1634 3841 1891 3901; x_wconf 82' lang='lat' dir='ltr'><strong>Christus</strong></span> <span class='ocrx_word' id='word_1_525' title='bbox 1917 3858 2050 3900; x_wconf 88' lang='lat' dir='ltr'><strong>vero</strong></span> 
     </span>
    </p>
   </div>
   <div class='ocr_carea' id='block_1_70' title="bbox 469 3928 1496 4000">
    <p class='ocr_par' dir='ltr' id='par_1_70' title="bbox 469 3928 1496 4000">
     <span class='ocr_line' id='line_1_70' title="bbox 469 3928 1496 4000; baseline -0.001 -12"><span class='ocrx_word' id='word_1_526' title='bbox 469 3930 572 3988; x_wconf 79' lang='lat' dir='ltr'><strong>Dei</strong></span> <span class='ocrx_word' id='word_1_527' title='bbox 608 3931 775 3987; x_wconf 71' lang='lat' dir='ltr'><strong>uirtus</strong></span> <span class='ocrx_word' id='word_1_528' title='bbox 797 3939 902 3999; x_wconf 76' lang='lat' dir='ltr'><strong>est,</strong></span> <span class='ocrx_word' id='word_1_529' title='bbox 932 3938 983 3984; x_wconf 82' lang='lat' dir='ltr'><strong>et</strong></span> <span class='ocrx_word' id='word_1_530' title='bbox 1016 3928 1110 3985; x_wconf 86' lang='lat' dir='ltr'><strong>Dei</strong></span> <span class='ocrx_word' id='word_1_531' title='bbox 1141 3930 1403 4000; x_wconf 80' lang='lat' dir='ltr'><strong>sapientia</strong></span> <span class='ocrx_word' id='word_1_532' title='bbox 1429 3931 1496 3987; x_wconf 80' lang='grc'><strong>⁸⁸.</strong></span> 
     </span>
    </p>
   </div>
   <div class='ocr_carea' id='block_1_71' title="bbox 547 4022 2054 4100">
    <p class='ocr_par' dir='ltr' id='par_1_71' title="bbox 547 4022 2054 4100">
     <span class='ocr_line' id='line_1_71' title="bbox 547 4022 2054 4100; baseline 0.003 -21"><span class='ocrx_word' id='word_1_533' title='bbox 547 4044 568 4079; x_wconf 80' lang='grc' dir='ltr'><strong>ι</strong></span> <span class='ocrx_word' id='word_1_534' title='bbox 603 4024 671 4080; x_wconf 80' lang='lat' dir='ltr'><strong>Et</strong></span> <span class='ocrx_word' id='word_1_535' title='bbox 707 4024 894 4080; x_wconf 84' lang='lat' dir='ltr'><strong>omnia</strong></span> <span class='ocrx_word' id='word_1_536' title='bbox 940 4024 996 4078; x_wconf 87' lang='lat' dir='ltr'><strong>in</strong></span> <span class='ocrx_word' id='word_1_537' title='bbox 1028 4022 1152 4094; x_wconf 88' lang='lat' dir='ltr'><strong>ipso</strong></span> <span class='ocrx_word' id='word_1_538' title='bbox 1186 4033 1468 4092; x_wconf 84' lang='lat' dir='ltr'><strong>constant,</strong></span> <span class='ocrx_word' id='word_1_539' title='bbox 1516 4036 1569 4083; x_wconf 86' lang='lat' dir='ltr'><strong>et</strong></span> <span class='ocrx_word' id='word_1_540' title='bbox 1606 4027 1723 4100; x_wconf 90' lang='lat' dir='ltr'><strong>ipse</strong></span> <span class='ocrx_word' id='word_1_541' title='bbox 1758 4039 1844 4085; x_wconf 89' lang='lat' dir='ltr'><strong>est</strong></span> <span class='ocrx_word' id='word_1_542' title='bbox 1880 4037 2054 4100; x_wconf 88' lang='lat' dir='ltr'><strong>caput</strong></span> 
     </span>
    </p>
   </div>
   <div class='ocr_carea' id='block_1_72' title="bbox 470 4116 2055 4192">
    <p class='ocr_par' dir='ltr' id='par_1_72' title="bbox 470 4116 2055 4192">
     <span class='ocr_line' id='line_1_72' title="bbox 470 4116 2055 4192; baseline 0.001 -17"><span class='ocrx_word' id='word_1_543' title='bbox 470 4120 724 4191; x_wconf 87' lang='lat' dir='ltr'><strong>corporis</strong></span> <span class='ocrx_word' id='word_1_544' title='bbox 777 4117 1064 4185; x_wconf 66' lang='lat' dir='ltr'><strong>Ecclesiae,</strong></span> <span class='ocrx_word' id='word_1_545' title='bbox 1121 4116 1217 4188; x_wconf 88' lang='lat' dir='ltr'><strong>qui</strong></span> <span class='ocrx_word' id='word_1_546' title='bbox 1264 4124 1349 4173; x_wconf 85' lang='lat' dir='ltr'><strong>est</strong></span> <span class='ocrx_word' id='word_1_547' title='bbox 1383 4117 1740 4192; x_wconf 88' lang='lat' dir='ltr'><strong>principium,</strong></span> <span class='ocrx_word' id='word_1_548' title='bbox 1777 4120 2055 4192; x_wconf 83' lang='lat' dir='ltr'><strong>primoge-</strong></span> 
     </span>
    </p>
   </div>
   <div class='ocr_carea' id='block_1_73' title="bbox 471 4210 2056 4291">
    <p class='ocr_par' dir='ltr' id='par_1_73' title="bbox 471 4210 2056 4291">
     <span class='ocr_line' id='line_1_73' title="bbox 471 4210 2056 4291; baseline 0 -22"><span class='ocrx_word' id='word_1_549' title='bbox 471 4212 626 4269; x_wconf 83' lang='lat' dir='ltr'><strong>nilus</strong></span> <span class='ocrx_word' id='word_1_550' title='bbox 683 4227 749 4268; x_wconf 80' lang='lat' dir='ltr'><strong>ex</strong></span> <span class='ocrx_word' id='word_1_551' title='bbox 789 4210 1051 4291; x_wconf 75' lang='lat' dir='ltr'><strong>mortuis,</strong></span> <span class='ocrx_word' id='word_1_552' title='bbox 1084 4218 1145 4267; x_wconf 93' lang='lat' dir='ltr'><strong>ut</strong></span> <span class='ocrx_word' id='word_1_553' title='bbox 1181 4210 1254 4269; x_wconf 82' lang='lat' dir='ltr'><strong>sit</strong></span> <span class='ocrx_word' id='word_1_554' title='bbox 1289 4211 1344 4267; x_wconf 88' lang='lat' dir='ltr'><strong>in</strong></span> <span class='ocrx_word' id='word_1_555' title='bbox 1394 4212 1660 4270; x_wconf 86' lang='lat' dir='ltr'><strong>omnibus</strong></span> <span class='ocrx_word' id='word_1_556' title='bbox 1688 4212 1806 4287; x_wconf 86' lang='lat' dir='ltr'><strong>ipse</strong></span> <span class='ocrx_word' id='word_1_557' title='bbox 1843 4212 2056 4285; x_wconf 83' lang='lat' dir='ltr'><strong>prima-</strong></span> 
     </span>
    </p>
   </div>
   <div class='ocr_carea' id='block_1_74' title="bbox 472 4314 898 4362">
    <p class='ocr_par' dir='ltr' id='par_1_74' title="bbox 472 4314 898 4362">
     <span class='ocr_line' id='line_1_74' title="bbox 472 4314 898 4362; baseline -0.005 -1"><span class='ocrx_word' id='word_1_558' title='bbox 472 4316 591 4362; x_wconf 88' lang='lat' dir='ltr'><strong>tum</strong></span> <span class='ocrx_word' id='word_1_559' title='bbox 622 4314 841 4362; x_wconf 88' lang='lat' dir='ltr'><strong>tenens.</strong></span> <span class='ocrx_word' id='word_1_560' title='bbox 878 4324 898 4358; x_wconf 76' lang='grc' dir='ltr'><strong>ι</strong></span> 
     </span>
    </p>
   </div>
   <div class='ocr_carea' id='block_1_75' title="bbox 547 4397 2053 4471">
    <p class='ocr_par' dir='ltr' id='par_1_75' title="bbox 547 4397 2053 4471">
     <span class='ocr_line' id='line_1_75' title="bbox 547 4397 2053 4471; baseline 0.001 -17"><span class='ocrx_word' id='word_1_561' title='bbox 547 4397 615 4454; x_wconf 87' lang='lat' dir='ltr'><strong>Et</strong></span> <span class='ocrx_word' id='word_1_562' title='bbox 642 4400 697 4454; x_wconf 90' lang='lat' dir='ltr'><strong>in</strong></span> <span class='ocrx_word' id='word_1_563' title='bbox 731 4399 871 4471; x_wconf 89' lang='lat' dir='ltr'><strong>ipso,</strong></span> <span class='ocrx_word' id='word_1_564' title='bbox 922 4397 1123 4471; x_wconf 87' lang='lat' dir='ltr'><strong>inquit,</strong></span> <span class='ocrx_word' id='word_1_565' title='bbox 1181 4398 1440 4455; x_wconf 84' lang='lat' dir='ltr'><strong>universa</strong></span> <span class='ocrx_word' id='word_1_566' title='bbox 1493 4405 1680 4455; x_wconf 89' lang='lat' dir='ltr'><strong>creata</strong></span> <span class='ocrx_word' id='word_1_567' title='bbox 1735 4409 1885 4468; x_wconf 87' lang='lat' dir='ltr'><strong>sunt,</strong></span> <span class='ocrx_word' id='word_1_568' title='bbox 1913 4407 1965 4456; x_wconf 86' lang='lat' dir='ltr'><strong>et</strong></span> <span class='ocrx_word' id='word_1_569' title='bbox 1998 4398 2053 4455; x_wconf 87' lang='lat' dir='ltr'><strong>in</strong></span> 
     </span>
    </p>
   </div>
   <div class='ocr_carea' id='block_1_76' title="bbox 2152 3186 3735 3293">
    <p class='ocr_par' dir='ltr' id='par_1_76' title="bbox 2152 3186 3735 3293">
     <span class='ocr_line' id='line_1_76' title="bbox 2152 3186 3735 3293; baseline -0.008 -37"><span class='ocrx_word' id='word_1_570' title='bbox 2152 3202 2248 3256; x_wconf 74' lang='grc' dir='ltr'>καὶ</span> <span class='ocrx_word' id='word_1_571' title='bbox 2277 3201 2358 3264; x_wconf 86' lang='grc' dir='ltr'><strong>είς</strong></span> <span class='ocrx_word' id='word_1_572' title='bbox 2407 3199 2572 3255; x_wconf 80' lang='grc' dir='ltr'>αὐτὸν</span> <span class='ocrx_word' id='word_1_573' title='bbox 2615 3197 2904 3265; x_wconf 74' lang='grc' dir='ltr'>ἔκτισται,</span> <span class='ocrx_word' id='word_1_574' title='bbox 2957 3196 3056 3293; x_wconf 70' lang='grc' dir='ltr'>καὶ</span> <span class='ocrx_word' id='word_1_575' title='bbox 3088 3186 3247 3262; x_wconf 71' lang='grc' dir='ltr'>οὗτός</span> <span class='ocrx_word' id='word_1_576' title='bbox 3292 3194 3411 3249; x_wconf 71' lang='grc' dir='ltr'>ἔστι</span> <span class='ocrx_word' id='word_1_577' title='bbox 3455 3190 3565 3263; x_wconf 77' lang='grc' dir='ltr'>πρὸ</span> <span class='ocrx_word' id='word_1_578' title='bbox 3597 3189 3735 3245; x_wconf 79' lang='grc' dir='ltr'>πάν-</span> 
     </span>
    </p>
   </div>
   <div class='ocr_carea' id='block_1_77' title="bbox 2151 3308 2343 3347">
    <p class='ocr_par' dir='ltr' id='par_1_77' title="bbox 2151 3308 2343 3347">
     <span class='ocr_line' id='line_1_77' title="bbox 2151 3308 2343 3347; baseline 0 -2"><span class='ocrx_word' id='word_1_579' title='bbox 2151 3308 2283 3347; x_wconf 79' lang='grc' dir='ltr'>των.</span> <span class='ocrx_word' id='word_1_580' title='bbox 2323 3310 2343 3345; x_wconf 76' lang='grc' dir='ltr'><strong>ι</strong></span> 
     </span>
    </p>
   </div>
   <div class='ocr_carea' id='block_1_78' title="bbox 2227 3371 3735 3454">
    <p class='ocr_par' dir='ltr' id='par_1_78' title="bbox 2227 3371 3735 3454">
     <span class='ocr_line' id='line_1_78' title="bbox 2227 3371 3735 3454; baseline -0.011 -15"><span class='ocrx_word' id='word_1_581' title='bbox 2227 3385 2371 3454; x_wconf 83' lang='grc' dir='ltr'><strong>Ὅρα</strong></span> <span class='ocrx_word' id='word_1_582' title='bbox 2420 3381 2541 3447; x_wconf 84' lang='grc' dir='ltr'><strong>πῶς</strong></span> <span class='ocrx_word' id='word_1_583' title='bbox 2578 3380 2675 3436; x_wconf 63' lang='grc' dir='ltr'>καὶ</span> <span class='ocrx_word' id='word_1_584' title='bbox 2706 3378 2806 3454; x_wconf 77' lang='grc' dir='ltr'>τὴν</span> <span class='ocrx_word' id='word_1_585' title='bbox 2840 3380 2905 3435; x_wconf 77' lang='grc' dir='ltr'>ὲκ</span> <span class='ocrx_word' id='word_1_586' title='bbox 2942 3377 3158 3449; x_wconf 81' lang='grc' dir='ltr'>Πατρὸς</span> <span class='ocrx_word' id='word_1_587' title='bbox 3203 3375 3371 3432; x_wconf 75' lang='grc' dir='ltr'>αὑτοῦ</span> <span class='ocrx_word' id='word_1_588' title='bbox 3408 3371 3735 3447; x_wconf 85' lang='grc' dir='ltr'>προαιώνιον</span> 
     </span>
    </p>
   </div>
   <div class='ocr_carea' id='block_1_79' title="bbox 2154 3463 3736 3553">
    <p class='ocr_par' dir='ltr' id='par_1_79' title="bbox 2154 3463 3736 3553">
     <span class='ocr_line' id='line_1_79' title="bbox 2154 3463 3736 3553; baseline -0.012 -18"><span class='ocrx_word' id='word_1_589' title='bbox 2154 3478 2417 3553; x_wconf 77' lang='grc' dir='ltr'>κηρύττει</span> <span class='ocrx_word' id='word_1_590' title='bbox 2451 3476 2732 3547; x_wconf 75' lang='grc' dir='ltr'>γέννησιν,</span> <span class='ocrx_word' id='word_1_591' title='bbox 2764 3476 2859 3530; x_wconf 68' lang='grc' dir='ltr'>καὶ</span> <span class='ocrx_word' id='word_1_592' title='bbox 2890 3472 3000 3528; x_wconf 83' lang='grc' dir='ltr'><strong>τῶν</strong></span> <span class='ocrx_word' id='word_1_593' title='bbox 3027 3470 3349 3544; x_wconf 80' lang='grc' dir='ltr'>κτισμάτων</span> <span class='ocrx_word' id='word_1_594' title='bbox 3377 3467 3543 3523; x_wconf 75' lang='grc' dir='ltr'>αὐτὸν</span> <span class='ocrx_word' id='word_1_595' title='bbox 3570 3463 3736 3537; x_wconf 81' lang='grc' dir='ltr'>χωρί-</span> 
     </span>
    </p>
   </div>
   <div class='ocr_carea' id='block_1_80' title="bbox 2155 3553 3737 3640">
    <p class='ocr_par' dir='ltr' id='par_1_80' title="bbox 2155 3553 3737 3640">
     <span class='ocr_line' id='line_1_80' title="bbox 2155 3553 3737 3640; baseline -0.01 -16"><span class='ocrx_word' id='word_1_596' title='bbox 2155 3569 2259 3637; x_wconf 77' lang='grc' dir='ltr'>ζει,</span> <span class='ocrx_word' id='word_1_597' title='bbox 2291 3567 2369 3640; x_wconf 80' lang='grc' dir='ltr'>τῷ</span> <span class='ocrx_word' id='word_1_598' title='bbox 2396 3566 2599 3636; x_wconf 70' lang='grc' dir='ltr'>λέγειν,</span> <span class='ocrx_word' id='word_1_599' title='bbox 2628 3566 2701 3620; x_wconf 77' lang='grc' dir='ltr'><strong>ἐν</strong></span> <span class='ocrx_word' id='word_1_600' title='bbox 2733 3562 2897 3631; x_wconf 81' lang='grc' dir='ltr'>αὐτῷ</span> <span class='ocrx_word' id='word_1_601' title='bbox 2932 3560 3184 3631; x_wconf 80' lang='grc' dir='ltr'>ἐκτίσθη</span> <span class='ocrx_word' id='word_1_602' title='bbox 3225 3561 3298 3616; x_wconf 83' lang='grc' dir='ltr'>τὰ</span> <span class='ocrx_word' id='word_1_603' title='bbox 3328 3556 3545 3615; x_wconf 75' lang='grc' dir='ltr'>πάντα.</span> <span class='ocrx_word' id='word_1_604' title='bbox 3586 3556 3650 3611; x_wconf 75' lang='lat' dir='ltr'><strong>Ei</strong></span> <span class='ocrx_word' id='word_1_605' title='bbox 3679 3553 3737 3609; x_wconf 71' lang='grc' dir='ltr'><strong>δὲ</strong></span> 
     </span>
    </p>
   </div>
   <div class='ocr_carea' id='block_1_81' title="bbox 2154 3652 3753 3733">
    <p class='ocr_par' dir='ltr' id='par_1_81' title="bbox 2154 3652 3753 3733">
     <span class='ocr_line' id='line_1_81' title="bbox 2154 3652 3753 3733; baseline -0.012 -13"><span class='ocrx_word' id='word_1_606' title='bbox 2154 3661 2455 3733; x_wconf 76' lang='grc' dir='ltr'>ἀδελφότης</span> <span class='ocrx_word' id='word_1_607' title='bbox 2495 3655 2564 3733; x_wconf 80' lang='grc' dir='ltr'>ἦν</span> <span class='ocrx_word' id='word_1_608' title='bbox 2604 3658 2736 3714; x_wconf 76' lang='grc' dir='ltr'>υἱῶν</span> <span class='ocrx_word' id='word_1_609' title='bbox 2762 3656 3033 3730; x_wconf 77' lang='grc' dir='ltr'>δευτέρων</span> <span class='ocrx_word' id='word_1_610' title='bbox 3074 3655 3167 3710; x_wconf 68' lang='grc' dir='ltr'><strong>ἐπὶ</strong></span> <span class='ocrx_word' id='word_1_611' title='bbox 3214 3653 3294 3726; x_wconf 83' lang='grc' dir='ltr'>τῷ</span> <span class='ocrx_word' id='word_1_612' title='bbox 3349 3652 3553 3725; x_wconf 80' lang='grc' dir='ltr'>πρώτῳ</span> <span class='ocrx_word' id='word_1_613' title='bbox 3583 3662 3753 3719; x_wconf 58' lang='grc' dir='ltr'>γενοί</span> 
     </span>
    </p>
   </div>
   <div class='ocr_carea' id='block_1_82' title="bbox 2159 3738 3737 3829">
    <p class='ocr_par' dir='ltr' id='par_1_82' title="bbox 2159 3738 3737 3829">
     <span class='ocr_line' id='line_1_82' title="bbox 2159 3738 3737 3829; baseline -0.008 -20"><span class='ocrx_word' id='word_1_614' title='bbox 2159 3757 2357 3829; x_wconf 71' lang='grc' dir='ltr'>μένων,</span> <span class='ocrx_word' id='word_1_615' title='bbox 2390 3755 2490 3809; x_wconf 83' lang='grc' dir='ltr'>οὐκ</span> <span class='ocrx_word' id='word_1_616' title='bbox 2536 3753 2602 3809; x_wconf 77' lang='grc' dir='ltr'>ἂν</span> <span class='ocrx_word' id='word_1_617' title='bbox 2640 3753 2700 3806; x_wconf 81' lang='grc' dir='ltr'>ὲν</span> <span class='ocrx_word' id='word_1_618' title='bbox 2741 3751 2894 3822; x_wconf 83' lang='grc' dir='ltr'><strong>αύτῷ</strong></span> <span class='ocrx_word' id='word_1_619' title='bbox 2941 3749 3128 3819; x_wconf 64' lang='grc' dir='ltr'>ἔλεγεν</span> <span class='ocrx_word' id='word_1_620' title='bbox 3176 3745 3317 3802; x_wconf 80' lang='grc' dir='ltr'>αὐτὰ</span> <span class='ocrx_word' id='word_1_621' title='bbox 3349 3744 3618 3800; x_wconf 75' lang='grc' dir='ltr'>ἐκτίσθαι.</span> <span class='ocrx_word' id='word_1_622' title='bbox 3660 3738 3737 3812; x_wconf 77' lang='grc' dir='ltr'><strong>Τῇ</strong></span> 
     </span>
    </p>
   </div>
   <div class='ocr_carea' id='block_1_83' title="bbox 2155 3831 3737 3919">
    <p class='ocr_par' dir='ltr' id='par_1_83' title="bbox 2155 3831 3737 3919">
     <span class='ocr_line' id='line_1_83' title="bbox 2155 3831 3737 3919; baseline -0.009 -19"><span class='ocrx_word' id='word_1_623' title='bbox 2155 3849 2268 3919; x_wconf 66' lang='grc' dir='ltr'>γὰρ</span> <span class='ocrx_word' id='word_1_624' title='bbox 2320 3847 2504 3916; x_wconf 71' lang='grc' dir='ltr'>σοφίᾳ</span> <span class='ocrx_word' id='word_1_625' title='bbox 2559 3844 2738 3899; x_wconf 69' lang='grc' dir='ltr'>πάντα</span> <span class='ocrx_word' id='word_1_626' title='bbox 2784 3840 3047 3912; x_wconf 74' lang='grc' dir='ltr'>ἐποίησεν</span> <span class='ocrx_word' id='word_1_627' title='bbox 3091 3839 3120 3892; x_wconf 86' lang='grc' dir='ltr'><strong>ό</strong></span> <span class='ocrx_word' id='word_1_628' title='bbox 3162 3837 3388 3908; x_wconf 82' lang='grc' dir='ltr'>Πατὴρ,</span> <span class='ocrx_word' id='word_1_629' title='bbox 3418 3834 3655 3909; x_wconf 77' lang='grc' dir='ltr'>Χριστὸς</span> <span class='ocrx_word' id='word_1_630' title='bbox 3684 3831 3737 3885; x_wconf 69' lang='grc' dir='ltr'><strong>δὲ</strong></span> 
     </span>
    </p>
   </div>
   <div class='ocr_carea' id='block_1_84' title="bbox 2154 3934 3122 4009">
    <p class='ocr_par' dir='ltr' id='par_1_84' title="bbox 2154 3934 3122 4009">
     <span class='ocr_line' id='line_1_84' title="bbox 2154 3934 3122 4009; baseline -0.009 -13"><span class='ocrx_word' id='word_1_631' title='bbox 2154 3942 2286 3997; x_wconf 78' lang='grc' dir='ltr'>ἐστι</span> <span class='ocrx_word' id='word_1_632' title='bbox 2320 3939 2468 3999; x_wconf 80' lang='grc' dir='ltr'>Θεοῦ</span> <span class='ocrx_word' id='word_1_633' title='bbox 2502 3937 2753 4009; x_wconf 77' lang='grc' dir='ltr'>δύναμις</span> <span class='ocrx_word' id='word_1_634' title='bbox 2782 3936 2880 3991; x_wconf 75' lang='grc' dir='ltr'><strong>καί</strong></span> <span class='ocrx_word' id='word_1_635' title='bbox 2915 3934 3122 4004; x_wconf 69' lang='grc' dir='ltr'>σοφία.</span> 
     </span>
    </p>
   </div>
   <div class='ocr_carea' id='block_1_85' title="bbox 2233 4016 3739 4098">
    <p class='ocr_par' dir='ltr' id='par_1_85' title="bbox 2233 4016 3739 4098">
     <span class='ocr_line' id='line_1_85' title="bbox 2233 4016 3739 4098; baseline -0.009 -12"><span class='ocrx_word' id='word_1_636' title='bbox 2233 4052 2252 4086; x_wconf 82' lang='grc' dir='ltr'><strong>ι</strong></span> <span class='ocrx_word' id='word_1_637' title='bbox 2290 4033 2404 4088; x_wconf 72' lang='grc' dir='ltr'><strong>Καὶ</strong></span> <span class='ocrx_word' id='word_1_638' title='bbox 2446 4031 2517 4085; x_wconf 81' lang='grc' dir='ltr'><strong>τὰ</strong></span> <span class='ocrx_word' id='word_1_639' title='bbox 2566 4024 2746 4085; x_wconf 75' lang='grc' dir='ltr'>πάντα</span> <span class='ocrx_word' id='word_1_640' title='bbox 2793 4031 2851 4083; x_wconf 87' lang='grc' dir='ltr'>ὲν</span> <span class='ocrx_word' id='word_1_641' title='bbox 2890 4025 3041 4098; x_wconf 78' lang='grc' dir='ltr'>αὐτῷ</span> <span class='ocrx_word' id='word_1_642' title='bbox 3073 4022 3376 4096; x_wconf 82' lang='grc' dir='ltr'>συνέστηκε</span> <span class='ocrx_word' id='word_1_643' title='bbox 3399 4063 3415 4088; x_wconf 90' lang='grc'><strong>,</strong></span> <span class='ocrx_word' id='word_1_644' title='bbox 3449 4020 3549 4076; x_wconf 75' lang='grc' dir='ltr'>καὶ</span> <span class='ocrx_word' id='word_1_645' title='bbox 3583 4016 3739 4082; x_wconf 80' lang='grc' dir='ltr'>αὐτός</span> 
     </span>
    </p>
   </div>
   <div class='ocr_carea' id='block_1_86' title="bbox 2155 4109 3739 4195">
    <p class='ocr_par' dir='ltr' id='par_1_86' title="bbox 2155 4109 3739 4195">
     <span class='ocr_line' id='line_1_86' title="bbox 2155 4109 3739 4195; baseline -0.008 -17"><span class='ocrx_word' id='word_1_646' title='bbox 2155 4126 2309 4180; x_wconf 70' lang='grc' dir='ltr'>ἐστιν</span> <span class='ocrx_word' id='word_1_647' title='bbox 2358 4126 2390 4194; x_wconf 87' lang='grc' dir='ltr'>ἡ</span> <span class='ocrx_word' id='word_1_648' title='bbox 2429 4123 2646 4195; x_wconf 77' lang='grc' dir='ltr'>κεφαλὴ</span> <span class='ocrx_word' id='word_1_649' title='bbox 2689 4121 2789 4193; x_wconf 77' lang='grc' dir='ltr'>τῆς</span> <span class='ocrx_word' id='word_1_650' title='bbox 2840 4118 3215 4190; x_wconf 81' lang='grc' dir='ltr'>Ἐκκλησίας,</span> <span class='ocrx_word' id='word_1_651' title='bbox 3253 4115 3314 4179; x_wconf 81' lang='grc' dir='ltr'>ὃς</span> <span class='ocrx_word' id='word_1_652' title='bbox 3358 4115 3511 4168; x_wconf 71' lang='grc' dir='ltr'>ἔστιν</span> <span class='ocrx_word' id='word_1_653' title='bbox 3559 4109 3739 4183; x_wconf 77' lang='grc' dir='ltr'>ἀρχὴ,</span> 
     </span>
    </p>
   </div>
   <div class='ocr_carea' id='block_1_87' title="bbox 2157 4200 3740 4290">
    <p class='ocr_par' dir='ltr' id='par_1_87' title="bbox 2157 4200 3740 4290">
     <span class='ocr_line' id='line_1_87' title="bbox 2157 4200 3740 4290; baseline -0.009 -18"><span class='ocrx_word' id='word_1_654' title='bbox 2157 4215 2507 4290; x_wconf 84' lang='grc' dir='ltr'>πρωτότοκος</span> <span class='ocrx_word' id='word_1_655' title='bbox 2554 4217 2618 4269; x_wconf 82' lang='grc' dir='ltr'>ὲκ</span> <span class='ocrx_word' id='word_1_656' title='bbox 2666 4211 2774 4267; x_wconf 84' lang='grc' dir='ltr'><strong>τῶν</strong></span> <span class='ocrx_word' id='word_1_657' title='bbox 2815 4209 3050 4283; x_wconf 83' lang='grc' dir='ltr'>νεκρῶν,</span> <span class='ocrx_word' id='word_1_658' title='bbox 3082 4208 3171 4263; x_wconf 69' lang='lat' dir='ltr'><strong>tvo.</strong></span> <span class='ocrx_word' id='word_1_659' title='bbox 3208 4206 3441 4278; x_wconf 86' lang='grc' dir='ltr'>γένηται</span> <span class='ocrx_word' id='word_1_660' title='bbox 3490 4204 3550 4261; x_wconf 79' lang='grc' dir='ltr'>ὲν</span> <span class='ocrx_word' id='word_1_661' title='bbox 3579 4200 3740 4259; x_wconf 80' lang='grc' dir='ltr'>πᾶσιν</span> 
     </span>
    </p>
   </div>
   <div class='ocr_carea' id='block_1_88' title="bbox 2158 4308 2728 4382">
    <p class='ocr_par' dir='ltr' id='par_1_88' title="bbox 2158 4308 2728 4382">
     <span class='ocr_line' id='line_1_88' title="bbox 2158 4308 2728 4382; baseline -0.019 -13"><span class='ocrx_word' id='word_1_662' title='bbox 2158 4310 2327 4376; x_wconf 81' lang='grc' dir='ltr'>αὐτὸς</span> <span class='ocrx_word' id='word_1_663' title='bbox 2354 4308 2674 4382; x_wconf 86' lang='grc' dir='ltr'>πρωτεύων.</span> <span class='ocrx_word' id='word_1_664' title='bbox 2708 4324 2728 4358; x_wconf 77' lang='grc' dir='ltr'><strong>ι</strong></span> 
     </span>
    </p>
   </div>
   <div class='ocr_carea' id='block_1_89' title="bbox 2230 4392 3745 4474">
    <p class='ocr_par' dir='ltr' id='par_1_89' title="bbox 2230 4392 3745 4474">
     <span class='ocr_line' id='line_1_89' title="bbox 2230 4392 3745 4474; baseline -0.009 -13"><span class='ocrx_word' id='word_1_665' title='bbox 2230 4405 2341 4461; x_wconf 74' lang='grc' dir='ltr'><strong>Καὶ</strong></span> <span class='ocrx_word' id='word_1_666' title='bbox 2375 4406 2434 4459; x_wconf 82' lang='grc' dir='ltr'>ὲν</span> <span class='ocrx_word' id='word_1_667' title='bbox 2474 4401 2641 4474; x_wconf 78' lang='grc' dir='ltr'>αὐτῷ,</span> <span class='ocrx_word' id='word_1_668' title='bbox 2669 4401 2941 4465; x_wconf 74' lang='grc' dir='ltr'>ἔκτισται,</span> <span class='ocrx_word' id='word_1_669' title='bbox 2966 4396 3132 4469; x_wconf 75' lang='grc' dir='ltr'>φησὶ,</span> <span class='ocrx_word' id='word_1_670' title='bbox 3155 4394 3225 4452; x_wconf 80' lang='grc' dir='ltr'><strong>τὰ</strong></span> <span class='ocrx_word' id='word_1_671' title='bbox 3270 4393 3450 4451; x_wconf 80' lang='grc' dir='ltr'>πάντα</span> <span class='ocrx_word' id='word_1_672' title='bbox 3474 4434 3491 4460; x_wconf 94' lang='grc'><strong>,</strong></span> <span class='ocrx_word' id='word_1_673' title='bbox 3540 4392 3636 4449; x_wconf 76' lang='grc' dir='ltr'>καὶ</span> <span class='ocrx_word' id='word_1_674' title='bbox 3689 4394 3745 4447; x_wconf 77' lang='grc' dir='ltr'>ἐν</span> 
     </span>
    </p>
   </div>
   <div class='ocr_carea' id='block_1_90' title="bbox 473 4487 2048 4571">
    <p class='ocr_par' dir='ltr' id='par_1_90' title="bbox 473 4489 2048 4566">
     <span class='ocr_line' id='line_1_90' title="bbox 473 4489 2048 4566; baseline -0.001 -16"><span class='ocrx_word' id='word_1_675' title='bbox 473 4495 596 4566; x_wconf 78' lang='lat' dir='ltr'><strong>ipso</strong></span> <span class='ocrx_word' id='word_1_676' title='bbox 629 4490 965 4559; x_wconf 88' lang='lat' dir='ltr'><strong>consistunt,</strong></span> <span class='ocrx_word' id='word_1_677' title='bbox 1018 4496 1074 4547; x_wconf 86' lang='lat' dir='ltr'><strong>et</strong></span> <span class='ocrx_word' id='word_1_678' title='bbox 1131 4489 1251 4562; x_wconf 84' lang='lat' dir='ltr'><strong>ipse</strong></span> <span class='ocrx_word' id='word_1_679' title='bbox 1315 4497 1403 4546; x_wconf 83' lang='lat' dir='ltr'><strong>est</strong></span> <span class='ocrx_word' id='word_1_680' title='bbox 1451 4498 1642 4562; x_wconf 90' lang='lat' dir='ltr'><strong>caput,</strong></span> <span class='ocrx_word' id='word_1_681' title='bbox 1699 4500 1755 4548; x_wconf 91' lang='lat' dir='ltr'><strong>et</strong></span> <span class='ocrx_word' id='word_1_682' title='bbox 1814 4499 2048 4563; x_wconf 86' lang='lat' dir='ltr'><strong>utraque</strong></span> 
     </span>
    </p>
   </div>
   <div class='ocr_carea' id='block_1_91' title="bbox 2149 4487 3746 4571">
    <p class='ocr_par' dir='ltr' id='par_1_91' title="bbox 2159 4487 3746 4571">
     <span class='ocr_line' id='line_1_91' title="bbox 2159 4487 3746 4571; baseline -0.01 -16"><span class='ocrx_word' id='word_1_683' title='bbox 2159 4499 2310 4571; x_wconf 85' lang='grc' dir='ltr'><strong>αὐτῷ</strong></span> <span class='ocrx_word' id='word_1_684' title='bbox 2343 4498 2699 4569; x_wconf 81' lang='grc' dir='ltr'>συνέστηκεν,</span> <span class='ocrx_word' id='word_1_685' title='bbox 2728 4492 2822 4551; x_wconf 76' lang='grc' dir='ltr'>καὶ</span> <span class='ocrx_word' id='word_1_686' title='bbox 2855 4492 3020 4557; x_wconf 80' lang='grc' dir='ltr'>αὐτός</span> <span class='ocrx_word' id='word_1_687' title='bbox 3052 4493 3172 4545; x_wconf 77' lang='grc' dir='ltr'>ἐστι</span> <span class='ocrx_word' id='word_1_688' title='bbox 3203 4489 3417 4562; x_wconf 80' lang='grc' dir='ltr'>κεφαλὴ</span> <span class='ocrx_word' id='word_1_689' title='bbox 3439 4527 3456 4555; x_wconf 91' lang='grc'><strong>,</strong></span> <span class='ocrx_word' id='word_1_690' title='bbox 3496 4489 3593 4543; x_wconf 77' lang='grc' dir='ltr'>καὶ</span> <span class='ocrx_word' id='word_1_691' title='bbox 3640 4487 3746 4557; x_wconf 84' lang='grc' dir='ltr'><strong>ἀμ-</strong></span> 
     </span>
    </p>
   </div>
   <div class='ocr_carea' id='block_1_92' title="bbox 475 4577 2048 4672">
    <p class='ocr_par' dir='ltr' id='par_1_92' title="bbox 475 4585 2048 4659">
     <span class='ocr_line' id='line_1_92' title="bbox 475 4585 2048 4659; baseline -0.002 -14"><span class='ocrx_word' id='word_1_692' title='bbox 475 4587 803 4659; x_wconf 86' lang='lat' dir='ltr'><strong>compingit,</strong></span> <span class='ocrx_word' id='word_1_693' title='bbox 849 4592 967 4641; x_wconf 89' lang='lat' dir='ltr'><strong>tum</strong></span> <span class='ocrx_word' id='word_1_694' title='bbox 1027 4600 1150 4657; x_wconf 72' lang='lat' dir='ltr'><strong>quae</strong></span> <span class='ocrx_word' id='word_1_695' title='bbox 1208 4585 1497 4654; x_wconf 70' lang='lat' dir='ltr'><strong>theologia:</strong></span> <span class='ocrx_word' id='word_1_696' title='bbox 1549 4593 1704 4654; x_wconf 87' lang='lat' dir='ltr'><strong>sunt,</strong></span> <span class='ocrx_word' id='word_1_697' title='bbox 1762 4592 2048 4659; x_wconf 72' lang='lat' dir='ltr'><strong>tum-qum</strong></span> 
     </span>
    </p>
   </div>
   <div class='ocr_carea' id='block_1_93' title="bbox 2149 4577 3749 4672">
    <p class='ocr_par' dir='ltr' id='par_1_93' title="bbox 2162 4577 3749 4672">
     <span class='ocr_line' id='line_1_93' title="bbox 2162 4577 3749 4672; baseline -0.009 -25"><span class='ocrx_word' id='word_1_698' title='bbox 2162 4592 2369 4672; x_wconf 80' lang='grc' dir='ltr'>φότερα</span> <span class='ocrx_word' id='word_1_699' title='bbox 2399 4591 2627 4661; x_wconf 71' lang='grc' dir='ltr'>συνάγει</span> <span class='ocrx_word' id='word_1_700' title='bbox 2648 4628 2665 4653; x_wconf 90' lang='grc'><strong>,</strong></span> <span class='ocrx_word' id='word_1_701' title='bbox 2713 4586 2783 4642; x_wconf 81' lang='grc' dir='ltr'>τά</span> <span class='ocrx_word' id='word_1_702' title='bbox 2813 4603 2873 4641; x_wconf 85' lang='grc' dir='ltr'><strong>τε</strong></span> <span class='ocrx_word' id='word_1_703' title='bbox 2920 4584 3022 4657; x_wconf 77' lang='grc' dir='ltr'>τῆς</span> <span class='ocrx_word' id='word_1_704' title='bbox 3051 4582 3336 4651; x_wconf 80' lang='grc' dir='ltr'>θεολογίας</span> <span class='ocrx_word' id='word_1_705' title='bbox 3362 4622 3376 4649; x_wconf 95' lang='grc'><strong>,</strong></span> <span class='ocrx_word' id='word_1_706' title='bbox 3409 4580 3508 4672; x_wconf 79' lang='grc' dir='ltr'>καὶ</span> <span class='ocrx_word' id='word_1_707' title='bbox 3552 4578 3629 4672; x_wconf 64' lang='grc' dir='ltr'><strong>τα</strong></span> <span class='ocrx_word' id='word_1_708' title='bbox 3648 4577 3749 4648; x_wconf 78' lang='grc' dir='ltr'>τῆς</span> 
     </span>
    </p>
   </div>
   <div class='ocr_carea' id='block_1_94' title="bbox 476 4668 2048 4751">
    <p class='ocr_par' dir='ltr' id='par_1_94' title="bbox 476 4678 2048 4751">
     <span class='ocr_line' id='line_1_94' title="bbox 476 4678 2048 4751; baseline 0 -13"><span class='ocrx_word' id='word_1_709' title='bbox 476 4680 892 4742; x_wconf 75' lang='lat' dir='ltr'><strong>exinanitionis.</strong></span> <span class='ocrx_word' id='word_1_710' title='bbox 948 4678 1089 4735; x_wconf 87' lang='lat' dir='ltr'><strong>Nam</strong></span> <span class='ocrx_word' id='word_1_711' title='bbox 1137 4680 1185 4738; x_wconf 93' lang='lat' dir='ltr'><strong>is</strong></span> <span class='ocrx_word' id='word_1_712' title='bbox 1224 4686 1308 4735; x_wconf 84' lang='lat' dir='ltr'><strong>est</strong></span> <span class='ocrx_word' id='word_1_713' title='bbox 1359 4679 1457 4751; x_wconf 88' lang='lat' dir='ltr'><strong>qui</strong></span> <span class='ocrx_word' id='word_1_714' title='bbox 1492 4686 1623 4736; x_wconf 90' lang='lat' dir='ltr'><strong>ante</strong></span> <span class='ocrx_word' id='word_1_715' title='bbox 1654 4681 1856 4736; x_wconf 58' lang='lat' dir='ltr'><strong>saecula</strong></span> <span class='ocrx_word' id='word_1_716' title='bbox 1887 4690 2048 4738; x_wconf 77' lang='lat' dir='ltr'><strong>natus</strong></span> 
     </span>
    </p>
   </div>
   <div class='ocr_carea' id='block_1_95' title="bbox 2149 4668 3749 4751">
    <p class='ocr_par' dir='ltr' id='par_1_95' title="bbox 2163 4668 3749 4749">
     <span class='ocr_line' id='line_1_95' title="bbox 2163 4668 3749 4749; baseline -0.012 -10"><span class='ocrx_word' id='word_1_717' title='bbox 2163 4668 2467 4746; x_wconf 85' lang='grc' dir='ltr'>κενώσεως.</span> <span class='ocrx_word' id='word_1_718' title='bbox 2524 4679 2699 4745; x_wconf 74' lang='grc' dir='ltr'>Αὐτὸς</span> <span class='ocrx_word' id='word_1_719' title='bbox 2732 4676 2865 4749; x_wconf 78' lang='grc' dir='ltr'>γὰρ,</span> <span class='ocrx_word' id='word_1_720' title='bbox 2919 4673 3289 4749; x_wconf 66' lang='grc' dir='ltr'>φησὶν,·ὲστὶν</span> <span class='ocrx_word' id='word_1_721' title='bbox 3319 4673 3351 4725; x_wconf 83' lang='grc' dir='ltr'><strong>ό</strong></span> <span class='ocrx_word' id='word_1_722' title='bbox 3382 4669 3490 4742; x_wconf 74' lang='grc' dir='ltr'><strong>πρὸ</strong></span> <span class='ocrx_word' id='word_1_723' title='bbox 3536 4668 3749 4724; x_wconf 78' lang='grc' dir='ltr'>αἰώνων</span> 
     </span>
    </p>
   </div>
   <div class='ocr_carea' id='block_1_96' title="bbox 477 4763 2048 4848">
    <p class='ocr_par' dir='ltr' id='par_1_96' title="bbox 477 4770 2048 4845">
     <span class='ocr_line' id='line_1_96' title="bbox 477 4770 2048 4845; baseline 0.001 -16"><span class='ocrx_word' id='word_1_724' title='bbox 477 4782 583 4840; x_wconf 79' lang='lat' dir='ltr'><strong>est,</strong></span> <span class='ocrx_word' id='word_1_725' title='bbox 622 4773 715 4845; x_wconf 90' lang='lat' dir='ltr'><strong>qui</strong></span> <span class='ocrx_word' id='word_1_726' title='bbox 747 4779 802 4830; x_wconf 89' lang='lat' dir='ltr'><strong>et</strong></span> <span class='ocrx_word' id='word_1_727' title='bbox 860 4770 1268 4844; x_wconf 81' lang='lat' dir='ltr'><strong>primogenitus</strong></span> <span class='ocrx_word' id='word_1_728' title='bbox 1313 4786 1380 4827; x_wconf 79' lang='lat' dir='ltr'><strong>ex</strong></span> <span class='ocrx_word' id='word_1_729' title='bbox 1431 4773 1690 4828; x_wconf 87' lang='lat' dir='ltr'><strong>mortuis.</strong></span> <span class='ocrx_word' id='word_1_730' title='bbox 1747 4773 1886 4827; x_wconf 85' lang='lat' dir='ltr'><strong>Eum</strong></span> <span class='ocrx_word' id='word_1_731' title='bbox 1926 4788 2048 4830; x_wconf 81' lang='lat' dir='ltr'><strong>vero</strong></span> 
     </span>
    </p>
   </div>
   <div class='ocr_carea' id='block_1_97' title="bbox 2149 4763 3748 4848">
    <p class='ocr_par' dir='ltr' id='par_1_97' title="bbox 2165 4763 3748 4848">
     <span class='ocr_line' id='line_1_97' title="bbox 2165 4763 3748 4848; baseline -0.011 -16"><span class='ocrx_word' id='word_1_732' title='bbox 2165 4775 2444 4848; x_wconf 72' lang='grc' dir='ltr'>γεννηθεὶς</span> <span class='ocrx_word' id='word_1_733' title='bbox 2462 4815 2479 4841; x_wconf 89' lang='grc'><strong>,</strong></span> <span class='ocrx_word' id='word_1_734' title='bbox 2510 4776 2538 4829; x_wconf 87' lang='grc' dir='ltr'><strong>ό</strong></span> <span class='ocrx_word' id='word_1_735' title='bbox 2566 4772 2663 4827; x_wconf 73' lang='grc' dir='ltr'>καὶ</span> <span class='ocrx_word' id='word_1_736' title='bbox 2707 4769 3059 4844; x_wconf 83' lang='grc' dir='ltr'>πρωτότοκος</span> <span class='ocrx_word' id='word_1_737' title='bbox 3083 4769 3149 4823; x_wconf 75' lang='grc' dir='ltr'>ἐκ</span> <span class='ocrx_word' id='word_1_738' title='bbox 3186 4765 3297 4823; x_wconf 84' lang='grc' dir='ltr'><strong>τῶν</strong></span> <span class='ocrx_word' id='word_1_739' title='bbox 3321 4763 3748 4836; x_wconf 32' lang='grc' dir='ltr'>νεκρῶντηΠρωο</span> 
     </span>
    </p>
   </div>
   <div class='ocr_carea' id='block_1_98' title="bbox 478 4854 2048 4939">
    <p class='ocr_par' dir='ltr' id='par_1_98' title="bbox 478 4864 2048 4939">
     <span class='ocr_line' id='line_1_98' title="bbox 478 4864 2048 4939; baseline 0 -17"><span class='ocrx_word' id='word_1_740' title='bbox 478 4869 772 4939; x_wconf 83' lang='lat' dir='ltr'><strong>primatum</strong></span> <span class='ocrx_word' id='word_1_741' title='bbox 803 4875 975 4921; x_wconf 82' lang='lat' dir='ltr'><strong>tenere</strong></span> <span class='ocrx_word' id='word_1_742' title='bbox 1004 4864 1175 4933; x_wconf 90' lang='lat' dir='ltr'><strong>dicit,</strong></span> <span class='ocrx_word' id='word_1_743' title='bbox 1206 4878 1318 4919; x_wconf 89' lang='lat' dir='ltr'><strong>non</strong></span> <span class='ocrx_word' id='word_1_744' title='bbox 1359 4870 1419 4919; x_wconf 91' lang='lat' dir='ltr'><strong>ut</strong></span> <span class='ocrx_word' id='word_1_745' title='bbox 1462 4864 1764 4935; x_wconf 88' lang='lat' dir='ltr'><strong>primatum</strong></span> <span class='ocrx_word' id='word_1_746' title='bbox 1800 4874 1929 4923; x_wconf 88' lang='lat' dir='ltr'><strong>ante</strong></span> <span class='ocrx_word' id='word_1_747' title='bbox 1962 4881 2048 4923; x_wconf 90' lang='lat' dir='ltr'><strong>ac-</strong></span> 
     </span>
    </p>
   </div>
   <div class='ocr_carea' id='block_1_99' title="bbox 2149 4854 3748 4939">
    <p class='ocr_par' dir='ltr' id='par_1_99' title="bbox 2162 4854 3748 4935">
     <span class='ocr_line' id='line_1_99' title="bbox 2162 4854 3748 4935; baseline -0.01 -9"><span class='ocrx_word' id='word_1_748' title='bbox 2162 4871 2362 4926; x_wconf 83' lang='grc' dir='ltr'>τεύειν</span> <span class='ocrx_word' id='word_1_749' title='bbox 2389 4869 2447 4923; x_wconf 79' lang='grc' dir='ltr'><strong>δὲ</strong></span> <span class='ocrx_word' id='word_1_750' title='bbox 2481 4866 2645 4921; x_wconf 72' lang='grc' dir='ltr'>αὐτὸν</span> <span class='ocrx_word' id='word_1_751' title='bbox 2675 4865 2827 4934; x_wconf 74' lang='grc' dir='ltr'>λέγει</span> <span class='ocrx_word' id='word_1_752' title='bbox 2852 4905 2870 4930; x_wconf 94' lang='grc'><strong>,</strong></span> <span class='ocrx_word' id='word_1_753' title='bbox 2900 4863 2999 4935; x_wconf 79' lang='grc' dir='ltr'><strong>οὐχ</strong></span> <span class='ocrx_word' id='word_1_754' title='bbox 3026 4862 3104 4927; x_wconf 83' lang='grc' dir='ltr'><strong>ὡς</strong></span> <span class='ocrx_word' id='word_1_755' title='bbox 3127 4861 3188 4916; x_wconf 78' lang='grc' dir='ltr'>τὸ</span> <span class='ocrx_word' id='word_1_756' title='bbox 3212 4854 3519 4933; x_wconf 82' lang='grc' dir='ltr'>πρωτεύειν</span> <span class='ocrx_word' id='word_1_757' title='bbox 3542 4855 3748 4931; x_wconf 84' lang='grc' dir='ltr'>προλα-</span> 
     </span>
    </p>
   </div>
   <div class='ocr_carea' id='block_1_100' title="bbox 480 4949 2048 5030">
    <p class='ocr_par' dir='ltr' id='par_1_100' title="bbox 480 4955 2048 5030">
     <span class='ocr_line' id='line_1_100' title="bbox 480 4955 2048 5030; baseline -0.001 -14"><span class='ocrx_word' id='word_1_758' title='bbox 480 4964 709 5030; x_wconf 84' lang='lat' dir='ltr'><strong>ceperit,</strong></span> <span class='ocrx_word' id='word_1_759' title='bbox 748 4959 842 5014; x_wconf 89' lang='lat' dir='ltr'><strong>sed</strong></span> <span class='ocrx_word' id='word_1_760' title='bbox 893 4964 1172 5027; x_wconf 85' lang='lat' dir='ltr'><strong>quatenus</strong></span> <span class='ocrx_word' id='word_1_761' title='bbox 1226 4970 1328 5013; x_wconf 89' lang='lat' dir='ltr'><strong>nos</strong></span> <span class='ocrx_word' id='word_1_762' title='bbox 1360 4955 1534 5029; x_wconf 78' lang='lat' dir='ltr'><strong>gloria</strong></span> <span class='ocrx_word' id='word_1_763' title='bbox 1568 4956 1673 5011; x_wconf 87' lang='lat' dir='ltr'><strong>ista</strong></span> <span class='ocrx_word' id='word_1_764' title='bbox 1704 4957 1957 5023; x_wconf 82' lang='lat' dir='ltr'><strong>donavit,</strong></span> <span class='ocrx_word' id='word_1_765' title='bbox 2001 4967 2048 5014; x_wconf 86' lang='lat' dir='ltr'><strong>ut</strong></span> 
     </span>
    </p>
   </div>
   <div class='ocr_carea' id='block_1_101' title="bbox 2149 4949 3749 5030">
    <p class='ocr_par' dir='ltr' id='par_1_101' title="bbox 2168 4949 3749 5029">
     <span class='ocr_line' id='line_1_101' title="bbox 2168 4949 3749 5029; baseline -0.009 -11"><span class='ocrx_word' id='word_1_766' title='bbox 2168 4963 2354 5029; x_wconf 73' lang='grc' dir='ltr'>δόντα,</span> <span class='ocrx_word' id='word_1_767' title='bbox 2387 4959 2504 5015; x_wconf 74' lang='grc' dir='ltr'>ἀλλ’</span> <span class='ocrx_word' id='word_1_768' title='bbox 2534 4960 2609 5023; x_wconf 82' lang='grc' dir='ltr'>ὼς</span> <span class='ocrx_word' id='word_1_769' title='bbox 2632 4957 2791 5025; x_wconf 75' lang='grc' dir='ltr'>δόξαν</span> <span class='ocrx_word' id='word_1_770' title='bbox 2822 4954 2956 5027; x_wconf 77' lang='grc' dir='ltr'>ἡμῖν</span> <span class='ocrx_word' id='word_1_771' title='bbox 2980 4954 3077 5010; x_wconf 81' lang='grc' dir='ltr'><strong>τοῦ</strong></span> <span class='ocrx_word' id='word_1_772' title='bbox 3110 4952 3491 5026; x_wconf 81' lang='grc' dir='ltr'>πρωτεύέσθαι</span> <span class='ocrx_word' id='word_1_773' title='bbox 3532 4952 3625 5006; x_wconf 80' lang='grc' dir='ltr'><strong>ὑπ’</strong></span> <span class='ocrx_word' id='word_1_774' title='bbox 3652 4949 3749 5004; x_wconf 83' lang='grc' dir='ltr'><strong>αὐ·</strong></span> 
     </span>
    </p>
   </div>
   <div class='ocr_carea' id='block_1_102' title="bbox 479 5041 2048 5130">
    <p class='ocr_par' dir='ltr' id='par_1_102' title="bbox 479 5048 2048 5126">
     <span class='ocr_line' id='line_1_102' title="bbox 479 5048 2048 5126; baseline -0.001 -17"><span class='ocrx_word' id='word_1_775' title='bbox 479 5054 599 5126; x_wconf 86' lang='lat' dir='ltr'><strong>ipse</strong></span> <span class='ocrx_word' id='word_1_776' title='bbox 651 5051 815 5108; x_wconf 83' lang='lat' dir='ltr'><strong>nobis</strong></span> <span class='ocrx_word' id='word_1_777' title='bbox 866 5050 1127 5107; x_wconf 88' lang='lat' dir='ltr'><strong>anteiret.</strong></span> <span class='ocrx_word' id='word_1_778' title='bbox 1186 5048 1305 5105; x_wconf 84' lang='lat' dir='ltr'><strong>Hoc</strong></span> <span class='ocrx_word' id='word_1_779' title='bbox 1372 5048 1645 5120; x_wconf 89' lang='lat' dir='ltr'><strong>siquidem</strong></span> <span class='ocrx_word' id='word_1_780' title='bbox 1713 5058 1875 5122; x_wconf 89' lang='lat' dir='ltr'><strong>pacto</strong></span> <span class='ocrx_word' id='word_1_781' title='bbox 1930 5052 2048 5123; x_wconf 81' lang='lat' dir='ltr'><strong>ipsa</strong></span> 
     </span>
    </p>
   </div>
   <div class='ocr_carea' id='block_1_103' title="bbox 2149 5041 3748 5130">
    <p class='ocr_par' dir='ltr' id='par_1_103' title="bbox 2169 5041 3748 5130">
     <span class='ocr_line' id='line_1_103' title="bbox 2169 5041 3748 5130; baseline -0.009 -19"><span class='ocrx_word' id='word_1_782' title='bbox 2169 5056 2264 5111; x_wconf 82' lang='grc' dir='ltr'>τοῦ</span> <span class='ocrx_word' id='word_1_783' title='bbox 2297 5054 2682 5130; x_wconf 80' lang='grc' dir='ltr'>χαριζόμενον.</span> <span class='ocrx_word' id='word_1_784' title='bbox 2711 5050 2868 5106; x_wconf 80' lang='grc' dir='ltr'>Οὕτω</span> <span class='ocrx_word' id='word_1_785' title='bbox 2895 5049 3007 5121; x_wconf 80' lang='grc' dir='ltr'><strong>γὰρ</strong></span> <span class='ocrx_word' id='word_1_786' title='bbox 3038 5048 3133 5103; x_wconf 69' lang='grc' dir='ltr'><strong>καὶ</strong></span> <span class='ocrx_word' id='word_1_787' title='bbox 3152 5042 3428 5119; x_wconf 73' lang='grc' dir='ltr'>διαμένειν</span> <span class='ocrx_word' id='word_1_788' title='bbox 3459 5044 3653 5117; x_wconf 72' lang='grc' dir='ltr'>ἔμελλε</span> <span class='ocrx_word' id='word_1_789' title='bbox 3683 5041 3748 5097; x_wconf 76' lang='grc' dir='ltr'><strong>τὰ</strong></span> 
     </span>
    </p>
   </div>
   <div class='ocr_carea' id='block_1_104' title="bbox 480 5137 2048 5222">
    <p class='ocr_par' dir='ltr' id='par_1_104' title="bbox 480 5142 2048 5217">
     <span class='ocr_line' id='line_1_104' title="bbox 480 5142 2048 5217; baseline -0.001 -14"><span class='ocrx_word' id='word_1_790' title='bbox 480 5160 705 5217; x_wconf 90' lang='lat' dir='ltr'><strong>quoque</strong></span> <span class='ocrx_word' id='word_1_791' title='bbox 732 5159 825 5201; x_wconf 90' lang='lat' dir='ltr'><strong>res</strong></span> <span class='ocrx_word' id='word_1_792' title='bbox 861 5142 1105 5199; x_wconf 65' lang='lat' dir='ltr'><strong>condita:</strong></span> <span class='ocrx_word' id='word_1_793' title='bbox 1154 5156 1534 5213; x_wconf 85' lang='lat' dir='ltr'><strong>permansurae</strong></span> <span class='ocrx_word' id='word_1_794' title='bbox 1565 5153 1748 5211; x_wconf 87' lang='lat' dir='ltr'><strong>erant,</strong></span> <span class='ocrx_word' id='word_1_795' title='bbox 1780 5154 1895 5201; x_wconf 89' lang='lat' dir='ltr'><strong>uta</strong></span> <span class='ocrx_word' id='word_1_796' title='bbox 1926 5160 2048 5201; x_wconf 88' lang='lat' dir='ltr'><strong>con-</strong></span> 
     </span>
    </p>
   </div>
   <div class='ocr_carea' id='block_1_105' title="bbox 2149 5137 3746 5222">
    <p class='ocr_par' dir='ltr' id='par_1_105' title="bbox 2172 5137 3746 5222">
     <span class='ocr_line' id='line_1_105' title="bbox 2172 5137 3746 5222; baseline -0.01 -18"><span class='ocrx_word' id='word_1_797' title='bbox 2172 5151 2473 5222; x_wconf 77' lang='grc' dir='ltr'>ποιήματα,</span> <span class='ocrx_word' id='word_1_798' title='bbox 2506 5143 2877 5218; x_wconf 78' lang='grc' dir='ltr'>ὲξαρτηθὲντα</span> <span class='ocrx_word' id='word_1_799' title='bbox 2903 5140 3001 5197; x_wconf 83' lang='grc' dir='ltr'>τοῦ</span> <span class='ocrx_word' id='word_1_800' title='bbox 3039 5137 3377 5213; x_wconf 82' lang='grc' dir='ltr'>δημιουργοῦ</span> <span class='ocrx_word' id='word_1_801' title='bbox 3409 5138 3507 5193; x_wconf 73' lang='grc' dir='ltr'><strong>καὶ</strong></span> <span class='ocrx_word' id='word_1_802' title='bbox 3537 5139 3746 5191; x_wconf 66' lang='lat' dir='ltr'><strong>duom-</strong></span> 
     </span>
    </p>
   </div>
   <div class='ocr_carea' id='block_1_106' title="bbox 482 5234 2063 5310">
    <p class='ocr_par' dir='ltr' id='par_1_106' title="bbox 482 5234 2063 5310">
     <span class='ocr_line' id='line_1_106' title="bbox 482 5234 2063 5310; baseline -0.003 -12"><span class='ocrx_word' id='word_1_803' title='bbox 482 5242 667 5298; x_wconf 81' lang='lat' dir='ltr'><strong>ditore</strong></span> <span class='ocrx_word' id='word_1_804' title='bbox 693 5254 795 5296; x_wconf 90' lang='lat' dir='ltr'><strong>suo</strong></span> <span class='ocrx_word' id='word_1_805' title='bbox 841 5237 1172 5310; x_wconf 89' lang='lat' dir='ltr'><strong>penderent,</strong></span> <span class='ocrx_word' id='word_1_806' title='bbox 1202 5234 1627 5307; x_wconf 82' lang='lat' dir='ltr'><strong>eﬂ‘ugerentque</strong></span> <span class='ocrx_word' id='word_1_807' title='bbox 1653 5238 2063 5308; x_wconf 83' lang='lat' dir='ltr'><strong>corruptelam,</strong></span> 
     </span>
    </p>
   </div>
   <div class='ocr_carea' id='block_1_107' title="bbox 479 5326 2059 5407">
    <p class='ocr_par' dir='ltr' id='par_1_107' title="bbox 479 5326 2059 5407">
     <span class='ocr_line' id='line_1_107' title="bbox 479 5326 2059 5407; baseline -0.001 -18"><span class='ocrx_word' id='word_1_808' title='bbox 479 5348 650 5407; x_wconf 76' lang='lat' dir='ltr'><strong>quam</strong></span> <span class='ocrx_word' id='word_1_809' title='bbox 736 5329 1010 5388; x_wconf 87' lang='lat' dir='ltr'><strong>sustinuit</strong></span> <span class='ocrx_word' id='word_1_810' title='bbox 1089 5326 1342 5383; x_wconf 86' lang='lat' dir='ltr'><strong>interitui</strong></span> <span class='ocrx_word' id='word_1_811' title='bbox 1430 5326 1730 5383; x_wconf 83' lang='lat' dir='ltr'><strong>fracturam</strong></span> <span class='ocrx_word' id='word_1_812' title='bbox 1804 5329 2059 5400; x_wconf 87' lang='lat' dir='ltr'><strong>tradens;</strong></span> 
     </span>
    </p>
   </div>
   <div class='ocr_carea' id='block_1_108' title="bbox 482 5416 2062 5499">
    <p class='ocr_par' dir='ltr' id='par_1_108' title="bbox 482 5416 2062 5499">
     <span class='ocr_line' id='line_1_108' title="bbox 482 5416 2062 5499; baseline -0.002 -17"><span class='ocrx_word' id='word_1_813' title='bbox 482 5421 952 5499; x_wconf 87' lang='lat' dir='ltr'><strong>quemadmodum</strong></span> <span class='ocrx_word' id='word_1_814' title='bbox 995 5420 1111 5493; x_wconf 89' lang='lat' dir='ltr'><strong>ipse</strong></span> <span class='ocrx_word' id='word_1_815' title='bbox 1147 5416 1357 5474; x_wconf 86' lang='lat' dir='ltr'><strong>Paulus</strong></span> <span class='ocrx_word' id='word_1_816' title='bbox 1400 5419 1682 5475; x_wconf 86' lang='lat' dir='ltr'><strong>enarravit</strong></span> <span class='ocrx_word' id='word_1_817' title='bbox 1724 5421 1777 5476; x_wconf 87' lang='lat' dir='ltr'><strong>in</strong></span> <span class='ocrx_word' id='word_1_818' title='bbox 1816 5420 2062 5493; x_wconf 88' lang='lat' dir='ltr'><strong>Epistola</strong></span> 
     </span>
    </p>
   </div>
   <div class='ocr_carea' id='block_1_109' title="bbox 485 5514 1067 5590">
    <p class='ocr_par' dir='ltr' id='par_1_109' title="bbox 485 5514 1067 5590">
     <span class='ocr_line' id='line_1_109' title="bbox 485 5514 1067 5590; baseline -0.01 -17"><span class='ocrx_word' id='word_1_819' title='bbox 485 5518 555 5575; x_wconf 79' lang='lat' dir='ltr'><strong>ad</strong></span> <span class='ocrx_word' id='word_1_820' title='bbox 586 5514 857 5586; x_wconf 79' lang='lat' dir='ltr'><strong>Ephesios</strong></span> <span class='ocrx_word' id='word_1_821' title='bbox 882 5514 948 5567; x_wconf 69' lang='grc' dir='ltr'><strong>θ’.</strong></span> <span class='ocrx_word' id='word_1_822' title='bbox 1060 5580 1067 5590; x_wconf 34' lang='grc'><strong><em>⁸</em></strong></span> 
     </span>
    </p>
   </div>
   <div class='ocr_carea' id='block_1_110' title="bbox 550 5599 2067 5676">
    <p class='ocr_par' dir='ltr' id='par_1_110' title="bbox 550 5599 2067 5676">
     <span class='ocr_line' id='line_1_110' title="bbox 550 5599 2067 5676; baseline -0.001 -12"><span class='ocrx_word' id='word_1_823' title='bbox 550 5610 718 5665; x_wconf 76' lang='lat' dir='ltr'><strong>Vens.</strong></span> <span class='ocrx_word' id='word_1_824' title='bbox 754 5605 844 5670; x_wconf 76' lang='lat' dir='ltr'><strong>l9,</strong></span> <span class='ocrx_word' id='word_1_825' title='bbox 867 5605 958 5662; x_wconf 67' lang='grc' dir='ltr'>εὖ.</span> <span class='ocrx_word' id='word_1_826' title='bbox 997 5625 1015 5659; x_wconf 82' lang='grc' dir='ltr'><strong>ι</strong></span> <span class='ocrx_word' id='word_1_827' title='bbox 1049 5603 1185 5672; x_wconf 81' lang='lat' dir='ltr'><strong>Quia</strong></span> <span class='ocrx_word' id='word_1_828' title='bbox 1217 5599 1271 5658; x_wconf 91' lang='lat' dir='ltr'><strong>in</strong></span> <span class='ocrx_word' id='word_1_829' title='bbox 1312 5602 1435 5674; x_wconf 89' lang='lat' dir='ltr'><strong>ipso</strong></span> <span class='ocrx_word' id='word_1_830' title='bbox 1483 5605 1817 5676; x_wconf 79' lang='lat' dir='ltr'><strong>complacuit</strong></span> <span class='ocrx_word' id='word_1_831' title='bbox 1847 5621 2067 5663; x_wconf 89' lang='lat' dir='ltr'><strong>omnem</strong></span> 
     </span>
    </p>
   </div>
   <div class='ocr_carea' id='block_1_111' title="bbox 2171 5229 3750 5314">
    <p class='ocr_par' dir='ltr' id='par_1_111' title="bbox 2171 5229 3750 5314">
     <span class='ocr_line' id='line_1_111' title="bbox 2171 5229 3750 5314; baseline -0.008 -17"><span class='ocrx_word' id='word_1_832' title='bbox 2171 5242 2414 5314; x_wconf 87' lang='grc' dir='ltr'>φευγότά</span> <span class='ocrx_word' id='word_1_833' title='bbox 2439 5240 2537 5313; x_wconf 85' lang='grc' dir='ltr'>τὴν</span> <span class='ocrx_word' id='word_1_834' title='bbox 2574 5238 2805 5312; x_wconf 82' lang='grc' dir='ltr'>φθορὰν,</span> <span class='ocrx_word' id='word_1_835' title='bbox 2842 5239 2906 5309; x_wconf 79' lang='grc' dir='ltr'>ἦν</span> <span class='ocrx_word' id='word_1_836' title='bbox 2936 5236 3233 5306; x_wconf 76' lang='grc' dir='ltr'>ὑπέμεινεν</span> <span class='ocrx_word' id='word_1_837' title='bbox 3256 5235 3316 5288; x_wconf 75' lang='grc' dir='ltr'>ὲν</span> <span class='ocrx_word' id='word_1_838' title='bbox 3345 5233 3424 5304; x_wconf 84' lang='grc' dir='ltr'>τῷ</span> <span class='ocrx_word' id='word_1_839' title='bbox 3454 5230 3555 5304; x_wconf 81' lang='grc' dir='ltr'><strong>τὴν</strong></span> <span class='ocrx_word' id='word_1_840' title='bbox 3597 5229 3750 5303; x_wconf 72' lang='grc' dir='ltr'>διάρ-</span> 
     </span>
    </p>
   </div>
   <div class='ocr_carea' id='block_1_112' title="bbox 2176 5316 3745 5408">
    <p class='ocr_par' dir='ltr' id='par_1_112' title="bbox 2176 5316 3745 5408">
     <span class='ocr_line' id='line_1_112' title="bbox 2176 5316 3745 5408; baseline -0.021 -5"><span class='ocrx_word' id='word_1_841' title='bbox 2176 5335 2335 5408; x_wconf 77' lang='grc' dir='ltr'>ρηξιν</span> <span class='ocrx_word' id='word_1_842' title='bbox 2366 5334 2447 5397; x_wconf 78' lang='grc' dir='ltr'>εἰς</span> <span class='ocrx_word' id='word_1_843' title='bbox 2480 5329 2689 5404; x_wconf 79' lang='grc' dir='ltr'>φθορὰν</span> <span class='ocrx_word' id='word_1_844' title='bbox 2747 5325 3108 5402; x_wconf 79' lang='grc' dir='ltr'>μετασάλλειν</span> <span class='ocrx_word' id='word_1_845' title='bbox 3203 5324 3349 5399; x_wconf 76' lang='grc' dir='ltr'>ὅπερ</span> <span class='ocrx_word' id='word_1_846' title='bbox 3373 5316 3530 5376; x_wconf 71' lang='grc' dir='ltr'>εἶπεν</span> <span class='ocrx_word' id='word_1_847' title='bbox 3586 5321 3645 5373; x_wconf 81' lang='grc' dir='ltr'><strong>έν</strong></span> <span class='ocrx_word' id='word_1_848' title='bbox 3677 5317 3745 5389; x_wconf 78' lang='grc' dir='ltr'>τῇ</span> 
     </span>
    </p>
   </div>
   <div class='ocr_carea' id='block_1_113' title="bbox 2167 5423 2656 5501">
    <p class='ocr_par' dir='ltr' id='par_1_113' title="bbox 2167 5423 2656 5501">
     <span class='ocr_line' id='line_1_113' title="bbox 2167 5423 2656 5501; baseline -0.008 -18"><span class='ocrx_word' id='word_1_849' title='bbox 2167 5428 2305 5501; x_wconf 81' lang='grc' dir='ltr'>πρὸς</span> <span class='ocrx_word' id='word_1_850' title='bbox 2350 5423 2656 5497; x_wconf 77' lang='grc' dir='ltr'>Ἐφεσίους.</span> 
     </span>
    </p>
   </div>
   <div class='ocr_carea' id='block_1_114' title="bbox 2257 5591 3740 5675">
    <p class='ocr_par' dir='ltr' id='par_1_114' title="bbox 2257 5591 3740 5675">
     <span class='ocr_line' id='line_1_114' title="bbox 2257 5591 3740 5675; baseline -0.012 -15"><span class='ocrx_word' id='word_1_851' title='bbox 2257 5627 2273 5660; x_wconf 85' lang='grc' dir='ltr'><strong>ι</strong></span> <span class='ocrx_word' id='word_1_852' title='bbox 2308 5607 2435 5660; x_wconf 83' lang='grc' dir='ltr'><strong>Ὅτι</strong></span> <span class='ocrx_word' id='word_1_853' title='bbox 2468 5605 2527 5662; x_wconf 74' lang='grc' dir='ltr'>ἐν</span> <span class='ocrx_word' id='word_1_854' title='bbox 2567 5600 2719 5675; x_wconf 78' lang='grc' dir='ltr'>αὐτῷ</span> <span class='ocrx_word' id='word_1_855' title='bbox 2749 5599 3019 5675; x_wconf 81' lang='grc' dir='ltr'>ηύδόκησε</span> <span class='ocrx_word' id='word_1_856' title='bbox 3042 5598 3151 5663; x_wconf 77' lang='grc' dir='ltr'>πᾶν</span> <span class='ocrx_word' id='word_1_857' title='bbox 3180 5596 3239 5651; x_wconf 85' lang='grc' dir='ltr'>τδ</span> <span class='ocrx_word' id='word_1_858' title='bbox 3266 5591 3541 5668; x_wconf 78' lang='grc' dir='ltr'>πλήρωμα</span> <span class='ocrx_word' id='word_1_859' title='bbox 3571 5602 3740 5645; x_wconf 65' lang='lat' dir='ltr'><strong>item</strong></span> 
     </span>
    </p>
   </div>
   <div class='ocr_carea' id='block_1_115' title="bbox 552 5785 2335 5869">
    <p class='ocr_par' dir='ltr' id='par_1_115' title="bbox 552 5785 2335 5869">
     <span class='ocr_line' id='line_1_115' title="bbox 552 5785 2335 5869; baseline 0.01 -42"><span class='ocrx_word' id='word_1_860' title='bbox 552 5785 771 5854; x_wconf 63' lang='grc' dir='ltr'>πρωὶ,</span> <span class='ocrx_word' id='word_1_861' title='bbox 813 5788 1049 5857; x_wconf 66' lang='lat' dir='ltr'><strong>cm,2_s.</strong></span> <span class='ocrx_word' id='word_1_862' title='bbox 1138 5789 1187 5827; x_wconf 67' lang='grc'><strong><em>⁸³</em></strong></span> <span class='ocrx_word' id='word_1_863' title='bbox 1214 5789 1237 5847; x_wconf 85' lang='lat' dir='ltr'><strong>l</strong></span> <span class='ocrx_word' id='word_1_864' title='bbox 1268 5790 1400 5869; x_wconf 78' lang='lat' dir='ltr'><strong>Cor.</strong></span> <span class='ocrx_word' id='word_1_865' title='bbox 1441 5808 1480 5861; x_wconf 88' lang='grc' dir='ltr'><strong>ι,</strong></span> <span class='ocrx_word' id='word_1_866' title='bbox 1513 5790 1604 5847; x_wconf 73' lang='grc'><strong>24.</strong></span> <span class='ocrx_word' id='word_1_867' title='bbox 1680 5792 1727 5828; x_wconf 72' lang='grc' dir='ltr'>ι’</span> <span class='ocrx_word' id='word_1_868' title='bbox 1761 5790 1962 5857; x_wconf 80' lang='lat' dir='ltr'><strong>Ephes.</strong></span> <span class='ocrx_word' id='word_1_869' title='bbox 1992 5802 2054 5857; x_wconf 86' lang='grc' dir='ltr'><strong>ιι,</strong></span> <span class='ocrx_word' id='word_1_870' title='bbox 2096 5786 2185 5854; x_wconf 74' lang='lat' dir='ltr'><strong>i3,</strong></span> <span class='ocrx_word' id='word_1_871' title='bbox 2245 5786 2335 5855; x_wconf 65' lang='lat' dir='ltr'><strong>li.</strong></span> 
     </span>
    </p>
   </div>
  </div>
