  <div class='ocr_page' id='page_1' title='image "/cluster/home/n/w/nwhite01/storage/ocr_20150623/95/mdp.39015004289776/456.png"; bbox 0 0 4048 6290; ppageno 0'>
   <div class='ocr_carea' id='block_1_1' title="bbox 270 308 436 392">
    <p class='ocr_par' dir='ltr' id='par_1_1' title="bbox 270 308 436 392">
     <span class='ocr_line' id='line_1_1' title="bbox 270 308 436 392; baseline 0 0"><span class='ocrx_word' id='word_1_1' title='bbox 270 308 273 311; x_wconf 53' lang='grc'><em>’</em></span> <span class='ocrx_word' id='word_1_2' title='bbox 332 322 436 392; x_wconf 79' lang='lat'><strong>839</strong></span> 
     </span>
    </p>
   </div>
   <div class='ocr_carea' id='block_1_2' title="bbox 1386 323 2460 391">
    <p class='ocr_par' dir='ltr' id='par_1_2' title="bbox 1386 323 2460 391">
     <span class='ocr_line' id='line_1_2' title="bbox 1386 323 2460 391; baseline 0.004 -5"><span class='ocrx_word' id='word_1_3' title='bbox 1386 325 1471 388; x_wconf 92' lang='lat' dir='ltr'><strong>IN</strong></span> <span class='ocrx_word' id='word_1_4' title='bbox 1509 326 1746 389; x_wconf 86' lang='lat' dir='ltr'><strong>EPIST.</strong></span> <span class='ocrx_word' id='word_1_5' title='bbox 1787 327 1889 389; x_wconf 79' lang='lat' dir='ltr'><strong>AD</strong></span> <span class='ocrx_word' id='word_1_6' title='bbox 1921 323 2460 391; x_wconf 74' lang='lat' dir='ltr'><strong>COLOSSENSES.</strong></span> 
     </span>
    </p>
   </div>
   <div class='ocr_carea' id='block_1_3' title="bbox 3486 324 3589 390">
    <p class='ocr_par' dir='ltr' id='par_1_3' title="bbox 3486 324 3589 390">
     <span class='ocr_line' id='line_1_3' title="bbox 3486 324 3589 390; baseline 0.01 -2"><span class='ocrx_word' id='word_1_7' title='bbox 3486 324 3589 390; x_wconf 70' lang='lat'><strong>890</strong></span> 
     </span>
    </p>
   </div>
   <div class='ocr_carea' id='block_1_4' title="bbox 300 438 1904 528">
    <p class='ocr_par' dir='ltr' id='par_1_4' title="bbox 300 438 1904 528">
     <span class='ocr_line' id='line_1_4' title="bbox 300 438 1904 528; baseline -0.001 -31"><span class='ocrx_word' id='word_1_8' title='bbox 300 444 535 528; x_wconf 74' lang='grc' dir='ltr'><strong>⁵κῆσαι,</strong></span> <span class='ocrx_word' id='word_1_9' title='bbox 583 438 679 495; x_wconf 75' lang='grc' dir='ltr'>καὶ</span> <span class='ocrx_word' id='word_1_10' title='bbox 704 439 773 495; x_wconf 82' lang='grc' dir='ltr'><strong>δι’</strong></span> <span class='ocrx_word' id='word_1_11' title='bbox 812 439 979 496; x_wconf 75' lang='grc' dir='ltr'>αὐτοῦ</span> <span class='ocrx_word' id='word_1_12' title='bbox 1019 440 1469 508; x_wconf 79' lang='grc' dir='ltr'>ἀποκαταλλάξαι</span> <span class='ocrx_word' id='word_1_13' title='bbox 1509 444 1577 498; x_wconf 83' lang='grc' dir='ltr'><strong>τά</strong></span> <span class='ocrx_word' id='word_1_14' title='bbox 1616 446 1794 499; x_wconf 79' lang='grc' dir='ltr'>πάντα</span> <span class='ocrx_word' id='word_1_15' title='bbox 1824 445 1904 508; x_wconf 84' lang='grc' dir='ltr'><strong>είς</strong></span> 
     </span>
    </p>
   </div>
   <div class='ocr_carea' id='block_1_5' title="bbox 2009 438 3589 528">
    <p class='ocr_par' dir='ltr' id='par_1_5' title="bbox 2009 441 3589 515">
     <span class='ocr_line' id='line_1_5' title="bbox 2009 441 3589 515; baseline -0.001 -17"><span class='ocrx_word' id='word_1_16' title='bbox 2009 443 2407 514; x_wconf 88' lang='lat' dir='ltr'><strong>plenitudinem</strong></span> <span class='ocrx_word' id='word_1_17' title='bbox 2464 441 2798 508; x_wconf 88' lang='lat' dir='ltr'><strong>inhabitare,</strong></span> <span class='ocrx_word' id='word_1_18' title='bbox 2830 448 2885 499; x_wconf 92' lang='lat' dir='ltr'><strong>et</strong></span> <span class='ocrx_word' id='word_1_19' title='bbox 2912 457 3010 515; x_wconf 86' lang='lat' dir='ltr'><strong>per</strong></span> <span class='ocrx_word' id='word_1_20' title='bbox 3062 456 3186 499; x_wconf 88' lang='lat' dir='ltr'><strong>eum</strong></span> <span class='ocrx_word' id='word_1_21' title='bbox 3230 441 3589 497; x_wconf 85' lang='lat' dir='ltr'><strong>reconciliare</strong></span> 
     </span>
    </p>
   </div>
   <div class='ocr_carea' id='block_1_6' title="bbox 330 532 1903 609">
    <p class='ocr_par' dir='ltr' id='par_1_6' title="bbox 330 532 1903 609">
     <span class='ocr_line' id='line_1_6' title="bbox 330 532 1903 609; baseline 0 -20"><span class='ocrx_word' id='word_1_22' title='bbox 330 533 511 601; x_wconf 79' lang='grc' dir='ltr'>αὑτὸν,</span> <span class='ocrx_word' id='word_1_23' title='bbox 552 534 974 608; x_wconf 76' lang='grc' dir='ltr'><strong>εἰρηνοποιήσας</strong></span> <span class='ocrx_word' id='word_1_24' title='bbox 1003 534 1094 589; x_wconf 73' lang='grc' dir='ltr'><strong>διὰ</strong></span> <span class='ocrx_word' id='word_1_25' title='bbox 1124 532 1222 589; x_wconf 85' lang='grc' dir='ltr'><strong>τοῦ</strong></span> <span class='ocrx_word' id='word_1_26' title='bbox 1268 535 1499 607; x_wconf 83' lang='grc' dir='ltr'>αἵματος</span> <span class='ocrx_word' id='word_1_27' title='bbox 1530 536 1625 591; x_wconf 83' lang='grc' dir='ltr'><strong>τοῦ</strong></span> <span class='ocrx_word' id='word_1_28' title='bbox 1667 534 1903 609; x_wconf 82' lang='grc' dir='ltr'>σταυροῦ</span> 
     </span>
    </p>
   </div>
   <div class='ocr_carea' id='block_1_7' title="bbox 330 626 1906 703">
    <p class='ocr_par' dir='ltr' id='par_1_7' title="bbox 330 626 1906 703">
     <span class='ocr_line' id='line_1_7' title="bbox 330 626 1906 703; baseline 0.004 -23"><span class='ocrx_word' id='word_1_29' title='bbox 330 626 494 682; x_wconf 79' lang='grc' dir='ltr'>αὐτοῦ</span> <span class='ocrx_word' id='word_1_30' title='bbox 555 628 622 683; x_wconf 80' lang='grc' dir='ltr'><strong>δι’</strong></span> <span class='ocrx_word' id='word_1_31' title='bbox 657 628 845 695; x_wconf 80' lang='grc' dir='ltr'>αὑτοῦ,</span> <span class='ocrx_word' id='word_1_32' title='bbox 890 628 1003 683; x_wconf 84' lang='grc' dir='ltr'>εῐτε</span> <span class='ocrx_word' id='word_1_33' title='bbox 1043 629 1112 685; x_wconf 88' lang='grc' dir='ltr'><strong>τά</strong></span> <span class='ocrx_word' id='word_1_34' title='bbox 1154 628 1249 685; x_wconf 76' lang='grc' dir='ltr'>ἐπὶ</span> <span class='ocrx_word' id='word_1_35' title='bbox 1279 630 1379 701; x_wconf 78' lang='grc' dir='ltr'>τῆς</span> <span class='ocrx_word' id='word_1_36' title='bbox 1438 630 1564 703; x_wconf 79' lang='grc' dir='ltr'>γῆς,</span> <span class='ocrx_word' id='word_1_37' title='bbox 1604 630 1715 685; x_wconf 86' lang='grc' dir='ltr'>είτε</span> <span class='ocrx_word' id='word_1_38' title='bbox 1747 630 1817 687; x_wconf 87' lang='grc' dir='ltr'><strong>τά</strong></span> <span class='ocrx_word' id='word_1_39' title='bbox 1847 632 1906 686; x_wconf 82' lang='grc' dir='ltr'><strong>ἐν</strong></span> 
     </span>
    </p>
   </div>
   <div class='ocr_carea' id='block_1_8' title="bbox 328 720 803 793">
    <p class='ocr_par' dir='ltr' id='par_1_8' title="bbox 328 720 803 793">
     <span class='ocr_line' id='line_1_8' title="bbox 328 720 803 793; baseline 0 -19"><span class='ocrx_word' id='word_1_40' title='bbox 328 721 440 785; x_wconf 84' lang='grc' dir='ltr'>τοῖς</span> <span class='ocrx_word' id='word_1_41' title='bbox 469 720 741 793; x_wconf 83' lang='grc' dir='ltr'>οὐρανοῖς.</span> <span class='ocrx_word' id='word_1_42' title='bbox 782 739 803 774; x_wconf 77' lang='grc' dir='ltr'><strong>ι</strong></span> 
     </span>
    </p>
   </div>
   <div class='ocr_carea' id='block_1_9' title="bbox 402 813 1908 888">
    <p class='ocr_par' dir='ltr' id='par_1_9' title="bbox 402 813 1908 888">
     <span class='ocr_line' id='line_1_9' title="bbox 402 813 1908 888; baseline 0.003 -21"><span class='ocrx_word' id='word_1_43' title='bbox 402 813 525 868; x_wconf 78' lang='grc' dir='ltr'><strong>Ὀτι</strong></span> <span class='ocrx_word' id='word_1_44' title='bbox 559 816 618 868; x_wconf 79' lang='grc' dir='ltr'><strong>ἐν</strong></span> <span class='ocrx_word' id='word_1_45' title='bbox 650 813 799 887; x_wconf 79' lang='grc' dir='ltr'><strong>αὐτῷ</strong></span> <span class='ocrx_word' id='word_1_46' title='bbox 843 814 1144 888; x_wconf 80' lang='grc' dir='ltr'>ηὐδόκησεν</span> <span class='ocrx_word' id='word_1_47' title='bbox 1191 815 1785 886; x_wconf 77' lang='grc' dir='ltr'><strong>ἀνακεφαλαιώσασθαι</strong></span> <span class='ocrx_word' id='word_1_48' title='bbox 1836 816 1908 874; x_wconf 84' lang='grc' dir='ltr'><strong>τά</strong></span> 
     </span>
    </p>
   </div>
   <div class='ocr_carea' id='block_1_10' title="bbox 331 904 1909 983">
    <p class='ocr_par' dir='ltr' id='par_1_10' title="bbox 331 904 1909 983">
     <span class='ocr_line' id='line_1_10' title="bbox 331 904 1909 983; baseline 0.003 -22"><span class='ocrx_word' id='word_1_49' title='bbox 331 904 508 962; x_wconf 80' lang='grc' dir='ltr'>πάντα</span> <span class='ocrx_word' id='word_1_50' title='bbox 540 907 607 961; x_wconf 85' lang='grc' dir='ltr'><strong>τά</strong></span> <span class='ocrx_word' id='word_1_51' title='bbox 632 906 689 963; x_wconf 90' lang='grc' dir='ltr'><strong>ἐν</strong></span> <span class='ocrx_word' id='word_1_52' title='bbox 723 909 835 972; x_wconf 79' lang='grc' dir='ltr'>τοῖς</span> <span class='ocrx_word' id='word_1_53' title='bbox 864 908 1135 980; x_wconf 77' lang='grc' dir='ltr'><strong>οὐρανοῖς,</strong></span> <span class='ocrx_word' id='word_1_54' title='bbox 1164 909 1346 965; x_wconf 77' lang='grc' dir='ltr'>καὶτὰ</span> <span class='ocrx_word' id='word_1_55' title='bbox 1368 911 1461 965; x_wconf 73' lang='grc' dir='ltr'><strong>ἐπὶ</strong></span> <span class='ocrx_word' id='word_1_56' title='bbox 1490 913 1587 983; x_wconf 75' lang='grc' dir='ltr'>τῆς</span> <span class='ocrx_word' id='word_1_57' title='bbox 1612 911 1735 983; x_wconf 67' lang='grc' dir='ltr'>γῆς,</span> <span class='ocrx_word' id='word_1_58' title='bbox 1764 910 1909 966; x_wconf 86' lang='grc' dir='ltr'>οῦτω</span> 
     </span>
    </p>
   </div>
   <div class='ocr_carea' id='block_1_11' title="bbox 330 995 1907 1072">
    <p class='ocr_par' dir='ltr' id='par_1_11' title="bbox 330 995 1907 1072">
     <span class='ocr_line' id='line_1_11' title="bbox 330 995 1907 1072; baseline 0.001 -20"><span class='ocrx_word' id='word_1_59' title='bbox 330 996 428 1052; x_wconf 78' lang='grc' dir='ltr'>καὶ</span> <span class='ocrx_word' id='word_1_60' title='bbox 459 995 691 1051; x_wconf 87' lang='grc' dir='ltr'>ἐνταῦθα</span> <span class='ocrx_word' id='word_1_61' title='bbox 713 998 876 1054; x_wconf 86' lang='grc' dir='ltr'>πάλιν</span> <span class='ocrx_word' id='word_1_62' title='bbox 893 998 1042 1070; x_wconf 81' lang='grc' dir='ltr'>λέγει</span> <span class='ocrx_word' id='word_1_63' title='bbox 1090 1000 1158 1054; x_wconf 85' lang='grc' dir='ltr'><strong>δι’</strong></span> <span class='ocrx_word' id='word_1_64' title='bbox 1204 1001 1407 1072; x_wconf 78' lang='grc' dir='ltr'>ἑτέρων</span> <span class='ocrx_word' id='word_1_65' title='bbox 1435 998 1659 1067; x_wconf 80' lang='grc' dir='ltr'>λέξεων.</span> <span class='ocrx_word' id='word_1_66' title='bbox 1708 1000 1767 1054; x_wconf 83' lang='grc'><strong>’0</strong></span> <span class='ocrx_word' id='word_1_67' title='bbox 1797 1000 1907 1072; x_wconf 78' lang='grc' dir='ltr'><strong>γὰρ</strong></span> 
     </span>
    </p>
   </div>
   <div class='ocr_carea' id='block_1_12' title="bbox 332 1087 1906 1165">
    <p class='ocr_par' dir='ltr' id='par_1_12' title="bbox 332 1087 1906 1165">
     <span class='ocr_line' id='line_1_12' title="bbox 332 1087 1906 1165; baseline 0.003 -22"><span class='ocrx_word' id='word_1_68' title='bbox 332 1087 561 1154; x_wconf 86' lang='grc' dir='ltr'>θάνατος</span> <span class='ocrx_word' id='word_1_69' title='bbox 588 1088 684 1144; x_wconf 86' lang='grc' dir='ltr'><strong>τοῦ</strong></span> <span class='ocrx_word' id='word_1_70' title='bbox 722 1090 961 1163; x_wconf 81' lang='grc' dir='ltr'>Χριστοῦ</span> <span class='ocrx_word' id='word_1_71' title='bbox 983 1130 999 1156; x_wconf 83' lang='grc'><strong>,</strong></span> <span class='ocrx_word' id='word_1_72' title='bbox 1036 1092 1133 1149; x_wconf 69' lang='grc' dir='ltr'>καὶ</span> <span class='ocrx_word' id='word_1_73' title='bbox 1160 1093 1253 1147; x_wconf 74' lang='grc' dir='ltr'>τὸν</span> <span class='ocrx_word' id='word_1_74' title='bbox 1290 1092 1577 1165; x_wconf 79' lang='grc' dir='ltr'>ἄνθρωπον</span> <span class='ocrx_word' id='word_1_75' title='bbox 1605 1092 1906 1159; x_wconf 76' lang='grc' dir='ltr'><strong>ἀνέσωσεν,</strong></span> 
     </span>
    </p>
   </div>
   <div class='ocr_carea' id='block_1_13' title="bbox 330 1180 1909 1258">
    <p class='ocr_par' dir='ltr' id='par_1_13' title="bbox 330 1180 1909 1258">
     <span class='ocr_line' id='line_1_13' title="bbox 330 1180 1909 1258; baseline 0.003 -24"><span class='ocrx_word' id='word_1_76' title='bbox 330 1181 425 1234; x_wconf 73' lang='grc' dir='ltr'>καὶ</span> <span class='ocrx_word' id='word_1_77' title='bbox 443 1180 879 1255; x_wconf 86' lang='grc' dir='ltr'>ἀνεστοιχείωσε,</span> <span class='ocrx_word' id='word_1_78' title='bbox 898 1183 992 1237; x_wconf 75' lang='grc' dir='ltr'>καὶ</span> <span class='ocrx_word' id='word_1_79' title='bbox 1014 1185 1141 1249; x_wconf 77' lang='grc' dir='ltr'>τοὺς</span> <span class='ocrx_word' id='word_1_80' title='bbox 1162 1185 1427 1253; x_wconf 75' lang='grc' dir='ltr'><strong>ἀγγέλους</strong></span> <span class='ocrx_word' id='word_1_81' title='bbox 1454 1188 1535 1249; x_wconf 86' lang='grc' dir='ltr'><strong>είς</strong></span> <span class='ocrx_word' id='word_1_82' title='bbox 1556 1186 1657 1258; x_wconf 77' lang='grc' dir='ltr'>τὴν</span> <span class='ocrx_word' id='word_1_83' title='bbox 1673 1185 1909 1257; x_wconf 76' lang='grc' dir='ltr'><strong>ἀρχαίαν</strong></span> 
     </span>
    </p>
   </div>
   <div class='ocr_carea' id='block_1_14' title="bbox 329 1272 1910 1351">
    <p class='ocr_par' dir='ltr' id='par_1_14' title="bbox 329 1272 1910 1351">
     <span class='ocr_line' id='line_1_14' title="bbox 329 1272 1910 1351; baseline 0.006 -27"><span class='ocrx_word' id='word_1_84' title='bbox 329 1272 507 1344; x_wconf 68' lang='grc' dir='ltr'>ἤγαγε</span> <span class='ocrx_word' id='word_1_85' title='bbox 530 1274 708 1345; x_wconf 85' lang='grc' dir='ltr'>χαράν</span> <span class='ocrx_word' id='word_1_86' title='bbox 737 1276 1058 1347; x_wconf 74' lang='grc' dir='ltr'>σωζομένων</span> <span class='ocrx_word' id='word_1_87' title='bbox 1093 1276 1426 1349; x_wconf 87' lang='grc' dir='ltr'>ἀνθρώπων,</span> <span class='ocrx_word' id='word_1_88' title='bbox 1462 1280 1557 1334; x_wconf 73' lang='grc' dir='ltr'>καὶ</span> <span class='ocrx_word' id='word_1_89' title='bbox 1588 1279 1797 1351; x_wconf 80' lang='grc' dir='ltr'>συνῆψε</span> <span class='ocrx_word' id='word_1_90' title='bbox 1838 1278 1910 1333; x_wconf 88' lang='grc' dir='ltr'><strong>τά</strong></span> 
     </span>
    </p>
   </div>
   <div class='ocr_carea' id='block_1_15' title="bbox 331 1365 1911 1439">
    <p class='ocr_par' dir='ltr' id='par_1_15' title="bbox 331 1365 1911 1439">
     <span class='ocr_line' id='line_1_15' title="bbox 331 1365 1911 1439; baseline 0.004 -21"><span class='ocrx_word' id='word_1_91' title='bbox 331 1365 485 1419; x_wconf 85' lang='grc' dir='ltr'><strong>κάτω</strong></span> <span class='ocrx_word' id='word_1_92' title='bbox 514 1368 627 1430; x_wconf 82' lang='grc' dir='ltr'>τοῖς</span> <span class='ocrx_word' id='word_1_93' title='bbox 657 1366 802 1421; x_wconf 83' lang='grc' dir='ltr'>ἀνω’</span> <span class='ocrx_word' id='word_1_94' title='bbox 831 1368 927 1421; x_wconf 76' lang='grc' dir='ltr'>καὶ</span> <span class='ocrx_word' id='word_1_95' title='bbox 960 1366 1117 1423; x_wconf 84' lang='grc' dir='ltr'>τοῦτό</span> <span class='ocrx_word' id='word_1_96' title='bbox 1144 1371 1263 1425; x_wconf 83' lang='grc' dir='ltr'>ἐστι</span> <span class='ocrx_word' id='word_1_97' title='bbox 1288 1370 1383 1439; x_wconf 80' lang='grc' dir='ltr'>τὸ,</span> <span class='ocrx_word' id='word_1_98' title='bbox 1412 1370 1911 1436; x_wconf 67' lang='grc' dir='ltr'><strong>ἀποκαταλλάξαι</strong></span> 
     </span>
    </p>
   </div>
   <div class='ocr_carea' id='block_1_16' title="bbox 328 1455 1909 1537">
    <p class='ocr_par' dir='ltr' id='par_1_16' title="bbox 328 1455 1909 1537">
     <span class='ocr_line' id='line_1_16' title="bbox 328 1455 1909 1537; baseline 0.007 -29"><span class='ocrx_word' id='word_1_99' title='bbox 328 1455 401 1510; x_wconf 82' lang='grc' dir='ltr'>τὰ</span> <span class='ocrx_word' id='word_1_100' title='bbox 448 1456 665 1514; x_wconf 79' lang='grc' dir='ltr'>πάντα.</span> <span class='ocrx_word' id='word_1_101' title='bbox 716 1458 973 1532; x_wconf 81' lang='grc' dir='ltr'>Ἐποίησε</span> <span class='ocrx_word' id='word_1_102' title='bbox 1018 1464 1128 1535; x_wconf 73' lang='grc' dir='ltr'><strong>γὰρ</strong></span> <span class='ocrx_word' id='word_1_103' title='bbox 1168 1464 1412 1537; x_wconf 70' lang='grc' dir='ltr'>εἰρήνην,</span> <span class='ocrx_word' id='word_1_104' title='bbox 1445 1465 1540 1517; x_wconf 75' lang='grc' dir='ltr'>καὶ</span> <span class='ocrx_word' id='word_1_105' title='bbox 1573 1464 1675 1536; x_wconf 77' lang='grc' dir='ltr'>τὴν</span> <span class='ocrx_word' id='word_1_106' title='bbox 1707 1464 1909 1535; x_wconf 81' lang='grc' dir='ltr'>ἔχθραν</span> 
     </span>
    </p>
   </div>
   <div class='ocr_carea' id='block_1_17' title="bbox 326 1542 1911 1627">
    <p class='ocr_par' dir='ltr' id='par_1_17' title="bbox 326 1542 1911 1627">
     <span class='ocr_line' id='line_1_17' title="bbox 326 1542 1911 1627; baseline 0.006 -26"><span class='ocrx_word' id='word_1_107' title='bbox 326 1542 464 1619; x_wconf 73' lang='grc' dir='ltr'>ἦρεν</span> <span class='ocrx_word' id='word_1_108' title='bbox 491 1550 554 1603; x_wconf 77' lang='grc' dir='ltr'><strong>ἐκ</strong></span> <span class='ocrx_word' id='word_1_109' title='bbox 580 1549 672 1603; x_wconf 90' lang='grc' dir='ltr'><strong>τοῦ</strong></span> <span class='ocrx_word' id='word_1_110' title='bbox 715 1553 905 1622; x_wconf 80' lang='grc' dir='ltr'>μέσου.</span> <span class='ocrx_word' id='word_1_111' title='bbox 940 1554 1032 1607; x_wconf 81' lang='grc' dir='ltr'><strong>Διὸ</strong></span> <span class='ocrx_word' id='word_1_112' title='bbox 1055 1556 1151 1610; x_wconf 73' lang='grc' dir='ltr'>καὶ</span> <span class='ocrx_word' id='word_1_113' title='bbox 1172 1556 1356 1626; x_wconf 77' lang='grc' dir='ltr'>ελεγον</span> <span class='ocrx_word' id='word_1_114' title='bbox 1386 1557 1436 1610; x_wconf 78' lang='grc' dir='ltr'>οἱ</span> <span class='ocrx_word' id='word_1_115' title='bbox 1465 1556 1720 1627; x_wconf 78' lang='grc' dir='ltr'>ἄγγελοι,</span> <span class='ocrx_word' id='word_1_116' title='bbox 1755 1557 1911 1622; x_wconf 81' lang='grc' dir='ltr'><strong>Δόξα</strong></span> 
     </span>
    </p>
   </div>
   <div class='ocr_carea' id='block_1_18' title="bbox 327 1641 1521 1718">
    <p class='ocr_par' dir='ltr' id='par_1_18' title="bbox 327 1641 1521 1718">
     <span class='ocr_line' id='line_1_18' title="bbox 327 1641 1521 1718; baseline 0.005 -21"><span class='ocrx_word' id='word_1_117' title='bbox 327 1641 397 1697; x_wconf 76' lang='grc' dir='ltr'><strong>ἑν</strong></span> <span class='ocrx_word' id='word_1_118' title='bbox 422 1643 704 1713; x_wconf 75' lang='grc' dir='ltr'><strong>ὑψίστοις</strong></span> <span class='ocrx_word' id='word_1_119' title='bbox 732 1642 877 1711; x_wconf 78' lang='grc' dir='ltr'>Θεῷ,</span> <span class='ocrx_word' id='word_1_120' title='bbox 916 1664 927 1673; x_wconf 55' lang='grc' dir='ltr'>η’</span> <span class='ocrx_word' id='word_1_121' title='bbox 954 1646 1009 1700; x_wconf 68' lang='grc' dir='ltr'>αὶ</span> <span class='ocrx_word' id='word_1_122' title='bbox 1037 1646 1135 1701; x_wconf 69' lang='grc' dir='ltr'><strong>ἐπὶ</strong></span> <span class='ocrx_word' id='word_1_123' title='bbox 1155 1645 1271 1718; x_wconf 77' lang='grc' dir='ltr'><strong>τῆς</strong></span> <span class='ocrx_word' id='word_1_124' title='bbox 1291 1647 1521 1717; x_wconf 76' lang='grc' dir='ltr'>εἰρήνη.</span> 
     </span>
    </p>
   </div>
   <div class='ocr_carea' id='block_1_19' title="bbox 406 1734 1910 1813">
    <p class='ocr_par' dir='ltr' id='par_1_19' title="bbox 406 1734 1910 1813">
     <span class='ocr_line' id='line_1_19' title="bbox 406 1734 1910 1813; baseline 0.005 -27"><span class='ocrx_word' id='word_1_125' title='bbox 406 1752 425 1786; x_wconf 79' lang='grc' dir='ltr'><strong>ι</strong></span> <span class='ocrx_word' id='word_1_126' title='bbox 474 1734 586 1789; x_wconf 73' lang='grc' dir='ltr'><strong>Καὶ</strong></span> <span class='ocrx_word' id='word_1_127' title='bbox 628 1736 774 1805; x_wconf 78' lang='grc' dir='ltr'>ὑμᾶς</span> <span class='ocrx_word' id='word_1_128' title='bbox 823 1739 956 1792; x_wconf 85' lang='grc' dir='ltr'><strong>ποτέ</strong></span> <span class='ocrx_word' id='word_1_129' title='bbox 1013 1738 1173 1803; x_wconf 69' lang='grc' dir='ltr'>εντας</span> <span class='ocrx_word' id='word_1_130' title='bbox 1220 1739 1770 1813; x_wconf 75' lang='grc' dir='ltr'>ἀπηλλοτριωμένους</span> <span class='ocrx_word' id='word_1_131' title='bbox 1814 1739 1910 1795; x_wconf 71' lang='grc' dir='ltr'><strong>καὶ</strong></span> 
     </span>
    </p>
   </div>
   <div class='ocr_carea' id='block_1_20' title="bbox 327 1801 1984 1904">
    <p class='ocr_par' dir='ltr' id='par_1_20' title="bbox 327 1801 1984 1904">
     <span class='ocr_line' id='line_1_20' title="bbox 327 1801 1984 1904; baseline 0.005 -27"><span class='ocrx_word' id='word_1_132' title='bbox 327 1823 562 1896; x_wconf 75' lang='grc' dir='ltr'>ἐχθροὺς</span> <span class='ocrx_word' id='word_1_133' title='bbox 593 1801 679 1897; x_wconf 31' lang='grc' dir='ltr'>τῇ,</span> <span class='ocrx_word' id='word_1_134' title='bbox 704 1826 917 1900; x_wconf 78' lang='grc' dir='ltr'>διανοίᾳ</span> <span class='ocrx_word' id='word_1_135' title='bbox 938 1871 952 1896; x_wconf 89' lang='grc'><strong>,</strong></span> <span class='ocrx_word' id='word_1_136' title='bbox 985 1832 1043 1882; x_wconf 82' lang='grc' dir='ltr'><strong>ἐν</strong></span> <span class='ocrx_word' id='word_1_137' title='bbox 1078 1801 1193 1895; x_wconf 68' lang='lat' dir='ltr'><strong>rei;</strong></span> <span class='ocrx_word' id='word_1_138' title='bbox 1229 1801 1412 1904; x_wconf 72' lang='grc' dir='ltr'>ἔργοις</span> <span class='ocrx_word' id='word_1_139' title='bbox 1457 1801 1589 1897; x_wconf 42' lang='grc' dir='ltr'>τοῖς.</span> <span class='ocrx_word' id='word_1_140' title='bbox 1622 1801 1904 1903; x_wconf 72' lang='grc' dir='ltr'>πονηροῖς,</span> <span class='ocrx_word' id='word_1_141' title='bbox 1941 1801 1984 1857; x_wconf 71' lang='grc' dir='ltr'><strong>Β</strong></span> 
     </span>
    </p>
   </div>
   <div class='ocr_carea' id='block_1_21' title="bbox 325 1918 1905 1997">
    <p class='ocr_par' dir='ltr' id='par_1_21' title="bbox 325 1918 1905 1997">
     <span class='ocr_line' id='line_1_21' title="bbox 325 1918 1905 1997; baseline 0.004 -24"><span class='ocrx_word' id='word_1_142' title='bbox 325 1920 447 1973; x_wconf 68' lang='grc' dir='ltr'>νυνὶ</span> <span class='ocrx_word' id='word_1_143' title='bbox 478 1918 535 1973; x_wconf 81' lang='grc' dir='ltr'>δὲ</span> <span class='ocrx_word' id='word_1_144' title='bbox 584 1921 1033 1993; x_wconf 76' lang='grc' dir='ltr'>ἀποκατήλλαξεν</span> <span class='ocrx_word' id='word_1_145' title='bbox 1068 1926 1127 1977; x_wconf 78' lang='grc' dir='ltr'><strong>ἐν</strong></span> <span class='ocrx_word' id='word_1_146' title='bbox 1166 1923 1245 1996; x_wconf 83' lang='grc' dir='ltr'><strong>τῷ</strong></span> <span class='ocrx_word' id='word_1_147' title='bbox 1294 1925 1505 1997; x_wconf 78' lang='grc' dir='ltr'>σώματι</span> <span class='ocrx_word' id='word_1_148' title='bbox 1556 1926 1655 1990; x_wconf 77' lang='grc' dir='ltr'>τῆς</span> <span class='ocrx_word' id='word_1_149' title='bbox 1701 1926 1905 1996; x_wconf 78' lang='grc' dir='ltr'>σαρκὸς</span> 
     </span>
    </p>
   </div>
   <div class='ocr_carea' id='block_1_22' title="bbox 325 2008 1905 2089">
    <p class='ocr_par' dir='ltr' id='par_1_22' title="bbox 325 2008 1905 2089">
     <span class='ocr_line' id='line_1_22' title="bbox 325 2008 1905 2089; baseline 0.004 -25"><span class='ocrx_word' id='word_1_150' title='bbox 325 2008 495 2064; x_wconf 81' lang='grc' dir='ltr'>αὑτοῦ</span> <span class='ocrx_word' id='word_1_151' title='bbox 523 2010 613 2065; x_wconf 82' lang='grc' dir='ltr'>διὰ</span> <span class='ocrx_word' id='word_1_152' title='bbox 652 2012 746 2067; x_wconf 87' lang='grc' dir='ltr'><strong>τοῦ</strong></span> <span class='ocrx_word' id='word_1_153' title='bbox 796 2014 1060 2086; x_wconf 39' lang='grc' dir='ltr'>θανάτου..</span> <span class='ocrx_word' id='word_1_154' title='bbox 1116 2016 1472 2089; x_wconf 77' lang='grc' dir='ltr'>παραστῆσαι</span> <span class='ocrx_word' id='word_1_155' title='bbox 1528 2017 1674 2087; x_wconf 79' lang='grc' dir='ltr'>ὑμᾶς</span> <span class='ocrx_word' id='word_1_156' title='bbox 1714 2018 1905 2085; x_wconf 79' lang='grc' dir='ltr'><strong>ἁγίους</strong></span> 
     </span>
    </p>
   </div>
   <div class='ocr_carea' id='block_1_23' title="bbox 324 2102 1900 2181">
    <p class='ocr_par' dir='ltr' id='par_1_23' title="bbox 324 2102 1900 2181">
     <span class='ocr_line' id='line_1_23' title="bbox 324 2102 1900 2181; baseline 0.006 -26"><span class='ocrx_word' id='word_1_157' title='bbox 324 2102 419 2157; x_wconf 78' lang='grc' dir='ltr'><strong>καὶ</strong></span> <span class='ocrx_word' id='word_1_158' title='bbox 456 2102 744 2174; x_wconf 78' lang='grc' dir='ltr'>ἀμώμους,</span> <span class='ocrx_word' id='word_1_159' title='bbox 776 2106 873 2161; x_wconf 70' lang='grc' dir='ltr'>καὶ</span> <span class='ocrx_word' id='word_1_160' title='bbox 904 2109 1268 2181; x_wconf 73' lang='grc' dir='ltr'>ἀνεγκλήτους</span> <span class='ocrx_word' id='word_1_161' title='bbox 1299 2110 1637 2164; x_wconf 82' lang='grc' dir='ltr'>κατενώπιον</span> <span class='ocrx_word' id='word_1_162' title='bbox 1662 2110 1850 2166; x_wconf 77' lang='grc' dir='ltr'>αὐτοῦ.</span> <span class='ocrx_word' id='word_1_163' title='bbox 1882 2130 1900 2164; x_wconf 78' lang='grc' dir='ltr'><strong>ι</strong></span> 
     </span>
    </p>
   </div>
   <div class='ocr_carea' id='block_1_24' title="bbox 416 2192 1905 2276">
    <p class='ocr_par' dir='ltr' id='par_1_24' title="bbox 416 2192 1905 2276">
     <span class='ocr_line' id='line_1_24' title="bbox 416 2192 1905 2276; baseline 0.006 -28"><span class='ocrx_word' id='word_1_164' title='bbox 416 2194 638 2267; x_wconf 69' lang='grc' dir='ltr'>Ἐχθροὶ</span> <span class='ocrx_word' id='word_1_165' title='bbox 699 2192 839 2268; x_wconf 74' lang='grc' dir='ltr'>ἦσαν</span> <span class='ocrx_word' id='word_1_166' title='bbox 890 2201 957 2271; x_wconf 70' lang='grc' dir='ltr'>τῇ</span> <span class='ocrx_word' id='word_1_167' title='bbox 1002 2199 1215 2275; x_wconf 75' lang='grc' dir='ltr'>διανοίᾳ</span> <span class='ocrx_word' id='word_1_168' title='bbox 1262 2203 1312 2256; x_wconf 81' lang='grc' dir='ltr'>οἱ</span> <span class='ocrx_word' id='word_1_169' title='bbox 1354 2207 1754 2276; x_wconf 77' lang='grc' dir='ltr'>κεχωρισμένοι</span> <span class='ocrx_word' id='word_1_170' title='bbox 1808 2203 1905 2258; x_wconf 88' lang='grc' dir='ltr'><strong>τοῦ</strong></span> 
     </span>
    </p>
   </div>
   <div class='ocr_carea' id='block_1_25' title="bbox 334 2288 1906 2368">
    <p class='ocr_par' dir='ltr' id='par_1_25' title="bbox 334 2288 1906 2368">
     <span class='ocr_line' id='line_1_25' title="bbox 334 2288 1906 2368; baseline 0.005 -27"><span class='ocrx_word' id='word_1_171' title='bbox 334 2288 557 2362; x_wconf 69' lang='grc' dir='ltr'>Ἰσραὴλ</span> <span class='ocrx_word' id='word_1_172' title='bbox 587 2288 675 2344; x_wconf 73' lang='grc' dir='ltr'><strong>διὰ</strong></span> <span class='ocrx_word' id='word_1_173' title='bbox 721 2290 783 2345; x_wconf 80' lang='grc' dir='ltr'>τὸ</span> <span class='ocrx_word' id='word_1_174' title='bbox 822 2293 881 2346; x_wconf 84' lang='grc' dir='ltr'><strong>ἐν</strong></span> <span class='ocrx_word' id='word_1_175' title='bbox 924 2292 1111 2366; x_wconf 74' lang='grc' dir='ltr'>ἔργοις</span> <span class='ocrx_word' id='word_1_176' title='bbox 1151 2292 1294 2349; x_wconf 75' lang='grc' dir='ltr'>εἶναι</span> <span class='ocrx_word' id='word_1_177' title='bbox 1330 2299 1613 2368; x_wconf 83' lang='grc' dir='ltr'>πονηροῖς.</span> <span class='ocrx_word' id='word_1_178' title='bbox 1662 2295 1773 2368; x_wconf 79' lang='grc' dir='ltr'><strong>Τὴν</strong></span> <span class='ocrx_word' id='word_1_179' title='bbox 1807 2296 1906 2368; x_wconf 79' lang='grc' dir='ltr'>μὲν</span> 
     </span>
    </p>
   </div>
   <div class='ocr_carea' id='block_1_26' title="bbox 319 2381 1905 2462">
    <p class='ocr_par' dir='ltr' id='par_1_26' title="bbox 319 2381 1905 2462">
     <span class='ocr_line' id='line_1_26' title="bbox 319 2381 1905 2462; baseline 0.006 -28"><span class='ocrx_word' id='word_1_180' title='bbox 319 2381 788 2455; x_wconf 79' lang='grc' dir='ltr'>προϋπάρχουσαν</span> <span class='ocrx_word' id='word_1_181' title='bbox 818 2383 1039 2457; x_wconf 77' lang='grc' dir='ltr'>ἔχθραν,</span> <span class='ocrx_word' id='word_1_182' title='bbox 1064 2387 1154 2442; x_wconf 88' lang='grc' dir='ltr'><strong>διά</strong></span> <span class='ocrx_word' id='word_1_183' title='bbox 1198 2388 1299 2462; x_wconf 80' lang='grc' dir='ltr'>τὴν</span> <span class='ocrx_word' id='word_1_184' title='bbox 1328 2388 1529 2443; x_wconf 79' lang='grc' dir='ltr'>κακίαν</span> <span class='ocrx_word' id='word_1_185' title='bbox 1554 2389 1649 2443; x_wconf 71' lang='grc' dir='ltr'><strong>καὶ</strong></span> <span class='ocrx_word' id='word_1_186' title='bbox 1669 2390 1905 2459; x_wconf 81' lang='grc' dir='ltr'>ἀνομίαν</span> 
     </span>
    </p>
   </div>
   <div class='ocr_carea' id='block_1_27' title="bbox 318 2476 1913 2554">
    <p class='ocr_par' dir='ltr' id='par_1_27' title="bbox 318 2476 1913 2554">
     <span class='ocr_line' id='line_1_27' title="bbox 318 2476 1913 2554; baseline 0.006 -25"><span class='ocrx_word' id='word_1_187' title='bbox 318 2478 401 2539; x_wconf 87' lang='grc' dir='ltr'><strong>είς</strong></span> <span class='ocrx_word' id='word_1_188' title='bbox 445 2476 628 2546; x_wconf 78' lang='grc' dir='ltr'>φιλίαν</span> <span class='ocrx_word' id='word_1_189' title='bbox 658 2478 977 2550; x_wconf 75' lang='grc' dir='ltr'>ἐληλυθέναι</span> <span class='ocrx_word' id='word_1_190' title='bbox 1025 2480 1182 2554; x_wconf 70' lang='grc' dir='ltr'>φησὶ,</span> <span class='ocrx_word' id='word_1_191' title='bbox 1213 2481 1302 2535; x_wconf 80' lang='grc' dir='ltr'><strong>διὰ</strong></span> <span class='ocrx_word' id='word_1_192' title='bbox 1342 2482 1403 2535; x_wconf 82' lang='grc' dir='ltr'>τὸ</span> <span class='ocrx_word' id='word_1_193' title='bbox 1439 2481 1785 2553; x_wconf 75' lang='grc' dir='ltr'>νεκρωθῆναι</span> <span class='ocrx_word' id='word_1_194' title='bbox 1814 2482 1913 2538; x_wconf 78' lang='grc' dir='ltr'>τὸν-</span> 
     </span>
    </p>
   </div>
   <div class='ocr_carea' id='block_1_28' title="bbox 314 2564 1905 2645">
    <p class='ocr_par' dir='ltr' id='par_1_28' title="bbox 314 2564 1905 2645">
     <span class='ocr_line' id='line_1_28' title="bbox 314 2564 1905 2645; baseline 0.005 -26"><span class='ocrx_word' id='word_1_195' title='bbox 314 2564 420 2635; x_wconf 80' lang='grc' dir='ltr'>τῆς</span> <span class='ocrx_word' id='word_1_196' title='bbox 451 2566 654 2639; x_wconf 77' lang='grc' dir='ltr'>σαρκὸς</span> <span class='ocrx_word' id='word_1_197' title='bbox 690 2567 827 2639; x_wconf 84' lang='grc' dir='ltr'>βίον,</span> <span class='ocrx_word' id='word_1_198' title='bbox 868 2569 963 2623; x_wconf 78' lang='grc' dir='ltr'>τὸν</span> <span class='ocrx_word' id='word_1_199' title='bbox 1004 2571 1061 2625; x_wconf 81' lang='grc' dir='ltr'><strong>ἐν</strong></span> <span class='ocrx_word' id='word_1_200' title='bbox 1093 2571 1226 2643; x_wconf 74' lang='grc' dir='ltr'>ἡμῖν</span> <span class='ocrx_word' id='word_1_201' title='bbox 1262 2571 1362 2643; x_wconf 81' lang='grc' dir='ltr'>μὲν</span> <span class='ocrx_word' id='word_1_202' title='bbox 1397 2572 1813 2645; x_wconf 76' lang='grc' dir='ltr'>ἐρρυπωμένον,</span> <span class='ocrx_word' id='word_1_203' title='bbox 1846 2574 1905 2627; x_wconf 85' lang='grc' dir='ltr'><strong>ἐν</strong></span> 
     </span>
    </p>
   </div>
   <div class='ocr_carea' id='block_1_29' title="bbox 315 2658 1904 2737">
    <p class='ocr_par' dir='ltr' id='par_1_29' title="bbox 315 2658 1904 2737">
     <span class='ocr_line' id='line_1_29' title="bbox 315 2658 1904 2737; baseline 0.001 -20"><span class='ocrx_word' id='word_1_204' title='bbox 315 2658 548 2731; x_wconf 81' lang='grc' dir='ltr'>Χριστῷ</span> <span class='ocrx_word' id='word_1_205' title='bbox 572 2661 628 2715; x_wconf 79' lang='grc' dir='ltr'>δὲ</span> <span class='ocrx_word' id='word_1_206' title='bbox 657 2660 899 2734; x_wconf 81' lang='grc' dir='ltr'>καθαρὸν</span> <span class='ocrx_word' id='word_1_207' title='bbox 923 2704 939 2731; x_wconf 91' lang='grc'><strong>,</strong></span> <span class='ocrx_word' id='word_1_208' title='bbox 986 2662 1213 2718; x_wconf 75' lang='grc' dir='ltr'>δοθέντα</span> <span class='ocrx_word' id='word_1_209' title='bbox 1240 2663 1300 2717; x_wconf 80' lang='grc' dir='ltr'>δὲ</span> <span class='ocrx_word' id='word_1_210' title='bbox 1331 2662 1483 2736; x_wconf 78' lang='grc' dir='ltr'>ὅμως</span> <span class='ocrx_word' id='word_1_211' title='bbox 1513 2664 1593 2728; x_wconf 85' lang='grc' dir='ltr'><strong>είς</strong></span> <span class='ocrx_word' id='word_1_212' title='bbox 1635 2664 1904 2737; x_wconf 83' lang='grc' dir='ltr'>νέκρωσιν</span> 
     </span>
    </p>
   </div>
   <div class='ocr_carea' id='block_1_30' title="bbox 316 2750 1906 2830">
    <p class='ocr_par' dir='ltr' id='par_1_30' title="bbox 316 2750 1906 2830">
     <span class='ocr_line' id='line_1_30' title="bbox 316 2750 1906 2830; baseline 0.003 -23"><span class='ocrx_word' id='word_1_213' title='bbox 316 2750 466 2823; x_wconf 74' lang='grc' dir='ltr'>ὑπὲρ</span> <span class='ocrx_word' id='word_1_214' title='bbox 504 2752 603 2806; x_wconf 88' lang='grc' dir='ltr'><strong>τοῦ</strong></span> <span class='ocrx_word' id='word_1_215' title='bbox 636 2752 736 2825; x_wconf 73' lang='grc' dir='ltr'>τὴν</span> <span class='ocrx_word' id='word_1_216' title='bbox 767 2756 826 2808; x_wconf 77' lang='grc' dir='ltr'><strong>ἐν</strong></span> <span class='ocrx_word' id='word_1_217' title='bbox 849 2752 927 2826; x_wconf 81' lang='grc' dir='ltr'><strong>τῷ</strong></span> <span class='ocrx_word' id='word_1_218' title='bbox 952 2753 1053 2825; x_wconf 85' lang='grc' dir='ltr'>βίῳ</span> <span class='ocrx_word' id='word_1_219' title='bbox 1096 2754 1272 2826; x_wconf 84' lang='grc' dir='ltr'>τούτῳ</span> <span class='ocrx_word' id='word_1_220' title='bbox 1292 2755 1424 2827; x_wconf 88' lang='grc' dir='ltr'>παρ’</span> <span class='ocrx_word' id='word_1_221' title='bbox 1467 2757 1603 2828; x_wconf 80' lang='grc' dir='ltr'>ἡμῖν</span> <span class='ocrx_word' id='word_1_222' title='bbox 1628 2774 1906 2830; x_wconf 86' lang='grc' dir='ltr'>κεκρατη-</span> 
     </span>
    </p>
   </div>
   <div class='ocr_carea' id='block_1_31' title="bbox 314 2844 1904 2922">
    <p class='ocr_par' dir='ltr' id='par_1_31' title="bbox 314 2844 1904 2922">
     <span class='ocr_line' id='line_1_31' title="bbox 314 2844 1904 2922; baseline 0.005 -25"><span class='ocrx_word' id='word_1_223' title='bbox 314 2846 480 2900; x_wconf 77' lang='grc' dir='ltr'>κυϊαν</span> <span class='ocrx_word' id='word_1_224' title='bbox 507 2844 787 2917; x_wconf 82' lang='grc' dir='ltr'>ἁμαρτίαν</span> <span class='ocrx_word' id='word_1_225' title='bbox 816 2847 881 2901; x_wconf 89' lang='grc' dir='ltr'><strong>ἐκ</strong></span> <span class='ocrx_word' id='word_1_226' title='bbox 920 2846 1139 2920; x_wconf 80' lang='grc' dir='ltr'>βάθρων</span> <span class='ocrx_word' id='word_1_227' title='bbox 1166 2847 1548 2922; x_wconf 85' lang='grc' dir='ltr'>ἀναιρεθῆναι,</span> <span class='ocrx_word' id='word_1_228' title='bbox 1583 2848 1725 2904; x_wconf 81' lang='grc' dir='ltr'>ὥστε</span> <span class='ocrx_word' id='word_1_229' title='bbox 1755 2851 1904 2922; x_wconf 76' lang='grc' dir='ltr'>ἡμᾶς</span> 
     </span>
    </p>
   </div>
   <div class='ocr_carea' id='block_1_32' title="bbox 312 2936 1899 3016">
    <p class='ocr_par' dir='ltr' id='par_1_32' title="bbox 312 2936 1899 3016">
     <span class='ocr_line' id='line_1_32' title="bbox 312 2936 1899 3016; baseline 0.008 -28"><span class='ocrx_word' id='word_1_230' title='bbox 312 2936 443 2990; x_wconf 83' lang='grc' dir='ltr'>καθ’</span> <span class='ocrx_word' id='word_1_231' title='bbox 479 2938 674 3010; x_wconf 80' lang='grc' dir='ltr'>ἑτέραν</span> <span class='ocrx_word' id='word_1_232' title='bbox 710 2937 859 3012; x_wconf 77' lang='grc' dir='ltr'>ζωὴν</span> <span class='ocrx_word' id='word_1_233' title='bbox 883 2940 984 3012; x_wconf 79' lang='grc' dir='ltr'>τὴν</span> <span class='ocrx_word' id='word_1_234' title='bbox 1017 2940 1082 2993; x_wconf 82' lang='grc' dir='ltr'><strong>ἐκ</strong></span> <span class='ocrx_word' id='word_1_235' title='bbox 1118 2940 1330 3012; x_wconf 85' lang='grc' dir='ltr'>νεκρῶν</span> <span class='ocrx_word' id='word_1_236' title='bbox 1360 2943 1712 3015; x_wconf 78' lang='grc' dir='ltr'>παραστῆναι</span> <span class='ocrx_word' id='word_1_237' title='bbox 1740 2944 1860 3016; x_wconf 86' lang='grc' dir='ltr'><strong>Θεῷ</strong></span> <span class='ocrx_word' id='word_1_238' title='bbox 1880 2985 1899 3013; x_wconf 94' lang='grc'><strong>,</strong></span> 
     </span>
    </p>
   </div>
   <div class='ocr_carea' id='block_1_33' title="bbox 314 3024 1899 3105">
    <p class='ocr_par' dir='ltr' id='par_1_33' title="bbox 314 3024 1899 3105">
     <span class='ocr_line' id='line_1_33' title="bbox 314 3024 1899 3105; baseline 0.008 -28"><span class='ocrx_word' id='word_1_239' title='bbox 314 3024 520 3094; x_wconf 83' lang='grc' dir='ltr'>μηκέτι</span> <span class='ocrx_word' id='word_1_240' title='bbox 548 3026 764 3098; x_wconf 79' lang='grc' dir='ltr'>ἐνόχους</span> <span class='ocrx_word' id='word_1_241' title='bbox 789 3029 902 3094; x_wconf 79' lang='grc' dir='ltr'>τοῖς</span> <span class='ocrx_word' id='word_1_242' title='bbox 928 3029 1247 3102; x_wconf 85' lang='grc' dir='ltr'>ἐγκλήμασι</span> <span class='ocrx_word' id='word_1_243' title='bbox 1276 3031 1377 3103; x_wconf 83' lang='grc' dir='ltr'>τῆς</span> <span class='ocrx_word' id='word_1_244' title='bbox 1399 3033 1681 3105; x_wconf 84' lang='grc' dir='ltr'>προτέρας</span> <span class='ocrx_word' id='word_1_245' title='bbox 1710 3033 1859 3105; x_wconf 76' lang='grc' dir='ltr'>ζωῆς</span> <span class='ocrx_word' id='word_1_246' title='bbox 1884 3074 1899 3099; x_wconf 92' lang='grc'><strong>,</strong></span> 
     </span>
    </p>
   </div>
   <div class='ocr_carea' id='block_1_34' title="bbox 309 3108 1903 3197">
    <p class='ocr_par' dir='ltr' id='par_1_34' title="bbox 309 3108 1903 3197">
     <span class='ocr_line' id='line_1_34' title="bbox 309 3108 1903 3197; baseline 0.007 -28"><span class='ocrx_word' id='word_1_247' title='bbox 309 3113 425 3170; x_wconf 78' lang='grc' dir='ltr'>ὅσοι</span> <span class='ocrx_word' id='word_1_248' title='bbox 458 3114 660 3191; x_wconf 81' lang='grc' dir='ltr'>δηλαδὴ</span> <span class='ocrx_word' id='word_1_249' title='bbox 685 3119 1162 3193; x_wconf 80' lang='grc' dir='ltr'>συμμορφούμεθα</span> <span class='ocrx_word' id='word_1_250' title='bbox 1190 3121 1269 3196; x_wconf 79' lang='grc' dir='ltr'>τῷ</span> <span class='ocrx_word' id='word_1_251' title='bbox 1291 3122 1507 3195; x_wconf 83' lang='grc' dir='ltr'>θανάτῳ</span> <span class='ocrx_word' id='word_1_252' title='bbox 1533 3124 1628 3178; x_wconf 61' lang='grc' dir='ltr'><strong>καὶ⁸</strong></span> <span class='ocrx_word' id='word_1_253' title='bbox 1660 3127 1727 3197; x_wconf 79' lang='grc' dir='ltr'>τῇ</span> <span class='ocrx_word' id='word_1_254' title='bbox 1754 3108 1903 3180; x_wconf 81' lang='grc' dir='ltr'>ἀνα-</span> 
     </span>
    </p>
   </div>
   <div class='ocr_carea' id='block_1_35' title="bbox 256 3209 919 3284">
    <p class='ocr_par' dir='ltr' id='par_1_35' title="bbox 256 3209 919 3284">
     <span class='ocr_line' id='line_1_35' title="bbox 256 3209 919 3284; baseline 0.011 -23"><span class='ocrx_word' id='word_1_255' title='bbox 256 3280 259 3281; x_wconf 15' lang='grc' dir='ltr'><em>ν</em></span> <span class='ocrx_word' id='word_1_256' title='bbox 310 3209 508 3265; x_wconf 77' lang='grc' dir='ltr'>στάσει</span> <span class='ocrx_word' id='word_1_257' title='bbox 537 3210 632 3265; x_wconf 87' lang='grc' dir='ltr'><strong>τοῦ</strong></span> <span class='ocrx_word' id='word_1_258' title='bbox 654 3211 919 3284; x_wconf 84' lang='grc' dir='ltr'>Χριστοῦ.</span> 
     </span>
    </p>
   </div>
   <div class='ocr_carea' id='block_1_36' title="bbox 389 3390 1903 3473">
    <p class='ocr_par' dir='ltr' id='par_1_36' title="bbox 389 3390 1903 3473">
     <span class='ocr_line' id='line_1_36' title="bbox 389 3390 1903 3473; baseline 0.009 -28"><span class='ocrx_word' id='word_1_259' title='bbox 389 3409 410 3445; x_wconf 79' lang='grc' dir='ltr'><strong>ι</strong></span> <span class='ocrx_word' id='word_1_260' title='bbox 451 3390 525 3447; x_wconf 81' lang='grc' dir='ltr'><strong>Εἴ</strong></span> <span class='ocrx_word' id='word_1_261' title='bbox 551 3408 618 3462; x_wconf 88' lang='grc' dir='ltr'><strong>γε</strong></span> <span class='ocrx_word' id='word_1_262' title='bbox 647 3390 937 3465; x_wconf 81' lang='grc' dir='ltr'>ἐπιμένετε</span> <span class='ocrx_word' id='word_1_263' title='bbox 972 3396 1039 3468; x_wconf 77' lang='grc' dir='ltr'>τῇ</span> <span class='ocrx_word' id='word_1_264' title='bbox 1078 3395 1260 3453; x_wconf 86' lang='grc' dir='ltr'>πίστει</span> <span class='ocrx_word' id='word_1_265' title='bbox 1304 3396 1767 3473; x_wconf 82' lang='grc' dir='ltr'>τεθεμελιωμένοι</span> <span class='ocrx_word' id='word_1_266' title='bbox 1807 3403 1903 3458; x_wconf 69' lang='grc' dir='ltr'>καὶ</span> 
     </span>
    </p>
   </div>
   <div class='ocr_carea' id='block_1_37' title="bbox 310 3483 1903 3565">
    <p class='ocr_par' dir='ltr' id='par_1_37' title="bbox 310 3483 1903 3565">
     <span class='ocr_line' id='line_1_37' title="bbox 310 3483 1903 3565; baseline 0.009 -28"><span class='ocrx_word' id='word_1_267' title='bbox 310 3483 522 3555; x_wconf 69' lang='grc' dir='ltr'>ἑδραῖοι</span> <span class='ocrx_word' id='word_1_268' title='bbox 546 3526 562 3551; x_wconf 91' lang='grc'><strong>,</strong></span> <span class='ocrx_word' id='word_1_269' title='bbox 610 3484 708 3539; x_wconf 80' lang='grc' dir='ltr'>καὶ</span> <span class='ocrx_word' id='word_1_270' title='bbox 758 3486 834 3560; x_wconf 74' lang='grc' dir='ltr'>μὴ</span> <span class='ocrx_word' id='word_1_271' title='bbox 881 3488 1337 3562; x_wconf 80' lang='grc' dir='ltr'>μετακινούμενοι</span> <span class='ocrx_word' id='word_1_272' title='bbox 1383 3492 1493 3547; x_wconf 77' lang='grc' dir='ltr'>ἀπὸ</span> <span class='ocrx_word' id='word_1_273' title='bbox 1518 3492 1643 3565; x_wconf 71' lang='grc' dir='ltr'>ίτῆς</span> <span class='ocrx_word' id='word_1_274' title='bbox 1684 3495 1903 3561; x_wconf 75' lang='grc' dir='ltr'>ἐλπίδος</span> 
     </span>
    </p>
   </div>
   <div class='ocr_carea' id='block_1_38' title="bbox 310 3572 1902 3660">
    <p class='ocr_par' dir='ltr' id='par_1_38' title="bbox 310 3572 1902 3660">
     <span class='ocr_line' id='line_1_38' title="bbox 310 3572 1902 3660; baseline 0.006 -27"><span class='ocrx_word' id='word_1_275' title='bbox 310 3578 409 3633; x_wconf 87' lang='grc' dir='ltr'><strong>τοῦ</strong></span> <span class='ocrx_word' id='word_1_276' title='bbox 445 3577 787 3649; x_wconf 82' lang='grc' dir='ltr'>Εὖαγγελίου</span> <span class='ocrx_word' id='word_1_277' title='bbox 814 3619 832 3645; x_wconf 94' lang='grc'><strong>,</strong></span> <span class='ocrx_word' id='word_1_278' title='bbox 864 3572 926 3636; x_wconf 79' lang='grc' dir='ltr'>οὖ</span> <span class='ocrx_word' id='word_1_279' title='bbox 958 3581 1256 3652; x_wconf 80' lang='grc' dir='ltr'>ἠκούσατε,</span> <span class='ocrx_word' id='word_1_280' title='bbox 1289 3583 1386 3640; x_wconf 87' lang='grc' dir='ltr'><strong>τοῦ</strong></span> <span class='ocrx_word' id='word_1_281' title='bbox 1434 3587 1809 3660; x_wconf 81' lang='grc' dir='ltr'>κηρυχθέντος</span> <span class='ocrx_word' id='word_1_282' title='bbox 1844 3591 1902 3643; x_wconf 86' lang='grc' dir='ltr'><strong>ἐν</strong></span> 
     </span>
    </p>
   </div>
   <div class='ocr_carea' id='block_1_39' title="bbox 310 3670 1901 3754">
    <p class='ocr_par' dir='ltr' id='par_1_39' title="bbox 310 3670 1901 3754">
     <span class='ocr_line' id='line_1_39' title="bbox 310 3670 1901 3754; baseline 0.008 -30"><span class='ocrx_word' id='word_1_283' title='bbox 310 3670 464 3744; x_wconf 81' lang='grc' dir='ltr'>πάσῃ</span> <span class='ocrx_word' id='word_1_284' title='bbox 494 3673 560 3743; x_wconf 81' lang='grc' dir='ltr'><strong>τῇ</strong></span> <span class='ocrx_word' id='word_1_285' title='bbox 592 3672 769 3727; x_wconf 82' lang='grc' dir='ltr'>κτίσει</span> <span class='ocrx_word' id='word_1_286' title='bbox 796 3676 862 3747; x_wconf 78' lang='grc' dir='ltr'><strong>τῇ</strong></span> <span class='ocrx_word' id='word_1_287' title='bbox 897 3673 1006 3729; x_wconf 76' lang='grc' dir='ltr'>ὑπὸ</span> <span class='ocrx_word' id='word_1_288' title='bbox 1026 3675 1118 3730; x_wconf 75' lang='grc' dir='ltr'><strong>τὸν</strong></span> <span class='ocrx_word' id='word_1_289' title='bbox 1140 3675 1392 3749; x_wconf 82' lang='grc' dir='ltr'>οὐρανὸν,</span> <span class='ocrx_word' id='word_1_290' title='bbox 1408 3672 1472 3734; x_wconf 74' lang='grc' dir='ltr'>οὗ</span> <span class='ocrx_word' id='word_1_291' title='bbox 1496 3680 1765 3754; x_wconf 72' lang='grc' dir='ltr'>ἐγενόμην</span> <span class='ocrx_word' id='word_1_292' title='bbox 1788 3680 1901 3752; x_wconf 85' lang='grc' dir='ltr'>ἐγὼ</span> 
     </span>
    </p>
   </div>
   <div class='ocr_carea' id='block_1_40' title="bbox 308 3760 873 3827">
    <p class='ocr_par' dir='ltr' id='par_1_40' title="bbox 308 3760 873 3827">
     <span class='ocr_line' id='line_1_40' title="bbox 308 3760 873 3827; baseline 0.004 -10"><span class='ocrx_word' id='word_1_293' title='bbox 308 3760 526 3825; x_wconf 78' lang='grc' dir='ltr'>Παῦλος</span> <span class='ocrx_word' id='word_1_294' title='bbox 546 3762 815 3827; x_wconf 81' lang='grc' dir='ltr'>διάκονος.</span> <span class='ocrx_word' id='word_1_295' title='bbox 853 3782 873 3818; x_wconf 75' lang='grc' dir='ltr'><strong>ι</strong></span> 
     </span>
    </p>
   </div>
   <div class='ocr_carea' id='block_1_41' title="bbox 391 3853 1899 3939">
    <p class='ocr_par' dir='ltr' id='par_1_41' title="bbox 391 3853 1899 3939">
     <span class='ocr_line' id='line_1_41' title="bbox 391 3853 1899 3939; baseline 0.011 -32"><span class='ocrx_word' id='word_1_296' title='bbox 391 3853 617 3927; x_wconf 78' lang='grc' dir='ltr'>Ἐπειδὴ</span> <span class='ocrx_word' id='word_1_297' title='bbox 661 3856 801 3929; x_wconf 79' lang='grc' dir='ltr'>ἀκοῇ</span> <span class='ocrx_word' id='word_1_298' title='bbox 837 3858 905 3914; x_wconf 86' lang='grc' dir='ltr'><strong>τὰ</strong></span> <span class='ocrx_word' id='word_1_299' title='bbox 942 3856 1065 3915; x_wconf 79' lang='grc' dir='ltr'>κατ’</span> <span class='ocrx_word' id='word_1_300' title='bbox 1098 3861 1301 3927; x_wconf 75' lang='grc' dir='ltr'>αὐτοὺς</span> <span class='ocrx_word' id='word_1_301' title='bbox 1336 3857 1483 3921; x_wconf 75' lang='grc' dir='ltr'>οἶδεν</span> <span class='ocrx_word' id='word_1_302' title='bbox 1508 3905 1525 3932; x_wconf 95' lang='grc'><strong>,</strong></span> <span class='ocrx_word' id='word_1_303' title='bbox 1570 3866 1899 3939; x_wconf 75' lang='grc' dir='ltr'>ἀμφιϐόλως</span> 
     </span>
    </p>
   </div>
   <div class='ocr_carea' id='block_1_42' title="bbox 306 3947 1897 4032">
    <p class='ocr_par' dir='ltr' id='par_1_42' title="bbox 306 3947 1897 4032">
     <span class='ocr_line' id='line_1_42' title="bbox 306 3947 1897 4032; baseline 0.012 -33"><span class='ocrx_word' id='word_1_304' title='bbox 306 3947 557 4020; x_wconf 73' lang='grc' dir='ltr'>εἴρηκεν,</span> <span class='ocrx_word' id='word_1_305' title='bbox 601 3948 673 4003; x_wconf 78' lang='grc' dir='ltr'><strong>ει</strong></span> <span class='ocrx_word' id='word_1_306' title='bbox 697 3966 766 4019; x_wconf 79' lang='grc' dir='ltr'><strong>γε</strong></span> <span class='ocrx_word' id='word_1_307' title='bbox 795 3951 1124 4021; x_wconf 75' lang='grc' dir='ltr'>ἐπιμένετε.</span> <span class='ocrx_word' id='word_1_308' title='bbox 1164 3956 1421 4026; x_wconf 79' lang='grc' dir='ltr'>Δηλονότι</span> <span class='ocrx_word' id='word_1_309' title='bbox 1455 3959 1555 4031; x_wconf 85' lang='grc' dir='ltr'><strong>τῆς</strong></span> <span class='ocrx_word' id='word_1_310' title='bbox 1588 3962 1830 4027; x_wconf 85' lang='grc' dir='ltr'>πίστεως</span> <span class='ocrx_word' id='word_1_311' title='bbox 1863 3964 1897 4032; x_wconf 75' lang='grc' dir='ltr'><strong>ἡ</strong></span> 
     </span>
    </p>
   </div>
   <div class='ocr_carea' id='block_1_43' title="bbox 306 4040 1575 4135">
    <p class='ocr_par' dir='ltr' id='par_1_43' title="bbox 306 4040 1575 4135">
     <span class='ocr_line' id='line_1_43' title="bbox 306 4040 1575 4135; baseline 0.01 -40"><span class='ocrx_word' id='word_1_312' title='bbox 306 4040 549 4115; x_wconf 71' lang='grc' dir='ltr'>ἐπιμονὴ</span> <span class='ocrx_word' id='word_1_313' title='bbox 580 4041 791 4113; x_wconf 72' lang='grc' dir='ltr'>βεϐαιοῖ</span> <span class='ocrx_word' id='word_1_314' title='bbox 816 4045 916 4117; x_wconf 79' lang='grc' dir='ltr'>τὴν</span> <span class='ocrx_word' id='word_1_315' title='bbox 947 4046 1085 4120; x_wconf 72' lang='grc' dir='ltr'>πρὸς</span> <span class='ocrx_word' id='word_1_316' title='bbox 1114 4048 1250 4135; x_wconf 77' lang='grc' dir='ltr'>Θεὸν</span> <span class='ocrx_word' id='word_1_317' title='bbox 1275 4049 1575 4109; x_wconf 78' lang='grc' dir='ltr'>οἱκείωσιν.</span> 
     </span>
    </p>
   </div>
   <div class='ocr_carea' id='block_1_44' title="bbox 382 4219 1749 4315">
    <p class='ocr_par' dir='ltr' id='par_1_44' title="bbox 382 4219 1749 4315">
     <span class='ocr_line' id='line_1_44' title="bbox 382 4219 1749 4315; baseline 0.013 -42"><span class='ocrx_word' id='word_1_318' title='bbox 382 4238 403 4273; x_wconf 78' lang='grc' dir='ltr'><strong>ι</strong></span> <span class='ocrx_word' id='word_1_319' title='bbox 440 4219 557 4276; x_wconf 87' lang='grc' dir='ltr'>Νῦν</span> <span class='ocrx_word' id='word_1_320' title='bbox 582 4220 760 4296; x_wconf 88' lang='grc' dir='ltr'>χαίρω</span> <span class='ocrx_word' id='word_1_321' title='bbox 780 4223 839 4278; x_wconf 87' lang='grc' dir='ltr'><strong>ἐν</strong></span> <span class='ocrx_word' id='word_1_322' title='bbox 858 4226 973 4291; x_wconf 84' lang='grc' dir='ltr'>τοῖς</span> <span class='ocrx_word' id='word_1_323' title='bbox 997 4226 1323 4301; x_wconf 77' lang='grc' dir='ltr'>παθήμασιν</span> <span class='ocrx_word' id='word_1_324' title='bbox 1347 4232 1488 4315; x_wconf 78' lang='grc' dir='ltr'>ὑπὲρ</span> <span class='ocrx_word' id='word_1_325' title='bbox 1522 4233 1695 4308; x_wconf 83' lang='grc' dir='ltr'>ὑμῶν.</span> <span class='ocrx_word' id='word_1_326' title='bbox 1726 4257 1749 4291; x_wconf 71' lang='grc' dir='ltr'><strong>ι</strong></span> 
     </span>
    </p>
   </div>
   <div class='ocr_carea' id='block_1_45' title="bbox 389 4394 1893 4489">
    <p class='ocr_par' dir='ltr' id='par_1_45' title="bbox 389 4394 1893 4489">
     <span class='ocr_line' id='line_1_45' title="bbox 389 4394 1893 4489; baseline 0.017 -42"><span class='ocrx_word' id='word_1_327' title='bbox 389 4394 723 4489; x_wconf 78' lang='grc' dir='ltr'>Ἐναγώνιον</span> <span class='ocrx_word' id='word_1_328' title='bbox 751 4398 813 4453; x_wconf 81' lang='grc' dir='ltr'>τὸ</span> <span class='ocrx_word' id='word_1_329' title='bbox 842 4399 1002 4472; x_wconf 75' lang='grc' dir='ltr'>ἔργον</span> <span class='ocrx_word' id='word_1_330' title='bbox 1028 4402 1126 4458; x_wconf 89' lang='grc' dir='ltr'><strong>τοῦ</strong></span> <span class='ocrx_word' id='word_1_331' title='bbox 1168 4404 1522 4467; x_wconf 63' lang='grc' dir='ltr'>’Δποστόλοικ</span> <span class='ocrx_word' id='word_1_332' title='bbox 1560 4412 1673 4468; x_wconf 78' lang='grc' dir='ltr'>Καὶ</span> <span class='ocrx_word' id='word_1_333' title='bbox 1698 4416 1893 4489; x_wconf 79' lang='grc' dir='ltr'>ἐπειδὴ</span> 
     </span>
    </p>
   </div>
   <div class='ocr_carea' id='block_1_46' title="bbox 2006 533 3588 607">
    <p class='ocr_par' dir='ltr' id='par_1_46' title="bbox 2006 533 3588 607">
     <span class='ocr_line' id='line_1_46' title="bbox 2006 533 3588 607; baseline -0.001 -17"><span class='ocrx_word' id='word_1_334' title='bbox 2006 536 2187 590; x_wconf 90' lang='lat' dir='ltr'><strong>omnia</strong></span> <span class='ocrx_word' id='word_1_335' title='bbox 2216 537 2272 592; x_wconf 88' lang='lat' dir='ltr'><strong>in</strong></span> <span class='ocrx_word' id='word_1_336' title='bbox 2304 535 2506 606; x_wconf 87' lang='lat' dir='ltr'><strong>ipsum,</strong></span> <span class='ocrx_word' id='word_1_337' title='bbox 2562 534 2861 605; x_wconf 80' lang='lat' dir='ltr'><strong>paciﬁcans</strong></span> <span class='ocrx_word' id='word_1_338' title='bbox 2914 550 3011 607; x_wconf 89' lang='lat' dir='ltr'><strong>per</strong></span> <span class='ocrx_word' id='word_1_339' title='bbox 3049 534 3369 604; x_wconf 79' lang='lat' dir='ltr'><strong>sanguinem</strong></span> <span class='ocrx_word' id='word_1_340' title='bbox 3404 533 3588 589; x_wconf 84' lang='lat' dir='ltr'><strong>crucis</strong></span> 
     </span>
    </p>
   </div>
   <div class='ocr_carea' id='block_1_47' title="bbox 2006 627 3590 700">
    <p class='ocr_par' dir='ltr' id='par_1_47' title="bbox 2006 627 3590 700">
     <span class='ocr_line' id='line_1_47' title="bbox 2006 627 3590 700; baseline -0.002 -16"><span class='ocrx_word' id='word_1_341' title='bbox 2006 628 2148 699; x_wconf 87' lang='lat' dir='ltr'><strong>ejus,</strong></span> <span class='ocrx_word' id='word_1_342' title='bbox 2197 642 2293 699; x_wconf 90' lang='lat' dir='ltr'><strong>per</strong></span> <span class='ocrx_word' id='word_1_343' title='bbox 2345 628 2543 698; x_wconf 86' lang='lat' dir='ltr'><strong>ipsum,</strong></span> <span class='ocrx_word' id='word_1_344' title='bbox 2601 628 2718 686; x_wconf 82' lang='lat' dir='ltr'><strong>sive</strong></span> <span class='ocrx_word' id='word_1_345' title='bbox 2770 643 2892 700; x_wconf 86' lang='lat' dir='ltr'><strong>quae</strong></span> <span class='ocrx_word' id='word_1_346' title='bbox 2933 629 2990 682; x_wconf 90' lang='lat' dir='ltr'><strong>in</strong></span> <span class='ocrx_word' id='word_1_347' title='bbox 3047 628 3233 694; x_wconf 85' lang='lat' dir='ltr'><strong>terris,</strong></span> <span class='ocrx_word' id='word_1_348' title='bbox 3293 627 3409 683; x_wconf 80' lang='lat' dir='ltr'><strong>sive</strong></span> <span class='ocrx_word' id='word_1_349' title='bbox 3467 642 3590 697; x_wconf 79' lang='lat' dir='ltr'><strong>quae</strong></span> 
     </span>
    </p>
   </div>
   <div class='ocr_carea' id='block_1_48' title="bbox 2007 720 2506 777">
    <p class='ocr_par' dir='ltr' id='par_1_48' title="bbox 2007 720 2506 777">
     <span class='ocr_line' id='line_1_48' title="bbox 2007 720 2506 777; baseline -0.006 0"><span class='ocrx_word' id='word_1_350' title='bbox 2007 721 2062 777; x_wconf 90' lang='lat' dir='ltr'><strong>in</strong></span> <span class='ocrx_word' id='word_1_351' title='bbox 2107 720 2261 777; x_wconf 75' lang='lat' dir='ltr'><strong>caelis</strong></span> <span class='ocrx_word' id='word_1_352' title='bbox 2291 729 2441 777; x_wconf 90' lang='lat' dir='ltr'><strong>sunt.</strong></span> <span class='ocrx_word' id='word_1_353' title='bbox 2485 739 2506 774; x_wconf 72' lang='grc' dir='ltr'><strong>ι</strong></span> 
     </span>
    </p>
   </div>
   <div class='ocr_carea' id='block_1_49' title="bbox 2076 811 3589 886">
    <p class='ocr_par' dir='ltr' id='par_1_49' title="bbox 2076 811 3589 886">
     <span class='ocr_line' id='line_1_49' title="bbox 2076 811 3589 886; baseline -0.005 -16"><span class='ocrx_word' id='word_1_354' title='bbox 2076 812 2136 871; x_wconf 85' lang='lat' dir='ltr'><strong>In</strong></span> <span class='ocrx_word' id='word_1_355' title='bbox 2167 814 2274 872; x_wconf 89' lang='lat' dir='ltr'><strong>hoc</strong></span> <span class='ocrx_word' id='word_1_356' title='bbox 2301 830 2523 886; x_wconf 89' lang='lat' dir='ltr'><strong>quoque</strong></span> <span class='ocrx_word' id='word_1_357' title='bbox 2570 815 2696 870; x_wconf 88' lang='lat' dir='ltr'><strong>loco</strong></span> <span class='ocrx_word' id='word_1_358' title='bbox 2722 813 2908 870; x_wconf 78' lang='lat' dir='ltr'><strong>verbis</strong></span> <span class='ocrx_word' id='word_1_359' title='bbox 2950 813 3079 869; x_wconf 89' lang='lat' dir='ltr'><strong>aliis</strong></span> <span class='ocrx_word' id='word_1_360' title='bbox 3104 814 3384 877; x_wconf 84' lang='lat' dir='ltr'><strong>enuntiat,</strong></span> <span class='ocrx_word' id='word_1_361' title='bbox 3423 811 3589 882; x_wconf 71' lang='lat'><strong>208</strong></span> 
     </span>
    </p>
   </div>
   <div class='ocr_carea' id='block_1_50' title="bbox 2008 905 3585 980">
    <p class='ocr_par' dir='ltr' id='par_1_50' title="bbox 2008 905 3585 980">
     <span class='ocr_line' id='line_1_50' title="bbox 2008 905 3585 980; baseline -0.003 -20"><span class='ocrx_word' id='word_1_362' title='bbox 2008 905 2121 963; x_wconf 85' lang='lat' dir='ltr'><strong>Deo</strong></span> <span class='ocrx_word' id='word_1_363' title='bbox 2153 907 2549 980; x_wconf 86' lang='lat' dir='ltr'><strong>complacitum</strong></span> <span class='ocrx_word' id='word_1_364' title='bbox 2579 906 2776 975; x_wconf 85' lang='lat' dir='ltr'><strong>fuisse,</strong></span> <span class='ocrx_word' id='word_1_365' title='bbox 2818 915 2879 963; x_wconf 89' lang='lat' dir='ltr'><strong>ut</strong></span> <span class='ocrx_word' id='word_1_366' title='bbox 2907 908 2961 963; x_wconf 91' lang='lat' dir='ltr'><strong>in</strong></span> <span class='ocrx_word' id='word_1_367' title='bbox 2996 907 3221 963; x_wconf 87' lang='lat' dir='ltr'><strong>Christo</strong></span> <span class='ocrx_word' id='word_1_368' title='bbox 3250 909 3585 962; x_wconf 78' lang='lat' dir='ltr'><strong>instauraret</strong></span> 
     </span>
    </p>
   </div>
   <div class='ocr_carea' id='block_1_51' title="bbox 2009 999 3585 1073">
    <p class='ocr_par' dir='ltr' id='par_1_51' title="bbox 2009 999 3585 1073">
     <span class='ocr_line' id='line_1_51' title="bbox 2009 999 3585 1073; baseline -0.003 -17"><span class='ocrx_word' id='word_1_369' title='bbox 2009 1002 2267 1056; x_wconf 84' lang='lat' dir='ltr'><strong>universa</strong></span> <span class='ocrx_word' id='word_1_370' title='bbox 2322 1015 2445 1073; x_wconf 75' lang='lat' dir='ltr'><strong>quae</strong></span> <span class='ocrx_word' id='word_1_371' title='bbox 2497 1000 2552 1057; x_wconf 92' lang='lat' dir='ltr'><strong>in</strong></span> <span class='ocrx_word' id='word_1_372' title='bbox 2609 1001 2791 1067; x_wconf 67' lang='lat' dir='ltr'><strong>caelis,</strong></span> <span class='ocrx_word' id='word_1_373' title='bbox 2846 1010 2902 1056; x_wconf 91' lang='lat' dir='ltr'><strong>et</strong></span> <span class='ocrx_word' id='word_1_374' title='bbox 2965 1015 3091 1071; x_wconf 66' lang='lat' dir='ltr'><strong>quae</strong></span> <span class='ocrx_word' id='word_1_375' title='bbox 3148 999 3201 1053; x_wconf 91' lang='lat' dir='ltr'><strong>in</strong></span> <span class='ocrx_word' id='word_1_376' title='bbox 3244 999 3411 1055; x_wconf 86' lang='lat' dir='ltr'><strong>terris</strong></span> <span class='ocrx_word' id='word_1_377' title='bbox 3435 1008 3585 1053; x_wconf 88' lang='lat' dir='ltr'><strong>sunt.</strong></span> 
     </span>
    </p>
   </div>
   <div class='ocr_carea' id='block_1_52' title="bbox 2007 1091 3592 1161">
    <p class='ocr_par' dir='ltr' id='par_1_52' title="bbox 2007 1091 3592 1161">
     <span class='ocr_line' id='line_1_52' title="bbox 2007 1091 3592 1161; baseline 0 -14"><span class='ocrx_word' id='word_1_378' title='bbox 2007 1091 2142 1147; x_wconf 82' lang='lat' dir='ltr'><strong>Nam</strong></span> <span class='ocrx_word' id='word_1_379' title='bbox 2176 1092 2387 1149; x_wconf 88' lang='lat' dir='ltr'><strong>Christi</strong></span> <span class='ocrx_word' id='word_1_380' title='bbox 2418 1108 2592 1161; x_wconf 89' lang='lat' dir='ltr'><strong>mors,</strong></span> <span class='ocrx_word' id='word_1_381' title='bbox 2630 1109 2756 1149; x_wconf 89' lang='lat' dir='ltr'><strong>cum</strong></span> <span class='ocrx_word' id='word_1_382' title='bbox 2784 1094 3064 1150; x_wconf 79' lang='lat' dir='ltr'><strong>hominem</strong></span> <span class='ocrx_word' id='word_1_383' title='bbox 3095 1094 3307 1148; x_wconf 81' lang='lat' dir='ltr'><strong>salvum</strong></span> <span class='ocrx_word' id='word_1_384' title='bbox 3342 1091 3473 1147; x_wconf 83' lang='lat' dir='ltr'><strong>fecit</strong></span> <span class='ocrx_word' id='word_1_385' title='bbox 3505 1108 3592 1147; x_wconf 81' lang='lat' dir='ltr'><strong>re-</strong></span> 
     </span>
    </p>
   </div>
   <div class='ocr_carea' id='block_1_53' title="bbox 2009 1184 3590 1257">
    <p class='ocr_par' dir='ltr' id='par_1_53' title="bbox 2009 1184 3590 1257">
     <span class='ocr_line' id='line_1_53' title="bbox 2009 1184 3590 1257; baseline -0.003 -16"><span class='ocrx_word' id='word_1_386' title='bbox 2009 1185 2473 1257; x_wconf 79' lang='lat' dir='ltr'><strong>dintegravitque,</strong></span> <span class='ocrx_word' id='word_1_387' title='bbox 2507 1194 2624 1241; x_wconf 88' lang='lat' dir='ltr'><strong>tum</strong></span> <span class='ocrx_word' id='word_1_388' title='bbox 2657 1186 2871 1257; x_wconf 73' lang='lat' dir='ltr'><strong>angelis</strong></span> <span class='ocrx_word' id='word_1_389' title='bbox 2901 1185 3157 1257; x_wconf 77' lang='lat' dir='ltr'><strong>gaudium</strong></span> <span class='ocrx_word' id='word_1_390' title='bbox 3198 1184 3434 1239; x_wconf 79' lang='lat' dir='ltr'><strong>reddidit</strong></span> <span class='ocrx_word' id='word_1_391' title='bbox 3471 1184 3590 1254; x_wconf 80' lang='lat' dir='ltr'><strong>pri-</strong></span> 
     </span>
    </p>
   </div>
   <div class='ocr_carea' id='block_1_54' title="bbox 2011 1276 3588 1351">
    <p class='ocr_par' dir='ltr' id='par_1_54' title="bbox 2011 1276 3588 1351">
     <span class='ocr_line' id='line_1_54' title="bbox 2011 1276 3588 1351; baseline -0.002 -16"><span class='ocrx_word' id='word_1_392' title='bbox 2011 1280 2218 1335; x_wconf 89' lang='lat' dir='ltr'><strong>stinum</strong></span> <span class='ocrx_word' id='word_1_393' title='bbox 2276 1287 2507 1351; x_wconf 84' lang='lat' dir='ltr'><strong>propter</strong></span> <span class='ocrx_word' id='word_1_394' title='bbox 2561 1280 2796 1337; x_wconf 90' lang='lat' dir='ltr'><strong>salutem</strong></span> <span class='ocrx_word' id='word_1_395' title='bbox 2860 1279 3170 1343; x_wconf 86' lang='lat' dir='ltr'><strong>hominum,</strong></span> <span class='ocrx_word' id='word_1_396' title='bbox 3219 1288 3274 1333; x_wconf 85' lang='lat' dir='ltr'><strong>et</strong></span> <span class='ocrx_word' id='word_1_397' title='bbox 3324 1276 3588 1332; x_wconf 78' lang='lat' dir='ltr'><strong>inferiora</strong></span> 
     </span>
    </p>
   </div>
   <div class='ocr_carea' id='block_1_55' title="bbox 2011 1368 3591 1441">
    <p class='ocr_par' dir='ltr' id='par_1_55' title="bbox 2011 1368 3591 1441">
     <span class='ocr_line' id='line_1_55' title="bbox 2011 1368 3591 1441; baseline -0.004 -15"><span class='ocrx_word' id='word_1_398' title='bbox 2011 1368 2392 1441; x_wconf 88' lang='lat' dir='ltr'><strong>superioribus</strong></span> <span class='ocrx_word' id='word_1_399' title='bbox 2461 1369 2778 1441; x_wconf 82' lang='lat' dir='ltr'><strong>copulavit:</strong></span> <span class='ocrx_word' id='word_1_400' title='bbox 2835 1378 3002 1441; x_wconf 88' lang='lat' dir='ltr'><strong>atque</strong></span> <span class='ocrx_word' id='word_1_401' title='bbox 3057 1369 3161 1424; x_wconf 90' lang='lat' dir='ltr'><strong>hoc</strong></span> <span class='ocrx_word' id='word_1_402' title='bbox 3220 1376 3328 1433; x_wconf 87' lang='lat' dir='ltr'><strong>est,</strong></span> <span class='ocrx_word' id='word_1_403' title='bbox 3365 1369 3591 1422; x_wconf 80' lang='lat' dir='ltr'><strong>reconci-</strong></span> 
     </span>
    </p>
   </div>
   <div class='ocr_carea' id='block_1_56' title="bbox 2013 1460 3591 1533">
    <p class='ocr_par' dir='ltr' id='par_1_56' title="bbox 2013 1460 3591 1533">
     <span class='ocr_line' id='line_1_56' title="bbox 2013 1460 3591 1533; baseline -0.003 -16"><span class='ocrx_word' id='word_1_404' title='bbox 2013 1464 2150 1517; x_wconf 80' lang='lat' dir='ltr'><strong>liare</strong></span> <span class='ocrx_word' id='word_1_405' title='bbox 2198 1461 2400 1518; x_wconf 85' lang='lat' dir='ltr'><strong>omnia.</strong></span> <span class='ocrx_word' id='word_1_406' title='bbox 2459 1462 2674 1517; x_wconf 87' lang='lat' dir='ltr'><strong>Etenim</strong></span> <span class='ocrx_word' id='word_1_407' title='bbox 2714 1475 2905 1533; x_wconf 88' lang='lat' dir='ltr'><strong>pacem</strong></span> <span class='ocrx_word' id='word_1_408' title='bbox 2944 1460 3098 1526; x_wconf 82' lang='lat' dir='ltr'><strong>fecit,</strong></span> <span class='ocrx_word' id='word_1_409' title='bbox 3155 1460 3591 1530; x_wconf 75' lang='lat' dir='ltr'><strong>inimicitiasque</strong></span> 
     </span>
    </p>
   </div>
   <div class='ocr_carea' id='block_1_57' title="bbox 2012 1552 3588 1625">
    <p class='ocr_par' dir='ltr' id='par_1_57' title="bbox 2012 1552 3588 1625">
     <span class='ocr_line' id='line_1_57' title="bbox 2012 1552 3588 1625; baseline -0.004 -14"><span class='ocrx_word' id='word_1_410' title='bbox 2012 1554 2243 1611; x_wconf 89' lang='lat' dir='ltr'><strong>sustulit</strong></span> <span class='ocrx_word' id='word_1_411' title='bbox 2302 1569 2334 1611; x_wconf 88' lang='lat' dir='ltr'><strong>e</strong></span> <span class='ocrx_word' id='word_1_412' title='bbox 2385 1554 2590 1610; x_wconf 88' lang='lat' dir='ltr'><strong>medio.</strong></span> <span class='ocrx_word' id='word_1_413' title='bbox 2641 1553 2994 1625; x_wconf 81' lang='lat' dir='ltr'><strong>Quapmpter</strong></span> <span class='ocrx_word' id='word_1_414' title='bbox 3050 1553 3227 1625; x_wconf 76' lang='lat' dir='ltr'><strong>angeli</strong></span> <span class='ocrx_word' id='word_1_415' title='bbox 3285 1552 3588 1607; x_wconf 78' lang='lat' dir='ltr'><strong>dicebant:</strong></span> 
     </span>
    </p>
   </div>
   <div class='ocr_carea' id='block_1_58' title="bbox 2014 1642 3277 1712">
    <p class='ocr_par' dir='ltr' id='par_1_58' title="bbox 2014 1642 3277 1712">
     <span class='ocr_line' id='line_1_58' title="bbox 2014 1642 3277 1712; baseline 0 -12"><span class='ocrx_word' id='word_1_416' title='bbox 2014 1643 2201 1700; x_wconf 79' lang='lat' dir='ltr'><strong>Gloria</strong></span> <span class='ocrx_word' id='word_1_417' title='bbox 2237 1645 2293 1699; x_wconf 86' lang='lat' dir='ltr'><strong>in</strong></span> <span class='ocrx_word' id='word_1_418' title='bbox 2321 1643 2543 1699; x_wconf 72' lang='lat' dir='ltr'><strong>cxceisis</strong></span> <span class='ocrx_word' id='word_1_419' title='bbox 2575 1642 2704 1709; x_wconf 85' lang='lat' dir='ltr'><strong>Deo,</strong></span> <span class='ocrx_word' id='word_1_420' title='bbox 2735 1650 2784 1698; x_wconf 84' lang='lat' dir='ltr'><strong>et</strong></span> <span class='ocrx_word' id='word_1_421' title='bbox 2814 1643 2869 1697; x_wconf 88' lang='lat' dir='ltr'><strong>iu</strong></span> <span class='ocrx_word' id='word_1_422' title='bbox 2901 1652 3041 1697; x_wconf 76' lang='lat' dir='ltr'><strong>terra</strong></span> <span class='ocrx_word' id='word_1_423' title='bbox 3068 1657 3175 1712; x_wconf 74' lang='lat' dir='ltr'><strong>pax</strong></span> <span class='ocrx_word' id='word_1_424' title='bbox 3210 1644 3277 1700; x_wconf 76' lang='grc'><strong>⁷⁵.</strong></span> 
     </span>
    </p>
   </div>
   <div class='ocr_carea' id='block_1_59' title="bbox 2089 1736 3590 1807">
    <p class='ocr_par' dir='ltr' id='par_1_59' title="bbox 2089 1736 3590 1807">
     <span class='ocr_line' id='line_1_59' title="bbox 2089 1736 3590 1807; baseline -0.003 -10"><span class='ocrx_word' id='word_1_425' title='bbox 2089 1741 2254 1797; x_wconf 75' lang='lat' dir='ltr'><strong>Vsus.</strong></span> <span class='ocrx_word' id='word_1_426' title='bbox 2284 1739 2379 1805; x_wconf 78' lang='lat'><strong>2|,</strong></span> <span class='ocrx_word' id='word_1_427' title='bbox 2438 1738 2532 1795; x_wconf 72' lang='lat'><strong>22.</strong></span> <span class='ocrx_word' id='word_1_428' title='bbox 2572 1758 2590 1791; x_wconf 79' lang='grc' dir='ltr'><strong>ι</strong></span> <span class='ocrx_word' id='word_1_429' title='bbox 2626 1737 2693 1792; x_wconf 87' lang='grc' dir='ltr'>Ει</span> <span class='ocrx_word' id='word_1_430' title='bbox 2738 1753 2839 1794; x_wconf 73' lang='lat' dir='ltr'><strong>vos</strong></span> <span class='ocrx_word' id='word_1_431' title='bbox 2889 1753 3015 1793; x_wconf 86' lang='lat' dir='ltr'><strong>cum</strong></span> <span class='ocrx_word' id='word_1_432' title='bbox 3057 1737 3257 1793; x_wconf 82' lang='lat' dir='ltr'><strong>essetis</strong></span> <span class='ocrx_word' id='word_1_433' title='bbox 3293 1736 3590 1807; x_wconf 82' lang='lat' dir='ltr'><strong>aliquando</strong></span> 
     </span>
    </p>
   </div>
   <div class='ocr_carea' id='block_1_60' title="bbox 2014 1823 3590 1894">
    <p class='ocr_par' dir='ltr' id='par_1_60' title="bbox 2014 1823 3590 1894">
     <span class='ocr_line' id='line_1_60' title="bbox 2014 1823 3590 1894; baseline -0.004 -12"><span class='ocrx_word' id='word_1_434' title='bbox 2014 1827 2264 1890; x_wconf 75' lang='lat' dir='ltr'><strong>alienati,</strong></span> <span class='ocrx_word' id='word_1_435' title='bbox 2292 1836 2347 1881; x_wconf 91' lang='lat' dir='ltr'><strong>et</strong></span> <span class='ocrx_word' id='word_1_436' title='bbox 2384 1825 2593 1881; x_wconf 90' lang='lat' dir='ltr'><strong>inimici</strong></span> <span class='ocrx_word' id='word_1_437' title='bbox 2638 1840 2807 1881; x_wconf 87' lang='lat' dir='ltr'><strong>sensu</strong></span> <span class='ocrx_word' id='word_1_438' title='bbox 2840 1826 2896 1879; x_wconf 90' lang='lat' dir='ltr'><strong>in</strong></span> <span class='ocrx_word' id='word_1_439' title='bbox 2930 1824 3188 1894; x_wconf 84' lang='lat' dir='ltr'><strong>operibus</strong></span> <span class='ocrx_word' id='word_1_440' title='bbox 3225 1823 3407 1889; x_wconf 88' lang='lat' dir='ltr'><strong>malis,</strong></span> <span class='ocrx_word' id='word_1_441' title='bbox 3440 1837 3590 1878; x_wconf 89' lang='lat' dir='ltr'><strong>nunc</strong></span> 
     </span>
    </p>
   </div>
   <div class='ocr_carea' id='block_1_61' title="bbox 2015 1915 3591 1988">
    <p class='ocr_par' dir='ltr' id='par_1_61' title="bbox 2015 1915 3591 1988">
     <span class='ocr_line' id='line_1_61' title="bbox 2015 1915 3591 1988; baseline -0.005 -11"><span class='ocrx_word' id='word_1_442' title='bbox 2015 1930 2199 1977; x_wconf 88' lang='lat' dir='ltr'><strong>autem</strong></span> <span class='ocrx_word' id='word_1_443' title='bbox 2252 1919 2629 1975; x_wconf 85' lang='lat' dir='ltr'><strong>reconciliavit</strong></span> <span class='ocrx_word' id='word_1_444' title='bbox 2688 1918 2743 1973; x_wconf 90' lang='lat' dir='ltr'><strong>in</strong></span> <span class='ocrx_word' id='word_1_445' title='bbox 2798 1931 3033 1988; x_wconf 88' lang='lat' dir='ltr'><strong>corpore</strong></span> <span class='ocrx_word' id='word_1_446' title='bbox 3080 1916 3264 1971; x_wconf 89' lang='lat' dir='ltr'><strong>carnis</strong></span> <span class='ocrx_word' id='word_1_447' title='bbox 3317 1915 3438 1986; x_wconf 88' lang='lat' dir='ltr'><strong>ejus</strong></span> <span class='ocrx_word' id='word_1_448' title='bbox 3492 1929 3591 1986; x_wconf 86' lang='lat' dir='ltr'><strong>per</strong></span> 
     </span>
    </p>
   </div>
   <div class='ocr_carea' id='block_1_62' title="bbox 2014 2007 3591 2078">
    <p class='ocr_par' dir='ltr' id='par_1_62' title="bbox 2014 2007 3591 2078">
     <span class='ocr_line' id='line_1_62' title="bbox 2014 2007 3591 2078; baseline -0.003 -12"><span class='ocrx_word' id='word_1_449' title='bbox 2014 2021 2268 2078; x_wconf 88' lang='lat' dir='ltr'><strong>mortem,</strong></span> <span class='ocrx_word' id='word_1_450' title='bbox 2314 2012 2577 2069; x_wconf 75' lang='lat' dir='ltr'><strong>exhibere</strong></span> <span class='ocrx_word' id='word_1_451' title='bbox 2605 2026 2704 2067; x_wconf 85' lang='lat' dir='ltr'><strong>vos</strong></span> <span class='ocrx_word' id='word_1_452' title='bbox 2726 2018 2973 2077; x_wconf 85' lang='lat' dir='ltr'><strong>sanctos,</strong></span> <span class='ocrx_word' id='word_1_453' title='bbox 3007 2017 3061 2067; x_wconf 90' lang='lat' dir='ltr'><strong>et</strong></span> <span class='ocrx_word' id='word_1_454' title='bbox 3095 2007 3499 2068; x_wconf 85' lang='lat' dir='ltr'><strong>immaculatos,</strong></span> <span class='ocrx_word' id='word_1_455' title='bbox 3534 2014 3591 2063; x_wconf 91' lang='lat' dir='ltr'><strong>et</strong></span> 
     </span>
    </p>
   </div>
   <div class='ocr_carea' id='block_1_63' title="bbox 2015 2100 2992 2173">
    <p class='ocr_par' dir='ltr' id='par_1_63' title="bbox 2015 2100 2992 2173">
     <span class='ocr_line' id='line_1_63' title="bbox 2015 2100 2992 2173; baseline -0.007 -15"><span class='ocrx_word' id='word_1_456' title='bbox 2015 2101 2535 2173; x_wconf 85' lang='lat' dir='ltr'><strong>irreprehensihiles</strong></span> <span class='ocrx_word' id='word_1_457' title='bbox 2567 2116 2757 2156; x_wconf 88' lang='lat' dir='ltr'><strong>coram</strong></span> <span class='ocrx_word' id='word_1_458' title='bbox 2796 2100 2939 2172; x_wconf 91' lang='lat' dir='ltr'><strong>ipso.</strong></span> <span class='ocrx_word' id='word_1_459' title='bbox 2974 2117 2992 2151; x_wconf 77' lang='grc' dir='ltr'><strong>ι</strong></span> 
     </span>
    </p>
   </div>
   <div class='ocr_carea' id='block_1_64' title="bbox 2085 2188 3590 2263">
    <p class='ocr_par' dir='ltr' id='par_1_64' title="bbox 2085 2188 3590 2263">
     <span class='ocr_line' id='line_1_64' title="bbox 2085 2188 3590 2263; baseline -0.004 -14"><span class='ocrx_word' id='word_1_460' title='bbox 2085 2194 2255 2249; x_wconf 80' lang='lat' dir='ltr'><strong>Sensu</strong></span> <span class='ocrx_word' id='word_1_461' title='bbox 2315 2199 2479 2249; x_wconf 86' lang='lat' dir='ltr'><strong>erant</strong></span> <span class='ocrx_word' id='word_1_462' title='bbox 2531 2192 2785 2255; x_wconf 90' lang='lat' dir='ltr'><strong>inimici,</strong></span> <span class='ocrx_word' id='word_1_463' title='bbox 2865 2191 2960 2263; x_wconf 88' lang='lat' dir='ltr'><strong>qui</strong></span> <span class='ocrx_word' id='word_1_464' title='bbox 3024 2190 3459 2263; x_wconf 74' lang='lat' dir='ltr'><strong>segregabantur</strong></span> <span class='ocrx_word' id='word_1_465' title='bbox 3519 2188 3590 2244; x_wconf 88' lang='lat' dir='ltr'><strong>ab</strong></span> 
     </span>
    </p>
   </div>
   <div class='ocr_carea' id='block_1_65' title="bbox 2013 2281 3590 2357">
    <p class='ocr_par' dir='ltr' id='par_1_65' title="bbox 2013 2281 3590 2357">
     <span class='ocr_line' id='line_1_65' title="bbox 2013 2281 3590 2357; baseline -0.001 -18"><span class='ocrx_word' id='word_1_466' title='bbox 2013 2283 2204 2351; x_wconf 86' lang='lat' dir='ltr'><strong>Israel,</strong></span> <span class='ocrx_word' id='word_1_467' title='bbox 2241 2300 2365 2341; x_wconf 90' lang='lat' dir='ltr'><strong>cum</strong></span> <span class='ocrx_word' id='word_1_468' title='bbox 2411 2299 2638 2357; x_wconf 89' lang='lat' dir='ltr'><strong>operam</strong></span> <span class='ocrx_word' id='word_1_469' title='bbox 2690 2284 2852 2341; x_wconf 78' lang='lat' dir='ltr'><strong>malis</strong></span> <span class='ocrx_word' id='word_1_470' title='bbox 2908 2284 3170 2355; x_wconf 87' lang='lat' dir='ltr'><strong>operibus</strong></span> <span class='ocrx_word' id='word_1_471' title='bbox 3218 2284 3433 2339; x_wconf 82' lang='lat' dir='ltr'><strong>darent.</strong></span> <span class='ocrx_word' id='word_1_472' title='bbox 3463 2281 3590 2338; x_wconf 86' lang='lat' dir='ltr'><strong>Pri-</strong></span> 
     </span>
    </p>
   </div>
   <div class='ocr_carea' id='block_1_66' title="bbox 2014 2377 3593 2455">
    <p class='ocr_par' dir='ltr' id='par_1_66' title="bbox 2014 2377 3593 2455">
     <span class='ocr_line' id='line_1_66' title="bbox 2014 2377 3593 2455; baseline -0.004 -16"><span class='ocrx_word' id='word_1_473' title='bbox 2014 2384 2190 2439; x_wconf 86' lang='lat' dir='ltr'><strong>stinas</strong></span> <span class='ocrx_word' id='word_1_474' title='bbox 2217 2382 2438 2455; x_wconf 89' lang='lat' dir='ltr'><strong>quidem</strong></span> <span class='ocrx_word' id='word_1_475' title='bbox 2496 2381 2838 2445; x_wconf 87' lang='lat' dir='ltr'><strong>inimicitias,</strong></span> <span class='ocrx_word' id='word_1_476' title='bbox 2894 2397 3034 2453; x_wconf 84' lang='lat' dir='ltr'><strong>quas</strong></span> <span class='ocrx_word' id='word_1_477' title='bbox 3066 2378 3273 2436; x_wconf 89' lang='lat' dir='ltr'><strong>malitia</strong></span> <span class='ocrx_word' id='word_1_478' title='bbox 3303 2388 3356 2435; x_wconf 87' lang='lat' dir='ltr'><strong>et</strong></span> <span class='ocrx_word' id='word_1_479' title='bbox 3380 2377 3593 2448; x_wconf 89' lang='lat' dir='ltr'><strong>iniqui-</strong></span> 
     </span>
    </p>
   </div>
   <div class='ocr_carea' id='block_1_67' title="bbox 2013 2470 3587 2548">
    <p class='ocr_par' dir='ltr' id='par_1_67' title="bbox 2013 2470 3587 2548">
     <span class='ocr_line' id='line_1_67' title="bbox 2013 2470 3587 2548; baseline -0.004 -17"><span class='ocrx_word' id='word_1_480' title='bbox 2013 2485 2099 2533; x_wconf 87' lang='lat' dir='ltr'><strong>tas</strong></span> <span class='ocrx_word' id='word_1_481' title='bbox 2130 2486 2481 2548; x_wconf 76' lang='lat' dir='ltr'><strong>pepererant,</strong></span> <span class='ocrx_word' id='word_1_482' title='bbox 2525 2492 2582 2531; x_wconf 78' lang='lat' dir='ltr'><strong>in</strong></span> <span class='ocrx_word' id='word_1_483' title='bbox 2638 2473 2941 2531; x_wconf 87' lang='lat' dir='ltr'><strong>amicitiam</strong></span> <span class='ocrx_word' id='word_1_484' title='bbox 2988 2489 3116 2531; x_wconf 89' lang='lat' dir='ltr'><strong>esse</strong></span> <span class='ocrx_word' id='word_1_485' title='bbox 3148 2479 3392 2528; x_wconf 88' lang='lat' dir='ltr'><strong>mutatas</strong></span> <span class='ocrx_word' id='word_1_486' title='bbox 3426 2470 3587 2539; x_wconf 88' lang='lat' dir='ltr'><strong>dicit,</strong></span> 
     </span>
    </p>
   </div>
   <div class='ocr_carea' id='block_1_68' title="bbox 2013 2564 3590 2639">
    <p class='ocr_par' dir='ltr' id='par_1_68' title="bbox 2013 2564 3590 2639">
     <span class='ocr_line' id='line_1_68' title="bbox 2013 2564 3590 2639; baseline -0.003 -16"><span class='ocrx_word' id='word_1_487' title='bbox 2013 2572 2122 2623; x_wconf 77' lang='lat' dir='ltr'><strong>vita</strong></span> <span class='ocrx_word' id='word_1_488' title='bbox 2155 2568 2342 2624; x_wconf 89' lang='lat' dir='ltr'><strong>carnis</strong></span> <span class='ocrx_word' id='word_1_489' title='bbox 2385 2567 2687 2634; x_wconf 75' lang='lat' dir='ltr'><strong>exstincta,</strong></span> <span class='ocrx_word' id='word_1_490' title='bbox 2739 2582 2862 2638; x_wconf 66' lang='lat' dir='ltr'><strong>quae</strong></span> <span class='ocrx_word' id='word_1_491' title='bbox 2889 2567 3136 2639; x_wconf 85' lang='lat' dir='ltr'><strong>quidem,</strong></span> <span class='ocrx_word' id='word_1_492' title='bbox 3158 2582 3283 2623; x_wconf 88' lang='lat' dir='ltr'><strong>cum</strong></span> <span class='ocrx_word' id='word_1_493' title='bbox 3318 2565 3374 2621; x_wconf 90' lang='lat' dir='ltr'><strong>in</strong></span> <span class='ocrx_word' id='word_1_494' title='bbox 3426 2564 3590 2621; x_wconf 83' lang='lat' dir='ltr'><strong>nobis</strong></span> 
     </span>
    </p>
   </div>
   <div class='ocr_carea' id='block_1_69' title="bbox 2012 2652 3589 2729">
    <p class='ocr_par' dir='ltr' id='par_1_69' title="bbox 2012 2652 3589 2729">
     <span class='ocr_line' id='line_1_69' title="bbox 2012 2652 3589 2729; baseline -0.005 -10"><span class='ocrx_word' id='word_1_495' title='bbox 2012 2662 2351 2728; x_wconf 81' lang='lat' dir='ltr'><strong>sorduisset,</strong></span> <span class='ocrx_word' id='word_1_496' title='bbox 2410 2662 2465 2717; x_wconf 91' lang='lat' dir='ltr'><strong>in</strong></span> <span class='ocrx_word' id='word_1_497' title='bbox 2502 2652 2726 2717; x_wconf 78' lang='lat' dir='ltr'><strong>Christo</strong></span> <span class='ocrx_word' id='word_1_498' title='bbox 2770 2660 2976 2717; x_wconf 87' lang='lat' dir='ltr'><strong>munda</strong></span> <span class='ocrx_word' id='word_1_499' title='bbox 3018 2660 3162 2715; x_wconf 80' lang='lat' dir='ltr'><strong>facta</strong></span> <span class='ocrx_word' id='word_1_500' title='bbox 3207 2667 3293 2716; x_wconf 91' lang='lat' dir='ltr'><strong>est</strong></span> <span class='ocrx_word' id='word_1_501' title='bbox 3331 2674 3347 2713; x_wconf 89' lang='lat'><strong>:</strong></span> <span class='ocrx_word' id='word_1_502' title='bbox 3382 2658 3589 2729; x_wconf 82' lang='lat' dir='ltr'><strong>quippe</strong></span> 
     </span>
    </p>
   </div>
   <div class='ocr_carea' id='block_1_70' title="bbox 2010 2750 3592 2824">
    <p class='ocr_par' dir='ltr' id='par_1_70' title="bbox 2010 2750 3592 2824">
     <span class='ocr_line' id='line_1_70' title="bbox 2010 2750 3592 2824; baseline -0.003 -17"><span class='ocrx_word' id='word_1_503' title='bbox 2010 2768 2135 2824; x_wconf 68' lang='lat' dir='ltr'><strong>qua:</strong></span> <span class='ocrx_word' id='word_1_504' title='bbox 2179 2752 2306 2808; x_wconf 88' lang='lat' dir='ltr'><strong>data</strong></span> <span class='ocrx_word' id='word_1_505' title='bbox 2361 2750 2467 2806; x_wconf 82' lang='lat' dir='ltr'><strong>fuit</strong></span> <span class='ocrx_word' id='word_1_506' title='bbox 2507 2752 2577 2807; x_wconf 87' lang='lat' dir='ltr'><strong>ad</strong></span> <span class='ocrx_word' id='word_1_507' title='bbox 2615 2751 3122 2820; x_wconf 79' lang='lat' dir='ltr'><strong>mortiﬁcationem,</strong></span> <span class='ocrx_word' id='word_1_508' title='bbox 3165 2758 3225 2806; x_wconf 90' lang='lat' dir='ltr'><strong>ut</strong></span> <span class='ocrx_word' id='word_1_509' title='bbox 3275 2757 3592 2822; x_wconf 86' lang='lat' dir='ltr'><strong>peccatum.</strong></span> 
     </span>
    </p>
   </div>
   <div class='ocr_carea' id='block_1_71' title="bbox 2010 2840 3590 2916">
    <p class='ocr_par' dir='ltr' id='par_1_71' title="bbox 2010 2840 3590 2916">
     <span class='ocr_line' id='line_1_71' title="bbox 2010 2840 3590 2916; baseline -0.001 -20"><span class='ocrx_word' id='word_1_510' title='bbox 2010 2844 2156 2916; x_wconf 88' lang='lat' dir='ltr'><strong>quod</strong></span> <span class='ocrx_word' id='word_1_511' title='bbox 2189 2844 2245 2899; x_wconf 89' lang='lat' dir='ltr'><strong>in</strong></span> <span class='ocrx_word' id='word_1_512' title='bbox 2275 2843 2382 2899; x_wconf 91' lang='lat' dir='ltr'><strong>hac</strong></span> <span class='ocrx_word' id='word_1_513' title='bbox 2414 2840 2528 2898; x_wconf 86' lang='lat' dir='ltr'><strong>vita</strong></span> <span class='ocrx_word' id='word_1_514' title='bbox 2562 2843 2907 2899; x_wconf 88' lang='lat' dir='ltr'><strong>dominatum</strong></span> <span class='ocrx_word' id='word_1_515' title='bbox 2956 2842 3014 2899; x_wconf 91' lang='lat' dir='ltr'><strong>in</strong></span> <span class='ocrx_word' id='word_1_516' title='bbox 3045 2843 3206 2898; x_wconf 89' lang='lat' dir='ltr'><strong>nobis</strong></span> <span class='ocrx_word' id='word_1_517' title='bbox 3253 2841 3449 2907; x_wconf 81' lang='lat' dir='ltr'><strong>fuerat,</strong></span> <span class='ocrx_word' id='word_1_518' title='bbox 3494 2855 3590 2895; x_wconf 89' lang='lat' dir='ltr'><strong>ra-</strong></span> 
     </span>
    </p>
   </div>
   <div class='ocr_carea' id='block_1_72' title="bbox 2009 2933 3589 3007">
    <p class='ocr_par' dir='ltr' id='par_1_72' title="bbox 2009 2933 3589 3007">
     <span class='ocr_line' id='line_1_72' title="bbox 2009 2933 3589 3007; baseline -0.002 -14"><span class='ocrx_word' id='word_1_519' title='bbox 2009 2937 2216 2993; x_wconf 87' lang='lat' dir='ltr'><strong>dicitus</strong></span> <span class='ocrx_word' id='word_1_520' title='bbox 2241 2936 2555 3003; x_wconf 90' lang='lat' dir='ltr'><strong>tolleretur,</strong></span> <span class='ocrx_word' id='word_1_521' title='bbox 2584 2951 2695 3007; x_wconf 90' lang='lat' dir='ltr'><strong>quo</strong></span> <span class='ocrx_word' id='word_1_522' title='bbox 2726 2951 2829 2992; x_wconf 88' lang='lat' dir='ltr'><strong>nos</strong></span> <span class='ocrx_word' id='word_1_523' title='bbox 2860 2942 2928 2992; x_wconf 76' lang='lat' dir='ltr'><strong>ex</strong></span> <span class='ocrx_word' id='word_1_524' title='bbox 2973 2935 3212 2991; x_wconf 90' lang='lat' dir='ltr'><strong>mortuis</strong></span> <span class='ocrx_word' id='word_1_525' title='bbox 3247 2934 3415 2989; x_wconf 77' lang='lat' dir='ltr'><strong>vitam</strong></span> <span class='ocrx_word' id='word_1_526' title='bbox 3447 2933 3589 2990; x_wconf 83' lang='lat' dir='ltr'><strong>alte-</strong></span> 
     </span>
    </p>
   </div>
   <div class='ocr_carea' id='block_1_73' title="bbox 2010 3025 3681 3098">
    <p class='ocr_par' dir='ltr' id='par_1_73' title="bbox 2010 3025 3681 3098">
     <span class='ocr_line' id='line_1_73' title="bbox 2010 3025 3681 3098; baseline 0 -15"><span class='ocrx_word' id='word_1_527' title='bbox 2010 3044 2127 3083; x_wconf 83' lang='lat' dir='ltr'><strong>ram</strong></span> <span class='ocrx_word' id='word_1_528' title='bbox 2166 3035 2397 3095; x_wconf 79' lang='lat' dir='ltr'><strong>agentes</strong></span> <span class='ocrx_word' id='word_1_529' title='bbox 2450 3036 2989 3098; x_wconf 62' lang='lat' dir='ltr'><strong>repraesentaremur</strong></span> <span class='ocrx_word' id='word_1_530' title='bbox 3040 3025 3174 3091; x_wconf 91' lang='lat' dir='ltr'><strong>Deo,</strong></span> <span class='ocrx_word' id='word_1_531' title='bbox 3207 3040 3309 3081; x_wconf 87' lang='lat' dir='ltr'><strong>nec</strong></span> <span class='ocrx_word' id='word_1_532' title='bbox 3339 3039 3588 3081; x_wconf 85' lang='lat' dir='ltr'><strong>essemus</strong></span> <span class='ocrx_word' id='word_1_533' title='bbox 3670 3032 3681 3083; x_wconf 74' lang='grc' dir='ltr'><strong><em>ᾏ</em></strong></span> 
     </span>
    </p>
   </div>
   <div class='ocr_carea' id='block_1_74' title="bbox 2011 3114 3697 3191">
    <p class='ocr_par' dir='ltr' id='par_1_74' title="bbox 2011 3114 3697 3191">
     <span class='ocr_line' id='line_1_74' title="bbox 2011 3114 3697 3191; baseline -0.006 -16"><span class='ocrx_word' id='word_1_534' title='bbox 2011 3121 2274 3191; x_wconf 85' lang='lat' dir='ltr'><strong>deinceps</strong></span> <span class='ocrx_word' id='word_1_535' title='bbox 2318 3119 2622 3174; x_wconf 79' lang='lat' dir='ltr'><strong>anterioris</strong></span> <span class='ocrx_word' id='word_1_536' title='bbox 2659 3118 2788 3174; x_wconf 62' lang='lat' dir='ltr'><strong>vitae</strong></span> <span class='ocrx_word' id='word_1_537' title='bbox 2834 3118 3130 3173; x_wconf 85' lang='lat' dir='ltr'><strong>criminum</strong></span> <span class='ocrx_word' id='word_1_538' title='bbox 3175 3114 3291 3181; x_wconf 90' lang='lat' dir='ltr'><strong>rei;</strong></span> <span class='ocrx_word' id='word_1_539' title='bbox 3320 3124 3589 3186; x_wconf 85' lang='lat' dir='ltr'><strong>quotquot</strong></span> <span class='ocrx_word' id='word_1_540' title='bbox 3694 3162 3697 3165; x_wconf 72' lang='grc'><strong>,</strong></span> 
     </span>
    </p>
   </div>
   <div class='ocr_carea' id='block_1_75' title="bbox 2009 3210 3587 3267">
    <p class='ocr_par' dir='ltr' id='par_1_75' title="bbox 2009 3210 3587 3267">
     <span class='ocr_line' id='line_1_75' title="bbox 2009 3210 3587 3267; baseline -0.003 -1"><span class='ocrx_word' id='word_1_541' title='bbox 2009 3212 2271 3267; x_wconf 88' lang='lat' dir='ltr'><strong>nimirum</strong></span> <span class='ocrx_word' id='word_1_542' title='bbox 2309 3210 2643 3267; x_wconf 79' lang='lat' dir='ltr'><strong>conformati</strong></span> <span class='ocrx_word' id='word_1_543' title='bbox 2676 3225 2875 3267; x_wconf 87' lang='lat' dir='ltr'><strong>sumus</strong></span> <span class='ocrx_word' id='word_1_544' title='bbox 2915 3210 2983 3265; x_wconf 89' lang='lat' dir='ltr'><strong>ad</strong></span> <span class='ocrx_word' id='word_1_545' title='bbox 3019 3216 3255 3265; x_wconf 89' lang='lat' dir='ltr'><strong>mortem</strong></span> <span class='ocrx_word' id='word_1_546' title='bbox 3306 3215 3361 3264; x_wconf 90' lang='lat' dir='ltr'><strong>et</strong></span> <span class='ocrx_word' id='word_1_547' title='bbox 3396 3220 3587 3264; x_wconf 87' lang='lat' dir='ltr'><strong>resur-</strong></span> 
     </span>
    </p>
   </div>
   <div class='ocr_carea' id='block_1_76' title="bbox 2006 3297 3605 3361">
    <p class='ocr_par' dir='ltr' id='par_1_76' title="bbox 2006 3297 3605 3361">
     <span class='ocr_line' id='line_1_76' title="bbox 2006 3297 3605 3361; baseline -0.001 -2"><span class='ocrx_word' id='word_1_548' title='bbox 2006 3306 2310 3360; x_wconf 83' lang='lat' dir='ltr'><strong>rectionem</strong></span> <span class='ocrx_word' id='word_1_549' title='bbox 2338 3303 2569 3361; x_wconf 83' lang='lat' dir='ltr'><strong>Christi.</strong></span> <span class='ocrx_word' id='word_1_550' title='bbox 3600 3297 3605 3302; x_wconf 81' lang='grc'><em>’</em></span> 
     </span>
    </p>
   </div>
   <div class='ocr_carea' id='block_1_77' title="bbox 2075 3393 3585 3469">
    <p class='ocr_par' dir='ltr' id='par_1_77' title="bbox 2075 3393 3585 3469">
     <span class='ocr_line' id='line_1_77' title="bbox 2075 3393 3585 3469; baseline -0.001 -18"><span class='ocrx_word' id='word_1_551' title='bbox 2075 3394 2366 3453; x_wconf 55' lang='lat'><strong>“315.25.</strong></span> <span class='ocrx_word' id='word_1_552' title='bbox 2398 3414 2418 3450; x_wconf 79' lang='grc' dir='ltr'><strong>ι</strong></span> <span class='ocrx_word' id='word_1_553' title='bbox 2457 3396 2513 3452; x_wconf 86' lang='lat' dir='ltr'><strong>Si</strong></span> <span class='ocrx_word' id='word_1_554' title='bbox 2540 3406 2725 3452; x_wconf 86' lang='lat' dir='ltr'><strong>tamen</strong></span> <span class='ocrx_word' id='word_1_555' title='bbox 2758 3394 3097 3469; x_wconf 87' lang='lat' dir='ltr'><strong>permanetis</strong></span> <span class='ocrx_word' id='word_1_556' title='bbox 3127 3394 3184 3450; x_wconf 90' lang='lat' dir='ltr'><strong>in</strong></span> <span class='ocrx_word' id='word_1_557' title='bbox 3218 3393 3321 3450; x_wconf 76' lang='lat' dir='ltr'><strong>(ide</strong></span> <span class='ocrx_word' id='word_1_558' title='bbox 3354 3393 3585 3461; x_wconf 78' lang='lat' dir='ltr'><strong>fundati,</strong></span> 
     </span>
    </p>
   </div>
   <div class='ocr_carea' id='block_1_78' title="bbox 2004 3486 3587 3559">
    <p class='ocr_par' dir='ltr' id='par_1_78' title="bbox 2004 3486 3587 3559">
     <span class='ocr_line' id='line_1_78' title="bbox 2004 3486 3587 3559; baseline -0.003 -12"><span class='ocrx_word' id='word_1_559' title='bbox 2004 3499 2059 3547; x_wconf 90' lang='lat' dir='ltr'><strong>et</strong></span> <span class='ocrx_word' id='word_1_560' title='bbox 2099 3491 2345 3556; x_wconf 80' lang='lat' dir='ltr'><strong>stabiles,</strong></span> <span class='ocrx_word' id='word_1_561' title='bbox 2398 3496 2453 3546; x_wconf 89' lang='lat' dir='ltr'><strong>et</strong></span> <span class='ocrx_word' id='word_1_562' title='bbox 2516 3489 2830 3545; x_wconf 88' lang='lat' dir='ltr'><strong>immobiles</strong></span> <span class='ocrx_word' id='word_1_563' title='bbox 2861 3503 2890 3543; x_wconf 86' lang='lat' dir='ltr'><strong>a</strong></span> <span class='ocrx_word' id='word_1_564' title='bbox 2945 3504 3043 3559; x_wconf 86' lang='lat' dir='ltr'><strong>spe</strong></span> <span class='ocrx_word' id='word_1_565' title='bbox 3099 3486 3406 3559; x_wconf 80' lang='lat' dir='ltr'><strong>Evangelii,</strong></span> <span class='ocrx_word' id='word_1_566' title='bbox 3438 3486 3587 3559; x_wconf 85' lang='lat' dir='ltr'><strong>quod</strong></span> 
     </span>
    </p>
   </div>
   <div class='ocr_carea' id='block_1_79' title="bbox 2004 3582 3583 3655">
    <p class='ocr_par' dir='ltr' id='par_1_79' title="bbox 2004 3582 3583 3655">
     <span class='ocr_line' id='line_1_79' title="bbox 2004 3582 3583 3655; baseline -0.004 -16"><span class='ocrx_word' id='word_1_567' title='bbox 2004 3584 2263 3649; x_wconf 85' lang='lat' dir='ltr'><strong>audistis,</strong></span> <span class='ocrx_word' id='word_1_568' title='bbox 2323 3582 2469 3655; x_wconf 89' lang='lat' dir='ltr'><strong>quod</strong></span> <span class='ocrx_word' id='word_1_569' title='bbox 2519 3582 2881 3653; x_wconf 62' lang='lat' dir='ltr'><strong>praedicatum</strong></span> <span class='ocrx_word' id='word_1_570' title='bbox 2918 3590 3005 3638; x_wconf 82' lang='lat' dir='ltr'><strong>est</strong></span> <span class='ocrx_word' id='word_1_571' title='bbox 3038 3582 3094 3637; x_wconf 91' lang='lat' dir='ltr'><strong>in</strong></span> <span class='ocrx_word' id='word_1_572' title='bbox 3140 3583 3397 3637; x_wconf 80' lang='lat' dir='ltr'><strong>universa</strong></span> <span class='ocrx_word' id='word_1_573' title='bbox 3428 3594 3583 3636; x_wconf 87' lang='lat' dir='ltr'><strong>crea-</strong></span> 
     </span>
    </p>
   </div>
   <div class='ocr_carea' id='block_1_80' title="bbox 2003 3668 3607 3741">
    <p class='ocr_par' dir='ltr' id='par_1_80' title="bbox 2003 3668 3607 3741">
     <span class='ocr_line' id='line_1_80' title="bbox 2003 3668 3607 3741; baseline -0.003 -13"><span class='ocrx_word' id='word_1_574' title='bbox 2003 3680 2149 3737; x_wconf 90' lang='lat' dir='ltr'><strong>tura,</strong></span> <span class='ocrx_word' id='word_1_575' title='bbox 2213 3687 2339 3741; x_wconf 69' lang='lat' dir='ltr'><strong>qua!</strong></span> <span class='ocrx_word' id='word_1_576' title='bbox 2389 3672 2495 3727; x_wconf 88' lang='lat' dir='ltr'><strong>sub</strong></span> <span class='ocrx_word' id='word_1_577' title='bbox 2549 3673 2694 3728; x_wconf 71' lang='lat' dir='ltr'><strong>ccelo</strong></span> <span class='ocrx_word' id='word_1_578' title='bbox 2745 3680 2867 3739; x_wconf 84' lang='lat' dir='ltr'><strong>est;</strong></span> <span class='ocrx_word' id='word_1_579' title='bbox 2926 3669 3085 3741; x_wconf 83' lang='lat' dir='ltr'><strong>cujus</strong></span> <span class='ocrx_word' id='word_1_580' title='bbox 3116 3669 3294 3728; x_wconf 76' lang='lat' dir='ltr'><strong>factus</strong></span> <span class='ocrx_word' id='word_1_581' title='bbox 3336 3685 3457 3726; x_wconf 89' lang='lat' dir='ltr'><strong>sum</strong></span> <span class='ocrx_word' id='word_1_582' title='bbox 3487 3668 3607 3741; x_wconf 81' lang='lat' dir='ltr'><strong>ego</strong></span> 
     </span>
    </p>
   </div>
   <div class='ocr_carea' id='block_1_81' title="bbox 2004 3766 2341 3822">
    <p class='ocr_par' dir='ltr' id='par_1_81' title="bbox 2004 3766 2341 3822">
     <span class='ocr_line' id='line_1_81' title="bbox 2004 3766 2341 3822; baseline -0.015 0"><span class='ocrx_word' id='word_1_583' title='bbox 2004 3766 2281 3822; x_wconf 87' lang='lat' dir='ltr'><strong>minister.</strong></span> <span class='ocrx_word' id='word_1_584' title='bbox 2314 3778 2341 3817; x_wconf 73' lang='grc' dir='ltr'><strong>τ</strong></span> 
     </span>
    </p>
   </div>
   <div class='ocr_carea' id='block_1_82' title="bbox 2076 3856 3587 3930">
    <p class='ocr_par' dir='ltr' id='par_1_82' title="bbox 2076 3856 3587 3930">
     <span class='ocr_line' id='line_1_82' title="bbox 2076 3856 3587 3930; baseline -0.001 -15"><span class='ocrx_word' id='word_1_585' title='bbox 2076 3858 2352 3927; x_wconf 83' lang='lat' dir='ltr'><strong>Quoniam</strong></span> <span class='ocrx_word' id='word_1_586' title='bbox 2386 3857 2580 3914; x_wconf 87' lang='lat' dir='ltr'><strong>auditu</strong></span> <span class='ocrx_word' id='word_1_587' title='bbox 2614 3856 2891 3914; x_wconf 79' lang='lat' dir='ltr'><strong>duntaxat</strong></span> <span class='ocrx_word' id='word_1_588' title='bbox 2946 3866 3235 3929; x_wconf 87' lang='lat' dir='ltr'><strong>acceperat</strong></span> <span class='ocrx_word' id='word_1_589' title='bbox 3274 3873 3397 3930; x_wconf 82' lang='lat' dir='ltr'><strong>quae</strong></span> <span class='ocrx_word' id='word_1_590' title='bbox 3437 3857 3587 3930; x_wconf 83' lang='lat' dir='ltr'><strong>apud</strong></span> 
     </span>
    </p>
   </div>
   <div class='ocr_carea' id='block_1_83' title="bbox 2000 3948 3586 4024">
    <p class='ocr_par' dir='ltr' id='par_1_83' title="bbox 2000 3948 3586 4024">
     <span class='ocr_line' id='line_1_83' title="bbox 2000 3948 3586 4024; baseline -0.003 -15"><span class='ocrx_word' id='word_1_591' title='bbox 2000 3967 2099 4009; x_wconf 89' lang='lat' dir='ltr'><strong>eos</strong></span> <span class='ocrx_word' id='word_1_592' title='bbox 2160 3958 2511 4024; x_wconf 73' lang='lat' dir='ltr'><strong>gererentur,</strong></span> <span class='ocrx_word' id='word_1_593' title='bbox 2560 3951 2719 4020; x_wconf 86' lang='lat' dir='ltr'><strong>quasi</strong></span> <span class='ocrx_word' id='word_1_594' title='bbox 2768 3949 3019 4005; x_wconf 88' lang='lat' dir='ltr'><strong>incertus</strong></span> <span class='ocrx_word' id='word_1_595' title='bbox 3076 3948 3241 4013; x_wconf 76' lang='lat' dir='ltr'><strong>dixit,</strong></span> <span class='ocrx_word' id='word_1_596' title='bbox 3300 3950 3348 4004; x_wconf 74' lang='lat' dir='ltr'><strong>si</strong></span> <span class='ocrx_word' id='word_1_597' title='bbox 3409 3958 3586 4005; x_wconf 77' lang='lat' dir='ltr'><strong>tamen</strong></span> 
     </span>
    </p>
   </div>
   <div class='ocr_carea' id='block_1_84' title="bbox 1998 4040 3588 4116">
    <p class='ocr_par' dir='ltr' id='par_1_84' title="bbox 1998 4040 3588 4116">
     <span class='ocr_line' id='line_1_84' title="bbox 1998 4040 3588 4116; baseline -0.002 -15"><span class='ocrx_word' id='word_1_598' title='bbox 1998 4043 2343 4116; x_wconf 73' lang='lat' dir='ltr'><strong>permanetis.</strong></span> <span class='ocrx_word' id='word_1_599' title='bbox 2387 4042 2656 4099; x_wconf 79' lang='lat' dir='ltr'><strong>Nimirum</strong></span> <span class='ocrx_word' id='word_1_600' title='bbox 2710 4041 2837 4099; x_wconf 80' lang='lat' dir='ltr'><strong>ﬁdei</strong></span> <span class='ocrx_word' id='word_1_601' title='bbox 2893 4042 3204 4097; x_wconf 87' lang='lat' dir='ltr'><strong>constantia</strong></span> <span class='ocrx_word' id='word_1_602' title='bbox 3243 4040 3454 4098; x_wconf 86' lang='lat' dir='ltr'><strong>tlrmius</strong></span> <span class='ocrx_word' id='word_1_603' title='bbox 3483 4057 3588 4099; x_wconf 83' lang='lat' dir='ltr'><strong>nos</strong></span> 
     </span>
    </p>
   </div>
   <div class='ocr_carea' id='block_1_85' title="bbox 2003 4137 2429 4195">
    <p class='ocr_par' dir='ltr' id='par_1_85' title="bbox 2003 4137 2429 4195">
     <span class='ocr_line' id='line_1_85' title="bbox 2003 4137 2429 4195; baseline -0.009 0"><span class='ocrx_word' id='word_1_604' title='bbox 2003 4138 2119 4195; x_wconf 75' lang='lat' dir='ltr'><strong>Deo</strong></span> <span class='ocrx_word' id='word_1_605' title='bbox 2145 4137 2429 4194; x_wconf 63' lang='lat' dir='ltr'><strong>conciliat.</strong></span> 
     </span>
    </p>
   </div>
   <div class='ocr_carea' id='block_1_86' title="bbox 2050 4225 3588 4303">
    <p class='ocr_par' dir='ltr' id='par_1_86' title="bbox 2050 4225 3588 4303">
     <span class='ocr_line' id='line_1_86' title="bbox 2050 4225 3588 4303; baseline 0 -18"><span class='ocrx_word' id='word_1_606' title='bbox 2050 4225 2238 4288; x_wconf 28' lang='lat' dir='ltr'><strong>‘Vsas.</strong></span> <span class='ocrx_word' id='word_1_607' title='bbox 2302 4230 2394 4286; x_wconf 69' lang='lat'><strong>‘24.</strong></span> <span class='ocrx_word' id='word_1_608' title='bbox 2435 4229 2646 4286; x_wconf 70' lang='lat' dir='ltr'><strong>«Nunc</strong></span> <span class='ocrx_word' id='word_1_609' title='bbox 2697 4231 2915 4303; x_wconf 70' lang='lat' dir='ltr'><strong>gaudeo</strong></span> <span class='ocrx_word' id='word_1_610' title='bbox 2975 4230 3031 4286; x_wconf 86' lang='lat' dir='ltr'><strong>in</strong></span> <span class='ocrx_word' id='word_1_611' title='bbox 3089 4228 3445 4302; x_wconf 82' lang='lat' dir='ltr'><strong>passionibus</strong></span> <span class='ocrx_word' id='word_1_612' title='bbox 3486 4242 3588 4301; x_wconf 88' lang='lat' dir='ltr'><strong>pro</strong></span> 
     </span>
    </p>
   </div>
   <div class='ocr_carea' id='block_1_87' title="bbox 2003 4328 2241 4383">
    <p class='ocr_par' dir='ltr' id='par_1_87' title="bbox 2003 4328 2241 4383">
     <span class='ocr_line' id='line_1_87' title="bbox 2003 4328 2241 4383; baseline -0.017 0"><span class='ocrx_word' id='word_1_613' title='bbox 2003 4328 2180 4383; x_wconf 75' lang='lat' dir='ltr'><strong>vobis.</strong></span> <span class='ocrx_word' id='word_1_614' title='bbox 2223 4346 2241 4379; x_wconf 81' lang='grc'><strong>›</strong></span> 
     </span>
    </p>
   </div>
   <div class='ocr_carea' id='block_1_88' title="bbox 2073 4417 3583 4489">
    <p class='ocr_par' dir='ltr' id='par_1_88' title="bbox 2073 4417 3583 4489">
     <span class='ocr_line' id='line_1_88' title="bbox 2073 4417 3583 4489; baseline -0.002 -15"><span class='ocrx_word' id='word_1_615' title='bbox 2073 4419 2325 4489; x_wconf 84' lang='lat' dir='ltr'><strong>Apostoli</strong></span> <span class='ocrx_word' id='word_1_616' title='bbox 2361 4434 2564 4475; x_wconf 83' lang='lat' dir='ltr'><strong>munus</strong></span> <span class='ocrx_word' id='word_1_617' title='bbox 2592 4418 2658 4473; x_wconf 85' lang='lat' dir='ltr'><strong>ad</strong></span> <span class='ocrx_word' id='word_1_618' title='bbox 2689 4417 2996 4474; x_wconf 83' lang='lat' dir='ltr'><strong>certamina</strong></span> <span class='ocrx_word' id='word_1_619' title='bbox 3030 4426 3407 4489; x_wconf 75' lang='lat' dir='ltr'><strong>comparatum</strong></span> <span class='ocrx_word' id='word_1_620' title='bbox 3439 4424 3583 4471; x_wconf 85' lang='lat' dir='ltr'><strong>erat.</strong></span> 
     </span>
    </p>
   </div>
   <div class='ocr_carea' id='block_1_89' title="bbox 302 4486 1904 4583">
    <p class='ocr_par' dir='ltr' id='par_1_89' title="bbox 302 4486 1894 4583">
     <span class='ocr_line' id='line_1_89' title="bbox 302 4486 1894 4583; baseline 0.016 -44"><span class='ocrx_word' id='word_1_621' title='bbox 302 4488 436 4583; x_wconf 72' lang='grc' dir='ltr'>περὶ</span> <span class='ocrx_word' id='word_1_622' title='bbox 574 4487 737 4559; x_wconf 80' lang='grc' dir='ltr'>ἔργον</span> <span class='ocrx_word' id='word_1_623' title='bbox 774 4492 892 4583; x_wconf 63' lang='grc' dir='ltr'>ἐστὶ</span> <span class='ocrx_word' id='word_1_624' title='bbox 935 4494 1216 4567; x_wconf 79' lang='grc' dir='ltr'>πρόθυμος</span> <span class='ocrx_word' id='word_1_625' title='bbox 1242 4536 1257 4563; x_wconf 94' lang='grc'><strong>,</strong></span> <span class='ocrx_word' id='word_1_626' title='bbox 1289 4500 1472 4573; x_wconf 84' lang='grc' dir='ltr'>χαίρει</span> <span class='ocrx_word' id='word_1_627' title='bbox 1522 4505 1618 4559; x_wconf 76' lang='grc' dir='ltr'>καὶ</span> <span class='ocrx_word' id='word_1_628' title='bbox 1666 4507 1730 4560; x_wconf 85' lang='grc' dir='ltr'><strong>ἐν</strong></span> <span class='ocrx_word' id='word_1_629' title='bbox 1778 4486 1894 4577; x_wconf 78' lang='grc' dir='ltr'>τοῖς</span> 
     </span>
    </p>
   </div>
   <div class='ocr_carea' id='block_1_90' title="bbox 2009 4486 3587 4583">
    <p class='ocr_par' dir='ltr' id='par_1_90' title="bbox 2009 4509 3587 4583">
     <span class='ocr_line' id='line_1_90' title="bbox 2009 4509 3587 4583; baseline 0 -18"><span class='ocrx_word' id='word_1_630' title='bbox 2009 4512 2272 4579; x_wconf 76' lang='lat' dir='ltr'><strong>Quocirca</strong></span> <span class='ocrx_word' id='word_1_631' title='bbox 2303 4528 2429 4568; x_wconf 90' lang='lat' dir='ltr'><strong>cum</strong></span> <span class='ocrx_word' id='word_1_632' title='bbox 2469 4512 2643 4568; x_wconf 84' lang='lat' dir='ltr'><strong>alacri</strong></span> <span class='ocrx_word' id='word_1_633' title='bbox 2678 4512 2867 4567; x_wconf 89' lang='lat' dir='ltr'><strong>animo</strong></span> <span class='ocrx_word' id='word_1_634' title='bbox 2902 4511 3186 4567; x_wconf 88' lang='lat' dir='ltr'><strong>incumbat</strong></span> <span class='ocrx_word' id='word_1_635' title='bbox 3224 4511 3415 4583; x_wconf 69' lang='lat' dir='ltr'><strong>operi;</strong></span> <span class='ocrx_word' id='word_1_636' title='bbox 3462 4509 3587 4565; x_wconf 86' lang='lat' dir='ltr'><strong>ideo</strong></span> 
     </span>
    </p>
   </div>
   <div class='ocr_carea' id='block_1_91' title="bbox 302 4578 1891 4727">
    <p class='ocr_par' dir='ltr' id='par_1_91' title="bbox 302 4578 1891 4727">
     <span class='ocr_line' id='line_1_91' title="bbox 302 4578 1891 4727; baseline 0.008 -94"><span class='ocrx_word' id='word_1_637' title='bbox 302 4578 691 4727; x_wconf 58' lang='grc' dir='ltr'>ἀγωνίσμασιν</span> <span class='ocrx_word' id='word_1_638' title='bbox 744 4579 827 4650; x_wconf 76' lang='grc' dir='ltr'><strong>οἷς</strong></span> <span class='ocrx_word' id='word_1_639' title='bbox 882 4585 1218 4657; x_wconf 80' lang='grc' dir='ltr'>ἀγωνίζεται</span> <span class='ocrx_word' id='word_1_640' title='bbox 1273 4591 1417 4668; x_wconf 78' lang='grc' dir='ltr'>ὑπὲρ</span> <span class='ocrx_word' id='word_1_641' title='bbox 1474 4594 1576 4666; x_wconf 83' lang='grc' dir='ltr'>τῆς</span> <span class='ocrx_word' id='word_1_642' title='bbox 1652 4599 1891 4674; x_wconf 82' lang='grc' dir='ltr'>Ἐκκλη-</span> 
     </span>
     <span class='ocr_line' id='line_1_92' title="bbox 307 4690 517 4727; baseline 0 0"><span class='ocrx_word' id='word_1_643' title='bbox 307 4690 340 4727; x_wconf 93' lang='grc' dir='ltr'><strong>σ</strong></span> <span class='ocrx_word' id='word_1_644' title='bbox 366 4691 453 4727; x_wconf 76' lang='grc' dir='ltr'><strong>ας.</strong></span> <span class='ocrx_word' id='word_1_645' title='bbox 496 4693 517 4727; x_wconf 73' lang='grc' dir='ltr'><strong>ι</strong></span> 
     </span>
    </p>
   </div>
   <div class='ocr_carea' id='block_1_92' title="bbox 307 4690 517 4739">
    <p class='ocr_par' dir='ltr' id='par_1_92' title="bbox 307 4690 517 4739">
     <span class='ocr_line' id='line_1_93' title="bbox 307 4690 517 4739; baseline 0 -12"><span class='ocrx_word' id='word_1_646' title='bbox 307 4690 453 4739; x_wconf 89' lang='grc' dir='ltr'>σιας.</span> <span class='ocrx_word' id='word_1_647' title='bbox 496 4693 517 4727; x_wconf 73' lang='grc' dir='ltr'><strong>ι</strong></span> 
     </span>
    </p>
   </div>
   <div class='ocr_carea' id='block_1_93' title="bbox 380 4767 1889 4858">
    <p class='ocr_par' dir='ltr' id='par_1_93' title="bbox 380 4767 1889 4858">
     <span class='ocr_line' id='line_1_94' title="bbox 380 4767 1889 4858; baseline 0.016 -39"><span class='ocrx_word' id='word_1_648' title='bbox 380 4786 400 4819; x_wconf 75' lang='grc' dir='ltr'><strong>ι</strong></span> <span class='ocrx_word' id='word_1_649' title='bbox 459 4767 571 4823; x_wconf 60' lang='lat' dir='ltr'><strong>Kal</strong></span> <span class='ocrx_word' id='word_1_650' title='bbox 609 4769 1010 4855; x_wconf 81' lang='grc' dir='ltr'>ἀνταναπληρῶ</span> <span class='ocrx_word' id='word_1_651' title='bbox 1036 4774 1107 4830; x_wconf 82' lang='grc' dir='ltr'><strong>τά</strong></span> <span class='ocrx_word' id='word_1_652' title='bbox 1129 4776 1486 4853; x_wconf 83' lang='grc' dir='ltr'>ὑστερήματα</span> <span class='ocrx_word' id='word_1_653' title='bbox 1521 4776 1633 4837; x_wconf 75' lang='grc' dir='ltr'><strong>τῶν</strong></span> <span class='ocrx_word' id='word_1_654' title='bbox 1655 4783 1889 4858; x_wconf 75' lang='grc' dir='ltr'>θλίψεων</span> 
     </span>
    </p>
   </div>
   <div class='ocr_carea' id='block_1_94' title="bbox 299 4858 1889 4949">
    <p class='ocr_par' dir='ltr' id='par_1_94' title="bbox 299 4858 1889 4949">
     <span class='ocr_line' id='line_1_95' title="bbox 299 4858 1889 4949; baseline 0.015 -36"><span class='ocrx_word' id='word_1_655' title='bbox 299 4858 396 4914; x_wconf 88' lang='grc' dir='ltr'><strong>τοῦ</strong></span> <span class='ocrx_word' id='word_1_656' title='bbox 428 4861 671 4934; x_wconf 87' lang='grc' dir='ltr'>Χριστοῦ</span> <span class='ocrx_word' id='word_1_657' title='bbox 701 4864 760 4917; x_wconf 85' lang='grc' dir='ltr'><strong>ἐν</strong></span> <span class='ocrx_word' id='word_1_658' title='bbox 783 4867 849 4937; x_wconf 82' lang='grc' dir='ltr'>τῇ</span> <span class='ocrx_word' id='word_1_659' title='bbox 873 4868 1039 4939; x_wconf 86' lang='grc' dir='ltr'>σαρκί</span> <span class='ocrx_word' id='word_1_660' title='bbox 1071 4886 1174 4939; x_wconf 87' lang='grc' dir='ltr'><strong>μου</strong></span> <span class='ocrx_word' id='word_1_661' title='bbox 1206 4871 1347 4944; x_wconf 80' lang='grc' dir='ltr'>ὑπὲρ</span> <span class='ocrx_word' id='word_1_662' title='bbox 1373 4872 1469 4930; x_wconf 82' lang='grc' dir='ltr'><strong>τοῦ</strong></span> <span class='ocrx_word' id='word_1_663' title='bbox 1509 4876 1762 4949; x_wconf 87' lang='grc' dir='ltr'>σώματος</span> <span class='ocrx_word' id='word_1_664' title='bbox 1787 4882 1889 4936; x_wconf 79' lang='grc' dir='ltr'><strong>αὺ-</strong></span> 
     </span>
    </p>
   </div>
   <div class='ocr_carea' id='block_1_95' title="bbox 299 4952 1890 5041">
    <p class='ocr_par' dir='ltr' id='par_1_95' title="bbox 299 4952 1890 5041">
     <span class='ocr_line' id='line_1_96' title="bbox 299 4952 1890 5041; baseline 0.014 -34"><span class='ocrx_word' id='word_1_665' title='bbox 299 4952 396 5007; x_wconf 84' lang='grc' dir='ltr'><strong>τοῦ</strong></span> <span class='ocrx_word' id='word_1_666' title='bbox 419 4996 434 5020; x_wconf 96' lang='grc'><strong>,</strong></span> <span class='ocrx_word' id='word_1_667' title='bbox 462 4954 491 5010; x_wconf 75' lang='grc' dir='ltr'><strong>ὃ</strong></span> <span class='ocrx_word' id='word_1_668' title='bbox 516 4956 668 5011; x_wconf 84' lang='grc' dir='ltr'>ἐστιν</span> <span class='ocrx_word' id='word_1_669' title='bbox 705 4958 739 5030; x_wconf 81' lang='grc' dir='ltr'><strong>ἠ</strong></span> <span class='ocrx_word' id='word_1_670' title='bbox 779 4958 1076 5033; x_wconf 83' lang='grc' dir='ltr'>Ἐκκλησία</span> <span class='ocrx_word' id='word_1_671' title='bbox 1096 4980 1111 4994; x_wconf 78' lang='grc' dir='ltr'><strong>ο</strong></span> <span class='ocrx_word' id='word_1_672' title='bbox 1138 4957 1207 5035; x_wconf 83' lang='grc' dir='ltr'>ἦς</span> <span class='ocrx_word' id='word_1_673' title='bbox 1252 4966 1521 5041; x_wconf 76' lang='grc' dir='ltr'>ἐγενόμην</span> <span class='ocrx_word' id='word_1_674' title='bbox 1549 4971 1661 5039; x_wconf 86' lang='grc' dir='ltr'>ἐγὼ</span> <span class='ocrx_word' id='word_1_675' title='bbox 1705 4974 1890 5029; x_wconf 83' lang='grc' dir='ltr'>διάκο-</span> 
     </span>
    </p>
   </div>
   <div class='ocr_carea' id='block_1_96' title="bbox 299 5047 1893 5212">
    <p class='ocr_par' dir='ltr' id='par_1_96' title="bbox 299 5047 1893 5212">
     <span class='ocr_line' id='line_1_97' title="bbox 299 5047 1893 5194; baseline 0.014 -95"><span class='ocrx_word' id='word_1_676' title='bbox 299 5062 391 5194; x_wconf 52' lang='grc' dir='ltr'>ζιος</span> <span class='ocrx_word' id='word_1_677' title='bbox 415 5047 565 5194; x_wconf 61' lang='grc' dir='ltr'><strong>ἔατά</strong></span> <span class='ocrx_word' id='word_1_678' title='bbox 587 5048 689 5121; x_wconf 84' lang='grc' dir='ltr'>τὴν</span> <span class='ocrx_word' id='word_1_679' title='bbox 713 5051 1030 5124; x_wconf 74' lang='grc' dir='ltr'>οἰκονομίαν</span> <span class='ocrx_word' id='word_1_680' title='bbox 1061 5055 1157 5111; x_wconf 88' lang='grc' dir='ltr'><strong>τοῦ</strong></span> <span class='ocrx_word' id='word_1_681' title='bbox 1195 5056 1355 5127; x_wconf 86' lang='grc' dir='ltr'>Θεοῦ,</span> <span class='ocrx_word' id='word_1_682' title='bbox 1386 5060 1487 5132; x_wconf 76' lang='grc' dir='ltr'>τὴν</span> <span class='ocrx_word' id='word_1_683' title='bbox 1515 5060 1766 5121; x_wconf 76' lang='grc' dir='ltr'>δοθεῖσάν</span> <span class='ocrx_word' id='word_1_684' title='bbox 1797 5084 1893 5136; x_wconf 90' lang='grc' dir='ltr'><strong>μοι</strong></span> 
     </span>
     <span class='ocr_line' id='line_1_98' title="bbox 355 5142 620 5212; baseline 0 -9"><span class='ocrx_word' id='word_1_685' title='bbox 355 5155 386 5203; x_wconf 79' lang='grc' dir='ltr'>ς</span> <span class='ocrx_word' id='word_1_686' title='bbox 456 5142 620 5212; x_wconf 61' lang='grc' dir='ltr'>ματη</span> 
     </span>
    </p>
   </div>
   <div class='ocr_carea' id='block_1_97' title="bbox 537 5178 586 5205">
    <p class='ocr_par' dir='ltr' id='par_1_97' title="bbox 537 5178 586 5205">
     <span class='ocr_line' id='line_1_99' title="bbox 537 5178 586 5205; baseline 0 -5"><span class='ocrx_word' id='word_1_687' title='bbox 537 5178 586 5205; x_wconf 53' lang='grc' dir='ltr'><strong>δ’</strong></span> 
     </span>
    </p>
   </div>
   <div class='ocr_carea' id='block_1_98' title="bbox 373 5233 1892 5329">
    <p class='ocr_par' dir='ltr' id='par_1_98' title="bbox 373 5233 1892 5329">
     <span class='ocr_line' id='line_1_100' title="bbox 373 5233 1892 5329; baseline 0.017 -43"><span class='ocrx_word' id='word_1_688' title='bbox 373 5233 636 5329; x_wconf 69' lang='grc' dir='ltr'>τουτέστι</span> <span class='ocrx_word' id='word_1_689' title='bbox 684 5240 787 5314; x_wconf 76' lang='grc' dir='ltr'>τῆς</span> <span class='ocrx_word' id='word_1_690' title='bbox 836 5241 1167 5317; x_wconf 84' lang='grc' dir='ltr'>Ἐκκλησίας</span> <span class='ocrx_word' id='word_1_691' title='bbox 1194 5260 1208 5277; x_wconf 92' lang='grc'><strong>·</strong></span> <span class='ocrx_word' id='word_1_692' title='bbox 1265 5246 1404 5303; x_wconf 74' lang='grc' dir='ltr'>καθὸ</span> <span class='ocrx_word' id='word_1_693' title='bbox 1444 5248 1463 5289; x_wconf 77' lang='lat'>1</span> <span class='ocrx_word' id='word_1_694' title='bbox 1505 5251 1613 5326; x_wconf 76' lang='grc' dir='ltr'><strong>γὰρ</strong></span> <span class='ocrx_word' id='word_1_695' title='bbox 1658 5252 1824 5310; x_wconf 83' lang='grc' dir='ltr'>αὐτοῦ</span> 
     </span>
    </p>
   </div>
   <div class='ocr_carea' id='block_1_99' title="bbox 315 5322 639 5399">
    <p class='ocr_par' dir='ltr' id='par_1_99' title="bbox 315 5322 639 5399">
     <span class='ocr_line' id='line_1_101' title="bbox 315 5322 639 5399; baseline 0.019 -20"><span class='ocrx_word' id='word_1_696' title='bbox 315 5322 639 5399; x_wconf 82' lang='grc' dir='ltr'>Ἐκκλησία.</span> 
     </span>
    </p>
   </div>
   <div class='ocr_carea' id='block_1_100' title="bbox 311 5399 1883 5513">
    <p class='ocr_par' dir='ltr' id='par_1_100' title="bbox 311 5399 1883 5513">
     <span class='ocr_line' id='line_1_102' title="bbox 311 5399 1883 5513; baseline 0.013 -40"><span class='ocrx_word' id='word_1_697' title='bbox 311 5506 316 5513; x_wconf 19' lang='grc' dir='ltr'><em>Α</em></span> <span class='ocrx_word' id='word_1_698' title='bbox 358 5400 673 5493; x_wconf 58' lang='grc' dir='ltr'>’Πληρῶσαι</span> <span class='ocrx_word' id='word_1_699' title='bbox 717 5424 811 5480; x_wconf 73' lang='grc' dir='ltr'>τὸν</span> <span class='ocrx_word' id='word_1_700' title='bbox 847 5425 1008 5499; x_wconf 85' lang='grc' dir='ltr'>λόγον</span> <span class='ocrx_word' id='word_1_701' title='bbox 1042 5429 1135 5486; x_wconf 89' lang='grc' dir='ltr'><strong>τοῦ</strong></span> <span class='ocrx_word' id='word_1_702' title='bbox 1164 5430 1299 5488; x_wconf 83' lang='grc' dir='ltr'>Θεοῦ</span> <span class='ocrx_word' id='word_1_703' title='bbox 1324 5473 1341 5501; x_wconf 95' lang='grc'><strong>,</strong></span> <span class='ocrx_word' id='word_1_704' title='bbox 1384 5399 1777 5510; x_wconf 70' lang='grc' dir='ltr'>τδμυστήριον</span> <span class='ocrx_word' id='word_1_705' title='bbox 1824 5441 1883 5494; x_wconf 73' lang='grc' dir='ltr'><strong>τὸ</strong></span> 
     </span>
    </p>
   </div>
   <div class='ocr_carea' id='block_1_101' title="bbox 365 5586 821 5670">
    <p class='ocr_par' dir='ltr' id='par_1_101' title="bbox 365 5586 821 5670">
     <span class='ocr_line' id='line_1_103' title="bbox 365 5586 821 5670; baseline 0.002 -11"><span class='ocrx_word' id='word_1_706' title='bbox 365 5586 585 5660; x_wconf 78' lang='lat' dir='ltr'><strong>&quot;Luc.</strong></span> <span class='ocrx_word' id='word_1_707' title='bbox 626 5619 691 5670; x_wconf 80' lang='grc' dir='ltr'><strong>ιι,</strong></span> <span class='ocrx_word' id='word_1_708' title='bbox 734 5605 821 5661; x_wconf 71' lang='grc'><strong>14.</strong></span> 
     </span>
    </p>
   </div>
   <div class='ocr_carea' id='block_1_102' title="bbox 2001 4601 3587 4674">
    <p class='ocr_par' dir='ltr' id='par_1_102' title="bbox 2001 4601 3587 4674">
     <span class='ocr_line' id='line_1_104' title="bbox 2001 4601 3587 4674; baseline -0.001 -17"><span class='ocrx_word' id='word_1_709' title='bbox 2001 4603 2057 4657; x_wconf 89' lang='lat' dir='ltr'><strong>in</strong></span> <span class='ocrx_word' id='word_1_710' title='bbox 2088 4602 2486 4661; x_wconf 89' lang='lat' dir='ltr'><strong>certaminibus</strong></span> <span class='ocrx_word' id='word_1_711' title='bbox 2514 4605 2752 4669; x_wconf 68' lang='lat' dir='ltr'><strong>laatatur,</strong></span> <span class='ocrx_word' id='word_1_712' title='bbox 2800 4602 3005 4674; x_wconf 85' lang='lat' dir='ltr'><strong>quibus</strong></span> <span class='ocrx_word' id='word_1_713' title='bbox 3043 4616 3145 4673; x_wconf 83' lang='lat' dir='ltr'><strong>pro</strong></span> <span class='ocrx_word' id='word_1_714' title='bbox 3192 4602 3436 4658; x_wconf 87' lang='lat' dir='ltr'><strong>Ecclesia</strong></span> <span class='ocrx_word' id='word_1_715' title='bbox 3489 4601 3587 4657; x_wconf 65' lang='lat' dir='ltr'><strong>deo</strong></span> 
     </span>
    </p>
   </div>
   <div class='ocr_carea' id='block_1_103' title="bbox 2002 4696 2259 4753">
    <p class='ocr_par' dir='ltr' id='par_1_103' title="bbox 2002 4696 2259 4753">
     <span class='ocr_line' id='line_1_105' title="bbox 2002 4696 2259 4753; baseline -0.008 0"><span class='ocrx_word' id='word_1_716' title='bbox 2002 4696 2259 4753; x_wconf 83' lang='lat' dir='ltr'><strong>sudabat.</strong></span> 
     </span>
    </p>
   </div>
   <div class='ocr_carea' id='block_1_104' title="bbox 2078 4788 3583 4863">
    <p class='ocr_par' dir='ltr' id='par_1_104' title="bbox 2078 4788 3583 4863">
     <span class='ocr_line' id='line_1_106' title="bbox 2078 4788 3583 4863; baseline 0.003 -24"><span class='ocrx_word' id='word_1_717' title='bbox 2078 4806 2097 4839; x_wconf 75' lang='grc' dir='ltr'><strong>ι</strong></span> <span class='ocrx_word' id='word_1_718' title='bbox 2136 4788 2203 4845; x_wconf 83' lang='grc' dir='ltr'>Ει</span> <span class='ocrx_word' id='word_1_719' title='bbox 2247 4789 2523 4861; x_wconf 86' lang='lat' dir='ltr'><strong>adimpleo</strong></span> <span class='ocrx_word' id='word_1_720' title='bbox 2577 4804 2699 4862; x_wconf 60' lang='lat' dir='ltr'><strong>qua}</strong></span> <span class='ocrx_word' id='word_1_721' title='bbox 2730 4791 2951 4856; x_wconf 79' lang='lat' dir='ltr'><strong>desunt</strong></span> <span class='ocrx_word' id='word_1_722' title='bbox 2990 4792 3312 4863; x_wconf 85' lang='lat' dir='ltr'><strong>passionum</strong></span> <span class='ocrx_word' id='word_1_723' title='bbox 3355 4790 3583 4857; x_wconf 78' lang='lat' dir='ltr'><strong>Christi,</strong></span> 
     </span>
    </p>
   </div>
   <div class='ocr_carea' id='block_1_105' title="bbox 2000 4883 3585 4958">
    <p class='ocr_par' dir='ltr' id='par_1_105' title="bbox 2000 4883 3585 4958">
     <span class='ocr_line' id='line_1_107' title="bbox 2000 4883 3585 4958; baseline 0.001 -20"><span class='ocrx_word' id='word_1_724' title='bbox 2000 4883 2053 4939; x_wconf 92' lang='lat' dir='ltr'><strong>in</strong></span> <span class='ocrx_word' id='word_1_725' title='bbox 2090 4898 2263 4941; x_wconf 90' lang='lat' dir='ltr'><strong>carne</strong></span> <span class='ocrx_word' id='word_1_726' title='bbox 2299 4901 2441 4950; x_wconf 88' lang='lat' dir='ltr'><strong>mea,</strong></span> <span class='ocrx_word' id='word_1_727' title='bbox 2477 4901 2579 4955; x_wconf 88' lang='lat' dir='ltr'><strong>pro</strong></span> <span class='ocrx_word' id='word_1_728' title='bbox 2619 4901 2855 4957; x_wconf 84' lang='lat' dir='ltr'><strong>corpore</strong></span> <span class='ocrx_word' id='word_1_729' title='bbox 2889 4886 3035 4957; x_wconf 83' lang='lat' dir='ltr'><strong>ejus,</strong></span> <span class='ocrx_word' id='word_1_730' title='bbox 3084 4888 3231 4958; x_wconf 83' lang='lat' dir='ltr'><strong>quod</strong></span> <span class='ocrx_word' id='word_1_731' title='bbox 3282 4897 3365 4943; x_wconf 81' lang='lat' dir='ltr'><strong>est</strong></span> <span class='ocrx_word' id='word_1_732' title='bbox 3396 4885 3585 4941; x_wconf 84' lang='lat' dir='ltr'><strong>Eccle-</strong></span> 
     </span>
    </p>
   </div>
   <div class='ocr_carea' id='block_1_106' title="bbox 1999 4976 3589 5052">
    <p class='ocr_par' dir='ltr' id='par_1_106' title="bbox 1999 4976 3589 5052">
     <span class='ocr_line' id='line_1_108' title="bbox 1999 4976 3589 5052; baseline -0.001 -19"><span class='ocrx_word' id='word_1_733' title='bbox 1999 4977 2103 5043; x_wconf 91' lang='lat' dir='ltr'><strong>sia,</strong></span> <span class='ocrx_word' id='word_1_734' title='bbox 2159 4976 2353 5050; x_wconf 56' lang='lat' dir='ltr'><strong>[Vsus</strong></span> <span class='ocrx_word' id='word_1_735' title='bbox 2400 4978 2502 5052; x_wconf 76' lang='grc'><strong>25]</strong></span> <span class='ocrx_word' id='word_1_736' title='bbox 2571 4980 2732 5051; x_wconf 83' lang='lat' dir='ltr'><strong>cujus</strong></span> <span class='ocrx_word' id='word_1_737' title='bbox 2788 4980 2970 5035; x_wconf 79' lang='lat' dir='ltr'><strong>factus</strong></span> <span class='ocrx_word' id='word_1_738' title='bbox 3005 4994 3129 5036; x_wconf 89' lang='lat' dir='ltr'><strong>sum</strong></span> <span class='ocrx_word' id='word_1_739' title='bbox 3180 4994 3282 5050; x_wconf 80' lang='lat' dir='ltr'><strong>ego</strong></span> <span class='ocrx_word' id='word_1_740' title='bbox 3330 4980 3589 5033; x_wconf 86' lang='lat' dir='ltr'><strong>minister</strong></span> 
     </span>
    </p>
   </div>
   <div class='ocr_carea' id='block_1_107' title="bbox 1996 5069 3582 5144">
    <p class='ocr_par' dir='ltr' id='par_1_107' title="bbox 1996 5069 3582 5144">
     <span class='ocr_line' id='line_1_109' title="bbox 1996 5069 3582 5144; baseline -0.003 -16"><span class='ocrx_word' id='word_1_741' title='bbox 1996 5072 2303 5128; x_wconf 91' lang='lat' dir='ltr'><strong>secundum</strong></span> <span class='ocrx_word' id='word_1_742' title='bbox 2329 5071 2806 5144; x_wconf 86' lang='lat' dir='ltr'><strong>dispensationem</strong></span> <span class='ocrx_word' id='word_1_743' title='bbox 2853 5070 2977 5141; x_wconf 89' lang='lat' dir='ltr'><strong>Dei,</strong></span> <span class='ocrx_word' id='word_1_744' title='bbox 3011 5086 3134 5143; x_wconf 83' lang='lat' dir='ltr'><strong>quae</strong></span> <span class='ocrx_word' id='word_1_745' title='bbox 3166 5069 3294 5126; x_wconf 87' lang='lat' dir='ltr'><strong>data</strong></span> <span class='ocrx_word' id='word_1_746' title='bbox 3334 5078 3419 5131; x_wconf 89' lang='lat' dir='ltr'><strong>est</strong></span> <span class='ocrx_word' id='word_1_747' title='bbox 3445 5069 3582 5124; x_wconf 68' lang='lat' dir='ltr'><strong>mihi</strong></span> 
     </span>
    </p>
   </div>
   <div class='ocr_carea' id='block_1_108' title="bbox 1994 5164 2251 5221">
    <p class='ocr_par' dir='ltr' id='par_1_108' title="bbox 1994 5164 2251 5221">
     <span class='ocr_line' id='line_1_110' title="bbox 1994 5164 2251 5221; baseline -0.004 -3"><span class='ocrx_word' id='word_1_748' title='bbox 1994 5164 2048 5218; x_wconf 90' lang='lat' dir='ltr'><strong>in</strong></span> <span class='ocrx_word' id='word_1_749' title='bbox 2080 5179 2197 5221; x_wconf 84' lang='lat' dir='ltr'><strong>vos.</strong></span> <span class='ocrx_word' id='word_1_750' title='bbox 2234 5183 2251 5217; x_wconf 74' lang='grc' dir='ltr'><strong>ι</strong></span> 
     </span>
    </p>
   </div>
   <div class='ocr_carea' id='block_1_109' title="bbox 2067 5254 3580 5330">
    <p class='ocr_par' dir='ltr' id='par_1_109' title="bbox 2067 5254 3580 5330">
     <span class='ocr_line' id='line_1_111' title="bbox 2067 5254 3580 5330; baseline -0.001 -19"><span class='ocrx_word' id='word_1_751' title='bbox 2067 5256 2188 5313; x_wconf 85' lang='lat' dir='ltr'><strong>Hoc</strong></span> <span class='ocrx_word' id='word_1_752' title='bbox 2232 5266 2318 5315; x_wconf 90' lang='lat' dir='ltr'><strong>est</strong></span> <span class='ocrx_word' id='word_1_753' title='bbox 2370 5272 2482 5330; x_wconf 87' lang='lat' dir='ltr'><strong>pro</strong></span> <span class='ocrx_word' id='word_1_754' title='bbox 2512 5257 2805 5328; x_wconf 81' lang='lat' dir='ltr'><strong>Ecclesia;</strong></span> <span class='ocrx_word' id='word_1_755' title='bbox 2874 5270 3081 5329; x_wconf 79' lang='lat' dir='ltr'><strong>corpus</strong></span> <span class='ocrx_word' id='word_1_756' title='bbox 3118 5256 3268 5313; x_wconf 89' lang='lat' dir='ltr'><strong>enim</strong></span> <span class='ocrx_word' id='word_1_757' title='bbox 3323 5254 3445 5327; x_wconf 84' lang='lat' dir='ltr'><strong>ejus</strong></span> <span class='ocrx_word' id='word_1_758' title='bbox 3493 5260 3580 5311; x_wconf 76' lang='lat' dir='ltr'><strong>est</strong></span> 
     </span>
    </p>
   </div>
   <div class='ocr_carea' id='block_1_110' title="bbox 1995 5346 2267 5405">
    <p class='ocr_par' dir='ltr' id='par_1_110' title="bbox 1995 5346 2267 5405">
     <span class='ocr_line' id='line_1_112' title="bbox 1995 5346 2267 5405; baseline 0.011 -3"><span class='ocrx_word' id='word_1_759' title='bbox 1995 5346 2267 5405; x_wconf 84' lang='lat' dir='ltr'><strong>Ecclesia.</strong></span> 
     </span>
    </p>
   </div>
   <div class='ocr_carea' id='block_1_111' title="bbox 2078 5436 3583 5519">
    <p class='ocr_par' dir='ltr' id='par_1_111' title="bbox 2078 5436 3583 5519">
     <span class='ocr_line' id='line_1_113' title="bbox 2078 5436 3583 5519; baseline 0.016 -26"><span class='ocrx_word' id='word_1_760' title='bbox 2078 5460 2094 5493; x_wconf 74' lang='grc' dir='ltr'><strong>τ</strong></span> <span class='ocrx_word' id='word_1_761' title='bbox 2133 5441 2202 5499; x_wconf 88' lang='lat' dir='ltr'><strong>Ut</strong></span> <span class='ocrx_word' id='word_1_762' title='bbox 2248 5441 2503 5514; x_wconf 83' lang='lat' dir='ltr'><strong>impleam</strong></span> <span class='ocrx_word' id='word_1_763' title='bbox 2549 5443 2779 5502; x_wconf 74' lang='lat' dir='ltr'><strong>verbum</strong></span> <span class='ocrx_word' id='word_1_764' title='bbox 2839 5442 2959 5514; x_wconf 87' lang='lat' dir='ltr'><strong>Dei,</strong></span> <span class='ocrx_word' id='word_1_765' title='bbox 2988 5440 3181 5519; x_wconf 64' lang='grc' dir='ltr'>[νεεδ.</span> <span class='ocrx_word' id='word_1_766' title='bbox 3228 5436 3583 5515; x_wconf 50' lang='lat'><strong>263911&quot;?</strong></span> 
     </span>
    </p>
   </div>
   <div class='ocr_carea' id='block_1_112' title="bbox 1572 5705 2266 5767">
    <p class='ocr_par' dir='ltr' id='par_1_112' title="bbox 1572 5705 2266 5767">
     <span class='ocr_line' id='line_1_114' title="bbox 1572 5705 2266 5767; baseline 0.009 -6"><span class='ocrx_word' id='word_1_767' title='bbox 1572 5705 1813 5763; x_wconf 69' lang='lat' dir='ltr'><strong>VARI/IS</strong></span> <span class='ocrx_word' id='word_1_768' title='bbox 1855 5706 2266 5767; x_wconf 68' lang='lat' dir='ltr'><strong>LECTlO-NES.</strong></span> 
     </span>
    </p>
   </div>
   <div class='ocr_carea' id='block_1_113' title="bbox 418 5783 1904 5880">
    <p class='ocr_par' dir='ltr' id='par_1_113' title="bbox 418 5783 1904 5874">
     <span class='ocr_line' id='line_1_115' title="bbox 418 5783 1904 5874; baseline 0.006 -25"><span class='ocrx_word' id='word_1_769' title='bbox 418 5783 440 5837; x_wconf 69' lang='grc' dir='ltr'>ι</span> <span class='ocrx_word' id='word_1_770' title='bbox 470 5786 741 5873; x_wconf 69' lang='grc' dir='ltr'>ιοςετίω,</span> <span class='ocrx_word' id='word_1_771' title='bbox 765 5792 927 5870; x_wconf 83' lang='grc' dir='ltr'>σῶμα</span> <span class='ocrx_word' id='word_1_772' title='bbox 953 5794 1160 5874; x_wconf 76' lang='lat' dir='ltr'><strong>potius.</strong></span> <span class='ocrx_word' id='word_1_773' title='bbox 1201 5794 1305 5855; x_wconf 90' lang='lat' dir='ltr'><strong>Sed</strong></span> <span class='ocrx_word' id='word_1_774' title='bbox 1349 5804 1532 5856; x_wconf 76' lang='lat' dir='ltr'><strong>textus</strong></span> <span class='ocrx_word' id='word_1_775' title='bbox 1565 5800 1793 5859; x_wconf 86' lang='lat' dir='ltr'><strong>nimium</strong></span> <span class='ocrx_word' id='word_1_776' title='bbox 1831 5800 1904 5858; x_wconf 78' lang='grc' dir='ltr'><strong>ίιὶ(</strong></span> 
     </span>
    </p>
   </div>
   <div class='ocr_carea' id='block_1_114' title="bbox 2009 5783 2687 5880">
    <p class='ocr_par' dir='ltr' id='par_1_114' title="bbox 2009 5805 2687 5880">
     <span class='ocr_line' id='line_1_116' title="bbox 2009 5805 2687 5880; baseline 0.007 -22"><span class='ocrx_word' id='word_1_777' title='bbox 2009 5812 2177 5860; x_wconf 79' lang='lat' dir='ltr'><strong>:xatus</strong></span> <span class='ocrx_word' id='word_1_778' title='bbox 2211 5805 2549 5880; x_wconf 75' lang='lat' dir='ltr'><strong>mutilosque</strong></span> <span class='ocrx_word' id='word_1_779' title='bbox 2581 5815 2687 5867; x_wconf 72' lang='lat' dir='ltr'><strong>est.</strong></span> 
     </span>
    </p>
   </div>
  </div>
