  <div class='ocr_page' id='page_1' title='image "/cluster/home/n/w/nwhite01/storage/ocr_20150623/95/mdp.39015004289776/458.png"; bbox 0 0 4048 6290; ppageno 0'>
   <div class='ocr_carea' id='block_1_1' title="bbox 269 305 376 371">
    <p class='ocr_par' dir='ltr' id='par_1_1' title="bbox 269 305 376 371">
     <span class='ocr_line' id='line_1_1' title="bbox 269 305 376 371; baseline 0 0"><span class='ocrx_word' id='word_1_1' title='bbox 269 305 376 371; x_wconf 77' lang='lat'><strong>893</strong></span> 
     </span>
    </p>
   </div>
   <div class='ocr_carea' id='block_1_2' title="bbox 1358 289 2434 363">
    <p class='ocr_par' dir='ltr' id='par_1_2' title="bbox 1358 289 2434 363">
     <span class='ocr_line' id='line_1_2' title="bbox 1358 289 2434 363; baseline -0.01 -2"><span class='ocrx_word' id='word_1_2' title='bbox 1358 299 1440 363; x_wconf 86' lang='lat' dir='ltr'><strong>IN</strong></span> <span class='ocrx_word' id='word_1_3' title='bbox 1481 299 1718 362; x_wconf 81' lang='lat' dir='ltr'><strong>EPIST.</strong></span> <span class='ocrx_word' id='word_1_4' title='bbox 1760 299 1858 359; x_wconf 82' lang='lat' dir='ltr'><strong>AD</strong></span> <span class='ocrx_word' id='word_1_5' title='bbox 1896 289 2434 361; x_wconf 51' lang='lat' dir='ltr'><strong>COLOSSENSES;</strong></span> 
     </span>
    </p>
   </div>
   <div class='ocr_carea' id='block_1_3' title="bbox 3416 277 3521 344">
    <p class='ocr_par' dir='ltr' id='par_1_3' title="bbox 3416 277 3521 344">
     <span class='ocr_line' id='line_1_3' title="bbox 3416 277 3521 344; baseline -0.019 1"><span class='ocrx_word' id='word_1_6' title='bbox 3416 277 3521 344; x_wconf 68' lang='grc'><strong>894</strong></span> 
     </span>
    </p>
   </div>
   <div class='ocr_carea' id='block_1_4' title="bbox 350 398 1868 490">
    <p class='ocr_par' dir='ltr' id='par_1_4' title="bbox 350 414 1844 490">
     <span class='ocr_line' id='line_1_4' title="bbox 350 414 1844 490; baseline -0.003 -16"><span class='ocrx_word' id='word_1_7' title='bbox 350 440 368 474; x_wconf 73' lang='grc' dir='ltr'><strong>ι</strong></span> <span class='ocrx_word' id='word_1_8' title='bbox 415 417 649 475; x_wconf 79' lang='grc' dir='ltr'><strong>Βλέπετε</strong></span> <span class='ocrx_word' id='word_1_9' title='bbox 695 417 771 490; x_wconf 73' lang='grc' dir='ltr'>μή</span> <span class='ocrx_word' id='word_1_10' title='bbox 813 435 897 483; x_wconf 88' lang='grc' dir='ltr'><strong>τις</strong></span> <span class='ocrx_word' id='word_1_11' title='bbox 945 416 1090 490; x_wconf 75' lang='grc' dir='ltr'>ὑμᾶς</span> <span class='ocrx_word' id='word_1_12' title='bbox 1132 415 1285 471; x_wconf 71' lang='grc' dir='ltr'>ἔσται</span> <span class='ocrx_word' id='word_1_13' title='bbox 1314 417 1343 471; x_wconf 99' lang='lat'><strong>6</strong></span> <span class='ocrx_word' id='word_1_14' title='bbox 1383 414 1717 486; x_wconf 76' lang='grc' dir='ltr'><strong>συλαγωγῶν</strong></span> <span class='ocrx_word' id='word_1_15' title='bbox 1755 414 1844 470; x_wconf 80' lang='grc' dir='ltr'>διὰ</span> 
     </span>
    </p>
   </div>
   <div class='ocr_carea' id='block_1_5' title="bbox 1972 398 3521 490">
    <p class='ocr_par' dir='ltr' id='par_1_5' title="bbox 2003 398 3521 473">
     <span class='ocr_line' id='line_1_5' title="bbox 2003 398 3521 473; baseline -0.011 -6"><span class='ocrx_word' id='word_1_16' title='bbox 2003 409 2185 470; x_wconf 68' lang='lat' dir='ltr'><strong>Vens.</strong></span> <span class='ocrx_word' id='word_1_17' title='bbox 2216 410 2270 466; x_wconf 86' lang='lat'><strong>8.</strong></span> <span class='ocrx_word' id='word_1_18' title='bbox 2309 428 2328 463; x_wconf 80' lang='grc' dir='ltr'><strong>ι</strong></span> <span class='ocrx_word' id='word_1_19' title='bbox 2360 405 2560 463; x_wconf 77' lang='lat' dir='ltr'><strong>Videte</strong></span> <span class='ocrx_word' id='word_1_20' title='bbox 2585 418 2656 462; x_wconf 91' lang='lat' dir='ltr'><strong>ne</strong></span> <span class='ocrx_word' id='word_1_21' title='bbox 2684 401 2811 473; x_wconf 91' lang='lat' dir='ltr'><strong>quis</strong></span> <span class='ocrx_word' id='word_1_22' title='bbox 2857 416 2960 458; x_wconf 75' lang='lat' dir='ltr'><strong>vos</strong></span> <span class='ocrx_word' id='word_1_23' title='bbox 3002 400 3240 471; x_wconf 85' lang='lat' dir='ltr'><strong>decipiat</strong></span> <span class='ocrx_word' id='word_1_24' title='bbox 3272 412 3366 470; x_wconf 88' lang='lat' dir='ltr'><strong>per</strong></span> <span class='ocrx_word' id='word_1_25' title='bbox 3395 398 3521 467; x_wconf 82' lang='lat' dir='ltr'><strong>phi-</strong></span> 
     </span>
    </p>
   </div>
   <div class='ocr_carea' id='block_1_6' title="bbox 273 507 1849 584">
    <p class='ocr_par' dir='ltr' id='par_1_6' title="bbox 273 507 1849 584">
     <span class='ocr_line' id='line_1_6' title="bbox 273 507 1849 584; baseline -0.004 -17"><span class='ocrx_word' id='word_1_26' title='bbox 273 516 376 584; x_wconf 81' lang='grc' dir='ltr'>τῆς</span> <span class='ocrx_word' id='word_1_27' title='bbox 411 513 730 584; x_wconf 66' lang='grc' dir='ltr'>φιλοσοφίας</span> <span class='ocrx_word' id='word_1_28' title='bbox 763 511 858 566; x_wconf 76' lang='grc' dir='ltr'>καὶ</span> <span class='ocrx_word' id='word_1_29' title='bbox 890 510 1055 581; x_wconf 81' lang='grc' dir='ltr'><strong>κενῆς</strong></span> <span class='ocrx_word' id='word_1_30' title='bbox 1086 509 1326 580; x_wconf 85' lang='grc' dir='ltr'>ἀπάτης,</span> <span class='ocrx_word' id='word_1_31' title='bbox 1368 509 1508 563; x_wconf 87' lang='grc' dir='ltr'><strong>κατά</strong></span> <span class='ocrx_word' id='word_1_32' title='bbox 1539 507 1637 580; x_wconf 75' lang='grc' dir='ltr'>τὴν</span> <span class='ocrx_word' id='word_1_33' title='bbox 1662 508 1849 578; x_wconf 83' lang='grc' dir='ltr'>παρά-</span> 
     </span>
    </p>
   </div>
   <div class='ocr_carea' id='block_1_7' title="bbox 272 601 1850 677">
    <p class='ocr_par' dir='ltr' id='par_1_7' title="bbox 272 601 1850 677">
     <span class='ocr_line' id='line_1_7' title="bbox 272 601 1850 677; baseline -0.004 -17"><span class='ocrx_word' id='word_1_34' title='bbox 272 606 422 660; x_wconf 81' lang='grc' dir='ltr'>δοσιν</span> <span class='ocrx_word' id='word_1_35' title='bbox 453 605 563 660; x_wconf 82' lang='grc' dir='ltr'><strong>τῶν</strong></span> <span class='ocrx_word' id='word_1_36' title='bbox 591 601 930 677; x_wconf 80' lang='grc' dir='ltr'>ἀνθρώπων,</span> <span class='ocrx_word' id='word_1_37' title='bbox 963 603 1105 658; x_wconf 83' lang='grc' dir='ltr'>κατὰ</span> <span class='ocrx_word' id='word_1_38' title='bbox 1133 603 1201 656; x_wconf 79' lang='grc' dir='ltr'>τὰ</span> <span class='ocrx_word' id='word_1_39' title='bbox 1230 603 1473 670; x_wconf 80' lang='grc' dir='ltr'>στοιχεῖα</span> <span class='ocrx_word' id='word_1_40' title='bbox 1501 601 1595 656; x_wconf 85' lang='grc' dir='ltr'><strong>τοῦ</strong></span> <span class='ocrx_word' id='word_1_41' title='bbox 1621 603 1850 672; x_wconf 89' lang='grc' dir='ltr'>κόσμου,</span> 
     </span>
    </p>
   </div>
   <div class='ocr_carea' id='block_1_8' title="bbox 277 696 1005 770">
    <p class='ocr_par' dir='ltr' id='par_1_8' title="bbox 277 696 1005 770">
     <span class='ocr_line' id='line_1_8' title="bbox 277 696 1005 770; baseline -0.003 -17"><span class='ocrx_word' id='word_1_42' title='bbox 277 698 375 754; x_wconf 73' lang='grc' dir='ltr'>καὶ</span> <span class='ocrx_word' id='word_1_43' title='bbox 401 699 462 754; x_wconf 79' lang='grc' dir='ltr'>οὐ</span> <span class='ocrx_word' id='word_1_44' title='bbox 501 696 643 753; x_wconf 87' lang='grc' dir='ltr'><strong>κατά</strong></span> <span class='ocrx_word' id='word_1_45' title='bbox 675 697 932 770; x_wconf 80' lang='grc' dir='ltr'>Χριστόν.</span> <span class='ocrx_word' id='word_1_46' title='bbox 984 715 1005 751; x_wconf 74' lang='grc' dir='ltr'><strong>ι</strong></span> 
     </span>
    </p>
   </div>
   <div class='ocr_carea' id='block_1_9' title="bbox 350 785 1853 859">
    <p class='ocr_par' dir='ltr' id='par_1_9' title="bbox 350 785 1853 859">
     <span class='ocr_line' id='line_1_9' title="bbox 350 785 1853 859; baseline -0.004 -15"><span class='ocrx_word' id='word_1_47' title='bbox 350 787 642 853; x_wconf 77' lang='grc' dir='ltr'>Πλεονάζει</span> <span class='ocrx_word' id='word_1_48' title='bbox 679 787 823 842; x_wconf 88' lang='grc' dir='ltr'><strong>κατά</strong></span> <span class='ocrx_word' id='word_1_49' title='bbox 849 787 1181 859; x_wconf 81' lang='grc' dir='ltr'>ταύτηντὴν</span> <span class='ocrx_word' id='word_1_50' title='bbox 1214 787 1506 859; x_wconf 69' lang='grc' dir='ltr'>ἐπιστολὴν</span> <span class='ocrx_word' id='word_1_51' title='bbox 1540 787 1676 858; x_wconf 76' lang='grc' dir='ltr'>πρὸς</span> <span class='ocrx_word' id='word_1_52' title='bbox 1717 785 1853 839; x_wconf 78' lang='grc' dir='ltr'>Ἕλο</span> 
     </span>
    </p>
   </div>
   <div class='ocr_carea' id='block_1_10' title="bbox 273 878 1855 951">
    <p class='ocr_par' dir='ltr' id='par_1_10' title="bbox 273 878 1855 951">
     <span class='ocr_line' id='line_1_10' title="bbox 273 878 1855 951; baseline -0.004 -15"><span class='ocrx_word' id='word_1_53' title='bbox 273 880 444 951; x_wconf 76' lang='grc' dir='ltr'>ληνας</span> <span class='ocrx_word' id='word_1_54' title='bbox 471 881 567 936; x_wconf 73' lang='grc' dir='ltr'>καὶ</span> <span class='ocrx_word' id='word_1_55' title='bbox 608 879 892 944; x_wconf 78' lang='grc' dir='ltr'><strong>Ἰουδαίους</strong></span> <span class='ocrx_word' id='word_1_56' title='bbox 933 878 1336 950; x_wconf 84' lang='grc' dir='ltr'>διαλεγόμενος,</span> <span class='ocrx_word' id='word_1_57' title='bbox 1365 878 1634 950; x_wconf 75' lang='grc' dir='ltr'><strong>ἑκατέρας</strong></span> <span class='ocrx_word' id='word_1_58' title='bbox 1665 879 1855 947; x_wconf 78' lang='grc' dir='ltr'>ἐκτρο-</span> 
     </span>
    </p>
   </div>
   <div class='ocr_carea' id='block_1_11' title="bbox 279 963 1856 1044">
    <p class='ocr_par' dir='ltr' id='par_1_11' title="bbox 279 963 1856 1044">
     <span class='ocr_line' id='line_1_11' title="bbox 279 963 1856 1044; baseline -0.003 -18"><span class='ocrx_word' id='word_1_59' title='bbox 279 973 389 1040; x_wconf 77' lang='grc' dir='ltr'>πῆς</span> <span class='ocrx_word' id='word_1_60' title='bbox 417 971 668 1044; x_wconf 76' lang='grc' dir='ltr'><strong>ἀφαιρῶν</strong></span> <span class='ocrx_word' id='word_1_61' title='bbox 699 971 826 1036; x_wconf 78' lang='grc' dir='ltr'>τοὺς</span> <span class='ocrx_word' id='word_1_62' title='bbox 871 971 1328 1034; x_wconf 82' lang='grc' dir='ltr'>πεπιστευκότας.</span> <span class='ocrx_word' id='word_1_63' title='bbox 1350 970 1583 1042; x_wconf 80' lang='grc' dir='ltr'>Πρῶτον</span> <span class='ocrx_word' id='word_1_64' title='bbox 1640 968 1739 1040; x_wconf 82' lang='grc' dir='ltr'>μὲν</span> <span class='ocrx_word' id='word_1_65' title='bbox 1762 963 1856 1022; x_wconf 82' lang='grc' dir='ltr'><strong>οῦν</strong></span> 
     </span>
    </p>
   </div>
   <div class='ocr_carea' id='block_1_12' title="bbox 283 1057 1883 1145">
    <p class='ocr_par' dir='ltr' id='par_1_12' title="bbox 283 1057 1883 1145">
     <span class='ocr_line' id='line_1_12' title="bbox 283 1057 1883 1145; baseline -0.003 -29"><span class='ocrx_word' id='word_1_66' title='bbox 283 1062 382 1134; x_wconf 80' lang='grc' dir='ltr'>τὴν</span> <span class='ocrx_word' id='word_1_67' title='bbox 434 1064 498 1116; x_wconf 81' lang='grc' dir='ltr'>ὲκ</span> <span class='ocrx_word' id='word_1_68' title='bbox 528 1061 851 1131; x_wconf 76' lang='grc' dir='ltr'>φιλοσοφίας</span> <span class='ocrx_word' id='word_1_69' title='bbox 878 1060 1221 1145; x_wconf 83' lang='grc' dir='ltr'>ἀποσύλησιν</span> <span class='ocrx_word' id='word_1_70' title='bbox 1262 1059 1629 1131; x_wconf 80' lang='grc' dir='ltr'>φυλάττεται,</span> <span class='ocrx_word' id='word_1_71' title='bbox 1661 1057 1851 1126; x_wconf 74' lang='grc' dir='ltr'>κενὴν</span> <span class='ocrx_word' id='word_1_72' title='bbox 1881 1089 1883 1091; x_wconf 64' lang='grc' dir='ltr'><strong>ι</strong></span> 
     </span>
    </p>
   </div>
   <div class='ocr_carea' id='block_1_13' title="bbox 283 1148 1856 1226">
    <p class='ocr_par' dir='ltr' id='par_1_13' title="bbox 283 1148 1856 1226">
     <span class='ocr_line' id='line_1_13' title="bbox 283 1148 1856 1226; baseline -0.003 -17"><span class='ocrx_word' id='word_1_73' title='bbox 283 1153 526 1221; x_wconf 80' lang='grc' dir='ltr'><strong>ἀπάτην</strong></span> <span class='ocrx_word' id='word_1_74' title='bbox 562 1153 738 1224; x_wconf 77' lang='grc' dir='ltr'>λέγων</span> <span class='ocrx_word' id='word_1_75' title='bbox 769 1148 912 1209; x_wconf 79' lang='grc' dir='ltr'>εῖναι</span> <span class='ocrx_word' id='word_1_76' title='bbox 955 1153 1058 1226; x_wconf 74' lang='grc' dir='ltr'><strong>τὴν</strong></span> <span class='ocrx_word' id='word_1_77' title='bbox 1100 1153 1455 1224; x_wconf 82' lang='grc' dir='ltr'>φιλοσοφίαν,</span> <span class='ocrx_word' id='word_1_78' title='bbox 1487 1153 1570 1207; x_wconf 86' lang='grc' dir='ltr'>ὅτι</span> <span class='ocrx_word' id='word_1_79' title='bbox 1612 1153 1856 1222; x_wconf 86' lang='grc' dir='ltr'>σχήματι</span> 
     </span>
    </p>
   </div>
   <div class='ocr_carea' id='block_1_14' title="bbox 284 1239 1857 1318">
    <p class='ocr_par' dir='ltr' id='par_1_14' title="bbox 284 1239 1857 1318">
     <span class='ocr_line' id='line_1_14' title="bbox 284 1239 1857 1318; baseline -0.005 -17"><span class='ocrx_word' id='word_1_80' title='bbox 284 1245 694 1318; x_wconf 71' lang='grc' dir='ltr'>καταπλήττει,</span> <span class='ocrx_word' id='word_1_81' title='bbox 745 1239 841 1300; x_wconf 73' lang='grc' dir='ltr'>καὶ</span> <span class='ocrx_word' id='word_1_82' title='bbox 880 1243 1204 1314; x_wconf 79' lang='grc' dir='ltr'>πιθανότητι</span> <span class='ocrx_word' id='word_1_83' title='bbox 1239 1242 1416 1311; x_wconf 89' lang='grc' dir='ltr'>λόγων</span> <span class='ocrx_word' id='word_1_84' title='bbox 1467 1243 1566 1313; x_wconf 84' lang='grc' dir='ltr'>τῆς</span> <span class='ocrx_word' id='word_1_85' title='bbox 1596 1241 1857 1313; x_wconf 74' lang='grc' dir='ltr'>ἀληθείας</span> 
     </span>
    </p>
   </div>
   <div class='ocr_carea' id='block_1_15' title="bbox 283 1331 1849 1411">
    <p class='ocr_par' dir='ltr' id='par_1_15' title="bbox 283 1331 1849 1411">
     <span class='ocr_line' id='line_1_15' title="bbox 283 1331 1849 1411; baseline -0.006 -17"><span class='ocrx_word' id='word_1_86' title='bbox 283 1338 648 1410; x_wconf 82' lang='grc' dir='ltr'>ἀφεστηκυϊα.</span> <span class='ocrx_word' id='word_1_87' title='bbox 682 1337 758 1394; x_wconf 81' lang='grc' dir='ltr'>Οὐ</span> <span class='ocrx_word' id='word_1_88' title='bbox 791 1338 899 1411; x_wconf 84' lang='grc' dir='ltr'><strong>γάρ</strong></span> <span class='ocrx_word' id='word_1_89' title='bbox 924 1338 1086 1392; x_wconf 75' lang='grc' dir='ltr'>ἱκανά</span> <span class='ocrx_word' id='word_1_90' title='bbox 1111 1335 1238 1407; x_wconf 79' lang='grc' dir='ltr'>περὶ</span> <span class='ocrx_word' id='word_1_91' title='bbox 1271 1334 1408 1389; x_wconf 80' lang='grc' dir='ltr'>Θεοῦ</span> <span class='ocrx_word' id='word_1_92' title='bbox 1440 1336 1508 1391; x_wconf 83' lang='grc' dir='ltr'>τὰ</span> <span class='ocrx_word' id='word_1_93' title='bbox 1540 1334 1598 1402; x_wconf 75' lang='grc' dir='ltr'><strong>ἐξ</strong></span> <span class='ocrx_word' id='word_1_94' title='bbox 1637 1331 1849 1405; x_wconf 83' lang='grc' dir='ltr'>ἀνθρὼ-</span> 
     </span>
    </p>
   </div>
   <div class='ocr_carea' id='block_1_16' title="bbox 283 1426 1861 1505">
    <p class='ocr_par' dir='ltr' id='par_1_16' title="bbox 283 1426 1861 1505">
     <span class='ocr_line' id='line_1_16' title="bbox 283 1426 1861 1505; baseline -0.003 -19"><span class='ocrx_word' id='word_1_95' title='bbox 283 1449 406 1486; x_wconf 88' lang='grc' dir='ltr'><strong>πων</strong></span> <span class='ocrx_word' id='word_1_96' title='bbox 442 1432 940 1505; x_wconf 63' lang='grc' dir='ltr'>νοήματα,ἰπειδὴ</span> <span class='ocrx_word' id='word_1_97' title='bbox 963 1432 1136 1486; x_wconf 73' lang='grc' dir='ltr'>πᾶσαι</span> <span class='ocrx_word' id='word_1_98' title='bbox 1171 1433 1226 1486; x_wconf 78' lang='lat' dir='ltr'><strong>at</strong></span> <span class='ocrx_word' id='word_1_99' title='bbox 1256 1429 1598 1501; x_wconf 78' lang='grc' dir='ltr'>ἀνθρώπιναι</span> <span class='ocrx_word' id='word_1_100' title='bbox 1627 1426 1861 1496; x_wconf 81' lang='grc' dir='ltr'>καταλή-</span> 
     </span>
    </p>
   </div>
   <div class='ocr_carea' id='block_1_17' title="bbox 284 1519 1859 1604">
    <p class='ocr_par' dir='ltr' id='par_1_17' title="bbox 284 1519 1859 1604">
     <span class='ocr_line' id='line_1_17' title="bbox 284 1519 1859 1604; baseline -0.004 -25"><span class='ocrx_word' id='word_1_101' title='bbox 284 1525 414 1604; x_wconf 10' lang='grc' dir='ltr'>ψεις.</span> <span class='ocrx_word' id='word_1_102' title='bbox 440 1524 506 1579; x_wconf 72' lang='grc' dir='ltr'>ἐκ</span> <span class='ocrx_word' id='word_1_103' title='bbox 549 1524 658 1582; x_wconf 70' lang='grc' dir='ltr'>τιῖιν</span> <span class='ocrx_word' id='word_1_104' title='bbox 696 1523 915 1596; x_wconf 80' lang='grc' dir='ltr'>ὁρατῶν</span> <span class='ocrx_word' id='word_1_105' title='bbox 943 1519 1102 1580; x_wconf 80' lang='grc' dir='ltr'>οὖσαι</span> <span class='ocrx_word' id='word_1_106' title='bbox 1124 1563 1139 1589; x_wconf 93' lang='grc'><strong>,</strong></span> <span class='ocrx_word' id='word_1_107' title='bbox 1170 1523 1265 1580; x_wconf 78' lang='grc' dir='ltr'>καὶ</span> <span class='ocrx_word' id='word_1_108' title='bbox 1289 1525 1356 1578; x_wconf 77' lang='grc' dir='ltr'>ὲκ</span> <span class='ocrx_word' id='word_1_109' title='bbox 1384 1523 1492 1578; x_wconf 84' lang='grc' dir='ltr'><strong>τῶν</strong></span> <span class='ocrx_word' id='word_1_110' title='bbox 1521 1522 1617 1577; x_wconf 86' lang='grc' dir='ltr'><strong>τοῦ</strong></span> <span class='ocrx_word' id='word_1_111' title='bbox 1654 1522 1859 1592; x_wconf 80' lang='grc' dir='ltr'>κόσμου</span> 
     </span>
    </p>
   </div>
   <div class='ocr_carea' id='block_1_18' title="bbox 289 1612 1861 1689">
    <p class='ocr_par' dir='ltr' id='par_1_18' title="bbox 289 1612 1861 1689">
     <span class='ocr_line' id='line_1_18' title="bbox 289 1612 1861 1689; baseline -0.003 -18"><span class='ocrx_word' id='word_1_112' title='bbox 289 1616 591 1688; x_wconf 84' lang='grc' dir='ltr'>στοιχείων,</span> <span class='ocrx_word' id='word_1_113' title='bbox 627 1617 727 1671; x_wconf 82' lang='grc' dir='ltr'>οὐκ</span> <span class='ocrx_word' id='word_1_114' title='bbox 756 1616 867 1670; x_wconf 72' lang='lat' dir='ltr'><strong>eici.</strong></span> <span class='ocrx_word' id='word_1_115' title='bbox 899 1615 1114 1688; x_wconf 70' lang='grc' dir='ltr'>βέϐαιοι</span> <span class='ocrx_word' id='word_1_116' title='bbox 1146 1615 1282 1689; x_wconf 80' lang='grc' dir='ltr'>πρὸς</span> <span class='ocrx_word' id='word_1_117' title='bbox 1312 1615 1412 1687; x_wconf 77' lang='grc' dir='ltr'><strong>τὴν</strong></span> <span class='ocrx_word' id='word_1_118' title='bbox 1432 1614 1554 1668; x_wconf 81' lang='grc' dir='ltr'>-τῶν</span> <span class='ocrx_word' id='word_1_119' title='bbox 1593 1612 1861 1685; x_wconf 76' lang='grc' dir='ltr'>ζητουμέ-</span> 
     </span>
    </p>
   </div>
   <div class='ocr_carea' id='block_1_19' title="bbox 283 1708 1714 1784">
    <p class='ocr_par' dir='ltr' id='par_1_19' title="bbox 283 1708 1714 1784">
     <span class='ocr_line' id='line_1_19' title="bbox 283 1708 1714 1784; baseline -0.002 -20"><span class='ocrx_word' id='word_1_120' title='bbox 283 1727 394 1764; x_wconf 87' lang='grc' dir='ltr'><strong>νων</strong></span> <span class='ocrx_word' id='word_1_121' title='bbox 416 1710 745 1782; x_wconf 71' lang='grc' dir='ltr'>κατάληψιν,</span> <span class='ocrx_word' id='word_1_122' title='bbox 777 1710 886 1766; x_wconf 83' lang='grc' dir='ltr'><strong>τῶν</strong></span> <span class='ocrx_word' id='word_1_123' title='bbox 919 1711 1170 1784; x_wconf 77' lang='grc' dir='ltr'>ἀοράτων</span> <span class='ocrx_word' id='word_1_124' title='bbox 1198 1709 1310 1766; x_wconf 86' lang='grc' dir='ltr'><strong>τῶν</strong></span> <span class='ocrx_word' id='word_1_125' title='bbox 1339 1708 1714 1782; x_wconf 73' lang='grc' dir='ltr'>ζητουμένων.</span> 
     </span>
    </p>
   </div>
   <div class='ocr_carea' id='block_1_20' title="bbox 364 1889 1861 1966">
    <p class='ocr_par' dir='ltr' id='par_1_20' title="bbox 364 1889 1861 1966">
     <span class='ocr_line' id='line_1_20' title="bbox 364 1889 1861 1966; baseline -0.003 -19"><span class='ocrx_word' id='word_1_126' title='bbox 364 1910 387 1947; x_wconf 79' lang='lat' dir='ltr'><strong>t</strong></span> <span class='ocrx_word' id='word_1_127' title='bbox 425 1894 546 1950; x_wconf 88' lang='grc' dir='ltr'>Ὅτι</span> <span class='ocrx_word' id='word_1_128' title='bbox 601 1897 658 1950; x_wconf 77' lang='grc' dir='ltr'>ὲν</span> <span class='ocrx_word' id='word_1_129' title='bbox 691 1892 859 1966; x_wconf 77' lang='grc' dir='ltr'>ἀὐτῷ</span> <span class='ocrx_word' id='word_1_130' title='bbox 909 1894 1159 1950; x_wconf 78' lang='grc' dir='ltr'>κατοικεῖ</span> <span class='ocrx_word' id='word_1_131' title='bbox 1199 1893 1306 1948; x_wconf 80' lang='grc' dir='ltr'><strong>πᾶν</strong></span> <span class='ocrx_word' id='word_1_132' title='bbox 1339 1893 1400 1953; x_wconf 79' lang='grc' dir='ltr'>τὸ</span> <span class='ocrx_word' id='word_1_133' title='bbox 1441 1890 1719 1963; x_wconf 80' lang='grc' dir='ltr'>πλήρωμα</span> <span class='ocrx_word' id='word_1_134' title='bbox 1762 1889 1861 1960; x_wconf 80' lang='grc' dir='ltr'><strong>τῆς</strong></span> 
     </span>
    </p>
   </div>
   <div class='ocr_carea' id='block_1_21' title="bbox 290 1985 975 2060">
    <p class='ocr_par' dir='ltr' id='par_1_21' title="bbox 290 1985 975 2060">
     <span class='ocr_line' id='line_1_21' title="bbox 290 1985 975 2060; baseline -0.013 -15"><span class='ocrx_word' id='word_1_135' title='bbox 290 1985 544 2057; x_wconf 77' lang='grc' dir='ltr'>θεότητος</span> <span class='ocrx_word' id='word_1_136' title='bbox 571 1985 921 2060; x_wconf 83' lang='grc' dir='ltr'>σωματικῶς.</span> <span class='ocrx_word' id='word_1_137' title='bbox 959 2004 975 2036; x_wconf 77' lang='lat' dir='ltr'><strong>i</strong></span> 
     </span>
    </p>
   </div>
   <div class='ocr_carea' id='block_1_22' title="bbox 377 2073 1868 2152">
    <p class='ocr_par' dir='ltr' id='par_1_22' title="bbox 377 2073 1868 2152">
     <span class='ocr_line' id='line_1_22' title="bbox 377 2073 1868 2152; baseline -0.005 -17"><span class='ocrx_word' id='word_1_138' title='bbox 377 2080 466 2147; x_wconf 79' lang='grc' dir='ltr'>Ἐν</span> <span class='ocrx_word' id='word_1_139' title='bbox 495 2081 748 2152; x_wconf 81' lang='grc' dir='ltr'>Χριστῷ,</span> <span class='ocrx_word' id='word_1_140' title='bbox 768 2082 924 2151; x_wconf 76' lang='grc' dir='ltr'>φησὶ,</span> <span class='ocrx_word' id='word_1_141' title='bbox 955 2079 1051 2132; x_wconf 69' lang='grc' dir='ltr'>καὶ</span> <span class='ocrx_word' id='word_1_142' title='bbox 1069 2081 1099 2132; x_wconf 88' lang='grc' dir='ltr'><strong>ό</strong></span> <span class='ocrx_word' id='word_1_143' title='bbox 1125 2074 1315 2150; x_wconf 76' lang='grc' dir='ltr'>Πατήρ</span> <span class='ocrx_word' id='word_1_144' title='bbox 1343 2075 1460 2130; x_wconf 67' lang='grc' dir='ltr'>ἔστι</span> <span class='ocrx_word' id='word_1_145' title='bbox 1490 2075 1584 2130; x_wconf 78' lang='grc' dir='ltr'>καὶ</span> <span class='ocrx_word' id='word_1_146' title='bbox 1611 2073 1673 2129; x_wconf 77' lang='grc' dir='ltr'><strong>τὸ</strong></span> <span class='ocrx_word' id='word_1_147' title='bbox 1700 2074 1868 2145; x_wconf 64' lang='grc' dir='ltr'>ἄγνον-</span> 
     </span>
    </p>
   </div>
   <div class='ocr_carea' id='block_1_23' title="bbox 289 2161 1864 2246">
    <p class='ocr_par' dir='ltr' id='par_1_23' title="bbox 289 2161 1864 2246">
     <span class='ocr_line' id='line_1_23' title="bbox 289 2161 1864 2246; baseline -0.008 -14"><span class='ocrx_word' id='word_1_148' title='bbox 289 2173 540 2246; x_wconf 80' lang='grc' dir='ltr'>Πνεῦμα.</span> <span class='ocrx_word' id='word_1_149' title='bbox 574 2173 686 2229; x_wconf 74' lang='grc' dir='ltr'><strong>Καὶ</strong></span> <span class='ocrx_word' id='word_1_150' title='bbox 718 2171 809 2227; x_wconf 78' lang='grc' dir='ltr'>ἵνα</span> <span class='ocrx_word' id='word_1_151' title='bbox 845 2173 921 2246; x_wconf 84' lang='grc' dir='ltr'>μή</span> <span class='ocrx_word' id='word_1_152' title='bbox 948 2188 1034 2235; x_wconf 82' lang='grc' dir='ltr'><strong>τις</strong></span> <span class='ocrx_word' id='word_1_153' title='bbox 1063 2171 1266 2244; x_wconf 79' lang='grc' dir='ltr'>νομίσῃ</span> <span class='ocrx_word' id='word_1_154' title='bbox 1297 2168 1551 2242; x_wconf 79' lang='grc' dir='ltr'>σχετικὴν</span> <span class='ocrx_word' id='word_1_155' title='bbox 1579 2161 1719 2222; x_wconf 77' lang='grc' dir='ltr'>εἶναι</span> <span class='ocrx_word' id='word_1_156' title='bbox 1764 2167 1864 2237; x_wconf 80' lang='grc' dir='ltr'>τὴν</span> 
     </span>
    </p>
   </div>
   <div class='ocr_carea' id='block_1_24' title="bbox 291 2253 1861 2340">
    <p class='ocr_par' dir='ltr' id='par_1_24' title="bbox 291 2253 1861 2340">
     <span class='ocr_line' id='line_1_24' title="bbox 291 2253 1861 2340; baseline -0.008 -16"><span class='ocrx_word' id='word_1_157' title='bbox 291 2268 640 2340; x_wconf 86' lang='grc' dir='ltr'>κατοίκησιν,</span> <span class='ocrx_word' id='word_1_158' title='bbox 665 2266 699 2338; x_wconf 69' lang='grc' dir='ltr'>ἢ</span> <span class='ocrx_word' id='word_1_159' title='bbox 729 2263 1068 2336; x_wconf 78' lang='grc' dir='ltr'>συναπτικὴν</span> <span class='ocrx_word' id='word_1_160' title='bbox 1093 2253 1304 2328; x_wconf 64' lang='grc' dir='ltr'>ἅπλῶς,</span> <span class='ocrx_word' id='word_1_161' title='bbox 1329 2261 1519 2316; x_wconf 87' lang='grc' dir='ltr'>τούτου</span> <span class='ocrx_word' id='word_1_162' title='bbox 1541 2261 1702 2334; x_wconf 80' lang='grc' dir='ltr'>χάριν</span> <span class='ocrx_word' id='word_1_163' title='bbox 1721 2255 1861 2325; x_wconf 82' lang='grc' dir='ltr'>εἷπε,</span> 
     </span>
    </p>
   </div>
   <div class='ocr_carea' id='block_1_25' title="bbox 291 2343 1866 2433">
    <p class='ocr_par' dir='ltr' id='par_1_25' title="bbox 291 2343 1866 2433">
     <span class='ocr_line' id='line_1_25' title="bbox 291 2343 1866 2433; baseline -0.009 -16"><span class='ocrx_word' id='word_1_164' title='bbox 291 2359 659 2433; x_wconf 77' lang='grc' dir='ltr'>σωματικῶς,</span> <span class='ocrx_word' id='word_1_165' title='bbox 685 2358 803 2414; x_wconf 78' lang='grc' dir='ltr'>ἀντὶ</span> <span class='ocrx_word' id='word_1_166' title='bbox 824 2356 944 2423; x_wconf 84' lang='grc' dir='ltr'>τοῦ,</span> <span class='ocrx_word' id='word_1_167' title='bbox 961 2353 1252 2420; x_wconf 81' lang='grc' dir='ltr'>οὺσιωδῶς.</span> <span class='ocrx_word' id='word_1_168' title='bbox 1280 2355 1442 2424; x_wconf 78' lang='grc' dir='ltr'>Λέγει</span> <span class='ocrx_word' id='word_1_169' title='bbox 1471 2351 1589 2419; x_wconf 73' lang='grc' dir='ltr'>οὖν,</span> <span class='ocrx_word' id='word_1_170' title='bbox 1612 2352 1686 2416; x_wconf 84' lang='grc' dir='ltr'>ὡς</span> <span class='ocrx_word' id='word_1_171' title='bbox 1711 2343 1866 2414; x_wconf 79' lang='grc' dir='ltr'>οὖτος</span> 
     </span>
    </p>
   </div>
   <div class='ocr_carea' id='block_1_26' title="bbox 291 2441 1867 2521">
    <p class='ocr_par' dir='ltr' id='par_1_26' title="bbox 291 2441 1867 2521">
     <span class='ocr_line' id='line_1_26' title="bbox 291 2441 1867 2521; baseline -0.007 -15"><span class='ocrx_word' id='word_1_172' title='bbox 291 2452 324 2506; x_wconf 88' lang='lat'><strong>6</strong></span> <span class='ocrx_word' id='word_1_173' title='bbox 377 2448 676 2521; x_wconf 73' lang='grc' dir='ltr'>γενόμενος</span> <span class='ocrx_word' id='word_1_174' title='bbox 726 2447 1014 2518; x_wconf 77' lang='grc' dir='ltr'>ἄνθρωπός</span> <span class='ocrx_word' id='word_1_175' title='bbox 1057 2449 1206 2500; x_wconf 66' lang='grc' dir='ltr'>εστιν</span> <span class='ocrx_word' id='word_1_176' title='bbox 1243 2447 1274 2499; x_wconf 85' lang='lat'><strong>6</strong></span> <span class='ocrx_word' id='word_1_177' title='bbox 1313 2445 1443 2510; x_wconf 83' lang='grc' dir='ltr'>Υίδς</span> <span class='ocrx_word' id='word_1_178' title='bbox 1491 2443 1588 2498; x_wconf 87' lang='grc' dir='ltr'><strong>τοῦ</strong></span> <span class='ocrx_word' id='word_1_179' title='bbox 1631 2441 1788 2505; x_wconf 86' lang='grc' dir='ltr'>Θεοῦ,</span> <span class='ocrx_word' id='word_1_180' title='bbox 1837 2441 1867 2495; x_wconf 88' lang='lat'><strong>6</strong></span> 
     </span>
    </p>
   </div>
   <div class='ocr_carea' id='block_1_27' title="bbox 269 2533 1582 2618">
    <p class='ocr_par' dir='ltr' id='par_1_27' title="bbox 269 2533 1582 2618">
     <span class='ocr_line' id='line_1_27' title="bbox 269 2533 1582 2618; baseline -0.005 -19"><span class='ocrx_word' id='word_1_181' title='bbox 269 2533 581 2618; x_wconf 50' lang='grc' dir='ltr'>’ὁμοούσιος</span> <span class='ocrx_word' id='word_1_182' title='bbox 614 2538 763 2612; x_wconf 78' lang='grc' dir='ltr'>αὐτῷ</span> <span class='ocrx_word' id='word_1_183' title='bbox 790 2557 850 2594; x_wconf 82' lang='grc' dir='ltr'><strong>τε</strong></span> <span class='ocrx_word' id='word_1_184' title='bbox 876 2539 973 2595; x_wconf 68' lang='grc' dir='ltr'>καὶ</span> <span class='ocrx_word' id='word_1_185' title='bbox 997 2539 1076 2610; x_wconf 81' lang='grc' dir='ltr'><strong>τῷ</strong></span> <span class='ocrx_word' id='word_1_186' title='bbox 1110 2540 1251 2612; x_wconf 76' lang='grc' dir='ltr'>ἁγίῳ</span> <span class='ocrx_word' id='word_1_187' title='bbox 1284 2537 1582 2608; x_wconf 77' lang='grc' dir='ltr'>Πνεῦματι.</span> 
     </span>
    </p>
   </div>
   <div class='ocr_carea' id='block_1_28' title="bbox 372 2722 1479 2799">
    <p class='ocr_par' dir='ltr' id='par_1_28' title="bbox 372 2722 1479 2799">
     <span class='ocr_line' id='line_1_28' title="bbox 372 2722 1479 2799; baseline -0.01 -14"><span class='ocrx_word' id='word_1_188' title='bbox 372 2749 394 2785; x_wconf 75' lang='grc' dir='ltr'><strong>ι</strong></span> <span class='ocrx_word' id='word_1_189' title='bbox 427 2729 539 2787; x_wconf 73' lang='grc' dir='ltr'><strong>Καὶ</strong></span> <span class='ocrx_word' id='word_1_190' title='bbox 567 2725 692 2784; x_wconf 76' lang='grc' dir='ltr'>ἐστὲ</span> <span class='ocrx_word' id='word_1_191' title='bbox 719 2729 776 2782; x_wconf 67' lang='grc' dir='ltr'>ἓν</span> <span class='ocrx_word' id='word_1_192' title='bbox 801 2726 952 2799; x_wconf 78' lang='grc' dir='ltr'><strong>αὐτῷ</strong></span> <span class='ocrx_word' id='word_1_193' title='bbox 979 2722 1425 2797; x_wconf 79' lang='grc' dir='ltr'>πεπληρωμένοι.</span> <span class='ocrx_word' id='word_1_194' title='bbox 1461 2742 1479 2774; x_wconf 74' lang='grc' dir='ltr'><strong>ι</strong></span> 
     </span>
    </p>
   </div>
   <div class='ocr_carea' id='block_1_29' title="bbox 379 2811 1864 2894">
    <p class='ocr_par' dir='ltr' id='par_1_29' title="bbox 379 2811 1864 2894">
     <span class='ocr_line' id='line_1_29' title="bbox 379 2811 1864 2894; baseline -0.008 -16"><span class='ocrx_word' id='word_1_195' title='bbox 379 2822 598 2894; x_wconf 76' lang='grc' dir='ltr'>Ἐπειδὴ</span> <span class='ocrx_word' id='word_1_196' title='bbox 626 2821 766 2892; x_wconf 79' lang='grc' dir='ltr'>σὰρξ</span> <span class='ocrx_word' id='word_1_197' title='bbox 803 2819 970 2875; x_wconf 78' lang='grc' dir='ltr'>αὑτοῦ</span> <span class='ocrx_word' id='word_1_198' title='bbox 1011 2819 1107 2874; x_wconf 77' lang='grc' dir='ltr'>καὶ</span> <span class='ocrx_word' id='word_1_199' title='bbox 1151 2816 1288 2889; x_wconf 75' lang='grc' dir='ltr'>μέλη</span> <span class='ocrx_word' id='word_1_200' title='bbox 1323 2815 1610 2884; x_wconf 84' lang='grc' dir='ltr'>γεγόνατε,</span> <span class='ocrx_word' id='word_1_201' title='bbox 1645 2811 1741 2866; x_wconf 71' lang='grc' dir='ltr'><strong>καὶ</strong></span> <span class='ocrx_word' id='word_1_202' title='bbox 1771 2830 1864 2867; x_wconf 75' lang='grc' dir='ltr'>κε-</span> 
     </span>
    </p>
   </div>
   <div class='ocr_carea' id='block_1_30' title="bbox 287 2906 1866 2994">
    <p class='ocr_par' dir='ltr' id='par_1_30' title="bbox 287 2906 1866 2994">
     <span class='ocr_line' id='line_1_30' title="bbox 287 2906 1866 2994; baseline -0.012 -17"><span class='ocrx_word' id='word_1_203' title='bbox 287 2918 471 2994; x_wconf 77' lang='grc' dir='ltr'>φαλὴν</span> <span class='ocrx_word' id='word_1_204' title='bbox 499 2913 666 2973; x_wconf 72' lang='grc' dir='ltr'>αὐτὸν</span> <span class='ocrx_word' id='word_1_205' title='bbox 692 2916 880 2987; x_wconf 72' lang='grc' dir='ltr'>ἔχετε,</span> <span class='ocrx_word' id='word_1_206' title='bbox 907 2913 1097 2970; x_wconf 84' lang='grc' dir='ltr'>τούτου</span> <span class='ocrx_word' id='word_1_207' title='bbox 1149 2912 1310 2984; x_wconf 84' lang='grc' dir='ltr'>χάριν</span> <span class='ocrx_word' id='word_1_208' title='bbox 1353 2910 1671 2980; x_wconf 81' lang='grc' dir='ltr'>Πνεὺματος</span> <span class='ocrx_word' id='word_1_209' title='bbox 1709 2906 1866 2975; x_wconf 83' lang='grc' dir='ltr'>ἁγίου</span> 
     </span>
    </p>
   </div>
   <div class='ocr_carea' id='block_1_31' title="bbox 294 3006 897 3081">
    <p class='ocr_par' dir='ltr' id='par_1_31' title="bbox 294 3006 897 3081">
     <span class='ocr_line' id='line_1_31' title="bbox 294 3006 897 3081; baseline -0.007 -17"><span class='ocrx_word' id='word_1_210' title='bbox 294 3009 424 3066; x_wconf 62' lang='grc' dir='ltr'>ἐστὶ</span> <span class='ocrx_word' id='word_1_211' title='bbox 451 3006 897 3081; x_wconf 77' lang='grc' dir='ltr'>πεπληρωμένοι.</span> 
     </span>
    </p>
   </div>
   <div class='ocr_carea' id='block_1_32' title="bbox 1953 489 3522 579">
    <p class='ocr_par' dir='ltr' id='par_1_32' title="bbox 1953 489 3522 579">
     <span class='ocr_line' id='line_1_32' title="bbox 1953 489 3522 579; baseline -0.011 -17"><span class='ocrx_word' id='word_1_212' title='bbox 1953 504 2288 579; x_wconf 81' lang='lat' dir='ltr'><strong>losophiarn,</strong></span> <span class='ocrx_word' id='word_1_213' title='bbox 2312 510 2364 558; x_wconf 90' lang='lat' dir='ltr'><strong>et</strong></span> <span class='ocrx_word' id='word_1_214' title='bbox 2400 501 2620 556; x_wconf 88' lang='lat' dir='ltr'><strong>inanem</strong></span> <span class='ocrx_word' id='word_1_215' title='bbox 2673 489 2978 562; x_wconf 78' lang='lat' dir='ltr'><strong>fallaciam,</strong></span> <span class='ocrx_word' id='word_1_216' title='bbox 3009 494 3312 552; x_wconf 85' lang='lat' dir='ltr'><strong>secundum</strong></span> <span class='ocrx_word' id='word_1_217' title='bbox 3352 491 3522 546; x_wconf 82' lang='lat' dir='ltr'><strong>tradi—</strong></span> 
     </span>
    </p>
   </div>
   <div class='ocr_carea' id='block_1_33' title="bbox 1956 584 3522 658">
    <p class='ocr_par' dir='ltr' id='par_1_33' title="bbox 1956 584 3522 658">
     <span class='ocr_line' id='line_1_33' title="bbox 1956 584 3522 658; baseline -0.012 -2"><span class='ocrx_word' id='word_1_218' title='bbox 1956 599 2161 656; x_wconf 97' lang='lat' dir='ltr'><strong>tionem</strong></span> <span class='ocrx_word' id='word_1_219' title='bbox 2208 595 2521 658; x_wconf 89' lang='lat' dir='ltr'><strong>hominum,</strong></span> <span class='ocrx_word' id='word_1_220' title='bbox 2566 589 2873 647; x_wconf 88' lang='lat' dir='ltr'><strong>secundum</strong></span> <span class='ocrx_word' id='word_1_221' title='bbox 2906 588 3182 643; x_wconf 86' lang='lat' dir='ltr'><strong>elementa</strong></span> <span class='ocrx_word' id='word_1_222' title='bbox 3218 584 3429 648; x_wconf 88' lang='lat' dir='ltr'><strong>mundi,</strong></span> <span class='ocrx_word' id='word_1_223' title='bbox 3468 592 3522 638; x_wconf 83' lang='lat' dir='ltr'><strong>et</strong></span> 
     </span>
    </p>
   </div>
   <div class='ocr_carea' id='block_1_34' title="bbox 1957 685 2786 750">
    <p class='ocr_par' dir='ltr' id='par_1_34' title="bbox 1957 685 2786 750">
     <span class='ocr_line' id='line_1_34' title="bbox 1957 685 2786 750; baseline -0.014 -1"><span class='ocrx_word' id='word_1_224' title='bbox 1957 708 2065 750; x_wconf 90' lang='lat' dir='ltr'><strong>non</strong></span> <span class='ocrx_word' id='word_1_225' title='bbox 2090 688 2398 749; x_wconf 88' lang='lat' dir='ltr'><strong>secundum</strong></span> <span class='ocrx_word' id='word_1_226' title='bbox 2423 685 2732 743; x_wconf 75' lang='lat' dir='ltr'><strong>Christum.</strong></span> <span class='ocrx_word' id='word_1_227' title='bbox 2767 702 2786 736; x_wconf 69' lang='grc' dir='ltr'><strong>ι</strong></span> 
     </span>
    </p>
   </div>
   <div class='ocr_carea' id='block_1_35' title="bbox 2027 771 3518 851">
    <p class='ocr_par' dir='ltr' id='par_1_35' title="bbox 2027 771 3518 851">
     <span class='ocr_line' id='line_1_35' title="bbox 2027 771 3518 851; baseline -0.011 -12"><span class='ocrx_word' id='word_1_228' title='bbox 2027 782 2142 839; x_wconf 79' lang='lat' dir='ltr'><strong>Hac</strong></span> <span class='ocrx_word' id='word_1_229' title='bbox 2190 781 2246 837; x_wconf 89' lang='lat' dir='ltr'><strong>in</strong></span> <span class='ocrx_word' id='word_1_230' title='bbox 2286 778 2520 851; x_wconf 88' lang='lat' dir='ltr'><strong>epistola</strong></span> <span class='ocrx_word' id='word_1_231' title='bbox 2571 777 2805 833; x_wconf 89' lang='lat' dir='ltr'><strong>multum</strong></span> <span class='ocrx_word' id='word_1_232' title='bbox 2854 787 3163 831; x_wconf 78' lang='lat' dir='ltr'><strong>sermonem</strong></span> <span class='ocrx_word' id='word_1_233' title='bbox 3213 772 3376 826; x_wconf 81' lang='lat' dir='ltr'><strong>habet</strong></span> <span class='ocrx_word' id='word_1_234' title='bbox 3429 771 3518 824; x_wconf 81' lang='lat' dir='ltr'><strong>ad-</strong></span> 
     </span>
    </p>
   </div>
   <div class='ocr_carea' id='block_1_36' title="bbox 1956 865 3530 938">
    <p class='ocr_par' dir='ltr' id='par_1_36' title="bbox 1956 865 3530 938">
     <span class='ocr_line' id='line_1_36' title="bbox 1956 865 3530 938; baseline -0.01 -5"><span class='ocrx_word' id='word_1_235' title='bbox 1956 890 2154 934; x_wconf 78' lang='lat' dir='ltr'><strong>versus</strong></span> <span class='ocrx_word' id='word_1_236' title='bbox 2205 872 2426 929; x_wconf 71' lang='lat' dir='ltr'><strong>Graecos</strong></span> <span class='ocrx_word' id='word_1_237' title='bbox 2475 877 2530 927; x_wconf 91' lang='lat' dir='ltr'><strong>et</strong></span> <span class='ocrx_word' id='word_1_238' title='bbox 2589 867 2828 933; x_wconf 71' lang='lat' dir='ltr'><strong>Iudaeos,</strong></span> <span class='ocrx_word' id='word_1_239' title='bbox 2884 881 2996 938; x_wconf 89' lang='lat' dir='ltr'><strong>quo</strong></span> <span class='ocrx_word' id='word_1_240' title='bbox 3045 865 3115 919; x_wconf 90' lang='lat' dir='ltr'><strong>ab</strong></span> <span class='ocrx_word' id='word_1_241' title='bbox 3173 873 3530 933; x_wconf 80' lang='lat' dir='ltr'><strong>utrorumque</strong></span> 
     </span>
    </p>
   </div>
   <div class='ocr_carea' id='block_1_37' title="bbox 1957 952 3526 1036">
    <p class='ocr_par' dir='ltr' id='par_1_37' title="bbox 1957 952 3526 1036">
     <span class='ocr_line' id='line_1_37' title="bbox 1957 952 3526 1036; baseline -0.011 -15"><span class='ocrx_word' id='word_1_242' title='bbox 1957 966 2232 1036; x_wconf 72' lang='lat' dir='ltr'><strong>pravitate</strong></span> <span class='ocrx_word' id='word_1_243' title='bbox 2289 962 2478 1018; x_wconf 81' lang='lat' dir='ltr'><strong>ﬁdeles</strong></span> <span class='ocrx_word' id='word_1_244' title='bbox 2518 960 2818 1017; x_wconf 82' lang='lat' dir='ltr'><strong>deterreat.</strong></span> <span class='ocrx_word' id='word_1_245' title='bbox 2874 956 3121 1012; x_wconf 85' lang='lat' dir='ltr'><strong>Primum</strong></span> <span class='ocrx_word' id='word_1_246' title='bbox 3154 954 3324 1025; x_wconf 79' lang='lat' dir='ltr'><strong>igitur</strong></span> <span class='ocrx_word' id='word_1_247' title='bbox 3356 952 3526 1023; x_wconf 69' lang='lat' dir='ltr'><strong>pliilo~</strong></span> 
     </span>
    </p>
   </div>
   <div class='ocr_carea' id='block_1_38' title="bbox 1961 1043 3530 1131">
    <p class='ocr_par' dir='ltr' id='par_1_38' title="bbox 1961 1043 3530 1131">
     <span class='ocr_line' id='line_1_38' title="bbox 1961 1043 3530 1131; baseline -0.013 -14"><span class='ocrx_word' id='word_1_248' title='bbox 1961 1058 2172 1131; x_wconf 81' lang='lat' dir='ltr'><strong>sephiae</strong></span> <span class='ocrx_word' id='word_1_249' title='bbox 2205 1054 2585 1127; x_wconf 87' lang='lat' dir='ltr'><strong>deceptionem</strong></span> <span class='ocrx_word' id='word_1_250' title='bbox 2631 1058 2811 1112; x_wconf 85' lang='lat' dir='ltr'><strong>cavet,</strong></span> <span class='ocrx_word' id='word_1_251' title='bbox 2849 1049 2940 1105; x_wconf 90' lang='lat' dir='ltr'><strong>ubi</strong></span> <span class='ocrx_word' id='word_1_252' title='bbox 2973 1043 3379 1120; x_wconf 74' lang='lat' dir='ltr'><strong>philosophiam</strong></span> <span class='ocrx_word' id='word_1_253' title='bbox 3411 1046 3530 1099; x_wconf 83' lang='lat' dir='ltr'><strong>ina-</strong></span> 
     </span>
    </p>
   </div>
   <div class='ocr_carea' id='block_1_39' title="bbox 1960 1138 3532 1222">
    <p class='ocr_par' dir='ltr' id='par_1_39' title="bbox 1960 1138 3532 1222">
     <span class='ocr_line' id='line_1_39' title="bbox 1960 1138 3532 1222; baseline -0.012 -13"><span class='ocrx_word' id='word_1_254' title='bbox 1960 1169 2080 1210; x_wconf 82' lang='lat' dir='ltr'><strong>nem</strong></span> <span class='ocrx_word' id='word_1_255' title='bbox 2105 1148 2387 1222; x_wconf 77' lang='lat' dir='ltr'><strong>fallaciam</strong></span> <span class='ocrx_word' id='word_1_256' title='bbox 2415 1151 2620 1202; x_wconf 80' lang='lat' dir='ltr'><strong>vocat:</strong></span> <span class='ocrx_word' id='word_1_257' title='bbox 2668 1144 2874 1215; x_wconf 88' lang='lat' dir='ltr'><strong>quippe</strong></span> <span class='ocrx_word' id='word_1_258' title='bbox 2914 1155 3038 1213; x_wconf 74' lang='lat' dir='ltr'><strong>quae</strong></span> <span class='ocrx_word' id='word_1_259' title='bbox 3090 1139 3275 1211; x_wconf 82' lang='lat' dir='ltr'><strong>specie</strong></span> <span class='ocrx_word' id='word_1_260' title='bbox 3323 1138 3532 1209; x_wconf 87' lang='lat' dir='ltr'><strong>percel-</strong></span> 
     </span>
    </p>
   </div>
   <div class='ocr_carea' id='block_1_40' title="bbox 1962 1231 3530 1315">
    <p class='ocr_par' dir='ltr' id='par_1_40' title="bbox 1962 1231 3530 1315">
     <span class='ocr_line' id='line_1_40' title="bbox 1962 1231 3530 1315; baseline -0.01 -14"><span class='ocrx_word' id='word_1_261' title='bbox 1962 1247 2056 1311; x_wconf 89' lang='lat' dir='ltr'><strong>lat,</strong></span> <span class='ocrx_word' id='word_1_262' title='bbox 2088 1251 2144 1300; x_wconf 88' lang='lat' dir='ltr'><strong>et</strong></span> <span class='ocrx_word' id='word_1_263' title='bbox 2178 1240 2570 1315; x_wconf 82' lang='lat' dir='ltr'><strong>probabilitate</strong></span> <span class='ocrx_word' id='word_1_264' title='bbox 2596 1239 2878 1293; x_wconf 85' lang='lat' dir='ltr'><strong>rationum</strong></span> <span class='ocrx_word' id='word_1_265' title='bbox 2924 1232 3174 1290; x_wconf 81' lang='lat' dir='ltr'><strong>retrahat</strong></span> <span class='ocrx_word' id='word_1_266' title='bbox 3205 1247 3236 1286; x_wconf 87' lang='lat' dir='ltr'><strong>a</strong></span> <span class='ocrx_word' id='word_1_267' title='bbox 3278 1231 3530 1286; x_wconf 86' lang='lat' dir='ltr'><strong>veritate.</strong></span> 
     </span>
    </p>
   </div>
   <div class='ocr_carea' id='block_1_41' title="bbox 1965 1321 3536 1407">
    <p class='ocr_par' dir='ltr' id='par_1_41' title="bbox 1965 1321 3536 1407">
     <span class='ocr_line' id='line_1_41' title="bbox 1965 1321 3536 1407; baseline -0.015 -16"><span class='ocrx_word' id='word_1_268' title='bbox 1965 1337 2149 1407; x_wconf 82' lang='lat' dir='ltr'><strong>Neque</strong></span> <span class='ocrx_word' id='word_1_269' title='bbox 2181 1334 2329 1392; x_wconf 87' lang='lat' dir='ltr'><strong>enim</strong></span> <span class='ocrx_word' id='word_1_270' title='bbox 2364 1329 2657 1385; x_wconf 82' lang='lat' dir='ltr'><strong>hominum</strong></span> <span class='ocrx_word' id='word_1_271' title='bbox 2693 1339 2856 1382; x_wconf 87' lang='lat' dir='ltr'><strong>sensa</strong></span> <span class='ocrx_word' id='word_1_272' title='bbox 2900 1321 3095 1378; x_wconf 89' lang='lat' dir='ltr'><strong>idonea</strong></span> <span class='ocrx_word' id='word_1_273' title='bbox 3127 1327 3279 1385; x_wconf 86' lang='lat' dir='ltr'><strong>sunt,</strong></span> <span class='ocrx_word' id='word_1_274' title='bbox 3315 1325 3370 1372; x_wconf 89' lang='lat' dir='ltr'><strong>ut</strong></span> <span class='ocrx_word' id='word_1_275' title='bbox 3410 1333 3536 1388; x_wconf 83' lang='lat' dir='ltr'><strong>per.</strong></span> 
     </span>
    </p>
   </div>
   <div class='ocr_carea' id='block_1_42' title="bbox 1964 1410 3533 1500">
    <p class='ocr_par' dir='ltr' id='par_1_42' title="bbox 1964 1410 3533 1500">
     <span class='ocr_line' id='line_1_42' title="bbox 1964 1410 3533 1500; baseline -0.015 -17"><span class='ocrx_word' id='word_1_276' title='bbox 1964 1428 2172 1500; x_wconf 89' lang='lat' dir='ltr'><strong>cipiant</strong></span> <span class='ocrx_word' id='word_1_277' title='bbox 2201 1439 2264 1480; x_wconf 88' lang='lat' dir='ltr'><strong>ea</strong></span> <span class='ocrx_word' id='word_1_278' title='bbox 2296 1437 2417 1493; x_wconf 76' lang='lat' dir='ltr'><strong>qua:</strong></span> <span class='ocrx_word' id='word_1_279' title='bbox 2445 1420 2540 1475; x_wconf 85' lang='lat' dir='ltr'><strong>Dei</strong></span> <span class='ocrx_word' id='word_1_280' title='bbox 2575 1425 2707 1474; x_wconf 84' lang='lat' dir='ltr'><strong>sunt</strong></span> <span class='ocrx_word' id='word_1_281' title='bbox 2734 1432 2748 1470; x_wconf 90' lang='lat'><strong>:</strong></span> <span class='ocrx_word' id='word_1_282' title='bbox 2787 1415 3052 1486; x_wconf 86' lang='lat' dir='ltr'><strong>quoniam</strong></span> <span class='ocrx_word' id='word_1_283' title='bbox 3100 1410 3376 1493; x_wconf 67' lang='lat' dir='ltr'><strong>universa:</strong></span> <span class='ocrx_word' id='word_1_284' title='bbox 3409 1421 3533 1477; x_wconf 48' lang='lat' dir='ltr'><strong>per.</strong></span> 
     </span>
    </p>
   </div>
   <div class='ocr_carea' id='block_1_43' title="bbox 1963 1489 3533 1589">
    <p class='ocr_par' dir='ltr' id='par_1_43' title="bbox 1963 1489 3533 1589">
     <span class='ocr_line' id='line_1_43' title="bbox 1963 1489 3533 1589; baseline -0.016 -12"><span class='ocrx_word' id='word_1_285' title='bbox 1963 1521 2244 1589; x_wconf 86' lang='lat' dir='ltr'><strong>ceptiones</strong></span> <span class='ocrx_word' id='word_1_286' title='bbox 2283 1515 2560 1577; x_wconf 71' lang='lat' dir='ltr'><strong>humanae,</strong></span> <span class='ocrx_word' id='word_1_287' title='bbox 2590 1525 2717 1565; x_wconf 89' lang='lat' dir='ltr'><strong>cum</strong></span> <span class='ocrx_word' id='word_1_288' title='bbox 2757 1524 2788 1562; x_wconf 90' lang='lat' dir='ltr'><strong>a</strong></span> <span class='ocrx_word' id='word_1_289' title='bbox 2841 1489 3157 1562; x_wconf 81' lang='lat' dir='ltr'><strong>visibilibus</strong></span> <span class='ocrx_word' id='word_1_290' title='bbox 3195 1503 3362 1558; x_wconf 84' lang='lat' dir='ltr'><strong>rebus</strong></span> <span class='ocrx_word' id='word_1_291' title='bbox 3392 1497 3533 1554; x_wconf 83' lang='lat' dir='ltr'><strong>inci-</strong></span> 
     </span>
    </p>
   </div>
   <div class='ocr_carea' id='block_1_44' title="bbox 1965 1593 3537 1686">
    <p class='ocr_par' dir='ltr' id='par_1_44' title="bbox 1965 1593 3537 1686">
     <span class='ocr_line' id='line_1_44' title="bbox 1965 1593 3537 1686; baseline -0.013 -18"><span class='ocrx_word' id='word_1_292' title='bbox 1965 1614 2138 1686; x_wconf 87' lang='lat' dir='ltr'><strong>piant,</strong></span> <span class='ocrx_word' id='word_1_293' title='bbox 2170 1622 2384 1666; x_wconf 86' lang='lat' dir='ltr'><strong>necnon</strong></span> <span class='ocrx_word' id='word_1_294' title='bbox 2419 1606 2490 1664; x_wconf 88' lang='lat' dir='ltr'><strong>ab</strong></span> <span class='ocrx_word' id='word_1_295' title='bbox 2515 1601 2806 1677; x_wconf 86' lang='lat' dir='ltr'><strong>elementis</strong></span> <span class='ocrx_word' id='word_1_296' title='bbox 2843 1599 3057 1664; x_wconf 88' lang='lat' dir='ltr'><strong>mundi,</strong></span> <span class='ocrx_word' id='word_1_297' title='bbox 3095 1593 3537 1654; x_wconf 69' lang='lat' dir='ltr'><strong>nihil‘lirmitatis</strong></span> 
     </span>
    </p>
   </div>
   <div class='ocr_carea' id='block_1_45' title="bbox 1967 1683 3539 1769">
    <p class='ocr_par' dir='ltr' id='par_1_45' title="bbox 1967 1683 3539 1769">
     <span class='ocr_line' id='line_1_45' title="bbox 1967 1683 3539 1769; baseline -0.015 -10"><span class='ocrx_word' id='word_1_298' title='bbox 1967 1683 2173 1759; x_wconf 80' lang='lat' dir='ltr'><strong>habent</strong></span> <span class='ocrx_word' id='word_1_299' title='bbox 2203 1699 2271 1756; x_wconf 88' lang='lat' dir='ltr'><strong>ad</strong></span> <span class='ocrx_word' id='word_1_300' title='bbox 2299 1715 2364 1754; x_wconf 91' lang='lat' dir='ltr'><strong>ea</strong></span> <span class='ocrx_word' id='word_1_301' title='bbox 2394 1712 2521 1769; x_wconf 62' lang='lat' dir='ltr'><strong>quae</strong></span> <span class='ocrx_word' id='word_1_302' title='bbox 2548 1703 2875 1768; x_wconf 59' lang='lat' dir='ltr'><strong>quaruntur</strong></span> <span class='ocrx_word' id='word_1_303' title='bbox 2909 1686 3298 1760; x_wconf 75' lang='lat' dir='ltr'><strong>intelligenda,</strong></span> <span class='ocrx_word' id='word_1_304' title='bbox 3335 1683 3539 1756; x_wconf 86' lang='lat' dir='ltr'><strong>quippe</strong></span> 
     </span>
    </p>
   </div>
   <div class='ocr_carea' id='block_1_46' title="bbox 1967 1786 3114 1860">
    <p class='ocr_par' dir='ltr' id='par_1_46' title="bbox 1967 1786 3114 1860">
     <span class='ocr_line' id='line_1_46' title="bbox 1967 1786 3114 1860; baseline -0.014 -9"><span class='ocrx_word' id='word_1_305' title='bbox 1967 1809 2091 1853; x_wconf 81' lang='lat' dir='ltr'><strong>cum</strong></span> <span class='ocrx_word' id='word_1_306' title='bbox 2125 1791 2426 1849; x_wconf 83' lang='lat' dir='ltr'><strong>invisibilia</strong></span> <span class='ocrx_word' id='word_1_307' title='bbox 2465 1790 2580 1848; x_wconf 83' lang='lat' dir='ltr'><strong>sint</strong></span> <span class='ocrx_word' id='word_1_308' title='bbox 2599 1786 2730 1860; x_wconf 68' lang='lat' dir='ltr'><strong>quae</strong></span> <span class='ocrx_word' id='word_1_309' title='bbox 2769 1792 3114 1858; x_wconf 74' lang='lat' dir='ltr'><strong>quaeruntur.</strong></span> 
     </span>
    </p>
   </div>
   <div class='ocr_carea' id='block_1_47' title="bbox 2039 1865 3538 1959">
    <p class='ocr_par' dir='ltr' id='par_1_47' title="bbox 2039 1865 3538 1959">
     <span class='ocr_line' id='line_1_47' title="bbox 2039 1865 3538 1959; baseline -0.017 -11"><span class='ocrx_word' id='word_1_310' title='bbox 2039 1888 2206 1959; x_wconf 70' lang='lat'><strong>210</strong></span> <span class='ocrx_word' id='word_1_311' title='bbox 2235 1885 2402 1942; x_wconf 69' lang='lat' dir='ltr'><strong>Vsus.</strong></span> <span class='ocrx_word' id='word_1_312' title='bbox 2452 1884 2506 1940; x_wconf 84' lang='lat'><strong>9.</strong></span> <span class='ocrx_word' id='word_1_313' title='bbox 2539 1901 2556 1934; x_wconf 81' lang='grc' dir='ltr'><strong>ι</strong></span> <span class='ocrx_word' id='word_1_314' title='bbox 2616 1880 2756 1948; x_wconf 82' lang='lat' dir='ltr'><strong>Quia</strong></span> <span class='ocrx_word' id='word_1_315' title='bbox 2811 1879 2866 1934; x_wconf 87' lang='lat' dir='ltr'><strong>in</strong></span> <span class='ocrx_word' id='word_1_316' title='bbox 2897 1878 3018 1947; x_wconf 91' lang='lat' dir='ltr'><strong>ipso</strong></span> <span class='ocrx_word' id='word_1_317' title='bbox 3057 1871 3327 1929; x_wconf 86' lang='lat' dir='ltr'><strong>inhabitat</strong></span> <span class='ocrx_word' id='word_1_318' title='bbox 3359 1865 3538 1925; x_wconf 86' lang='lat' dir='ltr'><strong>omnis</strong></span> 
     </span>
    </p>
   </div>
   <div class='ocr_carea' id='block_1_48' title="bbox 1967 1971 3052 2056">
    <p class='ocr_par' dir='ltr' id='par_1_48' title="bbox 1967 1971 3052 2056">
     <span class='ocr_line' id='line_1_48' title="bbox 1967 1971 3052 2056; baseline -0.018 -17"><span class='ocrx_word' id='word_1_319' title='bbox 1967 1973 2590 2056; x_wconf 22' lang='lat' dir='ltr'><strong>plenitudo‘divinitatis</strong></span> <span class='ocrx_word' id='word_1_320' title='bbox 2619 1971 3000 2044; x_wconf 78' lang='lat' dir='ltr'><strong>corporaliter.</strong></span> <span class='ocrx_word' id='word_1_321' title='bbox 3035 1987 3052 2020; x_wconf 73' lang='grc' dir='ltr'><strong>ι</strong></span> 
     </span>
    </p>
   </div>
   <div class='ocr_carea' id='block_1_49' title="bbox 2037 2057 3543 2142">
    <p class='ocr_par' dir='ltr' id='par_1_49' title="bbox 2037 2057 3543 2142">
     <span class='ocr_line' id='line_1_49' title="bbox 2037 2057 3543 2142; baseline -0.014 -10"><span class='ocrx_word' id='word_1_322' title='bbox 2037 2077 2097 2133; x_wconf 88' lang='lat' dir='ltr'><strong>1n</strong></span> <span class='ocrx_word' id='word_1_323' title='bbox 2128 2072 2379 2140; x_wconf 85' lang='lat' dir='ltr'><strong>Christo,</strong></span> <span class='ocrx_word' id='word_1_324' title='bbox 2403 2069 2607 2142; x_wconf 88' lang='lat' dir='ltr'><strong>inquit,</strong></span> <span class='ocrx_word' id='word_1_325' title='bbox 2633 2065 2853 2125; x_wconf 75' lang='lat' dir='ltr'><strong>exsistit</strong></span> <span class='ocrx_word' id='word_1_326' title='bbox 2876 2063 3040 2120; x_wconf 82' lang='lat' dir='ltr'><strong>Pater</strong></span> <span class='ocrx_word' id='word_1_327' title='bbox 3070 2076 3136 2118; x_wconf 86' lang='lat' dir='ltr'><strong>ac</strong></span> <span class='ocrx_word' id='word_1_328' title='bbox 3151 2057 3391 2132; x_wconf 83' lang='lat' dir='ltr'><strong>Spiritus</strong></span> <span class='ocrx_word' id='word_1_329' title='bbox 3413 2073 3543 2114; x_wconf 86' lang='lat' dir='ltr'><strong>san—</strong></span> 
     </span>
    </p>
   </div>
   <div class='ocr_carea' id='block_1_50' title="bbox 1970 2152 3542 2237">
    <p class='ocr_par' dir='ltr' id='par_1_50' title="bbox 1970 2152 3542 2237">
     <span class='ocr_line' id='line_1_50' title="bbox 1970 2152 3542 2237; baseline -0.012 -11"><span class='ocrx_word' id='word_1_330' title='bbox 1970 2177 2118 2226; x_wconf 91' lang='lat' dir='ltr'><strong>ctus.</strong></span> <span class='ocrx_word' id='word_1_331' title='bbox 2148 2168 2254 2225; x_wconf 86' lang='lat' dir='ltr'><strong>Sed</strong></span> <span class='ocrx_word' id='word_1_332' title='bbox 2303 2181 2372 2223; x_wconf 86' lang='lat' dir='ltr'><strong>ne</strong></span> <span class='ocrx_word' id='word_1_333' title='bbox 2401 2165 2526 2237; x_wconf 87' lang='lat' dir='ltr'><strong>quis</strong></span> <span class='ocrx_word' id='word_1_334' title='bbox 2560 2161 2843 2220; x_wconf 75' lang='lat' dir='ltr'><strong>existimet</strong></span> <span class='ocrx_word' id='word_1_335' title='bbox 2891 2156 3090 2214; x_wconf 75' lang='lat' dir='ltr'><strong>aliectu</strong></span> <span class='ocrx_word' id='word_1_336' title='bbox 3126 2165 3180 2210; x_wconf 87' lang='lat' dir='ltr'><strong>et</strong></span> <span class='ocrx_word' id='word_1_337' title='bbox 3217 2152 3542 2208; x_wconf 84' lang='lat' dir='ltr'><strong>habitudine</strong></span> 
     </span>
    </p>
   </div>
   <div class='ocr_carea' id='block_1_51' title="bbox 1971 2246 3543 2319">
    <p class='ocr_par' dir='ltr' id='par_1_51' title="bbox 1971 2246 3543 2319">
     <span class='ocr_line' id='line_1_51' title="bbox 1971 2246 3543 2319; baseline -0.011 -1"><span class='ocrx_word' id='word_1_338' title='bbox 1971 2269 2184 2319; x_wconf 88' lang='lat' dir='ltr'><strong>tantum</strong></span> <span class='ocrx_word' id='word_1_339' title='bbox 2220 2256 2676 2315; x_wconf 84' lang='lat' dir='ltr'><strong>inbabitationem</strong></span> <span class='ocrx_word' id='word_1_340' title='bbox 2731 2268 2854 2309; x_wconf 86' lang='lat' dir='ltr'><strong>esse</strong></span> <span class='ocrx_word' id='word_1_341' title='bbox 2892 2250 3132 2314; x_wconf 89' lang='lat' dir='ltr'><strong>deitatis,</strong></span> <span class='ocrx_word' id='word_1_342' title='bbox 3182 2255 3276 2302; x_wconf 88' lang='lat' dir='ltr'><strong>aut</strong></span> <span class='ocrx_word' id='word_1_343' title='bbox 3309 2246 3543 2316; x_wconf 82' lang='lat' dir='ltr'><strong>simplici</strong></span> 
     </span>
    </p>
   </div>
   <div class='ocr_carea' id='block_1_52' title="bbox 1970 2339 3546 2423">
    <p class='ocr_par' dir='ltr' id='par_1_52' title="bbox 1970 2339 3546 2423">
     <span class='ocr_line' id='line_1_52' title="bbox 1970 2339 3546 2423; baseline -0.012 -13"><span class='ocrx_word' id='word_1_344' title='bbox 1970 2351 2396 2423; x_wconf 82' lang='lat' dir='ltr'><strong>conjunctione;</strong></span> <span class='ocrx_word' id='word_1_345' title='bbox 2441 2348 2650 2405; x_wconf 88' lang='lat' dir='ltr'><strong>idcirco</strong></span> <span class='ocrx_word' id='word_1_346' title='bbox 2695 2345 2856 2409; x_wconf 79' lang='lat' dir='ltr'><strong>dixit,</strong></span> <span class='ocrx_word' id='word_1_347' title='bbox 2904 2341 3282 2412; x_wconf 73' lang='lat' dir='ltr'><strong>corporaliter,</strong></span> <span class='ocrx_word' id='word_1_348' title='bbox 3330 2339 3434 2393; x_wconf 91' lang='lat' dir='ltr'><strong>hoc</strong></span> <span class='ocrx_word' id='word_1_349' title='bbox 3458 2346 3546 2392; x_wconf 93' lang='lat' dir='ltr'><strong>est</strong></span> 
     </span>
    </p>
   </div>
   <div class='ocr_carea' id='block_1_53' title="bbox 1971 2427 3543 2513">
    <p class='ocr_par' dir='ltr' id='par_1_53' title="bbox 1971 2427 3543 2513">
     <span class='ocr_line' id='line_1_53' title="bbox 1971 2427 3543 2513; baseline -0.015 -6"><span class='ocrx_word' id='word_1_350' title='bbox 1971 2447 2326 2508; x_wconf 83' lang='lat' dir='ltr'><strong>substantiali</strong></span> <span class='ocrx_word' id='word_1_351' title='bbox 2357 2445 2539 2503; x_wconf 90' lang='lat' dir='ltr'><strong>modo.</strong></span> <span class='ocrx_word' id='word_1_352' title='bbox 2569 2443 2658 2500; x_wconf 77' lang='lat' dir='ltr'><strong>Ait</strong></span> <span class='ocrx_word' id='word_1_353' title='bbox 2685 2454 2840 2513; x_wconf 77' lang='lat' dir='ltr'><strong>ergo,</strong></span> <span class='ocrx_word' id='word_1_354' title='bbox 2871 2441 2974 2494; x_wconf 90' lang='lat' dir='ltr'><strong>hac</strong></span> <span class='ocrx_word' id='word_1_355' title='bbox 3001 2438 3220 2493; x_wconf 84' lang='lat' dir='ltr'><strong>ratione</strong></span> <span class='ocrx_word' id='word_1_356' title='bbox 3252 2434 3408 2489; x_wconf 91' lang='lat' dir='ltr'><strong>illum</strong></span> <span class='ocrx_word' id='word_1_357' title='bbox 3449 2427 3543 2501; x_wconf 86' lang='lat' dir='ltr'><strong>qui</strong></span> 
     </span>
    </p>
   </div>
   <div class='ocr_carea' id='block_1_54' title="bbox 1973 2521 3545 2606">
    <p class='ocr_par' dir='ltr' id='par_1_54' title="bbox 1973 2521 3545 2606">
     <span class='ocr_line' id='line_1_54' title="bbox 1973 2521 3545 2606; baseline -0.013 -8"><span class='ocrx_word' id='word_1_358' title='bbox 1973 2534 2152 2598; x_wconf 74' lang='lat' dir='ltr'><strong>factus</strong></span> <span class='ocrx_word' id='word_1_359' title='bbox 2177 2548 2262 2596; x_wconf 83' lang='lat' dir='ltr'><strong>est</strong></span> <span class='ocrx_word' id='word_1_360' title='bbox 2311 2539 2500 2602; x_wconf 80' lang='lat' dir='ltr'><strong>homo,</strong></span> <span class='ocrx_word' id='word_1_361' title='bbox 2559 2533 2662 2593; x_wconf 87' lang='lat' dir='ltr'><strong>Dei</strong></span> <span class='ocrx_word' id='word_1_362' title='bbox 2719 2534 2921 2590; x_wconf 85' lang='lat' dir='ltr'><strong>Filium</strong></span> <span class='ocrx_word' id='word_1_363' title='bbox 2956 2545 3098 2606; x_wconf 79' lang='lat' dir='ltr'><strong>esse,</strong></span> <span class='ocrx_word' id='word_1_364' title='bbox 3136 2527 3272 2600; x_wconf 84' lang='lat' dir='ltr'><strong>quia</strong></span> <span class='ocrx_word' id='word_1_365' title='bbox 3302 2521 3545 2581; x_wconf 85' lang='lat' dir='ltr'><strong>consub-</strong></span> 
     </span>
    </p>
   </div>
   <div class='ocr_carea' id='block_1_55' title="bbox 1970 2626 3050 2698">
    <p class='ocr_par' dir='ltr' id='par_1_55' title="bbox 1970 2626 3050 2698">
     <span class='ocr_line' id='line_1_55' title="bbox 1970 2626 3050 2698; baseline -0.012 -7"><span class='ocrx_word' id='word_1_366' title='bbox 1970 2634 2245 2691; x_wconf 84' lang='lat' dir='ltr'><strong>stantialis</strong></span> <span class='ocrx_word' id='word_1_367' title='bbox 2275 2642 2362 2690; x_wconf 84' lang='lat' dir='ltr'><strong>est</strong></span> <span class='ocrx_word' id='word_1_368' title='bbox 2389 2632 2461 2697; x_wconf 88' lang='lat' dir='ltr'><strong>ei,</strong></span> <span class='ocrx_word' id='word_1_369' title='bbox 2487 2644 2552 2686; x_wconf 78' lang='lat' dir='ltr'><strong>ac</strong></span> <span class='ocrx_word' id='word_1_370' title='bbox 2578 2626 2810 2698; x_wconf 87' lang='lat' dir='ltr'><strong>Spiritui</strong></span> <span class='ocrx_word' id='word_1_371' title='bbox 2836 2633 3050 2682; x_wconf 84' lang='lat' dir='ltr'><strong>sancto.</strong></span> 
     </span>
    </p>
   </div>
   <div class='ocr_carea' id='block_1_56' title="bbox 2043 2713 3153 2788">
    <p class='ocr_par' dir='ltr' id='par_1_56' title="bbox 2043 2713 3153 2788">
     <span class='ocr_line' id='line_1_56' title="bbox 2043 2713 3153 2788; baseline -0.012 -9"><span class='ocrx_word' id='word_1_372' title='bbox 2043 2725 2213 2782; x_wconf 76' lang='lat' dir='ltr'><strong>Vnus.</strong></span> <span class='ocrx_word' id='word_1_373' title='bbox 2245 2724 2332 2780; x_wconf 76' lang='grc'>10.</span> <span class='ocrx_word' id='word_1_374' title='bbox 2370 2743 2390 2775; x_wconf 72' lang='grc' dir='ltr'><strong>ι</strong></span> <span class='ocrx_word' id='word_1_375' title='bbox 2422 2723 2487 2777; x_wconf 84' lang='grc' dir='ltr'><strong>Εῑ</strong></span> <span class='ocrx_word' id='word_1_376' title='bbox 2518 2725 2653 2778; x_wconf 87' lang='lat' dir='ltr'><strong>estis</strong></span> <span class='ocrx_word' id='word_1_377' title='bbox 2678 2719 2734 2774; x_wconf 91' lang='lat' dir='ltr'><strong>in</strong></span> <span class='ocrx_word' id='word_1_378' title='bbox 2766 2718 2861 2774; x_wconf 94' lang='lat' dir='ltr'><strong>illo</strong></span> <span class='ocrx_word' id='word_1_379' title='bbox 2890 2713 3101 2788; x_wconf 83' lang='lat' dir='ltr'><strong>repleti.</strong></span> <span class='ocrx_word' id='word_1_380' title='bbox 3132 2730 3153 2766; x_wconf 78' lang='grc' dir='ltr'><strong>ι</strong></span> 
     </span>
    </p>
   </div>
   <div class='ocr_carea' id='block_1_57' title="bbox 2043 2797 3549 2890">
    <p class='ocr_par' dir='ltr' id='par_1_57' title="bbox 2043 2797 3549 2890">
     <span class='ocr_line' id='line_1_57' title="bbox 2043 2797 3549 2890; baseline -0.015 -16"><span class='ocrx_word' id='word_1_381' title='bbox 2043 2816 2499 2890; x_wconf 82' lang='lat' dir='ltr'><strong>Quandoquidem</strong></span> <span class='ocrx_word' id='word_1_382' title='bbox 2557 2827 2688 2872; x_wconf 88' lang='lat' dir='ltr'><strong>caro</strong></span> <span class='ocrx_word' id='word_1_383' title='bbox 2742 2810 2923 2882; x_wconf 78' lang='lat' dir='ltr'><strong>ipsius</strong></span> <span class='ocrx_word' id='word_1_384' title='bbox 2989 2805 3066 2864; x_wconf 51' lang='lat' dir='ltr'><strong>et&#39;</strong></span> <span class='ocrx_word' id='word_1_385' title='bbox 3108 2801 3352 2860; x_wconf 87' lang='lat' dir='ltr'><strong>membra</strong></span> <span class='ocrx_word' id='word_1_386' title='bbox 3418 2797 3549 2853; x_wconf 80' lang='lat' dir='ltr'><strong>facti</strong></span> 
     </span>
    </p>
   </div>
   <div class='ocr_carea' id='block_1_58' title="bbox 1971 2892 3540 2978">
    <p class='ocr_par' dir='ltr' id='par_1_58' title="bbox 1971 2892 3540 2978">
     <span class='ocr_line' id='line_1_58' title="bbox 1971 2892 3540 2978; baseline -0.014 -10"><span class='ocrx_word' id='word_1_387' title='bbox 1971 2913 2131 2978; x_wconf 83' lang='lat' dir='ltr'><strong>estis,</strong></span> <span class='ocrx_word' id='word_1_388' title='bbox 2182 2917 2238 2967; x_wconf 91' lang='lat' dir='ltr'><strong>et</strong></span> <span class='ocrx_word' id='word_1_389' title='bbox 2271 2925 2397 2965; x_wconf 90' lang='lat' dir='ltr'><strong>eum</strong></span> <span class='ocrx_word' id='word_1_390' title='bbox 2444 2906 2660 2963; x_wconf 89' lang='lat' dir='ltr'><strong>habetis</strong></span> <span class='ocrx_word' id='word_1_391' title='bbox 2708 2911 2896 2977; x_wconf 90' lang='lat' dir='ltr'><strong>caput,</strong></span> <span class='ocrx_word' id='word_1_392' title='bbox 2928 2915 3046 2958; x_wconf 86' lang='lat' dir='ltr'><strong>eam</strong></span> <span class='ocrx_word' id='word_1_393' title='bbox 3077 2896 3148 2954; x_wconf 87' lang='lat' dir='ltr'><strong>ob</strong></span> <span class='ocrx_word' id='word_1_394' title='bbox 3176 2910 3291 2970; x_wconf 82' lang='lat' dir='ltr'><strong>rem</strong></span> <span class='ocrx_word' id='word_1_395' title='bbox 3327 2892 3540 2965; x_wconf 87' lang='lat' dir='ltr'><strong>Spiritu</strong></span> 
     </span>
    </p>
   </div>
   <div class='ocr_carea' id='block_1_59' title="bbox 1974 2999 2581 3072">
    <p class='ocr_par' dir='ltr' id='par_1_59' title="bbox 1974 2999 2581 3072">
     <span class='ocr_line' id='line_1_59' title="bbox 1974 2999 2581 3072; baseline -0.007 -11"><span class='ocrx_word' id='word_1_396' title='bbox 1974 3011 2168 3061; x_wconf 87' lang='lat' dir='ltr'><strong>sancto</strong></span> <span class='ocrx_word' id='word_1_397' title='bbox 2198 3003 2334 3061; x_wconf 89' lang='lat' dir='ltr'><strong>estis</strong></span> <span class='ocrx_word' id='word_1_398' title='bbox 2366 2999 2581 3072; x_wconf 90' lang='lat' dir='ltr'><strong>repleti.</strong></span> 
     </span>
    </p>
   </div>
   <div class='ocr_carea' id='block_1_60' title="bbox 375 3086 1868 3181">
    <p class='ocr_par' dir='ltr' id='par_1_60' title="bbox 375 3089 1865 3176">
     <span class='ocr_line' id='line_1_60' title="bbox 375 3089 1865 3176; baseline -0.009 -20"><span class='ocrx_word' id='word_1_399' title='bbox 375 3121 395 3156; x_wconf 76' lang='grc' dir='ltr'><strong>ι</strong></span> <span class='ocrx_word' id='word_1_400' title='bbox 435 3102 536 3166; x_wconf 87' lang='grc' dir='ltr'>Ὃς</span> <span class='ocrx_word' id='word_1_401' title='bbox 580 3099 730 3176; x_wconf 59' lang='grc' dir='ltr'>ἔστιν</span> <span class='ocrx_word' id='word_1_402' title='bbox 784 3097 818 3170; x_wconf 70' lang='grc' dir='ltr'>ἢ</span> <span class='ocrx_word' id='word_1_403' title='bbox 872 3095 1088 3169; x_wconf 78' lang='grc' dir='ltr'>κεφαλὴ</span> <span class='ocrx_word' id='word_1_404' title='bbox 1133 3093 1317 3166; x_wconf 81' lang='grc' dir='ltr'>πάσης</span> <span class='ocrx_word' id='word_1_405' title='bbox 1351 3093 1527 3165; x_wconf 79' lang='grc' dir='ltr'>ἀρχῆς</span> <span class='ocrx_word' id='word_1_406' title='bbox 1573 3091 1665 3146; x_wconf 79' lang='grc' dir='ltr'>καὶ</span> <span class='ocrx_word' id='word_1_407' title='bbox 1714 3089 1865 3156; x_wconf 69' lang='grc' dir='ltr'>ἐξου-</span> 
     </span>
    </p>
   </div>
   <div class='ocr_carea' id='block_1_61' title="bbox 1972 3086 3539 3181">
    <p class='ocr_par' dir='ltr' id='par_1_61' title="bbox 2052 3086 3539 3167">
     <span class='ocr_line' id='line_1_61' title="bbox 2052 3086 3539 3167; baseline -0.013 -14"><span class='ocrx_word' id='word_1_408' title='bbox 2052 3117 2073 3153; x_wconf 76' lang='lat' dir='ltr'><strong>t</strong></span> <span class='ocrx_word' id='word_1_409' title='bbox 2106 3098 2213 3166; x_wconf 87' lang='lat' dir='ltr'><strong>Qui</strong></span> <span class='ocrx_word' id='word_1_410' title='bbox 2269 3104 2356 3154; x_wconf 86' lang='lat' dir='ltr'><strong>est</strong></span> <span class='ocrx_word' id='word_1_411' title='bbox 2409 3102 2579 3167; x_wconf 85' lang='lat' dir='ltr'><strong>caput</strong></span> <span class='ocrx_word' id='word_1_412' title='bbox 2624 3091 2812 3149; x_wconf 86' lang='lat' dir='ltr'><strong>omnis</strong></span> <span class='ocrx_word' id='word_1_413' title='bbox 2877 3086 3224 3161; x_wconf 75' lang='lat' dir='ltr'><strong>principatus</strong></span> <span class='ocrx_word' id='word_1_414' title='bbox 3279 3091 3335 3138; x_wconf 91' lang='lat' dir='ltr'><strong>et</strong></span> <span class='ocrx_word' id='word_1_415' title='bbox 3384 3086 3539 3152; x_wconf 88' lang='lat' dir='ltr'><strong>pote-</strong></span> 
     </span>
    </p>
   </div>
   <div class='ocr_carea' id='block_1_62' title="bbox 297 3195 503 3260">
    <p class='ocr_par' dir='ltr' id='par_1_62' title="bbox 297 3195 503 3260">
     <span class='ocr_line' id='line_1_62' title="bbox 297 3195 503 3260; baseline -0.024 -10"><span class='ocrx_word' id='word_1_416' title='bbox 297 3195 443 3260; x_wconf 85' lang='grc' dir='ltr'>σίας.</span> <span class='ocrx_word' id='word_1_417' title='bbox 481 3211 503 3245; x_wconf 69' lang='grc' dir='ltr'><strong>ι</strong></span> 
     </span>
    </p>
   </div>
   <div class='ocr_carea' id='block_1_63' title="bbox 370 3277 1872 3363">
    <p class='ocr_par' dir='ltr' id='par_1_63' title="bbox 370 3277 1872 3363">
     <span class='ocr_line' id='line_1_63' title="bbox 370 3277 1872 3363; baseline -0.011 -19"><span class='ocrx_word' id='word_1_418' title='bbox 370 3288 434 3344; x_wconf 75' lang='grc' dir='ltr'><strong>ΕΙ</strong></span> <span class='ocrx_word' id='word_1_419' title='bbox 463 3286 560 3342; x_wconf 72' lang='grc' dir='ltr'><strong>καὶ</strong></span> <span class='ocrx_word' id='word_1_420' title='bbox 587 3281 880 3363; x_wconf 79' lang='grc' dir='ltr'>δμοούσιος</span> <span class='ocrx_word' id='word_1_421' title='bbox 906 3320 922 3349; x_wconf 93' lang='grc'><strong>,</strong></span> <span class='ocrx_word' id='word_1_422' title='bbox 956 3279 1092 3353; x_wconf 60' lang='grc' dir='ltr'><strong>φησί⁸</strong></span> <span class='ocrx_word' id='word_1_423' title='bbox 1115 3321 1131 3347; x_wconf 90' lang='grc'><strong>,</strong></span> <span class='ocrx_word' id='word_1_424' title='bbox 1163 3279 1392 3350; x_wconf 78' lang='grc' dir='ltr'>γέγονεν</span> <span class='ocrx_word' id='word_1_425' title='bbox 1420 3278 1550 3348; x_wconf 80' lang='grc' dir='ltr'>ἡμῖν</span> <span class='ocrx_word' id='word_1_426' title='bbox 1590 3277 1732 3332; x_wconf 86' lang='grc' dir='ltr'><strong>κατά</strong></span> <span class='ocrx_word' id='word_1_427' title='bbox 1772 3277 1872 3348; x_wconf 79' lang='grc' dir='ltr'>τὴν</span> 
     </span>
    </p>
   </div>
   <div class='ocr_carea' id='block_1_64' title="bbox 297 3365 1872 3452">
    <p class='ocr_par' dir='ltr' id='par_1_64' title="bbox 297 3365 1872 3452">
     <span class='ocr_line' id='line_1_64' title="bbox 297 3365 1872 3452; baseline -0.008 -15"><span class='ocrx_word' id='word_1_428' title='bbox 297 3382 502 3452; x_wconf 85' lang='grc' dir='ltr'>σάρκα,</span> <span class='ocrx_word' id='word_1_429' title='bbox 542 3379 665 3451; x_wconf 75' lang='grc' dir='ltr'>ἦτοι</span> <span class='ocrx_word' id='word_1_430' title='bbox 690 3378 792 3450; x_wconf 78' lang='grc' dir='ltr'>τὴν</span> <span class='ocrx_word' id='word_1_431' title='bbox 822 3375 1216 3450; x_wconf 84' lang='grc' dir='ltr'>ἀνθρωπότητα</span> <span class='ocrx_word' id='word_1_432' title='bbox 1243 3416 1260 3441; x_wconf 91' lang='grc'><strong>,</strong></span> <span class='ocrx_word' id='word_1_433' title='bbox 1310 3371 1428 3428; x_wconf 79' lang='grc' dir='ltr'>ἀλλ’</span> <span class='ocrx_word' id='word_1_434' title='bbox 1460 3365 1553 3428; x_wconf 76' lang='grc' dir='ltr'><strong>οῦν</strong></span> <span class='ocrx_word' id='word_1_435' title='bbox 1592 3373 1687 3429; x_wconf 73' lang='grc' dir='ltr'>καὶ</span> <span class='ocrx_word' id='word_1_436' title='bbox 1714 3365 1872 3436; x_wconf 77' lang='grc' dir='ltr'>οὗτός</span> 
     </span>
    </p>
   </div>
   <div class='ocr_carea' id='block_1_65' title="bbox 296 3463 1374 3536">
    <p class='ocr_par' dir='ltr' id='par_1_65' title="bbox 296 3463 1374 3536">
     <span class='ocr_line' id='line_1_65' title="bbox 296 3463 1374 3536; baseline -0.01 -7"><span class='ocrx_word' id='word_1_437' title='bbox 296 3473 418 3529; x_wconf 63' lang='grc' dir='ltr'>ἔστι</span> <span class='ocrx_word' id='word_1_438' title='bbox 448 3467 888 3535; x_wconf 81' lang='grc' dir='ltr'>κατεξουσιάζων</span> <span class='ocrx_word' id='word_1_439' title='bbox 919 3465 1027 3520; x_wconf 81' lang='grc' dir='ltr'>τῶν</span> <span class='ocrx_word' id='word_1_440' title='bbox 1051 3463 1374 3536; x_wconf 84' lang='grc' dir='ltr'>ἀνθρώπων.</span> 
     </span>
    </p>
   </div>
   <div class='ocr_carea' id='block_1_66' title="bbox 377 3537 1870 3630">
    <p class='ocr_par' dir='ltr' id='par_1_66' title="bbox 377 3537 1870 3630">
     <span class='ocr_line' id='line_1_66' title="bbox 377 3537 1870 3630; baseline -0.006 -13"><span class='ocrx_word' id='word_1_441' title='bbox 377 3583 398 3617; x_wconf 75' lang='grc' dir='ltr'><strong>σ</strong></span> <span class='ocrx_word' id='word_1_442' title='bbox 457 3562 549 3618; x_wconf 84' lang='grc' dir='ltr'><strong>Ἐν</strong></span> <span class='ocrx_word' id='word_1_443' title='bbox 606 3552 652 3630; x_wconf 78' lang='grc' dir='ltr'>ᾧ</span> <span class='ocrx_word' id='word_1_444' title='bbox 710 3559 808 3614; x_wconf 67' lang='grc' dir='ltr'>καὶ</span> <span class='ocrx_word' id='word_1_445' title='bbox 882 3537 1287 3630; x_wconf 72' lang='grc' dir='ltr'>περιετμῆθητε</span> <span class='ocrx_word' id='word_1_446' title='bbox 1342 3557 1610 3628; x_wconf 77' lang='grc' dir='ltr'>περιτομῇ</span> <span class='ocrx_word' id='word_1_447' title='bbox 1656 3553 1870 3626; x_wconf 79' lang='grc' dir='ltr'>ἀχειρο-</span> 
     </span>
    </p>
   </div>
   <div class='ocr_carea' id='block_1_67' title="bbox 296 3647 1871 3729">
    <p class='ocr_par' dir='ltr' id='par_1_67' title="bbox 296 3647 1871 3729">
     <span class='ocr_line' id='line_1_67' title="bbox 296 3647 1871 3729; baseline -0.008 -18"><span class='ocrx_word' id='word_1_448' title='bbox 296 3657 532 3729; x_wconf 76' lang='grc' dir='ltr'>ποιήτῳ,</span> <span class='ocrx_word' id='word_1_449' title='bbox 561 3655 620 3710; x_wconf 69' lang='grc' dir='ltr'>ἑν</span> <span class='ocrx_word' id='word_1_450' title='bbox 641 3655 706 3729; x_wconf 79' lang='grc' dir='ltr'>τῇ</span> <span class='ocrx_word' id='word_1_451' title='bbox 733 3651 1027 3708; x_wconf 77' lang='grc' dir='ltr'>ἀπεκδύσει</span> <span class='ocrx_word' id='word_1_452' title='bbox 1053 3647 1151 3705; x_wconf 85' lang='grc' dir='ltr'><strong>τοῦ</strong></span> <span class='ocrx_word' id='word_1_453' title='bbox 1179 3648 1432 3722; x_wconf 85' lang='grc' dir='ltr'>σώματος</span> <span class='ocrx_word' id='word_1_454' title='bbox 1456 3649 1566 3702; x_wconf 85' lang='grc' dir='ltr'><strong>τῶν</strong></span> <span class='ocrx_word' id='word_1_455' title='bbox 1588 3647 1871 3722; x_wconf 80' lang='grc' dir='ltr'>ἁμαρτιῶν</span> 
     </span>
    </p>
   </div>
   <div class='ocr_carea' id='block_1_68' title="bbox 297 3736 1878 3891">
    <p class='ocr_par' dir='ltr' id='par_1_68' title="bbox 297 3736 1878 3891">
     <span class='ocr_line' id='line_1_68' title="bbox 297 3736 1878 3822; baseline -0.009 -20"><span class='ocrx_word' id='word_1_456' title='bbox 297 3748 400 3820; x_wconf 82' lang='grc' dir='ltr'>τῆς</span> <span class='ocrx_word' id='word_1_457' title='bbox 430 3743 610 3822; x_wconf 50' lang='grc' dir='ltr'><strong>σαρκοΔ</strong></span> <span class='ocrx_word' id='word_1_458' title='bbox 642 3783 658 3809; x_wconf 88' lang='grc'><strong>,</strong></span> <span class='ocrx_word' id='word_1_459' title='bbox 686 3743 746 3797; x_wconf 70' lang='grc' dir='ltr'>ιν</span> <span class='ocrx_word' id='word_1_460' title='bbox 768 3744 836 3815; x_wconf 80' lang='grc' dir='ltr'>τῇ</span> <span class='ocrx_word' id='word_1_461' title='bbox 863 3743 1134 3814; x_wconf 79' lang='grc' dir='ltr'>περιτομῇ</span> <span class='ocrx_word' id='word_1_462' title='bbox 1164 3737 1259 3794; x_wconf 87' lang='grc' dir='ltr'><strong>τοῦ</strong></span> <span class='ocrx_word' id='word_1_463' title='bbox 1292 3736 1552 3810; x_wconf 78' lang='grc' dir='ltr'>Χριστοῦ,</span> <span class='ocrx_word' id='word_1_464' title='bbox 1587 3737 1878 3805; x_wconf 81' lang='grc' dir='ltr'>συνταφέν-</span> 
     </span>
     <span class='ocr_line' id='line_1_69' title="bbox 297 3761 1873 3891; baseline -0.006 0"><span class='ocrx_word' id='word_1_465' title='bbox 297 3857 393 3891; x_wconf 74' lang='grc' dir='ltr'>τις</span> <span class='ocrx_word' id='word_1_466' title='bbox 426 3761 663 3891; x_wconf 46' lang='lat' dir='ltr'><strong>attuli;</strong></span> <span class='ocrx_word' id='word_1_467' title='bbox 686 3834 762 3891; x_wconf 86' lang='grc' dir='ltr'><strong>τῶ</strong></span> <span class='ocrx_word' id='word_1_468' title='bbox 794 3833 1128 3891; x_wconf 79' lang='grc' dir='ltr'>Βαπτίσματι</span> <span class='ocrx_word' id='word_1_469' title='bbox 1147 3875 1163 3891; x_wconf 91' lang='grc'><strong>.</strong></span> <span class='ocrx_word' id='word_1_470' title='bbox 1204 3833 1263 3886; x_wconf 73' lang='grc' dir='ltr'>ἐν</span> <span class='ocrx_word' id='word_1_471' title='bbox 1284 3825 1345 3891; x_wconf 73' lang='grc' dir='ltr'><strong>ὦ</strong></span> <span class='ocrx_word' id='word_1_472' title='bbox 1377 3831 1474 3886; x_wconf 77' lang='grc' dir='ltr'>καὶ</span> <span class='ocrx_word' id='word_1_473' title='bbox 1503 3820 1873 3891; x_wconf 52' lang='grc' dir='ltr'>συηψέρθητε</span> 
     </span>
    </p>
   </div>
   <div class='ocr_carea' id='block_1_69' title="bbox 294 3820 1873 3910">
    <p class='ocr_par' dir='ltr' id='par_1_69' title="bbox 294 3820 1873 3910">
     <span class='ocr_line' id='line_1_70' title="bbox 294 3820 1873 3910; baseline -0.009 -14"><span class='ocrx_word' id='word_1_474' title='bbox 294 3857 393 3905; x_wconf 80' lang='grc' dir='ltr'><strong>τες</strong></span> <span class='ocrx_word' id='word_1_475' title='bbox 426 3820 663 3910; x_wconf 42' lang='lat' dir='ltr'><strong>nimii“</strong></span> <span class='ocrx_word' id='word_1_476' title='bbox 686 3834 762 3908; x_wconf 84' lang='grc' dir='ltr'>τῷ</span> <span class='ocrx_word' id='word_1_477' title='bbox 792 3833 1128 3907; x_wconf 80' lang='grc' dir='ltr'>βαπτίσματι</span> <span class='ocrx_word' id='word_1_478' title='bbox 1147 3875 1163 3898; x_wconf 89' lang='grc'><strong>,</strong></span> <span class='ocrx_word' id='word_1_479' title='bbox 1204 3833 1263 3886; x_wconf 74' lang='grc' dir='ltr'>ἐν</span> <span class='ocrx_word' id='word_1_480' title='bbox 1284 3825 1345 3900; x_wconf 75' lang='grc' dir='ltr'>ᾧ</span> <span class='ocrx_word' id='word_1_481' title='bbox 1377 3831 1474 3886; x_wconf 79' lang='grc' dir='ltr'>καὶ</span> <span class='ocrx_word' id='word_1_482' title='bbox 1503 3820 1873 3902; x_wconf 49' lang='grc' dir='ltr'>συνηγέρθητε</span> 
     </span>
    </p>
   </div>
   <div class='ocr_carea' id='block_1_70' title="bbox 296 3923 1872 4002">
    <p class='ocr_par' dir='ltr' id='par_1_70' title="bbox 296 3923 1872 4002">
     <span class='ocr_line' id='line_1_71' title="bbox 296 3923 1872 4002; baseline -0.009 -12"><span class='ocrx_word' id='word_1_483' title='bbox 296 3933 389 3990; x_wconf 78' lang='grc' dir='ltr'><strong>διὰ</strong></span> <span class='ocrx_word' id='word_1_484' title='bbox 425 3930 526 4002; x_wconf 84' lang='grc' dir='ltr'>τῆς</span> <span class='ocrx_word' id='word_1_485' title='bbox 559 3929 801 3995; x_wconf 83' lang='grc' dir='ltr'>πίστεως</span> <span class='ocrx_word' id='word_1_486' title='bbox 826 3927 926 3999; x_wconf 81' lang='grc' dir='ltr'>τῆς</span> <span class='ocrx_word' id='word_1_487' title='bbox 955 3925 1238 3997; x_wconf 68' lang='grc' dir='ltr'>ἐνεργείας</span> <span class='ocrx_word' id='word_1_488' title='bbox 1267 3924 1360 3980; x_wconf 85' lang='grc' dir='ltr'><strong>τοῦ</strong></span> <span class='ocrx_word' id='word_1_489' title='bbox 1391 3924 1559 3990; x_wconf 87' lang='grc' dir='ltr'>Θεοῦ,</span> <span class='ocrx_word' id='word_1_490' title='bbox 1593 3924 1690 3978; x_wconf 87' lang='grc' dir='ltr'><strong>τοῦ</strong></span> <span class='ocrx_word' id='word_1_491' title='bbox 1726 3923 1872 3993; x_wconf 80' lang='grc' dir='ltr'>ἐγεί-</span> 
     </span>
    </p>
   </div>
   <div class='ocr_carea' id='block_1_71' title="bbox 303 4015 1873 4097">
    <p class='ocr_par' dir='ltr' id='par_1_71' title="bbox 303 4015 1873 4097">
     <span class='ocr_line' id='line_1_72' title="bbox 303 4015 1873 4097; baseline -0.011 -15"><span class='ocrx_word' id='word_1_492' title='bbox 303 4038 503 4097; x_wconf 81' lang='grc' dir='ltr'>ραντος</span> <span class='ocrx_word' id='word_1_493' title='bbox 540 4020 706 4076; x_wconf 76' lang='grc' dir='ltr'>αὑτὸν</span> <span class='ocrx_word' id='word_1_494' title='bbox 737 4021 803 4073; x_wconf 75' lang='grc' dir='ltr'><strong>εκ</strong></span> <span class='ocrx_word' id='word_1_495' title='bbox 848 4017 959 4076; x_wconf 81' lang='grc' dir='ltr'><strong>τῶν</strong></span> <span class='ocrx_word' id='word_1_496' title='bbox 998 4015 1232 4088; x_wconf 83' lang='grc' dir='ltr'>νεκρῶν.</span> <span class='ocrx_word' id='word_1_497' title='bbox 1279 4015 1393 4071; x_wconf 79' lang='grc' dir='ltr'><strong>Καὶ</strong></span> <span class='ocrx_word' id='word_1_498' title='bbox 1450 4016 1596 4087; x_wconf 81' lang='grc' dir='ltr'>ὑμᾶς</span> <span class='ocrx_word' id='word_1_499' title='bbox 1648 4015 1873 4086; x_wconf 80' lang='grc' dir='ltr'>νεκροὺς</span> 
     </span>
    </p>
   </div>
   <div class='ocr_carea' id='block_1_72' title="bbox 298 4103 1875 4183">
    <p class='ocr_par' dir='ltr' id='par_1_72' title="bbox 298 4103 1875 4183">
     <span class='ocr_line' id='line_1_73' title="bbox 298 4103 1875 4183; baseline -0.006 -17"><span class='ocrx_word' id='word_1_500' title='bbox 298 4114 465 4180; x_wconf 79' lang='grc' dir='ltr'>δντας</span> <span class='ocrx_word' id='word_1_501' title='bbox 500 4113 560 4169; x_wconf 69' lang='grc' dir='ltr'>ἐν</span> <span class='ocrx_word' id='word_1_502' title='bbox 585 4112 698 4175; x_wconf 73' lang='grc' dir='ltr'>τοῖς</span> <span class='ocrx_word' id='word_1_503' title='bbox 731 4107 1166 4183; x_wconf 83' lang='grc' dir='ltr'>παραπτώμασι,</span> <span class='ocrx_word' id='word_1_504' title='bbox 1204 4107 1298 4162; x_wconf 84' lang='grc' dir='ltr'>καὶ</span> <span class='ocrx_word' id='word_1_505' title='bbox 1325 4109 1391 4178; x_wconf 76' lang='grc' dir='ltr'>τῇ</span> <span class='ocrx_word' id='word_1_506' title='bbox 1421 4103 1759 4178; x_wconf 77' lang='grc' dir='ltr'>ἀκροδυστίᾳ</span> <span class='ocrx_word' id='word_1_507' title='bbox 1776 4105 1875 4175; x_wconf 77' lang='grc' dir='ltr'>τῆς</span> 
     </span>
    </p>
   </div>
   <div class='ocr_carea' id='block_1_73' title="bbox 301 4196 1872 4280">
    <p class='ocr_par' dir='ltr' id='par_1_73' title="bbox 301 4196 1872 4280">
     <span class='ocr_line' id='line_1_74' title="bbox 301 4196 1872 4280; baseline -0.008 -18"><span class='ocrx_word' id='word_1_508' title='bbox 301 4204 517 4280; x_wconf 71' lang='grc' dir='ltr'>σαρκὸς.</span> <span class='ocrx_word' id='word_1_509' title='bbox 563 4203 740 4276; x_wconf 77' lang='grc' dir='ltr'>ὑμῶν,</span> <span class='ocrx_word' id='word_1_510' title='bbox 801 4199 1268 4270; x_wconf 76' lang='grc' dir='ltr'>συνεζωοποίησεν</span> <span class='ocrx_word' id='word_1_511' title='bbox 1327 4199 1474 4269; x_wconf 76' lang='grc' dir='ltr'>ὑμᾶς</span> <span class='ocrx_word' id='word_1_512' title='bbox 1531 4197 1630 4252; x_wconf 80' lang='grc' dir='ltr'>σὺν</span> <span class='ocrx_word' id='word_1_513' title='bbox 1687 4196 1872 4269; x_wconf 82' lang='grc' dir='ltr'>αὐτῷ,</span> 
     </span>
    </p>
   </div>
   <div class='ocr_carea' id='block_1_74' title="bbox 296 4286 1659 4368">
    <p class='ocr_par' dir='ltr' id='par_1_74' title="bbox 296 4286 1659 4368">
     <span class='ocr_line' id='line_1_75' title="bbox 296 4286 1659 4368; baseline -0.007 -18"><span class='ocrx_word' id='word_1_514' title='bbox 296 4293 671 4368; x_wconf 76' lang='grc' dir='ltr'>χαρισάμενος</span> <span class='ocrx_word' id='word_1_515' title='bbox 699 4290 830 4364; x_wconf 75' lang='grc' dir='ltr'>ὑμῖν</span> <span class='ocrx_word' id='word_1_516' title='bbox 847 4290 1026 4345; x_wconf 83' lang='grc' dir='ltr'>πάντα</span> <span class='ocrx_word' id='word_1_517' title='bbox 1054 4289 1121 4343; x_wconf 79' lang='grc' dir='ltr'><strong>τά</strong></span> <span class='ocrx_word' id='word_1_518' title='bbox 1151 4286 1599 4359; x_wconf 81' lang='grc' dir='ltr'>παραπτώματα.</span> <span class='ocrx_word' id='word_1_519' title='bbox 1640 4305 1659 4339; x_wconf 78' lang='grc' dir='ltr'><strong>ι</strong></span> 
     </span>
    </p>
   </div>
   <div class='ocr_carea' id='block_1_75' title="bbox 386 4378 1876 4452">
    <p class='ocr_par' dir='ltr' id='par_1_75' title="bbox 386 4378 1876 4452">
     <span class='ocr_line' id='line_1_76' title="bbox 386 4378 1876 4452; baseline -0.005 -9"><span class='ocrx_word' id='word_1_520' title='bbox 386 4383 776 4443; x_wconf 76' lang='grc' dir='ltr'>ἐπισυνάπτει</span> <span class='ocrx_word' id='word_1_521' title='bbox 805 4383 915 4448; x_wconf 75' lang='grc' dir='ltr'>τοῖς</span> <span class='ocrx_word' id='word_1_522' title='bbox 963 4382 1271 4445; x_wconf 79' lang='grc' dir='ltr'>Ἰουδαϊκοῖς</span> <span class='ocrx_word' id='word_1_523' title='bbox 1311 4379 1378 4435; x_wconf 80' lang='grc' dir='ltr'><strong>τὰ</strong></span> <span class='ocrx_word' id='word_1_524' title='bbox 1419 4378 1742 4452; x_wconf 81' lang='grc' dir='ltr'>Ἑλληνικά,</span> <span class='ocrx_word' id='word_1_525' title='bbox 1774 4381 1876 4435; x_wconf 77' lang='grc' dir='ltr'>οὐκ</span> 
     </span>
    </p>
   </div>
   <div class='ocr_carea' id='block_1_76' title="bbox 1979 3193 2218 3252">
    <p class='ocr_par' dir='ltr' id='par_1_76' title="bbox 1979 3193 2218 3252">
     <span class='ocr_line' id='line_1_77' title="bbox 1979 3193 2218 3252; baseline -0.029 0"><span class='ocrx_word' id='word_1_526' title='bbox 1979 3193 2167 3252; x_wconf 81' lang='lat' dir='ltr'><strong>statis.</strong></span> <span class='ocrx_word' id='word_1_527' title='bbox 2197 3211 2218 3245; x_wconf 76' lang='grc' dir='ltr'><strong>ι</strong></span> 
     </span>
    </p>
   </div>
   <div class='ocr_carea' id='block_1_77' title="bbox 2049 3263 3547 3351">
    <p class='ocr_par' dir='ltr' id='par_1_77' title="bbox 2049 3263 3547 3351">
     <span class='ocr_line' id='line_1_78' title="bbox 2049 3263 3547 3351; baseline -0.014 -10"><span class='ocrx_word' id='word_1_528' title='bbox 2049 3281 2314 3346; x_wconf 88' lang='lat' dir='ltr'><strong>Tametsi,</strong></span> <span class='ocrx_word' id='word_1_529' title='bbox 2364 3279 2565 3351; x_wconf 86' lang='lat' dir='ltr'><strong>inquit,</strong></span> <span class='ocrx_word' id='word_1_530' title='bbox 2609 3272 3090 3334; x_wconf 82' lang='lat' dir='ltr'><strong>consubstantialis</strong></span> <span class='ocrx_word' id='word_1_531' title='bbox 3145 3267 3305 3326; x_wconf 83' lang='lat' dir='ltr'><strong>nobis</strong></span> <span class='ocrx_word' id='word_1_532' title='bbox 3364 3263 3547 3323; x_wconf 81' lang='lat' dir='ltr'><strong>factus</strong></span> 
     </span>
    </p>
   </div>
   <div class='ocr_carea' id='block_1_78' title="bbox 1975 3356 3554 3435">
    <p class='ocr_par' dir='ltr' id='par_1_78' title="bbox 1975 3356 3554 3435">
     <span class='ocr_line' id='line_1_79' title="bbox 1975 3356 3554 3435; baseline -0.016 0"><span class='ocrx_word' id='word_1_533' title='bbox 1975 3385 2062 3435; x_wconf 84' lang='lat' dir='ltr'><strong>est</strong></span> <span class='ocrx_word' id='word_1_534' title='bbox 2101 3374 2398 3432; x_wconf 84' lang='lat' dir='ltr'><strong>secundum</strong></span> <span class='ocrx_word' id='word_1_535' title='bbox 2449 3385 2697 3434; x_wconf 85' lang='lat' dir='ltr'><strong>carnem,</strong></span> <span class='ocrx_word' id='word_1_536' title='bbox 2731 3380 3055 3424; x_wconf 86' lang='lat' dir='ltr'><strong>naturamve</strong></span> <span class='ocrx_word' id='word_1_537' title='bbox 3097 3363 3418 3432; x_wconf 87' lang='lat' dir='ltr'><strong>humanam,</strong></span> <span class='ocrx_word' id='word_1_538' title='bbox 3475 3356 3554 3412; x_wconf 89' lang='lat' dir='ltr'><strong>ni-</strong></span> 
     </span>
    </p>
   </div>
   <div class='ocr_carea' id='block_1_79' title="bbox 1981 3453 3405 3538">
    <p class='ocr_par' dir='ltr' id='par_1_79' title="bbox 1981 3453 3405 3538">
     <span class='ocr_line' id='line_1_80' title="bbox 1981 3453 3405 3538; baseline -0.015 -11"><span class='ocrx_word' id='word_1_539' title='bbox 1981 3468 2280 3526; x_wconf 84' lang='lat' dir='ltr'><strong>hilominus</strong></span> <span class='ocrx_word' id='word_1_540' title='bbox 2317 3466 2437 3538; x_wconf 89' lang='lat' dir='ltr'><strong>ipse</strong></span> <span class='ocrx_word' id='word_1_541' title='bbox 2480 3478 2702 3536; x_wconf 88' lang='lat' dir='ltr'><strong>quoque</strong></span> <span class='ocrx_word' id='word_1_542' title='bbox 2733 3459 3056 3517; x_wconf 87' lang='lat' dir='ltr'><strong>hominibus</strong></span> <span class='ocrx_word' id='word_1_543' title='bbox 3086 3453 3405 3513; x_wconf 86' lang='lat' dir='ltr'><strong>dominatur</strong></span> 
     </span>
    </p>
   </div>
   <div class='ocr_carea' id='block_1_80' title="bbox 2048 3537 3550 3619">
    <p class='ocr_par' dir='ltr' id='par_1_80' title="bbox 2048 3537 3550 3619">
     <span class='ocr_line' id='line_1_81' title="bbox 2048 3537 3550 3619; baseline -0.015 -6"><span class='ocrx_word' id='word_1_544' title='bbox 2048 3557 2218 3613; x_wconf 69' lang='lat' dir='ltr'><strong>Vsus.</strong></span> <span class='ocrx_word' id='word_1_545' title='bbox 2254 3537 2442 3609; x_wconf 58' lang='lat' dir='ltr'><strong>H45.</strong></span> <span class='ocrx_word' id='word_1_546' title='bbox 2492 3571 2512 3604; x_wconf 80' lang='grc' dir='ltr'><strong>ι</strong></span> <span class='ocrx_word' id='word_1_547' title='bbox 2551 3552 2608 3606; x_wconf 87' lang='lat' dir='ltr'><strong>ln</strong></span> <span class='ocrx_word' id='word_1_548' title='bbox 2639 3563 2751 3619; x_wconf 91' lang='lat' dir='ltr'><strong>quo</strong></span> <span class='ocrx_word' id='word_1_549' title='bbox 2796 3556 2847 3605; x_wconf 90' lang='lat' dir='ltr'><strong>et</strong></span> <span class='ocrx_word' id='word_1_550' title='bbox 2898 3542 3214 3602; x_wconf 87' lang='lat' dir='ltr'><strong>circumcisi</strong></span> <span class='ocrx_word' id='word_1_551' title='bbox 3247 3543 3405 3604; x_wconf 85' lang='lat' dir='ltr'><strong>estis,</strong></span> <span class='ocrx_word' id='word_1_552' title='bbox 3440 3537 3550 3593; x_wconf 80' lang='lat' dir='ltr'><strong>cir-</strong></span> 
     </span>
    </p>
   </div>
   <div class='ocr_carea' id='block_1_81' title="bbox 1981 3634 3554 3711">
    <p class='ocr_par' dir='ltr' id='par_1_81' title="bbox 1981 3634 3554 3711">
     <span class='ocr_line' id='line_1_82' title="bbox 1981 3634 3554 3711; baseline -0.017 -5"><span class='ocrx_word' id='word_1_553' title='bbox 1981 3649 2321 3705; x_wconf 88' lang='lat' dir='ltr'><strong>cumcisione</strong></span> <span class='ocrx_word' id='word_1_554' title='bbox 2350 3660 2459 3701; x_wconf 91' lang='lat' dir='ltr'><strong>non</strong></span> <span class='ocrx_word' id='word_1_555' title='bbox 2487 3640 2804 3698; x_wconf 81' lang='lat' dir='ltr'><strong>manulacta</strong></span> <span class='ocrx_word' id='word_1_556' title='bbox 2837 3638 2893 3692; x_wconf 92' lang='lat' dir='ltr'><strong>in</strong></span> <span class='ocrx_word' id='word_1_557' title='bbox 2921 3634 3326 3711; x_wconf 79' lang='lat' dir='ltr'><strong>exspoliatione</strong></span> <span class='ocrx_word' id='word_1_558' title='bbox 3355 3642 3554 3699; x_wconf 84' lang='lat' dir='ltr'><strong>corpo-</strong></span> 
     </span>
    </p>
   </div>
   <div class='ocr_carea' id='block_1_82' title="bbox 1981 3719 3555 3814">
    <p class='ocr_par' dir='ltr' id='par_1_82' title="bbox 1981 3719 3555 3814">
     <span class='ocr_line' id='line_1_83' title="bbox 1981 3719 3555 3814; baseline -0.017 -16"><span class='ocrx_word' id='word_1_559' title='bbox 1981 3744 2063 3798; x_wconf 91' lang='lat' dir='ltr'><strong>ris</strong></span> <span class='ocrx_word' id='word_1_560' title='bbox 2087 3748 2440 3814; x_wconf 79' lang='lat' dir='ltr'><strong>peccatorum</strong></span> <span class='ocrx_word' id='word_1_561' title='bbox 2470 3735 2678 3802; x_wconf 86' lang='lat' dir='ltr'><strong>carnis,</strong></span> <span class='ocrx_word' id='word_1_562' title='bbox 2709 3732 2805 3789; x_wconf 86' lang='lat' dir='ltr'><strong>sed</strong></span> <span class='ocrx_word' id='word_1_563' title='bbox 2842 3731 2898 3786; x_wconf 89' lang='lat' dir='ltr'><strong>in</strong></span> <span class='ocrx_word' id='word_1_564' title='bbox 2929 3724 3354 3786; x_wconf 73' lang='lat' dir='ltr'><strong>circumcisione</strong></span> <span class='ocrx_word' id='word_1_565' title='bbox 3392 3719 3555 3776; x_wconf 87' lang='lat' dir='ltr'><strong>Chri-</strong></span> 
     </span>
    </p>
   </div>
   <div class='ocr_carea' id='block_1_83' title="bbox 1981 3807 3554 3902">
    <p class='ocr_par' dir='ltr' id='par_1_83' title="bbox 1981 3807 3554 3902">
     <span class='ocr_line' id='line_1_84' title="bbox 1981 3807 3554 3902; baseline -0.015 -11"><span class='ocrx_word' id='word_1_566' title='bbox 1981 3807 2104 3902; x_wconf 38' lang='lat' dir='ltr'><strong>sti;</strong></span> <span class='ocrx_word' id='word_1_567' title='bbox 2136 3829 2447 3902; x_wconf 89' lang='lat' dir='ltr'><strong>consepulti</strong></span> <span class='ocrx_word' id='word_1_568' title='bbox 2491 3827 2552 3896; x_wconf 8' lang='lat' dir='ltr'><strong>rei</strong></span> <span class='ocrx_word' id='word_1_569' title='bbox 2603 3827 2658 3883; x_wconf 91' lang='lat' dir='ltr'><strong>in</strong></span> <span class='ocrx_word' id='word_1_570' title='bbox 2698 3823 2992 3896; x_wconf 88' lang='lat' dir='ltr'><strong>baptismo,</strong></span> <span class='ocrx_word' id='word_1_571' title='bbox 3036 3820 3095 3876; x_wconf 87' lang='lat' dir='ltr'><strong>in</strong></span> <span class='ocrx_word' id='word_1_572' title='bbox 3143 3807 3353 3891; x_wconf 41' lang='lat' dir='ltr'><strong>quo&#39;et</strong></span> <span class='ocrx_word' id='word_1_573' title='bbox 3385 3811 3554 3870; x_wconf 88' lang='lat' dir='ltr'><strong>simul</strong></span> 
     </span>
    </p>
   </div>
   <div class='ocr_carea' id='block_1_84' title="bbox 1983 3904 3548 3991">
    <p class='ocr_par' dir='ltr' id='par_1_84' title="bbox 1983 3904 3548 3991">
     <span class='ocr_line' id='line_1_85' title="bbox 1983 3904 3548 3991; baseline -0.013 -13"><span class='ocrx_word' id='word_1_574' title='bbox 1983 3921 2361 3980; x_wconf 82' lang='lat' dir='ltr'><strong>resurrexistis</strong></span> <span class='ocrx_word' id='word_1_575' title='bbox 2398 3933 2494 3991; x_wconf 85' lang='lat' dir='ltr'><strong>per</strong></span> <span class='ocrx_word' id='word_1_576' title='bbox 2534 3916 2692 3973; x_wconf 74' lang='lat' dir='ltr'><strong>ﬁdem</strong></span> <span class='ocrx_word' id='word_1_577' title='bbox 2722 3911 3062 3986; x_wconf 87' lang='lat' dir='ltr'><strong>operationis</strong></span> <span class='ocrx_word' id='word_1_578' title='bbox 3109 3905 3229 3976; x_wconf 85' lang='lat' dir='ltr'><strong>Dei,</strong></span> <span class='ocrx_word' id='word_1_579' title='bbox 3266 3904 3358 3979; x_wconf 91' lang='lat' dir='ltr'><strong>qui</strong></span> <span class='ocrx_word' id='word_1_580' title='bbox 3416 3916 3548 3961; x_wconf 76' lang='lat' dir='ltr'><strong>sul-</strong></span> 
     </span>
    </p>
   </div>
   <div class='ocr_carea' id='block_1_85' title="bbox 1979 4001 3544 4072">
    <p class='ocr_par' dir='ltr' id='par_1_85' title="bbox 1979 4001 3544 4072">
     <span class='ocr_line' id='line_1_86' title="bbox 1979 4001 3544 4072; baseline -0.015 0"><span class='ocrx_word' id='word_1_581' title='bbox 1979 4015 2168 4072; x_wconf 81' lang='lat' dir='ltr'><strong>citavit</strong></span> <span class='ocrx_word' id='word_1_582' title='bbox 2222 4029 2346 4071; x_wconf 86' lang='lat' dir='ltr'><strong>eum</strong></span> <span class='ocrx_word' id='word_1_583' title='bbox 2374 4027 2442 4068; x_wconf 80' lang='lat' dir='ltr'><strong>ex</strong></span> <span class='ocrx_word' id='word_1_584' title='bbox 2471 4007 2723 4065; x_wconf 86' lang='lat' dir='ltr'><strong>mortuis.</strong></span> <span class='ocrx_word' id='word_1_585' title='bbox 2767 4007 2835 4061; x_wconf 87' lang='lat' dir='ltr'><strong>Et</strong></span> <span class='ocrx_word' id='word_1_586' title='bbox 2877 4019 2974 4061; x_wconf 83' lang='lat' dir='ltr'><strong>vos</strong></span> <span class='ocrx_word' id='word_1_587' title='bbox 3000 4019 3124 4060; x_wconf 90' lang='lat' dir='ltr'><strong>cum</strong></span> <span class='ocrx_word' id='word_1_588' title='bbox 3153 4001 3349 4058; x_wconf 85' lang='lat' dir='ltr'><strong>essetis</strong></span> <span class='ocrx_word' id='word_1_589' title='bbox 3398 4011 3544 4052; x_wconf 92' lang='lat' dir='ltr'><strong>mor-</strong></span> 
     </span>
    </p>
   </div>
   <div class='ocr_carea' id='block_1_86' title="bbox 1981 4089 3552 4174">
    <p class='ocr_par' dir='ltr' id='par_1_86' title="bbox 1981 4089 3552 4174">
     <span class='ocr_line' id='line_1_87' title="bbox 1981 4089 3552 4174; baseline -0.015 -9"><span class='ocrx_word' id='word_1_590' title='bbox 1981 4108 2060 4166; x_wconf 85' lang='lat' dir='ltr'><strong>tui</strong></span> <span class='ocrx_word' id='word_1_591' title='bbox 2111 4109 2167 4164; x_wconf 92' lang='lat' dir='ltr'><strong>in</strong></span> <span class='ocrx_word' id='word_1_592' title='bbox 2217 4105 2435 4162; x_wconf 85' lang='lat' dir='ltr'><strong>delictis</strong></span> <span class='ocrx_word' id='word_1_593' title='bbox 2463 4111 2518 4160; x_wconf 92' lang='lat' dir='ltr'><strong>et</strong></span> <span class='ocrx_word' id='word_1_594' title='bbox 2542 4100 2815 4174; x_wconf 68' lang='lat' dir='ltr'><strong>praeputio</strong></span> <span class='ocrx_word' id='word_1_595' title='bbox 2843 4097 3041 4154; x_wconf 86' lang='lat' dir='ltr'><strong>carnis</strong></span> <span class='ocrx_word' id='word_1_596' title='bbox 3097 4104 3313 4155; x_wconf 61' lang='lat' dir='ltr'><strong>vestrae,</strong></span> <span class='ocrx_word' id='word_1_597' title='bbox 3362 4089 3552 4146; x_wconf 80' lang='lat' dir='ltr'><strong>comi-</strong></span> 
     </span>
    </p>
   </div>
   <div class='ocr_carea' id='block_1_87' title="bbox 1982 4183 3545 4262">
    <p class='ocr_par' dir='ltr' id='par_1_87' title="bbox 1982 4183 3545 4262">
     <span class='ocr_line' id='line_1_88' title="bbox 1982 4183 3545 4262; baseline -0.015 -5"><span class='ocrx_word' id='word_1_598' title='bbox 1982 4199 2222 4256; x_wconf 82' lang='lat' dir='ltr'><strong>vilicavit</strong></span> <span class='ocrx_word' id='word_1_599' title='bbox 2275 4211 2397 4254; x_wconf 87' lang='lat' dir='ltr'><strong>cum</strong></span> <span class='ocrx_word' id='word_1_600' title='bbox 2428 4191 2545 4262; x_wconf 91' lang='lat' dir='ltr'><strong>illo,</strong></span> <span class='ocrx_word' id='word_1_601' title='bbox 2598 4193 2812 4250; x_wconf 87' lang='lat' dir='ltr'><strong>donans</strong></span> <span class='ocrx_word' id='word_1_602' title='bbox 2860 4188 3012 4247; x_wconf 81' lang='lat' dir='ltr'><strong>vobis</strong></span> <span class='ocrx_word' id='word_1_603' title='bbox 3043 4188 3226 4244; x_wconf 86' lang='lat' dir='ltr'><strong>omnia</strong></span> <span class='ocrx_word' id='word_1_604' title='bbox 3261 4183 3483 4240; x_wconf 85' lang='lat' dir='ltr'><strong>delicta.</strong></span> <span class='ocrx_word' id='word_1_605' title='bbox 3526 4199 3545 4247; x_wconf 64' lang='grc' dir='ltr'><strong>ι</strong></span> 
     </span>
    </p>
   </div>
   <div class='ocr_carea' id='block_1_88' title="bbox 2054 4367 3552 4440">
    <p class='ocr_par' dir='ltr' id='par_1_88' title="bbox 2054 4367 3552 4440">
     <span class='ocr_line' id='line_1_89' title="bbox 2054 4367 3552 4440; baseline -0.011 -2"><span class='ocrx_word' id='word_1_606' title='bbox 2054 4383 2163 4438; x_wconf 77' lang='lat' dir='ltr'><strong>Res</strong></span> <span class='ocrx_word' id='word_1_607' title='bbox 2189 4378 2531 4436; x_wconf 62' lang='lat' dir='ltr'><strong>Grecanicas</strong></span> <span class='ocrx_word' id='word_1_608' title='bbox 2573 4391 2700 4430; x_wconf 89' lang='lat' dir='ltr'><strong>cum</strong></span> <span class='ocrx_word' id='word_1_609' title='bbox 2734 4370 2992 4429; x_wconf 83' lang='lat' dir='ltr'><strong>Judaicis</strong></span> <span class='ocrx_word' id='word_1_610' title='bbox 3037 4367 3345 4440; x_wconf 74' lang='lat' dir='ltr'><strong>coniungit,</strong></span> <span class='ocrx_word' id='word_1_611' title='bbox 3387 4374 3447 4420; x_wconf 93' lang='lat' dir='ltr'><strong>ut</strong></span> <span class='ocrx_word' id='word_1_612' title='bbox 3479 4375 3552 4422; x_wconf 66' lang='lat' dir='ltr'><strong>tae</strong></span> 
     </span>
    </p>
   </div>
   <div class='ocr_carea' id='block_1_89' title="bbox 301 4453 1868 4549">
    <p class='ocr_par' dir='ltr' id='par_1_89' title="bbox 301 4461 1868 4546">
     <span class='ocr_line' id='line_1_90' title="bbox 301 4461 1868 4546; baseline -0.006 -10"><span class='ocrx_word' id='word_1_613' title='bbox 301 4477 585 4536; x_wconf 76' lang='grc' dir='ltr'>ικσάλλων</span> <span class='ocrx_word' id='word_1_614' title='bbox 610 4477 750 4532; x_wconf 83' lang='grc' dir='ltr'>αὐτά</span> <span class='ocrx_word' id='word_1_615' title='bbox 774 4475 960 4545; x_wconf 81' lang='grc' dir='ltr'>ὥσπερ</span> <span class='ocrx_word' id='word_1_616' title='bbox 993 4475 1198 4541; x_wconf 67' lang='grc' dir='ltr'>ἐκεῖνα,</span> <span class='ocrx_word' id='word_1_617' title='bbox 1246 4473 1360 4528; x_wconf 77' lang='grc' dir='ltr'>ἀλλ’</span> <span class='ocrx_word' id='word_1_618' title='bbox 1393 4461 1868 4546; x_wconf 77' lang='grc' dir='ltr'>ὕπεραναὸαίνων,</span> 
     </span>
    </p>
   </div>
   <div class='ocr_carea' id='block_1_90' title="bbox 1972 4453 3551 4549">
    <p class='ocr_par' dir='ltr' id='par_1_90' title="bbox 1984 4453 3551 4530">
     <span class='ocr_line' id='line_1_91' title="bbox 1984 4453 3551 4530; baseline -0.015 0"><span class='ocrx_word' id='word_1_619' title='bbox 1984 4490 2106 4530; x_wconf 89' lang='lat' dir='ltr'><strong>men</strong></span> <span class='ocrx_word' id='word_1_620' title='bbox 2153 4474 2291 4528; x_wconf 88' lang='lat' dir='ltr'><strong>istas</strong></span> <span class='ocrx_word' id='word_1_621' title='bbox 2344 4469 2496 4525; x_wconf 81' lang='lat' dir='ltr'><strong>velut</strong></span> <span class='ocrx_word' id='word_1_622' title='bbox 2554 4464 2680 4522; x_wconf 87' lang='lat' dir='ltr'><strong>illas</strong></span> <span class='ocrx_word' id='word_1_623' title='bbox 2725 4477 2837 4519; x_wconf 90' lang='lat' dir='ltr'><strong>non</strong></span> <span class='ocrx_word' id='word_1_624' title='bbox 2884 4459 3123 4530; x_wconf 83' lang='lat' dir='ltr'><strong>rejiciat,</strong></span> <span class='ocrx_word' id='word_1_625' title='bbox 3160 4456 3253 4513; x_wconf 90' lang='lat' dir='ltr'><strong>sed</strong></span> <span class='ocrx_word' id='word_1_626' title='bbox 3295 4453 3551 4525; x_wconf 84' lang='lat' dir='ltr'><strong>superius</strong></span> 
     </span>
    </p>
   </div>
   <div class='ocr_carea' id='block_1_91' title="bbox 301 4566 1877 4637">
    <p class='ocr_par' dir='ltr' id='par_1_91' title="bbox 301 4566 1877 4637">
     <span class='ocr_line' id='line_1_92' title="bbox 301 4566 1877 4637; baseline -0.005 -10"><span class='ocrx_word' id='word_1_627' title='bbox 301 4572 400 4627; x_wconf 70' lang='grc' dir='ltr'>καὶ</span> <span class='ocrx_word' id='word_1_628' title='bbox 450 4568 640 4635; x_wconf 74' lang='grc' dir='ltr'>σώζων</span> <span class='ocrx_word' id='word_1_629' title='bbox 667 4568 868 4633; x_wconf 70' lang='grc' dir='ltr'>ἐντοῖς</span> <span class='ocrx_word' id='word_1_630' title='bbox 911 4568 1305 4637; x_wconf 76' lang='grc' dir='ltr'>πνευματικοῖς</span> <span class='ocrx_word' id='word_1_631' title='bbox 1348 4566 1416 4618; x_wconf 71' lang='grc' dir='ltr'><strong>τά</strong></span> <span class='ocrx_word' id='word_1_632' title='bbox 1455 4567 1766 4636; x_wconf 83' lang='grc' dir='ltr'>σωματικά.</span> <span class='ocrx_word' id='word_1_633' title='bbox 1803 4566 1877 4620; x_wconf 83' lang='grc' dir='ltr'><strong>Τὸ</strong></span> 
     </span>
    </p>
   </div>
   <div class='ocr_carea' id='block_1_92' title="bbox 305 4654 1873 4733">
    <p class='ocr_par' dir='ltr' id='par_1_92' title="bbox 305 4654 1873 4733">
     <span class='ocr_line' id='line_1_93' title="bbox 305 4654 1873 4733; baseline -0.004 -17"><span class='ocrx_word' id='word_1_634' title='bbox 305 4660 522 4733; x_wconf 71' lang='grc' dir='ltr'>πρῶται</span> <span class='ocrx_word' id='word_1_635' title='bbox 556 4654 650 4715; x_wconf 83' lang='grc' dir='ltr'><strong>οῦν</strong></span> <span class='ocrx_word' id='word_1_636' title='bbox 699 4657 990 4731; x_wconf 81' lang='grc' dir='ltr'>γνώρισμα</span> <span class='ocrx_word' id='word_1_637' title='bbox 1017 4655 1112 4712; x_wconf 86' lang='grc' dir='ltr'><strong>τοῦ</strong></span> <span class='ocrx_word' id='word_1_638' title='bbox 1152 4654 1482 4727; x_wconf 82' lang='grc' dir='ltr'>Ἰουδαϊσμοῦ</span> <span class='ocrx_word' id='word_1_639' title='bbox 1514 4656 1615 4726; x_wconf 79' lang='grc' dir='ltr'>τὴν</span> <span class='ocrx_word' id='word_1_640' title='bbox 1653 4672 1873 4729; x_wconf 80' lang='grc' dir='ltr'>περιτο-</span> 
     </span>
    </p>
   </div>
   <div class='ocr_carea' id='block_1_93' title="bbox 307 4749 1879 4825">
    <p class='ocr_par' dir='ltr' id='par_1_93' title="bbox 307 4749 1879 4825">
     <span class='ocr_line' id='line_1_94' title="bbox 307 4749 1879 4825; baseline -0.018 -4"><span class='ocrx_word' id='word_1_641' title='bbox 307 4753 420 4824; x_wconf 66' lang='grc' dir='ltr'>μὴν</span> <span class='ocrx_word' id='word_1_642' title='bbox 443 4752 604 4825; x_wconf 68' lang='grc' dir='ltr'><strong>ικων.</strong></span> <span class='ocrx_word' id='word_1_643' title='bbox 623 4753 801 4824; x_wconf 72' lang='grc' dir='ltr'>ἡμᾶς,</span> <span class='ocrx_word' id='word_1_644' title='bbox 826 4752 961 4824; x_wconf 70' lang='grc' dir='ltr'>φησὶ</span> <span class='ocrx_word' id='word_1_645' title='bbox 978 4793 991 4817; x_wconf 90' lang='grc'><strong>,</strong></span> <span class='ocrx_word' id='word_1_646' title='bbox 1024 4749 1380 4812; x_wconf 81' lang='grc' dir='ltr'>πιστεύοντας</span> <span class='ocrx_word' id='word_1_647' title='bbox 1407 4752 1474 4821; x_wconf 80' lang='grc' dir='ltr'><strong>τῇ</strong></span> <span class='ocrx_word' id='word_1_648' title='bbox 1499 4749 1693 4812; x_wconf 82' lang='grc' dir='ltr'>ἀληθεί</span> <span class='ocrx_word' id='word_1_649' title='bbox 1727 4767 1879 4822; x_wconf 81' lang='grc' dir='ltr'>περι.</span> 
     </span>
    </p>
   </div>
   <div class='ocr_carea' id='block_1_94' title="bbox 303 4841 1880 4920">
    <p class='ocr_par' dir='ltr' id='par_1_94' title="bbox 303 4841 1880 4920">
     <span class='ocr_line' id='line_1_95' title="bbox 303 4841 1880 4920; baseline -0.003 -18"><span class='ocrx_word' id='word_1_650' title='bbox 303 4849 450 4920; x_wconf 76' lang='grc' dir='ltr'>τομῇ</span> <span class='ocrx_word' id='word_1_651' title='bbox 473 4845 742 4920; x_wconf 81' lang='grc' dir='ltr'>Χριστοῦ,</span> <span class='ocrx_word' id='word_1_652' title='bbox 766 4843 862 4899; x_wconf 71' lang='grc' dir='ltr'>καὶ</span> <span class='ocrx_word' id='word_1_653' title='bbox 887 4843 1216 4916; x_wconf 82' lang='grc' dir='ltr'>μετέχοντας</span> <span class='ocrx_word' id='word_1_654' title='bbox 1244 4842 1414 4914; x_wconf 76' lang='grc' dir='ltr'>αὐτῆς</span> <span class='ocrx_word' id='word_1_655' title='bbox 1434 4860 1448 4873; x_wconf 75' lang='grc' dir='ltr'><strong>ο</strong></span> <span class='ocrx_word' id='word_1_656' title='bbox 1473 4841 1608 4915; x_wconf 82' lang='grc' dir='ltr'>αὓτη</span> <span class='ocrx_word' id='word_1_657' title='bbox 1629 4843 1686 4897; x_wconf 80' lang='grc' dir='ltr'>δέ</span> <span class='ocrx_word' id='word_1_658' title='bbox 1734 4845 1880 4898; x_wconf 77' lang='grc' dir='ltr'>ἐστιν</span> 
     </span>
    </p>
   </div>
   <div class='ocr_carea' id='block_1_95' title="bbox 304 4932 1881 5009">
    <p class='ocr_par' dir='ltr' id='par_1_95' title="bbox 304 4932 1881 5009">
     <span class='ocr_line' id='line_1_96' title="bbox 304 4932 1881 5009; baseline -0.001 -18"><span class='ocrx_word' id='word_1_659' title='bbox 304 4937 368 4991; x_wconf 81' lang='grc' dir='ltr'>οὐ</span> <span class='ocrx_word' id='word_1_660' title='bbox 415 4934 503 4992; x_wconf 74' lang='grc' dir='ltr'><strong>διά</strong></span> <span class='ocrx_word' id='word_1_661' title='bbox 534 4934 888 5009; x_wconf 83' lang='grc' dir='ltr'>χειρουργίας</span> <span class='ocrx_word' id='word_1_662' title='bbox 916 4934 1266 5005; x_wconf 77' lang='grc' dir='ltr'>ἀνθρωπίνης</span> <span class='ocrx_word' id='word_1_663' title='bbox 1293 4932 1556 5006; x_wconf 80' lang='grc' dir='ltr'>γινομένη</span> <span class='ocrx_word' id='word_1_664' title='bbox 1579 4973 1594 4999; x_wconf 94' lang='grc'><strong>,</strong></span> <span class='ocrx_word' id='word_1_665' title='bbox 1627 4933 1762 4989; x_wconf 82' lang='grc' dir='ltr'>ἀλλὰ</span> <span class='ocrx_word' id='word_1_666' title='bbox 1793 4933 1881 4990; x_wconf 84' lang='grc' dir='ltr'><strong>διά</strong></span> 
     </span>
    </p>
   </div>
   <div class='ocr_carea' id='block_1_96' title="bbox 304 5026 1876 5104">
    <p class='ocr_par' dir='ltr' id='par_1_96' title="bbox 304 5026 1876 5104">
     <span class='ocr_line' id='line_1_97' title="bbox 304 5026 1876 5104; baseline -0.003 -17"><span class='ocrx_word' id='word_1_667' title='bbox 304 5031 408 5104; x_wconf 82' lang='grc' dir='ltr'>τῆς</span> <span class='ocrx_word' id='word_1_668' title='bbox 450 5028 545 5086; x_wconf 87' lang='grc' dir='ltr'><strong>τοῦ</strong></span> <span class='ocrx_word' id='word_1_669' title='bbox 584 5027 837 5102; x_wconf 82' lang='grc' dir='ltr'>σώματος</span> <span class='ocrx_word' id='word_1_670' title='bbox 875 5026 1123 5084; x_wconf 77' lang='grc' dir='ltr'>ἑκουσίου</span> <span class='ocrx_word' id='word_1_671' title='bbox 1169 5027 1483 5092; x_wconf 76' lang='grc' dir='ltr'>ἀποδόσεως</span> <span class='ocrx_word' id='word_1_672' title='bbox 1505 5070 1519 5092; x_wconf 87' lang='grc'><strong>,</strong></span> <span class='ocrx_word' id='word_1_673' title='bbox 1551 5027 1644 5082; x_wconf 85' lang='grc' dir='ltr'><strong>τοῦ</strong></span> <span class='ocrx_word' id='word_1_674' title='bbox 1679 5029 1876 5097; x_wconf 80' lang='grc' dir='ltr'>γηῒνου</span> 
     </span>
    </p>
   </div>
   <div class='ocr_carea' id='block_1_97' title="bbox 309 5103 1877 5198">
    <p class='ocr_par' dir='ltr' id='par_1_97' title="bbox 309 5103 1877 5198">
     <span class='ocr_line' id='line_1_98' title="bbox 309 5103 1877 5198; baseline -0.004 -19"><span class='ocrx_word' id='word_1_675' title='bbox 309 5103 431 5198; x_wconf 82' lang='grc' dir='ltr'>βίου</span> <span class='ocrx_word' id='word_1_676' title='bbox 474 5109 868 5194; x_wconf 69' lang='grc' dir='ltr'>ἀποτιθεμένου</span> <span class='ocrx_word' id='word_1_677' title='bbox 897 5120 982 5184; x_wconf 70' lang='grc' dir='ltr'>είς.</span> <span class='ocrx_word' id='word_1_678' title='bbox 1019 5119 1285 5191; x_wconf 75' lang='grc' dir='ltr'>ἀνάληψιν</span> <span class='ocrx_word' id='word_1_679' title='bbox 1316 5118 1410 5172; x_wconf 91' lang='grc' dir='ltr'><strong>τοῦ</strong></span> <span class='ocrx_word' id='word_1_680' title='bbox 1446 5103 1697 5190; x_wconf 78' lang='grc' dir='ltr'>οὐρανίου</span> <span class='ocrx_word' id='word_1_681' title='bbox 1724 5161 1738 5184; x_wconf 96' lang='grc'><strong>,</strong></span> <span class='ocrx_word' id='word_1_682' title='bbox 1783 5119 1877 5173; x_wconf 81' lang='grc' dir='ltr'><strong>τοῦ</strong></span> 
     </span>
    </p>
   </div>
   <div class='ocr_carea' id='block_1_98' title="bbox 306 5211 1879 5285">
    <p class='ocr_par' dir='ltr' id='par_1_98' title="bbox 306 5211 1879 5285">
     <span class='ocr_line' id='line_1_99' title="bbox 306 5211 1879 5285; baseline -0.005 -12"><span class='ocrx_word' id='word_1_683' title='bbox 306 5218 382 5273; x_wconf 87' lang='grc' dir='ltr'><strong>δι’</strong></span> <span class='ocrx_word' id='word_1_684' title='bbox 415 5214 769 5278; x_wconf 77' lang='grc' dir='ltr'>ἀναστάσεως</span> <span class='ocrx_word' id='word_1_685' title='bbox 805 5214 940 5285; x_wconf 72' lang='grc' dir='ltr'>ἡμῖν</span> <span class='ocrx_word' id='word_1_686' title='bbox 965 5211 1352 5283; x_wconf 80' lang='grc' dir='ltr'>ἀποδιδομένου</span> <span class='ocrx_word' id='word_1_687' title='bbox 1374 5229 1387 5244; x_wconf 88' lang='grc'><strong>·</strong></span> <span class='ocrx_word' id='word_1_688' title='bbox 1412 5211 1605 5282; x_wconf 74' lang='grc' dir='ltr'>ἥντινα</span> <span class='ocrx_word' id='word_1_689' title='bbox 1641 5211 1879 5266; x_wconf 76' lang='grc' dir='ltr'>ἀνάστα-</span> 
     </span>
    </p>
   </div>
   <div class='ocr_carea' id='block_1_99' title="bbox 235 5304 1879 5383">
    <p class='ocr_par' dir='ltr' id='par_1_99' title="bbox 235 5304 1879 5383">
     <span class='ocr_line' id='line_1_100' title="bbox 235 5304 1879 5383; baseline -0.005 -17"><span class='ocrx_word' id='word_1_690' title='bbox 235 5325 237 5327; x_wconf 83' lang='lat'>‘</span> <span class='ocrx_word' id='word_1_691' title='bbox 309 5326 398 5366; x_wconf 89' lang='grc' dir='ltr'><strong>σιν</strong></span> <span class='ocrx_word' id='word_1_692' title='bbox 445 5307 547 5383; x_wconf 69' lang='grc' dir='ltr'>ἤδη</span> <span class='ocrx_word' id='word_1_693' title='bbox 595 5307 695 5380; x_wconf 81' lang='grc' dir='ltr'>μὲν</span> <span class='ocrx_word' id='word_1_694' title='bbox 727 5304 927 5378; x_wconf 71' lang='grc' dir='ltr'>ἔχομεν</span> <span class='ocrx_word' id='word_1_695' title='bbox 955 5306 1183 5375; x_wconf 86' lang='grc' dir='ltr'>δυνάμει</span> <span class='ocrx_word' id='word_1_696' title='bbox 1204 5345 1219 5369; x_wconf 93' lang='grc'><strong>,</strong></span> <span class='ocrx_word' id='word_1_697' title='bbox 1251 5304 1602 5368; x_wconf 84' lang='grc' dir='ltr'>πιστεύοντες</span> <span class='ocrx_word' id='word_1_698' title='bbox 1628 5305 1704 5376; x_wconf 80' lang='grc' dir='ltr'>τῷ</span> <span class='ocrx_word' id='word_1_699' title='bbox 1739 5304 1879 5376; x_wconf 74' lang='grc' dir='ltr'>ὑπὲρ</span> 
     </span>
    </p>
   </div>
   <div class='ocr_carea' id='block_1_100' title="bbox 306 5397 1878 5472">
    <p class='ocr_par' dir='ltr' id='par_1_100' title="bbox 306 5397 1878 5472">
     <span class='ocr_line' id='line_1_101' title="bbox 306 5397 1878 5472; baseline -0.001 -18"><span class='ocrx_word' id='word_1_700' title='bbox 306 5400 466 5472; x_wconf 71' lang='grc' dir='ltr'>ἡμῶν</span> <span class='ocrx_word' id='word_1_701' title='bbox 492 5399 803 5470; x_wconf 83' lang='grc' dir='ltr'>ἀναστάντι,</span> <span class='ocrx_word' id='word_1_702' title='bbox 828 5397 1170 5470; x_wconf 73' lang='grc' dir='ltr'>κομιούμεθα</span> <span class='ocrx_word' id='word_1_703' title='bbox 1192 5397 1248 5452; x_wconf 84' lang='grc' dir='ltr'>δὲ</span> <span class='ocrx_word' id='word_1_704' title='bbox 1285 5400 1380 5452; x_wconf 81' lang='grc' dir='ltr'>καὶ</span> <span class='ocrx_word' id='word_1_705' title='bbox 1428 5397 1572 5470; x_wconf 78' lang='grc' dir='ltr'>ἔργῳ</span> <span class='ocrx_word' id='word_1_706' title='bbox 1601 5398 1698 5470; x_wconf 82' lang='grc' dir='ltr'>τὴν</span> <span class='ocrx_word' id='word_1_707' title='bbox 1747 5399 1878 5453; x_wconf 78' lang='grc' dir='ltr'>ἀνά·-</span> 
     </span>
    </p>
   </div>
   <div class='ocr_carea' id='block_1_101' title="bbox 311 5489 1074 5568">
    <p class='ocr_par' dir='ltr' id='par_1_101' title="bbox 311 5489 1074 5568">
     <span class='ocr_line' id='line_1_102' title="bbox 311 5489 1074 5568; baseline -0.003 -21"><span class='ocrx_word' id='word_1_708' title='bbox 311 5500 504 5547; x_wconf 82' lang='grc' dir='ltr'>στασιν</span> <span class='ocrx_word' id='word_1_709' title='bbox 537 5493 598 5568; x_wconf 71' lang='grc' dir='ltr'>ὲν</span> <span class='ocrx_word' id='word_1_710' title='bbox 622 5489 702 5562; x_wconf 77' lang='grc' dir='ltr'><strong>τῷ</strong></span> <span class='ocrx_word' id='word_1_711' title='bbox 734 5491 849 5559; x_wconf 81' lang='grc' dir='ltr'>ίδίῳ</span> <span class='ocrx_word' id='word_1_712' title='bbox 877 5489 1074 5563; x_wconf 80' lang='grc' dir='ltr'>καιρῷ.</span> 
     </span>
    </p>
   </div>
   <div class='ocr_carea' id='block_1_102' title="bbox 388 5581 1878 5654">
    <p class='ocr_par' dir='ltr' id='par_1_102' title="bbox 388 5581 1878 5654">
     <span class='ocr_line' id='line_1_103' title="bbox 388 5581 1878 5654; baseline 0.001 -19"><span class='ocrx_word' id='word_1_713' title='bbox 388 5601 408 5635; x_wconf 73' lang='grc' dir='ltr'><strong>ι</strong></span> <span class='ocrx_word' id='word_1_714' title='bbox 454 5581 775 5654; x_wconf 78' lang='grc' dir='ltr'>Ἐξαλείψας</span> <span class='ocrx_word' id='word_1_715' title='bbox 796 5582 860 5636; x_wconf 79' lang='grc' dir='ltr'><strong>τδ</strong></span> <span class='ocrx_word' id='word_1_716' title='bbox 888 5582 1008 5636; x_wconf 86' lang='grc' dir='ltr'>καθ’</span> <span class='ocrx_word' id='word_1_717' title='bbox 1038 5582 1194 5654; x_wconf 76' lang='grc' dir='ltr'>ἡμῶν</span> <span class='ocrx_word' id='word_1_718' title='bbox 1228 5584 1594 5653; x_wconf 79' lang='grc' dir='ltr'>χειρόγραφον</span> <span class='ocrx_word' id='word_1_719' title='bbox 1625 5584 1738 5646; x_wconf 81' lang='grc' dir='ltr'>τοῖς</span> <span class='ocrx_word' id='word_1_720' title='bbox 1757 5581 1878 5651; x_wconf 81' lang='grc' dir='ltr'>δότ-</span> 
     </span>
    </p>
   </div>
   <div class='ocr_carea' id='block_1_103' title="bbox 316 5669 1877 5753">
    <p class='ocr_par' dir='ltr' id='par_1_103' title="bbox 316 5669 1877 5753">
     <span class='ocr_line' id='line_1_104' title="bbox 316 5669 1877 5753; baseline -0.001 -23"><span class='ocrx_word' id='word_1_721' title='bbox 316 5691 504 5753; x_wconf 84' lang='grc' dir='ltr'>μασιν,</span> <span class='ocrx_word' id='word_1_722' title='bbox 537 5674 566 5729; x_wconf 88' lang='grc' dir='ltr'><strong>δ</strong></span> <span class='ocrx_word' id='word_1_723' title='bbox 587 5670 655 5746; x_wconf 79' lang='grc' dir='ltr'>ἧν</span> <span class='ocrx_word' id='word_1_724' title='bbox 685 5675 1005 5729; x_wconf 83' lang='grc' dir='ltr'>ὑπεναντίον</span> <span class='ocrx_word' id='word_1_725' title='bbox 1038 5674 1199 5745; x_wconf 74' lang='grc' dir='ltr'>ἡμῖν,</span> <span class='ocrx_word' id='word_1_726' title='bbox 1232 5675 1326 5728; x_wconf 70' lang='grc' dir='ltr'>καὶ</span> <span class='ocrx_word' id='word_1_727' title='bbox 1354 5674 1487 5729; x_wconf 79' lang='grc' dir='ltr'>αὐτὸ</span> <span class='ocrx_word' id='word_1_728' title='bbox 1501 5669 1671 5746; x_wconf 81' lang='grc' dir='ltr'>ἦρκεν</span> <span class='ocrx_word' id='word_1_729' title='bbox 1700 5677 1762 5729; x_wconf 79' lang='grc' dir='ltr'>ὲκ</span> <span class='ocrx_word' id='word_1_730' title='bbox 1784 5675 1877 5729; x_wconf 84' lang='grc' dir='ltr'><strong>τοῦ</strong></span> 
     </span>
    </p>
   </div>
   <div class='ocr_carea' id='block_1_104' title="bbox 313 5763 1868 5842">
    <p class='ocr_par' dir='ltr' id='par_1_104' title="bbox 313 5763 1868 5842">
     <span class='ocr_line' id='line_1_105' title="bbox 313 5763 1868 5842; baseline 0.001 -22"><span class='ocrx_word' id='word_1_731' title='bbox 313 5766 483 5841; x_wconf 76' lang='grc' dir='ltr'>μισου</span> <span class='ocrx_word' id='word_1_732' title='bbox 502 5808 516 5836; x_wconf 83' lang='grc'><strong>,</strong></span> <span class='ocrx_word' id='word_1_733' title='bbox 547 5765 904 5842; x_wconf 77' lang='grc' dir='ltr'>προσηλώσας</span> <span class='ocrx_word' id='word_1_734' title='bbox 941 5765 1088 5838; x_wconf 81' lang='grc' dir='ltr'><strong>αὐτῷ</strong></span> <span class='ocrx_word' id='word_1_735' title='bbox 1115 5765 1194 5838; x_wconf 80' lang='grc' dir='ltr'><strong>τῷ</strong></span> <span class='ocrx_word' id='word_1_736' title='bbox 1222 5763 1460 5837; x_wconf 82' lang='grc' dir='ltr'>σταυρῷ,</span> <span class='ocrx_word' id='word_1_737' title='bbox 1490 5764 1868 5840; x_wconf 77' lang='grc' dir='ltr'>ἀπεκδυσάμε-</span> 
     </span>
    </p>
   </div>
   <div class='ocr_carea' id='block_1_105' title="bbox 1980 4552 3548 4631">
    <p class='ocr_par' dir='ltr' id='par_1_105' title="bbox 1980 4552 3548 4631">
     <span class='ocr_line' id='line_1_106' title="bbox 1980 4552 3548 4631; baseline -0.013 -6"><span class='ocrx_word' id='word_1_738' title='bbox 1980 4565 2260 4631; x_wconf 86' lang='lat' dir='ltr'><strong>ascendat,</strong></span> <span class='ocrx_word' id='word_1_739' title='bbox 2301 4570 2358 4620; x_wconf 92' lang='lat' dir='ltr'><strong>et</strong></span> <span class='ocrx_word' id='word_1_740' title='bbox 2387 4561 2441 4617; x_wconf 92' lang='lat' dir='ltr'><strong>in</strong></span> <span class='ocrx_word' id='word_1_741' title='bbox 2475 4557 2858 4631; x_wconf 86' lang='lat' dir='ltr'><strong>spiritualibus</strong></span> <span class='ocrx_word' id='word_1_742' title='bbox 2889 4552 3204 4624; x_wconf 89' lang='lat' dir='ltr'><strong>corporalia</strong></span> <span class='ocrx_word' id='word_1_743' title='bbox 3236 4554 3548 4605; x_wconf 77' lang='lat' dir='ltr'><strong>conservet.</strong></span> 
     </span>
    </p>
   </div>
   <div class='ocr_carea' id='block_1_106' title="bbox 1976 4641 3553 4727">
    <p class='ocr_par' dir='ltr' id='par_1_106' title="bbox 1976 4641 3553 4727">
     <span class='ocr_line' id='line_1_107' title="bbox 1976 4641 3553 4727; baseline -0.011 -16"><span class='ocrx_word' id='word_1_744' title='bbox 1976 4657 2268 4727; x_wconf 83' lang='lat' dir='ltr'><strong>Quocirca,</strong></span> <span class='ocrx_word' id='word_1_745' title='bbox 2315 4652 2562 4711; x_wconf 80' lang='lat' dir='ltr'><strong>admisso</strong></span> <span class='ocrx_word' id='word_1_746' title='bbox 2613 4649 2800 4707; x_wconf 87' lang='lat' dir='ltr'><strong>statim</strong></span> <span class='ocrx_word' id='word_1_747' title='bbox 2859 4644 3130 4702; x_wconf 85' lang='lat' dir='ltr'><strong>Judaismi</strong></span> <span class='ocrx_word' id='word_1_748' title='bbox 3186 4641 3415 4706; x_wconf 81' lang='lat' dir='ltr'><strong>indicio,</strong></span> <span class='ocrx_word' id='word_1_749' title='bbox 3445 4641 3553 4695; x_wconf 82' lang='lat' dir='ltr'><strong>cir-</strong></span> 
     </span>
    </p>
   </div>
   <div class='ocr_carea' id='block_1_107' title="bbox 1978 4735 3555 4813">
    <p class='ocr_par' dir='ltr' id='par_1_107' title="bbox 1978 4735 3555 4813">
     <span class='ocr_line' id='line_1_108' title="bbox 1978 4735 3555 4813; baseline -0.013 -6"><span class='ocrx_word' id='word_1_750' title='bbox 1978 4748 2314 4807; x_wconf 87' lang='lat' dir='ltr'><strong>cumcisione</strong></span> <span class='ocrx_word' id='word_1_751' title='bbox 2343 4744 2581 4806; x_wconf 88' lang='lat' dir='ltr'><strong>scilicet,</strong></span> <span class='ocrx_word' id='word_1_752' title='bbox 2609 4756 2711 4798; x_wconf 91' lang='lat' dir='ltr'><strong>nos</strong></span> <span class='ocrx_word' id='word_1_753' title='bbox 2737 4741 2829 4813; x_wconf 88' lang='lat' dir='ltr'><strong>qui</strong></span> <span class='ocrx_word' id='word_1_754' title='bbox 2859 4753 3005 4796; x_wconf 68' lang='lat' dir='ltr'><strong>verae</strong></span> <span class='ocrx_word' id='word_1_755' title='bbox 3035 4735 3242 4793; x_wconf 89' lang='lat' dir='ltr'><strong>Christi</strong></span> <span class='ocrx_word' id='word_1_756' title='bbox 3312 4735 3555 4789; x_wconf 85' lang='lat' dir='ltr'><strong>circum-</strong></span> 
     </span>
    </p>
   </div>
   <div class='ocr_carea' id='block_1_108' title="bbox 1976 4823 3551 4907">
    <p class='ocr_par' dir='ltr' id='par_1_108' title="bbox 1976 4823 3551 4907">
     <span class='ocr_line' id='line_1_109' title="bbox 1976 4823 3551 4907; baseline -0.013 -8"><span class='ocrx_word' id='word_1_757' title='bbox 1976 4839 2170 4899; x_wconf 88' lang='lat' dir='ltr'><strong>cisioni</strong></span> <span class='ocrx_word' id='word_1_758' title='bbox 2239 4837 2554 4902; x_wconf 86' lang='lat' dir='ltr'><strong>credimus,</strong></span> <span class='ocrx_word' id='word_1_759' title='bbox 2600 4836 2721 4907; x_wconf 85' lang='lat' dir='ltr'><strong>ejus</strong></span> <span class='ocrx_word' id='word_1_760' title='bbox 2799 4846 3019 4904; x_wconf 87' lang='lat' dir='ltr'><strong>quoque</strong></span> <span class='ocrx_word' id='word_1_761' title='bbox 3075 4833 3365 4886; x_wconf 88' lang='lat' dir='ltr'><strong>consortes</strong></span> <span class='ocrx_word' id='word_1_762' title='bbox 3411 4823 3551 4880; x_wconf 84' lang='lat' dir='ltr'><strong>eliici</strong></span> 
     </span>
    </p>
   </div>
   <div class='ocr_carea' id='block_1_109' title="bbox 1979 4915 3547 5002">
    <p class='ocr_par' dir='ltr' id='par_1_109' title="bbox 1979 4915 3547 5002">
     <span class='ocr_line' id='line_1_110' title="bbox 1979 4915 3547 5002; baseline -0.01 -12"><span class='ocrx_word' id='word_1_763' title='bbox 1979 4936 2077 4991; x_wconf 88' lang='lat' dir='ltr'><strong>ait.</strong></span> <span class='ocrx_word' id='word_1_764' title='bbox 2118 4931 2242 4988; x_wconf 64' lang='lat' dir='ltr'><strong>Haec</strong></span> <span class='ocrx_word' id='word_1_765' title='bbox 2272 4946 2438 5002; x_wconf 84' lang='lat' dir='ltr'><strong>porro</strong></span> <span class='ocrx_word' id='word_1_766' title='bbox 2471 4941 2582 4984; x_wconf 84' lang='lat' dir='ltr'><strong>non</strong></span> <span class='ocrx_word' id='word_1_767' title='bbox 2620 4928 2860 4982; x_wconf 86' lang='lat' dir='ltr'><strong>humana</strong></span> <span class='ocrx_word' id='word_1_768' title='bbox 2910 4939 3074 4979; x_wconf 88' lang='lat' dir='ltr'><strong>manu</strong></span> <span class='ocrx_word' id='word_1_769' title='bbox 3122 4920 3422 4992; x_wconf 77' lang='lat' dir='ltr'><strong>peragitur,</strong></span> <span class='ocrx_word' id='word_1_770' title='bbox 3453 4915 3547 4976; x_wconf 74' lang='lat' dir='ltr'><strong>sed</strong></span> 
     </span>
    </p>
   </div>
   <div class='ocr_carea' id='block_1_110' title="bbox 1978 5012 3547 5098">
    <p class='ocr_par' dir='ltr' id='par_1_110' title="bbox 1978 5012 3547 5098">
     <span class='ocr_line' id='line_1_111' title="bbox 1978 5012 3547 5098; baseline -0.013 -14"><span class='ocrx_word' id='word_1_771' title='bbox 1978 5035 2279 5098; x_wconf 83' lang='lat' dir='ltr'><strong>spontanea</strong></span> <span class='ocrx_word' id='word_1_772' title='bbox 2335 5022 2583 5090; x_wconf 86' lang='lat' dir='ltr'><strong>corporis</strong></span> <span class='ocrx_word' id='word_1_773' title='bbox 2649 5018 2951 5073; x_wconf 77' lang='lat' dir='ltr'><strong>aﬂ&#39;ectuum</strong></span> <span class='ocrx_word' id='word_1_774' title='bbox 3005 5012 3377 5080; x_wconf 82' lang='lat' dir='ltr'><strong>abdicatione,</strong></span> <span class='ocrx_word' id='word_1_775' title='bbox 3441 5026 3547 5082; x_wconf 80' lang='lat' dir='ltr'><strong>qua</strong></span> 
     </span>
    </p>
   </div>
   <div class='ocr_carea' id='block_1_111' title="bbox 1978 5107 3552 5189">
    <p class='ocr_par' dir='ltr' id='par_1_111' title="bbox 1978 5107 3552 5189">
     <span class='ocr_line' id='line_1_112' title="bbox 1978 5107 3552 5189; baseline -0.011 -14"><span class='ocrx_word' id='word_1_776' title='bbox 1978 5117 2225 5189; x_wconf 83' lang='lat' dir='ltr'><strong>deposita</strong></span> <span class='ocrx_word' id='word_1_777' title='bbox 2260 5112 2511 5171; x_wconf 88' lang='lat' dir='ltr'><strong>terrestri</strong></span> <span class='ocrx_word' id='word_1_778' title='bbox 2556 5112 2690 5175; x_wconf 80' lang='lat' dir='ltr'><strong>vita,</strong></span> <span class='ocrx_word' id='word_1_779' title='bbox 2716 5110 2999 5167; x_wconf 78' lang='lat' dir='ltr'><strong>caelestem</strong></span> <span class='ocrx_word' id='word_1_780' title='bbox 3040 5107 3399 5168; x_wconf 85' lang='lat' dir='ltr'><strong>assumimus,</strong></span> <span class='ocrx_word' id='word_1_781' title='bbox 3429 5112 3552 5174; x_wconf 72' lang='lat' dir='ltr'><strong>quite</strong></span> 
     </span>
    </p>
   </div>
   <div class='ocr_carea' id='block_1_112' title="bbox 1979 5194 3546 5279">
    <p class='ocr_par' dir='ltr' id='par_1_112' title="bbox 1979 5194 3546 5279">
     <span class='ocr_line' id='line_1_113' title="bbox 1979 5194 3546 5279; baseline -0.011 -14"><span class='ocrx_word' id='word_1_782' title='bbox 1979 5209 2138 5266; x_wconf 87' lang='lat' dir='ltr'><strong>nobis</strong></span> <span class='ocrx_word' id='word_1_783' title='bbox 2179 5220 2281 5279; x_wconf 87' lang='lat' dir='ltr'><strong>per</strong></span> <span class='ocrx_word' id='word_1_784' title='bbox 2325 5201 2794 5261; x_wconf 86' lang='lat' dir='ltr'><strong>resurrectionem</strong></span> <span class='ocrx_word' id='word_1_785' title='bbox 2841 5197 3050 5256; x_wconf 86' lang='lat' dir='ltr'><strong>Christi</strong></span> <span class='ocrx_word' id='word_1_786' title='bbox 3073 5194 3350 5253; x_wconf 83' lang='lat' dir='ltr'><strong>redditur.</strong></span> <span class='ocrx_word' id='word_1_787' title='bbox 3384 5195 3546 5264; x_wconf 73' lang='lat' dir='ltr'><strong>Atqui</strong></span> 
     </span>
    </p>
   </div>
   <div class='ocr_carea' id='block_1_113' title="bbox 1980 5285 3544 5366">
    <p class='ocr_par' dir='ltr' id='par_1_113' title="bbox 1980 5285 3544 5366">
     <span class='ocr_line' id='line_1_114' title="bbox 1980 5285 3544 5366; baseline -0.012 -7"><span class='ocrx_word' id='word_1_788' title='bbox 1980 5300 2434 5359; x_wconf 82' lang='lat' dir='ltr'><strong>resurrectionem</strong></span> <span class='ocrx_word' id='word_1_789' title='bbox 2487 5299 2628 5352; x_wconf 85' lang='lat' dir='ltr'><strong>hanc</strong></span> <span class='ocrx_word' id='word_1_790' title='bbox 2654 5295 2768 5366; x_wconf 84' lang='lat' dir='ltr'><strong>jam</strong></span> <span class='ocrx_word' id='word_1_791' title='bbox 2801 5298 3078 5364; x_wconf 88' lang='lat' dir='ltr'><strong>potestate</strong></span> <span class='ocrx_word' id='word_1_792' title='bbox 3127 5287 3350 5361; x_wconf 81' lang='lat' dir='ltr'><strong>quidem</strong></span> <span class='ocrx_word' id='word_1_793' title='bbox 3381 5285 3544 5342; x_wconf 60' lang='lat' dir='ltr'><strong>haliec</strong></span> 
     </span>
    </p>
   </div>
   <div class='ocr_carea' id='block_1_114' title="bbox 1979 5383 3546 5459">
    <p class='ocr_par' dir='ltr' id='par_1_114' title="bbox 1979 5383 3546 5459">
     <span class='ocr_line' id='line_1_115' title="bbox 1979 5383 3546 5459; baseline -0.011 -7"><span class='ocrx_word' id='word_1_794' title='bbox 1979 5411 2127 5459; x_wconf 85' lang='lat' dir='ltr'><strong>mus,</strong></span> <span class='ocrx_word' id='word_1_795' title='bbox 2154 5387 2442 5450; x_wconf 84' lang='lat' dir='ltr'><strong>credentes</strong></span> <span class='ocrx_word' id='word_1_796' title='bbox 2474 5389 2528 5444; x_wconf 86' lang='lat' dir='ltr'><strong>in</strong></span> <span class='ocrx_word' id='word_1_797' title='bbox 2562 5387 2716 5443; x_wconf 88' lang='lat' dir='ltr'><strong>illum</strong></span> <span class='ocrx_word' id='word_1_798' title='bbox 2751 5386 2845 5458; x_wconf 89' lang='lat' dir='ltr'><strong>qui</strong></span> <span class='ocrx_word' id='word_1_799' title='bbox 2876 5383 3057 5441; x_wconf 79' lang='lat' dir='ltr'><strong>nostri</strong></span> <span class='ocrx_word' id='word_1_800' title='bbox 3091 5395 3260 5438; x_wconf 84' lang='lat' dir='ltr'><strong>causa</strong></span> <span class='ocrx_word' id='word_1_801' title='bbox 3292 5389 3546 5435; x_wconf 58' lang='lat' dir='ltr'><strong>restiti-rie-~</strong></span> 
     </span>
    </p>
   </div>
   <div class='ocr_carea' id='block_1_115' title="bbox 1979 5467 3424 5557">
    <p class='ocr_par' dir='ltr' id='par_1_115' title="bbox 1979 5467 3424 5557">
     <span class='ocr_line' id='line_1_116' title="bbox 1979 5467 3424 5557; baseline -0.013 -9"><span class='ocrx_word' id='word_1_802' title='bbox 1979 5491 2082 5557; x_wconf 77' lang='lat' dir='ltr'><strong>xit,</strong></span> <span class='ocrx_word' id='word_1_803' title='bbox 2115 5507 2172 5546; x_wconf 93' lang='lat' dir='ltr'><strong>re</strong></span> <span class='ocrx_word' id='word_1_804' title='bbox 2207 5504 2336 5546; x_wconf 78' lang='lat' dir='ltr'><strong>vero</strong></span> <span class='ocrx_word' id='word_1_805' title='bbox 2367 5467 2618 5557; x_wconf 75' lang='lat' dir='ltr'><strong>tempore</strong></span> <span class='ocrx_word' id='word_1_806' title='bbox 2646 5482 2867 5539; x_wconf 86' lang='lat' dir='ltr'><strong>tandem</strong></span> <span class='ocrx_word' id='word_1_807' title='bbox 2898 5497 3001 5538; x_wconf 88' lang='lat' dir='ltr'><strong>suo</strong></span> <span class='ocrx_word' id='word_1_808' title='bbox 3030 5475 3424 5535; x_wconf 79' lang='lat' dir='ltr'><strong>obtinebimus.</strong></span> 
     </span>
    </p>
   </div>
   <div class='ocr_carea' id='block_1_116' title="bbox 2053 5566 3548 5645">
    <p class='ocr_par' dir='ltr' id='par_1_116' title="bbox 2053 5566 3548 5645">
     <span class='ocr_line' id='line_1_117' title="bbox 2053 5566 3548 5645; baseline -0.011 -9"><span class='ocrx_word' id='word_1_809' title='bbox 2053 5582 2214 5638; x_wconf 74' lang='lat' dir='ltr'><strong>Vens.</strong></span> <span class='ocrx_word' id='word_1_810' title='bbox 2252 5581 2334 5642; x_wconf 72' lang='grc'><strong>14,</strong></span> <span class='ocrx_word' id='word_1_811' title='bbox 2375 5574 2471 5634; x_wconf 73' lang='lat'><strong>15.</strong></span> <span class='ocrx_word' id='word_1_812' title='bbox 2516 5595 2534 5629; x_wconf 84' lang='lat' dir='ltr'><strong>t</strong></span> <span class='ocrx_word' id='word_1_813' title='bbox 2582 5575 2782 5630; x_wconf 82' lang='lat' dir='ltr'><strong>Delens</strong></span> <span class='ocrx_word' id='word_1_814' title='bbox 2820 5572 2964 5645; x_wconf 85' lang='lat' dir='ltr'><strong>quod</strong></span> <span class='ocrx_word' id='word_1_815' title='bbox 3000 5571 3266 5626; x_wconf 71' lang='lat' dir='ltr'><strong>adversus</strong></span> <span class='ocrx_word' id='word_1_816' title='bbox 3302 5581 3406 5622; x_wconf 79' lang='lat' dir='ltr'><strong>nos</strong></span> <span class='ocrx_word' id='word_1_817' title='bbox 3430 5566 3548 5621; x_wconf 74' lang='lat' dir='ltr'><strong>erat</strong></span> 
     </span>
    </p>
   </div>
   <div class='ocr_carea' id='block_1_117' title="bbox 1981 5659 3539 5745">
    <p class='ocr_par' dir='ltr' id='par_1_117' title="bbox 1981 5659 3539 5745">
     <span class='ocr_line' id='line_1_118' title="bbox 1981 5659 3539 5745; baseline -0.015 -12"><span class='ocrx_word' id='word_1_818' title='bbox 1981 5674 2402 5745; x_wconf 69' lang='lat' dir='ltr'><strong>chirographum</strong></span> <span class='ocrx_word' id='word_1_819' title='bbox 2449 5667 2680 5731; x_wconf 86' lang='lat' dir='ltr'><strong>decreti,</strong></span> <span class='ocrx_word' id='word_1_820' title='bbox 2725 5666 2875 5737; x_wconf 88' lang='lat' dir='ltr'><strong>quod</strong></span> <span class='ocrx_word' id='word_1_821' title='bbox 2927 5673 3046 5722; x_wconf 87' lang='lat' dir='ltr'><strong>erat</strong></span> <span class='ocrx_word' id='word_1_822' title='bbox 3072 5659 3409 5720; x_wconf 76' lang='lat' dir='ltr'><strong>contrarium</strong></span> <span class='ocrx_word' id='word_1_823' title='bbox 3439 5668 3539 5712; x_wconf 81' lang='lat' dir='ltr'><strong>no-</strong></span> 
     </span>
    </p>
   </div>
   <div class='ocr_carea' id='block_1_118' title="bbox 1978 5748 3538 5837">
    <p class='ocr_par' dir='ltr' id='par_1_118' title="bbox 1978 5748 3538 5837">
     <span class='ocr_line' id='line_1_119' title="bbox 1978 5748 3538 5837; baseline -0.015 -10"><span class='ocrx_word' id='word_1_824' title='bbox 1978 5771 2064 5827; x_wconf 83' lang='lat' dir='ltr'><strong>bis</strong></span> <span class='ocrx_word' id='word_1_825' title='bbox 2095 5777 2148 5824; x_wconf 90' lang='lat' dir='ltr'><strong>et</strong></span> <span class='ocrx_word' id='word_1_826' title='bbox 2177 5769 2350 5837; x_wconf 81' lang='lat' dir='ltr'><strong>ipsum</strong></span> <span class='ocrx_word' id='word_1_827' title='bbox 2402 5766 2530 5821; x_wconf 86' lang='lat' dir='ltr'><strong>tulit</strong></span> <span class='ocrx_word' id='word_1_828' title='bbox 2577 5762 2643 5820; x_wconf 89' lang='lat' dir='ltr'><strong>de</strong></span> <span class='ocrx_word' id='word_1_829' title='bbox 2681 5761 2883 5828; x_wconf 84' lang='lat' dir='ltr'><strong>medio,</strong></span> <span class='ocrx_word' id='word_1_830' title='bbox 2911 5755 3136 5827; x_wconf 76' lang='lat' dir='ltr'><strong>alligens</strong></span> <span class='ocrx_word' id='word_1_831' title='bbox 3168 5753 3302 5809; x_wconf 87' lang='lat' dir='ltr'><strong>illud</strong></span> <span class='ocrx_word' id='word_1_832' title='bbox 3349 5748 3538 5812; x_wconf 81' lang='lat' dir='ltr'><strong>cruci;</strong></span> 
     </span>
    </p>
   </div>
  </div>
