4048 6290
462 310 575 379 895

1655 307 1718 368 S.
1748 299 2068 369 JOANNIS
2109 293 2537 359 DAMASCENI

3615 289 3721 358 896

446 433 514 487 et
560 422 873 495 cxspolians
911 420 1261 495 principatus
1299 429 1354 478 et
1407 424 1738 494 potestates,
1793 415 2039 475 traduxit

2148 427 2233 475 νος
2271 409 2371 472 τὰς
2404 407 2581 482 ἀρχὰς
2626 406 2720 462 καὶ
2759 404 2860 471 τὰς
2908 404 3199 476 ὶξουσίας,
3249 403 3625 477 ἐδειγμάτισεν
3664 408 3721 460 ιν

460 516 821 585 confidenter,
890 516 1080 588 palam
1125 514 1475 586 triumphans
1544 514 1670 571 illos
1733 514 1789 569 in
1826 520 2033 591 semet-7

460 610 603 680 ipso.
637 628 657 662 ι

532 700 591 757 ln
623 717 720 758 eos
745 700 839 772 qui
873 707 1233 757 contumaces
1275 700 1332 756 in
1362 700 1530 779 Deum
1574 699 1750 764 fuere,
1785 698 2037 770 quaedam

461 794 631 849 veluti
668 795 947 865 scriptura
974 800 1086 859 est,
1119 809 1383 866 expressa
1426 808 1609 865 pravae
1635 794 1763 848 vitae
1795 791 2039 849 delinea-

464 888 562 942 tio.
600 889 1035 943 lnstrumentum
1081 886 1187 941 hoe
1228 886 1462 940 dilutum
1513 884 1637 948 fuit,
1685 892 1890 941 utnon
1922 897 2041 961 amo.

463 980 608 1052 ptius
662 979 957 1035 adversum
1007 994 1106 1035 nos
1141 985 1504 1044 contestatur,
1542 978 1705 1034 modo
1731 976 1800 1032 ad
1847 977 2041 1034 decre-

465 1086 581 1129 tum
612 1072 861 1128 divinum
887 1073 1245 1137 accedamus,
1298 1072 1471 1127 libera
1522 1070 1710 1141 utique
1735 1070 2038 1137 voluntate,

464 1164 831 1235 diligentique
889 1163 1095 1219 studio.
1154 1162 1325 1218 Cruci
1375 1163 1565 1231 itaque
1623 1161 1837 1218 Domini
1900 1161 2038 1217 illud

467 1254 692 1311 affixum
746 1255 874 1321 fuit,
927 1255 1033 1310 hoc
1076 1266 1160 1310 est
1192 1256 1463 1310 abolitum
1497 1264 1552 1311 et
1581 1254 1922 1318 rescissum,
1944 1271 2043 1311 ex-

468 1350 677 1405 stincta
729 1349 870 1418 vita,
922 1350 977 1404 in
1024 1364 1133 1420 qua
1160 1348 1559 1419 improbitatis,
1587 1348 1816 1420 ejusque
1847 1355 2040 1404 contra

468 1459 572 1498 nos
600 1442 908 1499 testimonii
940 1444 1359 1514 expressionem
1392 1440 1727 1497 ferebamus.
1768 1440 1905 1496 Nam
1941 1443 2041 1513 qui

467 1538 639 1592 vitam
691 1536 850 1592 istam
910 1535 1224 1603 exstinxit,
1312 1534 1740 1607 chirographum
1809 1534 2044 1593 subinde

468 1630 619 1702 quod
678 1629 951 1686 adversus
1016 1645 1139 1686 eam
1195 1630 1472 1696 exstabat,
1523 1628 1931 1700 pessumdcdit,
1987 1637 2045 1686 et

466 1736 668 1795 pravas
697 1730 1030 1791 potestates,
1068 1737 1188 1792 qum
1215 1720 1352 1775 vitio
1387 1720 1816 1789 carnispcircum
1850 1734 2043 1777 excre-

468 1826 687 1884 veraut,
722 1832 958 1888 quaeque
1003 1823 1179 1871 totum
1214 1815 1497 1870 hominem
1544 1814 1897 1884 obtegebant,
1932 1829 2043 1869 una

470 1926 595 1966 eum
627 1925 860 1981 corpore
909 1908 1085 1975 exuit,
1136 1908 1557 1980 suspenditque,
1606 1908 1766 1979 211
1821 1908 1958 1964 adeo
1984 1914 2046 1965 ut

470 2004 784 2075 susciperet
831 2002 1058 2075 quidem
1110 2004 1231 2075 ipse
1274 2001 1658 2058 confusionem
1696 2011 1823 2057 ante
1861 2001 2045 2058 homi-

470 2116 605 2156 num
639 2099 872 2167 oculos;
911 2113 1075 2172 quam
1116 2113 1252 2153 vero
1283 2096 1337 2152 in
1371 2097 1495 2152 illos
1526 2112 1556 2150 a
1601 2095 1807 2167 quibus
1832 2096 1885 2151 iu
1915 2111 2045 2153 cru-

469 2206 590 2246 cem
623 2199 783 2245 actus
820 2187 945 2252 fuit,
996 2187 1113 2243 sive
1164 2190 1218 2242 in
1273 2186 1559 2258 principes
1613 2186 1781 2255 hujus
1826 2187 2039 2256 mundi,

354 2301 364 2309 ·
470 2282 750 2352 rcjiceret.
779 2280 924 2335 Mors
954 2279 1103 2335 enim
1140 2281 1195 2334 in
1228 2294 1338 2351 qua
1371 2279 1542 2335 robur
1570 2295 1762 2335 eorum
1797 2284 2043 2353 positum

469 2383 619 2439 erat,
654 2383 882 2429 enecata
917 2380 1025 2438 est,
1076 2380 1135 2428 et
1172 2372 1227 2427 in
1274 2371 1446 2427 vitam
1503 2382 1886 2432 commutata:
1932 2392 2043 2448 quo

472 2465 680 2521 factum
737 2473 845 2530 est,
904 2475 963 2520 ut
986 2462 1069 2519 illi
1125 2463 1324 2519 throno
1362 2463 1697 2533 exciderint,
1755 2466 2044 2525 destructa

471 2568 669 2623 morte,
705 2573 829 2629 qua:
859 2558 1014 2613 basis
1052 2556 1179 2626 ejus
1222 2564 1276 2613 et
1310 2556 1730 2613 fundamentum
1759 2567 1902 2618 erat.

547 2670 567 2703 ι
600 2650 793 2723 [Vena
823 2648 907 2717 16,
936 2648 1050 2723 17.]
1075 2648 1244 2705 Nemo
1267 2663 1402 2721 ergo
1431 2665 1530 2705 vos
1555 2650 1765 2721 judicet
1801 2652 1857 2707 in
1898 2652 2044 2720 cibo,

473 2751 567 2798 aut
600 2744 653 2797 in
679 2752 831 2813 potu,
872 2750 967 2797 aut
998 2742 1052 2798 iu
1080 2749 1234 2812 parte
1271 2741 1381 2797 diei
1414 2742 1559 2808 festi,
1600 2751 1691 2798 aut
1710 2742 2045 2814 Neomeniaa,

473 2843 567 2891 aut
596 2832 993 2895 Sabbatorum.‘
1015 2848 1137 2904 qua:
1168 2843 1298 2890 sunt
1330 2833 1526 2890 umbra
1559 2832 1893 2905 futurorum,
1926 2853 2047 2893 cor-

470 2944 576 2999 pus
607 2936 790 2983 autem
818 2926 1045 2984 Christi.
1081 2945 1101 2979 ι

544 3020 693 3078 Facti
751 3021 891 3077 estis
927 3022 1223 3088 immunes,
1259 3022 1461 3094 inquit,
1515 3022 1724 3079 abillis
1756 3025 2045 3095 prteceptis

2150 498 2459 573 παρρησίᾳ,
2490 497 2870 571 θριαμϐεύσας
2903 498 3103 564 αὐτοὺς
3123 499 3184 554 ὲν
3212 497 3386 571 αὐτῷ.

2223 680 2312 734 Ἐν
2332 680 2449 744 τοῖς
2473 678 2861 751 παρακούσασι
2882 678 3044 746 Θεοῦ,
3074 679 3329 752 καθάπερ
3348 678 3586 752 γράμμα
3606 678 3724 735 ιστὶ

2138 773 2240 844 τὴν
2264 772 2551 845 παρακοήν
2576 773 2820 845 ἐλέγχον,
2854 774 2889 845 ή
2920 773 3252 840 έκτύπωσις,
3279 774 3314 844 ἡ
3345 773 3410 826 ὲκ
3431 772 3532 843 τῆς
3553 789 3723 844 πονη-

2141 862 2243 932 ρᾶς
2271 861 2440 932 ζωῆς.
2474 862 2548 916 Τὸ
2570 862 2897 934 διάγραμμα
2919 860 3080 918 τοῦτο
3103 862 3467 933 ἐξαλείφεται,
3505 861 3584 926 ὡς
3616 880 3723 934 μη-

2141 950 2261 1006 κέτι
2290 954 2732 1024 καταμαρτυρεῖν
2762 951 2941 1024 ἡμῶν,
2989 951 3087 1006 ἐὰν
3118 952 3351 1024 δόγματι
3392 952 3523 1024 θείῳ
3557 968 3723 1023 προσ-

2143 1042 2332 1112 ίωμεν,
2352 1043 2598 1097 τουτέστι
2642 1042 2959 1114 προαιρέσει
2995 1043 3091 1097 καὶ
3111 1042 3340 1116 σπουδῇ.
3365 1042 3724 1114 Προσήλωται

2150 1131 2269 1200 οὖν,
2301 1134 2473 1204 φησι,
2505 1132 2583 1205 τῷ
2627 1133 2848 1205 σταυρῷ
2880 1134 2974 1188 τοῦ
3014 1134 3248 1205 Κυρίου,
3292 1134 3539 1188 τουτέστι
3580 1131 3725 1186 νενέ-

2142 1240 2350 1295 κρωται
2377 1222 2471 1277 καὶ
2508 1224 2790 1295 ἡκύρωται
2813 1262 2829 1290 ,
2854 1223 2958 1295 τῆς
2986 1224 3133 1295 ζωῆς
3162 1224 3534 1295 νεκρωθείσης
3554 1265 3573 1292 ,
3599 1224 3657 1277 ὲν

2140 1316 2242 1389 τὴν
2294 1314 2544 1371 τύπωσιν
2596 1315 2819 1388 εἴχομεν
2870 1316 2974 1389 τῆς
3020 1317 3286 1389 πονηρίας
3320 1356 3336 1383 ,
3380 1317 3477 1371 καὶ
3516 1316 3615 1387 τῆς
3662 1314 3724 1379 ἐξ

2143 1409 2314 1480 αὐτῆς
2349 1409 2827 1482 καταμαρτυρίας.
2866 1409 2928 1465 '0
2959 1409 3068 1483 γὰρ
3098 1410 3383 1481 νεκρὼσας
3414 1410 3514 1482 τὴν
3552 1409 3720 1477 ζωὴν,

2145 1498 2416 1570 ὲνέκρωσε
2445 1499 2505 1553 τὺ
2538 1498 2659 1553 κατ’
2693 1499 2862 1571 αὐτῆς
2900 1500 3276 1571 χειρόγραφον
3304 1540 3319 1566 ,
3361 1499 3458 1554 καὶ
3499 1497 3596 1561 τὰς
3627 1514 3724 1551 πο-

2144 1589 2318 1658 νηρὰς
2349 1586 2601 1653 ἐξουσίας
2620 1588 2721 1653 τὰς
2742 1588 3187 1659 περιπεφυκυίας
3218 1591 3284 1659 τῇ
3304 1587 3475 1659 κακία
3506 1588 3573 1659 τῇ
3600 1602 3725 1655 σαρ-

2146 1684 2309 1752 κικῇ,
2356 1682 2452 1736 καὶ
2490 1682 2657 1737 οἱονεὶ
2691 1682 3004 1746 σκεπούσας
3056 1683 3153 1736 καὶ
3203 1678 3590 1743 καλυπτούσας
3630 1680 3725 1733 τὸν

2075 1774 2120 1832 Β
2148 1773 2456 1845 ἄνθρωπον,
2487 1772 2934 1830 συναπεκδύσατο
2954 1773 3030 1844 τῷ
3056 1772 3293 1845 σώματι,
3319 1772 3722 1844 συνεκρὲμασε,

2146 1866 2437 1941 βαστάζων
2485 1866 2587 1939 μὲν
2628 1866 2896 1939 αἰσχύνην
2938 1868 3125 1932 αὐτὸς,
3172 1867 3274 1939 τὴν
3317 1866 3374 1919 ἐν
3421 1863 3725 1935 ἀνθρώπων

2145 1956 2463 2029 ὀφθαλμοῖς,
2495 1956 2844 2030 περιτρέπων
2872 1956 2929 2010 δὲ
2961 1956 3131 2028 αὐτὴν
3160 1957 3242 2021 εἰς
3264 1954 3399 2020 τοὺς
3430 1954 3728 2026 σταυροῦν-

2143 2067 2242 2116 τας
2272 2050 2368 2105 τοῦ
2400 2051 2596 2115 αἰῶνος
2620 2049 2811 2105 τούτου
2861 2050 3127 2122 ἄρχοντας
3152 2049 3313 2115 ὄντας
3337 2064 3352 2079 °
3378 2050 3459 2104 ὅτι
3488 2048 3547 2103 τὸ
3577 2051 3726 2119 ἰσχυ-

2145 2144 2242 2216 ρὸν
2269 2142 2472 2207 αὐτῶν,
2501 2142 2530 2196 ὁ
2556 2141 2792 2207 θάνατος
2828 2140 3072 2216 ἀνῃρέθη
3099 2140 3423 2213 μεταπεσὼν
3447 2141 3528 2205 εἰς
3558 2140 3726 2211 ζωὴν,

2144 2233 2287 2289 ὥστε
2324 2231 2741 2288 ἐκπεπτωκέναι
2770 2233 2864 2286 τοῦ
2892 2232 3106 2303 θρόνου,
3135 2232 3227 2287 διὰ
3259 2231 3323 2287 τὺ
3354 2229 3453 2303 τὴν
3482 2230 3725 2304 ῥίζωσιν,

2143 2324 2240 2379 καὶ
2266 2324 2365 2395 τὴν
2407 2321 2723 2396 ύποϐάθραν
2765 2322 2931 2378 αὐτοῦ
2966 2323 3369 2396 περιῃρῆσθαι,
3415 2323 3536 2394 ἣτις
3580 2323 3729 2397 ἐστὶν

2142 2413 2175 2469 ὁ
2203 2414 2452 2479 θάνατος.

2225 2694 2243 2729 ι
2292 2674 2383 2747 Μὴ
2452 2671 2547 2730 οὖν
2604 2692 2689 2741 τις
2758 2675 2903 2746 ὑμᾶς
2966 2678 3201 2746 κρινέτω
3239 2674 3297 2728 ὲν
3338 2671 3575 2745 βρώσει,
3614 2672 3727 2745 ἢέν

2149 2770 2325 2835 πόσει,
2359 2769 2393 2841 ἢ
2426 2770 2484 2824 ὲν
2531 2767 2690 2841 μέρει
2755 2768 2970 2840 ἑορτῆς,
3001 2768 3035 2839 ἢ
3088 2765 3484 2839 Νουμηνίας,.ἢ
3514 2764 3729 2821 Σαϐϐά-

2147 2879 2277 2929 των,
2316 2860 2352 2916 ά
2390 2863 2506 2915 ἐστι
2565 2860 2694 2916 σκιὰ
2727 2860 2838 2914 τῶν
2887 2859 3208 2931 μελλόντων,
3234 2856 3371 2913 τὸδὲ
3399 2856 3558 2930 σῶμα
3592 2858 3729 2931 Χρι-

2150 2953 2300 3009 στοῦ.
2331 2972 2350 3007 ι

2231 3045 2632 3118 Ἀπηλλάγητε,
2673 3044 2829 3116 φησί,
2888 3044 2999 3099 τῶν
3054 3044 3183 3117 περί
3208 3044 3477 3117 σωμάτων
3503 3060 3729 3116 νομοτε-

474 3128 597 3182 quae
636 3113 701 3167 ad
730 3126 959 3182 corpora
994 3111 1338 3182 spectabant.
1396 3112 1534 3167 Nam
1567 3111 1680 3167 hate
1715 3115 1899 3168 omnia
1929 3131 2047 3169 um-

2156 3111 2437 3209 θημάτων.
2463 3111 2650 3191 Ταῦτα
2816 3111 2999 3191 πάντα
3029 3111 3260 3189 τυπικαί
3291 3111 3456 3189 *σκιαὶ
3506 3111 3728 3208 μελλόν-

474 3205 702 3261 bratilcs
766 3203 953 3275 figuras
1000 3212 1161 3259 erant
1211 3204 1815 3275 futurorum;quaudo
1854 3220 2049 3277 nempe

474 3298 804 3354 assistemus
838 3296 969 3364 Deo,
1004 3312 1190 3352 veram
1222 3298 1392 3362 illam
1430 3296 1786 3367 praeferentes
1830 3298 2049 3353 mundi-

475 3392 631 3454 tiam,
662 3382 961 3461 veramque
1004 3388 1361 3444 festivitatem
1392 3397 1639 3459 agentes.

548 3481 714 3536 Vens.
778 3478 867 3545 18,
905 3480 990 3536 19.
1024 3499 1043 3533 ι
1077 3478 1246 3536 Nemo
1286 3495 1384 3535 vos
1437 3480 1683 3545 scducat,
1713 3478 1903 3536 volens
1991 3478 2049 3534 in

477 3572 790 3628 humilitate
817 3580 873 3628 et
903 3573 1166 3644 religione
1206 3572 1549 3644 angelorum,
1587 3587 1710 3643 quae
1748 3588 1855 3627 non
1888 3570 2047 3637 vidit,

477 3664 793 3732 ambulans,
853 3664 1058 3720 frustra
1114 3665 1338 3722 inﬂatus
1379 3681 1547 3722 sensu
1585 3665 1777 3721 carnis
1830 3680 1966 3729 suae,
1996 3672 2051 3720 et

476 3772 590 3814 non
622 3766 812 3813 tenens
847 3767 1033 3828 caput,
1069 3774 1135 3813 ex
1165 3774 1274 3829 quo
1308 3766 1479 3813 totum
1523 3773 1727 3829 corpus
1757 3773 1853 3828 per
1877 3772 2051 3813 news

480 3858 538 3905 et
579 3849 1002 3919 conjunctioues
1048 3850 1535 3907 suhministratum
1581 3858 1636 3906 et
1668 3858 2050 3906 constructum

480 3943 683 4000 crescit
704 3943 759 3999 in
792 3952 1147 4016 augmentum
1184 3943 1300 3999 Dei.
1338 3962 1356 3996 ι

549 4140 745 4207 Nemo,
780 4141 878 4209 ait,
910 4140 1067 4198 vobis
1098 4140 1319 4197 sanciat
1356 4142 1528 4214 legem
1551 4158 1673 4214 quae
1710 4143 1933 4199 humilis
1955 4144 2055 4200 ad.

480 4234 594 4291 huc
623 4235 944 4305 abiectaque
975 4235 1069 4301 sit,
1108 4249 1230 4306 quae
1269 4250 1365 4291 vos
1417 4237 1625 4305 angelis
1678 4239 2052 4307 procuratori-

481 4328 608 4393 bus,
663 4335 718 4383 et
780 4326 1129 4383 administris
1174 4327 1326 4383 orbis
1374 4327 1427 4382 in
1483 4329 1797 4384 carnalibus
1834 4346 2055 4401 quoque

480 4420 764 4490 subjiciat.
782 4418 917 4475 Nam
947 4420 1024 4474 illi
1056 4421 1315 4476 custodes
1344 4419 1503 4491 legis,
1542 4420 1635 4491 qui
1665 4435 1783 4474 eam
1807 4437 2051 4493 sequun—

479 4519 595 4575 tur,
630 4511 781 4566 nulla
838 4525 1008 4566 causa
1043 4511 1368 4581 sapientiam
1422 4512 1682 4582 jactitant
1714 4529 1893 4581 suam,
1924 4530 2049 4570 cum

485 4604 689 4673 capite,
744 4601 892 4674 quod
945 4611 1031 4659 est
1082 4602 1363 4667 Christus,
1410 4611 1669 4672 careant;
1727 4620 1824 4674 per
1886 4622 2050 4677 quem

483 4697 806 4749 universum
856 4691 1116 4749 Ecclesiae
1182 4707 1386 4763 corpus
1436 4708 1532 4763 per
1572 4695 1973 4751 commissuras
1999 4707 2052 4753 et

482 4785 839 4855 compagines
868 4798 933 4840 ea
960 4785 1273 4841 accretione
1303 4786 1527 4850 crescit,
1557 4800 1663 4857 qua
1685 4785 1792 4857 ipsi
1824 4801 2053 4844 conces-

490 4879 563 4935 sit
592 4878 733 4934 Deus
762 4885 820 4932 ut
845 4884 1124 4948 augescat.
1152 4876 1546 4933 Commissuras
1581 4888 1762 4934 autem
1802 4886 1855 4935 et
1890 4897 2054 4936 nexus

486 4974 723 5043 appellat
754 4972 899 5037 illos,
931 4972 1025 5043 qui
1058 4975 1282 5029 verbum
1316 4973 1515 5029 docent
1552 4976 1607 5029 in
1647 4975 1916 5030 Ecclesia.
1962 4974 2059 5033 Ee-

483 5068 653 5122 clesia
685 5065 954 5136 siquidem
993 5082 1092 5139 per
1121 5082 1215 5122 eos
1254 5066 1470 5123 Christe
1509 5065 1878 5140 coniungitur,
1912 5077 1966 5124 et
2004 5070 2055 5125 in

484 5158 706 5230 elegans
743 5158 1035 5215 aediﬁcium
1068 5159 1399 5216 exstruitur.

564 5252 727 5308 Vens.
759 5251 952 5308 20-22.
995 5269 1014 5305 ι
1048 5250 1106 5308 Si
1148 5253 1351 5308 mortui
1401 5254 1535 5309 estis
1570 5268 1697 5309 cum
1733 5254 1954 5313 Christo
1992 5256 2062 5312 ab

486 5344 777 5403 elementis
832 5344 1052 5411 mundi,
1093 5345 1225 5415 quid
1260 5345 1437 5402 adhuc
1500 5357 1764 5416 tauquam
1801 5348 2052 5404 viventes

489 5438 698 5496 mundo
727 5436 1065 5495 decernitis?
1087 5453 1157 5494 ne
1199 5440 1471 5511 tetigeris,
1510 5455 1690 5510 neque
1725 5442 2060 5511 gustaveris,

493 5549 672 5605 neque
727 5528 1201 5603 contrectaveris;
1232 5549 1351 5607 quae
1384 5536 1570 5591 omnia
1618 5545 1748 5591 sunt
1780 5537 1833 5592 in
1868 5536 2059 5592 interi-

489 5610 607 5683 tdm
646 5626 777 5697 ipso
795 5641 921 5683 usu.
950 5643 970 5679 ι
1164 5611 1170 5618 ’

2150 3248 2299 3299 των,
2347 3231 2436 3285 ὅτε
2495 3231 2594 3301 τὴν
2650 3230 2819 3294 ὅντως
2858 3228 3099 3299 ,ἔχοντες
3144 3228 3456 3300 καθρότητα
3502 3241 3580 3293 ιιι,
3633 3227 3729 3283 καὶ

2152 3323 2252 3393 τὴν
2294 3320 2474 3392 ἀληθῆ
2510 3319 2865 3392 ἑορτάζοντες
2915 3320 3137 3392 ἑορτὴν,
3201 3319 3321 3392 Θεῴ
3381 3319 3730 3394 παραστησό-

2156 3414 2321 3485 μεθα.
2489 3421 2493 3424 ’

2226 3524 2248 3560 ι
2278 3505 2484 3577 Μηδεὶς
2512 3505 2657 3578 ὑμᾶς
2704 3503 3188 3577 καταϐραϐευέτω,
3242 3502 3412 3558 θέλων
3440 3504 3499 3559 ὲν
3541 3520 3731 3559 ταπει·

2152 3599 2477 3671 νοφροσύνῃ,
2505 3597 2600 3653 καὶ
2624 3596 2893 3669 θρησκείᾳ
2936 3596 3043 3649 τῶν
3068 3595 3315 3666 ἀγγέλων
3334 3634 3350 3660 ,
3384 3594 3421 3650 ἃ.
3456 3594 3531 3666 μὴ
3558 3595 3733 3667 έὼρα-

2152 3709 2248 3746 κεν
2296 3691 2656 3763 ἐμϐατεύων,
2707 3688 2833 3759 εἰκῆ
2882 3687 3244 3763 φυσιούμενος
3300 3688 3407 3747 ὑπὸ
3461 3688 3557 3743 τοῦ
3614 3691 3731 3754 νοὸς

2152 3787 2251 3856 τῆς
2294 3784 2493 3855 σαρκὸς
2538 3782 2743 3849 αὐτοῦ,
2797 3781 2893 3836 καὶ
2921 3781 2981 3834 ού
3033 3781 3254 3852 κρατῶν
3305 3782 3406 3854 τὴν
3466 3781 3729 3855 κεφαλὴν,

2154 3877 2215 3943 se
2235 3870 2297 3933 οὗ
2323 3878 2431 3931 πᾶν
2461 3876 2521 3931 τὸ
2556 3876 2717 3948 σῶμα
2765 3874 2854 3929 διὰ
2886 3873 2996 3927 τῶν
3055 3874 3209 3945 ἁφῶν
3272 3874 3364 3928 καὶ
3420 3873 3730 3946 συνδέσμων

2154 3969 2451 4042 χορηγοῦν,
2477 3968 2574 4024 καὶ
2632 3966 3107 4041 συμϐιεαζόμενον
3160 3966 3311 4034 αὔξει
3360 3967 3460 4041 τὴν
3503 3958 3731 4041 αὔξησιν

2155 4060 2249 4114 τοῦ
2274 4061 2431 4116 θεοῦ.
2472 4080 2490 4113 ι
3198 4048 3203 4054 ’

2228 4152 2322 4223 Μὴ
2354 4151 2714 4223 νομοθετείτω
2749 4167 2833 4215 τις
2866 4150 3017 4222 ὑμῖν,
3064 4152 3232 4221 φησὶ,
3268 4148 3590 4221 νομοθεσίαν
3652 4147 3731 4204 ἔτι

2136 4234 2255 4315 ’τὴν
2284 4243 2568 4315 ταπεινὴν,
2606 4244 2704 4316 τὴν
2759 4242 2849 4296 ὑπ’
2893 4243 3151 4311 ἀγγέλοις
3199 4237 3365 4297 οὖσαν
3395 4242 3730 4315 ἐπιτρόποις,

2159 4336 2252 4389 καὶ
2302 4334 2609 4405 οἰκονόμοις
2639 4371 2655 4396 ,
2708 4333 2803 4386 καὶ
2851 4336 2909 4388 ὲν
2959 4335 3073 4398 τοῖς
3125 4333 3411 4405 σαρκικοῖς
3462 4332 3733 4386 ταπεινῶν

2162 4430 2327 4501 ὑμᾶς.
2386 4429 2605 4499 Ταύτης
2655 4428 2766 4500 γὰρ
2812 4426 3163 4498 ἀντεχόμενοι
3188 4428 3237 4482 οἰ
3267 4425 3360 4481 τοῦ
3409 4428 3734 4499 γράμματος

2162 4522 2399 4592 φύλακες
2453 4522 2630 4592 μάτην
2683 4522 2776 4574 ἐπὶ
2833 4520 2997 4591 σοφίᾳ
3060 4518 3582 4591 μεγαλοφρονοῦσιν,
3636 4520 3735 4573 οὐκ

2159 4612 2372 4684 ἔχοντες
2406 4612 2504 4683 τὴν
2555 4610 2821 4682 κεφαλὴν,
2844 4611 2902 4675 ὅς
2933 4612 3117 4665 εστινό
3133 4609 3388 4682 Χριστὸς,
3415 4609 3475 4675 ἐξ
3495 4603 3557 4664 οὗ
3591 4609 3736 4665 ἅπαν

2155 4706 2254 4777 τῆς
2283 4705 2606 4775 Ἐκκλησίας
2631 4704 2691 4758 τὸ
2709 4705 2869 4775 σῶμα
2885 4701 2976 4756 διὰ
2999 4701 3107 4756 τῶν
3130 4701 3282 4771 ἁφῶν
3314 4702 3406 4757 καὶ
3430 4702 3736 4774 συνδέσμων

2164 4796 2312 4863 αὔξει
2342 4798 2439 4866 τὴν
2461 4796 2711 4868 αὔξησιν,
2738 4797 2804 4868 ἦν
2831 4795 2967 4866 αύτῇ
3011 4794 3245 4849 δέδωκεν
3279 4797 3308 4849 ὁ
3341 4794 3473 4859 Θεὸς
3506 4795 3735 4861 αὐξάνε-

2164 4890 2309 4946 σθαι.
2344 4890 2629 4961 Στυναεεὰς
2659 4891 2715 4944 δὲ
2752 4890 2847 4943 καὶ
2884 4887 3271 4957 συνδέσμους
3337 4886 3466 4954 τοὺς
3516 4888 3608 4943 τὸν
3648 4888 3736 4941 λό-

2165 5000 2259 5053 γον
2298 4986 2362 5055 τῇ
2412 4982 2715 5056 Ἐκκλησία
2762 4981 3140 5053 κηρύττοντος
3194 4979 3366 5049 λέγει.
3427 4980 3504 5035 Δι’
3557 4981 3737 5035 αὐτῶν

2164 5076 2273 5148 γὰρ
2297 5077 2688 5147 συνάπτεταιὴ
2732 5072 3030 5146 Ἐκκλησία
3060 5072 3311 5146 Χριστῷ,
3367 5074 3464 5129 καὶ
3507 5072 3605 5147 τὴν
3638 5091 3738 5129 κα⁹

2163 5169 2261 5242 λὴν
2284 5170 2569 5241 οἰκοδομὴν
2600 5170 2987 5240 οἰκοδομεῖται.

2240 5281 2257 5314 ι
2296 5262 2359 5316 Ei
2391 5261 2694 5316 ἀπεθάνετε
2735 5262 2833 5315 σὺν
2866 5258 3089 5333 Χριστῷ
3144 5259 3254 5316 ἀπὸ
3298 5257 3406 5313 τῶν
3456 5260 3735 5333 στοιχείων

2162 5354 2257 5409 τοῦ
2278 5354 2511 5426 κόσμου,
2540 5355 2593 5409 τί
2628 5354 2703 5419 ὡς
2734 5353 2935 5420 ζῶντες
2961 5355 3017 5408 ὲν
3054 5351 3244 5425 κόσμῳ
3304 5352 3731 5423 δογματίζεσθε;

2167 5448 2242 5519 μὴ
2274 5447 2410 5520 ἅψῃ,
2466 5447 2601 5520 μηδὲ
2651 5447 2848 5519 γεύσῃ,
2906 5445 3043 5518 μηδὲ
3095 5443 3292 5521 θίγῃς”
3323 5445 3361 5501 ἃ
3390 5445 3509 5501 ἐστι
3559 5446 3731 5505 πάντα

2166 5541 2246 5607 εἰς
2271 5541 2476 5613 φθοράν
2503 5544 2569 5614 τῇ
2594 5542 2917 5615 ἀποχρήσει.
2960 5561 2975 5595 ι

1761 5718 1999 5775 ΥΑΒΙᾸΞ
2037 5719 2433 5778 LECTlONES.

583 5819 623 5855 υ
656 5808 906 5893 Spatium
933 5824 1161 5869 vacuum
1188 5816 1274 5868 est
1297 5809 1353 5868 in
1380 5824 1536 5877 mss;
1564 5809 1683 5883 lego
1718 5820 1898 5867 autem
1925 5810 2289 5884 καθαρότητα.
