4048 6290
386 370 492 437 903

1586 363 1646 423 S.
1705 361 2023 426 IOANNIS
2062 361 2492 427 DAMASCENI

3478 360 3638 428 .904

386 496 453 539 ex
480 477 926 537 circumcisione.
965 474 1028 532 lli
1057 475 1161 533 soli
1195 483 1323 532 sunt
1351 474 1633 549 adjutores
1662 479 1767 534 mei
1795 477 1850 534 in
1884 494 1968 533 re-

2076 470 2236 533 Οὗτοι
2275 480 2429 550 μόνοι
2471 479 2724 552 συνεργοὶ
2755 477 2835 545 είς
2868 479 2965 553 τὴν
3003 478 3285 554 βασιλείαν
3337 477 3433 536 τοῦ
3479 477 3615 533 Θεοῦ

386 590 496 649 guo
526 572 646 642 Dei,
669 573 763 644 qui
793 572 925 627 mihi
956 571 1178 626 fuerunt
1207 569 1425 625 solatio.
1448 588 1467 621 ι

459 666 599 721 Eum
655 666 822 721 etiam
851 662 947 735 qui
980 661 1196 717 Marcus
1226 662 1317 716 hic
1345 659 1683 726 nominatur,
1721 673 1963 715 consan-

389 760 630 832 guinitas
646 757 904 812 Barnaba:
918 750 1429 811 commendat.Nam
1449 750 1730 806 Barnabas
1743 759 1861 806 erat
1872 764 1967 805 no-

392 854 518 908 tior.
535 850 722 907 Jesum
742 850 891 905 addit
913 849 1001 920 qui
1018 858 1231 902 uocatur
1251 844 1439 901 Justus
1459 861 1478 911 ,°
1495 861 1617 901 cum
1640 844 1783 899 hunc
1804 842 1965 899 forsi-

390 950 485 998 tan
518 940 702 996 fideles
727 939 803 993 ita
841 936 1349 1008 cognominassent,
1381 936 1451 990 ob
1480 933 1848 990 reverentiam
1871 947 1967 988 no-

390 1030 557 1087 minis
583 1028 909 1084 Salvatoris.
926 1027 1092 1099 Atqui
1117 1027 1219 1082 hos
1239 1027 1344 1082 sibi
1360 1026 1552 1082 solatio
1574 1039 1697 1083 esse
1715 1025 1813 1093 ait,
1836 1039 1965 1081 cum

391 1135 579 1180 essent
623 1137 689 1177 ex
722 1120 1163 1183 circumcisione,
1200 1128 1424 1191 propter
1453 1118 1729 1189 jacturam
1774 1117 1966 1189 utique

391 1216 782 1273 contribulium
820 1216 1074 1270 aliorum.
1109 1212 1243 1268 Nam
1280 1215 1329 1267 ei
1358 1212 1448 1283 qui
1471 1222 1693 1283 propter
1724 1211 1851 1268 illos
1873 1209 1965 1284 qui

328 1302 333 1307 ’
394 1318 645 1383 pereunt,
677 1310 847 1380 luget,
880 1308 1133 1364 solamini
1165 1315 1296 1365 sunt
1324 1308 1419 1377 qui
1450 1306 1586 1363 salvi
1624 1305 1779 1361 fiunt.

466 1481 630 1538 Vens.
670 1480 756 1544 12,
816 1480 903 1535 15.
964 1498 983 1531 ι
1024 1477 1236 1535 Salutat
1261 1493 1353 1533 vos
1411 1476 1714 1548 Epaphras,
1770 1478 1866 1549 qui
1899 1492 1966 1532 ex

393 1575 551 1630 vobis
598 1581 705 1635 est,
766 1587 960 1627 servus
994 1564 1221 1633 Christi",
1262 1585 1479 1641 semper
1539 1569 1812 1625 sollicitus
1868 1582 1967 1638 pro

392 1668 553 1739 vobis
587 1666 649 1727 in
681 1664 1046 1730 orationibus,
1099 1670 1159 1718 ut
1198 1663 1354 1718 stetis
1393 1660 1622 1733 perfecti
1652 1669 1707 1718 et
1730 1661 1877 1732 pleni
1910 1660 1964 1715 in

393 1760 546 1817 omni
575 1759 873 1814 voluntate.
923 1754 1323 1812 Testimonium
1357 1756 1508 1811 enim
1569 1754 1647 1809 illi
1680 1753 1963 1823 perhibeo.

396 1852 546 1925 quod
597 1851 762 1906 habet
813 1851 987 1906 zelum
1032 1849 1264 1903 multum
1324 1862 1425 1918 pro
1459 1847 1635 1910 vobis.
1664 1854 1718 1903 et
1760 1860 1862 1917 pro
1899 1844 1968 1901 iis

396 1943 490 2015 qui
539 1950 668 1997 sunt
704 1938 1010 2004 Laodiceae,
1042 1948 1099 1995 et
1139 1938 1233 2010 qui
1261 1935 1561 2007 Hierapoli.
1603 1935 1821 1990 Salutat
1867 1950 1968 1990 vos

395 2035 577 2090 Lucas
620 2031 869 2087 medicus
901 2030 1288 2093 charissimus,
1321 2036 1377 2083 et
1436 2027 1659 2083 Demas.
1716 2024 1969 2082 Salutate

394 2128 594 2185 fratres
625 2125 719 2197 qui
754 2134 882 2180 sunt
914 2122 1215 2185 Laodiceae,
1256 2128 1311 2175 et
1342 2116 1670 2191 Nympham.
1711 2136 1730 2170 ι

466 2217 727 2273 Nonnihil
776 2215 933 2283 juvat
962 2212 1221 2279 afﬁnitas,
1278 2213 1394 2266 sive
1424 2210 1729 2265 secundum
1794 2224 1969 2278 genus

397 2312 490 2374 sit.
531 2312 647 2366 sive
672 2308 973 2366 secundum
1009 2306 1266 2377 patriam,
1303 2305 1527 2373 insuper
1566 2302 1734 2356 etiam
1763 2312 1816 2356 et
1848 2315 1970 2371 quae

397 2402 699 2459 secundum
748 2398 1079 2455 doctrinam.
1131 2396 1223 2452 llis
1248 2404 1431 2450 autem
1494 2394 1753 2450 omnibus
1785 2394 1967 2448 modis

397 2491 683 2563 Epaphras
764 2491 1123 2546 Colossenses
1172 2486 1566 2557 contingebat.
1642 2485 1966 2541 Orationum

400 2587 569 2657 igitur
589 2584 833 2642 studium
865 2580 1237 2648 commendat,
1265 2579 1396 2635 dum
1419 2578 1488 2634 de
1506 2577 1615 2634 illis
1660 2590 1970 2634 sermonem

400 2677 586 2733 habet.

478 2786 498 2819 ι
524 2769 589 2822 Et
620 2767 808 2838 quaein
825 2765 988 2822 domo
1008 2764 1130 2837 ejus
1163 2772 1268 2833 est,
1293 2763 1617 2821 Ecclesiam.
1642 2762 1833 2837 [νειιε.
1855 2760 1973 2833 ῖϐ.]

403 2859 467 2913 Et
498 2875 621 2915 cum
652 2861 792 2915 lecta
833 2858 998 2915 fuerit
1029 2858 1173 2928 apud
1205 2873 1303 2915 vos
1338 2857 1588 2930 Epistola
1618 2859 1754 2923 hzec,
1781 2852 1969 2923 facite,

404 2968 462 3010 ut
487 2962 541 3009 et
572 2954 624 3008 in
648 2952 1070 3009 Laodicensium
1095 2951 1331 3008 ecclesia
1365 2953 1600 3022 legatur.
1632 2969 1651 3003 ι

475 3038 937 3111 Unamquamque,
957 3040 1125 3094 etiam
1160 3055 1256 3111 per
1293 3038 1488 3097 domos
1544 3039 1848 3097 Ecclesiam
1872 3038 1972 3095 ad-

2068 570 2266 635 οῐτινες
2295 573 2629 645 ἐγενήθησάν
2661 590 2752 645 μοι
2770 575 3103 648 παρηγορία.
3141 595 3160 630 s

2145 663 2253 718 Kal
2283 666 2316 735 ή
2346 664 2484 735 πρὸς
2514 664 2803 735 Βαρνάϐαν
2856 667 3146 736 συγγένεια
3199 663 3486 736 συνίστησι
3550 664 3627 719 τδι

2067 752 2472 827 ὀνομαζόμενον
2513 758 2761 829 Μάρκον.
2814 757 3243 830 Γνωριμώτερος
3296 757 3405 827 γὰρ
3438 751 3625 827 όΒαρ-

2066 844 2255 910 νάσας.
2289 844 2497 917 Ἰησοῦν
2517 844 2573 899 δὲ
2601 847 2799 916 ὲπάγει
2829 852 2939 901 τὸν
2967 847 3299 917 λεγόμενον
3335 842 3624 907 Ἰοῦστοη

2066 936 2200 1002 ἴσως
2250 936 2700 1008 ἐπονομαζόντων
2751 939 2916 993 αὑτὸν
2978 938 3122 993 οὕτω
3166 936 3275 991 τῶν
3334 935 3546 991 πιστῶν
3575 934 3625 987 δι

2066 1028 2351 1083 εὐλάϐειαν
2400 1031 2500 1100 τὴν
2560 1031 2691 1102 περὶ
2716 1030 2779 1084 τὸ
2814 1030 2985 1103 ὄνομα
3039 1028 3313 1101 Σωτῆρος.
3361 1027 3458 1081 Ἐκ
3483 1043 3643 1095 περι-

2065 1120 2240 1192 τομῆς
2266 1120 2324 1175 δὲ
2355 1121 2583 1186 τούτους
2638 1123 2819 1191 ὄντας,
2857 1122 3199 1196 παρηγορίαν
3256 1118 3436 1191 ἑαυτῷ
3475 1135 3639 1190 φησιν

2066 1209 2207 1268 εῖναι
2239 1213 2326 1269 διὰ
2376 1215 2476 1286 τὴν
2524 1216 2805 1271 ἀπώλειαν
2842 1217 2950 1271 τῶν
3008 1214 3305 1285 συγγενῶν.
3349 1210 3639 1267 Πενθοῦντι

2069 1304 2177 1376 γὰρ
2215 1307 2310 1361 ἐπὶ
2371 1308 2485 1372 τοῖς
2543 1308 2872 1376 ἀπολωλόσι,
2926 1306 3271 1379 παραμύθιον
3300 1306 3349 1357 oi
3395 1301 3637 1373 σωζόμε-

2067 1418 2169 1455 νοι.

2149 1513 2168 1546 ι
2218 1492 2546 1557 Ἀσπάζεται
2595 1492 2741 1563 ὑμᾶς
2773 1490 3060 1564 Ἐπαφρᾶς
3088 1491 3118 1543 ό
3157 1489 3217 1555 ἐξ
3264 1489 3416 1560 ὑμῶν
3457 1484 3642 1549 δοῦλος

2068 1584 2326 1658 Χριστοῦ,
2362 1585 2594 1639 πάντοτε
2634 1583 3037 1655 ἀγωνιζόμενος
3066 1581 3209 1653 ὑπὲρ
3254 1581 3408 1650 ὑμῶν
3438 1579 3493 1632 ὲν
3523 1580 3641 1641 ταῖς

2068 1679 2418 1750 προσευχαῖς,
2468 1677 2558 1731 ἵνα
2596 1677 2760 1747 στῆτε
2811 1675 3045 1741 τέλειοι,
3094 1674 3191 1728 καὶ
3222 1670 3643 1743 πεπληρωμένοι

2072 1772 2129 1825 ὲν
2160 1769 2325 1824 παντὶ
2368 1766 2637 1843 θελήματι
2658 1767 2753 1821 τοῦ
2781 1766 2939 1821 Θεοῦ.
2993 1762 3271 1836 Μαρτυρῶ
3303 1762 3411 1833 γὰρ
3471 1759 3640 1831 αύτῷ,

2069 1864 2149 1917 ὅτι
2179 1861 2292 1933 ἔχει
2322 1859 2481 1933 ζῆλον
2517 1856 2682 1914 πολὺν
2731 1859 2873 1931 ὑπὲρ
2906 1856 3082 1929 ὑμῶν,
3142 1854 3237 1910 καὶ
3285 1854 3394 1907 τῶν
3424 1853 3482 1906 ἐν
3508 1852 3647 1905 Λαο-

2068 1954 2278 2025 δικείᾳ,
2333 1957 2428 2009 καὶ
2486 1953 2595 2008 τῶν
2641 1953 2700 2007 ὲν
2745 1950 3071 2023 Ἱεραπόλει.
3109 1946 3446 2012 ’Λσπάξεται
3501 1945 3645 2015 ὑμᾶς

2068 2049 2284 2110 Λουκᾶς
2323 2028 2562 2117 όῖατρδς
2592 2046 2621 2099 ό
2656 2042 2940 2116 ἀγαπητὸς
2963 2083 2978 2108 ,
3038 2041 3134 2096 καὶ
3186 2040 3395 2111 Δημᾶς.
3440 2036 3643 2090 Ἀσπάο

2070 2137 2230 2206 ζεσθε
2275 2139 2401 2203 τοὺς
2429 2140 2485 2190 ὲν
2517 2136 2807 2208 Λαοδικείᾳ
2856 2134 3142 2205 ἀδελφοὺς,
3188 2134 3285 2187 καὶ
3326 2132 3584 2202 Νυμφᾶν.
3616 2146 3637 2180 s

2152 2231 2475 2304 Ἐργάζεταί
2497 2248 2551 2284 τι
2584 2232 2679 2285 καὶ
2709 2232 2742 2301 ἡ
2773 2228 2914 2283 κατά
2954 2228 3143 2298 γένος,
3177 2226 3270 2280 καὶ
3299 2226 3331 2293 ἡ
3367 2223 3507 2278 κατά
3548 2218 3649 2274 παι

2070 2327 2229 2401 τρὶδα
2257 2326 2550 2398 οἰκειότης,
2587 2324 2668 2378 ἔτι
2698 2324 2753 2377 δὲ
2779 2323 2873 2378 καλ⁸
2907 2323 3099 2394 ἡκατά
3132 2319 3230 2392 τὴν
3279 2315 3647 2373 διδασκαλίαν.

2072 2418 2261 2472 Ταῦτα
2279 2418 2337 2472 δὲ
2376 2418 2553 2472 πάντα
2586 2417 2801 2486 ὑπῆρχε
2833 2414 2913 2485 τῷ
2954 2410 3331 2483 Ἐπαφροδίτῳ
3361 2409 3497 2480 πρὸς
3524 2407 3649 2471 τοὺς

2073 2512 2440 2574 Κολοσσαέας.
2477 2510 2588 2580 Τὴν
2619 2503 2711 2561 οὖν
2736 2508 2845 2561 τῶν
2891 2504 3067 2577 εὐχῶν
3117 2501 3354 2573 σπουδὴν
3381 2500 3650 2554 δείκνυσιν

2074 2608 2134 2661 ὲν
2163 2604 2240 2678 τῷ
2268 2602 2627 2676 περὶτούτων
2654 2601 2983 2672 διηγήματι.

2161 2809 2179 2843 ι
2208 2790 2320 2843 Καὶ
2339 2789 2439 2861 τὴν
2472 2787 2594 2843 κατ’
2628 2781 2777 2842 οἷκον
2808 2782 2974 2842 αὐτοῦ
3018 2782 3366 2856 Ἐκκλησίαν.
3395 2780 3504 2835 Καὶ
3522 2780 3653 2834 ὅταν

2075 2881 2397 2955 ἀναγνωσθῇ
2446 2881 2577 2954 παρ’
2642 2880 2834 2952 ύμῖνή
2871 2875 3166 2949 ἐπιστολὴ,
3214 2878 3511 2947 ποιήσατε,
3565 2872 3653 2925 ἵνα

2076 2976 2171 3032 καὶ
2195 2978 2252 3028 ὲν
2271 2976 2337 3045 τῇ
2359 2972 2671 3029 Λαοδικέων
2692 2971 2960 3046 ἐκκλησίᾳ
2983 2969 3328 3041 ἀναγνωσθῇ.
3355 2988 3375 3021 s

2156 3066 2468 3140 Προτρέπει
2516 3067 2611 3120 καὶ
2662 3065 2764 3138 τὴν
2822 3064 2947 3120 κατ’
3002 3063 3192 3128 οἴκους
3258 3061 3546 3117 ἀσκεῖσθαι
3583 3059 3655 3113 τὰ

404 3133 679 3197 hortatur,
739 3139 798 3186 ut
832 3130 1088 3202 pietatem
1117 3146 1248 3203 erga
1282 3132 1453 3188 Deum
1504 3133 1712 3189 colant.
1742 3132 1848 3190 Ubi
1874 3132 1971 3189 do-

2076 3161 2174 3230 τῆς
2209 3130 2573 3224 δεόσεὸείας,
2640 3130 2938 3227 ἐκκλησίας
3014 3152 3198 3209 καλῶν
3246 3152 3343 3206 καὶ
3394 3153 3521 3214 τοὺς
3576 3149 3656 3202 οἷο

404 3241 545 3293 ηιοε,
578 3226 729 3296 ipsas
755 3241 975 3298 quoque
1002 3226 1268 3283 ecclesias
1297 3227 1553 3297 appellat.

480 3343 498 3374 ε
538 3322 603 3376 Et
624 3336 745 3377 eam
775 3337 897 3393 quae.
926 3334 1094 3379 estex
1118 3322 1412 3388 Laodicea,
1437 3338 1537 3379 vos
1562 3322 1778 3394 legatis.
1807 3339 1830 3375 ι

474 3412 714 3468 Primam
752 3412 1047 3485 Epistolam
1087 3414 1156 3470 ad
1187 3415 1533 3472 Timotheum
1564 3414 1720 3470 dicit.
1741 3413 1975 3481 Quidam

407 3508 565 3563 aiunt
592 3523 701 3563 non
735 3508 823 3563 hic
852 3506 1152 3579 Epistulam
1178 3509 1334 3565 innui
1380 3524 1540 3579 quam
1574 3507 1777 3564 Paulus
1805 3505 1873 3561 ad
1909 3506 1973 3559 il-

407 3598 490 3654 .‘os
551 3598 779 3655 miserit.
811 3596 929 3653 Non
985 3599 1132 3654 enim
1194 3599 1294 3666 ait,
1331 3598 1399 3653 ad
1431 3598 1825 3665 Laodicenses,
1880 3596 1978 3653 sed

406 3701 526 3743 eam
562 3701 682 3757 qua:
704 3685 967 3741 Laodicea
999 3687 1205 3758 scripta
1237 3696 1384 3743 esset
1408 3687 1476 3742 ad
1506 3686 1761 3743 Paulum.
1991 3744 1995 3749 .

492 3778 658 3835 Vens.
691 3779 778 3845 i7,
812 3778 900 3832 18.
941 3796 961 3830 ι
996 3778 1065 3833 Ει
1092 3777 1259 3835 dicite
1290 3777 1565 3849 Archippo
1595 3797 1609 3834 :
1646 3777 1785 3835 Vide
1809 3778 1979 3833 mini-

408 3874 637 3929 sterium
674 3870 819 3940 quod
852 3869 1116 3940 accepisti
1140 3884 1171 3924 a
1198 3869 1449 3936 Domino,
1476 3879 1535 3927 ut
1560 3870 1695 3925 illud
1724 3869 1973 3941 impleas.

410 3965 680 4025 Salutatio
712 3977 833 4020 mea
864 3978 1029 4019 manu
1052 3962 1228 4019 Pauli.
1267 3981 1288 4016 ι

477 4058 617 4114 Cum
645 4055 1043 4111 ministratoria
1066 4054 1316 4126 quasdam
1349 4070 1483 4112 cura
1535 4056 1675 4113 huic
1698 4057 1859 4129 215
1892 4058 1981 4114 in-

409 4151 597 4222 iuncta
625 4158 796 4214 esset,
825 4163 950 4206 eum
978 4148 1423 4215 commonefacit,
1465 4151 1546 4205 uti
1572 4151 1884 4223 jussionem
1914 4167 1997 4230 ac.

411 4260 640 4317 pensum
691 4251 1068 4315 exsequatur:
1098 4243 1265 4316 idque
1316 4245 1371 4299 in
1412 4243 1665 4312 Domino,
1717 4252 1777 4301 ut
1821 4244 1987 4312 nihil,

410 4341 528 4395 sive
548 4337 895 4416 parvumsit,
929 4337 1046 4394 sive
1092 4352 1375 4406 magnum,
1408 4337 1566 4395 aliter
1599 4338 1715 4408 ﬁat,
1739 4339 1846 4396 nisi
1880 4353 1969 4397 se-

296 4444 301 4447 ‘
410 4430 650 4497 cundum
683 4430 874 4486 Deum.

487 4541 506 4575 ι
546 4521 813 4580 Μοιιιοτοε
851 4530 1028 4580 estote
1058 4523 1404 4581 vinculorum
1435 4540 1703 4583 meorum.
1733 4547 1754 4582 ι

490 4614 613 4671 Νοη
642 4631 767 4673 enm
798 4616 966 4688 pudet
992 4617 1357 4683 vinculorum,
1382 4620 1513 4689 quin
1544 4629 1599 4675 et
1639 4621 1708 4675 iis
1744 4622 1985 4679 oblecta.

416 4717 546 4776 tur;
571 4724 739 4780 seque
774 4708 955 4781 ipsum
984 4717 1207 4781 propter
1230 4710 1323 4766 illa
1354 4713 1734 4779 recordatione
1755 4714 1982 4787 dignum

412 4800 590 4857 ducit.

488 4910 509 4945 ι
540 4890 729 4949 Gratia
753 4891 1066 4949 vobiscum.
1097 4893 1294 4949 Amen.
1321 4913 1340 4947 ι

486 4982 716 5041 Volebat
758 4984 905 5041 enim
941 4986 1374 5065 inwmemoriam
1416 4989 1664 5057 ipsorum
1720 5004 1981 5049 revocare

413 5076 731 5134 universum
760 5091 939 5162 genus
985 5062 1267 5134 huminum
1330 5080 1563 5136 salutem
1594 5097 1692 5152 per
1747 5086 1978 5155 gratiam

414 5169 743 5227 obtinuisse.

483 5250 584 5320 Ald.
616 5260 948 5321 Colossenses
994 5263 1161 5319 Roma
1197 5268 1406 5337 scripsit
1460 5287 1552 5338 per
1614 5271 1896 5343 Tychicum
1933 5283 1983 5330 et

838 5354 1164 5415 Onesimum.
1209 5358 1396 5417 Versus
1433 5363 1557 5419 9.08.

2082 3269 2232 3316 κους.

2152 3365 2172 3398 ι
2195 3347 2304 3399 Καὶ
2329 3342 2429 3416 τὴν
2450 3344 2513 3398 ὲκ
2529 3341 2873 3410 Λαοδικείας,
2906 3342 2996 3396 ἵνα
3018 3341 3113 3396 καὶ
3140 3340 3295 3412 ὑμεῖς
3318 3337 3649 3408 ἀναγνῶτε..

2145 3439 2259 3509 Τὴν
2281 3438 2418 3510 πρὸς
2443 3436 2708 3507 Τιμόθεον
2753 3434 2981 3508 πρώτην
3039 3434 3210 3504 λέγει.
3266 3432 3422 3496 Τινές
3471 3448 3653 3503 φασιν,

2081 3531 2164 3585 ὅτι
2203 3530 2327 3601 οὐχὶ
2367 3529 2469 3599 τὴν
2510 3527 2729 3582 Παύλου
2780 3527 2917 3599 πρὸς
2969 3527 3165 3592 αὐτοὺς
3213 3524 3653 3595 ἀπεσταλμένην.

2084 3624 2157 3678 Oti
2184 3625 2290 3696 γὰρ
2318 3622 2489 3690 λέγει,
2528 3622 2628 3695 τὴν
2652 3620 2790 3693 πρὸς
2838 3620 3161 3686 Λαοδικέας,
3202 3618 3340 3675 ἀλλά
3378 3617 3478 3690 τὴν
3527 3616 3655 3689 παρ’

2082 3716 2261 3771 αὐτῶν
2284 3716 2481 3787 Παύλῳ
2508 3715 2577 3770 ἐκ
2590 3713 2947 3783 Λαοδικείας
2977 3714 3312 3787 γραφεῖσαν.

2163 3828 2183 3862 ι
2212 3810 2322 3863 Καὶ
2370 3809 2564 3864 εἴπατε
2609 3805 2899 3880 Ἀρχίππῳ
2922 3821 2936 3836 ·
2970 3806 3146 3861 Βλέπε
3203 3804 3303 3877 τὴν
3336 3803 3609 3864 διακονίαν
3632 3842 3652 3870 ,

2084 3904 2152 3974 ἢν
2168 3901 2475 3973 παρέλαϐες
2501 3902 2560 3954 ὲν
2582 3900 2801 3972 Κυρίῳ,
2837 3900 2928 3955 ῖνα
2961 3889 3130 3973 αὐτὴν
3180 3899 3430 3972 πληροῖς.
3473 3896 3532 3953 '0
3556 3898 3652 3952 ἀσ-

2085 3995 2306 4068 πασμὺς
2327 3997 2393 4067 τῇ
2415 3996 2522 4067 ἐμῇ
2546 3995 2687 4066 χειρὶ
2712 3993 2946 4051 Παύλου.
2967 4013 2991 4066 _s

2169 4091 2496 4159 Διακονικὴν
2538 4105 2662 4142 τινα
2706 4087 2970 4159 φροντίδα
3006 4086 3507 4160 προστεταγμένον,
3530 4085 3653 4140 τοῦ·

2085 4199 2179 4236 τον
2216 4182 2630 4253 ἀναμιμνήσκει
2678 4179 2925 4253 πληροῦν
2954 4180 3017 4235 τὸ
3034 4180 3338 4253 ἐπίταγμα,
3374 4181 3469 4235 καὶ
3502 4178 3655 4235 τοῦτο

2084 4274 2157 4329 ἐν
2188 4274 2401 4342 Κυρίῳ,
2432 4272 2520 4327 ἵνα
2550 4272 2717 4344 μηδὲν
2754 4273 2977 4342 ἑτέρως,
3018 4274 3156 4345 μήτε
3194 4273 3369 4345 μέγα,
3408 4258 3545 4346 μήτε
3570 4288 3656 4343 μι-

2086 4364 2220 4438 κρὸν
2239 4366 2479 4437 γίνηται,
2508 4364 2622 4419 ἀλλ’
2651 4365 2685 4437 ἢ
2709 4364 2851 4419 κατὰ
2870 4364 3025 4422 Θεόν.

2011 4547 2055 4603 It
2160 4561 2179 4595 ι
2212 4542 2596 4614 Μνημονεύετέ
2628 4561 2727 4614 μου
2761 4541 2868 4596 τῶν
2905 4542 3140 4615 δεσμῶν.
3176 4563 3196 4596 s

2159 4639 2273 4692 Οὐκ
2322 4634 2637 4708 αἰσχύνεται
2677 4638 2789 4699 τοῖς
2816 4637 3058 4706 δεσμοῖς,
3104 4636 3241 4691 ἀλλά
3287 4635 3383 4691 καὶ
3433 4636 3655 4707 ἀγάλλε-

2085 4748 2211 4787 ται·
2246 4729 2576 4786 καὶτούτων
2618 4731 2779 4784 ἕνεκα
2828 4731 3053 4803 μνήμης
3096 4731 3248 4799 ἀξιον
3282 4732 3476 4786 ἑαυτὸν
3516 4726 3655 4787 οῐδεν

2086 4825 2234 4881 ὅντα.

2164 4936 2184 4970 ι
2223 4918 2285 4970 Ἡ
2318 4918 2479 4989 χάρις
2513 4916 2634 4988 μεθ’
2672 4917 2846 4988 ὑμῶν.
2876 4917 3072 4990 Ἀμήν.
3108 4936 3126 4972 s

2132 5004 2277 5063 eis;
2308 5007 2418 5080 γὰρ
2450 5010 2782 5080 ἀναμνήσων
2810 5010 3033 5075 αὐτοὺς,
3063 5011 3147 5064 ὅτι
3199 5009 3289 5066 διά
3332 5009 3537 5083 ταύτης
3572 5011 3658 5065 σέ-

2089 5119 2292 5156 σωσται
2318 5100 2377 5154 τὸ
2398 5100 2509 5155 τῶν
2536 5099 2841 5173 ἀνθρώπων
2866 5100 3042 5169 γένος.

2088 5280 2244 5350 Πρὸς
2281 5282 2661 5349 Κολοσσαεῒς
2686 5282 2913 5353 ἐγράφη
2942 5282 3061 5338 ἀπὸ
3097 5280 3318 5355 Ῥώμης
3353 5281 3453 5339 διὰ
3493 5285 3658 5353 Τυχι-

2362 5369 2465 5425 κοῦ
2493 5372 2593 5426 καὶ
2627 5372 2966 5447 Ὀνησίμου.
2999 5373 3232 5435 Στίχων
3256 5377 3370 5435 ση⁹ο
