4048 6290
461 414 598 514 "illi

1622 398 1708 463 ’S.
1726 394 1971 463 ΠΟΑΝΝ
1978 396 2050 457 IS
2090 390 2519 454 DAMASCENI

3626 368 3747 463 ate

502 538 597 585 aut
630 524 912 599 gaudium,
943 529 1038 574 aut
1063 532 1267 574 corona
1305 515 1529 587 gloria?
1562 528 1745 567 nonne
1760 522 1924 567 etvos
1950 494 2080 563 ante

2196 504 2495 577 κήσεωςςῆ
2548 500 2670 572 οὐχὶ
2719 498 2813 552 καὶ
2843 498 2998 569 ὑμεῖς
3038 494 3347 567 ἔμπροσθεν
3391 491 3485 546 τοῦ
3524 490 3745 563 ’Κυρίου

502 620 792 677 Dominum
845 622 1096 670 nostrum
1155 610 1347 667 .lesum
1400 608 1683 663 Christum
1716 604 1852 660 estis
1883 604 1938 657 in
1975 602 2067 656 ad-

502 722 667 769 ventu
718 705 876 779 ejus?
898 701 1013 759 Vos
1044 702 1195 757 enim
1252 700 1388 756 estis
1423 697 1598 770 gloria
1631 704 1821 750 nostra
1855 704 1909 749 et
1935 707 2069 763 gau-

502 807 675 859 dium.
702 822 721 855 ι

568 900 705 953 Nam
740 895 833 967 qui
863 893 1007 951 inter
1031 889 1287 945 doctores
1323 882 1608 939 ordinatus
1662 874 1766 946 est,
1813 891 2072 933 coronam

505 995 646 1047 hanc
665 999 719 1048 et
739 966 1000 1061 gaudium
1027 982 1212 1048 habet,
1239 986 1301 1035 ut
1332 974 1593 1049 discipuli
1634 986 1957 1055 progressus
1994 966 2076 1021 fa-

504 1087 673 1141 ciant.
739 1052 770 1083 'v
1450 1088 1457 1097 δ·
1660 1052 1663 1055 ’

1104 1164 1261 1227 CAP.
1300 1165 1406 1223 ‘lII.

588 1266 749 1323 Vens.
783 1266 899 1321 i-S.
927 1282 947 1316 ‹
984 1260 1211 1332 Propter
1256 1256 1404 1329 quod
1435 1269 1547 1325 non
1585 1250 1923 1309 sustinentes
1956 1261 2073 1301 am-

508 1361 673 1432 plius,
702 1358 904 1429 placuit
943 1355 1119 1410 nobis.
1159 1371 1178 1404 ι

581 1448 695 1503 Hoc
718 1447 886 1501 verbo
918 1446 1110 1514 ingens
1134 1440 1252 1510 ejus
1280 1453 1433 1493 amor
1456 1434 1887 1492 commendatur.

600 1563 618 1594 ε
651 1538 952 1595 ﬂemanere
982 1534 1234 1596 Athenis,
1290 1531 1462 1586 solis:
1506 1537 1562 1582 et
1611 1526 1864 1580 misimus
1891 1519 2078 1575 Timo—

508 1638 694 1689 theum
751 1631 1282 1689 fratremvnostrum,
1312 1633 1365 1679 et
1400 1620 1711 1677 ministrum
1750 1616 1861 1674 Dei.
1887 1624 1940 1668 et
1981 1613 2080 1666 ad-

506 1732 747 1798 jutorem
798 1731 1049 1780 nostrum
1084 1721 1138 1775 in
1175 1713 1474 1786 Evangelio
1521 1710 1754 1773 Christi,
1782 1709 1848 1762 ad
1874 1704 2083 1761 confir-

2182 598 2339 670 ἡμῶν
2383 593 2557 668 Ἰησοῦ
2584 595 2641 647 ἐν
2676 596 2743 665 τῇ
2772 591 2937 647 αὑτοῦ
2973 589 3279 661 παρουσίας
3316 588 3474 657 ὑμεῖς
3494 585 3604 655 γάρ
3626 585 3742 638 ἔστι

2181 691 2214 761 ἡ
2244 689 2371 755 δόξα
2391 686 2549 759 ἡμῶν
2580 684 2673 740 καὶ
2703 687 2736 756 ἡ
2763 682 2925 755 χαρά.
2954 701 2973 735 ι

2218 867 2322 928 .”οο
2370 865 2481 937 γὰρ
2522 863 2853 934 τεταγμένος
2906 861 2965 914 ὲν
3002 855 3361 919 διδασκάλοις,
3388 852 3601 913 ,τοῦτον
3638 852 3748 926 ἔχει

2181 960 2448 1029 στέφανον
2504 956 2604 1009 καὶ
2662 954 2871 1040 χαρὰν,
2919 952 3021 1024 τὴν
3068 948 3177 1003 τῶν
3230 944 3493 1020 μαθητῶν
3553 959 3752 1017 προκο-

2262 1067 2311 1105 ν.

2181 1050 2311 1122 πήν.

2752 1136 3023 1192 ἘΕΦΔΔ.
3071 1134 3153 1189 Γ’.

2252 1253 2282 1288 1
2317 1235 2407 1289 Διὺ
2443 1232 2642 1305 μηκέτι
2666 1231 2983 1298 στέγοντες,
3018 1226 3410 1299 εύδοκήσαμεν.

2256 1411 2428 1466 Πύθου
2463 1406 2661 1464 πολλοῦ
2687 1405 2746 1460 τὸ
2782 1405 2933 1479 ῥῆμα
2963 1399 3401 1474 παραστατικὸν.

2261 1524 2280 1556 ‹
2317 1499 2768 1568 Καταλειφθῆναι
2789 1498 2847 1550 ὲν
2882 1494 3134 1564 Ἀθήναις
3166 1491 3338 1563 μόνοι,
3378 1488 3475 1546 καὶ
3507 1486 3756 1559 ἐπέμψα-

2187 1614 2287 1672 μεν
2319 1593 2585 1666 Τιμόθεον
2630 1592 2720 1646 τὸν
2760 1588 2989 1659 ἀδελφὸν
3033 1586 3204 1659 ὑμῶν,
3235 1584 3331 1638 καὶ
3375 1581 3623 1637 διάκονον
3659 1579 3758 1633 τοῦ

2183 1670 2342 1753 Θεοῦ,
2380 1687 2479 1740 καὶ
2503 1682 2764 1755 συνεργὸν
2787 1682 2820 1753 ἡ
2829 1680 2946 1751 μῶν
2969 1681 3026 1732 ὲν
3054 1677 3130 1747 τῷ
3163 1674 3482 1746 Εὑαγγελίῳ
3512 1670 3607 1726 τοῦ
3628 1671 3762 1740 Χρι-

513 1763 747 1798 ,ιηυ-ωη
799 1763 1049 1780 ..ν.,.....,.
1175 1763 1468 1786 ...-.-,,----
1741 1763 1753 1773 ,

513 1821 741 1875 mandes
778 1833 898 1879 vos,
931 1821 986 1869 et
1026 1809 1409 1867 'esliortandos
1460 1818 1561 1876 pro
1607 1803 1713 1857 ﬁde
1758 1808 1944 1856 vestra
1983 1804 2082 1854 :ut

2196 1778 2343 1845 στοῦ,
2376 1778 2456 1842 εἰς
2481 1777 2541 1830 τὸ
2582 1771 2837 1847 στηρίξαι
2878 1772 3042 1843 ὑμᾶς,
3083 1768 3176 1823 καὶ
3223 1766 3606 1839 παρακαλέσαι
3631 1763 3764 1833 περὶ

2217 1870 2244 1879 -
2356 1869 2366 1879 -
2563 1868 2597 1879 ..
2664 1866 2688 1879 -
2824 1864 2839 1879 .
2963 1853 3729 1879 ..7._,._,.__,____,‘,,,,

513 1928 673 1969 nemo
705 1917 988 1965 moveatur
1010 1906 1065 1961 in
1108 1898 1559 1959 tribulationibus
1573 1894 1737 1951 istis.
1758 1913 1776 1943 ι

577 2090 693 2143 Hoc
717 2084 996 2159 proprium
1026 2085 1111 2135 est
1147 2073 1429 2133 modestia:
1470 2065 1880 2142 Apostoli.~lpse
1908 2062 2087 2135 siqui-

516 2187 638 2241 dem
693 2154 952 2237 nonsam
1005 2168 1440 2242 relinquebatur,
1496 2171 1553 2220 et
1597 2159 1751 2218 solus
1808 2154 2085 2218 manebat,

514 2292 676 2350 quam
708 2273 801 2344 qui
825 2272 1001 2342 ipsum
1030 2266 1388 2336 reliquerant.
1469 2299 1475 2305 .

634 2368 745 2440 ipsi
802 2362 947 2421 enim
1005 2358 1161 2417 scitis
1231 2352 1471 2427 quodin
1512 2347 1616 2404 hoc
1646 2343 1812 2416 positi
1872 2352 2085 2398 sumus.

517 2463 706 2539 [Vens
729 2454 905 2530 445.]
942 2454 1076 2509 Nam
1109 2461 1309 2508 etcum
1337 2443 1479 2516 apud
1516 2456 1614 2498 vos
1642 2451 1909 2498 essemus,
1947 2445 2089 2534 pra:—

514 2523 829 2613 dicebamus
866 2523 1021 2607 vobis
1062 2555 1326 2617 passuros
1374 2552 1479 2592 nos
1508 2531 1909 2589 tribulationes,
1941 2523 2089 2582 sicut

516 2663 573 2710 et
602 2654 799 2708 iactum
833 2654 938 2712 est,
970 2651 1024 2700 et
1063 2620 1238 2698 scitis.
1280 2634 1577 2703 Propterea
1612 2632 1668 2683 et
1700 2639 1801 2696 ego
1852 2617 2088 2690 amplius

518 2760 629 2801 non
663 2739 977 2799 sustinens,
1008 2731 1132 2788 misi
1181 2729 1248 2784 ad
1305 2718 1743 2796 cognoscendam
1788 2713 1952 2770 ﬁdem
1998 2723 2091 2765 ve-

519 2846 688 2893 stram
713 2846 816 2896 ;ne
837 2827 976 2883 forte
1007 2818 1294 2879 tentaverit
1320 2832 1413 2873 vos
1432 2814 1481 2870 is
1504 2810 1599 2883 qui
1621 2813 1815 2870 tentat,
1835 2811 1889 2860 et
1911 2802 2091 2896 inanis

521 2927 615 2982 ﬁat
633 2886 784 2979 labor
810 2926 1009 2976 vester.
1027 2911 1182 2967 Nune
1212 2914 1396 2964 autem
1432 2901 1682 2959 veniente
1702 2890 1990 2951 Timotheo
2022 2886 2090 2942 ad

520 3035 624 3076 nos
642 3032 671 3072 a
690 3015 862 3080 vobis,
880 3021 934 3067 et
958 3005 1314 3065 annuntiante
1333 2998 1492 3056 nobis
1512 2994 1671 3051 ﬁdem
1694 2998 1748 3048 et
1768 2984 2090 3044 cbaritatem

523 3117 786 3167 vestram.
819 3112 873 3159 et
921 3099 1047 3171 quia
1080 3079 1401 3151 memoriam
1445 3084 1621 3143 nostri
1646 3077 1866 3137 habetis
1889 3074 2088 3129 bonam

525 3215 760 3273 semper,
784 3193 1159 3252 desiderantes
1199 3200 1302 3240 nos
1324 3180 1532 3247 videre,
1560 3176 1705 3233 sicut
1732 3178 1794 3260 et
1831 3184 1935 3225 nos
1955 3177 2091 3238 quov

524 3255 765 3366 que‘vos
804 3305 820 3356 ;
858 3284 977 3340 ideo
1000 3276 1264 3338 consolati
1308 3286 1522 3336 sumus,
1584 3255 1800 3330 fratres,
1849 3264 1905 3317 in
1936 3255 2092 3312 vobis

528 3350 584 3444 in
613 3382 761 3441 omni
800 3350 1153 3452 tribulatione
1192 3378 1247 3427 et
1272 3364 1524 3436 angustia
1554 3368 1745 3417 nostra
1793 3369 1889 3427 per
1929 3350 2091 3406 (idem

526 3484 789 3541 vestram,
845 3448 1102 3542 quoniam
1142 3477 1291 3519 nunc
1346 3459 1601 3517 vivimus,
1630 3452 1677 3508 si
1702 3464 1801 3505 vos
1848 3443 2007 3503 statis
2036 3442 2094 3497 in

530 3567 781 3623 Domino.
810 3561 983 3627 Quam
996 3555 1145 3612 enim
1164 3550 1463 3624 gratiarum
1483 3544 1757 3599 actionem
1785 3545 2082 3609 possumus

530 3664 643 3718 Deo
689 3656 994 3714 retribuere
1058 3663 1156 3720 pro
1190 3642 1365 3709 vobis,
1427 3640 1484 3693 in
1515 3635 1666 3692 omni
1690 3629 1916 3703 gaudio,
1983 3636 2094 3695 quo

531 3748 830 3820 gaudemus
867 3749 1083 3812 propter
1104 3750 1201 3790 vos
1250 3739 1378 3787 ante
1408 3728 1574 3783 Deum
1618 3730 1891 3783 nostrum,
1934 3724 2097 3771 nocte

532 3804 597 3894 bc
654 3837 741 3893 die
791 3828 1157 3888 abundantius
1202 3829 1451 3886 orantes,
1495 3825 1553 3871 ut
1582 3804 2094 3870 videamus-faciem

530 3938 793 3990 vestram,
845 3932 899 3978 et
943 3917 1314 3989 compleamus
1362 3924 1425 3967 ea
1455 3920 1578 3979 quae
1621 3903 1825 3960 desunt
1851 3898 1976 3955 ﬁdei
2010 3910 2101 3951 ve.

534 4021 695 4080 εει-ξεῖ
728 4019 843 4090 Ipse
862 4024 1039 4070 autem
1074 4010 1217 4064 Deus
1255 4014 1306 4060 et
1340 4003 1497 4058 Pater
1524 4005 1732 4059 noster,
1754 4000 1808 4048 et
1834 3989 2099 4044 Dominus

534 4123 722 4169 noster
747 4082 907 4165 iesus
938 4104 1191 4161 Christus
1217 4096 1420 4166 dirigat
1447 4093 1590 4146 viam
1614 4094 1858 4143 nostram
1886 4082 2097 4137 adevos.

537 4205 648 4261 Vos
694 4209 875 4259 autem
909 4195 1171 4251 Dominus
1202 4186 1552 4257 multiplicet,
1585 4188 1642 4236 et
1695 4179 1977 4233 abundare
2019 4171 2100 4227 fa-

536 4302 647 4356 ('ial
700 4296 1020 4352 charitatem
1052 4295 1287 4342 vestram
1335 4282 1391 4334 in
1425 4276 1680 4339 invicem,
1712 4280 1765 4327 et
1805 4270 1861 4324 in
1887 4282 2103 4335 omnes,

538 4384 1000 4463 quemadmodum
1051 4388 1103 4432 et
1144 4390 1242 4429 nos
1280 4372 1334 4427 in
1373 4370 1551 4433 vobis,
1598 4365 1667 4419 ad
1723 4358 2102 4417 confirmanda

540 4450 704 4539 eorda
726 4484 905 4533 vestra
929 4472 1052 4528 sine
1080 4465 1325 4538 querela,
1351 4462 1407 4517 in
1455 4458 1747 4516 sanctitate
1778 4455 1834 4508 in
1867 4450 2105 4507 adventu

2115 1858 2155 1914 Β
2184 1870 2283 1941 τῆς
2307 1869 2544 1931 πίστεως
2563 1866 2753 1936 ὑμῶν,
2789 1864 2850 1920 τὸ
2880 1862 3084 1936 μηδένα
3112 1858 3392 1914 σαίνεσθαι
3418 1859 3476 1911 ἐν
3502 1859 3621 1920 ταῖς
3649 1853 3762 1908 θλίο

2188 1960 2314 2032 ψεσι
2340 1959 2585 2023 ταύταις.
2626 1978 2644 2011 ι

2260 2053 2431 2109 Τοῦτο
2464 2048 2564 2124 τῆς
2592 2048 3087 2120 ταπεινοφροσύνης
3109 2046 3246 2101 ἴδιον
3278 2041 3373 2097 τοῦ
3411 2038 3761 2096 Ἀποστὸλου.

2192 2146 2331 2201 Οῦτε
2357 2145 2467 2217 γὰρ
2499 2144 2662 2207 αὐτὸς
2710 2142 2909 2213 μᾶλλον
2942 2137 3398 2209 κατελιμπάνετο,
3423 2132 3539 2188 ἀλλ’
3559 2133 3609 2187 οί
3633 2133 3769 2187 ἀπο-

2199 2238 2449 2303 λιπόντες
2488 2237 2670 2294 αὐτόν.

2268 2351 2288 2386 ι
2322 2332 2488 2385 Αὐτοὶ
2524 2328 2638 2403 γὰρ
2681 2328 2882 2393 οίδατε,
2925 2326 3009 2381 ὅτι
3043 2326 3124 2390 είς
3156 2323 3316 2379 τοῦτο
3368 2320 3621 2393 κείμεθα.
3652 2319 3768 2375 Καὶ

2196 2424 2306 2496 γὰρ
2356 2422 2445 2476 ὅτε
2506 2420 2638 2492 πρὸς
2673 2419 2819 2491 ὑμᾶς
2871 2413 3036 2490 ἦμεν,
3068 2415 3439 2488 προελέγομεν
3477 2413 3627 2483 ὑμῖν,
3680 2411 3766 2466 ὅτι

2199 2514 2465 2587 μέλλομεν
2488 2510 2788 2574 θλίσεσθαι,
2816 2508 3000 2574 καθὼς
3042 2508 3138 2563 καὶ
3169 2507 3406 2577 ἐγένετο,
3441 2505 3536 2559 καὶ
3561 2502 3763 2558 οῐδατε.

2192 2607 2293 2661 Διά
2354 2603 2515 2659 τοῦτο
2566 2603 2723 2673 κάγὼ
2756 2601 2954 2673 μηκέτι
3011 2599 3241 2668 στέγων,
3289 2595 3512 2667 ἔπεμψα
3566 2597 3646 2659 είς
3702 2594 3769 2647 τὸ

2192 2696 2396 2766 γνῶναι
2426 2694 2525 2765 τὴν
2563 2692 2747 2747 πίστιν
2785 2685 2961 2762 ὑμῶν,
2999 2693 3194 2761 μήπως
3239 2687 3528 2758 ἐπείρασεν
3562 2685 3708 2756 ὑμᾶς
3734 2685 3768 2736 ὁ

2194 2788 2492 2861 πειράζων,
2515 2790 2610 2841 καὶ
2640 2786 2719 2851 είς
2739 2784 2897 2839 κενὸν
2920 2782 3142 2855 γένηται
3163 2781 3193 2835 ὁ
3221 2780 3385 2844 κόπος
3406 2778 3585 2851 ἡμῶν.
3603 2777 3769 2847 ’Δρτι

2191 2879 2248 2935 δὲ
2282 2879 2529 2943 ἐλθόντος
2563 2877 2830 2950 Τιμοθέου
2872 2875 3012 2947 πρὸς
3035 2874 3186 2946 ἡμᾶς
3225 2871 3525 2943 ἀφ’-ὐμῶν,
3556 2868 3655 2922 καὶ
3684 2867 3771 2921 εύ-

2193 2971 2631 3043 αγγελισαμένου
2689 2972 2822 3043 ἡμῖν
2870 2968 2968 3040 τὴν
3019 2967 3204 3020 πίστιν
3246 2964 3342 3017 καὶ
3388 2961 3485 3033 τὴν
3541 2960 3768 3030 ἀγάπην

2192 3065 2368 3136 ὑμῶν,
2396 3064 2491 3119 καὶ
2518 3064 2600 3118 ὅτι
2659 3062 2812 3134 ἔχετε
2847 3060 3036 3131 μνείαν
3088 3056 3244 3131 ἡμῶν
3277 3054 3486 3127 ἀγαθὴν
3510 3050 3766 3117 πάντοτε,

2188 3155 2582 3219 ἐπιποθοῦντες
2610 3154 2759 3225 ἡμᾶς
2793 3152 2944 3220 ίδείν,
2978 3150 3230 3224 καθάπερ
3271 3148 3367 3203 καὶ
3404 3148 3566 3218 ἡμεῖς
3595 3144 3771 3216 ὑμᾶς,

2118 3216 2163 3277 c
2193 3247 2283 3304 διὰ
2335 3246 2493 3302 τοῦτο
2552 3216 2998 3319 παρεκλήθημεν,
3032 3216 3292 3311 ἀδελφοὶ,
3347 3216 3616 3310 ἔφίίὺμῖν,
3672 3234 3774 3288 ἐπὶ

2195 3341 2345 3413 πάσῃ
2372 3342 2438 3412 τῇ
2472 3338 2651 3409 θλίψει
2680 3338 2777 3391 καὶ
2797 3336 3014 3411 ἀνάγκῃ
3037 3324 3337 3407 ἧμῶν,δδιά
3373 3332 3474 3403 τῆς
3503 3328 3657 3399 ὑμῶν
3685 3323 3773 3379 κί-

2197 3450 2390 3511 στεως,
2429 3432 2512 3487 ὅτι
2542 3430 2636 3486 νῦν
2662 3423 2867 3501 ζῶμεν,
2899 3427 2996 3483 ἐὰν
3023 3427 3183 3499 ὑμεῖς
3209 3424 3447 3495 στήκητε
3474 3421 3532 3477 ὲν
3556 3416 3767 3490 Κυρίῳ.

2195 3508 2331 3582 Τίνα
2358 3524 2467 3595 γὰρ
2495 3522 2847 3596 εὐχαριστίαν
2874 3512 3153 3591 δυνάμεθα
3180 3515 3259 3588 τῷ
3285 3513 3405 3585 Θεῷ
3437 3507 3771 3569 ἀνταποδοῦ-

2196 3634 2285 3673 ναι
2317 3617 2447 3689 περὶ
2497 3615 2671 3688 ὑμῶν,
2724 3613 2816 3668 ἐπὶ
2867 3612 3017 3685 πάσῃ
3058 3613 3128 3682 τῇ
3155 3608 3318 3681 χαρᾷ,
3416 3605 3679 3677 χαίρομεν
3702 3601 3773 3655 δι’

2198 3711 2345 3783 ὑμᾶς
2370 3708 2681 3780 ἔμπροσθεν
2708 3706 2803 3761 τοῦ
2837 3704 2974 3760 Θεοῦ
3006 3703 3163 3775 ἡμῶν
3188 3703 3384 3766 νυκτὸς
3416 3701 3514 3755 καὶ
3556 3699 3776 3769 ἡμέρας

2200 3800 2673 3876 ὑπερεκπερισσοῦ
2695 3799 2959 3871 δεόμενοι,
2979 3797 3040 3855 τὸ
3069 3798 3168 3869 μὲν
3201 3796 3329 3849 ἰδεῖν
3350 3795 3379 3847 ὑ
3388 3794 3505 3866 μῶν
3530 3793 3589 3846 τὸ
3607 3790 3777 3862 πρόσ-

2201 3913 2370 3961 ωπον,
2419 3896 2514 3949 καὶ
2582 3892 2908 3962 καταρτίσαι
2976 3888 3332 3960 ὑστερήματα
3386 3886 3485 3957 τῆς
3540 3884 3778 3947 πίστεως

2205 3989 2379 4059 ὑμῶν.
2413 3985 2584 4051 Αὐτὸς
2612 3985 2669 4039 δὲ
2698 3986 2726 4037 ὁ
2749 3982 2880 4048 Θεὸς
2907 3983 3001 4037 καὶ
3031 3981 3221 4051 Πατὴρ
3268 3977 3450 4059 ἡμῶν,
3479 3974 3575 4031 καὶ
3603 3976 3631 4029 ὁ
3661 3972 3780 4027 Kri-

2208 4058 2321 4149 ριος
2337 4078 2369 4149 ή
2377 4076 2493 4148 μῶν
2528 4072 2736 4147 Ἰησοῦς
2758 4070 2992 4145 Χριστὸς
3014 4058 3343 4125 κατευθύναι
3364 4067 3463 4140 τὴν
3483 4067 3599 4121 ὁδὸν
3620 4065 3781 4137 ἡμῶν

2204 4167 2342 4241 πρὸς
2372 4169 2536 4240 ὑμᾶς.
2579 4166 2751 4238 ’Υμᾶς
2785 4165 2842 4219 δὲ
2878 4165 2907 4217 ὁ
2942 4164 3144 4237 Κύριος
3182 4161 3480 4217 πλεονάσαι
3501 4201 3515 4227 ,
3546 4161 3639 4214 καὶ
3678 4174 3780 4213 πτ-

2210 4258 2492 4334 ρισσεύσαι
2520 4262 2587 4332 τῇ
2627 4259 2819 4333 ἀγάπῃ
2846 4258 2927 4322 είς
2966 4255 3253 4327 ἀλλήλους,
3284 4255 3383 4309 καὶ
3428 4254 3509 4317 είς
3544 4251 3780 4312 πάντας,

2206 4353 2460 4423 καθάπερ
2486 4351 2581 4407 καὶ
2611 4352 2773 4423 ἡμεῖς
2801 4350 2881 4415 είς
2902 4348 3075 4423 ὑμᾶς,
3116 4349 3196 4412 είς
3236 4346 3298 4402 rb
3346 4345 3597 4418 στηρίξαι
3624 4340 3783 4413 ὑμῶν

2208 4444 2307 4508 τὰς
2334 4443 2562 4516 καρδίας
2590 4441 2910 4513 ἀμέμπτους
2937 4443 2993 4495 ὲν
3024 4440 3325 4513 ἁγιωσύνῃ,
3355 4436 3660 4510 ἔμπροσθεν
3684 4433 3781 4489 τοῦ

541 4570 755 4630 Domini
792 4568 919 4625 Jesu
952 4559 1178 4625 Christi,
1220 4572 1343 4613 cum
1376 4551 1631 4610 omnibus
1663 4545 1871 4605 sanctis
1901 4542 2044 4615 ejus.
2078 4559 2095 4593 ι

2212 4535 2345 4630 Θεοῦ
2383 4536 2479 4630 καὶ
2502 4535 2714 4630 Πατρδς
2740 4534 2920 4605 ἡμῶν,
2954 4534 3013 4587 ὲν
3045 4536 3115 4606 τῇ
3141 4532 3418 4605 παρουσίᾳ
3445 4529 3537 4584 τοῦ
3572 4526 3782 4601 Κυρίου

616 4756 684 4814 Ut
708 4754 1028 4824 amigamur.

1206 4832 1356 4890 CAP.
1380 4829 1467 4885 IV.

611 4942 785 5000 Vens.
845 4937 958 4991 1—5.
990 4932 1101 4987 «De
1133 4938 1330 4984 caetero
1373 4937 1525 4993 ergo,
1570 4919 1789 4981 fratres,
1852 4928 2106 4985 rogamus

543 5052 664 5099 vos,
695 5043 750 5088 et
776 5031 1130 5085 obsecramus
1155 5022 1210 5075 in
1239 5017 1468 5072 Domino
1487 5012 1640 5077 Jesu,
1673 5017 1732 5061 ut
1753 5006 2110 5078 quemadmo-

549 5131 680 5183 dum
706 5119 997 5192 accepistis
1024 5132 1052 5170 a
1079 5114 1256 5177 nobis,
1281 5107 1558 5180 quomodo
1588 5119 1686 5157 vos
1722 5108 1972 5173 oporteat
1995 5114 2110 5151 am-

546 5223 737 5278 bulare
759 5225 815 5272 et
841 5190 1069 5284 placere
1108 5208 1235 5267 Deo,
1270 5212 1327 5256 ut
1383 5197 1673 5254 abundetis
1709 5193 1902 5265 magis.
1942 5190 2110 5245 Scitis

546 5315 691 5371 enim
745 5323 865 5381 qua:
898 5309 1161 5375 praecepta
1204 5294 1447 5352 dederim
1504 5291 1665 5345 vobis
1688 5304 1787 5359 per
1818 5286 2111 5340 Dominum

546 5406 758 5463 Jesum.
814 5399 939 5454 llaec
967 5403 1051 5451 est
1111 5390 1254 5447 enim
1316 5385 1569 5441 voluntas
1620 5383 1713 5437 Dei
1745 5380 2114 5436 sanctiﬁcatio

550 5510 753 5563 vestra,
784 5500 844 5547 ut
890 5485 1212 5546 abstinealis
1263 5498 1362 5539 vos
1401 5496 1429 5535 ο
1462 5478 1849 5542 fornicatione,
1873 5484 1934 5530 ut
1980 5474 2119 5529 sciat

554 5588 929 5659 unusquisque
958 5587 1223 5637 vestrum.
1264 5596 1282 5629 ι

626 5684 723 5737 llic
744 5677 975 5735 consilia
1005 5674 1138 5727 dare
1162 5677 1328 5740 atque
1360 5662 1816 5731 monereincipit.
1849 5659 2114 5715 Audierat

554 5770 697 5825 enim
734 5764 928 5824 delicta
964 5759 1207 5831 quaedam
1246 5754 1387 5825 apud
1427 5753 1549 5806 illos
1605 5750 1931 5811 inolescere,
1959 5761 2116 5803 scor-

556 5865 819 5921 tationem
870 5857 1080 5912 scilicet
1130 5862 1185 5906 et
1250 5845 1599 5909 adulterium,
1653 5858 1682 5897 a
1734 5842 1933 5914 quibus
1972 5842 2119 5911 ipsos

2211 4628 2367 4701 ἡμῶν
2398 4626 2593 4700 Ἰησοῦ,
2631 4628 2768 4699 μετά
2793 4628 3008 4682 πάντων
3030 4625 3138 4681 τῶν
3162 4624 3337 4696 ἁγίων
3354 4622 3548 4679 αὐτοῦ.
3584 4639 3603 4674 ι

2282 4722 2376 4786 Εἰς
2406 4721 2467 4773 τὸ
2502 4719 2797 4775 θλίϐεσθαι.

2362 4827 2367 4831 ’
2805 4817 3060 4871 ΚΕΦᾹΛ.
3101 4815 3175 4874 Δ’.

2288 4929 2307 4961 ‹
2342 4909 2540 4965 Αοιπδν
2562 4907 2674 4976 σῦν,
2717 4911 2955 4978 ἀδελφοὶ,
2987 4910 3278 4981 ἐρωτῶμεν
3302 4910 3464 4978 ὑμᾶς,
3494 4906 3585 4961 καὶ
3608 4922 3787 4977 παρα-

2215 5004 2483 5073 καλοῦμεν
2510 5006 2567 5055 ὲν
2616 5004 2804 5073 Κυρίῳ
2845 5004 3043 5073 Ἰησοῦ,
3082 5001 3263 5064 καθὼς
3298 5000 3626 5072 παρελάὸετε
3657 5000 3787 5069 παρ’

2213 5095 2372 5167 ἡμῶν
2389 5097 2447 5148 τὸ
2473 5096 2587 5158 πῶς
2618 5096 2696 5148 δεῖ
2724 5096 2867 5165 ὑμᾶς
2898 5098 3237 5167 περιπατεῖν,
3258 5094 3349 5148 καὶ
3370 5092 3623 5165 ἀρέσκειν
3645 5088 3786 5160 Θεῷ,

2217 5190 2304 5243 ἵνα
2335 5188 2697 5258 περισσεύητε
2729 5187 2950 5259 μᾶλλον.
2977 5187 3167 5241 Οἴδατε
3197 5188 3307 5259 γὰρ
3328 5186 3481 5249 τίνας
3505 5198 3790 5255 παραγγε-

2216 5282 2337 5346 λίας
2370 5281 2651 5350 ἐδώκαμεν
2680 5279 2807 5351 ὑμῖν
2852 5278 2943 5333 διὰ
2997 5277 3091 5359 τοῦ
3142 5279 3347 5351 Κυρίου
3398 5275 3596 5348 Ἰησοῦ.
3619 5272 3791 5328 Τοῦτο

2217 5376 2325 5447 γάρ
2355 5376 2471 5427 ἐστι
2505 5375 2564 5427 τὸ
2595 5372 2809 5443 θέλημα
2861 5372 2956 5427 τοῦ
3008 5371 3144 5426 Θεοῦ
3170 5411 3184 5435 ,
3226 5372 3255 5425 ὁ
3300 5366 3570 5439 ἁγιασμὸς
3610 5365 3788 5437 ὑμῶν,

2216 5468 2519 5539 ἀπέχεσθαι
2550 5468 2694 5541 ὑμᾶς
2722 5467 2834 5521 ἀπὸ
2872 5467 2975 5537 τῆς
3002 5464 3277 5536 πορνείας,
3314 5462 3509 5517 εἰδέναι
3558 5460 3790 5541 ἕκαστον

2220 5562 2390 5632 ὑμῶν.
2429 5580 2449 5614 ι
2592 5540 2597 5541 ν
3584 5540 3589 5541 ί

2294 5655 2554 5724 ’Δρχεται
2607 5650 2857 5705 ἐντεῦθεν
2901 5649 2996 5704 τοῦ
3030 5647 3515 5720 συμϐουλευτικοῦ.
3553 5644 3791 5700 Ἤκουσε

2220 5742 2329 5814 γὰρ
2361 5741 2539 5797 αὐτῶν
2562 5758 2683 5796 τινα
2710 5742 3047 5811 πταίσματα,
3092 5738 3350 5810 πορνείαν
3390 5738 3483 5791 καὶ
3525 5733 3787 5807 μοιχείαν,

2226 5831 2299 5931 div
2330 5836 2423 5891 καὶ
2482 5833 2803 5906 ἀποτρέπει.
2853 5832 2965 5888 Καὶ
2988 5831 3086 5903 οὐχ
3114 5828 3302 5894 ἁπλῶς
3326 5845 3486 5902 φησι,
3517 5826 3590 5881 Tb
3616 5824 3705 5879 καὶ
3728 5824 3789 5877 τδ
