4048 6290
295 322 393 392 913
1236 326 1322 388 ΙΝ
1365 317 1601 386 EPIST.
1642 326 1740 385 AD
1776 323 1879 384 ΤΗ

1978 320 2531 384 SALONICENSES
2560 318 2612 381 Ι.
3439 312 3543 376 9M

300 441 370 510 μὴ
406 438 627 500 ποιεῖτε,
657 434 794 490 ἀλλὰ
825 433 924 500 τὰς
957 435 1336 507 παραγγελίας
1366 435 1569 498 αὐτοὺς
1596 436 1662 489 ἐκ
1696 431 1863 487 πάλαι

1978 431 2183 487 avertit.
2230 430 2345 486 Non
2374 429 2698 500 simpliciter
2726 429 2800 483 ait
2831 446 2843 479 :
2872 426 2951 483 Ne
2985 426 3090 489 hoc
3117 425 3209 483 vel
3238 424 3369 481 illud
3400 424 3546 491 fece-

298 530 574 602 είληφέναι
608 531 740 601 παρ’
771 528 937 584 αὐτοῦ
964 546 1117 599 φησι,
1146 527 1235 582 διὰ
1266 527 1360 582 τοῦ
1406 528 1617 598 Κυρίου
1662 524 1860 597 Ἰησοῦ,

1978 520 2128 587 ritis;
2162 521 2256 577 sed
2291 522 2546 575 mandata
2585 536 2706 591 quae
2738 520 3019 575 observari
3068 516 3337 587 praecipit,
3360 532 3422 573 ea
3458 517 3552 585 ip-.

296 623 359 687 ἃς
390 622 682 694 φυλάττειν
734 620 1187 700 παρακελεύεται.
1247 620 1428 675 Τοῦτο
1461 618 1571 690 γάρ
1610 619 1743 674 ἐστι
1778 617 1865 673 θέο

1978 612 2049 669 sis
2082 628 2112 668 a
2163 628 2224 669 se
2259 627 2357 683 per
2381 610 2681 667 Dominum
2732 611 2917 669 .lesum
2976 609 3174 667 tradita
3205 608 3360 666 dicit.
3419 607 3547 664 Ha'c

297 716 455 784 ,τημα
485 714 591 768 τοῦ
619 713 786 769 Θεοῦ.

1978 705 2106 759 enim
2136 714 2211 760 est
2241 704 2481 759 voluntas
2510 702 2631 760 Dei.

371 824 395 858 ε
421 804 496 859 Τὸ
525 806 721 859 ἑαυτοῦ
750 804 944 869 σκεῦος
966 804 1200 863 κτᾶσθαι
1224 808 1282 860 ὲν
1306 805 1682 878 άγιασμῷκαὶ
1706 812 1865 880 τιμῇ,

2042 796 2209 868 219
2252 816 2270 848 ι
2301 793 2408 850 Vas
2441 810 2600 849 suum
2634 795 2917 879 possidere
2952 795 3015 850 in
3039 791 3333 851 sanctitate
3360 799 3415 847 et
3449 791 3551 847 ιιο-

300 899 374 973 μὴ
408 899 465 953 ιν
496 898 660 953 πάθει
695 898 1012 970 ἐπιθυμίας.
1050 918 1070 951 ι

1978 906 2107 947 nore
2129 931 2145 957 ,
2179 906 2288 947 non
2320 890 2373 944 in
2410 889 2665 961 passione
2695 885 2981 945 desiderii.
3015 906 3059 962 ιη

376 986 523 1041 ’Δντὶ
554 986 680 1053 τοῦ,
713 990 812 1057 τὴν
843 988 1041 1060 σάρκα.

2044 983 2189 1039 ldem
2224 984 2331 1038 hoc
2362 991 2441 1037 est
2468 997 2531 1038 ac
2564 996 2789 1038 carnem
2823 997 3030 1054 suam,

371 1097 391 1132 ε
430 1080 699 1152 Καθάπερ
723 1081 816 1135 καὶ
848 1080 918 1135 τά
950 1080 1078 1151 ἔθνη
1109 1080 1178 1135 τὰ
1208 1082 1286 1152 μὴ
1318 1082 1496 1136 εἰδότα
1531 1083 1623 1138 τὸν
1650 1083 1805 1139 Θεὸν.
1840 1104 1863 1138 ι

2050 1097 2068 1131 ι
2102 1078 2257 1135 Sicut
2289 1086 2344 1135 et
2376 1087 2597 1151 gentes,
2632 1091 2751 1147 quae
2781 1077 3035 1147 ignorant
3065 1071 3256 1129 Deum.
3293 1092 3313 1123 ι

376 1169 582 1225 Ἱκανὸν
622 1172 711 1225 καὶ
752 1170 911 1225 τοῦτο
942 1171 1038 1226 τοῦ
1079 1172 1389 1244 ἀποτρέψαι
1432 1175 1534 1245 τῆς
1571 1176 1863 1247 πορνείας,

2045 1170 2164 1230 Hoc
2197 1185 2413 1244 quoque
2467 1171 2722 1226 idoneum
2777 1177 2858 1225 est
2919 1168 2984 1223 ad
3044 1166 3461 1222 absterrendum
3519 1184 3548 1222 ιι

297 1264 359 1320 τὸ
392 1265 532 1337 μετὰ
568 1265 677 1320 τῶν
704 1265 1093 1336 ἑπεγνωκότων
1119 1264 1212 1320 τὸν
1239 1266 1370 1320 Θεὸν
1407 1266 1498 1321 τὸν
1538 1268 1869 1340 πορνεύοντα

1978 1266 2355 1333 scortatione;
2391 1265 2541 1337 quod
2577 1279 2771 1334 nempe
2804 1269 3079 1318 scortator
3112 1261 3223 1316 illis
3258 1261 3347 1332 qui
3382 1260 3548 1319 Deum

297 1357 610 1412 τάττεσθαι.
697 1366 708 1376 ⁸

1978 1360 2230 1431 ignorant
2248 1400 2263 1426 ,
2298 1368 2685 1416 accenseatur.
3382 1402 3389 1409 .

375 1465 395 1498 ε
430 1447 505 1501 Τὸ
528 1446 603 1519 μὴ
634 1447 990 1519 ὑπερϐαίνειν
1010 1449 1108 1503 καὶ
1139 1449 1484 1507 πλεονεκτεῖν
1513 1453 1573 1508 ὲν
1595 1452 1672 1525 τῷ
1693 1454 1873 1525 πράγ-

2046 1451 2215 1509 Vsns.
2251 1450 2303 1507 6.
2336 1471 2356 1504 ι
2386 1451 2452 1506 Et
2478 1467 2547 1507 ne
2575 1452 2699 1523 quis
2728 1448 3199 1523 supergrediatur,
3233 1464 3410 1522 neque
3441 1448 3550 1504 εἰει

302 1556 434 1611 ματι
461 1540 553 1595 τὸν
582 1540 813 1611 ἀδελφὸν
843 1541 1035 1601 αὐτοῦ.
1076 1560 1097 1596 ε

1978 1547 2289 1601 cumveniat
2322 1545 2377 1600 in
2412 1544 2632 1617 negotio
2668 1544 2891 1601 fratrem
2929 1560 3108 1601 suum.
3143 1562 3162 1595 ι

381 1631 894 1708 Ὑπερόαίνειν·μὲν
921 1634 1024 1700 τὰς
1047 1634 1143 1690 τοῦ
1164 1633 1300 1691 Θεοῦ
1324 1635 1565 1703 ἐντολάς.
1591 1635 1873 1709 Εύφήμως

2050 1635 2533 1710 Supergrediatur,
2567 1636 2788 1708 inquit,
2825 1644 3093 1707 praecepta
3147 1634 3259 1689 Dei.
3309 1632 3550 1704 Eieganti

298 1724 358 1779 δὲ
380 1726 607 1798 σφόδρα,
640 1728 739 1781 καὶ
766 1728 1293 1800 ὲπικεκαλυμμένως
1322 1729 1421 1802 τὴν
1453 1731 1703 1801 μοιχείαν
1730 1730 1869 1786 ὠνό-

1978 1746 2109 1801 vero
2142 1730 2433 1787 admodum
2470 1744 2603 1787 voce
2642 1730 2921 1799 taciteque
2950 1725 3277 1783 adulterium
3305 1726 3550 1791 notavit,

303 1833 470 1911 μασει,
499 1816 599 1888 τὴν
622 1819 702 1911 είς
726 1819 954 1890 ἀδελφὸν
980 1798 1196 1877 ἀδικίαν
1220 1798 1399 1895 αὐτὴν
1425 1798 1582 1878 εἶναι-
1598 1823 1799 1893 λέγων.

1978 1840 2094 1884 eam
2131 1841 2255 1881 esse
2283 1824 2517 1881 dicendo
2550 1825 2806 1896 iniuriam
2838 1825 3133 1893 irrogatam
3166 1820 3345 1876 fratri.

372 1927 406 1962 ι
440 1909 585 1966 Διότι
625 1909 843 1997 ἔκδικος
869 1915 898 1967 ὁ
944 1912 1150 1986 Κύριος
1195 1916 1325 1986 περλ⁵
1373 1913 1595 1970 πάντων
1631 1915 1871 1982 τούτων,

2047 1917 2343 1986 «Quoniam
2387 1919 2581 1975 vindex
2619 1927 2706 1974 est
2730 1914 3010 1973 Dominus
3050 1914 3116 1969 de
3154 1914 3242 1969 his
3277 1912 3552 1977 omnibus,

299 2002 486 2069 καθὼς
530 2002 626 2060 καὶ
667 2005 1004 2077 προείπομεν
1034 2007 1185 2076 ὑμῖν,
1218 2007 1314 2061 καὶ
1356 2007 1872 2081 διεμαρτυράμεθα.

1978 2012 2115 2072 sicut
2194 2012 2549 2085 praediximus
2625 2011 2783 2067 vobis
2856 2018 2912 2066 et
2998 2008 3270 2067 testiﬁcati
3335 2021 3550 2073 sumus.
3604 2069 3617 2079 ,

299 2097 515 2169 Ούγάρ
548 2097 810 2153 ἐκάλεσεν
844 2099 997 2172 ἡμᾶς
1025 2100 1055 2153 ὁ
1090 2100 1224 2166 Θεὸς
1264 2100 1719 2175 ὲπὶάκαθαρσίᾳ,
1758 2100 1876 2157 ἀλλ’

1978 2104 2181 2180 [Vsus
2216 2104 2308 2177 7.]
2341 2104 2465 2161 Non
2496 2105 2639 2161 enim
2678 2103 2889 2161 vocavit
2924 2118 3023 2161 nos
3058 2101 3203 2180 Deus
3229 2100 3285 2157 in
3315 2100 3552 2173 immun-

298 2191 368 2245 ἐν.
384 2190 665 2262 ἁγιασμῷ.
703 2208 759 2243 ε..

1978 2178 2164 2254 ditiam
2189 2238 2206 2264 ,
2235 2198 2330 2254 sed
2361 2198 2415 2255 in
2449 2195 2957 2254 sanetiiicationem.
2989 2214 3008 2248 ε
3060 2178 3064 2185 ’

371 2286 520 2357 Ὅρα
562 2287 681 2352 πῶς
720 2286 873 2359 παρὰ
926 2287 1095 2357 πόδας
1142 2289 1309 2364 ἔθηκε
1358 2291 1457 2366 τὴν
1497 2287 1638 2365 suis
1670 2292 1879 2349 τούτων

2045 2288 2186 2346 Vide
2234 2288 2510 2362 quomodo
2553 2305 2585 2345 ο
2628 2287 2865 2360 vestigio
2905 2286 3099 2343 horum
3146 2284 3410 2341 ultionem
3466 2283 3552 2340 in-

295 2377 506 2452 δίκην..
1975 2390 2193 2442 tentata

373 2490 397 2525 ε
429 2470 734 2545 Τοιγαροῦν
757 2476 788 2529 δ
811 2473 1043 2543 ἀθετῶν,
1071 2460 1173 2534 οὐκ
1197 2474 1493 2549 ἄνθρωπον
1511 2475 1713 2543 ἀθετεῖ,
1738 2475 1879 2533 ἀλλὰ

2051 2473 2221 2533 Vsus.
2260 2473 2417 2532 8-H.
2451 2493 2470 2527 ι
2500 2460 2690 2546 Itaque
2711 2475 2801 2545 qui
2826 2471 2944 2530 haec
2968 2471 3179 2543 spernit
3199 2511 3212 2537 ,
3238 2486 3348 2525 non
3374 2469 3552 2525 homi-

296 2561 391 2619 τὸν
423 2563 559 2619 Θεὸν
579 2606 596 2631 ,
625 2565 715 2621 τὸν
747 2566 843 2623 καὶ
870 2566 1029 2623 δόντα
1063 2568 1124 2623 τὸ
1169 2555 1396 2642 Πνεῦμα
1424 2568 1591 2625 αὐτοῦ
1631 2569 1692 2624 τὸ
1721 2568 1879 2640 ἅγιον

1978 2582 2101 2623 nem
2131 2569 2376 2637 spernit,
2410 2567 2505 2624 sed
2540 2566 2713 2622 Deum
2734 2608 2750 2635 ,
2783 2567 2874 2637 qui
2908 2565 3074 2622 etiam
3109 2564 3256 2620 dedit
3288 2562 3562 2633 Spiritum.

298 2656 380 2722 εις
408 2657 576 2728 ὑμᾶς.
610 2659 746 2732 Περὶ
769 2660 827 2716 δὲ
855 2663 956 2734 τῆς
982 2660 1373 2734 φιλαδελφίας,
1399 2661 1462 2717 ού
1503 2662 1696 2735 χρείαν
1724 2662 1879 2735 ἔχετε

1978 2675 2138 2717 suum
2167 2669 2416 2718 sanctum
2449 2662 2503 2717 in
2534 2660 2716 2717 vobis.
2745 2660 2821 2717 De
2851 2660 3120 2716 charitate
3145 2667 3324 2715 autem
3354 2657 3554 2713 fratcr-

297 2749 539 2823 γράφειν
582 2752 732 2823 ὑμῖν.
780 2753 947 2807 Αὐτοὶ
986 2754 1097 2828 γάρ
1139 2754 1301 2826 ὑμεῖς
1339 2753 1673 2811 θεοδίδακτοί
1718 2757 1876 2827 ἔστε,

1978 2753 2169 2810 uitatis
2202 2770 2307 2811 non
2340 2768 2566 2810 necesse
2602 2752 2867 2809 habemus
2912 2752 3153 2808 scribere
3205 2749 3395 2809 vobis.
3441 2747 3568 2818 Ipsi-

298 2843 383 2907 είς
414 2843 483 2897 τὸ
522 2844 759 2927 ἀγαπᾷν.
778 2843 1069 2916 ἀλλήλους.
1100 2845 1214 2901 Καὶ⁵
1239 2846 1350 2919 γὰρ
1390 2850 1595 2903 ποιεῖτε
1627 2848 1759 2903 αὐτὸ
1797 2851 1879 2915 είς

1981 2849 2129 2904 enim
2159 2863 2255 2904 vos
2283 2862 2314 2903 a
2334 2845 2447 2904 Deo
2472 2845 2742 2903 didicistis
2761 2853 2862 2911 ,ιιι
2882 2844 3125 2915 diligatis
3176 2843 3431 2898 invicem.
3458 2840 3554 2894 Et-

295 2934 516 2999 πάντας
560 2933 687 3000 τοὺς
723 2935 988 3007 ἀδελφοὺς
1034 2937 1164 3003 τοὺς
1208 2939 1267 2993 ὲν
1297 2937 1395 3013 ὅλῃ
1436 2941 1508 3012 τῇ
1545 2940 1875 3014 Μακεδονίᾳ.

294 3022 740 3100 Παρακαλοῦμεν
772 3029 827 3084 δὲ
855 3030 1037 3101 ὑμᾶς,
1069 3031 1289 3102 ἀδελφοὶ
1308 3071 1324 3097 ,
1361 3034 1710 3105 περισσεύειν
1744 3037 1880 3109 μᾶλ-

1979 2942 2123 2996 enim
2153 2939 2286 2997 illud
2315 2940 2501 2997 facitis
2532 2939 2587 2997 in
2611 2953 2800 2996 omnes
2829 2938 3027 2994 fratres
3060 2938 3115 2991 in
3152 2936 3405 2993 universa
3437 2934 3553 2989 Ma-

1978 3034 2232 3091 cedonia.
2265 3033 2543 3105 Rogamus
2573 3043 2763 3088 autem
2798 3047 2895 3089 vos
2920 3071 2935 3097 ,
2986 3030 3223 3096 fratres,
3276 3038 3336 3084 ut
3382 3032 3554 3085 almu-

293 3116 413 3186 λον,
454 3118 555 3176 καὶ
584 3120 1015 3193 φιλοτιμεῖσθαι,
1047 3123 1348 3196 ἡσυχάζειν
1374 3124 1472 3181 καὶ
1497 3128 1765 3198 πράσσειν
1806 3127 1877 3182 τά

1980 3123 2120 3181 detis
2152 3124 2361 3198 magis,
2413 3132 2468 3180 et
2502 3138 2723 3197 operam
2755 3122 2899 3179 detis
2930 3130 2991 3178 ut
3016 3122 3189 3193 quieti
3219 3122 3341 3179 sitis
3362 3161 3378 3185 .
3410 3127 3464 3177 ct
3495 3130 3557 3175 ut

294 3213 435 3281 ιδια,
468 3216 566 3269 καὶ
589 3212 931 3288 ἐργάζεσθαι
947 3218 1066 3279 ταῖς
1092 3216 1252 3284 ἰδίαις
1274 3219 1464 3292 χερσὶν
1491 3220 1669 3292 ὑμῶν,
1693 3221 1878 3288 καθὼς

294 3305 433 3375 δμῖν
483 3308 957 3382 παρηγγείλαμεν.
990 3309 1111 3366 Ἵνα
1152 3311 1498 3386 περιπατῆτε
1525 3315 1905 3387 εὐσχημόνως..

295 3396 443 3468 πρὸς
468 3397 599 3462 τοὺς
626 3398 754 3467 ἔξω,
782 3400 877 3455 καὶ
908 3402 1141 3481 μηδενὸς
1167 3402 1358 3476 χρείαν
1388 3402 1573 3478 ιχητε.
1612 3424 1639 3460 ε

368 3488 544 3544 Ὅταν
571 3490 863 3568 άθετήσῃς,
895 3494 1084 3567 φησιν,
1117 3493 1211 3549 τὸν
1244 3495 1495 3575 ἀδελφὸν,
1521 3496 1616 3553 τὸν
1642 3487 1878 3555 λαϐόντα

291 3581 388 3636 διὰ
421 3581 519 3637 τοῦ
548 3583 924 3656 βαπτίσματος
958 3586 1020 3641 τὸ
1047 3586 1275 3660 Πνεῦμα
1314 3588 1375 3644 τὸ
1405 3588 1581 3661 ἅγιον,
1621 3591 1743 3648 τότε
1776 3592 1879 3648 οὐκ

228 3746 229 3749 η
292 3671 612 3747 ἄνθρωπον,
642 3674 780 3731 ἀλλὰ
810 3676 903 3732 τὸν
930 3677 1062 3733 Θεὸν
1095 3677 1331 3745 ἀθετεῖς.

372 3783 394 3819 ε
434 3767 512 3822 Οὐ
543 3766 787 3840 θέλωμεν
810 3768 870 3825 δὲ
896 3770 1042 3840 ὑμᾶς
1069 3772 1309 3841 ἀγνοεῖν,
1342 3772 1582 3844 ἀδελφοὶ,
1615 3775 1745 3849 περὶ
1768 3776 1885 3831 τῶν

292 3858 704 3931 κοιμωμένων,
748 3861 835 3918 ἵνα
890 3861 966 3935 μὴ
1020 3862 1295 3936 λυπῆσθε,
1329 3864 1516 3931 καθὼς
1558 3868 1655 3922 καὶ
1682 3869 1733 3923 οι
1767 3867 1880 3923 λοιο

293 3952 393 4007 ποι
422 3992 438 4018 ,
479 3952 532 4006 oi
572 3952 647 4024 μὴ
698 3951 917 4026 ἔχοντες
943 3954 1155 4011 ἐλπίδα.
1186 3957 1248 4011 Et
1278 3956 1387 4029 γάρ
1421 3957 1749 4031 πιστεύομεν
1795 3960 1877 4015 ὅτι

304 4044 527 4117 Ἰησοῦς
552 4045 824 4115 ἀπέθανε,
863 4046 960 4102 καὶ
992 4047 1213 4121 ἀνέστη,
1246 4048 1390 4105 οὕτω
1422 4050 1520 4105 καὶ
1540 4052 1569 4106 ὁ
1598 4052 1729 4117 Θεὸς
1753 4036 1881 4119 τοὺς

292 4136 673 4213 κοιμηθέντας
713 4137 802 4193 διὰ
846 4138 1024 4211 Ἰησοῦ
1068 4141 1193 4208 ἄξει
1219 4141 1317 4197 σὺν
1346 4142 1521 4215 αὐτῷ.
1564 4143 1737 4199 Τοῦτο
1768 4145 1879 4222 γὰρ

294 4228 433 4303 ὑμῖν
457 4229 692 4301 λέγομεν
722 4232 780 4286 ἐν
809 4230 955 4303 λόγῳ
989 4232 1217 4305 Κυρίου.
1276 4253 1308 4288 ε

362 4321 710 4378 Μεταδαίνει
739 4324 834 4377 ἐπὶ
863 4322 957 4379 τὸν
990 4326 1119 4399 περ)⁸
1149 4327 1502 4394 ἀναστάσεως
1527 4330 1706 4401 λόγον.
1737 4331 1883 4405 Ὅρα

283 4414 348 4473 δὲ
386 4416 513 4480 πῶς
550 4415 881 4488 θαυμαστῶς
904 4418 1275 4476 κατεσκεύασε
1306 4421 1368 4474 τὸ
1407 4422 1874 4497 ὁμολογούμενον,

1978 3224 2221 3274 vestrum
2251 3216 2531 3289 negotium
2562 3216 2760 3289 agatis,
2794 3223 2847 3271 et
2866 3215 3163 3286 operemini
3190 3214 3437 3271 manibus
3458 3228 3554 3267 ve-

1976 3312 2140 3378 stris,
2174 3312 2321 3369 sicut
2345 3310 2706 3383 prazcepimus
2734 3309 2892 3368 vobis
2918 3318 2978 3366 ut
3003 3309 3229 3365 honeste
3259 3305 3556 3363 ambuletis

1977 3404 2045 3460 ad
2075 3418 2171 3461 eos
2201 3403 2292 3472 qui
2325 3403 2460 3461 foris
2495 3410 2663 3470 sunt,
2696 3411 2752 3461 et
2781 3404 2941 3460 nullo
2971 3418 3108 3474 opus
3137 3401 3405 3459 habeatis.
3436 3422 3457 3454 ε

2049 3496 2185 3552 Dum
2221 3496 2440 3566 spernis
2482 3495 2709 3552 fratrem
2752 3503 2944 3561 tuum,
2979 3496 3073 3567 qui
3117 3494 3378 3564 Spiritum
3420 3508 3551 3549 san-

1979 3598 2128 3646 etum
2158 3604 2255 3663 per
2282 3588 2619 3661 baptismum
2651 3589 2861 3662 accepit
2886 3628 2901 3655 ,
2938 3596 3070 3645 tunc
3100 3604 3209 3645 non
3239 3587 3512 3644 hominem
3534 3625 3552 3655 ,

1979 3684 2074 3741 sed
2103 3679 2271 3739 Deum
2300 3681 2649 3753 aspernaris..
2686 3753 2693 3761 δ

2050 3773 2217 3833 Vsus.
2260 3775 2453 3831 12—14.
2475 3792 2494 3827 ι
2515 3772 2783 3831 Nolumus
2801 3782 2983 3832 autem
3007 3789 3104 3830 vos
3133 3775 3386 3846 ignorare
3403 3816 3417 3840 ,
3443 3771 3554 3827 τεο·-

1977 3873 2127 3935 tres,
2159 3866 2228 3923 de
2261 3863 2653 3922 dormientibus
2678 3903 2695 3932 ,
2728 3872 2791 3920 ιιι
2825 3880 2931 3920 non
2969 3862 3369 3920 contristemini
3409 3863 3553 3917 sicut

1958 3958 2033 4017 et
2064 3957 2244 4016 caeteri
2275 3958 2372 4029 qui
2405 3972 2556 4028 Spem
2593 3971 2699 4012 non
2736 3956 2966 4012 habent.
3006 3955 3061 4011 Si
3096 3954 3240 4010 enim
3276 3954 3553 4011 credimus

1980 4051 2124 4123 quod
2152 4047 2313 4107 Iesus
2346 4057 2599 4105 mortuus
2626 4056 2711 4105 est
2739 4057 2795 4105 et
2837 4046 3173 4114 resurrexit,
3212 4047 3286 4100 ita
3320 4055 3373 4102 et
3412 4044 3553 4099 Deus

1979 4161 2077 4204 eos
2122 4144 2213 4217 qui
2264 4142 2607 4200 dormierunt
2633 4156 2731 4212 per
2756 4138 2943 4198 Jesum
2971 4182 2988 4208 ,
3030 4139 3261 4196 adducet
3308 4153 3434 4196 cum
3460 4155 3551 4195 eo.

1981 4240 2097 4297 Hoc
2120 4238 2269 4303 enim
2300 4236 2456 4292 vobis
2486 4234 2724 4291 dicimus
2755 4234 2810 4291 in
2846 4233 3013 4290 verbo
3045 4231 3286 4288 Domini.
3315 4251 3337 4285 ε

2053 4332 2279 4389 Transit
2306 4330 2374 4387 ad
2403 4329 2695 4387 dicendum
2728 4315 2797 4385 de
2827 4326 3252 4384 resurrectione.
3283 4325 3422 4382 Vide
3454 4341 3552 4382 au-

1985 4436 2091 4484 tem
2156 4440 2319 4497 quam
2384 4422 2603 4495 egregie
2654 4420 2710 4477 id
2752 4420 2953 4476 astruit
2994 4418 3139 4490 quod
3188 4418 3550 4489 proﬁtemur;

287 4505 484 4563 λαὸὼν
524 4507 624 4580 τὴν
654 4506 949 4562 ἀνάστασιν
991 4506 1085 4562 τοῦ
1119 4511 1322 4584 Κυρίου
1361 4512 1443 4576 εις
1488 4512 1754 4570 πίστωσιν
1782 4516 1879 4590 τῆς

1982 4526 2265 4590 assumpta
2298 4516 2558 4573 nimirum
2590 4512 2990 4570 resurrectione
3018 4511 3232 4567 Domini
3277 4510 3343 4567 ad
3392 4513 3549 4567 ﬁdem
3639 4586 3641 4588 η

291 4600 584 4673 ἡμετέρας
639 4600 1009 4666 ἀναστάσεως.
1044 4602 1261 4665 Πάντας
1291 4603 1399 4676 γὰρ
1427 4602 1750 4679 ἀνθρώπους
1782 4609 1878 4663 άν-

289 4692 501 4765 ἔστησε
529 4693 619 4749 διὰ
642 4694 743 4766 τῆς
769 4693 905 4760 ιδίας
935 4694 1251 4767 σαρκός.Διὸ
1281 4696 1375 4751 καὶ
1401 4702 1775 4768 πρωτότοκος
1810 4702 1881 4757 ἐκ

289 4783 421 4840 τῶν
467 4784 701 4855 νεκρῶν
744 4784 984 4855 λέγεται.
1049 4786 1146 4840 Ἐν
1189 4788 1348 4859 λόγῳ
1402 4788 1472 4842 δὲ
1519 4792 1764 4860 Κυρίου,
1814 4793 1876 4862 τὸ

293 4878 456 4951 ῥῆμα
495 4876 698 4947 λέγειν,
745 4865 931 4950 ᾠησὶν,
962 4878 1050 4933 ἵνα
1086 4877 1331 4951 θαρρὦι
1358 4880 1487 4952 περὶ
1519 4882 1628 4936 τῶν
1661 4883 1881 4956 ἀποφη..

290 4969 577 5043 ναμωων.

372 5082 393 5115 ε
438 5062 569 5116 Ὀτι
602 5063 765 5134 ἡμεῖς
790 5063 838 5117 oi
869 5061 1090 5130 ζῶντες,
1125 5064 1174 5119 οἱ
1204 5063 1645 5135 περιλειπόμενοι
1669 5069 1747 5133 εἰς
1782 5067 1887 5141 τὴν

288 5155 611 5228 παρουσίαν
643 5154 737 5210 τοῦ
771 5156 1004 5226 Κυρίου.
1046 5174 1066 5209 ι

367 5244 550 5302 Τοῦτό
577 5263 765 5320 φησιν,
803 5248 902 5319 οὐχ
928 5248 1013 5303 ὅτι
1042 5248 1203 5314 αὐτὸς
1238 5250 1419 5321 ἔμεινε
1452 5252 1613 5324 μέχρι
1655 5252 1749 5308 τοῦ
1780 5254 1881 5326 τῆς

290 5336 658 5402 ἀναστάσεως
682 5337 898 5411 καιροῦ,
932 5338 1048 5393 ἀλλ’
1079 5341 1267 5414 ἐπειδὴ
1294 5342 1424 5414 περὶ
1450 5340 1673 5408 ζώντων
1701 5344 1875 5414 ἔλεγε,

291 5432 393 5487 καὶ
418 5429 589 5496 αὐτὸς
625 5431 680 5485 δὲ
717 5429 812 5505 ἔζη
838 5448 853 5462 ’
891 5432 1064 5487 ταῦτα
1094 5433 1289 5503 λέγων,
1330 5437 1397 5507 τῇ
1432 5438 1584 5507 κοινῇ
1616 5438 1879 5510 συνηθείᾳ

289 5523 394 5579 τοῦ
422 5522 590 5592 λόγου
618 5524 890 5596 ἐχρήσατο
909 5567 923 5591 ,
970 5524 1047 5596 τῷ
1076 5526 1247 5594 ἡμεῖς
1287 5528 1342 5581 ol
1386 5526 1616 5595 ζῶντες.
1667 5529 1790 5584 Ὀτι
1820 5530 1885 5584 δὲ.

290 5615 466 5673 τοῦτο
514 5615 696 5689 λέγει,
743 5618 976 5687 ἐπάγει,
1012 5620 1067 5673 οἱ
1113 5621 1629 5689 περιλειπόμενοι,
1680 5622 1800 5676 ἐπεὶ
1829 5626 1878 5678 εί

288 5706 464 5765 τοῦτο
492 5705 643 5779 λέγει
662 5688 687 5770 .’
712 5709 795 5764 ὅτι
828 5708 962 5781 ἐμοῦ
998 5708 1200 5775 ζῶντος
1223 5751 1239 5776 ,
1273 5711 1392 5774 πῶς
1423 5711 1655 5783 ἀλλαχοῦ
1693 5712 1873 5784 λέγει,

291 5803 382 5858 ὅτι
404 5800 611 5866 πάντες
638 5802 735 5875 μὶν
762 5803 1213 5877 ἀναστησόμεθα;
1242 5803 1303 5859 Εἰ
1330 5805 1437 5877 γὰρ
1463 5804 1570 5871 ζῶν
1599 5806 1880 5881 καταλαμ-

1982 4621 2185 4669 nostra:
2223 4605 2616 4666 resurrectioni
2660 4604 3017 4660 ﬁrmandam.
3062 4603 3362 4661 Universos
3406 4605 3550 4659 enim

1981 4704 2231 4761 homines
2258 4716 2354 4773 per
2380 4714 2600 4754 carnem
2636 4713 2789 4754 suam
2815 4713 2845 4753 a
2876 4705 3051 4754 morte
3079 4698 3377 4754 revocavit.
3411 4696 3556 4765 Qua-

1979 4804 2203 4870 propter
2231 4792 2610 4866 primogenitus
2640 4791 2804 4845 etiam
2836 4806 2902 4846 ea:
2938 4789 3163 4845 mortuis
3187 4800 3434 4846 vocatur.
3458 4790 3550 4846 Di-

1980 4889 2153 4945 cendo
2188 4896 2401 4954 autem,
2437 4885 2494 4940 in
2541 4882 2694 4939 verbo
2740 4882 2992 4950 Domini,
3042 4883 3117 4939 ita
3162 4883 3428 4955 loquitur,
3476 4884 3552 4940 uti

1980 4981 2047 5038 iis
2085 4980 2253 5035 ﬁdant
2282 4981 2372 5051 qui
2401 4978 2514 5033 haec
2544 4976 2953 5033 annuntiarent.

2058 5096 2075 5129 ι
2108 5073 2247 5143 Quia
2283 5088 2382 5129 nos
2410 5070 2501 5143 qui
2529 5071 2802 5139 vivimus,
2851 5068 2945 5140 qui
2999 5069 3206 5126 residui
3257 5086 3444 5127 sumus
3500 5074 3552 5127 in

1979 5168 2269 5224 adventum
2302 5163 2536 5221 Domini.
2578 5182 2597 5215 ι

2052 5258 2168 5315 Non
2205 5259 2305 5313 hoc
2340 5256 2557 5319 innuit,
2591 5269 2651 5309 se
2684 5251 3030 5324 superstitem
3089 5254 3206 5310 fore
3259 5270 3434 5326 usque
3488 5257 3552 5311 ait

1980 5358 2195 5419 tempus
2231 5344 2695 5410 resurrectionis,
2735 5345 2861 5410 sed,
2896 5360 3020 5401 cum
3056 5345 3123 5402 de
3161 5347 3469 5402 viventibus
3503 5346 3552 5400 ei

1980 5456 2163 5497 sermo
2191 5447 2370 5504 esset,
2403 5439 2629 5508 ipseque
2656 5436 2785 5493 dum
2820 5437 2935 5492 haec
2964 5436 3144 5493 aiebat
3172 5438 3227 5495 in
3258 5438 3397 5494 vivis
3426 5454 3551 5508 age-

1980 5543 2093 5599 ret,
2126 5531 2405 5588 communi
2457 5527 2712 5602 loquendi
2764 5545 2917 5585 more
2965 5529 3145 5596 dixit,
3174 5548 3269 5586 nos
3302 5532 3393 5603 qui
3424 5532 3551 5587 vivi-

1979 5642 2115 5679 mus.
2153 5622 2307 5690 Quod
2342 5630 2523 5677 autem
2559 5622 2649 5676 hic
2682 5619 2817 5675 dicti
2851 5620 3007 5675 istius
3040 5621 3112 5676 sit
3142 5636 3377 5686 sensus,
3406 5620 3550 5676 indi-

1979 5724 2068 5773 cat
2102 5713 2523 5787 subiungendo,
2561 5714 2651 5785 qui
2685 5711 2885 5767 residui
2918 5728 3120 5767 sumus.
3154 5712 3289 5767 Nam
3324 5711 3370 5768 si
3408 5711 3546 5768 idem

1979 5810 2341 5881 signiﬁcasset
2364 5806 2508 5878 quod
2548 5823 2633 5865 me
2677 5807 2925 5874 vivente,
2974 5823 3209 5872 quonam
3250 5806 3413 5866 modo
3442 5805 3548 5883 me
3582 5867 3589 5875 ,
