4048 6290
370 336 470 399 917

1282 336 1366 398 IN
1406 337 1645 400 EPIST.
1683 337 1784 400 AD
1820 338 2575 401 THESSALONICENSES
2603 339 2688 400 II.

3515 339 3622 408 918

371 446 848 520 ὑπερεκπερισσοῦ
871 450 929 504 ἐν
960 446 1149 523 ἀγάπῃ
1178 448 1348 506 διάτδ
1379 450 1540 524 ἔργον
1569 452 1768 512 αὐτῶν.
1789 454 1947 526 Εἰρη-

2055 454 2422 510 abundantius
2454 455 2506 510 in
2539 453 2808 509 charitale
2833 460 3056 524 propter
3085 464 3226 524 opus
3248 451 3485 511 illorum.
3517 455 3622 512 Pa.

373 541 558 595 νεύετε
588 542 644 594 ὲν
670 541 900 606 ἑαυτοῖς.
940 561 961 594 s

443 633 526 686 Τὰ
554 650 622 686 πε
633 632 683 704 ρ“ι
710 632 1047 688 διδασκάλων
1069 635 1333 705 διδάσκει,
1365 636 1555 702 ποίους
1579 623 1824 695 εἶναιδεῖ
1853 659 1947 695 πε-

372 723 736 796 ριπαραινῶν.

449 834 468 868 ι
525 815 958 886 Παρακαλοῦμεν
1008 816 1066 872 δὲ
1120 817 1306 888 ὑμᾶς,
1347 817 1586 890 ἀδελφοὶ,
1641 821 1948 878 νουθετεῖτε

367 907 498 971 τοὺς
527 908 814 976 ἀτάκτους,
835 909 1250 982 παραμυθεῖσθε
1267 901 1394 976 τοῦς
1423 904 1798 986 ὀλιγοψύχους,
1817 917 1946 971 ἀντ-

369 996 557 1068 έχεσθε
605 999 714 1055 τῶν
746 1000 1022 1066 ἀσθενῶν,
1064 1002 1471 1074 μακροθυμεῖτε
1513 1004 1649 1076 πρὸς
1709 1008 1944 1071 πάντας.

380 1089 576 1161 Ὀρᾶτε
609 1092 684 1162 μή
733 1107 818 1154 τις
850 1091 1018 1145 κακὸν
1048 1093 1169 1147 ἀντὶ
1204 1092 1378 1149 κακοῦ
1412 1110 1516 1149 τινι
1553 1095 1759 1168 ἀποδῷ,
1809 1097 1946 1154 ἀλλά

369 1179 603 1234 πάντοτε
632 1181 837 1250 ἀγαθὸν
861 1179 1114 1249 διώκετε,
1145 1185 1238 1238 καὶ
1283 1184 1361 1248 είς
1389 1184 1656 1256 ἀλλήλους
1675 1225 1691 1251 ,
1724 1189 1819 1241 καὶ
1863 1189 1944 1253 είς

369 1271 602 1335 πάντας.
631 1271 867 1326 Πάντοτε
891 1274 1108 1346 χαίρετε
1133 1291 1146 1304 ·
1171 1273 1528 1341 ἀδιαλείπτως
1552 1279 1946 1350 προσεύχεσθε,-

367 1363 426 1416 tv
457 1365 612 1418 παντὶ
660 1365 1054 1435 εὐχαριστεῖτε.
1088 1367 1257 1421 Τοῦτο
1300 1368 1409 1442 γὰρ
1447 1368 1658 1441 θέλημά
1709 1371 1842 1426 Θεοῦ
1886 1375 1944 1427 ὲν

365 1453 589 1526 Χριστῷ
629 1457 803 1529 Ἰησοῦ
832 1458 911 1522 εἰς
939 1458 1103 1529 ὑμᾶς.

437 1546 704 1601 Ποικίλων
732 1549 942 1617 ἀρετῶν
974 1549 1159 1614 αὐτοῖς
1186 1551 1459 1620 ὲξυφαίνει
1489 1552 1668 1622 λόγον.

441 1659 460 1691 ι
496 1641 570 1694 Τὸ
607 1642 827 1713 Πνεῦμα
857 1643 932 1714 μὴ
958 1643 1235 1711 σϐέννυτε,
1273 1647 1609 1718 προφητείαν
1665 1648 1741 1719 μὴ
1793 1648 1943 1713 ἐξου-

364 1731 600 1786 θενεῖτεο
645 1733 825 1788 πάντα
865 1735 922 1790 δὲ
964 1737 1308 1808 δοκιμάζετε,
1343 1738 1403 1791 τὸ
1446 1726 1609 1793 καλδν
1659 1740 1938 1811 κατέχετε,

2050 561 2170 602 cem
2206 547 2401 603 habete
2435 563 2557 601 cum
2595 547 2696 602 eis.
2731 565 2750 598 ι

2121 638 2292 696 Docet
2319 655 2439 709 qua:
2465 640 2784 696 doctoribus
2813 639 3118 710 prastand'a
3149 641 3258 696 sint
3276 675 3295 706 ,-
3321 640 3622 698 admonens

2050 729 2267 785 interim
2303 732 2494 800 quales
2529 730 2604 790 illi
2633 745 2758 787 esse
2787 731 3043 787 debeant.

2120 819 2287 878 Vens.
2317 821 2516 877 ιιι-ιδ,
2542 840 2559 874 ι
2593 821 2870 892 ROgamus
2897 830 3073 878 autem
3102 833 3222 886 vos.
3244 820 3470 886 fratres,
3497 833 3618 875 cor-

2049 915 2212 985 ripite
2252 916 2562 986 inquietos,
2597 915 2962 971 con‘solarnini
2995 916 3379 987 pusillanimes
3401 957 3416 983 ,
3448 920 3626 971 suscio

2050 1009 2168 1080 pite
2200 1007 2453 1064 infirmos
2476 1049 2494 1073 ,
2527 1009 2800 1079 patientes
2843 1015 3017 1064 estote
3063 1008 3135 1064 ad
3179 1022 3393 1064 omnes.
3430 1004 3627 1062 Videte

2048 1116 2118 1158 ne
2141 1101 2266 1173 quis
2290 1101 2502 1157 inalunr
2522 1116 2625 1173 pro
2654 1101 2801 1157 maio
2830 1101 2997 1157 alicui
3026 1100 3260 1168 reddat;
3284 1099 3381 1156 sed
3413 1106 3627 1170 semper

2048 1196 2196 1267 quod
2226 1195 2432 1252 bonum
2469 1202 2590 1261 est,
2624 1195 2914 1250 sectamini
2933 1228 2950 1260 ,-
2977 1198 3032 1251 et
3077 1195 3132 1250 in
3177 1195 3415 1250 invicem
3438 1234 3454 1261 ,
3485 1201 3541 1248 et
3571 1193 3626 1247 in

2047 1301 2263 1343 omnes.
2301 1286 2530 1357 Semper
2557 1285 2825 1358 gaudete;
2874 1285 2994 1342 sine
3044 1283 3454 1341 intermissione
3495 1298 3628 1340 ora-

2047 1387 2141 1448 te;
2175 1381 2233 1435 in
2267 1379 2530 1435 omnibus
2558 1377 2764 1450 gratias
2800 1378 2958 1447 221
2995 1375 3142 1448 agite
3170 1395 3184 1431 :
3217 1375 3336 1433 haec
3365 1386 3451 1432 est
3481 1376 3623 1432 enim

2045 1471 2301 1526 voluntas
2338 1470 2429 1525 Dci
2466 1470 2520 1526 in
2559 1470 2780 1527 Christo
2813 1468 2941 1525 Jesu
2974 1467 3029 1524 in
3065 1482 3184 1524 vos.
3224 1488 3243 1522 ι
3607 1489 3612 1494 ί

2118 1563 2192 1619 De
2227 1564 2397 1618 variis
2424 1563 2720 1619 virtutibus
2750 1577 3057 1619 sermonem
3084 1562 3193 1618 illis
3219 1562 3486 1618 contexit.

2116 1654 2279 1712 Vens.
2308 1655 2497 1712 19-23.
2542 1674 2564 1710 ι
2592 1655 2862 1727 Spiritum
2893 1654 3064 1710 nolite
3093 1656 3469 1728 exstinguere.
3491 1653 3629 1711 Pro-

2047 1749 2288 1820 phetiam
2336 1750 2510 1806 nolite
2531 1765 2791 1820 spernere
2827 1766 2840 1803 :
2873 1740 3059 1803 omnia
3112 1757 3296 1804 autem
3345 1747 3573 1819 probate
3605 1765 3622 1804 ε

362 1823 473 1878 ἀπὸ
527 1824 727 1890 παντὸς
781 1827 955 1890 είδους
997 1827 1235 1900 πονηροῦ
1299 1829 1588 1900 ἀπέχεσθε.
1623 1809 1882 1898 Αὐτὸς-δὲ
1909 1833 1936 1884 6

2045 1809 2188 1913 quod
2216 1842 2419 1897 bonum
2451 1809 2793 1908 esu-tenete.
2818 1840 2902 1898 Ab
2933 1840 3081 1896 omni
3113 1841 3293 1913 specie
3324 1809 3463 1895 mala
3490 1840 3626 1897 abs-

362 1917 495 1981 θεδς
521 1918 622 1988 τῆς
647 1919 866 1990 εἰρήνης
900 1920 1124 1988 ἁγιάσαι
1158 1921 1323 1992 ὑμᾶς.
1365 1942 1382 1973 ι

434 2010 584 2065 Ἀντὶ
633 2011 746 2076 τοῦ,
791 2013 883 2082 Μὴ
931 2011 1159 2085 ὲπέχετε
1213 2015 1304 2068 τὸν
1363 2016 1805 2088 προφητεύοντα·
1844 2018 1939 2070 καὶ

362 2102 522 2158 τοῦτο
542 2104 695 2175 δηλοῖ
723 2105 782 2159 τὸ
813 2104 960 2178 ἑξῆς.

441 2214 460 2246 ι
505 2181 800 2262 Ὀλοτέλεῖς
831 2215 843 2228 '
878 2199 974 2253 καὶ
995 2198 1186 2272 ὁλόκλη
1195 2217 1289 2270 ρον
1321 2199 1494 2272 ὑμῶν.
1535 2219 1554 2252 s

434 2287 506 2342 Εἴ
522 2307 576 2342 τι
599 2288 778 2344 λείπει
799 2291 950 2362 ὑμῖν,
969 2291 1418 2364 προσπληρώσει.

440 2399 459 2433 ι
492 2381 564 2435 Τδ
591 2382 838 2454 Πνεῦμα,
880 2388 976 2440 καὶ
1004 2388 1039 2458 ὴ
1069 2384 1238 2457 ψυχὴ,
1265 2387 1359 2440 καὶ
1405 2386 1468 2440 τὸ
1519 2385 1702 2458 σῶμα,
1759 2387 1943 2459 ἁμέμι

368 2490 516 2538 πτως
535 2474 592 2528 ἐν
613 2477 677 2546 τῇ
706 2477 978 2548 παρουσίᾳ
1014 2476 1109 2532 τοῦ
1142 2477 1349 2549 Κυρίου
1389 2477 1546 2550 ἡμῶν
1589 2478 1763 2550 Ἰησοῦ
1803 2483 1941 2553 Χρο-

366 2565 494 2620 στοῦ
520 2567 810 2640 τηρηθείη.
845 2569 1044 2634 Πιστδς
1068 2571 1096 2623 6
1123 2569 1279 2634 Θεός.
1320 2589 1342 2622 ›

436 2656 699 2727 Πνεῦμα,
728 2654 883 2731 φησί,
906 2659 966 2713 τὸ
1005 2661 1254 2732 χάρισμα
1284 2660 1313 2715 δ
1351 2660 1541 2716 ἐλαϐεν
1585 2661 1815 2728 ἕκαστος
1855 2663 1944 2719 διά

363 2748 458 2804 τοῦ
493 2748 884 2822 βαπτίσματος.
909 2753 1043 2807 Τότε
1074 2755 1184 2827 γὰρ
1219 2753 1328 2810 τῶν
1362 2755 1776 2828 βαπτιζομένων
1806 2759 1943 2814 tua...

366 2841 786 2915 στοςὲλάμϐανε
825 2846 1090 2919 χάρισμα,
1138 2848 1232 2902 καὶ
1279 2849 1453 2903 δποίει
1503 2853 1726 2922 σημεῖα.
1775 2853 1885 2908 Καὶ
1917 2853 1946 2908 6

368 2935 466 3006 μὲν
504 2936 780 3006 γλώσσαις
823 2939 1024 3004 ἐλάλει,
1063 2941 1091 2994 6
1115 2940 1172 2997 δὲ
1205 2943 1577 3015 προεφήτευεν
1601 2961 1613 2976 ο
1647 2945 1802 3008 ἄλλος
1831 2949 1946 3004 inito

361 3026 494 3091 τοὺς
521 3026 852 3098 κάμνοντας,
881 3029 1037 3094 ἄλλος
1068 3031 1321 3102 δαιμόνια
1342 3033 1654 3104 ἐξέϐαλλεν,
1672 3038 1828 3104 ἄλλος
1854 3039 1946 3094 ἀν-

2041 1933 2205 1988 tinete
2264 1948 2381 1990 vos.
2425 1931 2548 2003 Ipse
2575 1942 2753 1989 autem
2778 1931 2924 1988 Deus
2961 1931 3116 2002 pacis
3143 1931 3449 1988 sanctificat
3468 1947 3584 1988 vos.
3600 1952 3627 1985 ι.

2111 2024 2224 2081 Hoc
2262 2034 2370 2091 est,
2399 2042 2465 2082 ne
2514 2025 2818 2083 cohibeatis
2846 2025 2996 2080 illum
3024 2026 3116 2097 qui
3145 2025 3463 2097 pr0phetias
3495 2026 3625 2083 fun-

2039 2117 2121 2173 dit
2151 2138 2163 2173 :
2205 2117 2351 2190 quod
2381 2119 2542 2173 etiam
2567 2118 2814 2174 declarat
2843 2119 3118 2177 orationis
3151 2119 3346 2180 series.

2117 2207 2252 2264 «Per
2284 2209 2505 2263 omnia:
2539 2217 2592 2266 et
2627 2209 2840 2280 integer
2866 2211 2937 2266 sit
2959 2219 3162 2266 vester.
3199 2232 3222 2264 ι

2115 2299 2171 2356 Si
2201 2304 2354 2358 deest
2387 2301 2545 2358 vobis
2571 2302 2799 2374 aliquid,
2831 2302 2936 2358 hoc
2958 2303 3076 2373 ipse
3113 2302 3416 2373 praestabit,

2121 2412 2138 2445 ‹
2170 2393 2434 2464 Spiritus,
2485 2401 2540 2448 et
2568 2393 2777 2458 anima,
2807 2402 2863 2449 et
2893 2409 3094 2466 corpus
3145 2393 3268 2449 sine
3315 2393 3536 2465 querela
3570 2393 3635 2454 in.

2043 2483 2282 2539 adventu
2344 2484 2562 2539 Domini
2643 2484 2820 2540 nostri
2883 2483 3024 2540 Jesuv
3077 2481 3284 2541 Christi
3351 2493 3624 2543 servetur.

2047 2569 2258 2645 [Vsus
2287 2569 2379 2626 Ἡ.
2416 2571 2434 2644 ]
2464 2571 2668 2627 Fidelis
2702 2569 2847 2626 Deus
2886 2611 2900 2626 .
2934 2589 2953 2624 ι

2120 2663 2377 2732 Spiritum
2417 2663 2575 2730 dicit,
2607 2663 2740 2718 illud
2797 2665 3000 2719 donum
3036 2663 3188 2734 quod
3238 2664 3625 2737 unusquisque

2044 2769 2146 2828 per
2172 2754 2506 2824 baptismum
2539 2761 2849 2822 acceperat.
2881 2752 3153 2823 Quisquis
3173 2750 3322 2806 enim
3377 2752 3625 2823 baptiza-

2045 2847 2232 2910 batur,
2260 2843 2561 2914 accipiebat
2588 2843 2792 2898 donum
2835 2859 2944 2915 quo
2967 2837 3210 2914 prodigia
3240 2843 3513 2913 patra'bat.
3539 2844 3620 2899 Ac

2047 2935 2141 2991 ille
2169 2934 2394 3006 quidem
2430 2933 2634 3006 linguis
2661 2935 3012 3004 loquebatur,
3038 2935 3126 2989 hic
3150 2949 3277 2989 vero
3305 2932 3623 3006 prophetias

2050 3025 2442 3097 pronuntiabat
2469 3042 2484 3092 ;
2514 3025 2652 3080 alter
2674 3039 2850 3096 aegros
2878 3021 3130 3091 sanabat,
3155 3023 3430 3080 daemones
3484 3023 3626 3080 alter

366 3116 491 3171 ίστι
517 3118 644 3183 τοὺς
669 3121 917 3192 νεκροὺς,
951 3120 1106 3186 ἄλλος
1137 3115 1267 3178 ἀλλο
1292 3141 1345 3179 τι
1375 3125 1569 3183 ἐποίει.
1626 3128 1794 3184 Τοῦτο
1851 3130 1946 3186 οῦν

2049 3123 2303 3196 ejiciebat
2333 3139 2348 3191 ;
2373 3122 2512 3178 alius
2548 3122 2821 3177 excitabat
2868 3119 3139 3188 mortuos,
3184 3119 3330 3177 aliud
3368 3117 3512 3174 allus
3541 3117 3624 3173 fa-

363 3198 426 3264 τδ
456 3209 722 3284 χάρισμα,
752 3190 900 3268 δκαὶ
928 3213 1168 3286 Πνεῦμά
1199 3197 1356 3289 φησι,
1407 3218 1592 3290 μένειν
1641 3220 1701 3274 ὲν
1755 3221 1941 3287 αὐτοῖς

2046 3190 2245 3274 ciebat.
2273 3190 2388 3270 Hoc
2415 3230 2545 3288 ergo
2574 3215 2800 3279 donum,
2834 3206 2979 3285 quod
3015 3222 3070 3270 et
3117 3212 3383 3283 Spiritum
3436 3212 3624 3268 nomi-

363 3300 657 3375 ὁλόκληρον
681 3303 914 3375 εὔχεται,
941 3304 1033 3384 ἵνα
1080 3307 1225 3385 κατά
1273 3309 1439 3383 μηδὲν
1495 3312 1800 3383 στερηθῶσι
1841 3316 1938 3387 τῆς

366 3391 648 3464 ἔνεργείας
676 3394 769 3448 τοῦ
794 3395 948 3464 άγίου
977 3395 1120 3451 IIsz
1129 3415 1320 3468 ματος.

442 3503 462 3538 ι
499 3485 556 3539 'U
581 3485 761 3541 καλῶν
787 3488 952 3558 ὐμᾷς,
974 3488 1033 3553 ὃς
1056 3490 1148 3545 καὶ
1178 3490 1689 3563 ποιήσει.⁹Δδελφοὶ,
1707 3495 1938 3564 προσεύ-

367 3578 526 3649 χεσθε
557 3579 698 3651 ὑπὲρ
726 3579 901 3653 ἡμῶν.
943 3579 1290 3639 Ἀσπάσασθε
1315 3584 1443 3649 τοὺς
1498 3585 1761 3656 ἀδελφοὺς
1804 3587 1941 3643 πάν-

365 3685 467 3734 τας
495 3671 556 3726 ἑν
585 3673 852 3744 φιλήματι
876 3673 1039 3747 ἀγίφ.
1077 3693 1097 3728 s

452 3764 511 3818 '0
526 3764 763 3852 καλέσας
791 3766 958 3837 ὑμᾶς,
991 3768 1176 3840 φησὶν,
1205 3768 1435 3842 Ἰησοῦς,
1468 3771 1686 3844 ποιήσει
1717 3771 1776 3827 τὸ
1823 3771 1942 3827 ὀλοο

365 3855 542 3920 τελεῖς
571 3857 715 3927 ὑμᾶς
746 3859 1003 3927 γενέσθαι
1033 3861 1128 3916 καὶ
1149 3861 1492 3934 ἀμέμπτους.

444 3968 462 4000 ι
507 3949 797 4021 Ἐνορκίζω
827 3950 971 4025 ὑμᾶς
997 3952 1088 4006 τὸν
1126 3947 1352 4025 Κύριον.
1396 3954 1814 4027 ἀναγνωσθῆναι
1841 3956 1942 4030 τὴν

366 4041 655 4114 ἐπιστολὴν
685 4035 817 4099 πᾶσι
841 4046 955 4108 τοῖς
991 4044 1168 4116 ἁγίοις
1202 4047 1476 4117 ἀδελφοῖς.
1533 4048 1598 4105 Ἦ
1641 4048 1804 4121 χάρις
1845 4037 1941 4103 τοῦ

366 4135 574 4208 Κυρίου
597 4137 755 4207 ἡμῶν
786 4138 960 4210 Ἰησοῦ
982 4140 1221 4210 Χριστοῦ
1256 4141 1374 4212 μεθ’
1403 4138 1577 4213 ὑμῶν.
1612 4140 1806 4214 Ἀμήν.
1846 4160 1867 4196 ›

450 4227 667 4301 Ἐπειδὴ
691 4230 943 4302 ἐλέγχους
966 4233 1000 4303 ὴ
1028 4232 1322 4306 Ἐπιστολὴ
1353 4234 1618 4305 περιέχει,
1654 4234 1864 4305 μήποτε
1893 4236 1943 4289 οἱ

366 4321 593 4376 ἄτακτοι
607 4322 863 4389 λαϐόντες
879 4323 975 4396 τὴν
992 4324 1316 4400 Ἐπιστολὴν
1342 4325 1650 4399 κρύψωσιν,
1672 4325 1943 4398 ἑνορκίζει

366 4413 564 4477 αὐτοὺς
596 4414 1011 4485 ἀναγνωσθῆναι
1034 4415 1133 4488 τὴν
1174 4416 1515 4488 Ἐπιστολὴν.

441 4501 596 4570 Πρὸς
631 4505 1098 4594 Θεσσα.ὶονικεῖς
1126 4511 1178 4558 α’
1223 4505 1449 4577 ὲῃοάφη
1491 4507 1611 4561 ἀπὸ
1651 4500 1939 4593 Ἀθηκῶκ.
1972 4563 2018 4620 D

367 4595 599 4665 Στίχων
624 4589 767 4667 ρίτγσ.

2039 3319 2156 3376 nat,
2190 3309 2243 3364 in
2276 3308 2410 3379 ipsis
2461 3323 2683 3364 manere
2711 3307 2980 3380 integrum
3007 3316 3285 3378 precatur,
3317 3321 3385 3363 ne
3430 3305 3540 3361 ulla
3562 3303 3620 3362 in

2040 3416 2101 3458 re
2124 3401 2407 3472 priventur
2450 3399 2692 3456 ellicacia
2757 3393 3003 3471 Spiritus
3063 3399 3262 3454 sancti.

2113 3493 2250 3560 ιριιί
2272 3491 2488 3549 vocavit
2516 3509 2612 3549 vos
2632 3512 2644 3559 ;
2667 3493 2760 3564 qui
2783 3494 2946 3548 etiam
2971 3493 3149 3547 faciet.
3172 3489 3362 3563 [,Vsns.
3390 3481 3621 3565 25,264

2039 3583 2284 3650 Fratres,
2315 3595 2470 3642 orate
2506 3601 2608 3658 pro
2631 3585 2832 3642 nobis.
2884 3584 3132 3641 Salutate
3187 3584 3384 3640 fratres
3430 3598 3623 3639 omnes

2042 3679 2097 3734 in
2120 3680 2324 3752 osculo.
2340 3685 2536 3736 sancto
2557 3721 2570 3734 .
2615 3696 2633 3730 ι

2109 3769 2271 3828 Jesus
2299 3772 2392 3843 qui
2419 3771 2633 3828 vocavit
2671 3786 2790 3836 vos,
2836 3769 3034 3843 inquit,
3072 3770 3234 3826 faciet
3297 3779 3355 3826 ut
3399 3770 3623 3840 perfecti

2041 3871 2205 3936 atque
2228 3865 2425 3936 integri
2450 3864 2571 3920 sitis
2597 3873 2652 3919 et
2704 3862 3243 3934 irreprehensibiles.

2109 3954 2280 4014 Vnus.
2310 3956 2399 4022 27,
2425 3955 2515 4012 28.
2556 3974 2575 4008 ι
2620 3955 2831 4026 Adiuro
2862 3971 2959 4011 vos
2987 3971 3084 4027 per
3124 3953 3435 4020 Dominum,
3464 3960 3522 4007 ut
3550 3951 3622 4006 le~

2039 4054 2203 4119 μων
2225 4047 2458 4120 epistola
2485 4046 2604 4103 hac
2623 4045 2880 4102 omnibus
2904 4046 3113 4102 sanctis
3141 4045 3424 4100 fratribus.
3483 4045 3619 4097 tira-

2039 4140 2117 4196 tia
2151 4139 2365 4196 Domini
2396 4138 2570 4196 nostri
2604 4135 2732 4194 Jesu
2766 4135 2973 4194 Christi
3015 4137 3295 4194 vobiscum
3357 4135 3544 4190 Λιιιιιιι.
3587 4155 3603 4179 ι

2113 4234 2385 4302 Quoniam
2427 4233 2677 4305 Epistola
2710 4232 2828 4290 haec
2859 4233 3316 4304 reprehensiones
3355 4231 3620 4289 continet,

2044 4344 2114 4386 ne
2140 4329 2281 4384 forte
2301 4329 2392 4399 qui
2419 4327 2602 4400 pravis
2627 4321 2874 4384 moribus
2893 4335 3074 4390 erant,
3111 4325 3255 4380 hanc
3287 4324 3611 4396 accipientes

2045 4418 2471 4485 absconderem,
2503 4417 2721 4488 adiurat
2751 4404 2873 4473 illos
2895 4423 2956 4471 ut
2984 4416 3159 4488 ipsam
3191 4411 3394 4486 legant.

2117 4505 2362 4576 Epistula
2396 4505 2464 4561 ad
2519 4501 3016 4561 Thessalonicenses
3071 4505 3248 4572 prima
3295 4503 3494 4570 scripta
3545 4510 3622 4557 est

2472 4677 2474 4680 ρ
2498 4587 2734 4653 Athenis.
2761 4588 3012 4653 Versibus
3043 4584 3163 4654 {936.

385 4791 3606 4837 ww

776 4963 948 5049 ΕΙΣ
1035 4954 1680 5052 ΕΠΙΣΤΟΛΗΝ

1779 4967 1841 5049 Β
1912 4965 2204 5051 ΠΡΟΣ
2273 4959 3186 5054 ΘΕΣΣΑΛΟΝΙΚΕΙΣ.

691 5321 816 5414 IN
898 5313 1575 5413 EPISTOLAM
1663 5320 1750 5408 ιι
1840 5309 1991 5408 AD
2071 5297 3295 5412 THESSALONICENSES.

792 5627 1182 5684 ΚΕΦΑΔΑΙΟΝ
1218 5629 1507 5683 ΠΡΩΤΟΝ.

448 5741 466 5775 ι
505 5721 734 5788 Παῦλος,
765 5724 858 5776 καὶ
901 5723 1205 5788 Σιλουανδς,
1247 5723 1341 5774 καὶ
1384 5723 1645 5792 Τιμόθεος
1707 5712 1773 5794 τῇ
1819 5725 1942 5778 Ἑκ-

373 5812 573 5888 adquia
599 5815 1053 5880 Θεσσαλονικέων,
1088 5816 1146 5868 ὲν
1170 5814 1291 5886 Θεῷ
1325 5816 1498 5884 Πατρῖ
1519 5816 1674 5885 ἡμῶν
1701 5818 1796 5870 καὶ
1840 5819 1943 5870 Κυ-

2559 5628 2787 5684 (JAPUT
2815 5627 3106 5686 PIilMUM.

2127 5719 2288 5777 Vens.
2311 5722 2418 5776 [-5.
2441 5719 2762 5785 «Paulus,et
2791 5719 3067 5785 Silvanus,
3091 5725 3144 5800 et
3157 5716 3495 5782 Timotheus,
3515 5717 3622 5774 Ec~

2052 5815 2232 5870 clcsiac
2261 5812 2864 5878 Thessalonicmtsium,
2897 5813 2950 5867 in
2990 5813 3098 5868 Deo
3127 5810 3282 5868 Patre
3313 5820 3536 5880 nostro,
3560 5819 3616 5866 et
