4048 6290
326 305 441 377 921.

1278 322 1373 383 ΙΝ
1415 321 1652 384 EPIST.
1692 322 1793 382 AD
1832 323 2586 387 THESSALONICENSES
2612 327 2694 389 II.

3487 334 3597 395 922

325 433 592 504 τῇπίστει
626 433 779 507 ῦμῶν
810 435 906 492 καὶ
941 434 1209 512 ὑπομονῇ,
1263 439 1322 495 ἒν
1376 442 1561 517 ἐκείνῃ
1618 445 1682 517 τῇ
1721 444 1905 517 ἡμέρᾳ

2012 442 2288 511 bibemus,
2320 460 2418 517 per
2440 454 2677 503 vestram
2712 445 2871 503 ﬁdem
2902 458 2957 505 ct
2987 452 3305 522 patientiam
3333 467 3589 522 compro-

326 526 774 600 πιστευθήσεται.

399 638 419 672 ι
449 621 545 684 Είς
570 620 599 675 ὃ
625 622 717 677 καὶ
750 625 1162 698 προσευχόμεθα
1184 627 1417 683 πάντοτε
1449 631 1579 702 περὶ
1609 631 1785 704 ὑμῶν,
1819 633 1907 688 ἵνα

326 710 474 782 ὑμᾶς
503 710 711 787 ἀξιώσῃ
737 714 835 785 τῆς
858 717 1105 788 κλήσεως
1140 719 1171 773 ό
1207 717 1338 785 Θεὸς
1377 720 1549 792 ὑμῶν.
1588 741 1606 774 ι

406 803 625 878 Ἐπειδὴ
646 802 766 861 εἶπε
790 807 973 863 πίστιν
997 806 1133 865 εῖναι
1156 812 1255 883 τὴν
1286 813 1414 884 περὶ
1460 815 1641 869 αὐτῶν
1694 834 1906 889 μαρτυ-

328 897 476 969 ρίαν,
510 901 606 953 καὶ
633 899 809 957 ταῦτα
840 897 1008 959 οὖσαν
1056 906 1186 980 περὶ
1239 908 1528 977 μεγάλων·
1573 910 1674 964 Ἕν
1708 912 1907 967 πίστει

326 993 459 1063 γὰρ,
489 993 672 1065 φησιν,
701 996 801 1050 καί
830 996 1129 1069 ὑπομονῇ,
1156 1001 1255 1056 καί
1284 1001 1558 1074 διωγμοῖς
1580 1018 1596 1034 ⁸
1621 1004 1709 1071 ἵνα
1735 1004 1810 1078 μὴ
1841 1007 1907 1060 ἐκ

325 1084 521 1139 τούτου
556 1088 921 1155 ὑπτιωθέντες
950 1092 1296 1150 ἀπολέσωσιν
1318 1094 1352 1150 ἃ
1384 1096 1732 1168 εἰργάσαντο,
1781 1097 1907 1152 τού-

326 1191 419 1229 του
468 1177 626 1249 χάριν
684 1181 870 1250 φησὶν,
926 1182 1010 1238 ὅτι
1074 1182 1483 1252 Ἀδιαλείπτως
1529 1187 1660 1257 περὶ
1714 1187 1908 1242 τούτου

327 1272 804 1342 προσευχόμεθα,
838 1275 1168 1344 ἐναγωνίους
1206 1278 1405 1342 αὐτοὺς
1436 1280 1627 1334 ποιῶν.
1661 1282 1906 1353 Προσευο

326 1363 536 1435 χόμεθα
565 1364 692 1437 γὰρ,
726 1366 913 1436 φησὶν,
959 1368 1049 1422 ίνα
1088 1367 1271 1436 ἀξίους
1313 1372 1461 1441 ὑμᾶς
1514 1372 1616 1445 τῆς
1663 1373 1911 1446 κλήσεως

327 1455 555 1527 ποιήσῃ.
580 1454 752 1511 Τοῦτο
770 1456 828 1512 δέ
851 1475 1037 1531 φησιν,
1069 1461 1169 1533 οὐχ
1190 1460 1266 1526 ὡς
1285 1462 1529 1535 ἀναιρῶν
1553 1464 1615 1518 τὺ
1640 1462 1702 1532 ὲξ
1728 1464 1905 1537 ἡμῶν,

326 1545 444 1601 ἀλλ’
465 1550 551 1603 ίνα
578 1549 655 1623 μὴ
685 1549 830 1623 μέγα
854 1552 1139 1625 φρονῶμεν
1161 1554 1249 1624 ἐφ’
1280 1556 1512 1623 ἑαυτοῖς,
1545 1556 1685 1612 ἀλλὰ
1704 1559 1798 1612 καὶ
1826 1558 1913 1624 είς

326 1637 468 1694 αὐτά
526 1641 698 1697 ταῦτα
744 1641 783 1698 ἀ
824 1644 1174 1717 ἐργαζόμεθα
1221 1647 1286 1701 ἐκ
1325 1648 1673 1721 συγγνώμης,
1710 1647 1911 1721 συλλή-

327 1747 506 1806 πτορα
534 1733 793 1805 καλῶμεν
812 1734 969 1800 Θεὸν,
989 1736 1065 1802 ὡς
1090 1738 1138 1791 εί
1171 1739 1538 1812 θαρσήσωμεν
1567 1742 1652 1812 ἐφ’
1668 1742 1905 1809 ἑαυτοῖς,

326 1823 476 1890 ἄπας
501 1825 656 1898 ἡμῶν
685 1825 848 1893 εὐθὺς
871 1827 1109 1903 ἀναλυθῇ
1140 1830 1321 1896 πόνος.
1836 1900 1839 1901 ν

404 1935 424 1970 ι
464 1919 574 1973 Καὶ
602 1919 870 1994 πληρώσῃ
905 1922 1085 1976 πᾶσαν
1119 1922 1371 1980 εὐδοκίαν
1403 1924 1767 2001 ἀγαθοσύνης.
1802 1945 1837 1980 »-

396 2094 683 2150 Δείκνυσιν
725 2095 879 2151 οῦπω
934 2098 1323 2167 τελειωθέντας
1372 2102 1593 2169 αὐτούς.
1627 2105 1760 2161 Τότε
1794 2106 1909 2180 γὰρ

330 2189 493 2261 μόνον
525 2191 558 2261 ἡ
596 2190 898 2255 τελείωσις,
930 2190 1061 2246 ὅταν
1087 2194 1117 2247 ό
1141 2194 1332 2267 καιρὸς
1352 2195 1603 2269 παρέλθῃ
1630 2196 1724 2251 τοῦ
1751 2196 1903 2267 ἀγῶα

327 2296 452 2346 νος.
488 2282 547 2336 ιν
589 2281 702 2353 ὅσῳ
727 2282 787 2336 δέ
811 2299 896 2349 τις
924 2283 1276 2354 ἀγωνίζεται,
1305 2287 1579 2357 φοϐείσθω
1612 2290 1688 2362 μὴ
1720 2290 1864 2365 πέσῃ
1885 2307 1901 2324 ⁸
1961 2353 1970 2359 -

325 2373 430 2428 me
443 2374 601 2430 τοῦτο
632 2375 741 2447 7&9
780 2374 875 2431 καὶ
906 2377 1125 2451 εῐρηται
1144 2394 1167 2411 ο
1214 2380 1312 2454 Μὴ
1333 2380 1617 2454 μακάριῶ
1649 2383 1766 2454 πρὸ
1796 2384 1906 2441 τοῦ

325 2468 566 2538 τέλους.
874 2455 907 2488 ⁸

404 2564 569 2618 «Kal
600 2562 759 2637 ἔργον
789 2565 1027 2632 πίστεως
1053 2566 1112 2624 ὲν
1143 2565 1394 2639 δυνάμει.
1428 2586 1450 2620 ι

400 2655 522 2712 Ἵνα
550 2658 1023 2731 ἑνδυναμωθῶσιν,
1055 2659 1203 2735 ἔργῳ
1229 2661 1397 2727 δεῖξαι
1429 2662 1530 2735 τὴν
1558 2662 1761 2718 πίστιν.

403 2767 431 2802 r
471 2750 661 2818 Ὅπως
706 2752 995 2827 ἐνδοξασθῇ
1040 2753 1101 2808 ea
1150 2754 1337 2826 ὄνομα·
1368 2755 1465 2826 τοῦ
1505 2757 1712 2827 Κυρίου
1746 2757 1922 2829 ἡμῶν

342 2842 523 2915 Ἰησοῦ
552 2844 617 2899 ὲν
640 2845 801 2917 ὑμῖν,
823 2844 922 2901 καὶ
953 2846 1114 2919 ὑμετς
1149 2846 1210 2901 ὲν
1243 2846 1414 2919 αὐτῷ,
1448 2849 1591 2904 κατά
1608 2849 1712 2923 τὴν
1743 2850 1905 2924 χάριν

325 2935 425 2989 τοῦ
454 2934 592 2991 Θεοῦ
619 2935 781 3009 ἡμῶν
818 2940 915 2994 καὶ
936 2941 1145 3013 Κυρίου
1191 2942 1368 3014 Ἰησοῦ
1397 2943 1663 3016 Χριστοῦ.
1704 2962 1729 2997 r

399 3028 634 3101 Ὅμοιον
654 3029 734 3101 τῷ
760 3032 1040 3107 εἰρημένῳ
1066 3034 1170 3090 ὑπὸ
1198 3034 1294 3090 τοῦ
1318 3037 1527 3110 Κυρίου
1553 3052 1569 3067 ’
1601 3039 1907 3108 Λαμψάτω

2008 533 2229 590 habitur
2251 536 2306 591 in
2341 536 2430 593 die
2460 537 2575 593 illa.

2077 626 2242 684 Vens.
2278 628 2365 686 lt.
2406 651 2424 683 ι
2451 631 2504 686 In
2526 649 2638 703 quo
2666 636 2831 690 etiam
2859 651 3087 693 oramus
3109 652 3332 709 semper
3363 652 3461 707 pro
3499 650 3592 691 vo-

2005 719 2112 786 bis,
2142 729 2200 775 ut
2223 721 2477 793 dignetur
2502 740 2602 781 vos
2632 728 2919 785 vocatione
2952 745 3051 785 sua
3090 728 3234 786 Deus
3260 740 3463 786 vester.
3504 748 3523 782 ι

2032 806 2035 809 ’
2076 811 2349 879 Quoniam
2366 814 2590 879 dixit“,
2620 818 2777 874 ﬁdem
2806 820 3058 891 proipsi's
3091 820 3586 891 testiﬁcari,idque

2006 901 2073 958 de
2100 906 2315 975 magnis
2348 907 2513 964 rebus
2550 906 2843 980 (aitenim:
2881 910 2939 967 in
2971 912 3098 981 ﬁde,
3135 913 3193 968 in
3226 913 3502 981 patientia,
3528 911 3583 965 in

2004 996 2494 1067 perseeutionibus),
2516 1015 2583 1055 ne
2616 1000 2819 1057 exinde
2852 1004 3255 1073 superbientes,
3287 1019 3409 1075 qua:
3445 1004 3582 1057 huc-

2006 1102 2181 1157 usque
2225 1100 2506 1158 gesserant
2545 1092 2887 1161 amitterent,
2911 1111 3029 1151 eam
3063 1096 3132 1151 oh
3176 1097 3432 1164 retn,ait,
3472 1097 3584 1150 sine

2006 1179 2396 1238 intermissione
2447 1199 2701 1251 oramus;
2736 1194 2795 1241 ut
2829 1188 3154 1246 intentiores
3198 1190 3347 1261 ipsos
3394 1189 3577 1243 faciat.

2005 1271 2240 1328 Oramus
2276 1272 2448 1342 enim,
2480 1274 2687 1347 inquit,
2722 1286 2781 1333 ut
2810 1278 3009 1349 dignos
3044 1295 3141 1335 vos
3167 1279 3367 1334 reddat
3418 1293 3583 1333 voca-

2007 1366 2153 1423 tione
2182 1375 2385 1424 vestra.
2427 1367 2607 1440 Atque
2633 1369 2738 1425 hoc
2782 1369 2943 1435 dicit,
2978 1386 3083 1427 non
3118 1381 3174 1426 ut
3203 1372 3391 1442 quoda
3423 1370 3583 1425 nobis

2006 1467 2090 1514 est
2129 1456 2365 1526 auferat,
2398 1458 2499 1515 sed
2520 1475 2590 1516 ne
2619 1459 2687 1516 de
2718 1460 2881 1516 nobis
2915 1462 3217 1518 insolenter
3248 1461 3577 1532 gloriemur;

2006 1550 2257 1622 quinimo
2296 1552 2362 1607 ad
2395 1552 2510 1608 haec
2545 1552 2687 1625 ipsa,
2718 1569 2954 1626 quorum
2979 1554 3383 1611 etiiciendorum
3408 1553 3581 1609 tacul-

2010 1651 2096 1700 tas
2155 1644 2314 1702 nobis
2375 1644 2716 1717 indulgetur,
2774 1645 2943 1702 Deum
2986 1647 3303 1703 invocemus
3361 1646 3579 1715 adjuto-

2006 1752 2123 1792 rem
2175 1756 2188 1792 :
2235 1752 2301 1793 eo
2357 1738 2527 1809 quod,
2593 1739 2643 1796 si
2702 1740 3031 1797 conﬁdimus
3061 1740 3118 1797 in
3158 1741 3343 1804 nobis,
3396 1738 3580 1795 omnis

1936 1810 1979 1866 Β
2008 1829 2192 1886 statim
2221 1836 2418 1886 noster
2460 1829 2617 1885 labor
2650 1838 2987 1900 pessumeat.

2074 1921 2238 1992 223
2280 1921 2423 1977 «Et
2471 1924 2694 1994 impleat
2755 1939 2973 1981 omnem
3030 1924 3368 1981 voluntatem
3422 1921 3581 1978 boni-

2005 2014 2156 2068 tatis.
2206 2032 2226 2067 ι

2074 2104 2324 2163 Ostendit
2374 2121 2475 2163 eos
2520 2106 2765 2163 nondum
2796 2121 2921 2164 esse
2961 2114 3397 2164 consummatos.
3424 2104 3580 2161 Tunc

2004 2199 2150 2256 enim
2187 2200 2453 2257 duntaxat
2479 2202 2887 2257 consummatio
2920 2208 3032 2270 est,
3062 2199 3285 2273 quando
3318 2198 3578 2257 certami-

2004 2300 2092 2353 nis
2128 2305 2346 2370 tempus
2368 2300 2663 2369 praateriit;
2695 2298 2940 2371 quandiu
2975 2306 3165 2355 autem
3202 2297 3450 2355 decertat
3482 2294 3584 2352 ali-

2005 2390 2149 2462 quis,
2193 2401 2447 2447 vereatur
2483 2408 2553 2448 ne
2596 2392 2782 2448 cadat.
2832 2392 3108 2459 Quocirca
3149 2390 3317 2447 etiam
3368 2388 3580 2446 dictum

2005 2496 2090 2542 est
2119 2503 2135 2541 :
2167 2483 2249 2540 Ne
2282 2485 2491 2541 beatum
2516 2487 2716 2541 dixeris
2747 2493 2868 2541 ante
2889 2483 3048 2556 ﬁnem
3073 2484 3146 2540 “.

2079 2594 2099 2627 ι
2132 2574 2199 2631 Et
2224 2591 2379 2646 opus.
2403 2576 2527 2633 ﬁdei
2565 2577 2621 2633 in
2654 2577 2882 2632 virtute.
2921 2594 2941 2629 ι
3008 2638 3011 2640 ς

2074 2668 2144 2726 Ut
2175 2671 2625 2738 corroborentur,
2658 2686 2769 2741 quo
2801 2670 2959 2727 ﬁdem
2990 2684 3158 2741 opere
3187 2667 3503 2740 praeferant.

2075 2762 2246 2820 Vsus.
2278 2762 2365 2818 12.
2403 2783 2423 2816 ι
2467 2760 2539 2819 Ut
2566 2763 2908 2819 clarilicetur
2937 2777 3141 2817 nomen
3161 2760 3377 2817 Domini
3403 2763 3578 2818 nostri

2003 2853 2371 2918 JesuChristi
2398 2854 2455 2910 in
2482 2856 2666 2921 vobis,
2689 2865 2745 2909 et
2770 2871 2875 2912 vos
2908 2855 2961 2910 in
2988 2854 3105 2919 illo,
3138 2853 3439 2910 secundum
3460 2868 3589 2926 gra.

2006 2945 2138 3001 tiam
2170 2945 2266 3003 Dei
2289 2946 2466 3002 nostri
2503 2957 2560 3000 et
2586 2945 2803 3002 Domini
2834 2943 2965 3002 Jcsu
2995 2944 3226 3001 Christi.
3274 2963 3295 2997 ι
3366 3012 3369 3013 ν

2079 3038 2270 3095 Simile
2310 3038 2419 3094 hoc
2441 3044 2526 3094 cst
2573 3038 2653 3093 illi
2708 3037 2927 3093 Domini
2986 3035 3272 3094 sententiae
3312 3051 3327 3090 :
3379 3032 3584 3089 Luceat

328 3120 398 3218 τό
430 3121 559 3192 φῶς
583 3122 765 3218 oper
800 3127 1147 3218 ἔμπροσθεν
1183 3127 1305 3185 τῶν
1339 3130 1691 3199 ἀνθρώπων,
1745 3132 1907 3201 ὅπως

2008 3130 2303 3185 lux-vestra
2333 3144 2512 3183 coram
2546 3126 2867 3192 hominibus,
2903 3138 2961 3180 ιιι
2983 3125 3190 3179 videant
3213 3140 3372 3194 Opera
3410 3133 3595 3178 vestra:

330 3211 505 3269 ῑδωσι
534 3215 608 3271 τὰ
628 3217 789 3272 καλὰ
808 3218 954 3291 ἔργα
978 3217 1169 3289 ὑμῶν,
1190 3221 1290 3277 καί
1316 3220 1625 3289 δοξάσωσι
1656 3223 1764 3279 τὸν
1780 3229 1905 3283 Πα-

2007 3223 2235 3289 bona,et
2255 3219 2781 3294 gloriﬁcent'Palrem
2806 3228 3032 3273 vestrum
3054 3218 3143 3287 qui
3171 3217 3223 3271 in
3252 3216 3393 3271 cretis
3407 3224 3485 3271 est
3508 3214 3577 3271 ".
3603 3265 3607 3269 .

326 3305 489 3378 τέρα
510 3307 679 3379 ὑμῶν
701 3308 810 3365 τὸν
833 3310 907 3365 ἐν
928 3310 1054 3379 τοῖς
1100 3312 1403 3383 οὐρανοῖς.
1436 3316 1550 3371 Καὶ
1607 3315 1770 3371 τοῦτο
1799 3316 1908 3372 δεί-

328 3416 523 3455 κνυσιν
554 3401 619 3455 ἐκ
650 3402 753 3472 τῆς
783 3403 1004 3475 χάριτος
1031 3404 1254 3476 ἔχοντας
1276 3406 1372 3462 τοῦ
1404 3407 1541 3463 Θεοῦ
1561 3409 1622 3463 τὸ
1645 3408 1909 3465 δύνασθαι

322 3491 615 3559 τοσούτους
665 3496 919 3564 γενέσθαι
961 3498 1023 3552 ἐν
1077 3497 1259 3571 ἔργοις
1291 3498 1587 3572 λαμπροῖς.
1632 3502 1752 3557 Κάν
1794 3501 1905 3575 γάρ

323 3579 476 3657 τιςῇ
504 3583 731 3651 τέλειος,
764 3588 952 3661 φησὶν,
983 3590 1043 3644 ὲν
1085 3593 1219 3656 υίοτς
1265 3591 1597 3665 ἀνθρώπιον,
1650 3595 1750 3665 τῆς
1798 3595 1905 3650 ἀπὸ

327 3673 431 3730 σοῦ
460 3675 782 3745 λειπόμενος
816 3679 1030 3751 σοφίας,
1059 3684 1139 3746 είς
1167 3683 1321 3738 οὐδὲν
1348 3684 1757 3758 λογισθήσεται.

933 3773 1183 3840 ΚΕΦΑΛ.
1227 3774 1304 3830 Β’.

406 3881 427 3918 ι
474 3863 804 3937 Ἐρωτῶμεν
834 3864 892 3921 δὲ
926 3866 1092 3938 ὑμᾶς,
1120 3866 1362 3938 ἀδελφοὶ,
1399 3869 1541 3942 ὑπὲρ
1570 3869 1672 3942 τῆς
1695 3888 1905 3942 παρουο

327 3954 455 4036 σίας
482 3952 579 4011 τοῦ
620 3957 830 4027 Κυρίου
877 3956 1037 4030 ἡμῶν
1074 3958 1250 4031 Ἰησοῦ
1289 3960 1551 4034 Χριστοῦ,
1602 3962 1698 4016 καὶ
1744 3962 1906 4034 ήμῶν

323 4048 754 4120 ἐπισυναγωγῆς
782 4049 869 4103 ἐπ’
896 4049 1061 4105 αὑτὸν
1088 4052 1171 4114 είς
1198 4051 1260 4107 τὸ
1288 4053 1365 4125 μὴ
1395 4054 1607 4127 ταχέως
1636 4054 1903 4128 σαλευθῆ-

320 4152 418 4190 ναι
443 4136 589 4207 ὐμᾶς
614 4137 724 4193 ἀπὸ
760 4138 853 4194 τοῦ
899 4141 1042 4209 νοὸς,
1104 4143 1245 4216 μήτε
1286 4144 1581 4215 θροεῖσθαι,
1633 4150 1771 4221 μήτε
1814 4150 1905 4209 διὰ

325 4225 665 4299 πνεύματος,
711 4230 849 4303 μήτε
885 4229 977 4284 διὰ
1007 4231 1186 4303 λόγου,
1220 4235 1358 4307 μήτε
1404 4236 1473 4291 δι’
1495 4239 1788 4312 ἐπιστολῆς
1827 4242 1904 4306 ὡς

321 4316 399 4371 δι’
430 4316 608 4390 ἡμῶν,
638 4318 715 4384 ὡς
741 4319 825 4374 ὅτι
854 4320 1150 4394 ἀνέστηκεν
1198 4324 1233 4394 ὴ
1282 4324 1467 4396 ἡμέρα
1513 4324 1607 4381 τοῦ
1639 4327 1900 4399 Χριστοῦ.

324 4407 425 4481 Μή
458 4425 544 4473 τις
578 4410 722 4482 ὑμᾶς
747 4409 1065 4485 ἐξαπατήσῃ
1103 4412 1247 4468 κατά
1299 4414 1503 4487 μηδένα
1554 4416 1780 4489 τρόπον,
1820 4418 1902 4471 ὅτι

2004 3313 2162 3372 Unde
2197 3314 2474 3371 evincitur
2494 3313 2708 3372 habere
2727 3328 2827 3368 nos
2864 3327 2893 3365 a
2922 3309 3097 3383 gratia
3118 3308 3237 3373 Dei,
3269 3316 3327 3363 ut
3354 3309 3492 3363 tales
3516 3323 3587 3365 ac

2004 3407 2147 3463 tanti
2176 3408 2357 3478 quoad
2405 3407 2629 3478 egregia
2658 3420 2823 3475 opera
2859 3402 3184 3459 evadamus.
3214 3401 3579 3469 Quantumvis

2003 3500 2149 3557 enim
2181 3500 2407 3571 aliquis.
2435 3498 2636 3570 inquit,
2672 3496 2814 3554 inter
2854 3495 3001 3552 ﬁlios
3031 3494 3315 3548 hominum
3352 3495 3424 3549 sit
3456 3508 3581 3573 per-

2004 3595 2205 3659 fectus,
2244 3593 2338 3649 ubi
2365 3591 2634 3665 sapientia
2668 3599 2760 3644 tua
2791 3587 3133 3653 destituitur,
3160 3585 3320 3641 nihili
3348 3599 3585 3657 prorsus

2003 3684 2330 3741 mstitnatur.

2176 3769 2179 3772 ⁴
2692 3771 2845 3829 CAP.
2884 3772 2967 3829 ΙΙ..
3030 3812 3034 3816 Α

2075 3870 2242 3927 Vm.
2292 3868 2411 3925 1-4.
2476 3887 2494 3921 ι
2526 3866 2805 3939 Rogamus
2837 3874 3020 3922 autem
3060 3879 3181 3929 vos,
3213 3863 3431 3927 fratres,
3482 3878 3585 3933 per

2005 3965 2298 4021 adventum
2336 3961 2552 4018 Domini
2605 3958 2781 4017 nostri
2834 3956 2967 4015 Jesu
3019 3958 3245 4021 Christi,
3294 3966 3349 4012 et
3378 3965 3579 4010 nostra:

2004 4055 2446 4131 congregationis
2474 4054 2530 4110 in
2561 4054 2763 4126 ipsum,
2796 4062 2857 4108 ut
2898 4065 3009 4107 non
3040 4050 3152 4106 cito
3186 4049 3515 4105 moveamini
3546 4064 3577 4103 a

2004 4159 2191 4207 vestro
2218 4163 2415 4215 sensu,
2446 4160 2622 4218 neque
2649 4143 2968 4201 terreamini
2990 4184 3006 4210 ,
3041 4157 3223 4213 neque
3267 4157 3365 4213 per
3407 4142 3574 4213 spiri-

2005 4253 2143 4305 tum,
2179 4256 2356 4312 neque
2388 4254 2487 4311 per
2515 4253 2826 4295 sermonem
2846 4278 2863 4305 ,
2910 4251 3087 4308 neque
3117 4250 3215 4307 per
3260 4234 3574 4306 epistolam,

2005 4346 2264 4404 tanquam
2308 4347 2406 4404 per
2436 4346 2540 4387 nos
2584 4330 2834 4395 missam,
2868 4330 3026 4399 quasi
3062 4329 3231 4384 instet
3269 4327 3388 4384 dies
3418 4326 3581 4383 Cltric

2006 4428 2099 4483 sti.
2136 4425 2214 4483 Ne
2243 4425 2367 4498 quis
2398 4439 2498 4480 vos
2528 4423 2759 4480 seducet
2784 4422 2897 4478 ullo
2932 4422 3090 4478 modo
3121 4438 3135 4475 :
3173 4420 3438 4492 quoniam
3470 4421 3579 4477 nisi

326 4500 430 4555 ἐὰν
460 4500 535 4574 μὴ
565 4500 694 4574 ἔλθῃ
723 4503 1033 4560 ἀποστασία
1062 4505 1300 4577 πρῶτον,
1348 4508 1441 4561 καὶ
1483 4508 1845 4581 ἀποκαλυφθῇ
1874 4511 1901 4564 ὁ

2007 4519 2221 4577 venerit
2248 4516 2520 4574 discessio
2540 4514 2806 4587 primum,
2828 4521 2884 4570 et
2914 4512 3189 4569 revelatus
3223 4510 3388 4568 fuerit
3411 4511 3578 4567 homo

326 4592 617 4666 ἄνθρωπος
641 4592 940 4665 ἁμαρτίας,
984 4596 1015 4650 δ
1051 4598 1168 4663 υίὸς
1206 4598 1307 4670 τῆς
1336 4599 1635 4667 ἀπωλείας,
1686 4601 1713 4652 ὁ
1747 4602 1901 4656 ἀντι-

326 4685 584 4759 κείμενος
614 4687 712 4741 καὶ
768 4687 1204 4762 ὑπεραιρόμενος
1236 4689 1332 4746 ἐπὶ
1382 4692 1558 4745 πάντα
1606 4693 1902 4765 λεγόμενον

329 4777 523 4850 Θεδνῆ
560 4778 834 4851 σέϐασμα,
866 4780 1008 4835 ὥστε
1034 4780 1197 4837 αὑτὸν
1234 4785 1314 4847 είς
1339 4782 1433 4837 τὸν
1456 4784 1592 4839 ναὸν
1620 4785 1715 4839 τοῦ
1741 4784 1899 4852 Θεοῦ,

2003 4610 2237 4683 peccati,
2268 4610 2411 4665 illius
2435 4608 2783 4682 perditionis,
2808 4607 2901 4678 qui
2924 4605 3248 4661 adversatur
3275 4610 3329 4659 et
3357 4605 3580 4660 extolli-

2003 4713 2093 4757 tur
2117 4717 2280 4772 super
2320 4715 2485 4756 omne
2512 4700 2660 4770 quod
2687 4700 2893 4753 dicitur
2925 4696 3095 4762 Deus,
3122 4703 3221 4751 aut
3248 4696 3397 4766 quod
3443 4696 3580 4750 coli-

2002 4806 2112 4862 tur,
2145 4796 2219 4851 ita
2244 4805 2304 4850 ut
2325 4794 2379 4849 in
2413 4793 2622 4865 templo
2652 4792 2749 4849 Dei
2776 4789 2989 4858 sedeat,
3013 4791 3308 4847 ostendens
3334 4792 3581 4861 seipsum

326 4868 410 4934 ὼς
456 4868 591 4924 Θεὸν
628 4868 892 4937 καθίσαι,
942 4869 1338 4927 ἀποδεικνύντα
1390 4870 1582 4926 ἑαυτὸν
1640 4871 1722 4925 ὅτι
1781 4870 1900 4926 ἐστι

2006 4895 2263 4959 tanquam
2296 4888 2366 4943 sit
2392 4885 2559 4942 Deus.
2598 4905 2619 4939 ι

326 4960 486 5026 Θεός.
529 4980 549 5014 ι

405 5050 611 5110 Ἦλθεν
645 5056 727 5121 είς
778 5054 840 5110 τδ
869 5055 1254 5129 προκείμενον.
1277 5057 1454 5112 Τοῦτο
1485 5057 1543 5112 δέ
1586 5060 1705 5113 ἐστι
1735 5060 1796 5115 τὸ
1824 5059 1915 5134 μὴ·

329 5146 641 5219 ὑπάγεσθαι
682 5151 750 5223 τῇ
780 5149 891 5205 τῶν
916 5148 1420 5219 ψευδοδιδασκάλων
1465 5152 1670 5224 ἀπάτῃ,
1718 5154 1904 5222 λεγόν-

329 5257 444 5295 των
472 5241 762 5314 ηγγικὲναι
792 5241 890 5314 τὴν
910 5241 1233 5319 ,παρουσίαν
1267 5242 1362 5296 τοῦ
1387 5243 1595 5315 Κυρίου
1628 5244 1727 5315 τὴν
1777 5245 1904 5299 Geu-

329 5333 523 5405 τέραν.
569 5334 661 5406 Μή
686 5350 773 5398 τις
822 5329 917 5387 οῦν
966 5332 1111 5406 ὑμᾶς
1147 5334 1483 5405 θορυεείτω,
1540 5335 1677 5407 μήτε
1731 5337 1904 5395 δοκῶν

332 5424 612 5496 πνεύματι
641 5424 1037 5495 ἀποκαλύψεως
1077 5426 1277 5496 λέγειν,
1318 5429 1457 5499 μήτε
1500 5429 1601 5501 ὲμὲ
1642 5430 1802 5486 τοῦτο
1827 5437 1904 5488 εί-

344 5517 570 5591 ρηκέναι
596 5516 1090 5590 προφασιζόμενος.
1128 5518 1413 5576 ’Δδύνατον
1437 5520 1544 5592 7&9
1576 5521 1673 5594 τὴν
1699 5541 1904 5595 παρου-

334 5607 461 5665 σίαν
487 5608 588 5679 τὴν
607 5608 865 5683 δευτέραν
898 5611 1073 5666 ἐλθεῖν
1105 5612 1181 5685 μὴ
1214 5598 1773 5687 προαποδεδείγμένου
1805 5618 1901 5673 τοῦ

433 5768 655 5861 "Sunt.
690 5802 748 5847 γε
903 5788 953 5824 ’⁸
975 5788 1149 5849 Eceli.
1186 5808 1259 5863 ιιι,
1288 5792 1375 5848 50.
1436 5791 1483 5828 ⁷⁸
1506 5792 1699 5853 Matth.
1726 5812 1787 5874 ν,
1812 5797 1899 5855 l6.

2072 4981 2153 5037 Ad
2196 4980 2533 5052 propositum
2564 4978 2671 5037 sibi
2699 4987 3086 5051 argumentum
3112 4979 3279 5035 venit.
3312 4977 3449 5033 lllud
3479 4993 3579 5033 au-

2007 5082 2114 5131 tem
2136 5082 2246 5141 est,
2271 5090 2339 5129 ne
2361 5073 2702 5129 seducantur
2733 5072 2994 5129 falsorum
3021 5072 3398 5143 apostolorum
3424 5073 3580 5126 frau-

2005 5168 2096 5233 de,
2146 5168 2244 5239 qui
2294 5166 2594 5224 secundum
2654 5164 2870 5222 Domini
2924 5165 3219 5221 adventrum
3264 5166 3577 5237 proximum

2004 5274 2129 5316 esse
2167 5260 2551 5331 praedicarent.
2597 5258 2770 5316 Nemo
2800 5259 2966 5330 igitur
3001 5274 3099 5314 vos
3136 5258 3453 5321 conturbet,
3486 5258 3583 5311 in-

2014 5350 2151 5420 quit,
2178 5350 2293 5407 sive
2320 5350 2573 5405 videatur
2622 5347 3088 5405 manifestationis
3141 5348 3341 5419 spiritu
3394 5348 3575 5417 loqui,

2013 5441 2132 5495 sive
2184 5440 2237 5495 id
2274 5454 2303 5495 a
2348 5454 2435 5496 me
2486 5440 2898 5509 pronuntiatum
2933 5447 3214 5510 praetexat.
3268 5435 3403 5491 Nam
3458 5436 3589 5491 tieri'

2010 5545 2121 5585 non
2151 5540 2330 5602 potest
2365 5538 2425 5586 ut
2477 5530 2755 5588 secundus
2802 5531 3072 5585 adventus
3125 5526 3432 5596 contingat,
3468 5525 3584 5583 nisi;
3666 5552 3671 5557 η

2013 5632 2137 5680 ante
2185 5622 2567 5685 manifestatur
2607 5622 2753 5682 illius
2798 5620 3139 5694 perditionis.
3168 5619 3592 5676 Antichristuu
