4048 6290
484 319 588 382 9°27

1680 296 2097 406 simANNIs
2123 344 2556 412 DAMASCENI

3627 362 3730 425 9‘28

485 453 584 493 vos
611 438 682 494 ab
708 441 856 497 omni
904 443 1070 501 fratre
1117 447 1434 508 ambulante
1486 453 1818 525 inordinate,
1856 472 2047 518 etnon

2153 467 2354 530 παντὸς
2406 467 2638 539 ἀδελφοῦ
2709 467 2963 534 ἀτάκτως
2994 469 3451 541 περιπατοῦντος,
3510 473 3605 529 καὶ
3658 478 3731 546 μὴ

485 531 789 585 secundum
841 534 1190 594 traditionem
1227 557 1392 612 quam
1440 558 1772 618 acceperunt
1803 567 1832 606 a
1867 555 2051 610 nobis.

485 619 592 690 lpsi
658 623 802 678 enim
857 627 1014 684 scitis
1063 633 1527 701 quemadmodum
1577 650 1790 710 oportet
1843 644 2053 702 imitari

485 725 607 774 nos,
649 716 909 785 quoniam
943 734 1052 775 non
1092 721 1320 794 inquieti
1373 725 1576 787 fuimus
1615 733 1760 790 inter
1795 751 1916 802 vos,
1951 754 2050 794 ne-

483 818 589 869 que
623 807 795 876 gratis
836 824 1034 878 panem
1065 816 1388 886 accepimus
1412 820 1480 875 ab
1503 821 1712 893 aliquo,
1747 835 1842 882 sed
1875 829 1930 884 in
1965 829 2053 885 la-

483 895 617 951 bore
666 906 721 952 et
779 899 1105 973 fatigatione
1153 917 1314 964 nocte
1367 921 1421 966 et
1461 912 1549 970 die
1595 924 1921 988 operantes,
1983 936 2052 979 ne

481 1003 641 1058 quem
678 1002 922 1046 vestrum
958 1009 1336 1065 gravaremus.
1381 1021 1402 1055 ι

553 1078 664 1135 Hoc
691 1083 853 1138 etiam
891 1087 1104 1154 suadet,
1143 1098 1202 1144 ut
1230 1091 1438 1151 otiosos
1460 1095 1726 1158 devitent.
1751 1099 1886 1158 Nam
1910 1105 2056 1175 ejus-

480 1169 622 1223 modi
660 1171 783 1238 viri,
810 1174 1126 1234 blaterones
1159 1191 1286 1238 sunt
1305 1192 1361 1239 et
1391 1185 1563 1241 anxii.
1585 1188 1664 1244 Ac
1692 1188 1740 1245 si
1763 1191 1900 1264 ipse,
1922 1169 2047 1252 cum

481 1259 804 1325 praedicaret
870 1263 1255 1338 Evangelium,
1311 1284 1482 1331 artem
1534 1294 1690 1335 suam
1737 1259 2046 1353 factitabat,

477 1358 687 1417 quanto
721 1354 898 1426 magis
929 1357 1068 1414 alios
1112 1363 1339 1429 perinde
1387 1370 1646 1430 manibus
1686 1373 1804 1432 suis
1832 1380 2050 1448 Operari

478 1443 766 1509 oportebat
793 1446 804 1498 ί

551 1530 716 1589 Vens.
761 1538 913 1593 942.
975 1559 994 1594 ι
1032 1539 1150 1598 Non
1197 1548 1354 1616 quasi
1402 1552 1914 1616 non-habuerimus
1947 1575 2067 1631 poo-

479 1631 765 1697 testatem;
824 1632 936 1691 sed.
976 1643 1032 1688 ut
1094 1642 1466 1711 nosmetipsos
1508 1643 1741 1702 formam
1789 1651 2048 1711 daremus

2094 594 2102 603 -
2155 557 2298 612 κατά
2330 557 2429 629 τὴν
2458 560 2756 631 παράδοσιν
2780 560 3174 633 ῆνπαρέλαδον
3204 563 3338 633 παρ’
3365 562 3544 634 ἡμῶν.
3572 564 3731 620 Δύτοὶ

2153 650 2262 723 γὰρ
2286 652 2608 718 οίδατεπῶς
2636 654 2719 708 δεῖ
2753 654 3041 725 μιμεῖσθαι
3075 655 3258 725 ἡμᾶς,
3293 656 3375 709 ὅτι
3452 657 3556 712 οὐκ
3598 659 3728 727 ἡτα-

2151 745 2433 816 κτήσαμεν
2451 745 2510 799 ὲν
2539 746 2690 816 ὑμῖν,
2721 745 2843 801 οὐδὲ
2863 745 3070 818 δωρεὰν
3099 747 3263 816 ἄρτον
3289 747 3555 819 ἐλάϐομεν
3581 751 3728 822 παρά

2150 851 2317 900 τινος,
2353 835 2474 889 ἀλλ’
2510 836 2571 890 ἐν
2613 836 2769 908 κόπῳ
2801 836 2896 891 καὶ
2929 837 3114 909 μόχθῳ
3160 836 3333 891 νύκτα
3371 837 3467 892 καὶ
3513 840 3724 911 ἡμέραν

2151 923 2538 997 ἐργαζόμενοι,
2559 925 2698 998 πρὸς
2726 925 2790 980 τδ
2818 925 3264 999 ειη-ἐπιϐαρῆσαί
3296 944 3418 982 τινα
3449 927 3626 999 ὑμῶν.
3662 948 3681 981 ›

2220 1106 2331 1161 Καὶ
2363 1106 2522 1162 τοῦτο
2549 1107 2735 1173 αὐτοῖς
2761 1111 3038 1180 παραινεῖ,
3078 1110 3140 1164 τὸ
3176 1110 3555 1182 παραιτεῖσθαι
3597 1111 3728 1177 τοῦς

2150 1198 2375 1269 ἀργούς.
2398 1190 2573 1255 Ὀὗτοι
2619 1201 2730 1273 γάρ
2771 1203 2912 1256 εἰσιν
2943 1203 3037 1257 καὶ
3069 1202 3321 1273 φλύαροι,
3371 1203 3466 1258 καὶ
3503 1204 3723 1276 περίερ-

2150 1306 2258 1360 γοι.
2297 1290 2407 1344 Καὶ
2442 1292 2490 1345 εί
2519 1291 2682 1358 αύτδς
2704 1293 2764 1347 τὺ
2802 1293 3134 1363 Εὑαγγέλιον
3174 1293 3458 1366 κηρύττων
3492 1294 3722 1366 ἐργάζε-

2147 1399 2260 1450 ται,
2292 1384 2443 1456 πόσῳ
2479 1385 2682 1456 μᾶλλον
2711 1386 2839 1452 τοὺς
2866 1387 3063 1453 ἀλλους
3095 1386 3427 1458 ἐργάζεσθαι
3460 1386 3544 1442 δεῖ
3562 1384 3593 1455 ς

2217 1567 2328 1638 Οὐχ
2357 1568 2438 1622 ὅτι
2485 1568 2587 1622 οὐκ
2635 1566 2830 1638 ἔχομεν
2868 1567 3140 1636 ἐξουσίαν,
3191 1567 3309 1622 ἀλλ’
3351 1567 3441 1623 ῖνα
3493 1567 3727 1632 ἑαυτούς

2145 1658 2315 1713 τύπον
2339 1661 2517 1732 δῶμεν
2560 1659 2712 1731 ὑμῖν,
2746 1661 2826 1725 είς
2859 1661 2921 1714 τὸ
2949 1660 3233 1732 μιμεῖσθαι
3277 1662 3448 1731 ἡμᾶς.
3478 1661 3588 1714 Καὶ
3609 1661 3726 1734 γάρ

481 1716 637 1774 vobis
666 1719 736 1773 ad
761 1721 1088 1781 imitandum
1107 1743 1229 1786 nos.
1256 1729 1389 1787 Nam
1412 1741 1609 1791 etcum
1636 1754 1885 1799 essemus
1902 1745 2046 1815 apud

2147 1752 2238 1806 ὅτε
2259 1750 2401 1825 ἦμεν
2418 1716 2578 1825 ’πρὸς
2599 1716 2767 1825 ύμάς,
2797 1716 2961 1808 τοῦτο.
2975 1716 3429 1826 παρηγγέλλομεν
3457 1716 3719 1826 sprnas}

475 1823 595 1876 vos,
652 1811 756 1869 hoc
806 1813 1271 1879 denuntiabamus
1315 1826 1494 1895 vobis,
1523 1832 1804 1902 quoniam,
1841 1835 1888 1893 si
1923 1811 2047 1908 quis

2151 1844 2206 1898 ετ
2226 1811 2314 1910 τιὲ
2333 1847 2395 1900 ού
2428 1811 2574 1899 ϐέλει
2590 1811 2924 1916 ἐργάξεσθαι
2948 1887 2962 1910 ,
2986 1811 3123 1917 μηδέ
3139 1811 3246 1899 ἰὶτθ
3261 1811 3407 1902 ιὲτω.
3424 1811 3734 1915 ’Δκούομεν-

475 1913 588 1954 non
622 1901 738 1956 vult
765 1911 1004 1975 cperarl,
1043 1924 1148 1966 nec
1178 1914 1495 1974 manducet.
1529 1901 1861 1982 Audivimus
1901 1901 2049 1985 enim

476 1991 622 2047 inter
647 2008 745 2049 vos
765 1999 1035 2067 quosdam
1060 2005 1346 2063 ambulare
1371 2010 1634 2081 inquiete,
1659 2016 1798 2072 nihil
1818 2034 2050 2091 operan-

478 2091 581 2150 tes,
611 2086 706 2143 sed
742 2095 797 2143 et
826 2092 1047 2150 curiose
1075 2107 1322 2167 agentes.
1348 2099 1419 2159 lis
1443 2113 1625 2162 autem
1654 2109 1752 2180 qui
1774 2086 2046 2180 ejusmodi

475 2183 626 2242 sunt,
668 2178 1067 2243 denuntiamus
1115 2197 1171 2245 et
1219 2192 1581 2254 obsecramus
1622 2178 1722 2270 per
1749 2178 2067 2262 Dominum-1

476 2279 729 2328 nostrum
770 2272 961 2333 Jesum
1009 2280 1313 2350 Christum,
1372 2297 1433 2344 ut
1479 2307 1606 2348 cum
1647 2291 1877 2353 silentio
1915 2314 2019 2369 ope

475 2370 680 2430 rantes,
714 2381 874 2423 suum
905 2385 1101 2441 panem
1135 2378 1493 2440 manducent.
1531 2404 1550 2438 ι

548 2457 682 2515 Nam
719 2460 982 2522 Dominus
1032 2473 1323 2529 constituit
1371 2476 1480 2531 illis
1527 2480 1620 2549 qui
1682 2482 2048 2549 praedicarent

475 2545 857 2620 Evangelium,
890 2565 949 2609 ut
977 2554 1045 2612 de
1079 2557 1378 2632 Evangelia
1408 2545 1673 2625 viverent.

546 2637 714 2698 Vens.
749 2643 836 2699 i3.
874 2663 893 2696 ι
940 2644 1054 2704 Vos
1089 2663 1292 2723 autem,
1324 2655 1542 2726 fratres,
1591 2661 1763 2718 nolite
1812 2662 2066 2720 deficere

475 2729 908 2800 benefacientes.
951 2756 980 2790 »-

545 2822 710 2917 226
751 2825 846 2883 Vel
888 2830 1056 2887 tacite
1113 2835 1182 2892 de
1237 2841 1514 2911 eroganda
1570 2842 1722 2915 stipe
1781 2845 2063 2917 loquitur,
2107 2891 2117 2899 .

473 2913 563 2967 vel
609 2915 719 2971 hoc
770 2918 846 2972 ait
892 2937 910 2976 :
961 2920 1190 2982 Minime
1245 2928 1518 2990 fatiscatis
1582 2913 1664 2988 in?
1700 2913 2046 2997 admonendo

473 3003 602 3060 illos
629 3007 722 3077 qui
762 3011 958 3067 nolunt
981 3019 1218 3084 operari.
1247 3022 1362 3077 Hoc
1389 3023 1537 3079 enim
1572 3032 1658 3081 est
1689 3026 1828 3084 bene
1859 3045 2057 3102 agere,

474 3098 698 3166 quando
741 3107 1084 3164 consuetudo
1134 3111 1279 3167 mala
1325 3114 1813 3176 exhortationibus
1854 3098 2038 3180 elimi-

473 3196 658 3246 natur.

544 3281 712 3341 Vens.
749 3287 930 3348 1446.
979 3308 998 3343 ι
1033 3291 1188 3360 Quod
1227 3297 1274 3351 si
1307 3297 1435 3369 quis
1472 3315 1584 3357 non
1637 3301 1825 3360 obedit
1876 3305 2058 3362 verbo-

471 3384 666 3433 nostro
699 3395 794 3449 per
823 3384 1112 3453 epistolam
1134 3427 1150 3454 ,
1195 3387 1346 3446 hunc
1390 3400 1602 3464 notate,
1631 3404 1687 3452 et
1716 3412 1786 3452 ne
1810 3398 2044 3453 commio

472 3471 734 3526 sceamini
765 3489 888 3530 cum
922 3477 1038 3546 illo,
1081 3488 1141 3535 ut
1170 3482 1576 3554 confundatur;
1605 3493 1661 3544 et
1689 3489 1862 3549 nolite
1883 3492 2041 3561 quasi

473 3559 755 3620 inimicum
779 3569 1121 3636 existimare,
1151 3574 1248 3630 sed
1269 3576 1532 3649 corripite
1558 3587 1620 3635 ut
1646 3559 2058 3655 fratremaipse-

471 3661 650 3707 autem
692 3655 957 3715 Dominus
987 3664 1160 3733 pacis.
1201 3684 1222 3718 ›

541 3746 965 3809 Animadversio
995 3753 1112 3811 haec
1147 3759 1441 3818 mediocris
1468 3777 1591 3819 esse
1615 3767 2042 3824 contumacibus

468 3836 1137 3904 videtur:verumtamcn
1171 3864 1202 3905 e
1248 3852 1746 3922 gravissimisfest.
1795 3856 1929 3913 Nam
1981 3867 2042 3915 ut

470 3931 596 4001 quis
656 3934 937 3995 solitarius
991 3948 1152 4010 agat,
1212 3944 1432 4000 tametsi
1494 3946 1549 4000 in
1603 3947 1740 4003 urbe
1797 3959 2041 4020 maneat,

469 4024 602 4094 quid
632 4025 735 4083 hac
767 4043 928 4098 poena
978 4033 1202 4103 gravius
1243 4035 1447 4092 fuerit?
1489 4036 1642 4095 Hanc
1689 4048 1872 4097 autem
1927 4057 2040 4100 non

469 4116 619 4183 odio,
649 4119 744 4174 sed
775 4135 962 4178 amore
990 4123 1141 4180 illius
1171 4128 1265 4197 qui
1294 4131 1594 4196 castigatur
1615 4171 1632 4197 ,
1664 4131 1861 4204 infligit
1890 4152 1905 4190 :
1939 4150 2046 4191 un-

468 4208 537 4264 de
564 4210 869 4281 subiunxit,
897 4223 948 4269 et
981 4216 1144 4272 nolite
1167 4220 1322 4289 quasi
1341 4222 1613 4278 inimicum
1634 4223 1964 4282 existimare.

549 4321 567 4352 ι
620 4302 715 4359 Det
744 4304 895 4362 vobis
927 4322 1120 4378 pacem
1164 4313 1556 4383 sempiternam
1589 4314 1645 4370 in
1676 4316 1824 4372 omni
1850 4317 2037 4374 modo.

468 4393 736 4453 Dominus
782 4399 1008 4458 sitcum
1039 4405 1298 4462 omnibus
1339 4407 1514 4462 vobis.
1548 4405 1741 4480 [Vnam
1781 4408 1894 4483 i7.]
1935 4408 2040 4466 Sa-

468 4486 667 4544 lutatio
698 4506 816 4546 mea
847 4509 1015 4550 manu
1051 4495 1230 4552 Pauli.
1273 4515 1294 4550 ι

537 4579 675 4634 Cum
711 4597 806 4638 eos
842 4587 1276 4645 commonuisset
1313 4598 1374 4645 ut
1401 4603 1827 4664 segregarentur
1868 4594 1936 4650 ab
1971 4594 2039 4650 iis

467 4673 560 4742 qui
592 4673 904 4732 inordinate
933 4689 1176 4750 agerent,
1203 4683 1448 4738 ostendit
1492 4684 1546 4740 id
1589 4701 1648 4741 se
1678 4701 1788 4742 non
1821 4697 2039 4760 sponte,

469 4768 563 4820 sed
617 4769 951 4825 necessitate
1009 4774 1355 4844 compulsum
1415 4775 1634 4834 fecisse.
1667 4778 1866 4835 Statim
1904 4796 2042 4852 ergo

467 4865 624 4928 rogat
656 4867 714 4914 ut
748 4874 910 4930 paena
945 4863 1164 4920 tandem
1197 4864 1438 4935 desinat,
1482 4867 1590 4923 hoc
1624 4878 1730 4934 est,
1770 4886 1879 4926 non
1913 4887 2039 4942 per-

468 4955 652 5016 petua,
705 4964 809 5004 nec
854 4953 1171 5030 omnimoda
1223 4959 1501 5027 separatio
1547 4959 1653 5027 sit;
1706 4975 1894 5032 pacem
1955 4963 2039 5017 ni-

468 5041 667 5094 mirum
706 5041 786 5097 eis
829 5047 1202 5115 apprecando.
1248 5047 1474 5106 Desinet
1514 5059 1737 5116 autem,
1767 5052 1860 5108 ubi
1894 5054 2040 5109 otio-

471 5134 518 5186 si
568 5133 645 5187 illi
698 5141 753 5190 et
799 5135 1005 5193 inertes
1051 5139 1413 5196 mutabuntur
1460 5142 1516 5196 in
1562 5152 1822 5201 actuosos
1873 5154 1926 5202 et
1958 5147 2034 5202 di-

470 5225 723 5296 ligentes.

548 5339 565 5370 ι
604 5319 758 5386 Quod
795 5329 880 5378 est
909 5324 1126 5396 signum
1168 5326 1221 5382 in
1253 5327 1400 5384 omni
1423 5330 1653 5400 epistola
1688 5348 1701 5386 :
1737 5332 1808 5386 ita
1832 5333 2034 5389 scribo.

469 5411 661 5486 [Vr-.33.
698 5414 808 5487 18.]
839 5416 1022 5470 Gratia
1062 5418 1274 5474 Domini
1304 5423 1480 5477 nostri
1509 5421 1638 5478 Jesu
1669 5422 1874 5481 Christi
1914 5441 2036 5482 cum

467 5506 727 5560 munibus
768 5506 947 5564 vobis.
980 5511 1177 5566 Amen.
1225 5531 1243 5564 ι

544 5596 996 5667 Quandoquidem
1029 5600 1286 5671 Epistolas
1318 5604 1472 5661 initio
1516 5606 1572 5661 in
1620 5605 1768 5663 hunc
1815 5607 2037 5665 modum

471 5688 732 5758 prmfatus
773 5701 887 5746 erat
924 5709 936 5745 :
981 5693 1163 5749 Fidem
1217 5696 1327 5752 illis
1373 5713 1482 5753 non
1515 5699 1772 5756 adhibete
1809 5701 1903 5771 qui
1948 5717 2035 5758 se-

469 5781 713 5837 cundum
749 5781 961 5841 Domini
1004 5787 1298 5846 adventum
1346 5792 1506 5850 modo
1553 5795 1759 5852 instare
1813 5809 2033 5855 annun-

2149 1933 2259 2005 γάρ
2303 1925 2929 2008 τινας-περιπατοῦντας
2974 1939 3032 1992 ἐν
3063 1937 3190 2008 ὑμίν
3233 1936 3518 2006 ἀτάκτως,
3552 1938 3732 2010 μηδὲν

2149 2025 2586 2099 ἑργαζομένουςᾋ
2621 2027 2760 2083 ἀλλά
2787 2029 2885 2083 καῖ
2913 2029 3469 2101 περιεργαζομένους.
3500 2031 3627 2096 Τοῖς
3659 2031 3716 2085 δι

2148 2113 2411 2179 τοιούτοις
2437 2116 2911 2188 παραγγέλλομεν,
2934 2119 3031 2172 καλ⁸
3061 2119 3488 2192 παρακαλοῦμεν
3515 2120 3604 2174 διὰ
3623 2120 3713 2174 τοῦ

2147 2206 2355 2276 Κυρίου
2377 2206 2534 2280 ἡμῶν
2579 2207 2756 2281 Ἰησοῦ
2781 2209 3040 2280 Χριστοῦ,
3073 2210 3161 2264 ἵνα
3197 2211 3336 2280 μετά
3364 2211 3596 2284 ἡσυχίας
3619 2212 3720 2283 ἐρ-

2148 2296 2442 2371 γαζόμενοι
2467 2298 2558 2356 τὸν
2584 2299 2794 2358 ἑαυτῶν
2821 2301 2986 2374 ἄρτον
3025 2301 3265 2358 ισθίωσι.
3305 2323 3354 2358 »ι

2223 2490 2242 2524 ι
2312 2471 2372 2525 ’0
2415 2470 2524 2543 γὰρ
2587 2469 2794 2544 Κύριος
2833 2473 3079 2540 διέταξεν
3113 2476 3230 2540 τοῖς
3272 2476 3332 2531 τδ
3376 2477 3738 2549 Εύαγγέλιονν

2147 2561 2527 2636 κηρύττουσιν,
2561 2562 2627 2618 ἑκ
2651 2563 2742 2617 τοῦ
2773 2564 3105 2636 Εὑαγγελίου
3142 2567 3256 2640 ζῇν.

2219 2674 2258 2708 ι.
2284 2654 2471 2725 Ὑμεῖς
2495 2654 2579 2725 δὲ,
2594 2655 2832 2727 ἀδελφοὶ,
2867 2659 3324 2732 μίχὲκκακήσητε
3352 2661 3706 2718 καλοποιοῦν-

2145 2765 2256 2811 τες.
2295 2766 2329 2798 Ι-

2217 2838 2289 2891 Ἦ
2310 2837 2440 2909 περὶ
2460 2836 2832 2911 ἑλεημοσύνης
2849 2833 3034 2908 αὐτοῖς
3059 2841 3361 2915 λεληθότως
3385 2844 3734 2914 διαλέγεται,,

2145 2931 2194 3002 ἢ
2216 2931 2375 2985 τοῦτο
2424 2929 2615 3000 λέγει,
2644 2929 3041 2998 Νουθετοῦντες
3082 2936 3212 2998 τοὺς
3246 2934 3322 3008 μὴ
3359 2935 3718 3006 βουλομένους

2145 3021 2475 3094 ἐργάζεσθαι
2529 3020 2609 3092 μὴ
2646 3021 3015 3094 ἀποκάμνετε.
3060 3025 3233 3080 Τοῦτο
3293 3027 3405 3100 γάρ
3457 3031 3574 3082 ἐστι
3609 3047 3724 3082 και

2145 3116 2406 3181 λοποιεῖν,
2436 3112 2565 3169 ὅταν
2601 3115 2838 3187 πονηρὸν
2864 3115 2985 3183 ἔθος
3010 3119 3317 3175 ἐκϐάλωσιν
3358 3123 3480 3186 ταῖς
3512 3139 3720 3195 παραι-

2067 3182 2114 3246 c
2145 3209 2373 3264 νὲσεσιν.

2219 3321 2240 3356 ι
2277 3302 2416 3357 Είδέ
2445 3319 2528 3368 τις
2555 3303 2653 3376 οὐχ
2701 3303 2966 3358 ὑπακούει
2997 3302 3076 3375 τῷ
3121 3305 3267 3378 λόγῳ
3307 3306 3464 3378 ἡμῶν
3486 3306 3574 3362 διά
3611 3307 3718 3378 τῆς

2141 3394 2431 3467 ἐπιπολῆς
2452 3436 2486 3463 ,.,
2514 3395 2704 3452 τοῦτον
2757 3395 3084 3468 σημειοῦσθε
3107 3438 3122 3460 ,
3173 3399 3270 3452 καὶ
3312 3398 3386 3471 μὴ
3421 3400 3720 3470 συναναμέ-

2139 3485 2336 3554 γνυσθε
2377 3485 2547 3558 αὐτῷ,
2579 3487 2667 3540 ἵνα
2688 3489 2930 3559 ἐντραπῇ
2960 3505 2973 3519 ·
3004 3488 3099 3543 καὶ
3134 3488 3208 3561 μὴ
3241 3488 3316 3554 ὡς
3344 3490 3532 3563 ἐχθρὸν
3561 3494 3716 3562 ἡγεῖ⁶

2142 3575 2261 3640 σθε,
2292 3575 2430 3631 ἀλλὰ
2460 3576 2763 3632 νουθετεῖτε
2793 3578 2867 3643 ὡς
2890 3578 3143 3650 ἀδελφόν.
3177 3581 3348 3646 Αὐτὸς
3373 3580 3430 3635 δὲ
3456 3582 3485 3634 ό
3507 3581 3712 3653 Κύριος

2140 3665 2241 3737 τῆς
2278 3667 2523 3740 εἰρήνης.
2571 3688 2594 3721 ι

2211 3759 2370 3812 Δοκεί
2391 3759 2586 3830 μετρία
2611 3753 2802 3830 εῖναιή
2828 3762 3069 3834 τιμωρία
3089 3764 3198 3827 τοῖς
3221 3762 3296 3834 μὴ
3315 3762 3675 3819 ὑπακούουσιν
3690 3779 3702 3793 ·

2146 3847 2263 3903 εστι
2290 3848 2347 3904 δὲ
2376 3849 2484 3903 τῶν
2511 3851 2720 3923 σφόδρα
2754 3852 2990 3924 βαρέων.
3017 3854 3124 3908 Τοῦ
3159 3854 3267 3926 γὰρ
3285 3856 3342 3908 ὲν
3368 3856 3576 3928 ἐρημίᾳ
3599 3857 3710 3911 διά·

2140 3957 2278 4011 γειν,
2313 3941 2417 3996 κᾶν
2466 3941 2608 4016 μέσῃ
2645 3945 2712 4016 τῇ
2764 3944 2918 3999 πόλει
2958 3946 3203 4020 τυγχάνῃ
3226 3985 3244 4012 ,
3285 3946 3341 4001 τί
3375 3938 3703 4020 βαρύτερον;

2141 4036 2253 4090 Καὶ
2275 4038 2479 4112 ταύτην
2509 4039 2588 4108 δὲ,
2642 4040 2704 4095 οὐ
2739 4040 2917 4113 μίσει,
2957 4041 3096 4097 ἀλλὰ
3129 4044 3315 4116 ἀγάπῃ
3346 4047 3412 4117 τῇ
3453 4045 3592 4118 πρὸς
3622 4047 3707 4100 τὸν

2137 4127 2572 4203 τιμωρούμενον,
2601 4135 2768 4188 ποιεῖ.
2802 4133 2893 4187 Διδ
2935 4136 3028 4189 καὶ
3070 4135 3344 4207 ἐπήγαγε,
3381 4137 3480 4192 καὶ
3516 4137 3601 4208 μὴ
3631 4139 3707 4204 ὡς

2140 4219 2360 4294 ἐχθρὸν
2384 4222 2652 4296 ἡγεῖσθε.

2217 4334 2238 4367 ι
2278 4314 2398 4388 Δῴη
2456 4319 2584 4389 ὑμῖν
2624 4319 2729 4389 τὴν
2764 4319 2990 4393 εἰρήνην
3029 4320 3116 4375 διὰ
3169 4321 3374 4386 παντὸς
3430 4321 3491 4377 ἐν
3550 4324 3707 4378 παντὶ

2140 4405 2346 4480 τρόπῳ.
2394 4408 2452 4464 Ὃ
2481 4409 2685 4482 Κύριος
2713 4413 2850 4483 μετά
2891 4414 3109 4469 πάντων
3133 4412 3305 4485 ὑμῶν.
3334 4415 3393 4470 '0
3424 4415 3706 4488 ἀσπασμδς

2141 4501 2207 4571 τῇ
2237 4501 2345 4571 ἐμῇ
2373 4502 2517 4574 χειρὶ
2543 4502 2779 4568 Παύλου.
2833 4521 2852 4557 ι

2224 4591 2444 4664 Ἐπειδὴ
2472 4593 2804 4665 χωρίζεσθαι
2837 4597 2947 4652 τῶν
3002 4599 3254 4654 ἀτάκτων
3280 4599 3578 4673 παρῄνεσε,
3603 4599 3708 4654 δεί-

2143 4700 2351 4751 κνυσιν,
2401 4684 2479 4750 ὡς
2520 4686 2618 4758 οὐχ
2673 4686 2817 4743 ἑκὼν
2855 4688 3018 4744 τοῦτο
3067 4691 3389 4763 πεποίηκεν,
3443 4691 3581 4747 ἀλλά
3640 4696 3704 4764 τῇ

2141 4776 2357 4848 ἀνάγκῃ
2389 4776 2648 4844 ἐνδιδούς.
2681 4781 2887 4835 Αὐτίκα
2934 4778 3028 4837 οὖν
3085 4781 3304 4854 εΰχεται
3345 4783 3584 4856 ἀργῆσαι
3611 4786 3707 4857 τὴν

2143 4867 2264 4920 κατ’
2295 4868 2472 4922 αὐτῶν
2501 4872 2772 4942 τιμωρίαν
2794 4912 2811 4937 ,
2847 4874 3095 4928 τουτέστι
3130 4874 3228 4946 τὴν
3268 4875 3574 4942 διάστασιν,
3615 4878 3708 4931 καὶ

2141 4957 2232 5012 τὸν
2254 4960 2532 5031 χωρισμὸν
2557 4961 2647 5016 διὰ
2685 4963 2910 5028 παντὸς,
2941 4966 3033 5018 καὶ
3063 4966 3156 5019 ἐπὶ
3179 4967 3343 5020 παντὶ
3381 4968 3587 5040 τρόπῳ,
3613 4971 3708 5038 τὴν

2141 5051 2362 5123 είρήνην
2387 5053 2572 5118 αὐτοῖς
2602 5055 2988 5128 ἐπευχόμενος.
3034 5059 3288 5130 Ἀργήσει
3326 5059 3406 5126 δὲ,
3439 5061 3709 5131 μεταϐαλ-

2139 5143 2384 5214 λομένων
2413 5144 2657 5217 δηλονότι
2694 5146 2802 5200 τῶν
2837 5147 3022 5219 ἀργῶν
3047 5149 3126 5214 είς
3159 5149 3359 5222 ἀνδρας
3392 5153 3707 5217 σπουδαίους

2143 5235 2234 5289 καὶ
2264 5236 2542 5308 ἐνεργούς.

2218 5347 2237 5378 ι
2279 5327 2376 5392 ’ος
2399 5329 2515 5383 ἐστι
2549 5331 2773 5401 σημεῖον
2795 5331 2853 5384 ὲν
2882 5332 3028 5404 πάσῃ
3052 5333 3308 5406 ἐπιστολῇ
3328 5352 3343 5366 ο
3371 5334 3544 5401 οὕτως
3575 5338 3700 5408 γράο

2140 5437 2246 5489 φω.
2282 5421 2348 5473 Ἢ
2374 5420 2533 5492 χάρις
2557 5422 2649 5476 τοῦ
2670 5422 2876 5496 Κυρίου
2899 5423 3056 5497 ἡμῶν
3098 5425 3272 5496 Ἰησοῦ
3303 5428 3538 5498 Χριστοῦ
3571 5429 3703 5500 μετὰ

2140 5513 2362 5567 πάντων
2396 5513 2570 5584 ὑμῶν.
2619 5514 2813 5587 Ἀμήν.
2852 5536 2872 5570 ›

2226 5606 2443 5679 Ἐπειδὴ
2479 5605 2777 5681 ἀρχόμενος
2802 5609 2902 5680 τῆς
2943 5610 3230 5681 ἐπιστολῆς
3282 5607 3463 5679 εἶπεν,
3495 5613 3585 5684 Μὴ
3615 5630 3702 5667 πι-

2144 5697 2361 5754 στεύετε
2382 5701 2496 5764 τοῖς
2521 5701 2951 5769 καταγγέλλουσι
2968 5702 3071 5784 ,νῦν
3096 5703 3192 5774 τὴν
3213 5703 3474 5776 δευτέραν
3498 5721 3699 5776 παρου-

2144 5789 2264 5846 σίαν
2286 5789 2378 5845 τοῦ
2407 5791 2636 5864 Κυρίου,
2659 5793 2761 5848 κᾶν
2791 5795 2838 5848 εί
2864 5793 3072 5864 λέγοιεν
3095 5794 3168 5860 ὡς
3199 5797 3358 5866 ἡμεῖς
3382 5797 3453 5852 δι’
3485 5797 3696 5851 ἐπιστοο
