4048 6290
364 355 480 420 929
1571 357 1653 417 ΙΝ
1687 357 1922 417 EPIST.
1961 357 2062 416 AD
2099 355 2488 418 IIEBIUEOS.
3525 363 3630 429 930

363 465 476 536 λῆς
501 461 662 519 τοῦτο
695 464 963 534 δηλοῦμεν
985 481 999 494 °
1042 467 1232 521 τούτου
1280 466 1439 538 χάριν
1480 467 1720 523 διδάσκει
1750 468 1948 530 αὐτοὺς

2054 465 2213 533 tiant,
2251 469 2609 538 quantumvis
2646 469 2746 526 ltoc
2782 485 2808 525 a
2840 471 2998 529 nobis
3030 474 3085 528 in
3108 472 3353 545 Epistola
3381 474 3629 529 declara-

372 557 477 611 ,καὶ
504 556 564 609 τὸ
597 559 818 628 σημεῖον
843 557 944 626 τῆς
973 557 1140 612 αὑτοῦ
1167 559 1478 630 ἐπιστολῆς,
1503 560 1838 631 φοϐούμενος
1875 563 1949 634 μὴ

2052 564 2170 611 tum
2211 573 2335 614 esse
2369 568 2679 615 assererent
2709 578 2723 614 :
2752 560 2892 615 hanc
2933 563 3003 617 ob
3040 578 3264 620 causam
3313 564 3437 620 illos
3468 563 3629 620 docet

379 648 690 702 πλάσωνταί
721 666 796 716 τι,
830 648 904 713 ῶς
930 651 994 703 ἐκ
1019 649 1109 704 τοῦ
1151 650 1472 706 Ἀποστόλου
1504 652 1772 724 πεμφθὲν.

2052 664 2177 718 quae
2210 650 2283 705 sit
2314 659 2464 706 certa
2500 650 2810 707 litterarum
2839 668 3065 708 suarum
3109 665 3262 722 nota,
3307 656 3516 717 veritus
3553 672 3626 710 ne
3681 683 3684 686 -

2052 740 2182 811 quid
2211 740 2336 798 falsi
2376 742 2768 815 subjiceretur,
2811 753 3079 816 tanquam
3117 748 3350 804 missum
3382 753 3530 808 esset
3559 750 3629 804 ab
3680 757 3689 763 '

2053 833 2346 889 Anostolo.

377 915 537 984 Πρὸς
581 916 1051 984 Θεσσαλονικεῒς
1101 919 1165 983 ,β’
1220 918 1447 991 ἐγράφη
1495 920 1616 978 ἀπὸ
1672 921 1949 993 Ἀθηνῶν.

975 1007 1211 1061 στίγων
1232 1010 1349 1061 oc'.

2053 848 2093 887 Δ
2141 848 2346 889 ostoto.

2052 848 2300 982 Siunda
2337 925 2412 982 ad
2459 925 2956 986 Tltessalonicenses
2996 931 3206 1002 scripta
3252 941 3331 989 est
3378 931 3626 990 Athenis.

2677 1017 2866 1061 Vtrum
2901 1022 3002 1061 In“

975 1010 1211 1080 στίχων
1225 1010 1349 1080 ρς’.

2677 1017 2866 1077 Versus
2901 1022 3024 1081 106.

365 1222 3603 1274 ,W

1021 1395 1194 1482 ΕΙΣ
1275 1395 1925 1483 ΕΠΙΣΤΟΛΗΝ
2011 1397 2304 1484 ΠΡΟΣ
2384 1402 2936 1491 ΕΒΡΑΙΟΥΣ.

991 1735 1119 1824 ΙΝ
1265 1739 1941 1834 EPISTOLAM
2097 1745 2245 1831 AD
2366 1745 2990 1840 HEBRIEOS-

1951 1960 2021 1976 ι..-

795 2081 1192 2137 ΚΕΦΔΛΑΙΟΝ
1227 2081 1524 2138 ΠΡΩΤΟΝ.

2563 2077 2790 2136 CAPUT
2827 2075 3119 2134 PRIMUM.

446 2191 474 2226 ι
513 2172 839 2244 Πολυμερῶς
866 2175 959 2228 καὶ
1001 2174 1353 2246 πολυτρόπως
1379 2175 1546 2230 πάλαι
1569 2176 1598 2229 ό
1626 2174 1757 2239 Θεὸς
1786 2169 1953 2247 λαλή-

375 2281 479 2330 σας
504 2269 614 2329 τοῖς
638 2267 907 2336 πατράσιν
930 2267 986 2320 ὲν
1012 2269 1123 2330 τοῖς
1149 2269 1473 2339 προφήταις,
1489 2267 1574 2322 ἐπ’
1595 2266 1824 2340 ἐσχάτου
1843 2267 1953 2320 τῶν

371 2359 604 2431 ⁴ἡμερῶν
637 2358 842 2413 τούτων
866 2359 1128 2431 ἐλάλησεν
1169 2361 1227 2412 ὲν
1261 2360 1396 2432 Υἰῷ.
1433 2380 1452 2414 s

454 2453 596 2522 Ὅρα
625 2450 743 2514 πῶς
771 2451 923 2505 οὐδὲν
959 2453 1016 2506 ἐν
1046 2452 1374 2523 προοιμίοις,
1405 2451 1595 2524 ῶσπερ
1619 2453 1832 2519 εἴωθεν,
1870 2455 1950 2508 εἰ-

379 2543 520 2607 πὼν,
561 2543 620 2608 ἐξ
661 2543 832 2614 ἀρχῆς
870 2543 1032 2606 εὐθὺς
1066 2543 1158 2596 ὲπὶ
1201 2544 1270 2597 τὰ
1299 2542 1434 2614 βάθη
1484 2544 1593 2599 τῶν
1634 2547 1952 2617 μυστηρίων

376 2635 546 2704 ὁρμᾷ,
595 2633 810 2698 δεικνὺς
846 2634 947 2704 τῆς
992 2634 1353 2705 εὐαγγελικῆς
1393 2636 1665 2700 πολιτείας
1693 2637 1831 2709 πρὸς
1854 2639 1953 2710 τὴν

378 2727 610 2798 νομικὴν
656 2728 790 2781 πολὺ
844 2727 904 2781 τὸ
941 2728 1105 2798 μέσον
1148 2730 1416 2800 τυγχάνον
1441 2771 1456 2786 .
1487 2734 1582 2786 καὶ
1630 2731 1748 2796 πῶς
1796 2731 1953 2786 τοῦτο

379 2823 557 2886 eratsi;
588 2821 763 2874 Πάλαι
786 2860 803 2886 ,
839 2823 1024 2893 φησιν,
1060 2823 1088 2874 ὁ
1120 2822 1247 2885 Θεὸς
1277 2823 1366 2876 διὰ
1409 2825 1704 2896 προφητῶν
1747 2823 1950 2889 ὲλάλει,

367 2914 475 2966 καὶ
498 2912 670 2967 ταῦτα
696 2916 1172 2987 συνεσκιασμένως
1193 2934 1207 2950 ο
1235 2917 1391 2971 τοῦτο
1416 2917 1525 2987 γὰρ
1553 2917 1811 2988 σημαίνει
1852 2918 1914 2971 τὸ
1934 2956 1949 2980 ,

381 3004 733 3074 πολυμερῶς
758 3006 859 3060 καί
883 3010 1306 3078 πολυτρόπως·
1333 3010 1447 3062 νυνί
1473 3010 1529 3062 δὲ
1559 3010 1626 3063 δι’
1649 3009 1814 3064 αὑτοῦ
1854 3009 1950 3064 τοῦ

379 3099 548 3152 Υίοῦο
597 3097 740 3153 ὥστε
798 3100 1050 3154 τοσοῦτον
1081 3100 1352 3156 δείκνυται
1386 3102 1448 3154 τὸ
1486 3100 1671 3173 μέσον,
1711 3104 1834 3157 ὅσον
1863 3102 1952 3156 δε-

384 3191 584 3241 σπότου
618 3188 712 3242 καὶ
743 3188 966 3243 δούλων.
1017 3190 1256 3254 Εἰκότως
1294 3192 1350 3245 δὲ
1379 3192 1534 3246 τοῦτο
1556 3194 1854 3264 πεποίηκεν
1894 3191 1953 3260 ἐξ

379 3280 575 3349 ἀρχῆς,
595 3279 690 3333 ἆτε
725 3280 799 3349 μὴ
823 3279 1137 3352 χρῃξὸντων
1169 3282 1278 3336 τῶν
1311 3283 1604 3346 Ἰουδαίων,
1633 3283 1823 3356 ῶσπερ
1842 3283 1951 3338 τῶν

382 3369 556 3424 ἄλλων
584 3370 775 3435 ἐθνῶν,
797 3372 1106 3442 εἰσαγωγῆς
1129 3377 1526 3446 πνευματικῆς,
1549 3375 1670 3448 ἣτις
1696 3377 1754 3430 ὲν
1771 3393 1952 3448 προοιο

2127 2172 2294 2233 Vzns.
2328 2173 2380 2239 1,
2407 2172 2463 2228 2.
2501 2189 2520 2224 ι
2558 2169 2916 2226 Multifariam
2952 2171 3253 2242 multisque
3283 2171 3461 2230 modis
3495 2173 3624 2231 olim

2054 2263 2200 2322 Deus
2256 2265 2492 2336 loquens
2552 2261 2805 2334 patribus
2856 2263 2911 2317 in
2963 2264 3266 2335 prophetis,
3310 2267 3628 2323 novissime

2053 2355 2248 2412 diebus
2287 2353 2414 2411 istis
2444 2353 2665 2409 locutus
2694 2352 2967 2408 estnobis
2995 2353 3049 2407 in
3080 2352 3240 2410 Filio.
3283 2373 3305 2407 ι

2125 2446 2264 2503 Vide
2298 2463 2414 2520 quo
2436 2459 2620 2520 pacto,
2674 2446 3061 2517 praetermissis
3091 2462 3212 2517 quae
3244 2448 3303 2503 in
3339 2449 3626 2521 principiis

2053 2539 2434 2610 epistolarum.
2454 2555 2681 2595 suarum
2731 2537 2953 2610 praefari
2998 2549 3384 2607 consueverat,
3439 2545 3622 2598 statim

2054 2634 2122 2689 ad
2150 2634 2258 2687 alta
2284 2633 2670 2706 mysteriorum
2699 2631 3001 2697 contendit,
3036 2642 3092 2686 ut
3121 2631 3372 2687 ostendat
3405 2633 3627 2690 institu-

2054 2726 2258 2782 tionem
2313 2725 2683 2796 evangelicam
2746 2725 2910 2795 longo
2983 2725 3271 2780 intervallo
3322 2727 3529 2784 distare
3593 2744 3623 2783 a

2055 2821 2246 2894 legali.
2277 2819 2396 2887 Qua
2427 2834 2556 2875 vero
2588 2817 2802 2874 ratione
2835 2820 2885 2874 id
2925 2820 3189 2889 praestat?
3217 2819 3385 2886 Olim,
3426 2821 3624 2891 inquit,

2054 2915 2196 2970 Deus
2227 2911 2552 2982 loquebatur
2599 2926 2696 2981 per
2735 2911 3048 2982 pr0phetas,
3089 2913 3253 2983 idque
3293 2915 3528 2969 obscure
3569 2925 3626 2970 et

2056 3006 2362 3061 umbratice
2397 3005 2524 3077 (hoc
2566 3005 2714 3060 enim
2767 3004 3078 3075 signiﬁcant
3109 3006 3215 3062 illa:
3254 3022 3416 3062 voces
3447 3008 3626 3061 multi-

2053 3099 2255 3170 [ariam
2308 3099 2588 3169 multisque
2625 3096 2848 3169 modis);
2883 3114 3030 3154 nunc
3056 3091 3237 3155 autem
3291 3102 3507 3157 locutus
3538 3111 3624 3158 est

2055 3208 2152 3264 per
2184 3192 2482 3261 ipsummet
2511 3188 2706 3244 Filium
2734 3208 2747 3244 :
2781 3189 2874 3244 ubi
2915 3191 3256 3246 tantumdem
3286 3193 3623 3252 discriminis

2053 3281 2324 3350 occurrit,
2352 3288 2617 3352 quantum
2645 3280 2788 3336 inter
2814 3282 3004 3336 herum
3036 3293 3090 3338 et
3116 3297 3325 3341 servos.
3359 3284 3624 3343 Consulto

2054 3382 2238 3430 autem
2283 3373 2386 3428 hoc
2415 3371 2542 3428 fecit
2573 3370 2832 3442 Epistolas
2862 3371 3042 3436 initio,
3078 3372 3280 3444 quippe
3306 3389 3430 3428 cum
3462 3375 3628 3447 spiri-

383 3463 528 3532 μίοις
567 3462 884 3535 ᾠκονόμητο
924 3464 1106 3536 πάσης
1141 3443 1682 3538 “iactantiae;
1724 3443 1949 3539 ἐπιστή-

2057 3467 2192 3522 tuali
2231 3465 2466 3536 quadam
2502 3462 2928 3529 introductione,
2968 3464 3118 3534 quali
3153 3443 3470 3521 inialiarum
3494 3443 3625 3523 vom-

382 3571 509 3624 μοσι
549 3553 644 3608 τοῦ
677 3555 842 3626 νόμον
873 3554 932 3622 ἐξ
958 3555 1122 3610 αὑτοῦ
1152 3557 1246 3612 τοῦ
1271 3559 1465 3629 βάθους
1489 3560 1600 3616 τῶν
1639 3561 1954 3634 μυστηρίων

379 3662 586 3699 απτετα
593 3663 630 3700 ι.

2057 3561 2208 3615 nium
2221 3555 2461 3614 exordiis
2475 3555 2732 3610 utendum
2751 3562 3062 3619 censuerat,
3081 3551 3255 3610 Judai
3278 3571 3623 3628 nequaquam

2057 3667 2196 3722 opus
2234 3650 2527 3710 habebant,
2556 3646 2716 3715 227
2749 3646 3209 3715 quemadmodum
3247 3659 3440 3720 gentes
3479 3651 3622 3708 aliae.

381 3733 652 3801 Quocirca
713 3743 972 3807 tanquam
1029 3751 1125 3794 cos
1187 3740 1581 3812 alloqueretur,
1630 3747 1726 3816 qui
1782 3749 1944 3820 periti
2017 3751 2205 3805 essent
2250 3742 2412 3812 legis,
2469 3738 2861 3809 mysteriorum
2911 3737 3100 3792 statim
3191 3727 3621 3813 profunditatem

374 3837 636 3899 occupat.

458 3945 480 3978 ι
527 3927 621 3981 ’ον
652 3927 850 4000 ἔθηκεν
877 3929 1213 4008 κληρονόμον
1243 3936 1481 4005 πάντων,
1509 3937 1578 3991 δι’
1606 3931 1666 3993 οὗ
1701 3939 1795 3994 καί
1823 3942 1947 4006 τοὺς

382 4018 586 4082 αἰῶνας
611 4019 888 4092 εποίησεν.
913 4038 933 4072 ›

451 4109 635 4163 Εἰπὼν
668 4110 797 4181 περὶ
819 4108 915 4163 τοῦ
953 4112 1112 4177 Υἱοῦ,
1139 4112 1300 4178 εὐθὺς
1319 4115 1595 4172 ἐκτίθεται
1629 4119 1689 4173 τὸ
1733 4124 1943 4195 μυστή-

385 4219 519 4273 ριον,
547 4201 638 4257 τὸν
673 4202 835 4256 αὐτὸν
864 4203 995 4258 Θεὸν
1026 4208 1118 4258 καὶ
1148 4207 1435 4281 ἄνθρωπον
1461 4213 1787 4280 ἐπιδεικνύς.
1820 4219 1945 4284 Πῶς

379 4293 662 4349 δὲθτοῠτο
699 4297 878 4363 ποιεῖ;
920 4297 1179 4364 Ἔθηκεν
1220 4301 1424 4370 αὐτόν,
1455 4305 1607 4375 φησί,
1651 4311 1943 4377 κληρονό-

371 4403 495 4456 μον
543 4386 812 4442 πάντων·
854 4387 1031 4460 δηλῶν
1061 4389 1118 4443 δὲ
1147 4392 1228 4445 ὅτι
1278 4395 1388 4450 τῶν
1442 4397 1632 4467 ἐθνῶν,
1682 4405 1825 4457 κατά
1860 4403 1942 4458 τό·

379 4478 635 4548 Δίτησαι
667 4480 801 4551 παρ’
832 4480 999 4551 ἐμοῦ,
1026 4484 1126 4540 καί
1151 4484 1324 4542 δώσω
1356 4504 1456 4544 σοι
1480 4491 1624 4563 ἔθνη
1655 4498 1772 4566 τὴν
1799 4502 1946 4569 κλη.

373 4571 666 4663 ρονομίαν
691 4589 828 4628 σου.
856 4574 994 4639 Πότε
1021 4575 1077 4630 δὲ
1104 4577 1345 4646 τίθεται,
1374 4582 1405 4654 ἢ
1439 4583 1526 4640 ὅτε
1561 4587 1775 4659 εἴρηται
1814 4592 1949 4663 πρὸς

2130 3961 2149 3996 ι
2185 3940 2357 4007 Quem
2396 3935 2685 3994 constituit
2731 3932 3006 3988 heredem
3067 3933 3490 4002 universorum,
3524 3951 3625 4008 per

2053 4050 2216 4108 quem
2245 4033 2372 4090 fecit
2401 4041 2454 4088 et
2482 4031 2704 4086 saecula.
2742 4047 2762 4080 ι

2123 4123 2422 4194 Postquam
2482 4120 2678 4174 Filium
2727 4116 3061 4183 nominavit,
3121 4131 3246 4172 mox
3301 4118 3623 4190 mysterium

2047 4216 2292 4288 exponit,
2321 4211 2680 4270 monstrando
2709 4211 2858 4266 hunc
2885 4209 3065 4281 ipsum
3089 4252 3105 4277 ,
3152 4218 3208 4265 et
3255 4208 3422 4265 Deum
3456 4212 3623 4268 simul

2049 4319 2105 4366 et
2129 4308 2410 4364 hominem
2445 4321 2587 4362 esse.
2619 4302 2912 4371 Quomodo
2958 4317 3086 4358 vero
3120 4301 3305 4358 istud?
3335 4302 3620 4359 Constituit

2047 4423 2188 4471 eum,
2213 4405 2416 4476 inquit,
2446 4401 2704 4458 heredem
2747 4401 3148 4465 universorum;
3184 4400 3432 4471 gentium
3468 4401 3622 4457 vide-

2053 4499 2204 4563 licet,
2235 4495 2537 4552 secundum
2569 4493 2702 4548 illud
2739 4508 2752 4544 :
2790 4489 3014 4544 Postula
3059 4508 3090 4544 a
3122 4506 3222 4552 me,
3259 4500 3307 4544 et
3339 4490 3475 4544 dabo
3525 4493 3618 4546 tibi

2053 4601 2230 4663 gentes
2267 4588 2628 4644 hereditatem
2647 4586 2714 4640 ⁸⁸.
2741 4584 3098 4650 Quandonam
3131 4599 3260 4638 vero
3281 4584 3619 4641 constitutus

379 4659 563 4715 αὐτόν’
611 4662 756 4732 Ἐγὼ
777 4664 1042 4736 σήμερον
1091 4670 1420 4741 γεγέννηκά
1455 4691 1570 4743 σε;
1598 4679 1766 4734 Τοῦτο
1788 4659 1948 4748 δὲνείς

2052 4659 2152 4743 est,
2194 4679 2298 4735 nisi
2342 4677 2563 4750 quando
2592 4677 2804 4730 dictum
2846 4683 2930 4728 est
2977 4673 3070 4728 ei;
3121 4671 3230 4742 Ego
3279 4673 3431 4728 hodie
3465 4679 3618 4744 genui

378 4751 472 4806 τὸν
506 4754 695 4824 καιρὸν
728 4755 826 4825 τῆς
855 4760 1171 4831 οἰκονομίας
1201 4764 1535 4825 ἀπετείνετο.
1575 4769 1712 4824 Ἀλλ’
1765 4765 1942 4839 οὗτος,

2055 4781 2102 4826 te
2126 4769 2348 4825 "?lloc
2378 4776 2560 4823 autem
2594 4765 2659 4820 ad
2709 4771 2923 4833 tempus
2957 4762 3383 4832 dispensationis
3425 4775 3619 4820 exten-

378 4844 495 4898 ὸτά
526 4843 652 4915 ἔθνη
689 4848 767 4910 εἰς
794 4848 995 4920 κλῆρον
1027 4852 1342 4924 δεξάμενος,
1389 4859 1551 4925 αὑτός
1587 4865 1755 4928 ἐστιν,
1783 4863 1850 4918 δι’
1889 4860 1948 4921 οὗ

2054 4865 2180 4920 dere
2216 4861 2405 4917 voluit.
2442 4861 2509 4913 At
2545 4859 2635 4913 ille
2657 4858 2748 4926 qui
2784 4861 2974 4926 gentes
2999 4857 3215 4927 accepit
3239 4855 3293 4910 in
3323 4857 3619 4914 haeredita-

377 4933 506 4996 τοὺς
554 4933 757 5026 αἰῶνας
811 4937 1068 5009 ἐποίησεν
1105 4944 1134 4996 ό
1163 4945 1372 5017 Πατήρ.
1402 4940 1503 5001 Ὦν
1528 4951 1638 5022 γὰρ
1692 4947 1803 5022 εἷχε
1852 4956 1949 5026 τὴν

2052 4967 2182 5020 tem,
2237 4956 2351 5025 ipse
2397 4958 2481 5008 est
2538 4965 2633 5020 per
2685 4963 2848 5018 quem
2900 4947 3103 5002 smcula
3155 4947 3396 5004 condidit
3435 4949 3616 5004 Pater.

375 5025 695 5078 δεσποτείαν
731 5027 862 5081 καθὸ
906 5029 1038 5095 Θεὸς
1077 5033 1288 5103 Λόγος,
1344 5039 1547 5094 τούτων
1601 5042 1814 5111 λέγεται
1860 5025 1950 5100 τόν

378 5117 580 5189 κλῆρον
610 5117 813 5184 λαϐεῖν,
847 5122 980 5176 καθὸ
1020 5128 1257 5194 γεγονὼς
1316 5131 1598 5204 ἄνθρωπος
1638 5151 1650 5163 ·
1685 5135 1951 5206 ὑπέταξεν

375 5213 444 5280 τῇ
473 5211 552 5274 εἰς
580 5212 742 5265 αὑτὸν
770 5214 948 5269 πίστει
977 5216 1154 5272 πάντα
1189 5222 1255 5274 τὰ
1290 5222 1438 5295 ἔθνη.

454 5408 476 5446 s
513 5394 610 5459 ’ος
638 5394 712 5448 ὢν
739 5395 1082 5468 ἀπαύγασμα
1137 5403 1236 5470 τῆς
1292 5401 1467 5473 δόξης,
1509 5406 1605 5458 καὶ
1657 5408 1944 5480 χαρακτὴρ

375 5481 480 5553 τῆς
512 5485 862 5551 ὑποστάσεως
901 5490 1086 5556 αὑτοῦ,
1140 5495 1318 5564 φέρων
1348 5513 1406 5549 τε
1434 5497 1500 5551 τὰ
1527 5500 1703 5554 πάντα
1734 5501 1810 5571 τῷ
1839 5503 1940 5573 ῥή-

434 5601 482 5633 ⁸⁶
529 5600 676 5657 Psal.
703 5619 762 5670 ιι,
793 5605 848 5659 8.
928 5607 971 5638 ⁸¹
1011 5608 1138 5663 ibid.
1173 5611 1226 5668 7.

2048 5049 2290 5116 Quorum
2323 5045 2469 5099 enim
2500 5042 2842 5095 dominatum
2881 5039 3122 5103 tenebat,
3154 5047 3428 5109 quatenus
3474 5039 3621 5096 Deus

2052 5140 2285 5195 Verbum
2306 5146 2446 5201 erat,
2479 5135 2672 5189 horum
2700 5131 3069 5186 imreditatem
3106 5131 3356 5202 accipere
3382 5133 3612 5199 dicitur,

2048 5247 2154 5302 qua
2187 5231 2370 5284 lactus
2397 5238 2481 5282 est
2512 5228 2712 5281 homo:
2739 5235 2924 5295 gentes
2958 5224 3251 5280 universas
3276 5225 3530 5297 subjecit,
3558 5241 3618 5286 ut

2052 5323 2106 5376 in
2130 5323 2309 5391 ipsum
2337 5318 2497 5375 ﬁdem
2523 5317 2809 5372 haberent.

2123 5409 2293 5466 Vens.
2346 5409 2400 5464 ὃ.
2458 5423 2480 5459 ι
2541 5403 2644 5471 Qui
2696 5418 2819 5458 cum
2882 5400 2956 5458 sit
3015 5403 3274 5473 splendor
3327 5403 3512 5474 gloriae
3563 5413 3622 5459 et

2050 5500 2226 5572 ﬁgura
2273 5495 2592 5556 substantiae
2627 5492 2772 5566 ejus,
2820 5501 3044 5562 portans
3074 5493 3257 5548 omnia
3291 5492 3459 5548 verbo
3507 5491 3617 5550 vir-

1627 5706 1861 5763 VARI/E
1903 5707 2302 5764 LECTIONES.

449 5794 479 5826 ⁸
505 5788 767 5858 Εηιεῐιάο,
799 5792 889 5858 δή.
