4048 6290
453 368 554 436 931
1603 356 1664 423 S.
1698 354 2011 423 ΙΟΑΝΝΙΞ

2108 350 2498 422 ›ΑΜΑεεΕΝι
3588 349 3712 421 ωε

453 483 588 540 tutis
629 494 762 548 suae,
816 494 912 552 per
958 480 1198 553 seipsum
1242 479 1619 551 purgationem
1670 482 2011 546 peccatorun

2130 489 2263 552 ttatt
2319 473 2419 545 τῆς
2458 472 2741 543 δυνάμεως
2791 468 2977 535 αὒτοῦ,
3015 469 3085 553 δι’
3121 460 3315 525 ἑαυτοῦ
3372 469 3710 541 καθαρισμὸν

451 572 765 629 nostrorum
790 572 1023 637 faciens,
1059 570 1299 629 sedctad
1324 564 1926 638 dexteramrmajestatis
1968 565 2011 618 in

2127 566 2500 639 ποιησάμενος
2556 564 2668 622 τῶν
2727 565 3019 637 ἁμαρτιῶν
3073 563 3268 636 ἡμῶν,
3341 561 3598 617 ἐκάθισεν
3652 563 3710 617 ιν

448 661 706 719 excelsis.
743 680 763 715 ι

521 752 763 809 Rursum
798 752 924 810 vide
952 751 1230 825 quomodo
1261 754 1410 809 hunc
1438 752 1695 809 eumdem
1727 749 1895 805 Deum
1931 763 2027 819 pa-

450 844 588 900 riter
610 853 667 900 et
712 844 993 900 hominem
1027 861 1152 901 esse
1183 846 1553 922 demonstrat.
1605 844 1839 901 Perinde
1882 844 2025 899 enim

449 947 536 993 est
564 951 630 992 ac
658 937 705 993 si
735 936 944 993 diceret
975 956 988 993 :
1019 936 1125 1003 Qui
1174 952 1300 993 cum
1352 940 1428 994 sit
1472 939 1657 993 lumen
1702 938 1770 994 de
1820 937 2030 992 lumine

451 1030 577 1100 (hoc
614 1029 760 1084 enim
813 1029 1109 1101 splendore
1157 1029 1564 1102 signiﬁcatur),
1614 1030 1846 1101 insuper
1877 1035 1933 1085 et
1969 1028 2025 1083 in

449 1121 633 1192 seipso
666 1119 881 1177 Patrem
914 1121 1162 1191 exhibet,
1187 1122 1494 1181 secundum
1523 1120 1657 1178 illud
1703 1140 1717 1177 :
1760 1118 2027 1187 Quioidet

447 1230 549 1279 me,
576 1212 712 1270 uidet
739 1224 790 1270 et
815 1215 1034 1271 Patrem
1063 1216 1110 1249 “
1137 1216 1304 1288 (quod
1332 1218 1497 1288 plane
1525 1215 1671 1272 idem
1712 1222 1799 1272 est
1841 1221 2025 1284 atque,

444 1303 617 1379 ﬁgura
663 1318 710 1363 et
750 1310 1025 1365 character
1058 1311 1376 1367 substantia:
1414 1310 1576 1381 ejus).
1613 1308 1710 1363 Ille
1743 1306 1914 1372 enim,
1944 1304 2028 1360 in-

445 1401 591 1471 quit,
625 1411 914 1473 postquam
943 1403 1126 1460 factus
1158 1413 1241 1462 est
1273 1406 1458 1473 homo,
1496 1412 1552 1459 et
1576 1408 1805 1474 peccata
1836 1410 2028 1456 nostra

444 1497 682 1563 portavit
718 1493 845 1565 (hoc
876 1496 1080 1567 quippe
1110 1496 1275 1552 verba
1301 1496 1391 1551 illa
1428 1495 1667 1550 innuunt
1694 1511 1709 1547 :
1737 1491 2022 1563 purgatio-

445 1602 563 1641 nem
608 1598 945 1659 peccatorum
999 1588 1248 1662 faciens),
1302 1589 1557 1646 absoluto
1592 1585 2029 1655 dispensationis

442 1679 646 1737 divinas
667 1682 954 1754 mysterio,
974 1694 1290 1757 assumptus
1317 1690 1547 1740 estcum
1574 1681 1769 1752 gloria,
1789 1687 1851 1757 et!
1870 1680 2029 1738 sedet

442 1770 498 1825 in
524 1769 705 1828 Patris
737 1771 950 1829 dextra.
984 1774 1125 1829 Dum
1155 1754 1339 1830 autem
1391 1772 1573 1836 audis,
1612 1771 1685 1826 ad
1723 1754 2026 1841 deiteram,

2122 659 2278 733 δεξιᾷ
2305 659 2405 731 τῆς
2437 659 2835 730 μεγαλωσύνης
2863 659 2923 713 ἐν
2952 657 3198 730 ὑψηλοῖς.
3240 677 3259 710 ι

2200 753 2342 824 Ὅρα
2365 752 2481 816 πῶς
2513 752 2679 807 πάλιν
2710 753 2843 822 ἡμῖν
2872 751 2963 806 τὸν
3010 750 3144 804 Θεὸν
3175 746 3311 819 όμοῦ
3344 746 3583 801 δείκνυσι
3616 747 3708 801 καὶ

2130 846 2445 917 ἄνθρωπον.
2475 844 2705 917 Ὅμοιον
2732 844 2843 916 γὰρ
2866 843 2941 908 ὡς
2975 844 3023 896 εἰ
3051 842 3237 911 λέγοι·
3268 840 3387 905 Φῶς
3408 838 3485 895 ὣν
3518 840 3583 893 ἐκ
3602 857 3709 907 φω-

2128 939 2220 1003 τὸς
2244 936 2421 1011 (τοῦτο
2457 938 2564 1009 γὰρ
2590 936 3049 1008 τὺ,άπαύγασμα,
3071 932 3270 1006 δηλοῖ),
3312 934 3404 988 καὶ
3434 936 3490 987 ὲν
3528 932 3706 1005 ἑαυτῷ

2128 1035 2218 1089 τδν
2266 1032 2486 1104 Πατέρα
2524 1032 2789 1096 δείκνυσι,
2856 1030 2999 1085 κατὰ
3039 1028 3138 1095 τὸ,
3184 1029 3248 1081 '0
3293 1027 3564 1097 ἑωρακώς
3611 1043 3702 1097 με,

2125 1124 2350 1196 ἑώρακε
2388 1125 2494 1179 τὸν
2521 1124 2784 1193 Πατέρα·
2835 1122 2995 1176 τοῦτο
3051 1121 3161 1192 γάρ
3219 1122 3356 1185 ἐστι,
3406 1117 3706 1191 χαρακτὴρ

2124 1218 2239 1288 τῆς
2271 1216 2674 1285 ’ὑποστάσεως
2733 1215 2942 1272 αὐτοῦ.
3008 1202 3198 1282 Οὗτος,
3256 1214 3417 1285 φησὶ,
3469 1212 3706 1282 γεγονὼς

2127 1309 2434 1382 ἄνθρωπος,
2461 1309 2560 1364 καὶ
2608 1309 2707 1375 τὰς
2755 1308 3033 1382 ἁμαρτίας
3084 1306 3244 1379 ἡμῶν
3301 1306 3576 1378 βαστάσας
3604 1321 3619 1336 ⁸
3646 1304 3706 1358 τὺ

2126 1400 2257 1475 γὰρ,
2309 1392 2685 1472 καθᾶρισμὸνί
2736 1384 2886 1467 τῶνξ
2908 1398 3208 1471 ἁμαρτιῶν
3260 1391 3701 1468 ποιησάμενος,

2124 1494 2288 1550 τοῦτο
2347 1494 2518 1566 δηλοῖ.
2588 1494 2760 1549 Πάλιν
2816 1492 3113 1565 πληρώσας
3147 1492 3210 1569 τὸ
3239 1490 3338 1563 τῆς
3394 1488 3702 1559 οἰκονομίας

2130 1588 2455 1660 μυστήριον,
2520 1586 2799 1659 ἀνελήφθη
2835 1590 2893 1641 ὲν
2922 1584 3071 1659 δόξῃ,
3125 1582 3352 1638 ἐκάθισε
3381 1599 3441 1636 τε
3472 1574 3703 1651 ἐνδεξιᾷ

2125 1677 2219 1733 τοῦ
2282 1679 2514 1751 Πατρός.
2565 1680 2638 1732 Τὸ
2671 1680 2726 1734 δὲ
2766 1680 2837 1733 ἐν
2875 1676 3068 1746 δεξιᾷ,
3131 1672 3249 1742 καὶ,
3296 1676 3366 1730 ἐν
3402 1673 3699 1744 ὑψηλοῖςκ

2125 1771 2366 1839 ἀκούων,
2391 1772 2465 1845 μὴ
2493 1773 2658 1827 τόπον
2682 1783 2709 1823 ι)
2730 1772 2900 1837 αὐτὰς
2927 1771 3203 1844 σημασίας
3226 1769 3492 1842 λάμϐανεό
3510 1769 3701 1839 saepe

439 1868 515 1927 et,
551 1862 608 1916 in
633 1864 880 1931 excelsis,
915 1880 982 1920 ne
1016 1865 1135 1921 loca
1164 1866 1232 1921 iis
1255 1865 1485 1932 vocibus
1510 1864 1761 1921 denotari
1788 1862 2011 1922 arbitre-

2120 1880 2369 1935 γραπτον
2434 1864 2543 1936 γὰρ
2611 1865 2672 1919 τὸ
2718 1866 2907 1918 Θεῖον·
2963 1862 3101 1920 ἀλλὰ
3158 1861 3495 1935 θεοπρεποῦς
3544 1860 3698 1932 δόξης

437 1953 520 2010 ris
549 1954 567 2023 (
600 1954 743 2011 Deus
779 1956 1051 2027 siquidem
1085 1956 1603 2029 incircumscriptus
1637 1954 1769 2028 est),
1799 1954 1898 2011 sed
1933 1955 2019 2013 di-
2055 1958 2059 1963 ’

436 2047 622 2101 νὶιιιιιη
654 2047 844 2116 potius
878 2049 1110 2121 gloriam
1145 2057 1200 2105 et
1230 2051 1541 2109 claritatem
1579 2046 1846 2119 intelligo.
1877 2044 2016 2102 lllud

438 2150 644 2208 autem,
669 2152 889 2211 portam
918 2143 1120 2208 omnia,
1149 2143 1296 2206 idem
1353 2149 1442 2201 est
1475 2156 1541 2199 ac
1584 2141 1768 2197 omnia
1812 2137 2018 2212 guber-

436 2248 578 2289 nans
608 2243 663 2290 et
695 2234 1114 2298 administrans.
1142 2233 1283 2290 Nam
1321 2235 1507 2296 omnia
1536 2249 1633 2305 per
1661 2232 1840 2304 ipsum
1869 2230 2016 2286 facta

437 2337 589 2393 sunt,
614 2337 668 2384 et
697 2329 1032 2397 consistunt,
1058 2338 1119 2386 ut
1142 2331 1197 2387 iu
1227 2330 1504 2392 concione
1534 2327 1746 2391 Paulus
1777 2326 2010 2388 dixerat.

436 2421 585 2484 Bene
623 2436 756 2481 vero
789 2423 886 2491 ait,
918 2432 1138 2494 portans
1185 2424 1368 2479 omnia
1412 2422 1589 2488 uerbo,
1628 2428 1690 2478 ut
1715 2420 1898 2497 palam
1932 2418 2013 2473 l‘a-

435 2513 548 2571 ciat
570 2530 698 2570 eum
725 2515 1013 2573 universas
1042 2532 1132 2573 res
1162 2516 1439 2581 conditas,
1490 2515 1606 2577 sive
1664 2512 2009 2584 Superiores.

436 2606 554 2666 sive
578 2604 891 2674 inferiores,
920 2606 1141 2665 facilius
1175 2622 1339 2681 quam
1371 2606 1500 2678 quis
1524 2604 1762 2666 minima
1800 2602 2013 2665 levissi-

2112 1956 2441 2027 δηλωτικάς.
2473 1958 2547 2012 Τὸ
2573 1956 2632 2011 δὲ
2659 1955 2859 2028 φέρων
2888 1958 2963 2014 τὰ
2988 1956 3206 2021 πάντα,
3258 1955 3382 2011 ἀντὶ
3405 1953 3541 2020 τοῦ,
3570 1954 3697 2007 διοι-

2115 2048 2229 2105 κῶν
2298 2050 2396 2103 καὶ
2440 2049 2743 2122 κυϐερνῶν,
2792 2052 2998 2107 κεῖται.
3038 2050 3119 2105 Δι’
3147 2046 3314 2103 αὑτοῦ
3355 2046 3467 2119 γὰρ
3520 2046 3696 2100 πάντα

2108 2143 2356 2213 ἐγένετο,
2382 2142 2483 2205 καὶ
2508 2143 2866 2218 συνέστηκεν,
2892 2137 2976 2210 ὡς
3010 2144 3068 2199 ιν
3096 2142 3465 2216 δημηγορίαις
3490 2141 3519 2194 6
3553 2138 3696 2193 [Ιαῦ-

2113 2233 2203 2299 λος
2230 2232 2356 2307 ἔφη.
2390 2230 2468 2291 Εὖ
2498 2234 2558 2292 δὲ
2582 2234 2667 2304 τὸ,
2692 2235 2979 2306 φέρωνὲν
2997 2235 3079 2303 τῷ
3095 2234 3347 2308 ῥήματι,
3385 2235 3473 2289 τνα
3520 2232 3692 2307 δείξῃ»

2117 2326 2195 2390 ὼς
2216 2325 2316 2399 τὴν
2348 2324 2646 2400 σύμπασαν
2680 2328 2882 2399 κτίσιν,
2914 2328 3031 2403 τὴν
3055 2328 3188 2398 ἄνω,
3228 2327 3328 2402 τὴν
3360 2329 3533 2394 κάτω,
3563 2326 3694 2411 ⁸ὥσ-

2117 2430 2226 2489 περ
2244 2419 2294 2473 οί
2321 2418 2388 2476 τὰ
2420 2419 2562 2475 πάνυ
2598 2421 2775 2494 μικρὰ
2802 2421 2897 2477 καί
2937 2422 3301 2495 εὐπαράφορα
3336 2419 3542 2495 μᾶλλον
3602 2419 3695 2473 8a.-

2118 2509 2317 2566 κτύλου
2355 2510 2654 2579 κινοῦντες,
2710 2510 2884 2579 οὕτως
2935 2513 3098 2578 αὐτὸς
3123 2515 3328 2586 ῥήματι
3357 2512 3427 2569 τὰ
3455 2511 3691 2583 ὶπίγεια,

2117 2603 2188 2658 τὰ
2207 2603 2456 2676 οὐράνια,
2486 2604 2556 2660 τὰ
2576 2605 2879 2677 ἐπουράνια
2909 2604 3090 2679 φέρει.

432 2716 633 2772 tuaque
686 2700 861 2772 digito
915 2710 1153 2770 moveat,
1192 2678 1466 2759 sermone
1512 2714 1618 2765 suo
1670 2705 2009 2765 sustentare,
2048 2692 2187 2768 sive,
2236 2697 2483 2772 inquam,
2530 2706 2824 2771 terrestres
2865 2714 2944 2765 eae
2976 2678 3127 2766 sint,
3207 2698 3325 2757 sive
3402 2678 3686 2767 caelestes,

438 2795 558 2857 sive
581 2792 746 2851 etiam
786 2792 1138 2857 sublimiores
1163 2794 1330 2858 coelo.

504 2909 671 2967 Vens.
721 2910 775 2977 4,
830 2909 883 2965 5.
920 2928 940 2963 ι
976 2908 1158 2966 Tanto
1224 2909 1423 2966 melior
1481 2908 1695 2983 angelis
1754 2905 2004 2972 allectus,

2189 2921 2207 2957 ι
2237 2898 2487 2971 Τοσοὺτῳ
2517 2899 2782 2974 κρείττων
2804 2901 3101 2971 γενόμενος
3127 2897 3239 2958 τῶν
3270 2897 3535 2969 ἀγγέλων,
3585 2902 3688 2971 ὅσῳ

433 3011 640 3073 quanto
669 3002 1015 3059 dill‘erentius
1059 3015 1167 3070 prae
1211 3002 1324 3058 illis
1384 3017 1583 3071 nomen
1636 2998 2002 3057 haereditavit.

2111 2991 2513 3072 διαφορώτερον
2568 2995 2700 3067 παρ’
2754 2994 2954 3057 αὐτοὺς
3000 2990 3446 3064 ἐκληρονόμησεν
3495 2990 3683 3061 ama.

428 3096 537 3152 Cui
565 3097 709 3152 enim
742 3096 878 3152 dixit
908 3095 1208 3166 aliquando
1234 3096 1558 3166 angelorum
1589 3113 1602 3150 :
1634 3092 1809 3151 Filius
1848 3107 2005 3149 meus

2112 3091 2237 3148 Τίνι
2270 3090 2382 3163 γὰρ
2414 3085 2538 3144 εἶπᾶ
2594 3102 2727 3143 ποτε
2767 3086 2879 3147 τῶν
2910 3084 3161 3154 ἀγγέλων
3182 3099 3196 3115 ’
3234 3083 3364 3147 Υἱός
3397 3100 3500 3154 μου
3525 3080 3574 3135 εἴ
3597 3082 3682 3147 σὺ,

432 3200 495 3243 es
516 3192 600 3252 tu,
628 3201 725 3257 ego
758 3184 921 3241 hodie
946 3185 1110 3255 genui
1146 3184 1234 3241 te?
1271 3194 1324 3241 et
1356 3198 1576 3241 rursum
1608 3202 1624 3240 :
1658 3182 1773 3258 Ego
1793 3197 1897 3240 ero
1929 3181 2004 3237 illi

2108 3182 2229 3253 ,ἐγὼ
2288 3184 2528 3256 σήμερον
2562 3179 2880 3252 γεγέννηκά
2905 3194 2975 3237 σε
2998 3192 3013 3243 ;
3038 3177 3134 3236 καὶ
3165 3175 3348 3244 πάλιν,
3390 3173 3531 3246 Ἐγὼ
3571 3173 3684 3228 ἔσοι

434 3275 490 3330 in
522 3280 751 3350 patrem,
781 3282 838 3332 et
866 3274 987 3346 ipse
1013 3275 1119 3340 erit
1142 3275 1276 3331 mihi
1311 3274 1366 3331 in
1398 3274 1594 3332 lilium.
1629 3293 1653 3329 ο

503 3476 775 3547 Quoniam
824 3479 1228 3537 incarnationis
1258 3481 1581 3555 mysterium
1628 3482 2000 3555 praedicando,

433 3573 533 3629 Dei
566 3570 766 3628 Filium
821 3574 896 3630 ait
935 3573 1177 3645 seipsum
1225 3575 1569 3645 humiliasse,
1625 3575 1802 3633 forma
1854 3577 2001 3633 servi

431 3672 688 3734 accepta;
718 3677 836 3719 eam
868 3663 940 3720 ob
966 3679 1082 3720 rem
1106 3664 1258 3721 illum
1289 3664 1511 3721 confert
1532 3652 1656 3723 cum
1689 3666 2003 3740 angelis,ut

434 3757 702 3827 approbet
733 3757 908 3823 illum,
936 3756 1349 3827 tametsil‘actus
1389 3767 1476 3815 est
1509 3758 1698 3826 homo,
1720 3760 2001 3817 nihilomi-

433 3864 535 3903 nus
572 3862 693 3904 esse
739 3848 907 3905 Deum
958 3856 1037 3922 et,
1061 3850 1352 3910 Dominum
1380 3869 1393 3908 :
1426 3859 1592 3924 atque
1623 3853 1728 3909 hoc
1756 3870 2004 3911 momen-

430 3949 571 4008 tum,
609 3958 719 3999 rem
757 3942 924 3999 altius
946 3943 1281 4015 repetendo,
1319 3944 1608 4003 conﬁrmat
1642 3964 1709 4004 ex
1757 3948 2001 4019 prophe-

430 4034 524 4100 tis,
557 4043 617 4090 ut
643 4050 800 4091 nemo
833 4037 1066 4092 assertis
1095 4037 1212 4093 suis
1244 4036 1877 4104 audeat’comradicere.

498 4147 665 4219 228
700 4148 866 4206 Vens.
898 4147 1012 4205 6-8.
1062 4168 1082 4202 ι
1132 4152 1198 4208 Et
1251 4167 1375 4208 cum
1430 4153 1633 4211 iterum
1694 4155 2002 4215 introducit

427 4240 850 4312 primogenitum
910 4242 963 4297 in
1014 4242 1201 4299 Orbem
1250 4254 1432 4311 terras,
1463 4246 1643 4303 dicit:
1677 4246 1744 4303 Et
1769 4247 2000 4304 adorent

427 4347 552 4387 eum
585 4347 777 4389 omnes
812 4336 995 4405 angeli
1029 4335 1163 4409 Dei;
1196 4344 1253 4397 et
1291 4338 1358 4393 ad
1405 4341 1626 4411 angelos
1654 4340 1875 4411 quidem
1909 4341 1998 4397 di-

428 4425 503 4480 cit
536 4444 549 4479 :
582 4426 685 4493 Qui
721 4425 850 4482 facit
882 4430 1106 4499 angelos
1140 4444 1273 4487 suos
1312 4432 1565 4505 spiritus,
1606 4442 1661 4489 et
1712 4434 1998 4491 ministros

428 4531 560 4573 suos
588 4516 859 4574 ﬂammam
888 4519 1051 4593 ignis.
1074 4521 1154 4578 Ad
1188 4520 1380 4580 Filium
1412 4534 1592 4583 autem
1620 4548 1631 4582 :
1658 4545 1676 4579 ι

496 4712 575 4772 Ne
602 4717 881 4788 negotium
916 4717 1154 4777 facessat
1194 4721 1315 4791 tibi,
1366 4724 1580 4796 inquit,
1611 4725 1759 4798 quod
1800 4726 1996 4785 audias

425 4824 548 4863 eum
573 4810 783 4879 angelis
817 4811 981 4881 paulo
1010 4815 1278 4871 minorem
1299 4815 1675 4876 esse-factum.
1702 4817 1838 4875 Nam
1871 4819 1998 4878 vide

428 4901 626 4955 iterum
658 4902 881 4969 quinam
921 4902 1011 4960 ille
1040 4907 1263 4963 exsistit
1292 4908 1436 4966 Deus
1470 4930 1483 4967 :
1512 4926 1635 4966 cum
1668 4927 1864 4984 nempe
1896 4929 1994 4971 an-

423 4995 528 5064 geli
574 5009 798 5064 quoque
847 4996 1023 5066 ipsum
1058 4999 1308 5057 adorent.
1352 5004 1457 5061 Ubi
1493 5017 1672 5062 autem
1718 5007 1773 5061 in
1818 5009 1991 5063 orbem

425 5094 579 5139 terra:
621 5085 842 5154 dicitur,
884 5091 976 5143 alii
1010 5100 1209 5147 terram
1245 5094 1405 5151 istam
1437 5098 1734 5169 accipiunt,
1778 5100 1873 5155 alii
1903 5099 1992 5157 fu-

430 5188 625 5232 turam.
682 5176 988 5252 Utrumque
1040 5199 1172 5240 vero
1213 5189 1521 5258 appositum
1571 5200 1673 5248 est.
1712 5191 1778 5248 Et
1814 5202 1985 5261 certe,

422 5270 552 5324 dum
584 5268 1010 5339 dispensationis
1045 5280 1367 5349 mysterium
1400 5281 1653 5352 gerebat,
1686 5286 1867 5357 angeli
1900 5286 1981 5354 ei,

428 5372 521 5414 seu
550 5359 783 5417 Domino
814 5379 936 5432 suo,
978 5368 1401 5442 ministrabant;
1439 5375 1700 5450 itemque,
1729 5378 1979 5449 subjectis

491 5513 539 5549 "
576 5514 736 5577 Joan.
771 5537 879 5587 xxv,
913 5524 967 5579 9.

2029 3304 2074 3366 α
2114 3294 2215 3351 μαι
2273 3275 2423 3347 αὐτῷ
2468 3275 2547 3339 εἰς
2597 3272 2836 3342 πατέρα,
2895 3269 2992 3327 καὶ
3050 3267 3214 3332 αὐτὸς
3259 3262 3415 3324 ἔσται
3463 3283 3553 3337 μοι
3606 3266 3683 3329 τίς

2103 3371 2240 3435 υἱόν.
2286 3387 2307 3421 ι

2185 3501 2405 3579 Ἐπειδὴ
2432 3501 2494 3557 τὸ
2514 3494 2612 3571 τῆς
2663 3488 2976 3569 οἰκονομίας
3031 3488 3327 3568 κηρύσσων
3355 3494 3675 3567 μυστήριον,

2101 3594 2565 3657 τεταπεινωκέναι
2601 3592 2794 3647 ἑαυτὸν
2847 3589 2973 3662 ἔφη,
3024 3589 3266 3645 λαϐόντα
3315 3586 3508 3643 δοῦλον
3545 3604 3677 3660 μορ-

2117 3694 2225 3767 φήν
2259 3710 2274 3724 ο
2302 3689 2495 3745 τούτου
2522 3684 2689 3765 χάριν
2706 3683 2960 3755 ἀγγέλοις
3017 3682 3183 3739 αὑτὸν
3238 3682 3544 3755 συγκρίνει,
3576 3683 3677 3737 Beta-

2102 3790 2265 3851 κνὺς,
2318 3783 2394 3848 ὡς
2451 3781 2533 3836 ὅτι
2571 3778 2666 3835 καὶ
2725 3775 2968 3848 γεγονὼς
3018 3774 3328 3849 ἄνθρωπος,
3373 3772 3528 3829 οὐδὲν
3582 3768 3676 3845 ἦτε·

2101 3879 2194 3935 τόν
2226 3879 2341 3930 ἐστι
2375 3874 2508 3938 Θεὸς
2541 3872 2634 3927 καὶ
2674 3868 2974 3941 Δεσπότης,
3007 3867 3105 3922 καὶ
3152 3867 3246 3920 τδν
3277 3865 3466 3936 ἀγῶνα
3491 3863 3673 3920 τοῦτον

2101 3968 2305 4025 ἄνωθεν
2349 3969 2413 4022 ὲκ
2450 3963 2747 4038 προφητῶν
2803 3961 3177 4033 ἰσχυροποιεῖ,
3213 3960 3363 4024 ὅπως
3391 3957 3457 4011 ἂν
3490 3957 3672 4029 μηδεὶς

2099 4062 2405 4133 ἀντιλέγειν
2432 4061 2531 4132 ἔχη
2570 4059 2682 4122 τοῖς
2711 4054 3047 4129 λεγομένοις.

2173 4172 2341 4239 Ὅταν
2368 4173 2429 4235 δὲ
2459 4172 2622 4229 πάλιν
2650 4169 2923 4242 εἰσαγάγῃ
2948 4168 3044 4223 τδν
3073 4163 3418 4239 πρωτότοκον
3451 4167 3533 4230 εἰς
3576 4163 3670 4237 τὴν

2098 4267 2446 4345 οἰκουμένην,
2461 4265 2640 4335 λέγει’
2667 4262 2780 4328 Καὶ
2798 4261 3333 4335 προσκυνησάτωσαν
3363 4257 3513 4331 αὐτῷ
3535 4258 3669 4313 πάνι

2097 4378 2189 4431 τες
2211 4359 2433 4431 ᾅγγελοι
2460 4357 2626 4413 Θεοῦο
2660 4357 2757 4419 καὶ.
2783 4354 2921 4427 πρὸς
2951 4353 3053 4425 μὲν
3108 4351 3238 4418 τοὺς
3290 4349 3560 4421 ἀγγέλους
3585 4346 3667 4404 λιι

2098 4468 2222 4525 γει·
2264 4453 2322 4507 '0
2351 4451 2521 4513 ποιῶν
2541 4449 2671 4523 τοὺς
2707 4447 2976 4525 ἀγγέλους
3010 4443 3178 4508 αὐτοῦ
3241 4443 3544 4515 πνεύματα,
3581 4442 3670 4497 καὶ

2097 4546 2222 4614 τοὺς
2245 4540 2593 4616 λειτουργοὺς
2618 4539 2785 4604 αὑτοῦ
2838 4537 3010 4613 πυρὸς
3062 4534 3260 4608 φλόγα.
3323 4535 3467 4607 Πρὸς
3490 4531 3549 4587 δὲ
3580 4532 3666 4588 τὸν

2026 4668 2071 4727 D
2101 4636 2253 4691 Υἰόν.
2284 4654 2301 4689 ι

2171 4750 2264 4823 Μὴ
2322 4749 2624 4821 θορυσείτω
2652 4758 2711 4802 σε
2737 4788 2753 4815 ,
2782 4744 2957 4817 φησι,
2990 4741 3052 4800 τὸ
3099 4743 3347 4809 ἀκοῦσαι.
3396 4741 3569 4816 βραχύ
3609 4758 3663 4795 τι

2093 4836 2225 4913 παρ*
2268 4840 2534 4911 ἀγγέλους
2560 4838 2731 4897 ,αὐτὸν
2787 4835 3165 4895 ἐλαττοῦσθαι.
3190 4830 3336 4908 Ὅρα
3381 4833 3489 4911 γὰρ
3547 4833 3663 4898 πῶς

2094 4929 2259 4984 πάλιν
2284 4930 2402 4983 ἐστί
2429 4927 2581 4994 Θεὸς,
2612 4927 2750 4981 ’ὅπου
2774 4941 2838 4995 γε
2857 4926 2957 4981 καὶ
3004 4923 3228 4993 ἄγγελοι
3272 4920 3662 4995 προσκυνοῦσιν

2090 5021 2259 5094 αὐτῷ.
2297 5021 2370 5075 Τὸ
2398 5020 2477 5086 δὲ,
2506 5020 2595 5086 είς
2624 5016 2740 5086 τὴν
2781 5014 3231 5087 οἰκουμένην,οί
3264 5015 3364 5086 μὲν
3418 5013 3517 5085 τὴν
3561 5005 3658 5069 ὧδε

2091 5115 2375 5183 λέγουσιν,
2429 5116 2477 5166 οἱ
2502 5112 2561 5167 δὲ
2604 5111 2703 5183 τὴν
2760 5109 3077 5181 μέλλουσαν.
3114 5108 3425 5180 ’Λμφᾶτερα
3450 5107 3508 5164 δὲ
3550 5103 3655 5175 ἔχει

2097 5204 2297 5271 καλῶς.
2333 5204 2443 5259 Καὶ
2472 5203 2531 5257 τὸ
2555 5204 2655 5273 τῆς
2697 5199 3010 5270 οἰκονομίας
3065 5198 3363 5270 μυστήριον
3422 5194 3688 5260 τελοῦντες

2094 5293 2263 5364 αὐτῷ,
2314 5290 2596 5364 διηκόνουν
2628 5291 2704 5355 ὡς
2734 5288 2979 5362 Δεσπότῃ
3013 5288 3063 5343 οἱ
3098 5287 3320 5360 ἄγγελοι
3352 5302 3367 5318 ·
3401 5286 3495 5342 καὶ
3539 5288 3658 5339 ἑπο-

2094 5383 2262 5453 ρεύθη
2292 5385 2349 5437 ὲν
2382 5384 2629 5455 οὐρανοῖς
2655 5423 2670 5448 ,
2703 5380 3125 5453 ὑποταγέντων
3176 5377 3337 5448 αὐτῷ
3369 5376 3653 5452 ἀγγέλων,

1687 5688 1915 5746 VARle
1954 5689 2356 5751 LECTIONES.

489 5827 513 5869 Ρ
542 5815 785 5889 Legerim
810 5817 1015 5885 potius,
1043 5817 1240 5874 τόπων.
