4048 6290
517 377 623 444 935

1716 380 1777 441 S.
1805 378 2125 452 JOANNIS
2164 378 2592 441 DAMASCENI
2621 368 2631 399 ‘

3664 374 3775 443 936

590 484 754 541 Vens.
792 484 878 542 15.
916 505 933 537 ι
973 487 1049 543 Ad
1093 503 1256 558 quem
1293 488 1438 544 enim
1469 488 1789 561 angelorum
1825 488 1964 545 dixit
1992 490 2085 544 ali-

2288 511 2305 543 ι
2340 491 2484 562 Πρὸς
2536 491 2663 546 τίνα
2689 490 2746 543 δὲ
2775 488 2883 543 τῶν
2932 490 3187 558 ἀγγέλων
3235 488 3425 562 εἴρηκέ
3474 507 3600 545 ποτε
3622 508 3633 520 ·
3670 493 3775 548 Κά-

516 575 736 646 quando
767 594 781 631 :
816 576 959 632 Sede
994 593 1025 632 a
1058 576 1272 634 dextris
1303 579 1461 645 meis,
1491 579 1669 636 donec
1695 594 1901 650 ponant
1930 579 2107 637 inimi-

512 683 611 725 cos
639 677 768 723 tuos
810 669 1110 725 scabellum
1151 675 1348 742 pedum
1381 672 1647 727 tuorum?
1684 691 1703 725 ι

583 761 808 826 lterum,
853 763 996 828 sede,
1018 762 1235 816 dictum
1270 770 1378 829 est,
1414 773 1636 835 propter
1668 762 2104 835 dispensationis

514 854 829 927 mysterium
856 895 869 918 ,
952 862 1009 908 ut
1038 855 1313 910 discamus
1350 872 1474 912 eum
1504 857 1599 927 qui
1630 858 1871 929 seipsum
1924 855 2105 912 humi-

514 945 691 1014 liavit,
717 957 771 1002 et
795 944 976 1003 iactus
1006 947 1173 1003 homo
1203 958 1309 1016 est,
1337 950 1567 1021 perinde
1584 950 1765 1007 Deum
1794 967 1939 1020 esse,
1965 964 2016 1008 et
2045 952 2102 1008 in

514 1036 955 1092 sublimitatibus
986 1039 1103 1093 suis
1130 1053 1312 1111 agere.

587 1125 753 1183 Vens.
813 1128 900 1183 14.
956 1146 977 1181 ι
1011 1128 1206 1185 Nonne
1233 1146 1427 1188 omnes
1465 1141 1593 1188 sunt
1645 1124 2101 1190 administratorii

515 1220 765 1289 spiritus,
823 1223 879 1275 in
930 1220 1299 1277 ministerium
1348 1223 1506 1280 missi
1573 1234 1805 1297 propter
1853 1239 1955 1281 eos
2007 1216 2101 1297 qui

516 1308 895 1365 hereditatem
931 1312 1153 1382 capient
1179 1312 1417 1368 salutis?
1450 1331 1471 1367 ι

585 1401 788 1472 Aspice
817 1410 1027 1471 quanta
1078 1405 1225 1459 inter
1275 1403 1453 1473 ipsum
1512 1412 1676 1476 atque
1728 1405 1984 1476 angelum
2016 1404 2100 1461 di-

516 1498 723 1552 stantia
763 1506 872 1561 est,
918 1498 1141 1568 quando
1184 1496 1442 1552 nimirum
1482 1499 1575 1553 ille
1620 1498 1844 1569 quidem
1879 1514 2097 1555 sursum

519 1589 702 1653 sedet,
743 1589 796 1642 bi
831 1605 957 1644 vero
991 1590 1131 1643 infra
1173 1590 1493 1645 ministrant
1546 1590 1678 1664 ipsi.
1734 1591 1870 1646 Dum
1916 1600 2095 1646 autem

517 1683 746 1751 angelos
791 1682 858 1736 ad
908 1682 1333 1737 ministrandum
1366 1697 1487 1737 esse
1530 1686 1730 1740 missos
1760 1684 1918 1751 dixit,
1954 1683 2097 1740 refo-

513 1778 711 1832 cillavit
766 1794 860 1833 eos
935 1778 1028 1849 qui
1100 1779 1157 1833 in
1228 1779 1627 1836 tentationibus
1702 1781 2094 1847 conciderant;

2206 584 2299 635 θου
2334 582 2402 635 ὲκ
2431 581 2623 649 δεξιῶν
2688 598 2816 654 μου,
2864 582 2971 646 ἕως
3025 582 3090 635 ἂν
3129 579 3206 635 θῶ
3238 581 3364 646 τοὺς
3410 580 3639 652 ἐχθρούς
3688 600 3776 637 σου

2207 674 2495 729 ὑποπόδιον
2527 674 2637 729 τῶν
2674 674 2848 729 ποδῶν
2875 691 3002 743 σου;
3034 694 3053 727 ι

2274 768 2444 823 Πάλιν
2476 767 2558 833 τὸ,
2594 768 2802 835 κάθου,
2836 768 2923 823 διὰ
2952 770 3012 823 τὸ
3042 768 3143 841 τῆς
3192 766 3509 838 οἰκονομίας
3571 769 3777 840 μυστή-

2206 876 2323 932 ριον
2377 858 2650 924 λέλεκται,
2700 858 2789 913 ἴνα
2844 858 3128 930 μάθωμεν,
3160 858 3236 923 ὡς
3270 860 3367 914 καὶ
3428 858 3775 922 ταπεινώσας

2202 948 2416 1016 ἑαυτὸν,
2448 950 2545 1004 καὶ
2575 949 2866 1021 γενόμενος
2903 945 3210 1021 ἅνθρωπος,
3246 951 3411 1005 πάλιν
3460 950 3577 1005 ἐστὶ
3615 949 3776 1014 θεὸς,

2197 1042 2298 1095 καὶ
2333 1043 2391 1095 ὲν
2411 1043 2526 1105 τοῖς
2551 1040 2778 1104 οἰκείοις
2814 1040 3127 1113 ὑψώμασιν.

2275 1153 2297 1187 ι
2336 1132 2472 1205 Οὑχί
2510 1133 2714 1197 πάντες
2762 1133 2877 1186 εἰσὶ
2927 1132 3278 1204 λειτουργικὰ
3326 1133 3638 1206 πνεύματα,
3666 1198 3669 1201 γ
3696 1134 3777 1201 εἰς

2194 1224 2479 1280 διακονίαν
2499 1223 2962 1297 ἀποστελλόμενα,
2989 1225 3078 1280 διὰ
3101 1226 3231 1292 τοὺς
3260 1226 3556 1299 μέλλοντας
3582 1226 3776 1299 κληρο-

2194 1319 2385 1389 νομεῖν
2420 1317 2693 1389 σωτηρίαν
2711 1336 2761 1385 ς»

2285 1409 2427 1481 Ὅρα
2453 1411 2620 1465 πόσον
2682 1410 2815 1483 πρὸς
2857 1409 3020 1464 αὑτὸν
3073 1409 3184 1463 τῶν
3227 1407 3477 1479 ἀγγέλων
3499 1408 3559 1463 τδ
3590 1410 3773 1481 μέσον,

2192 1502 2336 1556 ’ὅπου
2395 1519 2481 1572 γε,
2508 1505 2538 1557 ό
2564 1502 2666 1574 μὲν
2719 1502 2956 1573 κάθηται
3024 1504 3136 1557 ἅνω
3165 1545 3180 1570 ,
3200 1503 3250 1556 οἰ
3284 1502 3340 1556 δὲ
3368 1502 3775 1575 λειτουργοῦσιν

2178 1590 2351 1662 ἀὑτῷ
2397 1592 2569 1649 κάτω.
2604 1592 2758 1664 ’Ἅμα
2795 1592 2853 1646 δὲ
2882 1593 2962 1654 εἰς
3021 1591 3297 1645 διακονίαν
3348 1590 3773 1644 ἀποστέλλεσθαι

2196 1686 2324 1748 τοὺς
2358 1684 2629 1753 ἀγγέλους
2686 1684 2879 1751 εἰπὼν,
2938 1682 3276 1755 ἀνεκτήσατο
3300 1683 3427 1748 τοὺς
3470 1683 3772 1756 ἀπειρηκῶ

2198 1794 2297 1841 τας
2333 1778 2390 1832 ἐν
2420 1780 2533 1841 τοῖς
2584 1780 2936 1848 πειρασμοῖς,
2979 1776 3131 1847 εἴγε
3179 1777 3399 1847 ἄγγελοι
3448 1777 3627 1832 αὐτῶν
3680 1776 3773 1831 ἐπὶ

511 1871 714 1941 quippe
744 1887 869 1925 cum
903 1871 1078 1942 angeli
1112 1870 1177 1924 ad
1230 1871 1380 1941 ipsos
1421 1870 1729 1927 servandos
1778 1873 2085 1927 mittantur.

2210 1862 2455 1942 σωτηρίᾳ¹
2508 1868 2948 1924 ἀποστέλλονται.
2979 1869 3101 1923 Ὅτι
3141 1869 3197 1923 δὲ
3247 1868 3577 1939 βαρηθέντες
3613 1863 3771 1942 ἦσαν

510 1958 669 2026 Ουοὰ
700 1968 880 2015 autem
911 1959 1312 2016 tentationibus
1343 1959 1634 2015 admodum
1678 1961 2089 2031 premebantur,

511 2053 630 2122 ipse
655 2053 954 2107 declaravit
992 2052 1045 2105 in
1074 2052 1332 2121 Epistolas
1357 2052 1501 2107 serie
1540 2051 1731 2107 dicens
1780 2068 1797 2109 :
1838 2048 2091 2105 Nondum

510 2161 670 2213 usque
708 2143 777 2197 ad
810 2145 1122 2215 sanguinem
1153 2153 1372 2214 peccato
1408 2144 1702 2209 restitistis,
1754 2153 1799 2199 et
1836 2142 1958 2214 jam
1993 2144 2090 2199 de-

506 2234 731 2305 ]icimini
758 2234 828 2290 ⁸⁸.

1167 2325 1325 2383 CAP.
1365 2326 1434 2382 Il.

582 2420 749 2479 Vens.
786 2421 837 2477 i.
880 2439 900 2474 ι
947 2418 1178 2491 Propter
1234 2418 1381 2490 quod
1437 2418 1811 2477 abundantius
1873 2427 2088 2490 oportet

507 2531 610 2571 nos
643 2515 938 2571 observare
967 2529 1088 2585 quae
1139 2512 1487 2581 audivimus,
1535 2528 1604 2570 ne
1650 2512 1791 2570 forte
1842 2513 2088 2587 superer-

505 2609 763 2664 iluamus.
804 2625 824 2660 ι

578 2700 805 2769 Propter
825 2698 985 2771 quod.
1019 2698 1159 2766 Quid
1196 2698 1303 2753 hoc
1332 2705 1439 2763 est,
1473 2698 1579 2755 nisi
1617 2698 1843 2754 multum
1879 2699 2086 2756 distare

504 2790 735 2859 legalem
768 2791 837 2846 ab
864 2792 1179 2861 evangelica
1228 2790 1614 2846 institutione?
1648 2791 1871 2863 Hocque
1904 2794 2082 2848 mani-

504 2884 701 2939 festum
736 2884 792 2937 tit
815 2898 883 2939 ex
912 2885 1127 2939 ratione
1158 2897 1279 2953 quas
1309 2881 1625 2953 subjicitur.

574 2976 739 3031 Vens.
765 2977 821 3043 2,
852 2977 910 3032 5.
944 2995 963 3029 ι
1002 2974 1061 3031 Si
1091 2976 1239 3033 enim
1286 2976 1380 3047 qui
1411 2991 1506 3046 per
1529 2976 1755 3046 angelos
1784 2975 1965 3034 dictus
1998 2987 2083 3034 est

505 3082 708 3133 sermo,
743 3070 921 3124 factus
950 3076 1035 3124 est
1064 3067 1249 3123 ﬁrmus
1278 3108 1296 3135 ,
1326 3077 1383 3123 et
1417 3067 1597 3123 omnis
1628 3068 2001 3138 praevaricatio
2030 3082 2082 3126 et

502 3160 875 3214 inobedientia
932 3159 1142 3229 accepit
1188 3157 1399 3229 justam
1450 3158 1719 3213 mercedis
1762 3158 2080 3215 retributio-

502 3268 625 3307 nem
653 3254 966 3322 :quomodo
997 3267 1101 3308 nos
1135 3250 1485 3322 ell‘ugiemus,
1518 3249 1564 3307 si
1598 3257 1807 3304 tantam
1837 3250 2083 3322 neglexe-

503 3346 683 3399 rimus
720 3344 993 3401 salutem?
1031 3364 1051 3398 ρ

572 3435 686 3491 Hoc
720 3444 894 3491 totum
926 3436 1267 3507 comparatio
1295 3444 1378 3492 est
1406 3455 1419 3491 :
1457 3450 1565 3507 qua
1597 3443 1775 3491 tamen
1807 3434 2080 3491 evincitur

503 3530 784 3601 graviores
823 3545 1017 3600 poenas
1054 3530 1436 3601 persoluturos
1462 3528 1556 3600 qui
1590 3526 1871 3599 Evangelii
1903 3529 2079 3601 legem

505 3620 859 3676 violaverim.
894 3618 1030 3673 Nam
1065 3624 1111 3675 si
1142 3620 1194 3676 id
1224 3619 1373 3690 quod
1401 3618 1634 3675 inferius
1661 3627 1767 3685 est,
1814 3619 1863 3675 si
1912 3619 2080 3675 viole-

501 3720 612 3777 tur,
643 3728 801 3783 puena
846 3726 952 3770 non
986 3712 1179 3767 eximit
1207 3727 1303 3768 eos
1334 3727 1365 3767 a
1400 3712 1608 3783 quibus
1652 3712 2069 3781 pessumdatum

502 3806 607 3858 fuit
630 3820 644 3869 ;
674 3814 883 3874 quanto
906 3801 1120 3858 fortiori
1140 3802 1283 3873 jure,
1309 3803 1513 3857 violato
1529 3796 1677 3873 quod
1696 3810 1781 3857 est
1805 3802 2081 3859 excellen-

501 3898 637 3961 tius,
670 3898 738 3951 ab
770 3896 972 3952 acerbo
1004 3896 1279 3968 supplicio
1308 3911 1417 3951 non
1448 3895 1741 3961 eximetur,
1784 3896 1876 3966 qui
1940 3910 2080 3966 pra:-

501 3991 779 4045 varicator
827 3989 1138 4045 exstiterit?
1173 3988 1275 4045 Ubi
1305 3996 1486 4043 autem
1524 3988 1750 4058 ait,qui
1789 3989 1964 4043 dictus
1998 3996 2077 4043 est

497 4097 591 4149 per
632 4081 872 4152 angelos,
906 4080 1185 4151 signiﬁcat
1220 4081 1447 4153 angelos
1478 4079 1587 4136 Deo
1618 4081 1789 4153 legem
1832 4082 2079 4152 promul-

499 4174 651 4243 ganti
695 4174 991 4229 famulatus
1029 4188 1173 4229 esse.

576 4287 594 4319 ι
637 4266 767 4334 Quae
797 4282 922 4323 cum
954 4267 1173 4321 initium
1210 4266 1521 4337 accepisset
1540 4265 1795 4321 enarrari
1818 4280 1917 4337 per
1965 4265 2075 4322 Do-

498 4362 709 4415 minum
751 4360 818 4413 ab
844 4360 924 4414 eis
950 4359 1040 4428 qui
1090 4358 1406 4425 audierunt,
1446 4359 1501 4413 in
1547 4373 1651 4414 nos
1680 4359 2073 4413 conﬁrmatum

498 4463 605 4521 est,
633 4450 825 4525 [Vens
857 4449 915 4522 4]
938 4457 1283 4505 contestante
1308 4448 1419 4507 Deo
1461 4450 1631 4521 signis
1657 4490 1673 4515 ,
1696 4457 1752 4505 et
1778 4449 2072 4521 portentis,

497 4551 553 4597 et
585 4543 751 4597 variis
784 4542 1101 4596 virtutibus.
1136 4560 1157 4593 ι
1995 4608 2002 4614 _

571 4634 1047 4703 Comparationem
1097 4632 1276 4686 adhuc
1326 4631 1667 4702 exsequitur.
1734 4632 1822 4686 Ait
1886 4638 2071 4688 autem

497 4728 803 4783 doctrinam
848 4726 1218 4796 evangelicam
1271 4724 1560 4780 Dominum
1617 4740 1877 4781 exorsum
1923 4740 2070 4788 esse,

499 4828 610 4872 tum
672 4817 867 4873 deinde
921 4817 1045 4872 illos
1102 4818 1198 4886 qui
1247 4832 1313 4871 ex
1360 4817 1593 4872 Domino
1646 4816 1965 4882 audierant,
2013 4816 2067 4870 in

2203 1959 2409 2030 σφόδρα
2432 1962 2544 2023 τοῖς
2571 1961 2917 2032 πειρασμοῖς,
2945 1960 3108 2023 αὐτὸς
3138 1960 3196 2013 ἑν
3226 1964 3337 2026 τοῖς
3373 1958 3501 2033 ἑξῆς
3525 1960 3628 2030 τῆς
3652 1961 3771 2015 ἑπι-

2203 2050 2399 2120 στολῆς
2430 2050 2724 2123 ἐδήλωσεν,
2775 2049 2983 2106 εἰπών’
3028 2051 3193 2105 Οὕτω
3245 2052 3461 2122 μέχρις
3520 2052 3771 2123 αἵματος

2196 2140 2348 2210 πρὸς
2374 2140 2489 2211 τὴν
2517 2141 2811 2213 ἁμαρτίαν
2848 2141 3336 2214 ,ἀπεκατέστητε
3384 2140 3486 2196 καί
3532 2141 3651 2213 ἤδη
3668 2143 3769 2198 ἐκ·-

2194 2230 2487 2288 λέλυσθε.

2753 2326 3009 2383 ΚΕΦΔΛ.
3046 2323 3128 2384 B'.

2194 2470 2199 2476 ,
2267 2435 2288 2469 ι
2328 2417 2426 2471 Διὰ
2447 2417 2606 2473 τοῦτο
2634 2418 2715 2473 δεῖ
2744 2421 3147 2493 περισσοτέρως
3172 2422 3323 2494 ἡμᾶς
3346 2424 3635 2498 προσέχειν
3653 2422 3765 2491 τοῖς

2194 2507 2535 2580 ἀκουσθεῖσι,
2576 2512 2789 2582 μήποτε
2818 2512 3247 2586 παραρρυῶμεν.
3276 2532 3297 2568 ι

2271 2688 2376 2743 Διὰ
2407 2690 2602 2747 τοῦτο.
2638 2692 2818 2759 Ποῖον,
2849 2692 2969 2765 ῆτδ
3001 2692 3137 2747 πολὺ
3178 2691 3319 2750 εῖναι
3358 2694 3419 2750 τδ
3452 2697 3619 2768 μέσον
3665 2702 3763 2773 τῆς

2191 2799 2251 2836 τε
2285 2783 2520 2856 νομικῆς
2564 2784 2660 2839 καὶ
2695 2786 3059 2857 εὐαγγελικῆς
3111 2788 3428 2857 πολιτείας;
3456 2789 3570 2845 Καὶ
3605 2792 3763 2849 τοῦτο

2192 2879 2257 2931 ὲκ
2282 2877 2386 2949 τῆς
2406 2881 2758 2952 κατασκευῆς
2780 2880 2937 2952 δῆλον
2966 2882 3066 2952 τῆς
3095 2884 3522 2957 ἐπιφερομένης.

2270 2989 2291 3023 ι
2327 2971 2390 3027 Εἰ
2425 2971 2535 3044 γὰρ
2558 2974 2586 3027 ό
2615 2972 2682 3027 δι’
2730 2973 2976 3043 ἀγγέλων
3028 2972 3281 3048 λαληθεὶς
3338 2975 3498 3046 λόγος
3543 2976 3760 3047 ιγένετο

2192 3062 2429 3134 βέϐαιος,
2460 3065 2556 3120 καί
2606 3067 2759 3121 πᾶσα
2816 3066 3129 3138 παράϐασις
3167 3069 3265 3124 καὶ
3320 3068 3579 3142 παρακοὴ
3632 3071 3758 3124 ῑλα-

2189 3154 2282 3209 ϐεν
2313 3154 2518 3212 ἔνδικον
2542 3158 2995 3228 μισθαποδοσίαν,
3028 3158 3145 3237 πῶς
3179 3160 3342 3231 ἡμεῖς
3382 3161 3759 3236 ἐκφευξόμεθα

2183 3246 2519 3316 τηλικαύτης
2554 3249 2928 3321 ἀμελήσαντες
2946 3249 3220 3324 σωτηρίας
3249 3268 3266 3319 ;
3300 3269 3321 3304 ι
3586 3248 3589 3250 ’

2261 3432 2557 3504 Σύγκρισις
2586 3432 2684 3505 μὲν
2713 3433 2771 3488 τδ
2794 3433 2936 3502 ὅλον,
2973 3436 3290 3509 κατασκευὴ
3324 3436 3384 3492 δὲ
3411 3436 3506 3495 τοῦ
3555 3436 3754 3511 μᾶλλον

2181 3524 2542 3596 τιμωρεῖσθαι
2597 3527 2723 3590 τοὺς
2773 3525 2869 3580 τὸν
2921 3516 3276 3597 εὐαγγελικὸν
3310 3529 3752 3601 παραϐαίνοντας

2184 3615 2366 3687 νόμον.
2428 3616 2491 3670 Εἰ
2537 3617 2647 3689 γὰρ
2696 3616 2757 3670 τὸ
2796 3611 2980 3690 ἦττον,
3040 3620 3197 3689 φησι,
3258 3621 3751 3693 παραϐαινόμενον.

2182 3706 2283 3762 οὐκ
2338 3710 2719 3779 ἀτιμωρήτους
2763 3708 2829 3778 ἑᾷ
2883 3714 3010 3772 τοὺς
3063 3711 3543 3780 παραϐαίνοντας,
3605 3715 3754 3784 πόσῳ

2189 3800 2391 3870 μᾶλλον
2423 3801 2473 3853 εί
2498 3800 2559 3854 τὸ
2611 3802 2863 3873 κρεῖσσον
2892 3801 3260 3873 παραϐαθείη,
3301 3803 3403 3875 οὐχ
3459 3804 3755 3859 ὑπεύθυνον

2182 3891 2401 3946 κολάσει
2423 3892 2595 3963 πικρᾷ
2625 3893 2843 3963 ποιησει
2866 3890 2958 3945 τδν
2986 3892 3395 3963 παραϐαίνοντα
3427 3910 3443 3959 ;
3479 3895 3555 3948 Τὸ
3595 3895 3653 3950 δὲ
3676 3894 3751 3949 δι’

2181 3983 2452 4050 ἀγγέλων
2489 3982 2796 4052 λαληθεὶς,
2863 3983 3141 4054 σημαίνει,
3168 3985 3243 4049 ὡς
3270 3985 3578 4061 ὑπηρέτουν
3636 3987 3753 4060 Θεῷ

2182 4076 2402 4146 ἄγγελοι
2430 4075 2625 4131 διδόντι
2645 4076 2735 4130 τὸν
2767 4075 2952 4148 νόμον.

2258 4282 2279 4316 ι
2312 4263 2470 4346 Ἤτις
2499 4263 2672 4336 ἀρχὴν
2694 4260 2934 4318 λαϐοῦσα
2963 4259 3245 4317 λαλεῖσθαι
3274 4260 3366 4317 διὰ
3388 4261 3484 4317 τοῦ
3517 4264 3746 4339 Κυρίου,

2181 4355 2287 4411 ὑπὸ
2322 4355 2432 4410 τῶν
2459 4355 2807 4410 ἀκουσάντων
2831 4356 2912 4418 εἰς
2962 4354 3107 4424 ὑμᾶς
3145 4353 3476 4427 ἐϐεϐαιώθη,
3529 4372 3753 4411 συνεπι-

2182 4446 2589 4520 μαρτυροῦντος
2630 4445 2724 4500 τοῦ
2772 4443 2911 4499 Θεοῦ
2951 4443 3224 4518 σημείοις,
3253 4446 3348 4500 καὶ
3399 4448 3618 4518 τέρασι,
3660 4450 3751 4503 καὶ

2107 4572 2153 4628 D
2182 4535 2455 4598 ποικίλαις
2482 4534 2767 4604 δυνάμεσι,
2798 4552 2816 4587 ι

2263 4627 2384 4681 Ἐτι
2434 4626 2534 4699 τῆς
2580 4625 3143 4698 συγκρίσεωςόλόγος
3177 4625 3317 4681 ὲστί.
3347 4626 3510 4696 Λέγει
3551 4626 3629 4693 δὲ,
3676 4629 3750 4693 ὡς

2176 4720 2279 4788 τῆς
2327 4716 2690 4787 εὐαγγελικῆς
2745 4716 3091 4779 διδασκαλίας
3124 4715 3382 4787 όΚύριος
3438 4716 3603 4780 αὐτὸς
3653 4718 3749 4789 ἦρ.

2179 4815 2305 4878 ξατο
2330 4829 2342 4843 ’
2377 4810 2493 4867 εἶτα
2523 4815 2572 4866 οἰ
2604 4812 2757 4866 αὐτοὶ
2801 4810 2893 4865 τοῦ
2949 4810 3156 4881 Κυρίου
3210 4809 3563 4875 ἀκούσαντες,
3602 4813 3748 4882 ἡμᾶς

498 4911 689 4965 eadem
724 4925 823 4964 nos
862 4910 1241 4972 confirmasse,
1278 4911 1386 4964 Deo
1421 4906 1644 4981 insuper
1690 4910 2065 4966 testimonium

2189 4908 2253 4969 εἰς
2286 4905 2490 4976 ταύτην
2519 4902 2872 4967 ἐϐεϐαίωσαν,
2904 4900 3509 4972 συνεπιμαρτυροῦντος
3563 4904 3745 4968 αὐτοῖς

500 5004 809 5073 adjiciente,
860 5018 956 5073 per
1004 5003 1267 5057 miracula
1298 5018 1419 5073 quae
1455 5003 1847 5073 przedicatores
1884 5013 2072 5075 patra-

500 5108 723 5150 verunt.

576 5205 593 5237 ι
632 5185 697 5239 Et
748 5185 989 5254 Spiritus
1026 5184 1201 5240 sancti
1243 5183 1734 5240 distributionibus
1767 5184 2073 5239 secundum

499 5294 655 5335 suam
703 5280 1061 5334 voluntatem.
1101 5297 1121 5330 ι

568 5370 696 5435 Alii,
740 5371 942 5439 inquit,
977 5376 1031 5424 et
1060 5370 1149 5423 alii
1185 5370 1427 5440 Spiritus
1467 5377 1691 5425 sanctus
1726 5368 1929 5423 donum
1965 5368 2070 5422 lar-

2170 4997 2265 5050 τοῦ
2290 4995 2425 5049 Θεοῦ
2452 4995 2518 5047 δι’
2543 4992 2764 5047 ἐκείνων
2789 4992 2897 5046 τῶν
2928 4991 3243 5062 θαυμάτων,
3281 4984 3355 5045 ὧν
3382 5007 3451 5061 κη
3462 4988 3742 5062 ρύττοντες

2173 5088 2491 5142 ἐπετέλουν.

2250 5201 2267 5231 ι
2303 5180 2414 5232 Καὶ
2436 5176 2752 5249 Πνεῦματος
2780 5176 2933 5246 ἁγίου
2983 5180 3273 5248 μερισμοῖς
3329 5175 3471 5237 κατά
3524 5178 3624 5247 τὴν
3654 5176 3742 5230 αὐ·

2174 5272 2267 5325 τοῦ
2294 5272 2535 5340 θέλησιν.
2566 5289 2584 5321 ι
3462 5306 3467 5313 .

2248 5364 2461 5432 Ἀλλῳ,
2514 5362 2677 5435 φησί,
2738 5362 2937 5417 δέδωκε
3005 5360 3255 5433 χάρισμα
3307 5353 3369 5414 ἢ
3410 5358 3635 5431 Πνεῦμα
3682 5360 3735 5414 τὲ

499 5462 641 5531 gitus
663 5469 781 5525 est;
808 5461 898 5513 alii
920 5460 1134 5531 quidem
1166 5460 1529 5532 prOphetiam,
1556 5460 1649 5513 alii
1669 5473 1798 5514 vero
1826 5458 2065 5530 linguas;

2189 5456 2349 5527 ὶγιον,
2399 5454 2476 5526 τῷ
2512 5452 2612 5527 μὲν
2674 5449 3036 5523 προφητείαν,
3066 5451 3146 5522 τῷ
3178 5450 3234 5505 δὲ
3265 5450 3542 5521 γλῶσσρι,
3582 5451 3660 5521 τῷ
3684 5450 3736 5504 δὲ

499 5554 876 5623 alterigratias
916 5555 1289 5622 sanationum,
1323 5554 1479 5609 alteri
1524 5553 1757 5609 alterum
1784 5552 2064 5625 quidpiam

2189 5552 2488 5623 [αρίσματα
2554 5547 2820 5619 ἰαμάτων,
2878 5546 3023 5618 ἄλλῳ
3072 5543 3202 5622 ἀλλο
3221 5562 3274 5601 τι
3301 5544 3412 5625 τῶν
3464 5542 3734 5615 παρισμῶ

498 5647 793 5699 donorum."

540 5825 585 5859 ⁸⁸
625 5823 786 5877 Hebr.
838 5840 932 5887 xu,
974 5826 1027 5879 4.

2173 5661 2297 5697 των.
