4048 6290
264 398 361 466 957

1417 403 1500 467 ΙΝ
1540 402 1782 466 EPIST.
1818 400 1919 461 AD
1942 402 2337 469 HEBRAEOS.

3415 408 3527 476 958

331 529 353 564 ι
395 510 651 585 Μιμηταὶ
677 511 735 567 δι
763 512 873 568 τῶν
902 512 992 568 διὰ
1016 514 1276 583 πίστεως,
1310 514 1407 570 καὶ
1449 514 1825 590 μακροθυμίας

2017 535 2036 568 ι
2074 514 2280 573 Verum
2321 516 2634 575 imitatores
2680 531 2876 575 eorum
2911 517 3005 591 qui
3041 518 3146 576 ﬁde
3175 527 3231 578 et
3260 520 3523 594 patientia

263 606 739 678 κληρονομούντων
770 608 871 671 τάς
904 609 1260 679 ἐπαγγελίας.
1315 628 1335 663 ι

327 699 443 754 Ἱνα
480 700 557 772 μὴ
586 700 899 771 νομίσωσιν,
929 699 1005 767 ὡς
1043 702 1260 768 οὐδενὸς
1291 702 1434 772 ἄξιοι
1462 702 1627 774 λόγου
1662 720 1835 759 κατα-

262 793 616 865 φρονηθέντες
659 796 1182 869 ἐγκατελείφθησαν,
1216 797 1337 852 ἀλλ’
1380 798 1582 853 ειδέναι
1615 796 1833 869 ἔχωσιν,

261 882 338 938 ὀτι
365 882 474 937 τῶν
505 882 740 955 μάλιστα
764 888 1030 954 γενναίων
1058 887 1270 962 ἀνδρῶν
1294 888 1453 944 τοῦτό
1485 891 1655 946 ἐστιν.

331 995 351 1029 ι
401 968 492 1046 Τῷ
518 975 629 1047 γάρ
668 977 923 1052 Ἀϐραὰμ
954 978 1423 1054 ἐπαγγειλάμενος
1467 982 1496 1037 ὀ
1525 981 1679 1051 Θεὸς,
1709 979 1837 1036 ἐπεὶ

260 1066 375 1122 κατ’
419 1066 635 1134 οὐδενὸς
685 1064 799 1144 εἶχε
870 1071 1120 1145 μείζονος
1176 1072 1415 1148 ὀμόσαι,
1477 1073 1661 1148 ὤμοσε
1710 1073 1837 1131 καθ’

259 1160 473 1226 ἐαυτοῦ,
507 1160 705 1231 λέγων.
760 1181 780 1216 ι

326 1252 728 1327 Καθαψάμενος
766 1256 969 1325 αὐτῶν,
1008 1258 1275 1330 γενναίως
1304 1260 1467 1317 πάλιν
1495 1263 1578 1328 είς
1610 1262 1837 1330 ἐλπίδας

258 1343 430 1415 φέρει,
477 1346 560 1401 ὅτι
603 1350 821 1404 πάντων
870 1351 1247 1421 ἐπιτεύξονται
1292 1354 1405 1408 τῶν
1438 1353 1832 1428 ἐλπιζομένων.

258 1437 587 1511 [προστίθησι
615 1440 674 1495 δὲ
694 1440 822 1507 τοὺς
844 1442 1091 1511 μισθοὺς,
1126 1445 1214 1502 ἵνα
1240 1445 1314 1517 μὴ
1343 1446 1675 1521 ἀποκάμωσι
1698 1448 1836 1522 πρὸς

254 1529 379 1593 τοὺς
398 1531 700 1601 καμάτους,
727 1532 823 1588 καὶ
855 1527 1331 1593 πιστοῦταῖτοῦτο
1356 1538 1423 1595 ἐκ
1454 1540 1837 1614 παραδειγμά-

255 1638 381 1677 των.
422 1623 605 1695 Ἐχων
637 1624 696 1680 ὀέ
740 1626 969 1692 πολλοὺς
1011 1629 1205 1697 είπεῖν,
1265 1630 1519 1705 Ἀϐραάμ
1554 1633 1636 1698 είς
1671 1633 1835 1706 μέσον

253 1715 395 1788 ἄγει,
428 1716 517 1771 διὰ
549 1718 610 1773 τὸ
638 1717 857 1792 ἀξῑωμα
888 1719 984 1777 τοῦ
1016 1721 1335 1796 προσώπου.

326 1826 346 1861 ι
403 1810 470 1864 Εί
518 1808 626 1883 μὴν
669 1811 909 1884 εὐλογῶν
948 1813 1231 1889 εὐλογήσω
1288 1834 1371 1885 σε,
1405 1818 1501 1875 καὶ
1545 1817 1834 1893 πληθύνων

250 1899 509 1974 πληθυνῶ
539 1916 619 1958 σε.
669 1917 690 1959 ι

316 1994 638 2065 Λεληθότως
669 1997 1078 2073 ἀναμιμνήσκει
1124 2000 1322 2067 αὐτοὺς
1351 2000 1460 2059 τῶν
1509 2004 1691 2076 ὅρκων
1734 2003 1830 2060 τοῦ

248 2086 508 2160 Χριστοῦ,
541 2081 617 2144 ὧν
668 2092 909 2164 συνεχῶς
956 2092 1165 2164 ἔλεγεν.
1215 2094 1425 2167 Ἀμὴν,
1476 2096 1641 2168 ἀμὴν
1677 2096 1833 2168 λέγω

247 2198 369 2250 σοι,
399 2187 435 2239 ό
477 2185 779 2242 πιστεύων
804 2189 890 2255 εις
930 2187 1057 2260 ἐμὲ,
1102 2190 1175 2246 οὐ
1198 2189 1287 2262 μὴ
1315 2189 1589 2263 ἀποθάνῃ
1611 2194 1700 2261 εις
1726 2190 1833 2246 τὸν

245 2280 351 2333 αἰῶ
358 2295 457 2334 να.

320 2391 339 2425 ι
393 2374 510 2430 Καὶ
539 2375 681 2432 οὕτω
709 2377 1167 2452 μακροθυμήσας,
1202 2378 1433 2452 ἐπέτυχε
1463 2379 1564 2450 τῆς
1594 2380 1830 2451 ἐπαγγε-

242 2462 383 2531 λίας.
425 2467 741 2542 ’Ἄνθρωποι
773 2470 873 2541 μὲν
905 2470 1015 2542 γάρ
1048 2469 1193 2526 κατὰ
1235 2470 1329 2526 τοῦ
1380 2470 1628 2544 μείζονος
1664 2472 1832 2545 ὀμνύ-

239 2581 382 2630 ουσι,
426 2566 527 2620 καὶ
564 2564 747 2640 πάσης
794 2568 981 2633 αὐτοῖς
1026 2568 1336 2638 ἀντιλογίας
1387 2569 1562 2641 πέρας
1610 2571 1689 2636 είς
1740 2570 1831 2642 βε-

239 2656 496 2725 ϐαίωσιν,
531 2654 561 2713 ὀ
595 2662 781 2731 ὅρκος.
823 2660 912 2714 Ἐν
938 2652 982 2729 ᾧ
1012 2661 1402 2733 περισσότερον
1449 2662 1772 2734 βουλόμενος
1799 2662 1830 2718 ὀ

236 2750 370 2817 Θεὸς
400 2751 672 2817 ἐπιδεῖξαι
705 2754 817 2819 τοῖς
848 2752 1209 2827 κληρονόμοις
1253 2754 1351 2827 τῆς
1385 2756 1739 2826 ἐπαγγελίας,
1768 2756 1831 2811 τὸ

232 2843 584 2915 ἀμετάθετον
627 2843 728 2918 τῆς
776 2844 978 2919 βουλῆς
1025 2847 1215 2913 αὑτοῦ,
1254 2847 1607 2920 ἐμεσίτευσεν
1654 2850 1825 2920 ὅρκῳ,

234 2937 321 2992 ἵνα
352 2937 446 2993 διὰ
466 2937 566 2992 δύο
595 2939 946 3010 πραγμάτων
974 2939 1353 3013 ἀμεταθέτων,
1374 2941 1434 2995 ἐν
1459 2934 1541 3007 οἷς
1564 2936 1828 2999 ἀδύνατον

231 3030 543 3104 ψεύσασθαι
579 3032 734 3100 Θεὸν,
760 3034 987 3107 ίσχυράν
1020 3033 1370 3110 παράκλησιν
1402 3035 1621 3108 ἔχωμεν
1647 3035 1699 3091 oi
1727 3052 1829 3093 κα.

227 3124 596 3196 ταφυγόντες.
633 3145 655 3181 ι

1936 609 2342 669 hmreditabunt
2373 610 2797 683 promissiones.
2822 630 2843 666 ι

2007 701 2086 760 Ne
2115 703 2329 760 scilicet
2355 704 2671 760 existiment
2700 720 2760 761 se
2788 705 2948 761 nihili
2999 704 3143 772 ﬁeri,
3176 715 3232 762 et
3261 714 3521 776 tanquam

1937 791 2381 864 contemptibiles
2420 792 2690 865 relinqui;
2723 793 2823 851 sed
2850 795 3032 852 sciant
3062 794 3165 851 hoc
3192 794 3367 866 magis
3400 809 3526 851 esse

1938 886 2166 944 fortium
2196 885 2467 944 virorum.

2009 977 2182 1036 Vsus.
2245 978 2337 1045 i5,
2388 974 2478 1035 14.
2543 996 2564 1033 ι
2601 978 2838 1037 Abrahae
2897 993 3137 1052 namque
3188 977 3523 1051 promittens

1935 1073 2106 1143 Deus,
2138 1074 2401 1147 quoniam
2432 1073 2707 1132 neminem
2738 1073 2929 1130 habuit
2955 1088 3055 1146 per
3077 1087 3241 1145 quem
3282 1072 3526 1143 iuraret.

1933 1166 2140 1241 juravit
2164 1183 2262 1239 per
2282 1168 2667 1239 semetipsum,
2694 1166 2904 1223 dicens.
2943 1185 2963 1222 ›

2006 1258 2306 1334 Postquam
2335 1276 2467 1334 ergo
2494 1275 2591 1318 eos
2608 1261 2836 1326 taxavit,
2859 1275 3011 1332 spem
3052 1274 3251 1315 rursus
3271 1258 3515 1329 ipsorum

1934 1354 2294 1413 vehementer
2345 1354 2570 1422 excitat,
2622 1353 2768 1426 quod
2804 1369 3003 1424 nempe
3044 1361 3392 1423 speratarum
3428 1367 3515 1407 re-

1938 1464 2064 1505 rum
2096 1448 2209 1505 sint
2230 1456 2511 1519 compotes
2546 1445 2743 1503 futuri.
2770 1445 3076 1501 Mercedem
3119 1454 3300 1500 autem
3343 1441 3515 1508 addit,
3578 1508 3585 1519 η
3648 1509 3656 1521 η

1938 1556 2010 1599 ne
2049 1548 2273 1612 propter
2329 1539 2555 1596 labores
2591 1537 2924 1594 concidant:
2958 1537 3013 1592 id
3065 1536 3214 1607 quod
3248 1533 3518 1604 exemplis

1936 1632 2155 1689 astruit.
2210 1628 2457 1702 Cumque
2512 1630 2719 1687 multos
2767 1630 2941 1685 citare
2999 1635 3207 1699 posset,
3239 1625 3518 1682 Abraham

1936 1721 2145 1796 profert
2175 1721 2231 1777 in
2263 1720 2526 1791 medium,
2566 1721 2637 1777 ob
2677 1735 2928 1793 persona:
2955 1718 3302 1790 dignitatem.

2009 1812 2127 1871 Nisi
2172 1813 2509 1871 benedicens
2573 1812 2898 1872 benedicatn
2958 1819 3011 1868 te
3038 1820 3094 1868 et
3136 1807 3517 1881 multiplicans

1862 1878 1906 1935 Β
1934 1908 2315 1980 multiplicabo
2336 1918 2407 1965 te.
2441 1925 2462 1961 ι

2006 2003 2195 2058 Tacite
2220 2017 2319 2059 eos
2338 2007 2562 2057 revocat
2599 2000 2666 2056 ad
2699 1998 3027 2056 memoriam
3075 1996 3518 2069 juramentorum

1932 2094 2283 2165 Christi,qui
2318 2092 2630 2165 frequenter
2668 2092 2907 2158 dicebat,
2967 2096 3157 2155 Amen,
3213 2106 3370 2145 auten
3396 2089 3515 2144 dico

1936 2187 2051 2257 tibi,
2078 2186 2169 2257 qui
2197 2184 2359 2241 credit
2374 2184 2431 2241 in
2458 2199 2558 2252 me,
2591 2201 2694 2240 non
2726 2185 2984 2239 morietur
3008 2182 3063 2238 in
3100 2190 3371 2239 cateruam.

2003 2366 2169 2422 Vens.
2210 2362 2399 2422 15-20.
2425 2382 2445 2418 ι
2477 2364 2545 2423 Ει
2574 2364 2657 2423 sic
2697 2362 3085 2437 longanimiter
3138 2361 3341 2426 ferens,
3382 2356 3515 2415 ade-

1933 2464 2061 2531 ptus
2092 2464 2179 2514 est
2217 2453 2735 2529 repromissionem.
2789 2453 3055 2512 Homines
3082 2454 3230 2509 enim
3270 2467 3367 2525 per
3393 2466 3515 2507 ma-

1928 2556 2106 2625 jorem
2157 2551 2246 2609 sui
2291 2549 2504 2623 iurant,
2536 2557 2594 2607 et
2631 2548 2813 2606 omnis
2866 2545 3259 2604 controversia
3318 2558 3513 2602 eorum

1933 2642 2061 2701 ﬁnis
2107 2642 2175 2700 ad
2228 2642 2709 2699 conﬁrmationem
2743 2646 2834 2698 est
2860 2637 3353 2711 juramentumJn
3404 2648 3516 2708 quo

1931 2735 2314 2793 abundantius
2343 2735 2539 2793 volens
2592 2730 2739 2791 Deus
2770 2731 3063 2790 ostendere
3094 2728 3515 2803 pollicitationis

1930 2828 2246 2886 haeredibus
2288 2824 2734 2883 immobilitatem
2761 2824 2980 2882 consilii
3040 2822 3149 2889 sui,
3181 2822 3517 2894 interposuit

1925 2919 2339 2993 jusjurandum.
2372 2916 2447 2974 Ut
2476 2930 2574 2990 per
2612 2914 2753 2973 duas
2788 2923 2880 2974 res
2918 2910 3255 2980 immobiles,
3305 2912 3514 2984 quibus

1927 3011 2274 3085 impossibile
2334 3017 2422 3068 est
2452 3008 2679 3067 mentiri
2712 3009 2905 3077 Deum,
2961 3002 3517 3065 fortissimumlulap

1928 3106 2065 3165 tium
2088 3106 2416 3171 habeamus,
2449 3101 2543 3177 qui
2574 3103 2953 3177 confugimus.
2992 3121 3012 3156 ι

314 3192 591 3274 Ἐνταῦθα
620 3218 778 3290 φοϐεῖ
805 3219 1027 3287 αὐτοὺς,
1062 3219 1277 3286 δεικνὺς
1298 3221 1382 3276 ὅτι
1413 3221 1677 3287 πολλάκις
1704 3221 1823 3277 δια-

1998 3195 2102 3255 Hic
2124 3197 2248 3256 illos
2270 3196 2505 3262 territat,
2529 3194 2903 3251 intermissam
2937 3192 3141 3264 sepius
3160 3197 3385 3265 prepter
3413 3205 3519 3263 pus

227 3309 502 3367 κόπτεται
528 3311 833 3381 ἐπαγγελία
859 3313 925 3367 δι’
959 3311 1337 3385 ὀλιγοψυχίαν.

296 3404 592 3473 Τουτέστι,
621 3404 683 3459 τὸ
713 3404 803 3461 διά
830 3408 1156 3480 πειρασμῶν
1180 3406 1389 3463 ὁδεύειν
1417 3411 1509 3463 τὸν
1545 3407 1681 3479 βίον.
1732 3408 1826 3463 Δεῖ

221 3496 303 3563 δὲ,
339 3498 503 3571 φησὶ,
538 3496 681 3570 μετά
710 3499 1094 3572 μακροθυμίας
1132 3500 1354 3557 ἅπαντα
1386 3500 1697 3572 φέρειν’καὶ
1732 3502 1822 3557 πί-

223 3604 421 3657 στεως.
468 3590 599 3646 Ἐἀν
623 3580 734 3663 γάρ
760 3591 913 3669 εἴπῃ,
939 3592 1024 3649 ὅτι
1046 3592 1252 3662 δίδωσι,
1280 3592 1378 3649 καὶ
1404 3589 1579 3667 λάϐῃς
1598 3593 1819 3662 εὐθέως,

217 3684 276 3739 τί
306 3684 407 3740 καὶ
442 3684 776 3750 ἐπίστευσας
795 3703 812 3756 3

300 3795 321 3830 ι
368 3777 674 3852 Κρατῆσαι
700 3778 799 3852 τῆς
822 3778 1196 3854 προκειμένης
1230 3778 1465 3847 ἐλπίδος,
1506 3781 1576 3854 ἢν
1611 3781 1687 3847 ὡς
1719 3781 1822 3853 ἄγ-

216 3888 405 3946 κυραν
434 3872 637 3944 ἔχομεν
664 3872 769 3945 τῆς
810 3873 991 3947 ψυχῆς
1016 3874 1232 3946 ἀσφαλῆ
1275 3892 1335 3930 τε
1378 3875 1473 3930 καὶ
1504 3874 1749 3947 βεϐαίαν.
1793 3898 1813 3933 ι

302 3962 447 4019 Ἀπὸ
478 3964 709 4031 τούτων,
741 3966 903 4037 φησὶ,
928 3967 998 4023 τά
1036 3967 1300 4040 μέλλοντα
1331 3970 1727 4043 στοχαζόμεθα.
1759 3972 1820 4025 Ei

212 4058 329 4131 γὰρ
364 4055 550 4115 ταῦτα
577 4060 718 4134 μετά
739 4060 997 4117 τοσοῦτον
1022 4060 1183 4134 ἐξέϐη
1227 4062 1441 4135 χρόνον,
1472 4066 1689 4129 πάντως
1718 4067 1819 4121 κά-

214 4154 398 4210 κεῖνα.
436 4153 605 4208 Ὥστε
648 4152 718 4209 τὰ
758 4154 895 4227 πρὸς
941 4153 1194 4227 Ἀϐραὰμ
1222 4158 1484 4229 γινόμενα
1527 4151 1818 4219 πιστοῦται

211 4245 370 4318 ἡμᾶς
395 4244 500 4302 καὶ
529 4246 658 4319 περὶ
684 4246 795 4303 τῶν
828 4247 1154 4321 μελλόντων.

287 4446 311 4483 ε
360 4430 483 4485 Καὶ
510 4429 925 4503 εἰσερχομένην.
939 4449 960 4485 ι

295 4520 393 4577 Ἐν
422 4520 509 4593 τῷ
540 4520 733 4595 κόσμῳ
766 4522 847 4577 ἔτι
881 4522 1064 4588 ϐντας,
1095 4521 1368 4580 δείκνυσιν
1407 4526 1467 4581 ἐν
1495 4526 1609 4592 τοῖς
1640 4526 1816 4600 ἐπητ.

1932 3289 2118 3349 sillum
2153 3291 2395 3345 animum
2420 3288 2847 3361 promissionem
2881 3285 3206 3344 ostendens.

2000 3380 2114 3437 Hoc
2138 3383 2242 3446 est,
2284 3379 2680 3437 tentationibus
2727 3375 2893 3435 vitam
2947 3378 3271 3450 transigere.
3342 3376 3517 3450 240

1929 3474 2155 3549 Oportet
2189 3489 2342 3543 vero,
2381 3473 2584 3547 inquit,
2617 3481 2817 3530 cuncta
2854 3473 3128 3546 patienter
3174 3478 3230 3529 et
3254 3486 3379 3528 cum
3408 3468 3514 3527 ﬁde

1929 3571 2191 3628 tolerare.
2235 3567 2295 3624 Si
2354 3571 2499 3625 enirn
2541 3582 2601 3624 se
2624 3562 2820 3637 largiri
2853 3565 3074 3636 dixerit,
3128 3564 3273 3638 quod
3324 3562 3511 3622 statim

1929 3660 2197 3733 accipias,
2221 3658 2353 3731 quid
2382 3658 2495 3730 jam
2527 3656 2866 3715 credideris?

2005 3773 2025 3807 ε
2058 3752 2143 3809 Ad
2182 3754 2475 3811 tenendam
2535 3751 2875 3823 propositam
2926 3767 3104 3824 spem,
3161 3768 3331 3825 quam
3365 3751 3514 3810 sicut

1926 3848 2227 3905 anchoram
2294 3846 2561 3903 habemus
2616 3845 2834 3914 animm,
2889 3850 3067 3901 tutam
3100 3860 3166 3902 ac
3216 3846 3452 3907 ﬁrmam.
3484 3865 3506 3903 ι

1997 3939 2079 3995 Ex
2104 3940 2215 4007 bis,
2256 3938 2457 4011 inquit,
2513 3951 2580 3996 ea
2612 3952 2737 4010 qua:
2769 3945 2901 3995 sunt
2932 3946 3169 3995 ventura
3224 3940 3510 4010 conjecta~

1927 4050 2070 4093 mus.
2124 4033 2184 4092 Si
2218 4032 2363 4091 enim
2393 4033 2498 4089 ista
2530 4040 2652 4103 post
2695 4039 2905 4087 tantum
2955 4033 3237 4104 temporis.
3273 4032 3515 4104 spatium

1925 4127 2147 4185 tandem
2174 4140 2426 4193 evenere,
2459 4126 2622 4198 plane
2646 4125 2736 4181 illa
2756 4125 2947 4184 etiam.
2984 4125 3356 4192 Quamobrem
3388 4140 3521 4197 qua}

1922 4221 2236 4279 Abrahamo
2258 4219 2403 4294 facta
2438 4227 2589 4287 sunt,
2616 4218 2778 4277 ﬁdem
2828 4234 3048 4293 quoque
3104 4218 3265 4276 nobis
3297 4216 3517 4281 faciunt

1925 4317 1994 4373 de
2031 4315 2257 4372 futuris.

2000 4426 2021 4461 ε
2060 4406 2128 4463 Et
2151 4406 2554 4466 incedentem.»

1996 4498 2253 4559 Ostendit
2282 4515 2379 4557 eos
2408 4500 2503 4571 qui
2532 4501 2587 4556 in
2618 4500 2827 4558 mundo
2860 4508 3150 4557 versantur
3176 4501 3378 4569 adhuc,
3414 4517 3533 4574 sps

207 4613 519 4687 γελμένοις
565 4613 656 4670 διὰ
695 4593 795 4686 τῆς
838 4614 1087 4681 ἐλπίδοςο
1130 4617 1229 4671 καὶ
1265 4617 1367 4672 οὐκ
1428 4614 1603 4684 εἶπεν,
1654 4593 1819 4693 hit-ei;

1936 4611 2147 4670 quoque
2192 4597 2249 4653 in
2290 4595 2459 4654 rebus
2509 4596 2801 4667 promissis
2832 4596 3067 4653 versari.
3122 4593 3311 4666 Neque
3347 4595 3529 4662 dixit,

207 4707 385 4779 ἐσμεν
428 4706 609 4774 ἔνδον,
638 4705 776 4762 άλλά
808 4708 945 4779 αὐτὴ
991 4709 1243 4782 είσῆλθεν
1294 4708 1465 4779 ἔνδον,
1497 4712 1636 4785 ὅπερ
1679 4712 1815 4787 ἀλη-

210 4800 487 4874 θέστερον
519 4795 588 4873 ἦν
618 4799 715 4855 καὶ
744 4799 1139 4875 πιθανώτερον.

285 4911 310 4947 ε
357 4893 461 4957 Εἰς
491 4892 557 4946 τὸ
582 4892 849 4965 ἐσώτερον
874 4891 969 4948 τοῦ
997 4892 1520 4967 καταπετάσματος.
1576 4914 1595 4948 ι

291 4986 456 5043 Ἀντί
486 4984 612 5052 τοῦ,
640 4988 720 5050 είς
747 4984 838 5041 τὸν
867 4987 1117 5058 οὐρανόν.

290 5097 312 5131 ι
358 5079 553 5134 Ὅπου
578 5079 885 5151 πρόδρομος
907 5080 1047 5152 ὑπὲρ
1068 5080 1228 5153 ἡμῶν
1249 5081 1497 5153 είσῆλθεν
1520 5082 1548 5137 ὀ
1579 5081 1811 5157 Ἰησοῦς,

206 5172 357 5227 κατά
384 5170 494 5245 τὴν
528 5170 683 5239 τάξιν
715 5172 1075 5243 Μελχισεδέκ.
1128 5192 1145 5227 ι

280 5265 579 5337 Εὔκαιρος
632 5268 664 5338 η
716 5267 811 5323 τοῦ
865 5269 1205 5340 προδρόμου
1256 5271 1543 5343 ὀνομασία,
1591 5274 1667 5339 ὡς
1720 5275 1816 5329 καὶ

208 5359 375 5445 ἠμῷν
408 5356 751 5429 ὀφειλόντων
785 5360 992 5418 λαϐεῖν.
1047 5365 1123 5416 Οὐ
1146 5362 1298 5421 ,πολὺ
1324 5365 1435 5437 γάρ
1463 5364 1558 5420 τοῦ
1586 5366 1816 5439 προδρόο

207 5470 315 5527 μου
351 5451 454 5506 καὶ
486 5451 601 5506 τῶν
632 5452 916 5525 ἑπομένων
945 5452 1005 5508 τὸ
1034 5455 1225 5526 μέσον.

286 5565 307 5600 ι
380 5546 715 5616 Ἀρχιερεὺς
744 5546 1037 5617 γενόμενος
1068 5548 1148 5613 είς
1177 5547 1269 5603 τὸν
1300 5549 1493 5605 αίῶνα.
1540 5570 1561 5604 ι

294 5632 438 5689 Ἰδοὺ
472 5632 579 5687 καὶ
612 5633 775 5707 ἑτέρα
826 5636 1197 5711 παράκλησις,
1245 5640 1298 5694 εί
1327 5656 1386 5712 γε
1418 5641 1531 5697 ἄνω
1574 5642 1604 5695 ὀ
1637 5644 1815 5717 ἱερεὺς

206 5724 398 5797 ἡμῶν,
439 5724 542 5780 καὶ
576 5724 711 5780 πολὺ
755 5726 980 5798 βελτίων
1008 5728 1099 5787 τοῦ
1132 5734 1281 5805 παρά
1336 5734 1629 5803 Ἰουδαίοις.

276 5905 294 5936 ⁸
316 5903 489 5969 Joan.
533 5919 598 5972 tt,
635 5905 727 5971 ‘25,

1920 4690 2075 4748 intus
2095 4687 2442 4756 exsistimus,
2465 4688 2561 4744 sed
2593 4689 2738 4761 quod
2768 4688 2887 4760 ipsa
2920 4704 3051 4760 spes
3080 4688 3231 4747 intus
3252 4689 3530 4762 ingressa.

1921 4782 1995 4841 sit
2028 4797 2043 4838 :
2070 4780 2126 4838 id
2157 4780 2305 4850 quod
2334 4779 2525 4837 verius
2560 4780 2996 4853 credibiliusque
3014 4787 3154 4838 erat.

1997 4892 2017 4929 ι
2056 4873 2115 4931 In
2148 4874 2410 4931 interiora
2430 4872 2738 4931 velaminis.
2773 4890 2794 4926 ι

1990 4964 2049 5021 Id
2080 4975 2164 5021 est
2194 4965 2252 5020 in
2287 4965 2509 5023 malum.

2000 5074 2021 5110 ι
2057 5055 2161 5114 Ubi
2178 5071 2491 5129 praecursor
2511 5072 2613 5129 pro
2638 5058 2803 5117 nobis
2824 5058 3071 5117 introivit
3097 5060 3280 5132 Jesus,
3304 5077 3509 5120 secun-

1918 5149 2051 5207 dum
2078 5151 2331 5207 ordinem
2364 5151 2824 5211 Melchisedech.)

1988 5243 2253 5315 Apposito
2301 5246 2647 5313 prwcursaris
2715 5249 2943 5306 nomine
2998 5249 3204 5320 utitur,
3242 5259 3525 5325 tanquam...

1918 5352 2020 5394 nos
2052 5336 2289 5393 subinde
2345 5338 2624 5409 accepturi
2650 5340 2846 5398 simus.
2872 5341 2997 5399 Non
3026 5344 3172 5399 enim
3202 5343 3362 5403 valde
3413 5344 3501 5401 div

1918 5436 2416 5501 stantprzecursor,
2442 5439 2497 5486 et
2527 5433 2623 5502 qui
2648 5434 2828 5506 ipsum
2852 5444 3184 5508 sequuntur.

2001 5543 2019 5577 ‹
2045 5522 2306 5581 Pontifex
2330 5523 2514 5581 factus
2544 5526 2599 5582 in
2629 5534 2921 5585 aeternum.
2954 5548 2974 5582 ι
3205 5527 3210 5532 ’

1992 5617 2077 5673 En
2118 5625 2175 5674 et
2206 5616 2643 5675 consolationem
2703 5621 2956 5677 alteram.
2994 5619 3129 5678 Nam
3159 5622 3207 5680 si
3253 5620 3518 5694 pontifex;

1925 5721 2111 5770 noster
2141 5711 2197 5766 in
2232 5710 2488 5782 supernis
2514 5721 2618 5784 est,
2637 5714 2798 5788 longe
2832 5715 3181 5790 praestantior
3216 5724 3304 5777 est
3358 5730 3519 5790 non»

1925 5804 2070 5863 tiﬁce
2105 5802 2446 5864 Judatorum.
