4048 6290
260 366 356 424 960

1365 374 1450 438 IN
1491 373 1735 438 EPIST.
1775 373 1876 435 AD
1909 355 2308 436 assumes:

3399 367 3524 434 970,

332 502 351 537 ι
389 480 748 555 Ὑπεράνωδὲ
778 478 952 554 αὑτῆς
971 478 1257 553 Χερουϐὶμ
1296 480 1478 554 δόξης,
1513 480 1821 538 κατασκιά-
1849 520 1861 547 Α

1995 477 2164 538 Vitas.
2187 478 2309 534 5-7.
2333 493 2354 533 ι
2378 475 2664 550 Superque
2683 490 2804 534 eam
2825 475 3297 533 eranthcrnhim
3324 476 3514 550 gloria:

258 574 411 640 ζοντα
431 573 491 626 τὸ
520 572 854 644 ἱλαστήριον.
895 590 915 624 ι

339 665 476 720 ’Δντὶ
491 663 610 730 τοῦ,
647 663 718 719 τὰ
742 663 955 729 ῐνδοξα.

326 776 346 810 ι
372 756 507 828 Περὶ
541 751 617 812 ὧν
641 757 748 812 οὐκ
779 753 899 814 ἔστι
939 756 1036 813 νῦν
1078 756 1262 830 λέγειν
1284 755 1429 812 κατὰ
1459 756 1650 830 μέρος.
1691 754 1830 811 Τού-

1931 573 2321 631 obumbrantia
2351 571 2823 645 propitiatorium.
2857 588 2877 622 ι

2003 661 2062 720 Id
2079 672 2183 731 est,
2217 663 2406 736 gloria:
2428 663 2612 736 plena.

2001 755 2166 830 αδδ
2192 775 2213 811 ι
2253 754 2332 812 De
2360 753 2566 828 quibus
2597 765 2709 809 non
2739 760 2827 810 est
2858 751 3022 809 modo
3069 750 3367 808 dicendum
3416 767 3514 822 per

255 865 361 906 των
393 847 448 903 δὲ
477 848 624 904 οὕτω
642 849 1200 923 κατεσκευασμένων,
1236 853 1320 916 είς
1352 850 1452 921 μὲν
1471 849 1574 922 τὴν
1605 848 1832 922 πρώτην

1962 849 2176 922 ἱιικιιιο.
2203 846 2305 906 Bis
2338 862 2472 906 vero
2506 848 2583 904 ita
2617 845 2963 917 compositis,
2991 845 3048 900 in
3090 845 3262 918 priori
3291 845 3513 917 quidem

257 937 457 1010 σκηνὴν
481 939 568 993 διὰ
606 941 810 1004 παντὸς
863 940 1101 995 εἰσίασιν
1143 941 1197 996 oi
1235 942 1426 1015 ἱερεῖς,
1450 939 1553 1006 τὰς
1575 939 1832 1014 λατρείας

1962 941 2298 1003 aberuculo
2341 951 2560 1012 semper
2623 938 2918 995 introeunt
2968 937 3290 996 sacerdotes
3343 937 3516 994 oﬂicia

258 1026 651 1096 ιπιτελοῦντες,
675 1035 755 1096 εις
788 1033 847 1089 δὲ
864 1033 962 1106 τὴν
981 1033 1242 1106 δευτέραν
1272 1051 1294 1088 ι

336 1123 425 1187 Ὠς
457 1123 673 1197 μακροῦ
700 1123 934 1195 δεόμενα
961 1123 1125 1194 λόγου
1144 1163 1161 1182 .

332 1230 351 1266 ι
384 1211 571 1282 ’Δπαξ
589 1212 681 1268 τοῦ
701 1213 950 1269 ἐνιαυτοῦ
986 1213 1146 1286 μόνος
1185 1215 1214 1269 δ
1243 1215 1561 1288 ἀρχιερεὺς,
1608 1217 1671 1272 οὐ
1711 1234 1828 1288 χω-

1934 1043 2391 1092 consummantes
2423 1053 2436 1088 :
2462 1036 2519 1089 in
2546 1032 2793 1092 secundo
2817 1039 3006 1089 autem
3043 1051 3062 1085 ι

2009 1127 2080 1186 Ut
2107 1143 2232 1202 quas
2265 1127 2555 1202 prolixiori
2587 1141 2848 1184 sermone
2875 1141 3018 1198 opus
3045 1127 3306 1183 habeant.

2012 1239 2033 1275 ι
2071 1221 2251 1278 Semel
2283 1221 2341 1275 in
2375 1231 2520 1275 anno
2578 1219 2731 1275 solus
2762 1217 3032 1289 pontifex,
3074 1234 3184 1274 non
3227 1218 3349 1276 sine
3387 1230 3520 1272 san-

260 1308 344 1379 ρὶς
375 1305 631 1376 αἵματος,
657 1305 686 1360 δ
708 1308 1008 1380 προσφέρει
1036 1307 1177 1380 ὑπὲρ
1201 1308 1427 1375 ἑαυτοῦ,
1471 1309 1570 1363 καὶ
1595 1309 1706 1363 τῶν
1738 1309 1835 1364 τοῦ

1962 1313 2131 1384 ιιιίηε,
2163 1327 2332 1383 quam
2375 1313 2535 1368 oﬂ'ert
2564 1327 2665 1384 pro
2702 1327 2800 1368 sua
2833 1320 2890 1367 et
2927 1311 3110 1384 populi
3145 1311 3471 1383 ignorantiis
3503 1328 3517 1366 :

256 1395 387 1452 λαοῦ
409 1399 797 1472 ἀγνοημάτων,
825 1398 986 1454 τοῦτο
1026 1399 1314 1472 δηλοῦντος
1368 1401 1462 1454 τοῦ
1516 1400 1836 1473 Πνεύματος

1968 1406 2132 1463 Vas.
2165 1404 2226 1481 8]
2278 1405 2382 1461 hoc
2448 1404 2794 1478 signiﬁcante
2845 1405 3052 1476 Spiritu
3121 1412 3335 1473 sancto,
3382 1420 3521 1460 non-

257 1489 437 1559 ἁγίου,
469 1490 640 1561 μήπω
668 1507 688 1542 ι

327 1580 451 1637 Ἵνα
481 1581 560 1654 μὴ
581 1582 835 1652 λέγωσιν,
867 1583 951 1637 δτι
973 1581 1099 1646 Πῶς
1147 1583 1248 1655 μία
1291 1583 1450 1639 θυσία
1486 1584 1842 1640 τετελείωκεν

1941 1502 2070 1558 dum
2097 1523 2116 1555 ι

2012 1591 2092 1650 Nc
2113 1594 2419 1666 objicerent
2451 1611 2463 1647 ι
2501 1592 2605 1659 Qui
2660 1591 2864 1648 factum
2922 1601 3008 1647 est
3045 1599 3106 1648 ut
3142 1607 3248 1648 una
3300 1592 3525 1647 victima

255 1673 336 1738 εἰς
360 1671 421 1727 τὸ
478 1673 765 1745 διηνεκές;
802 1674 1076 1730 δείκνυσιν
1128 1676 1300 1746 αὐτὴν
1343 1677 1550 1732 ἄνωθεν
1599 1678 1712 1733 ἀπὸ
1746 1678 1840 1734 τοῦ

1962 1702 2000 1742 n
2037 1685 2435 1758 sempiternum
2468 1685 2936 1740 consummaverit
2959 1685 2982 1739 Ἰ
3003 1685 3243 1740 ostendit
3266 1700 3384 1740 eam
3410 1684 3524 1754 jam

255 1765 568 1838 ἀρχιερέως
613 1771 1138 1840 προτετυπωμένην.
1183 1768 1250 1822 Et
1300 1785 1365 1838 γε
1411 1771 1690 1845 άγιωτέρα
1745 1773 1842 1830 καὶ

1962 1775 2157 1843 pridem
2192 1789 2225 1832 a
2261 1790 2482 1832 summo
2521 1774 2808 1830 sacerdote
2841 1789 2964 1830 esse
3000 1773 3311 1843 ﬁguratam.
3354 1772 3528 1839 Quin-

258 1858 488 1932 φρικτὴ,
519 1860 622 1932 μία
664 1854 756 1934 ἦν,
810 1860 906 1916 καὶ
956 1861 1122 1926 πῶςὸ
1151 1860 1447 1935 ἀρχιερεὺς
1487 1864 1639 1935 ἅπαξ
1673 1882 1846 1940 προσ-

395 1967 457 2023 εἰ

159 2060 161 2063 ·
254 1949 816 2119 ιφἷριῖεςρανερῶσθαι
857 2047 960 2120 τὴν
1006 2049 1117 2106 τῶν
1169 2052 1344 2122 ἁγίων
1391 2052 1551 2120 όδδν,
1597 2052 1682 2108 ἔτι
1746 2051 1844 2125 τῆς

253 2135 488 2210 πρώτης
530 2139 740 2213 σκηνῆς
791 2139 1023 2215 ἑκούσης
1084 2143 1297 2212 στάσιν,
1345 2145 1471 2218 ητις
1503 2145 1789 2220 παραϐολὴ
1822 2164 1842 2200 ι

337 2321 763 2393 ’Δπεκρύπτετο
815 2323 1090 2396 ἐνταῦθα,
1152 2330 1319 2403 φησὶν
1351 2374 1367 2400 ,
1420 2331 1456 2403 η
1510 2329 1754 2405 προτέρα
1795 2341 1848 2399 ς,

255 2415 453 2488 ἐπειδὴ
494 2415 669 2482 οὕτως
702 2417 1022 2493 ἐνειστήκει
1067 2422 1242 2496 αὐτῆς
1294 2426 1325 2479 ό
1381 2425 1595 2500 καιρός.
1633 2422 1744 2481 Ἦν
1792 2427 1852 2482 δὲ

250 2501 438 2606 οὗτος,
465 2510 494 2564 δ
525 2509 626 2606 της
657 2511 954 2584 ἐπιδημίας
975 2512 1072 2568 τοῦ
1112 2515 1376 2589 Χριστοῦ,
1405 2516 1470 2572 δι’
1498 2511 1564 2574 ob
1590 2517 1685 2574 καὶ
1717 2518 1852 2590 ἑφα-

253 2598 502 2673 νερώθη.

332 2715 355 2750 ι
381 2698 484 2761 Εἰς
503 2695 597 2751 τὸν
628 2694 824 2767 καιρὸν
857 2697 947 2753 τδν
968 2699 1325 2771 ἐνεστηκότα,
1356 2701 1480 2757 καθ’
1504 2702 1564 2756 ὃν
1596 2701 1746 2774 δῶρά
1789 2717 1855 2758 τι

252 2792 355 2843 καὶ
386 2788 577 2843 θυσίαι
603 2787 1028 2860 προσφέρονται,
1085 2789 1160 2862 μὴ
1211 2791 1488 2862 δυνάμενα
1528 2793 1674 2848 κατὰ
1725 2811 1854 2850 συν-

250 2880 476 2952 είδησιν
498 2879 789 2934 τελειῶσαι
821 2879 911 2936 τδν
931 2879 1287 2954 λατρεύοντα.
1327 2902 1348 2936 ι

328 2971 662 3038 Τουτέστιν,
683 2973 712 3026 ὁ
736 2974 906 3038 τύπος
964 2975 1178 3044 γέγονε,
1220 2974 1346 3030 καθ’
1391 2975 1451 3032 δν
1480 2975 1634 3048 δῶρά
1663 2994 1724 3032 τε
1759 2979 1856 3035 καὶ

250 3064 452 3119 θυσίαι
481 3063 912 3135 προσφέρονται,
947 3065 1024 3137 μὴ
1052 3066 1350 3138 δυνάμεναι
1377 3070 1518 3126 κατὰ
1545 3071 1854 3145 συνείδησιν

247 3154 559 3212 τελειῶσαι
586 3156 679 3213 τὸν
705 3157 1058 3229 λατρεύοντα.

323 3335 401 3390 Ai
437 3334 556 3406 γὰρ
585 3333 788 3401 θυσίαι,
814 3336 876 3389 οὐ
911 3335 1003 3391 τδν
1028 3335 1137 3392 άπὸ
1165 3336 1345 3410 ψυχῆς
1387 3339 1564 3412 ῥύπον
1596 3341 1854 3411 ἠφίεσαν,

243 3427 375 3483 ἀλλ’
403 3427 498 3483 ἔτι
530 3426 664 3498 περὶ
695 3426 857 3501 σῶμα
897 3422 1063 3501 ἦσαν,
1101 3429 1244 3484 κατὰ
1270 3430 1433 3503 νόμον
1459 3433 1736 3505 σαρκικῆς
1768 3434 1858 3487 ὲν-

244 3520 448 3594 τολῆς.
480 3520 562 3575 Οὐ
611 3519 720 3592 γὰρ
772 3520 839 3594 δὴ
864 3521 1141 3596 μοιχείαν,
1194 3520 1290 3578 καὶ
1321 3522 1540 3596 φθόνον-
1569 3524 1692 3580 οὐδδ
1717 3525 1856 3599 lepo-

243 3613 463 3670 συλίαν
485 3613 708 3686 ἀφιέναι
727 3611 1010 3684 ἠδύναντο.

327 3811 351 3846 ε
390 3790 593 3848 Μόνον
625 3788 720 3846 tati.
748 3786 1026 3863 βρώμασι,
1057 3790 1153 3851 καὶ
1183 3790 1412 3864 πόμασι,
1440 3793 1534 3847 καὶ
1581 3792 1860 3864 διαφόροις

245 3884 637 3958 βαπτισμοῖς.
675 3900 698 3936 s
743 3898 748 3904 '
774 3886 778 3889 ί

271 3975 652 4042 ιΔοκοῦντα,
680 3973 868 4049 φησιν,
897 3973 1186 4049 καθαίρειν
1218 3977 1320 4050 τὴν
1345 3974 1552 4051 σάρκα.

328 4089 354 4144 ε
388 4068 521 4126 Καὶ
541 4065 879 4140 δικαιώμασι
909 4066 1134 4140 σαρκὸς,
1189 4069 1357 4141 μέχρι
1410 4069 1608 4145 καιροῦ
1635 4069 1864 4144 διορθώ.

245 4173 404 4228 σεως
481 4154 836 4230 διακείμενα.
867 4160 1105 4235 Χριστὸς
1149 4161 1211 4216 δὲ
1256 4163 1702 4238 παραγενόμενος
1727 4166 1866 4242 ἀρχ-

243 4259 458 4333 ιερεὺς
483 4254 604 4310 τῶν
627 4252 927 4327 μελλόντων
950 4254 1194 4324 ἀγαθῶν,
1240 4273 1262 4309 ι

322 4345 979 4422 Καιρὸνδιορθώσεως,
1000 4346 1095 4404 τὸν
1121 4348 1224 4420 τῆς
1243 4350 1551 4422 παρουσίας
1583 4350 1742 4407 καλεῖ
1767 4350 1865 4408 τοῦ

242 4438 548 4518 Χριστοῦ.
569 4436 738 4510 Λέγει
763 4433 859 4494 οὖν
895 4439 980 4494 δτι
1014 4439 1267 4512 ὠφέλιμα
1294 4437 1362 4515 ἦν
1399 4442 1508 4514 πρὸ
1530 4443 1629 4499 τοῦ
1669 4445 1864 4518 καιροῦ

235 4537 359 4610 τῆς
395 4534 783 4608 διορθώσεως,
807 4533 949 4606 μετὰ
972 4533 1031 4588 δὲ
1056 4534 1236 4590 ταῦτα
1266 4536 1548 4610 ἀνωφελῆ.

329 4647 356 4684 ε
397 4627 520 4683 Διὰ
567 4623 672 4698 τῆς
722 4625 971 4698 μείζονος
1028 4625 1125 4681 καὶ
1161 4626 1505 4701 τελειοτέρας
1548 4632 1781 4705 σκηνῆς,
1803 4633 1867 4688 ού

241 4717 699 4795 χειροποιήτου,
716 4717 997 4772 τουτέστιν
1021 4717 1085 4772 ού
1119 4720 1322 4792 ταύτης
1353 4722 1452 4793 τῆς
1472 4723 1726 4788 κτίσεως,
1748 4725 1872 4780 οὐδὲ

241 4814 322 4869 δι’
372 4811 633 4882 αἵματος
653 4807 876 4881 τράγων
920 4809 1019 4864 καὶ
1075 4809 1318 4882 μόσχων,
1351 4811 1442 4866 διὰ
1466 4812 1527 4868 δὶ
1580 4814 1676 4869 τοῦ
1736 4816 1869 4870 ίδίου

241 4904 523 4976 αἵματος
548 4900 797 4974 εἰσῆλθεν
827 4902 1051 4974 ἐφάπαξ
1103 4905 1184 4969 είς
1215 4903 1286 4959 τὰ
1314 4905 1501 4974 Ἀγια,
1547 4905 1773 4963 αἰωνίαν
1787 4908 1872 4962 λύε-

245 5014 494 5072 τρωσιν
518 4995 844 5067 εὑράμενος.
876 4997 939 5051 Ei
968 4998 1080 5071 γάρ
1103 4998 1162 5052 τὸ
1195 4995 1335 5071 αἷμα
1359 4999 1578 5073 ταύρων
1616 5000 1708 5055 καὶ
1737 5001 1871 5074 τράο

242 5108 403 5164 γων,
438 5087 550 5142 καὶ
577 5088 772 5152 σποδὸς
812 5088 1103 5162 δαμάλεως
1145 5090 1477 5164 ῥαντίζουσα
1521 5094 1646 5159 τοὺς
1674 5113 1872 5151 -κεκοιι

241 5181 570 5256 νωμένους
590 5178 808 5249 ἁγιάζει
833 5182 971 5254 πρὸς
999 5183 1101 5252 τὴν
1127 5182 1229 5255 τῆς
1260 5184 1465 5256 σαρκὸς
1501 5185 1868 5260 καθαρότητα,

246 5275 429 5346 πόσῳ
460 5271 678 5342 μᾶλλον
706 5273 771 5327 τὺ
800 5267 941 5345 αἷμα
977 5273 1073 5329 τοῦ
1098 5275 1360 5348 Χριστοῦ,
1397 5276 1458 5343 δς
1490 5278 1582 5333 διὰ
1623 5279 1875 5352 Πνεύμα-

243 5386 350 5435 τος
411 5363 595 5436 ἁγίου
639 5365 834 5422 ἑαυτὸν
886 5368 1264 5440 προσήνεγκεν
1325 5371 1559 5443 ἄμωμον
1612 5372 1691 5443 τῷ
1728 5373 1870 5442 Θεῷ,

246 5460 560 5532 καθαριεῖ
587 5458 689 5532 τὴν
723 5459 1029 5533 συνείδησιν
1063 5462 1217 5534 ὑμῶν
1244 5464 1355 5518 ἀπὸ
1378 5466 1589 5539 νεκρῶν
1619 5467 1818 5540 ἔργων,
1848 5486 1868 5519 »

1951 1869 2061 1926 imo
2115 1869 2163 1926 si
2214 1868 2464 1925 sanctior
2497 1866 2589 1923 illa
2629 1877 2681 1922 et
2734 1866 3006 1922 terribilis
3041 1880 3149 1919 una
3191 1877 3331 1930 erat,
3361 1881 3526 1921 eccur

1950 1976 1980 2016 a
2011 1961 2272 2034 pontiﬁce
2300 1962 2470 2019 semel
2491 1959 2871 2018 oﬂerebatur?

2027 2072 2046 2107 ι
2083 2053 2430 2127 Propalatam
2458 2068 2581 2111 esse
2605 2061 2924 2112 sanctorum
2945 2053 3109 2119 viam,
3148 2051 3327 2108 adhuc
3347 2051 3531 2121 priore

1949 2144 2309 2201 tabernaculo
2360 2143 2598 2203 habente
2631 2152 2857 2212 statum,
2890 2141 3087 2218 [Vens
3111 2142 3167 2215 9]
3193 2144 3336 2214 quod
3375 2159 3532 2215 para-

1951 2238 2074 2295 bola
2109 2244 2196 2294 est
2237 2254 2258 2292 ι

2019 2331 2134 2387 lllic
2167 2330 2608 2388 abscondebatnr
2641 2329 2969 2397 secundum,
2992 2329 3195 2401 inquit,
3229 2330 3356 2401 quia
3398 2343 3534 2384 non-

1953 2422 2084 2478 dum
2107 2423 2228 2494 ejus
2261 2429 2479 2494 tempus
2511 2421 2702 2477 aderat
2731 2440 2744 2477 :
2777 2429 2996 2492 tempus
3036 2422 3226 2492 utique
3257 2422 3534 2479 adventus

1953 2514 2184 2583 Christi,
2219 2530 2319 2588 per
2349 2530 2513 2587 quem
2545 2515 2680 2570 illud
2712 2515 3060 2586 propalatum
3095 2513 3224 2571 fuit.

2031 2714 2052 2748 ι
2086 2693 2376 2766 Temporis
2431 2692 2714 2760 instantis,
2765 2692 2920 2764 iuxta
2986 2693 3131 2764 quod
3193 2707 3422 2749 munera
3477 2701 3536 2750 et

1955 2788 2152 2848 hostias
2201 2785 2533 2852 offeruntur,
2588 2799 2710 2856 quae
2768 2800 2874 2840 non
2937 2794 3172 2857 possunt
3212 2784 3368 2857 juxta
3398 2800 3537 2841 con-

1956 2879 2245 2937 scientiam
2277 2877 2579 2952 perfectum
2613 2877 2798 2933 facere
2832 2877 3186 2935 servientem.
3223 2895 3242 2930 ι

2028 2968 2144 3026 lloc
2196 2978 2300 3036 est,
2370 2967 2542 3041 ﬁgura
2594 2965 2802 3022 factum
2853 2974 2960 3033 est,
3016 2966 3318 3023 secundum
3368 2982 3536 3038 quam

1958 3063 2102 3120 dona
2154 3070 2210 3118 et
2256 3060 2528 3119 sacriﬁcia
2560 3057 2958 3119 oﬂ‘erebantur,
2991 3073 3114 3130 qua:
3158 3074 3268 3114 non
3312 3065 3542 3131 possent

1881 3179 1926 3238 ο
1958 3152 2263 3212 secundum
2317 3151 2720 3208 conscientiam
2798 3148 3101 3222 perlectum
3175 3149 3361 3206 facere
3416 3149 3540 3208 cul-

1959 3255 2159 3303 torem.

2027 3339 2283 3395 Victima:
2347 3336 2620 3410 siquidem
2685 3336 2963 3392 maculam
3042 3335 3111 3392 ab
3165 3337 3348 3392 anima
3428 3333 3542 3393 nun

1960 3433 2316 3502 auferebant;
2365 3433 2461 3490 sed
2497 3431 2679 3488 adhuc
2710 3431 2859 3487 circa
2901 3447 3104 3502 corpus
3147 3432 3539 3499 versabantur,

1959 3542 2062 3599 pro
2090 3527 2208 3593 lege
2256 3523 2503 3581 mandati
2545 3522 2810 3580 carnalis.
2847 3517 3064 3579 Etenim
3118 3539 3229 3583 non
3286 3532 3544 3596 poterant

1961 3617 2320 3685 adulterium,
2352 3615 2440 3675 vel
2495 3615 2878 3682 invidentiam,
2926 3615 3016 3672 vel
3049 3616 3402 3689 sacrilegium
3445 3632 3544 3673 ex-

1960 3713 2134 3786 piare.

2028 3825 2049 3860 ι
2085 3803 2443 3862 Solummodo
2467 3804 2525 3860 in
2561 3802 2725 3870 cibis,
2750 3802 2806 3858 in
2840 3802 3180 3874 potionibus,
3225 3801 3420 3876 ιγειιε.
3452 3802 3543 3876 10]

1957 3909 2016 3957 et
2035 3899 2206 3955 variis
2225 3897 2673 3970 baptismatibus.
2713 3914 2734 3950 ι

2036 3993 2169 4061 Qum
2203 3994 2560 4065 putabantur.
2595 3989 2799 4062 inquit,
2843 4005 3066 4046 carnem
3111 3989 3402 4048 mundare.

2044 4103 2063 4136 ε
2100 4082 2167 4138 Et
2196 4081 2692 4154 justificationibus
2744 4081 2953 4146 carnis,
3007 4098 3183 4153 usque
3214 4082 3282 4137 ad
3323 4091 3543 4152 tempus

1963 4174 2330 4234 correctionis
2363 4172 2644 4245 imposita.
2674 4170 2868 4248 [VERS.
2903 4170 3017 4244 ll.]
3055 4173 3311 4230 Christus
3359 4184 3547 4229 autem

1966 4268 2235 4327 assistens
2265 4265 2508 4339 pontifex
2549 4266 2862 4322 futurorum
2900 4266 3195 4330 bonorum,
3239 4283 3259 4316 ι

2037 4354 2262 4426 Tempus
2316 4355 2701 4420 correctionis,
2748 4360 2971 4425 tempus
3015 4353 3290 4409 adventus
3334 4353 3543 4410 Christi

1969 4455 2273 4517 nuncupat.
2313 4446 2404 4500 Ait
2435 4460 2568 4517 ergo
2603 4445 2719 4500 haec
2749 4444 2961 4516 iuvisse
3007 4454 3136 4501 ante
3176 4453 3393 4516 tempus
3422 4461 3548 4501 cor-

1896 4523 1942 4585 υ
1971 4538 2266 4603 rectionis,
2297 4535 2530 4608 posthac
2547 4549 2678 4591 vero
2711 4534 2926 4591 inutilia
2950 4533 3142 4592 fuisse.

2048 4649 2069 4682 ε
2107 4629 2212 4685 Per
2259 4627 2496 4707 amplius
2533 4635 2588 4685 et
2639 4625 2938 4697 perfectius
2965 4627 3385 4684 tabernaculum
3434 4642 3548 4682 non

1973 4722 2371 4788 manufactum,
2400 4720 2452 4775 id
2495 4726 2602 4785 est,
2634 4734 2744 4774 non
2785 4718 2952 4789 hujus
2983 4711 3312 4787 creationis;
3353 4717 3546 4792 [νεεδ.

1977 4811 2171 4887 12-14]
2201 4827 2380 4884 neque
2443 4826 2540 4882 per
2578 4810 2902 4881 sanguinem
2934 4810 3230 4866 vitulorum
3272 4822 3323 4867 et
3368 4811 3551 4866 hirco-

1973 4921 2123 4971 rum,
2153 4905 2245 4960 sed
2284 4918 2384 4975 per
2414 4905 2696 4975 proprium
2723 4902 3041 4974 sanguinem
3094 4904 3341 4958 introivit
3385 4905 3553 4960 semel

1975 4998 2031 5053 iu
2061 4997 2286 5064 Sancta,
2319 5005 2522 5052 :etcrna
2577 4995 2954 5068 redemptione
3017 4997 3256 5052 inventa.
3318 4997 3372 5053 Si
3405 4997 3555 5054 enim

1977 5091 2206 5162 sanguis
2260 5088 2547 5145 hircorum
2597 5097 2654 5144 et
2703 5097 3017 5156 taurorum,
3081 5102 3136 5147 et
3183 5091 3326 5146 cinis
3370 5091 3556 5147 vitula:

1979 5198 2265 5255 aspersus,
2296 5179 2616 5253 inquinatos
2645 5181 2953 5239 sanctiﬁcat
2996 5181 3063 5237 ad
3112 5182 3556 5239 emundationem

1980 5277 2164 5335 carnis
2192 5295 2207 5332 :
2239 5285 2449 5350 quanto
2476 5275 2650 5349 magis
2672 5275 2899 5349 sanguis
2931 5274 3157 5344 Christi,
3186 5275 3280 5348 qui
3302 5291 3398 5347 per
3427 5274 3558 5348 Spi-

1983 5371 2150 5431 ritum
2174 5379 2429 5425 sanctum
2482 5369 2840 5439 semetipsum
2903 5367 3108 5430 obtulit
3163 5367 3557 5425 mmaculatum

1979 5461 2113 5528 Deo,
2148 5462 2469 5520 emundabit
2501 5461 2895 5520 conscientiam
2939 5468 3179 5520 vestram
3209 5460 3278 5517 ab
3298 5458 3560 5533 operibus

1986 5554 2242 5620 mortuis,
2285 5574 2303 5606 ι

1601 5729 1838 5788 VARLE
1880 5731 2291 5795 LECTIONES.

335 5826 369 5868 ’ἴ
402 5819 670 5879 Omnino
701 5819 988 5892 legendum
1014 5830 1122 5891 est,
1150 5822 1403 5898 δευτέρα.

635 5912 908 5974 Ριτιιοι.
957 5914 1075 5978 Gtt.
1122 5916 1305 5979 XCV.

3162 5927 3232 5992 31
