4048 6290
549 373 655 442 971

1863 382 2654 454 JOANNISIDAMASCENI

3717 395 3852 462 972.

621 485 720 545 Vel
765 487 971 546 Christi
1003 503 1224 546 carnem
1259 490 1387 548 istic
1423 489 1625 559 innuit,
1658 491 1762 547 :vel
1791 489 2125 550 'Ecclesiam.

2308 497 2421 570 Τὴν
2453 500 2634 571 σάρκα
2666 500 3095 571 λέγει·ιένταῦθα,
3131 503 3165 577 ἢ
3197 503 3296 577 τὴν
3341 501 3688 578 Ἐκκλησίαν.

626 600 646 634 ι
670 581 748 636 Ad
785 582 1133 639 serviendum
1163 582 1274 640 Deo
1309 583 1557 640 viventi?
1589 603 1606 636 ι

620 673 719 730 llic
749 675 997 730 notiﬁcat
1055 689 1181 730 eum
1229 674 1323 746 qui
1366 674 1602 732 mortuis
1635 674 1898 746 aperihus
1921 683 2006 734 est
2032 675 2131 731 ad-

545 765 752 830 dictus,
782 766 908 822 vivo
941 773 997 822 et
1020 781 1152 823 vero
1188 781 1299 836 non
1328 783 1493 839 posse
1518 767 1754 825 servire.
1867 823 1870 826 .

621 858 788 915 Vens.
823 857 1008 918 1548.
1043 877 1062 912 ι
1097 857 1165 933 Et
1191 857 1316 916 ideo
1344 861 1474 917 novi
1511 861 1828 916 testamenti
1859 859 2133 918 mediator

543 959 649 1023 est,
675 957 756 1015 ut,
782 960 958 1005 morte
979 949 1376 1015 intercedente,
1407 951 1460 1005 in
1477 949 1910 1023 redemptionem
1944 965 2131 1006 earum

544 1034 1096 1107 praevaricationum",
1154 1051 1281 1107 quae
1335 1043 1497 1092 erant
1555 1036 1661 1092 sub
1736 1035 1908 1106 priori
1960 1044 2132 1093 testa-

542 1139 750 1194 mento,
776 1127 1264 1198 repromissionem
1304 1127 1600 1198 accipiant,
1629 1127 1724 1199 qui
1757 1129 1944 1184 vocati
1971 1136 2126 1196 sunt,

542 1228 759 1276 atternaa
797 1218 1160 1275 haereditatis.
1189 1217 1356 1291 246
1403 1216 1503 1274 Ubi
1526 1218 1671 1274 enim
1735 1225 2129 1274 testamentum

542 1321 649 1380 est,
691 1327 844 1369 mors
868 1327 1095 1369 necesse
1128 1321 1212 1368 est
1257 1311 1562 1367 intercedat
1595 1307 1906 1368 testatoris.
1935 1308 2132 1367 Testa-

542 1413 789 1461 mentum
819 1405 964 1460 enim
1004 1406 1057 1460 in
1082 1404 1316 1461 mortuis
1341 1404 1733 1460 conﬁrmatum
1757 1412 1840 1461 est
1861 1422 1887 1465 ;:
1925 1402 2129 1475 alioqui

543 1515 654 1554 non
699 1498 866 1564 valet,
914 1499 1043 1553 dum
1087 1499 1221 1553 vivit
1277 1497 1373 1568 qui
1432 1507 1666 1555 testatus
1697 1503 1804 1552 est.
1840 1494 1999 1554 Unde
2027 1511 2129 1553 nec

543 1593 780 1661 primum
807 1589 1028 1660 quidem
1058 1590 1180 1645 sine
1196 1590 1464 1661 sanguine
1492 1608 1512 1641 ο

610 1682 755 1737 Fieri
781 1690 996 1753 poterat
1025 1692 1082 1738 ut
1106 1683 1374 1754 plerique,
1403 1683 1497 1754 qui
1547 1681 1883 1739 inﬁrmiores
1913 1688 2126 1752 essent,

541 1792 610 1832 ex
641 1791 708 1832 eo
729 1775 878 1846 quod
910 1775 1169 1832 Christus
1200 1784 1436 1832 mortem
1471 1775 1710 1843 obierat,
1744 1774 2130 1848 promissioni.-

2317 605 2337 641 ι
2370 589 2464 654 Et;
2484 591 2547 645 τὸ
2571 591 2857 664 λατρεύειν
2884 591 3005 666 Θεῷ
3036 593 3201 659 ζῶντι
3220 613 3286 663 ;-r

2320 681 2587 737 Ἐνταῦθα
2617 684 2898 756 ἐμφαίνει,
2931 686 3014 740 δτι
3037 687 3210 759 νεκρά
3231 687 3372 760 ἔργα
3397 687 3591 761 ἔχοντα
3618 691 3719 747 οὐκ
3747 692 3843 748 ἔνι

2237 775 2513 830 δουλεύειν
2545 775 2624 848 τῷ
2649 776 2814 842 ζῶντι
2840 777 2935 832 καὶ
2962 779 3224 852 ἀληθινῷ.

2297 862 2333 922 ,ἰ
2369 868 2584 924 Καὶδιὰ
2611 869 2771 926 τοῦτο
2819 870 3090 944 διαθήκης
3142 872 3345 946 καινῆς
3386 877 3615 949 μεσίτης
3651 878 3841 944 ἐστὶν,

2238 959 2387 1025 ὅπως
2416 959 2648 1016 θανάτου
2683 965 2979 1036 γενομένου
3030 967 3113 1029 είς
3149 967 3532 1040 ἀπολύτρωσιν
3570 971 3682 1026 τῶν
3729 973 3846 1025 ἐπὶ

2238 1055 2303 1125 τῇ
2336 1053 2530 1129 πρώτῃ
2558 1055 2792 1130 διαθήκῃ
2812 1058 3202 1130 παραϐάσεων,
3231 1061 3331 1134 τὴν
3355 1063 3694 1134 ἐπαγγελίαν
3730 1064 3846 1119 λάδ

2240 1145 2409 1199 ϐωσιν
2439 1146 2490 1199 oi
2514 1149 2844 1219 κεκλημένοι
2876 1150 2976 1223 τῆς
2999 1151 3842 1226 αἱωνίου-κληρονομίαςῙΟπου

2238 1235 2350 1306 γὰρ
2386 1235 2646 1309 διαθήκη,
2680 1238 2912 1295 θάνατον
2944 1241 3161 1312 ἀνάγκη
3211 1243 3476 1315 φέρεσθαι
3506 1245 3600 1299 τοῦ
3638 1247 3844 1301 διαῧε-

2240 1327 2428 1398 μένου.
2453 1330 2699 1404 Διαθήκη
2726 1333 2832 1405 γὰρ
2863 1335 2957 1388 ἐπὶ
2975 1338 3190 1408 νεκροῖς
3216 1335 3430 1408 βεϐαία,
3455 1339 3579 1393 ἐπεὶ
3605 1341 3842 1412 μήποτε

2241 1422 2438 1494 ἰσχύει,
2470 1425 2559 1479 ὅτε
2593 1425 2662 1500 ζῇ
2687 1429 2713 1481 ό
2739 1427 3078 1500 διαθέμενος.
3113 1430 3277 1486 Ὅθεν
3309 1431 3421 1486 οὐδ’
3448 1433 3697 1507 ἡπρώτη
3721 1454 3840 1507 χω-

2240 1517 2324 1588 ρὶς
2355 1516 2584 1590 αἵματος
2615 1539 2633 1572 ι

2309 1695 2469 1762 Εἰκὸς
2495 1692 2564 1771 ἦν
2593 1698 2822 1763 πολλοὺς
2849 1701 2962 1756 τῶν
3001 1701 3392 1776 ἀσθενέστερον
3428 1705 3832 1778 διακειμένων,

2239 1787 2346 1842 ἀπὸ
2393 1788 2488 1842 τοῦ
2525 1788 2979 1860 τετελευτηκέναι
3025 1792 3118 1847 τὸν
3150 1793 3377 1866 Κύριον,
3409 1798 3649 1868 μάλιστα
3683 1799 3835 1854 ’ἀπι-

541 1869 648 1924 bus
684 1868 803 1940 ejus
829 1882 941 1923 non
979 1869 1294 1925 crederent.
1332 1866 1606 1935 Quocirca
1632 1868 2125 1940 dicitApostolus:

2241 1883 2381 1935 στεῖν
2403 1883 2523 1945 ταῖς
2551 1883 2907 1952 ἐπαγγελίαις
2939 1884 3128 1942 αὑτοῦ.
3172 1886 3234 1939 Ὅ
3259 1866 3441 1944 τοίνυν
3479 1889 3821 1957 Ἀπόστολός

541 1961 775 2034 Propter
810 1963 915 2018 hoc
935 1965 1114 2033 ipsum
1147 1962 1314 2034 igitur
1356 1978 1481 2020 esse
1523 1961 1848 2019 ﬁdentiores
1887 1967 2128 2034 oportet,

541 2057 672 2128 quia
707 2055 1066 2111 testatoribus
1119 2071 1226 2110 non
1287 2054 1625 2121 viventibus,
1673 2054 1770 2110 sed
1825 2053 2127 2124 defunctis,

540 2147 701 2202 ﬁrma
731 2146 870 2207 ﬁunt
905 2154 1256 2214 testamenta,
1288 2153 1343 2201 et
1376 2146 1547 2202 robur
1593 2145 1895 2215 accipiunt.
1950 2145 2129 2214 Atque

541 2238 633 2294 hic
680 2245 766 2292 est
793 2249 992 2292 sensus
1024 2251 1037 2288 :
1072 2233 1218 2292 Deus
1246 2234 1525 2307 pollicitus
1555 2243 1661 2299 est,
1688 2234 1905 2305 inquit,
1930 2234 2129 2290 deinde

540 2345 667 2386 cum
690 2328 948 2386 homines
1001 2335 1352 2399 peccassent,
1390 2342 1501 2384 non
1547 2327 1726 2383 solum
1760 2326 1973 2398 indigni
2002 2325 2126 2383 fue-

540 2429 674 2477 runt
704 2421 798 2492 qui
832 2421 1235 2492 promissorum
1268 2429 1552 2492 compotes
1583 2419 1802 2486 ﬁerent,
1846 2429 1908 2474 ut
1941 2419 2127 2491 potius

541 2516 768 2572 obnoxii
795 2515 922 2572 facti
953 2515 1067 2571 sint
1092 2513 1279 2570 morti.
1310 2513 1444 2570 Eam
1474 2515 1545 2570 ob
1586 2528 1701 2570 rem
1732 2512 1992 2569 Christus
2025 2527 2125 2570 ve-

538 2610 700 2664 niens
739 2607 1040 2677 assumpsit
1083 2605 1137 2660 in
1194 2621 1256 2663 se
1310 2615 1563 2677 peccata,
1617 2613 1989 2676 mortuusque
2014 2613 2121 2673 est,

541 2711 602 2760 ut
637 2699 714 2756 illi
762 2700 1187 2766 mundarentur,
1231 2699 1493 2772 dignique
1531 2693 1824 2755 evaderent
1854 2698 1951 2769 qui
1993 2712 2124 2770 pro-

537 2793 710 2849 missa
731 2799 1234 2863 consequerentur.

614 2906 633 2939 ι
667 2881 990 2943 Dedicatum
1047 2891 1153 2941 est.
1216 2881 1410 2957 (Vens.
1482 2880 1698 2955 l9-2l.]
1747 2880 1926 2938 .Lecto
1973 2882 2120 2940 enim

536 2979 705 3038 omni.
723 2979 986 3035 mandato
1016 2979 1151 3048 legis
1179 2993 1211 3033 a
1261 2977 1447 3049 Moyse
1473 2977 1739 3033 universo
1767 2977 1993 3049 pepulo,
2022 2992 2118 3033 ac-

536 3075 749 3146 cipiens
799 3072 1126 3145 sanguinem
1183 3070 1486 3126 vitulorum
1535 3079 1589 3126 et
1634 3069 1953 3136 hircorum,
1989 3084 2118 3125 cum

538 3179 680 3236 aqua
709 3173 767 3227 et
793 3165 916 3220 lana
959 3163 1240 3230 coccinea,
1282 3182 1301 3215 ι

597 3232 716 3313 iIoc
735 3265 842 3322 est,
871 3257 1089 3312 ﬁrmum
1129 3263 1425 3326 ratumque
1462 3252 1672 3309 factum
1706 3252 1833 3310 fuit.
2144 3232 2188 3292 ε

604 3369 624 3403 ι
651 3352 718 3406 Ει
744 3349 1009 3423 hyssOpo,
1069 3347 1249 3418 ipsum
1287 3363 1508 3418 quoque
1554 3347 1779 3412 librum,
1820 3351 1878 3401 et
1895 3359 2120 3401 omnem

510 3444 800 3515 ipopulum
837 3442 1099 3513 aspersit,
1127 3442 1317 3497 dicens
1348 3457 1361 3492 :
1396 3440 1494 3496 llic
1517 3439 1745 3510 sanguis
1771 3439 2118 3511 testamenti,

531 3539 684 3612 quod
711 3539 990 3596 mandavit
1021 3539 1089 3593 ad
1119 3554 1213 3593 vos
1258 3537 1423 3594 Deus.
1460 3536 1640 3591 Etiam
1695 3535 2115 3590 tabernaculum

506 3641 591 3690 ret
613 3633 799 3689 omnia
828 3647 957 3689 vasa
984 3631 1277 3689 ministerii
1309 3630 1579 3702 sanguine
1609 3628 1914 3686 secundum
1944 3629 2121 3702 legem

535 3725 794 3795 aspersit.
840 3742 859 3777 ι

602 3816 921 3888 Symbolum
985 3815 1238 3886 spiritus.
1301 3815 1588 3887 Hvssopus
1619 3814 1766 3869 enim
1809 3813 1989 3870 calida
2012 3820 2112 3870 est.

499 3908 680 3978 -Quin
714 3917 768 3963 et
803 3921 943 3978 aqua
974 3906 1738 3979 signiﬁcabaturexpurgatio
1763 3921 1885 3977 quae
1926 3905 1987 3960 ﬁt
2022 3921 2118 3978 per

531 3997 896 4069 baptismum.
928 3995 1080 4052 Lana
1128 4006 1321 4052 autem
1375 3996 1720 4064 sumebatur,
1744 4010 1853 4066 qua
1889 3995 2118 4066 sanguis

532 4092 939 4145 contineretur.

606 4182 772 4240 Vens.
808 4183 900 4238 22.
921 4201 939 4235 ι
978 4184 1043 4237 Ει
1066 4183 1246 4239 omnia
1264 4196 1419 4251 ,pene
1443 4180 1500 4237 in
1520 4181 1786 4254 sanguine
1810 4182 2115 4240 secundum

529 4277 704 4346 legem
736 4275 1098 4342 inundantur,
1133 4281 1187 4329 et
1212 4275 1333 4330 sine
1373 4273 1662 4345 sanguinis
1696 4272 1964 4332 effusione
2003 4289 2115 4332 non

533 4368 596 4422 ﬁt
636 4366 913 4423 remissio.
952 4384 971 4419 ι

599 4457 871 4525 Quoniam
899 4473 995 4528 per
1020 4473 1138 4514 eam
1173 4472 1280 4513 non
1317 4456 1559 4529 perlecta
1596 4458 1883 4514 mundatio
1920 4458 2112 4523 ﬁebat,

2231 1989 2365 2044 φησι
2386 1989 2400 2003 ο
2429 1973 2531 2027 Διά
2555 1973 2716 2029 τοῦτο
2737 1974 2837 2046 μὲν
2858 1971 2951 2030 οὖν
2976 1976 3082 2050 χρὴ
3123 1977 3368 2051 θαρῤεῖν,
3391 1982 3473 2034 ὅτι
3502 1983 3565 2036 οὐ
3596 1980 3833 2047 ζώντων

2232 2067 2342 2120 τῶν
2371 2067 2785 2140 διατιθεμένων,
2818 2069 2934 2124 ἀλλ’
2955 2071 3413 2145 ἀποθνησκόντων
3449 2076 3569 2129 τότε
3601 2075 3833 2148 βέϐαιαί

2231 2161 2371 2215 εἰσιν
2388 2163 2444 2216 αἱ
2472 2161 2758 2234 διαθῆκαι,
2787 2165 2885 2220 καὶ¹
2914 2167 3016 2237 τὴν
3045 2166 3202 2237 ίσχὺν
3225 2166 3622 2239 λαμϐάνουσιν.
3669 2169 3726 2226 ’0
3766 2169 3831 2227 δὲ

2232 2253 2356 2319 νοῦς
2391 2250 2571 2321 οὗτος·
2606 2257 3024 2328 Ἐπηγγείλατο,
3040 2259 3231 2330 φησὶν,
3247 2261 3423 2327 όΘεός
3443 2279 3456 2295 ο
3486 2258 3606 2317 εἶτα
3629 2264 3826 2337 ἁμαρ-

2228 2347 2485 2412 τάνοντες
2524 2348 2576 2401 οἱ
2619 2348 2918 2420 ἄνθρωποι,
2966 2352 3026 2405 οὐ
3078 2351 3238 2422 μόνον
3284 2347 3426 2423 ἦσαν
3477 2354 3691 2420 ἀνάξιοι
3715 2356 3827 2427 τὴν

2227 2439 2566 2510 ἐπαγγελίαν
2601 2441 2911 2509 ἀναλαϐεῖν,
2943 2443 3082 2499 ἀλλά
3130 2445 3226 2499 καὶ
3272 2443 3489 2518 θανάτῳ
3513 2447 3822 2516 γεγόνασιν

2228 2533 2428 2604 ἔνοχοι.
2485 2534 2586 2587 Διά
2616 2534 2777 2589 τοῦτο
2809 2538 2836 2589 ὁ
2868 2536 3106 2607 Χριστὸς
3157 2536 3330 2590 ἐλθὼν
3379 2537 3676 2606 ἀνεδέξατο
3708 2539 3821 2604 τὰς

2223 2627 2526 2699 ἀμαρτίας,
2564 2628 2655 2681 καὶ
2695 2628 2990 2696 ἀπέθανεν,
3045 2630 3131 2685 ἵνα
3175 2630 3632 2704 καθαρισθέντες,
3666 2631 3817 2700 ἄξιοι

2224 2721 2491 2789 γένωνται
2517 2720 2614 2784 τὰς
2629 2720 2965 2790 ἐπαγγελίας
2989 2721 3200 2778 λαϐεῖν.

2300 2921 2320 2955 ι
2369 2903 2826 2972 Ἐγκεκαίνισται.
2876 2901 3216 2976 Λαληθείσης
3239 2905 3347 2976 γὰρ
3383 2906 3565 2976 πάσης
3591 2906 3818 2978 ἐντολῆς

2223 2997 2365 3051 κατά
2386 2995 2550 3067 νόμον
2594 2995 2701 3048 ὑπὸ
2742 2995 3024 3058 Μωΰσέως
3067 2997 3230 3050 παντὶ
3265 2997 3347 3068 τῷ
3376 2996 3513 3069 λαῷ,
3542 2997 3722 3052 λαϐὼν
3749 2999 3820 3053 τὺ

2222 3083 2364 3161 αἷμα
2389 3088 2496 3144 τῶν
2524 3087 2738 3159 μόσχων
2766 3089 2860 3142 καὶ
2881 3090 3122 3159 τράγων,
3155 3090 3296 3162 μετά
3317 3089 3531 3159 ὓδατος,
3553 3092 3817 3165 καὶέρίου

2221 3181 2503 3248 κοκκίνου,
2533 3200 2551 3233 ι

2292 3275 2576 3340 Τουτέστι,
2610 3272 2806 3345 βεϐαία
2831 3272 3046 3343 γέγονε,
3075 3275 3170 3330 καὶ
3199 3273 3477 3347 ἐκυρώθη.

2284 3386 2318 3420 -ι
2355 3367 2469 3421 Καὶ
2490 3365 2768 3432 ὑσσώπου,
2802 3367 2936 3422 αὐτό
2960 3385 3020 3422 τε
3045 3369 3108 3420 τὸ
3130 3367 3474 3439 βιϐλίονριαλ⁵
3507 3367 3688 3424 πάντα
3717 3369 3817 3424 τὸν

2221 3458 2350 3516 λαὸν
2371 3459 2680 3532 ὲρράντισε,
2700 3459 2873 3529 λέγων
2895 3476 2911 3490 ο
2947 3458 3118 3514 Τοῦτο
3148 3460 3210 3513 τὸ
3232 3457 3371 3532 αἷμα
3397 3462 3496 3533 τῆς
3517 3461 3812 3534 διαθήκης,

2222 3548 2296 3625 ἧς
2323 3552 2632 3606 ἐνετείλατο
2657 3551 2796 3623 πρὸς
2823 3551 2968 3622 ὑμᾶς
2993 3554 3022 3606 ό
3046 3551 3200 3615 Θεός.
3227 3552 3336 3606 Καὶ
3359 3553 3460 3622 τὴν
3489 3552 3697 3625 σκηνὴν
3724 3552 3810 3621 δὲ,

2223 3645 2318 3699 καὶ
2369 3643 2547 3699 πάντα
2585 3644 2655 3697 τά
2702 3643 2874 3716 σκεύη
2933 3644 3036 3716 τῆς
3092 3644 3439 3714 λειτουργίας
3490 3645 3569 3717 τῷ
3614 3644 3813 3717 αἵματι

2221 3734 2423 3806 ὁμοίως
2449 3733 2760 3806 ἐρράντισε.
2786 3752 2804 3784 ι

2293 3824 2571 3897 Σύμϐολον
2602 3824 2696 3878 τοῦ
2725 3823 3060 3896 πνεύματος.
3090 3823 3283 3897 Θερμὴ
3309 3823 3421 3896 γὰρ
3446 3825 3481 3897 ἡ
3510 3822 3768 3890 ὖσσωπος
3794 3840 3810 3854 ο

2220 3917 2338 3973 ἔστι
2370 3918 2480 3988 γὰρ
2512 3917 2609 3972 καὶ
2642 3917 2700 3972 τὸ
2730 3917 2876 3990 ὕδωρ
2931 3919 3198 3989 σημαῖνον
3228 3915 3329 3990 τὴν
3367 3916 3459 3971 διὰ
3489 3917 3585 3970 τοῦ
3608 3917 3812 3988 βαπτί-

2221 4029 2431 4084 σματος
2461 4011 2765 4082 κάθαρσινο
2800 4009 2894 4067 καὶ
2922 4011 2985 4065 τὺ
3022 4009 3169 4083 ἔριον
3195 4010 3275 4078 δὲ,
3299 4009 3442 4064 ὥστε
3471 4011 3811 4082 κατέχεσθαι

2217 4105 2280 4160 τὸ
2309 4099 2467 4176 αἷμα.

2293 4215 2332 4274 ιν
2353 4198 2462 4251 Καὶ
2492 4195 2680 4268 σχεδὸν
2726 4196 2785 4251 ἐν
2805 4195 3006 4267 αἵματι
3057 4194 3238 4250 πάντα
3273 4194 3636 4269 καθαρίζεται
3664 4196 3812 4252 κατά

2214 4290 2308 4345 τὸν
2366 4289 2567 4361 νόμον,
2614 4289 2708 4344 καὶ
2754 4289 2924 4362 χωρὶς
2985 4287 3421 4361 αἱματεκχυσίας
3479 4289 3542 4344 οὐ
3592 4290 3811 4360 γίνεται

2295 4398 2432 4436 εσις.
2472 4399 2493 4434 ι

2295 4398 2380 4435 εσι
2417 4421 2432 4436 .
2472 4399 2493 4434 ι
3741 4406 3744 4409 -

2215 4382 2526 4544 ᾶφἸιῖτξειδὴ
2549 4471 2758 4527 ἐκείνου
2797 4443 2925 4527 οὐκ.
2956 4467 3026 4543 ἦν
3075 4473 3365 4548 καθαρμὸς
3407 4473 3634 4542 τέλειος,
3680 4474 3808 4530 οὐδὲ

528 4565 709 4620 neque
753 4549 995 4620 perlecta
1053 4549 1342 4616 remissio,
1406 4549 1502 4605 sed
1563 4551 1916 4622 imperfecta;
1986 4551 2113 4608 ideo

2241 4566 2409 4636 ἱφεσις
2438 4565 2643 4630 τελεία,
2677 4564 2792 4619 ἀλλ’
2820 4565 3109 4638 ἡμιτελὴς,
3137 4561 3258 4620 εἶπε
3281 4565 3364 4632 τὸ,
3405 4567 3654 4635 σχεδόν.

527 4639 686 4703 dixit,
729 4654 880 4708 pene.

601 4728 769 4786 Vens.
803 4731 893 4786 25.
930 4750 945 4782 ι
984 4730 1221 4786 Necesse
1246 4739 1329 4787 est
1357 4747 1508 4805 ergo,
1535 4733 1868 4803 exemplaria
1885 4734 2110 4805 quidem

526 4823 838 4878 cmlestium
874 4824 960 4879 his
990 4825 1268 4879 mundari.
1315 4844 1334 4876 ι

600 4914 785 4969 Μυηόί
811 4914 911 4980 illi,
946 4915 1144 4986 inquit,
1181 4917 1276 4987 qui
1307 4915 1610 4971 secundum
1654 4917 1823 4986 legem
1871 4917 2111 4985 perlicie-
2147 4905 2150 4908 ’

526 5008 745 5072 bantur,
785 5009 1090 5078 imperfecti
1116 5009 1479 5065 nihilominus
1496 5012 1810 5076 manebant,
1853 5010 2108 5081 quoniam

524 5107 580 5152 et
611 5098 713 5168 ipsi
747 5098 920 5170 ﬁgura
943 5109 1100 5154 erant
1127 5101 1466 5155 futurorum.

602 5208 620 5241 ι
662 5189 783 5260 Ipsa
802 5199 983 5245 autem
1016 5191 1290 5255 caelestia,
1336 5208 1354 5242 ι

595 5281 903 5338 Ecclesiam
939 5283 1094 5339 dicit.
1134 5306 1139 5311 ·

605 5392 624 5426 ι
663 5374 987 5431 Melioribus
1023 5376 1227 5431 hostiis
1261 5390 1425 5444 quam
1449 5376 1592 5433 istis.
1633 5395 1652 5429 ι

589 5465 747 5522 Tunc
767 5469 912 5523 enim
947 5469 1070 5540 agni
1141 5469 1406 5540 sanguine
1446 5471 1934 5542 perungebantur;
1963 5488 2110 5529 nunc

521 5576 652 5617 vero
677 5561 848 5632 ipsius
877 5560 1105 5618 Christi.

593 5677 758 5735 Vens.
784 5679 874 5734 24.
909 5698 927 5732 ‹
969 5678 1085 5736 Non
1131 5678 1278 5734 enim
1336 5681 1390 5734 in
1436 5681 1756 5736 manul'acta
1798 5691 1991 5737 sancta
2023 5683 2108 5737 in-

523 5773 711 5828 troivit
732 5773 1012 5841 Christus,
1042 5775 1375 5845 exemplaria
1404 5791 1681 5843 verorum,
1714 5776 1810 5837 sed
1831 5777 1888 5837 in
1924 5777 2103 5849 ipsum

523 5865 742 5933 ca‘lum,
774 5873 832 5922 ut
856 5876 1113 5938 appareat
1156 5882 1302 5921 nunc
1331 5884 1352 5919 ι

2291 4766 2309 4799 ι
2353 4749 2590 4819 Ἀνάγκη
2647 4743 2764 4814 οὗν,
2806 4747 2875 4801 τά
2915 4748 3014 4818 μὲν
3045 4749 3426 4822 ὑποδείγματα
3454 4752 3566 4806 τῶν
3600 4754 3660 4807 ἐν
3685 4756 3808 4818 τοῖς

2214 4840 2480 4909 οὐρανοῖς,
2516 4839 2727 4904 τούτοις
2761 4839 3174 4911 καθαρίζεσθαι.
3207 4862 3227 4894 ι

2285 4923 2463 4992 Οὗτοι,
2496 4933 2678 5002 φησιν,
2715 4932 2764 4984 οἱ
2799 4932 3051 5004 καθαροὶ,
3087 4935 3136 4987 οί
3177 4934 3322 4989 κατὰ
3354 4934 3518 5005 νόμον
3559 4939 3800 4994 τελειούο

2217 5042 2387 5094 μενοι,
2414 5025 2621 5088 ἀτελεῖς
2651 5021 2812 5096 ἦσαν,
2847 5026 3032 5098 ἐπειδὴ
3083 5032 3180 5082 κοιλ⁸
3225 5029 3396 5094 τύπος
3425 5027 3567 5104 ἦσαν
3595 5033 3799 5086 ἐκεῖ-,μοι

2212 5120 2319 5174 τῶν
2343 5119 2666 5189 μελλόντων.

2287 5231 2306 5264 ι
2338 5212 2486 5268 Αὐτά
2516 5213 2573 5266 δὲ
2603 5214 2671 5267 τὰ
2700 5213 3020 5284 ἐπουράνια,
3067 5234 3084 5266 ι

2284 5309 2394 5381 Τὴν
2439 5308 2764 5380 Ἐκκλησίαν
2804 5309 2975 5380 λέγει.

2288 5421 2305 5454 ι
2333 5402 2626 5472 Κρείττοσι
2652 5403 2866 5468 θυσίαις
2896 5404 3052 5475 παρά
3073 5403 3302 5469 ταύτας.
3349 5425 3369 5458 ι

2281 5496 2413 5549 Τότε
2444 5496 2542 5565 μὲν
2563 5495 2836 5569 προϐάτου
2866 5498 3059 5569 αἵματι
3087 5499 3353 5572 ἐχρίοντο,
3385 5498 3482 5555 νῦν
3507 5500 3588 5564 δὲ,
3624 5499 3792 5556 αὐτοῦ

2211 5587 2302 5642 τοῦ
2334 5590 2595 5661 Χριστοῦ.

2282 5701 2305 5734 ι
2335 5683 2408 5736 Οὐ
2439 5683 2548 5754 γὰρ
2600 5683 2680 5747 είς
2731 5685 3090 5758 χειροποίητα
3133 5687 3267 5758 ἅγια
3321 5689 3622 5762 εἰσῆλθενὸ
3655 5692 3789 5762 Χρι-

2211 5778 2354 5841 στὸς,
2381 5775 2650 5830 ἀντίτυπα
2683 5777 2793 5832 τῶν
2845 5779 3154 5851 ἀληθινῶν.
3215 5782 3334 5840 ἀλλ’
3389 5776 3662 5851 είςάὐτὺν
3699 5786 3788 5843 τὸν

2209 5870 2434 5944 οὐρανόν
2467 5887 2479 5900 ·
2517 5869 2610 5927 νῦν
2635 5873 3038 5947 ἐμφανισθῆναι
3089 5896 3109 5929 ι
