4048 6290
187 329 287 397 M7

1327 335 1412 396 IN
1454 336 1697 398 EPIST.
1723 337 1825 397 AD
1848 338 2237 400 HEBILEOS.

3323 349 3431 412 978

247 434 566 504 Δεικνυσιν,
594 435 672 502 ὡς
715 438 810 494 καὶ
852 438 1037 494 nictet
1089 439 1224 513 ὀρθῇ
1270 445 1556 514 προσεῖναι
1613 444 1699 498 δεῖ
1726 453 1748 481 ι’

1921 444 2212 516 Signiﬁcat
2248 461 2434 517 operte
2471 448 2706 518 pretium
2735 462 2860 506 esse
2887 457 2946 506 ut
2983 463 3107 506 cum
3150 460 3297 508 recta
3329 454 3434 510 rule

183 527 272 586 καὶ
298 525 433 600 ἔργα
459 527 713 602 λαμπρά.
730 530 993 587 Τουτέστι
1025 531 1130 605 γὰρ
1159 533 1242 597 τὸ,
1271 535 1371 590 καὶ
1389 534 1747 618 λεᾷουμένοι

182 620 243 676 τὸ
263 620 430 692 σῶμα
453 619 646 678 ὕδατι.

248 793 336 866 Τῷ
373 795 653 869 καθαροὺς
679 797 945 867 ποιοῦντι,
975 797 1009 870 ἢ
1044 798 1121 870 τῷ
1149 800 1226 873 μὴ
1249 799 1428 873 ἔχοντι
1459 798 1620 875 αἷμα.

249 993 269 1030 ι
304 975 400 1041 Et;
429 975 779 1051 παροξυσμὸν
807 977 1028 1050 ἀγάπης
1059 981 1153 1036 καὶ
1182 981 1363 1038 καλῶν
1385 982 1584 1054 ἔργων.
1619 1002 1639 1036 ι

245 1159 337 1224 Ei;
368 1159 432 1214 τδ
464 1159 665 1231 μᾶλλον
692 1161 939 1236 ἀγαπᾷν,
967 1165 1061 1221 καὶ
1088 1165 1428 1236 ἀγαπᾶσθαι.

248 1267 267 1303 ι
301 1249 394 1322 Μὴ
423 1251 914 1323 ἰγκαταλείποντες
942 1255 1044 1328 τὴν
1072 1257 1494 1330 ἐπισυναγωγὴν
1515 1254 1747 1329 ἑαυτῶν,

178 1339 355 1404 καθὼς
381 1340 504 1408 ἔθος
525 1342 690 1411 τισὶν,
721 1343 860 1399 ἀλλά
888 1345 1359 1418 παρακαλοῦντες,
1393 1349 1486 1404 καὶ
1512 1350 1752 1424 τοσούτῳ

183 1429 401 1502 μᾶλλον,
429 1431 540 1504 ὅσῳ
566 1431 796 1504 βλέπετε
817 1433 1146 1506 ὶγγίζουσαν
1174 1436 1271 1510 τὴν
1295 1437 1530 1512 ἡμέραν.
1567 1440 1751 1495 Ἑκου-

177 1519 303 1585 σίως
347 1520 457 1595 γὰρ
488 1521 914 1596 ἁμαρτανόντων
934 1527 1094 1600 ήμῶν
1138 1531 1278 1601 μετὰ
1312 1528 1376 1584 τὸ
1418 1531 1607 1585 λαϐεῖν
1651 1531 1752 1603 τὴν

175 1608 465 1681 ιπίγνωσιν
498 1612 602 1685 τῆς
627 1613 906 1686 ἀληθείας,
934 1617 1121 1673 οὐκέτι
1145 1620 1277 1691 περὶ
1301 1620 1587 1692 ἁμαρτιῶν
1616 1621 1752 1675 άπο-

175 1701 417 1758 λείπεται
451 1704 640 1761 θυσιαο
687 1706 898 1782 φοϐερὰ
945 1707 1001 1764 δέ
1029 1726 1114 1774 τις
1143 1711 1340 1785 ἐκδοχὴ
1367 1712 1627 1785 κρίσεως,
1656 1713 1751 1768 καὶ

174 1795 335 1867 πυρὸς
385 1795 570 1866 ζῆλος,
603 1797 806 1854 ἐσθίειν
849 1799 1141 1873 μέλλοντος
1181 1804 1310 1868 τοὺς
1361 1803 1736 1870 ὑπεναντίους.
1771 1803 1818 1864 Β

185 1885 474 1959 ’Δθετήσας
526 1905 610 1956 τις
637 1891 799 1964 νόμον
843 1893 1162 1963 Μωῦσέως,
1215 1895 1387 1967 χωρὶς
1442 1896 1746 1969 οἰκτιρμῶν

172 1979 261 2034 ἐπὶ
291 1980 501 2054 δυσὶνῆ
541 1984 694 2057 τρισὶ
729 1984 997 2058 μάρτυσιν
1038 1985 1415 2060 ἀποθνήσκει·
1470 1988 1624 2062 πόσῳ
1663 1988 1747 2044 δο⁴

172 2074 314 2129 κεῖτε
340 2074 585 2148 χείρονος
611 2076 978 2150 ἀξιωθήσεται
1002 2078 1297 2153 τιμωρίας,
1336 2098 1359 2135 ι

238 2270 361 2331 Οἵδε
394 2275 507 2347 γὰρ
529 2274 638 2332 ἀπὸ
663 2276 766 2348 τῆς
796 2277 1112 2348 συνηθείας,
1139 2278 1236 2334 καὶ
1271 2281 1373 2351 τῆς
1403 2280 1748 2350 ἐπισυναγω-

173 2364 303 2438 γῆς,
355 2365 561 2438 πολλὴν
611 2363 781 2424 οὖσαν
815 2369 918 2443 τὴν
957 2369 1140 2442 ἰσχύν.
1185 2369 1383 2426 Ὅπου
1410 2369 1542 2443 γὰρ,
1589 2371 1746 2443 φησι,

171 2457 279 2516 δύο
315 2458 356 2532 ἣ
386 2459 548 2532 τρεῖς
583 2458 951 2533 συνηγμένοι
982 2465 1071 2529 εις
1103 2461 1171 2519 τὸ
1204 2461 1353 2534 ἐμὸν
1387 2460 1595 2535 ὄνομα,
1626 2463 1756 2518 ἐκεῖ

171 2552 285 2624 ειμι
307 2553 377 2608 ἐν
398 2552 572 2624 μέσῳ
599 2553 818 2610 αὐτῶν.

245 2662 265 2697 ι
306 2644 364 2700 '0
383 2643 481 2700 τὸν
514 2643 644 2701 Tios
673 2643 769 2700 τοῦ
799 2642 936 2700 Θεοῦ
960 2644 1369 2718 καταπατήσας,
1398 2647 1494 2702 καὶ
1516 2646 1579 2702 τὸ
1607 2643 1750 2718 αἷμα

170 2736 267 2808 τῆς
290 2735 562 2810 διαθήκης
598 2739 782 2793 κοινὸν
820 2740 1204 2811 ἡγησάμενος,
1245 2738 1302 2792 ἐν
1330 2731 1374 2811 ᾧ
1423 2739 1747 2812 ἡγιάσθητε,

170 2826 263 2883 καὶ
287 2826 348 2881 τὸ
367 2825 598 2900 πνεῦμα
632 2827 732 2900 τῆς
761 2828 987 2900 χάριτος
1020 2827 1342 2902 ἐνυϐρίσας,
1371 2830 1608 2902 οῖδαμεν
1635 2829 1745 2904 γὰρ

167 2916 257 2975 τὸν
277 2919 522 2976 sinos-rw
554 2918 712 2994 Ἐμοὶ
725 2919 1026 2995 ικδῖκησις,
1049 2920 1162 2993 ἐγὼ
1186 2921 1573 2987 ἀνταποδώσω,
1597 2922 1746 2993 λέγει

169 3011 388 3084 Κύριος.
420 3014 534 3070 Καὶ
565 3015 756 3082 πάλιν,
786 3016 984 3087 Κρινεῖ
1009 3015 1104 3070 τὸν
1135 3012 1264 3070 λαδν
1296 3013 1486 3072 αὐτοῦ.
1515 3014 1749 3088 ⁴Ιοϐερδν

167 3103 226 3158 τδ
257 3106 519 3178 ἐμπεσεῖν
536 3107 618 3172 εἰς
639 3109 829 3182 χεῖρας
856 3105 994 3163 Θεοῦ
1021 3108 1248 3175 ζῶντος.
1294 3126 1314 3161 ι

236 3273 406 3332 ὀταν
447 3277 555 3352 γὰρ
589 3278 756 3335 αὐτοῦ
795 3280 1083 3354 μετασχὼν
1131 3281 1192 3338 ἐν
1235 3286 1352 3351 τοῖς
1400 3284 1746 3358 μυστηρίοις.

168 3365 446 3440 ἅμαρτῑαν
482 3370 822 3445 ἐργάζηται,
862 3372 981 3440 πῶς
1022 3374 1082 3430 οὐ
1133 3377 1516 3450 κατεπάτησεν
1563 3381 1749 3452 αὐτὸν,

167 3463 590 3535 καταφρονήσας
619 3465 786 3520 αὐτοῦ
812 3485 827 3534 ;

237 3569 256 3604 ι
306 3553 822 3627 ’Δναμιμνήσκεσθε
852 3555 912 3611 δὲ
950 3557 1053 3623 τὰς
1097 3560 1365 3633 πρότερον
1411 3563 1648 3639 ἡμέρας,
1692 3568 1750 3621 δν
1797 3613 1799 3615 .

167 3636 253 3709 αἷς
296 3646 664 3717 φωτισθέντες
709 3648 912 3721 πολλὴν
946 3648 1176 3722 ἄθλησιν
1213 3636 1546 3724 ὑπεμείνατε
1575 3657 1755 3731 παθη-

171 3735 372 3805 μάτων·
393 3734 559 3793 τοῦτο
585 3739 685 3811 μὲν
714 3738 1043 3814 ὀνειδισμοῖς
1068 3761 1129 3797 τε
1157 3745 1256 3799 καὶ
1287 3745 1501 3818 etiam
1534 3749 1754 3824 θεατρι-

167 3826 413 3899 ζόμενοι·
454 3828 612 3885 τοῦτο
647 3830 704 3886 δὲ
747 3835 995 3890 κοινωνοὶ
1033 3834 1141 3891 τῶν
1185 3835 1362 3902 οὕτως
1408 3842 1750 3916 ἀναστρεφο-

169 3918 344 3989 μένων
375 3920 722 3994 γενηθέντες.
766 3926 879 3981 Καὶ
919 3927 1029 4001 γὰρ
1064 3931 1180 3995 τοῖς
1221 3930 1445 4004 δεσμοῖς
1489 3951 1590 4005 μου
1626 3953 1755 3992 συν-ι

168 4010 516 4084 επαθήσατε,
575 4014 672 4072 καὶ
726 4017 828 4090 τὴν
881 4017 1140 4094 ἁρπαγὴν
1210 4023 1319 4079 τῶν
1396 4026 1752 4098 ὑπαρχόντων

171 4098 321 4174 ὑμῶν
353 4125 377 4158 s

249 4195 471 4269 Ἐπειδὴ
512 4197 859 4266 διαλυθέντες
885 4196 1029 4274 ἦσαν
1060 4203 1168 4259 ἀπὸ
1213 4204 1322 4262 τῶν
1352 4206 1610 4280 θλίψεων,
1647 4213 1750 4287 δρα

171 4285 285 4351 πῶς
331 4289 538 4355 αὐτοὺς
579 4292 1018 4366 παραμυθεῖται.
1057 4295 1285 4369 Πρῶτον
1340 4301 1441 4371 μὲν
1489 4303 1598 4358 ἀπὸ
1641 4285 1752 4360 τῶν

170 4377 365 4434 αὐτῶν·
397 4383 962 4455 Ἀναμιμνήσκεσθε
987 4385 1120 4460 γὰρ,
1151 4391 1304 4461 φησὶ,
1333 4392 1437 4459 τὰς
1464 4397 1754 4468 πρότερον

169 4469 419 4542 ἡμέρας.
452 4474 689 4532 Ἔπειτα
721 4477 832 4532 ἀπὸ
877 4478 976 4550 τῆς
1010 4479 1235 4553 Γραφῆς
1281 4482 1570 4558 λεγούσης,
1588 4488 1649 4542 ’0
1683 4490 1748 4545 δὲ

168 4559 402 4634 δίκαιος
447 4564 518 4621 ἐκ
540 4568 803 4637 πίστεως
861 4569 1124 4641 ζήσεται.
1180 4574 1410 4632 Ἔπειτα
1451 4579 1560 4634 ἀπὸ
1603 4581 1752 4654 λογι-

172 4655 346 4726 σμῶν,
379 4658 579 4727 εἰπὼν,
608 4659 691 4718 ὅτι
721 4662 888 4719 Ἐστι
921 4663 1128 4733 πίστις
1164 4665 1568 4739 ἐλπιζομένων
1600 4678 1744 4732 inde

171 4760 390 4819 στασις
412 4753 792 4824 πραγμάτων,
823 4754 1077 4828 ἔλεγχος
1100 4761 1171 4815 οὐ
1190 4761 1610 4833 βλεπομένων.
1641 4771 1753 4826 Καὶ

172 4840 336 4934 πάλιν
366 4845 480 4899 άπὸ
529 4845 640 4901 τῶν
682 4849 1048 4922 προπατόρων
1093 4851 1205 4907 τῶν
1237 4855 1494 4925 μεγάλων
1539 4861 1751 4934 ἀνδρῶν

171 4932 396 5029 ἐκείνων
579 4938 932 5012 θαυμαστῶν.
977 4942 1218 5013 Εἰκότως
1244 4946 1305 5003 δὲ
1350 4948 1566 5020 πρῶτον
1614 4932 1752 5029 μνη-

174 5026 390 5095 μονεύει
436 5027 533 5084 τοῦ
568 5029 759 5098 Ἅϐελ,
808 5033 1076 5107 πρότερον
1123 5037 1265 5112 ὑπὲρ
1305 5041 1589 5109 εὐσεϐείας
1617 5026 1752 5103 ἁπο-

171 5113 467 5184 θανόντος·
509 5120 768 5196 δεύτερον
810 5124 984 5199 Ἑνὼχ
1004 5128 1071 5182 δι’
1096 5128 1383 5188 εὐσέϐειαν
1424 5140 1750 5206 μετατεθένο

169 5221 283 5302 τος,
315 5208 533 5276 δεικνὺς
575 5213 840 5283 ἐσομένας
885 5220 1108 5284 πάντως
1139 5220 1240 5286 τὰς
1269 5222 1505 5295 ἀμοιϐάς
1524 5245 1546 5272 ·-
1569 5231 1753 5302 τρίτον

171 5297 318 5370 Νῶε,
349 5303 756 5379 κολαζομένους
786 5307 1002 5376 δεικνὺς
1029 5312 1158 5378 τοὺς
1193 5312 1269 5388 μὴ
1298 5297 1679 5389 πιστεύοντας.

204 5617 251 5691 ,⁵
288 5617 491 5679 Matth.
530 5638 683 5690 um,
710 5623 804 5680 20.
887 5624 934 5658 “
995 5624 1201 5685 ﬂabac.
1247 5645 1306 5700 ιι,
1343 5631 1396 5688 4.

1849 537 2200 604 accedamus,
2251 538 2727 613 exbibeamusque
2781 542 3001 615 egregia
3057 560 3248 615 opera.
3295 545 3430 604 Nam

1848 627 1940 683 bic
1988 638 2073 686 est
2134 628 2303 701 hujus
2357 630 2511 688 ell'ati
2573 647 2812 702 sensus,
2875 643 2927 692 et
2999 635 3170 692 abluti
3240 654 3431 708 corpus

1849 737 2009 792 aqua.

1917 813 2090 886 Aqua,
2124 814 2373 887 inquam,
2408 831 2532 887 quae
2561 819 2796 875 mundos
2822 818 2978 891 facit,
3009 831 3102 878 aut
3144 822 3433 893 sanguinis

1849 915 1935 962 est
1961 920 2181 977 expers.

1923 1013 1945 1049 ι
1980 996 2037 1054 in
2069 999 2520 1071 provocationem
2551 999 2842 1061 cbaritatis
2886 1011 2941 1061 et
2985 1005 3254 1063 bonorum
3303 1024 3435 1080 ope-

1851 1104 1996 1145 rum.
2037 1110 2058 1145 D

1920 1180 2044 1250 Quo
2070 1198 2319 1242 amemus
2349 1185 2610 1259 amplius,
2644 1196 2700 1243 et
2727 1188 3101 1246 redamemur.

1921 1273 2094 1332 Vsus.
2147 1275 2337 1334 25-29.
2402 1296 2423 1331 ι
2475 1275 2595 1333 Non
2662 1278 2984 1336 deserentes
3054 1281 3435 1340 collectionem

1851 1375 2124 1436 nostram,
2164 1369 2307 1425 sicut
2333 1370 2760 1427 consuetudinis
2791 1381 2878 1428 est
2930 1373 3300 1443 quibusdam;
3339 1375 3435 1431 sed

1850 1459 2225 1528 consolantes,
2266 1470 2323 1518 et
2369 1469 2522 1519 tanto
2569 1461 2765 1534 magis,
2800 1472 3009 1534 quanto
3056 1464 3306 1521 videritis
3335 1481 3436 1537 ap-

1849 1552 2315 1623 pr0pinquantem
2340 1553 2511 1610 diem.
2541 1551 2867 1612 Voluntarie
2893 1555 3042 1611 enim
3074 1557 3435 1625 peccantibus

1851 1642 2014 1699 nobis
2053 1651 2181 1714 post
2235 1653 2525 1715 acceptam
2577 1644 2830 1700 notitiam
2869 1645 3142 1711 veritatis,
3173 1646 3290 1716 jam
3323 1661 3434 1703 non

1852 1735 2190 1807 relinquitur
2212 1749 2316 1807 pro
2360 1737 2607 1808 peccatis
2660 1738 2882 1806 hostia;
2942 1739 3210 1796 terribilis
3251 1748 3435 1797 autem

1847 1825 2095 1897 quaedam
2141 1827 2487 1898 exspectatio
2534 1826 2754 1902 iudicii,
2796 1839 2851 1886 et
2898 1829 3052 1902 ignis
3108 1831 3390 1888 simulatio
3417 1871 3434 1899 ,

1847 1933 1970 1989 quas
2022 1928 2415 1990 consumptura
2466 1927 2553 1977 est
2601 1921 2975 1978 adversarios.
3033 1921 3251 1979 lrritam
3309 1925 3438 1996 quis

1847 2007 2058 2066 faciens
2083 2010 2257 2084 legem
2292 2008 2489 2083 Moysi,
2524 2011 2648 2069 sine
2681 2013 2792 2068 ulla
2828 2014 3185 2073 miseratione
3220 2018 3438 2075 duobus

1847 2100 1931 2156 vel
1961 2099 2140 2157 tribus
2188 2101 2425 2158 testibus
2465 2102 2702 2159 moritur
2731 2122 2747 2160 :
2778 2113 2990 2176 quanto
3019 2109 3195 2181 magis
3231 2109 3439 2182 putatis

1847 2191 2115 2248 deteriora
2145 2194 2342 2250 mereri
2381 2193 2671 2267 supplicia,
2713 2213 2733 2249 ι

1917 2281 2158 2341 Noverat
2199 2283 2347 2342 enim
2399 2300 2468 2341 ex
2510 2284 2890 2348 familiaritate
2922 2297 2980 2347 et
3029 2290 3351 2349 collectione
3380 2291 3438 2347 in

1848 2392 2042 2444 unum,
2082 2377 2316 2435 multum
2351 2378 2571 2438 roboris
2609 2381 2694 2440 eis
2737 2397 3114 2441 accessurum.
3152 2383 3253 2440 Ubi
3275 2385 3436 2454 enim,

1848 2468 1926 2523 ait
1953 2466 2236 2539 Christus,
2277 2468 2383 2528 duo
2413 2472 2491 2529 vel
2544 2461 2652 2530 tres
2687 2472 2888 2545 fuerint
2919 2473 3089 2547 2‘9
3134 2478 3439 2551 congregati

1848 2559 1903 2617 in
1933 2562 2143 2618 nomine
2174 2577 2310 2628 meo,
2339 2561 2412 2618 ibi
2442 2564 2499 2620 in
2540 2567 2716 2624 medio
2747 2577 2935 2625 eorum
2959 2583 3081 2623 sum
3105 2568 3152 2622 ’.

1926 2672 1947 2706 ι
1982 2651 2089 2722 Qui
2131 2653 2330 2712 Filium
2375 2655 2476 2715 Dei
2521 2659 2975 2728 couculcaverit,
3019 2668 3076 2718 et
3111 2661 3438 2734 sanguinem

1850 2749 2169 2806 testamenti
2207 2749 2478 2822 pollutum
2521 2751 2771 2822 duxerit,
2810 2754 2868 2811 in
2900 2770 3011 2827 quo
3056 2755 3440 2813 sanctiﬁcatus

1848 2850 1956 2903 est,
1994 2846 2052 2896 et
2083 2839 2306 2912 spiritui
2335 2842 2525 2916 gratiae
2553 2845 2948 2902 contumeliam
2983 2844 3197 2902 iecerit.
3240 2843 3435 2917 [νεεδ.

1849 2931 1942 2997 30,
1967 2930 2084 3004 ει]
2117 2931 2338 2991 Scimus
2359 2935 2508 2991 enim
2534 2937 2629 3006 qui
2660 2936 2804 2994 dixit
2833 2951 2850 2992 :
2880 2935 3012 2993 Mihi
3045 2936 3306 3003 vindicta,
3335 2951 3440 3008 ego

1850 3023 2182 3092 retribuam,
2233 3024 2370 3083 dicit
2417 3025 2708 3086 Dominus.
2738 3027 2807 3084 Et
2859 3029 3060 3085 iterum
3107 3051 3119 3085 :
3157 3024 3440 3085 Judicabit

1774 3152 1819 3211 ο
1853 3115 2122 3211 Dominus
2156 3119 2420 3211 populum
2458 3135 2647 3178 suum.
2689 3119 3042 3179 Horrendum
3075 3129 3162 3178 est
3193 3119 3440 3178 incidero

1852 3208 1911 3266 in
1949 3224 2149 3268 manus
2175 3209 2274 3268 Dei
2299 3213 2556 3272 viventis.
2594 3232 2616 3269 ι

1923 3302 2159 3373 Quando
2180 3305 2328 3364 enim
2360 3303 2454 3379 qui
2475 3306 2756 3380 particeps
2771 3306 2925 3364 illius
2941 3306 3045 3364 fuit
3061 3307 3119 3364 in
3138 3309 3438 3381 mysteriis,

1851 3406 2139 3470 peccatum
2175 3397 2438 3468 admittit,
2471 3400 2753 3474 quomodo
2785 3417 2896 3456 non
2943 3401 3230 3472 proculcat
3257 3401 3435 3469 illum,

1853 3498 2042 3564 utpote
2078 3507 2244 3564 quem
2280 3491 2592 3564 despicatui
2622 3491 2861 3549 habent?

1928 3584 2094 3644 Vens.
2125 3584 2320 3643 32-34.
2351 3602 2372 3637 ι
2411 3584 2884 3643 Rememoramini
2916 3585 3184 3657 pristinos
3210 3585 3349 3654 dies,
3383 3588 3438 3643 in

1851 3679 2055 3752 quibus
2101 3677 2424 3746 illuminati,
2462 3693 2723 3750 magnum
2751 3685 3036 3735 certamen
3093 3680 3440 3738 sustinuistis

1852 3767 2220 3842 passionum;
2245 3777 2302 3824 et
2332 3766 2388 3822 in
2419 3767 2594 3823 altero
2623 3765 2852 3840 quidem
2895 3765 3211 3837 opprobriis
3236 3776 3294 3822 et
3341 3767 3440 3824 tri-

1852 3858 2230 3916 bulationibus
2266 3855 2646 3929 spectaculum
2698 3851 2856 3920 facti,
2911 3851 2970 3909 in
3023 3852 3197 3908 altero
3253 3860 3438 3908 autem

1853 3951 1990 4008 socii
2020 3951 2206 4006 taliter
2237 3945 2690 4006 conversantium
2728 3943 2937 4002 effecti.
2961 3941 3097 4000 Nam
3120 3953 3173 4002 et
3203 3943 3438 4000 vinculis

1855 4040 1996 4099 meis
2029 4039 2307 4114 compassi
2336 4038 2491 4108 estis,
2526 4043 2582 4095 et
2610 4034 2863 4108 rapinam
2911 4035 3184 4094 bonorum
3228 4041 3441 4092 vestro-

1853 4150 1976 4192 rum
2007 4153 2029 4186 ν

1923 4226 2196 4296 Quoniam
2227 4222 2628 4282 deficiebantur
2659 4223 2730 4281 ob
2762 4220 3115 4288 amictiones,
3140 4219 3266 4276 vide
3303 4235 3441 4292 quo-

1853 4317 2018 4373 modo
2033 4331 2129 4373 eos
2149 4317 2496 4379 consolatur,
2517 4327 2583 4370 ac
2612 4313 2852 4387 primum
2875 4311 3096 4384 quidem
3121 4312 3192 4368 ab
3219 4310 3437 4369 iisdem.

1853 4407 2338 4475 Rsmemoramini,
2372 4406 2593 4479 inquit,
2642 4404 2899 4477 pristinos
2944 4404 3078 4460 dies.
3135 4401 3342 4460 Deinde
3371 4404 3440 4459 ab

1779 4515 1826 4577 υ
1853 4500 2184 4558 auctoritate
2211 4500 2537 4572 Scriptum,
2571 4512 2696 4571 qua:
2728 4497 2867 4554 dicit
2896 4515 2912 4553 :
2943 4493 3137 4553 Justus
3171 4507 3350 4552 autem
3376 4514 3441 4553 ex

1854 4597 1961 4668 ﬁde
1982 4597 2113 4652 uiuet
2137 4594 2198 4644 ηρ
2231 4592 2504 4649 Praeterea
2532 4589 2780 4648 rationes
2803 4588 3138 4661 adiiciendo,
3164 4588 3294 4644 dum
3326 4590 3438 4646 ait:

1859 4689 1957 4745 Est
1984 4688 2118 4761 ﬁdes
2151 4685 2538 4756 sperandarum
2568 4682 2877 4739 substantia
2921 4697 3122 4747 rerum,
3154 4697 3440 4752 argumen—

1858 4794 1970 4834 mm
1999 4794 2103 4836 non
2130 4776 2522 4847 apparentium.
2571 4772 2819 4843 itemque
2850 4785 2882 4825 a
2923 4769 3233 4841 majoribus
3257 4778 3310 4825 et
3345 4785 3442 4841 pa-

1855 4872 2131 4939 rentibus,
2166 4868 2381 4941 magnis
2428 4865 2643 4924 scilicet
2667 4873 2721 4922 et
2747 4862 3093 4920 admirandis
3130 4862 3243 4920 illis
3281 4862 3439 4918 viris.

1855 4965 1936 5022 Ac
1974 4964 2172 5022 merito
2226 4961 2450 5034 quidem
2501 4959 2684 5032 primo
2745 4957 2866 5013 loco
2926 4955 3256 5011 mentionem
3309 4953 3442 5009 facit

1849 5058 2010 5123 Abel,
2050 5055 2145 5129 qui
2193 5057 2408 5128 primus
2441 5051 2548 5110 fuit
2583 5066 2775 5109 eorum
2807 5049 2900 5122 qui
2936 5063 3037 5120 pro
3063 5062 3192 5105 vera
3236 5049 3441 5120 pietate

1851 5150 2055 5207 mortui
2089 5159 2271 5216 sunt;
2322 5146 2568 5206 secundo
2624 5143 2780 5216 ponit
2832 5141 3045 5210 Enoch,
3078 5139 3173 5211 qui
3217 5146 3439 5209 propter

1848 5244 2110 5315 pietatem
2151 5241 2452 5299 translatus
2503 5237 2610 5295 fuit
2654 5257 2670 5296 :
2707 5235 2799 5294 ubi
2842 5233 3070 5291 omnino
3121 5245 3439 5288 remunera-

1851 5339 2035 5396 tiones
2068 5337 2186 5395 fore
2225 5334 2472 5394 ostendit
2500 5333 2719 5402 ;.tertio
2770 5326 2922 5395 Noe,
2962 5339 3077 5399 quo
3117 5333 3308 5380 notum
3361 5321 3428 5375 la-

1862 5431 2010 5496 ciat,
2064 5445 2258 5502 poenas
2319 5443 2415 5487 eos
2470 5424 2565 5498 qui
2618 5439 2727 5483 non
2790 5417 3179 5482 crediderint,
3228 5414 3439 5487 persol-

1861 5536 2011 5578 vere.

1469 5723 1702 5784 Wtle
1740 5724 2145 5784 LECTIONES.

247 5811 273 5848 ι’
307 5800 550 5865 Verbum
573 5807 751 5878 deest,
777 5805 923 5865 forte
957 5809 1256 5885 εἰσφέρειν.
