4048 6290
246 323 337 406 981

1414 337 1497 399 IN
1536 321 1890 400 EPIST.AD
1930 307 2323 399 HEBRAEOS.

3391 329 3496 393 982

239 449 474 522 λοτρίαν,
520 445 578 522 ἐν
620 445 849 517 σκηναῖς
896 447 1256 520 κατοικήσας
1285 444 1427 517 μετὰ
1485 444 1674 500 Ἰσαὰκ
1718 447 1812 498 καὶ

1935 461 1968 499 ιι
2003 445 2209 500 easulis
2245 435 2725 506 habitando,'cUm
2757 441 2911 497 lsaac
2955 449 3009 494 et
3050 435 3220 494 Jacob
3262 437 3497 504 cohaere-

253 541 443 598 Ἰακωϐ
473 541 582 596 τῶν
609 539 1076 612 συγκληρονόμωνΔ
1096 539 1195 611 τῆς
1229 533 1562 608 ἐπαγγελίας
1593 539 1695 608 τῆς
1723 533 1812 591 αδ-

241 633 353 707 τῆς.
371 633 675 706 Ἐξεδέχετο
698 633 810 704 γάρ
849 652 867 686 ι

319 726 539 799 Ἐπειδὴ
583 728 664 791 εἰς
712 725 938 790 τούτους
982 724 1171 798 ἐώρων
1216 725 1269 778 οι
1318 723 1379 790 ἐξ
1428 722 1694 796 Ἑϐραίών
1725 740 1816 776 πε-

247 819 635 885 πιστευκότες,
693 803 1032 888 ὼςτμυρίων
1093 813 1512 878 ἀπολαύσαντας
1569 812 1810 884 ἀγαθῶν,

241 909 511 965 δείκνυσιν
531 908 613 963 ὅτι
645 907 856 962 οὐδέπω
884 894 1063 971 οὐδεὶς
1089 904 1407 976 ἐκομίσατο.

314 1006 335 1054 c'
372 1003 485 1073 Τὴν
511 1000 638 1066 τοὺς
663 999 948 1072 θεμελίους
979 998 1210 1070 ἔχουσαν
1241 997 1414 1054 πόλιν.
1451 1017 1470 1051 ι

309 1089 623 1157 Τουτέστιν,
657 1089 758 1164 τὴν
779 1089 1104 1146 ἀσάλευτον.
1123 1125 1127 1131 ι

313 1202 334 1238 ι
365 1176 475 1249 Ἦς
503 1183 753 1256 τεχνίτης
784 1183 879 1238 καὶ
910 1181 1248 1255 δημιουργὸς
1283 1183 1312 1236 ὁ
1343 1183 1496 1249 Θεός.
1539 1201 1559 1236 ι

305 1270 486 1341 Αὐτὸς
509 1273 622 1348 γὰρ
665 1275 858 1343 ἐλθὼν,
891 1275 1110 1348 ἐκείνην
1154 1277 1341 1341 αὐτοῖς
1382 1276 1696 1349 ἐχαρίσατο.
1751 1278 1814 1331 El

243 1367 316 1439 μὴ
355 1366 468 1438 γὰρ
504 1365 775 1438 κατῆλθεν
808 1364 1039 1437 Ἰησοῦς,
1070 1365 1167 1420 καὶ
1201 1365 1434 1438 ἀνῆλθεν
1478 1368 1560 1431 είς
1588 1366 1693 1422 -τὸν
1721 1368 1810 1421 οὑ-

243 1459 423 1531 ρανὸν,
469 1459 778 1533 πρόδρομος
824 1457 984 1531 ἡμῶν
1017 1457 1333 1530 γενόμενος,
1380 1459 1481 1514 οὐκ
1537 1459 1603 1514 ἂν
1654 1461 1814 1532 ἡμεῖς

241 1551 468 1607 ἐκείνων
495 1550 816 1627 ἠξιώθημεν
846 1551 954 1608 τῶν
979 1551 1177 1623 μονῶν.

284 1665 287 1667 ν
312 1664 331 1699 ι
360 1646 562 1701 -Πίστει
591 1645 700 1718 γὰρ
729 1646 919 1719 Σάρῤα
946 1647 1042 1701 καὶ⁹
1074 1645 1213 1718 αὑτὴ
1251 1645 1482 1717 δύναμιν
1520 1663 1537 1697 ι

313 1739 718 1812 -Ἐντρεπτικῶς
764 1737 998 1793 ἐνταῦθα
1051 1737 1287 1810 ήρξατο,
1338 1738 1393 1792 ετ
1437 1754 1501 1807 γε
1552 1737 1814 1808 γυναικὸς

238 1826 679 1906 ὀλιγοψυχότεροι
715 1831 1019 1901 φαίνονται.
1058 1830 1222 1896 Ὀλος
1247 1829 1359 1902 γὰρ
1391 1830 1569 1885 αὐτῶν
1602 1831 1635 1882 ὁ
1657 1829 1815 1899 λόγος

237 1933 315 1995 εἰς
337 1927 502 1984 τοῦτο
529 1927 916 2008 οίκονομεῖται,
938 1926 1022 1991 εις
1042 1925 1105 1980 τδ
1135 1922 1596 1997 ἀποκεκμηκότας
1621 1923 1816 1988 αὐτοὺς

239 2021 674 2095 ἀνακτήσασθαι.
781 2066 785 2068 .

313 2133 335 2168 ι
386 2116 486 2177 Εἲς
539 2109 1208 2184 καταϐολήνισπὲρματος
1257 2107 1457 2175 ἔλαϐε,
1509 2110 1628 2163 καὶ-
1666 2108 1818 2180 παρά

239 2206 433 2281 καιρὸν
485 2205 706 2278 ήλικίας
759 2203 970 2271 ἔτεκεν,
1004 2203 1127 2261 ἐπεὶ
1179 2202 1372 2258 πιστὸν
1422 2203 1670 2275 ἡγήσατο
1722 2202 1818 2257 τὸν

238 2299 734 2373 ἐπαγγειλάμενον.
771 2317 795 2352 ι
994 2329 997 2334 ι
1433 2324 1437 2328 ~
1498 2319 1501 2322 ·

303 2375 622 2458 Τουτέστιν,
654 2392 736 2455 είς
763 2389 826 2445 τὸ
859 2389 1154 2462 κατασχεῖν
1184 2386 1245 2442 τδ
1275 2387 1519 2460 σπέρμα.

314 2501 333 2536 ι
366 2482 463 2536 Διὸ
498 2483 595 2538 καὶ
637 2482 731 2552 ἀφ’
762 2480 880 2546 ἐνὸς
911 2479 1303 2551 ἐγεννήθησαν,
1348 2480 1444 2534 καὶ
1471 2477 1646 2533 ταῦτα
1673 2495 1819 2534 νενε-

237 2575 556 2650 κρωμένου,
581 2573 769 2640 καθὼς
801 2573 873 2630 τὰ
897 2573 1072 2647 ἄστρα
1096 2571 1198 2627 τοῦ
1232 2571 1464 2645 οὐρανοῦ
1496 2573 1581 2644 τῷ
1598 2572 1816 2645 πλήθει,

237 2670 332 2725 καὶ
369 2669 448 2734 ὡς
493 2669 702 2742 ἄμμος,
733 2668 768 2740 ή
801 2667 955 2740 παρά
985 2667 1047 2723 τὸ
1079 2666 1262 2739 χεῖλος
1306 2665 1409 2737 τῆς
1457 2665 1752 2740 θαλάσσης.
1785 2667 1820 2739 ἡ

238 2761 635 2834 ἀναρίθμητος.
671 2779 691 2814 ι
815 2761 822 2768 ”
915 2789 918 2792 ι

306 2853 482 2908 Τοῦτο
509 2854 613 2908 οὐκ
639 2852 786 2922 ἐστι,
814 2850 1002 2925 φησιν,
1057 2853 1220 2925 μόνον
1250 2852 1312 2908 τὸ
1350 2851 1692 2927 θαυμαστὸν,
1738 2853 1821 2907 ὅτι

237 2944 396 3017 ἔσχεν
443 2944 673 3016 δύναμιν
698 2945 783 3009 εἰς
831 2942 1145 3017 καταϐολὴν
1201 2943 1539 3018 σπέρματος,
1585 2943 1700 3000 ἀλλ’
1739 2943 1822 2999 ὅτι

237 3022 510 3095 τοσοῦτων
539 3037 758 3108 ἐγένετο
805 3038 1013 3110 μήτηρ,
1040 3036 1183 3093 ὅσων
1214 3038 1335 3092 οὐδὲ
1375 3037 1595 3110 εὖφοροι
1624 3037 1822 3109 γαστέ-

1911 535 2076 593 dibus
2103 537 2349 607 ejusdem
2385 535 2856 609 repromissionis.
2901 522 3264 604 Ex‘spectabat
3289 532 3436 587 enim
3470 549 3489 584 ι

1985 713 2254 784 Quoniam
2291 715 2374 771 illi
2419 715 2514 787 qui
2573 731 2640 771 ex
2690 705 2938 770 Hebraeis
2985 709 3356 792 Credidera'nt,
3401 727 3497 768 eos

1915 808 2274 879 aspiciebant,
2309 822 2410 863 ceu
2441 797 2937 864 bonislinnumeris
2968 791 3213 874 ornatos,
3254 791 3499 861 declarat

1917 898 2189 955 neminem
2221 899 2520 970 quidquam
2555 899 2852 969 recepisse.

1991 1011 2010 1044 ι
2044 991 2425 1048 Fundamenta
2455 991 2752 1047 habentem
2784 990 3089 1046 civitatem.
3120 1009 3140 1043 ι

1981 1082 2040 1138 id
2082 1091 2168 1139 est
2206 1083 2599 1140 inconcussam
2637 1091 2692 1139 ct
2719 1081 3082 1138 immobilem.

1992 1192 2012 1226 ί
2049 1175 2235 1247 Cujus
2260 1176 2462 1233 artifex
2500 1183 2554 1230 et
2593 1175 2848 1231 conditor
2882 1174 3050 1232 Deus.
3084 1195 3103 1228 ι

1988 1267 2111 1336 ipse
2156 1267 2305 1324 enim
2357 1267 2587 1324 veniens
2639 1267 2780 1320 hanc
2819 1257 3182 1323 eis'dbnavit.
3220 1257 3355 1324 Nam
3392 1265 3499 1323 nisi

1915 1356 2073 1417 Jesus
2105 1359 2507 1427 descendisset,
2544 1368 2599 1415 et
2634 1357 2983 1415 ascendisset
3015 1359 3066 1414 in
3096 1359 3320 1426 coelum,
3356 1375 3497 1431 prae-

1903 1470 2113 1513 ‘cursor
2149 1468 2336 1512 noster
2376 1456 2578 1521 factus,
2614 1455 3001 1512 mansionibus
3044 1455 3169 1513 istis
3217 1472 3498 1528 nunquam

1916 1549 2127 1621 dignati
2149 1549 2471 1605 fuissemus.

1991 1643 2153 1700 Vens.
2187 1645 2274 1698 11.
2314 1663 2333 1696 ι
2372 1643 2503 1700 Fide
2527 1653 2580 1700 et
2609 1642 2726 1714 ipsa
2758 1641 2894 1698 Sara
2930 1642 3192 1699 virtutem
3231 1662 3249 1696 ι

1990 1733 2091 1790 Hic
2109 1734 2280 1790 veluti
2308 1749 2540 1805 arguere
2565 1733 2780 1805 incipit,
2805 1733 3250 1805 quandoquidem
3269 1732 3502 1789 muliere

1920 1827 2315 1885 imbecilliores
2342 1827 2695 1884 videbantur.
2728 1825 3047 1882 Nam'totus
3069 1827 3174 1883 iste
3203 1826 3272 1882 de
3301 1827 3501 1898 priscis

1919 1921 2172 1994 patribus
2199 1935 2385 1977 sermo
2411 1919 2481 1975 ad
2514 1920 2621 1976 hoc
2651 1926 2888 1992 spectat,
2923 1928 2985 1975 ut
3019 1917 3342 1976 fatiscentes
3374 1919 3501 1976 illos

1918 2021 2152 2068 recreet.
3048 2031 3051 2033 ’

1995 2123 2015 2155 ε
2050 2103 2113 2160 In
2141 2103 2465 2160 missionem
2510 2103 2742 2159 seminis
2796 2103 3043 2174 accepit;
3096 2103 3504 2173 etiam'przeter

1918 2202 2140 2268 tempus
2195 2197 2374 2254 aetatis
2409 2196 2648 2269 peperit,
2705 2197 2966 2270 quoniam
3009 2195 3224 2254 ﬁdelem
3268 2195 3505 2252 credidit

1919 2303 2045 2346 eum
2075 2289 2169 2362 qui
2213 2289 2628 2360 repromiserat.
2662 2307 2683 2342 ι
2961 2286 2965 2293 “
3294 2275 3300 2280 ’

1988 2382 2044 2438 id
2080 2390 2185 2451 est,
2213 2382 2282 2438 ad
2311 2382 2656 2439 retinendum
2687 2398 2898 2441 semen.

1990 2475 2161 2532 Vsus.
2195 2475 2286 2531 12.
2330 2494 2352 2528 ε
2389 2473 2624 2548 Propter
2654 2475 2803 2547 quod
2826 2483 2882 2533 et
2905 2476 2975 2532 ab
3000 2489 3110 2531 uno
3133 2473 3241 2530 orti
3272 2482 3400 2531 sunt
3430 2474 3508 2546 (et

1919 2569 2026 2626 hoc
2053 2567 2347 2640 emortuo)
2399 2573 2662 2640 tanquam
2700 2567 2886 2624 sidera
2918 2567 3046 2624 cceli
3099 2567 3156 2622 in
3194 2566 3509 2623 multitudi-

1921 2675 2070 2726 nem,
2101 2668 2156 2714 et
2188 2657 2334 2715 sicut
2363 2672 2531 2714 arena
2559 2672 2684 2731 quae
2713 2665 2799 2716 est
2829 2657 2894 2714 ad
2925 2671 3080 2714 oram
3117 2654 3310 2724 maris,
3340 2655 3508 2712 innu-

1923 2751 2228 2809 merabilis.
2259 2771 2280 2806 ι

1992 2846 2113 2903 Νοιι
2145 2847 2248 2902 hoc
2288 2846 2494 2914 solum,
2523 2845 2728 2918 inquit,
2781 2844 3037 2902 mirabile
3079 2837 3186 2910 est,
3218 2843 3367 2915 quod
3398 2844 3512 2899 vir-

1922 2946 2099 2994 tutem
2132 2939 2386 2997 habuerit
2407 2939 2475 2994 ad
2503 2938 2912 3010 susceptionem
2930 2938 3196 3006 seminis;
3221 2936 3315 2994 sed
3343 2937 3504 2993 etiam

1923 3035 2071 3105 quod
2109 3041 2277 3090 tanta:
2326 3030 2702 3088 multitudinis
2745 3037 2920 3087 mater
2951 3029 3217 3096 evaserit,
3246 3037 3507 3100 quantam

241 3148 354 3204 ρες.
397 3131 490 3196 Ὠς
529 3130 600 3185 τά
644 3130 841 3201 ἄστρα
885 3130 1035 3204 γὰρ,
1084 3131 1258 3204 φησὶ,
1293 3132 1401 3188 τοῦ
1429 3130 1724 3200 οὐρανοῦ,
1765 3130 1823 3198 ἐξ

1931 3143 2028 3186 nec
2063 3127 2206 3183 uteri
2241 3125 2339 3182 uili
2369 3124 2516 3182 ferre
2549 3122 2794 3180 valeant.
2842 3120 3004 3179 Sicut
3043 3122 3222 3178 sidera
3259 3120 3395 3186 caeli,
3431 3121 3510 3177 in-

239 3225 357 3290 ἐνὸς
383 3224 444 3279 δὲ
471 3222 807 3296 σπέρματος,
838 3221 1009 3294 λέγει.

306 3316 469 3373 Κατά
500 3317 684 3372 πίστιν
712 3317 983 3374 ἀπέθανον
1024 3310 1172 3375 οὗτοι
1202 3319 1428 3387 πάντες,
1457 3319 1536 3392 μὴ
1563 3316 1823 3384 λαϐόντες

237 3409 340 3475 τὰς
369 3410 731 3479 ἐπαγγελίας.
765 3430 785 3465 ι
826 3414 829 3417 ’

309 3502 375 3557 Ui
402 3501 533 3574 περὶ
554 3501 647 3556 τὸν
689 3500 965 3575 Ἀϐραὰμ,
997 3503 1187 3577 φησιν.

315 3706 336 3740 ε
384 3685 548 3740 Ἀλλά
576 3679 863 3759 πόρρωθεν
897 3684 1067 3749 αὐτὰς
1100 3685 1319 3753 ίδόντες,
1345 3685 1442 3740 καὶ
1488 3685 1822 3759 ἀσπασάμε-

240 3794 340 3844 νοι,
373 3778 471 3833 καὶ
527 3776 982 3849 ὁμολογήσαντες,
1027 3778 1112 3831 ὅτι
1143 3777 1282 3842 ξένοι
1315 3775 1409 3830 καὶ
1451 3777 1825 3850 παρεπίδημοί

239 3871 378 3925 είσιν
408 3869 504 3924 est
524 3870 626 3942 τῆς
644 3872 766 3943 γῆς.
799 3871 864 3924 Ol
889 3868 1001 3944 γὰρ
1037 3868 1262 3924 τοιαῦτα
1289 3869 1560 3940 λέγοντες,
1591 3871 1828 3943 ἐμφανί-

241 3962 432 4028 ζουσιν
453 4005 468 4030 ,
494 3963 575 4018 ὅτι
606 3963 846 4035 πατρίδα
889 3962 1263 4036 ἐπιζητοῦσιν.
1298 3962 1411 4019 Καὶ
1439 3966 1488 4018 εί
1536 3964 1636 4036 μὲν
1682 3965 1827 4020 ἐκεί-

240 4072 340 4126 νης
385 4055 758 4128 ἐμνημόνευον
781 4096 798 4122 ,
827 4054 920 4126 ἀφ’
948 4049 1018 4129 ἦς
1066 4055 1324 4127 ἐξῆλθον,
1353 4051 1498 4128 εῖχον
1534 4057 1600 4114 ἂν
1639 4059 1828 4130 καιρὸν

241 4147 588 4220 ἀνακάμψαι.
619 4148 736 4204 Νῦν
769 4147 827 4202 δέ
868 4148 1179 4218 κρείττονος
1206 4149 1513 4220 ὀρέγονται,
1548 4154 1826 4208 τουτέστιν

241 4237 593 4314 ἐπουρανίου.
637 4241 730 4295 Διὸ
761 4241 884 4295 οὐκ
916 4241 1300 4314 ἐπαισχύνεται
1350 4245 1546 4310 αὐτοὺς
1592 4247 1620 4300 ό
1671 4246 1824 4316 Θεὸς,

239 4333 376 4399 Θεὸς
431 4331 811 4412 ἐπικαλεῖσθαι
866 4332 1068 4390 αὐτῶν.
1133 4333 1424 4409 Ἠτοίμασε
1480 4338 1588 4411 γὰρ
1645 4337 1829 4406 αὐτοῖς

242 4423 436 4482 πόλιν.
466 4443 487 4480 ι
507 4447 513 4450 -

313 4517 410 4588 Τῷ
429 4517 703 4590 πνεύματι
728 4517 994 4590 δηλονότι.

321 4628 342 4662 ε
373 4608 570 4664 Πίστει
619 4610 1021 4682 προσενήνοχεν
1073 4609 1325 4683 Ἀϐραὰμ
1357 4611 1452 4668 τὸν
1486 4612 1673 4670 Ἰσαὰκ
1710 4633 1832 4672 πει-

246 4695 573 4774 ραζόμενος,
604 4703 819 4758 καὶτὸν
851 4703 1126 4775 μονογενῆ·
1139 4706 1505 4778 προσέφερεν,
1538 4709 1567 4760 ὁ
1599 4708 1697 4773 τὰς
1733 4710 1834 4764 ἐπ-

245 4793 510 4864 αγγελίας
537 4795 955 4867 ἀναδεξάμενος,
991 4796 1127 4868 πρὸς
1172 4797 1231 4853 ὃν
1284 4798 1555 4872 ἐλαλήθη,
1595 4801 1678 4856 ὅτι
1743 4803 1832 4856 Ἐν

257 4887 800 4961 Ἰσαάκκληθήσεταί
835 4894 932 4942 σοι’
965 4886 1208 4962 σπέρμα.
1243 4908 1264 4943 ›

319 4983 526 5056 Πεῖραν
568 4984 668 5056 τῆς
701 4983 987 5047 εὐσεϐείας
1036 4984 1369 5050 ἐπιδεικνύς.
1407 4986 1670 5059 Πειράζει
1701 4989 1831 5060 γάρ,

227 5078 348 5150 ,οὐχ
381 5079 459 5143 ὡς
501 5075 714 5147 ἀγνοῶν
755 5075 909 5143 Θεὸς,
938 5074 1055 5130 ἀλλ’
1107 5076 1193 5130 ὅτι
1225 5077 1276 5130 οἱ
1330 5077 1475 5146 ἅγιοι
1512 5081 1712 5150 πεῖραν
1739 5080 1834 5134 καὶ

247 5171 530 5237 ἀπόδειξιν
581 5169 681 5242 τῆς
731 5168 1017 5234 εὐσεϐείας
1065 5170 1494 5245 παρασχόμενοι,
1531 5171 1835 5245 θαυμαστοὶ

251 5263 410 5336 παρά
441 5263 574 5318 πᾶσι
605 5261 891 5333 γένωνται.

328 5372 350 5408 ι
386 5356 776 5430 Λογισάμενος,
809 5357 893 5412 ὅτι
926 5355 1022 5413 καὶ
1053 5354 1119 5410 ἐκ
1166 5355 1376 5428 νεκρῶν
1406 5357 1645 5428 ἐγείρειν
1678 5357 1836 5412 δυνα-

251 5447 344 5513 τὺς
369 5451 400 5504 ὁ
428 5449 577 5516 Θεός.
613 5469 634 5503 ›

295 5575 297 5577 ι
329 5538 527 5613 Ἔλεγε
549 5581 564 5608 ,
593 5542 780 5613 φησὶν,
806 5542 888 5597 ὅτι
919 5542 949 5596 ὁ
975 5543 1041 5596 ἐκ
1073 5543 1286 5615 μήτρας
1310 5542 1405 5597 καὶ
1437 5545 1835 5617 γεγηρακυίας,

257 5635 356 5692 καὶ
379 5634 652 5707 ἀχρήστου
683 5634 1057 5706 γεγενημένης
1082 5675 1097 5701 ,
1125 5635 1240 5689 υἱὸν
1269 5636 1525 5705 γενέσθαι
1555 5654 1836 5711 παρεσχη-

255 5725 394 5794 κὼς,
421 5727 513 5781 καὶ
544 5727 819 5799 σφαγέντα
852 5727 1150 5799 ἀναστῆσαι
1176 5728 1482 5801 δυνήσεται.

334 5838 355 5874 ε
385 5819 548 5878 Ὅθεν
572 5809 741 5877 ἀὖτδν
767 5820 861 5876 καὶ
885 5821 943 5876 ἐν
975 5821 1258 5895 παραϐολῇ
1290 5821 1603 5895 ἐκομίσατο.
1636 5842 1656 5875 ι

1934 3220 2076 3294 quit,
2111 3234 2178 3275 ex
2211 3232 2322 3274 uno
2353 3215 2613 3274 videlicet
2645 3216 2875 3273 semine.

2004 3311 2171 3368 Vsus.
2197 3308 2382 3366 15-16.
2421 3327 2439 3362 ι
2477 3307 2647 3376 Juxta
2677 3308 2838 3365 iidem
2884 3303 3134 3366 defuncti
3162 3315 3292 3369 sunt
3322 3322 3516 3364 omnes

1933 3411 2045 3480 isti,
2085 3422 2196 3465 non
2229 3406 2477 3478 acceptis
2506 3405 3064 3477 repromissionibus.
3099 3424 3118 3458 ι

2003 3503 2283 3560 Abraham
2331 3500 2613 3568 nimirum,
2642 3507 2698 3557 et
2755 3499 2850 3570 qui
2894 3514 2960 3556 ex
3005 3513 3071 3556 eo
3105 3497 3214 3556 orti
3261 3506 3514 3570 suntpa-

1935 3597 2212 3654 triarchae.

2004 3688 2166 3760 25],-
2204 3708 2221 3740 ‹
2263 3685 2370 3743 Sed
2393 3701 2425 3741 a
2458 3687 2616 3760 longe
2642 3700 2740 3742 eas
2789 3684 3148 3758 accipientes,
3180 3695 3234 3741 et
3267 3684 3516 3741 salutan-

1933 3791 2039 3850 tes,
2068 3792 2123 3838 et
2159 3781 2485 3840 conﬁtentes
2527 3780 2660 3854 quia
2694 3781 2974 3857 peregrini
3000 3787 3056 3838 et
3105 3781 3353 3852 hospites
3384 3773 3517 3838 stint

1936 3893 2101 3949 super
2135 3886 2360 3934 terram.
2395 3875 2501 3950 Qui
2530 3875 2829 3940 enimihsec
2864 3873 3078 3940 dicunt,
3114 3871 3428 3945 signiﬁcant
3454 3889 3516 3930 se

1935 3971 2169 4044 patriam
2193 3968 2494 4040 inquirere.
2516 3967 2584 4022 Et
2606 3967 2654 4023 si
2672 3966 2898 4039 quidem
2919 3965 3096 4038 ipsius
3115 3965 3514 4030 meminissent,

1935 4068 2004 4125 de
2031 4082 2139 4138 qua
2193 4064 2471 4130 exierunt,
2500 4061 2778 4118 habebant
2816 4057 3013 4131 utique
3065 4064 3283 4129 tempus
3329 4072 3517 4113 rever-

1937 4161 2107 4219 tendi.
2139 4159 2299 4215 Nunc
2337 4164 2520 4214 autem
2565 4156 2849 4212 meliorem
2881 4154 3170 4225 appetunt,
3204 4151 3258 4207 id
3288 4160 3372 4207 est
3403 4166 3518 4206 coe-

1935 4255 2151 4313 lestcm.
2185 4253 2314 4309 Ideo
2365 4266 2476 4308 non
2533 4249 2893 4308 confunditur
2941 4247 3089 4304 Deus
3142 4247 3330 4303 vocari
3373 4245 3517 4302 Deus

1934 4363 2125 4405 eorum
2159 4362 2173 4400 :
2200 4344 2414 4418 paravit
2443 4345 2590 4401 enim
2631 4343 2744 4404 illis
2772 4340 3075 4407 civitatem.
3107 4358 3128 4392 ι

1861 4522 1908 4578 D
2009 4523 2223 4596 Spiritu
2252 4522 2538 4581 nimirum.

2003 4615 2178 4672 Vens.
2203 4616 2292 4682 17,
2319 4615 2406 4670 18.
2437 4634 2455 4667 ι
2493 4611 2625 4670 Fide
2654 4611 2855 4669 obtulit
2889 4611 3166 4669 Abraham
3199 4611 3371 4676 Isaac,
3393 4627 3516 4667 cum

1934 4717 2236 4765 tentaretur
2264 4725 2279 4777 ;
2307 4716 2361 4762 et
2408 4706 2751 4777 unigenitum
2800 4705 3090 4773 oﬂerebat,
3127 4706 3222 4778 qui
3255 4721 3519 4777 suscepe-

1935 4811 2020 4857 rat
2064 4799 2549 4872 repromissiones,
2587 4801 2655 4856 ad
2689 4815 2853 4871 quem
2880 4798 3089 4856 dictum
3125 4806 3208 4855 est
3240 4818 3254 4854 :
3289 4798 3428 4866 Quia
3463 4801 3518 4855 in

1935 4896 2089 4950 Isaac
2115 4893 2413 4951 vocabitur
2433 4893 2530 4949 tibi
2566 4909 2780 4950 semen.
2818 4912 2838 4946 ι

2009 4988 2458 5060 Experimentum
2508 4989 2760 5059 praebens
2790 4987 3016 5060 pietatis
3042 5003 3178 5045 suae.
3210 4985 3345 5042 Nam
3376 4987 3518 5044 Deus

1937 5083 2244 5156 perieulum
2285 5082 2442 5148 facit,
2490 5097 2598 5137 non
2640 5097 2707 5138 ex
2736 5081 3068 5155 ignorantia,
3101 5082 3196 5137 sed
3225 5090 3284 5136 ut
3321 5083 3518 5149 sancti,

1937 5172 2168 5244 probata
2219 5171 2707 5243 demonstrataque
2763 5173 2967 5244 pietate
3019 5188 3157 5238 sua,
3190 5182 3419 5230 cunctos
3464 5168 3519 5229 in

1939 5263 2361 5324 admirationem
2393 5265 2634 5336 rapiant.

2008 5354 2176 5411 Vens.
2212 5354 2299 5410 19.
2341 5373 2359 5408 ι
2397 5355 2685 5413 Arbitrans
2736 5356 2864 5427 quia
2903 5362 2956 5412 et
2993 5368 3025 5410 a
3061 5356 3292 5413 mortuis
3341 5358 3519 5416 susci-

1932 5453 2058 5506 tare
2089 5456 2285 5519 potens
2316 5455 2402 5504 est
2431 5447 2593 5503 Deus.
2646 5467 2664 5499 ι

2010 5541 2280 5608 Dicebat,
2314 5541 2492 5611 inquit
2530 5558 2543 5595 :
2581 5539 2678 5596 ille
2709 5541 2803 5611 qui
2861 5557 2928 5598 ex
2970 5544 3132 5598 vulva
3165 5552 3387 5615 propter
3436 5560 3522 5602 se-

1940 5636 2092 5691 nium
2134 5628 2376 5688 marcida
2411 5639 2573 5704 atque
2613 5633 2793 5688 inutili
2847 5633 3092 5702 reddita,
3139 5636 3286 5708 gigni
3347 5637 3516 5691 lilium

1942 5728 2240 5795 concessit,
2277 5727 2395 5798 ipse
2437 5726 2636 5798 poterit
2675 5735 2731 5782 et
2764 5728 3012 5784 occisum
3049 5729 3315 5786 excitare.

1925 5832 1927 5834 ·
2019 5839 2038 5877 ι
2076 5819 2233 5877 Unde
2267 5835 2392 5877 eum
2423 5803 2485 5876 et
2515 5819 2568 5875 in
2602 5813 2919 5891 parabolam
2945 5821 3175 5892 accepit.
3210 5839 3230 5874 ι
