  <div class='ocr_page' id='page_1' title='image "/cluster/home/n/w/nwhite01/storage/ocr_20150623/95/mdp.39015004289776/505.png"; bbox 0 0 3970 6294; ppageno 0'>
   <div class='ocr_carea' id='block_1_1' title="bbox 431 365 540 434">
    <p class='ocr_par' dir='ltr' id='par_1_1' title="bbox 431 365 540 434">
     <span class='ocr_line' id='line_1_1' title="bbox 431 365 540 434; baseline -0.009 0"><span class='ocrx_word' id='word_1_1' title='bbox 431 365 540 434; x_wconf 71' lang='grc'><strong>987</strong></span> 
     </span>
    </p>
   </div>
   <div class='ocr_carea' id='block_1_2' title="bbox 1629 365 2519 430">
    <p class='ocr_par' dir='ltr' id='par_1_2' title="bbox 1629 365 2519 430">
     <span class='ocr_line' id='line_1_2' title="bbox 1629 365 2519 430; baseline -0.002 0"><span class='ocrx_word' id='word_1_2' title='bbox 1629 370 1691 430; x_wconf 95' lang='lat' dir='ltr'><strong>S.</strong></span> <span class='ocrx_word' id='word_1_3' title='bbox 1728 367 2047 430; x_wconf 79' lang='lat' dir='ltr'><strong>JOANNIS</strong></span> <span class='ocrx_word' id='word_1_4' title='bbox 2085 365 2519 430; x_wconf 79' lang='lat' dir='ltr'><strong>DAMASCENI</strong></span> 
     </span>
    </p>
   </div>
   <div class='ocr_carea' id='block_1_3' title="bbox 3619 357 3724 424">
    <p class='ocr_par' dir='ltr' id='par_1_3' title="bbox 3619 357 3724 424">
     <span class='ocr_line' id='line_1_3' title="bbox 3619 357 3724 424; baseline 0 0"><span class='ocrx_word' id='word_1_5' title='bbox 3619 357 3724 424; x_wconf 83' lang='lat'><strong>988</strong></span> 
     </span>
    </p>
   </div>
   <div class='ocr_carea' id='block_1_4' title="bbox 500 472 2018 552">
    <p class='ocr_par' dir='ltr' id='par_1_4' title="bbox 500 480 2018 552">
     <span class='ocr_line' id='line_1_4' title="bbox 500 480 2018 552; baseline -0.003 -16"><span class='ocrx_word' id='word_1_6' title='bbox 500 501 521 536; x_wconf 86' lang='grc' dir='ltr'><strong>ι</strong></span> <span class='ocrx_word' id='word_1_7' title='bbox 562 481 665 538; x_wconf 81' lang='lat' dir='ltr'><strong>Alii</strong></span> <span class='ocrx_word' id='word_1_8' title='bbox 705 480 933 538; x_wconf 84' lang='lat' dir='ltr'><strong>distenti</strong></span> <span class='ocrx_word' id='word_1_9' title='bbox 963 489 1114 547; x_wconf 89' lang='lat' dir='ltr'><strong>sunt,</strong></span> <span class='ocrx_word' id='word_1_10' title='bbox 1142 495 1252 537; x_wconf 90' lang='lat' dir='ltr'><strong>non</strong></span> <span class='ocrx_word' id='word_1_11' title='bbox 1286 480 1660 552; x_wconf 76' lang='lat' dir='ltr'><strong>suscipientes</strong></span> <span class='ocrx_word' id='word_1_12' title='bbox 1691 481 2018 552; x_wconf 74' lang='lat' dir='ltr'><strong>redemptio-</strong></span> 
     </span>
    </p>
   </div>
   <div class='ocr_carea' id='block_1_5' title="bbox 2155 472 3722 552">
    <p class='ocr_par' dir='ltr' id='par_1_5' title="bbox 2197 472 3722 552">
     <span class='ocr_line' id='line_1_5' title="bbox 2197 472 3722 552; baseline -0.004 -20"><span class='ocrx_word' id='word_1_13' title='bbox 2197 496 2219 532; x_wconf 81' lang='grc' dir='ltr'><strong>ι</strong></span> <span class='ocrx_word' id='word_1_14' title='bbox 2256 479 2444 534; x_wconf 80' lang='grc' dir='ltr'>Ἀλλοι</span> <span class='ocrx_word' id='word_1_15' title='bbox 2463 479 2518 534; x_wconf 84' lang='grc' dir='ltr'>δὲ</span> <span class='ocrx_word' id='word_1_16' title='bbox 2541 475 3134 552; x_wconf 71' lang='grc' dir='ltr'>ἐτυμπανίσθησαν,ὀὑ</span> <span class='ocrx_word' id='word_1_17' title='bbox 3153 473 3587 549; x_wconf 75' lang='grc' dir='ltr'><strong>προσδεξάμενοι</strong></span> <span class='ocrx_word' id='word_1_18' title='bbox 3623 472 3722 545; x_wconf 79' lang='grc' dir='ltr'>τὴν</span> 
     </span>
    </p>
   </div>
   <div class='ocr_carea' id='block_1_6' title="bbox 429 572 2021 641">
    <p class='ocr_par' dir='ltr' id='par_1_6' title="bbox 429 572 2021 641">
     <span class='ocr_line' id='line_1_6' title="bbox 429 572 2021 641; baseline -0.003 -10"><span class='ocrx_word' id='word_1_19' title='bbox 429 589 595 641; x_wconf 88' lang='lat' dir='ltr'><strong>nem,</strong></span> <span class='ocrx_word' id='word_1_20' title='bbox 655 581 715 629; x_wconf 91' lang='lat' dir='ltr'><strong>ut</strong></span> <span class='ocrx_word' id='word_1_21' title='bbox 787 574 1071 629; x_wconf 87' lang='lat' dir='ltr'><strong>meliorem</strong></span> <span class='ocrx_word' id='word_1_22' title='bbox 1150 575 1463 629; x_wconf 73' lang='lat' dir='ltr'><strong>invenirent</strong></span> <span class='ocrx_word' id='word_1_23' title='bbox 1533 572 2021 628; x_wconf 73' lang='lat' dir='ltr'><strong>resurrectionem.</strong></span> 
     </span>
    </p>
   </div>
   <div class='ocr_carea' id='block_1_7' title="bbox 430 665 2019 742">
    <p class='ocr_par' dir='ltr' id='par_1_7' title="bbox 430 665 2019 742">
     <span class='ocr_line' id='line_1_7' title="bbox 430 665 2019 742; baseline -0.003 -20"><span class='ocrx_word' id='word_1_24' title='bbox 430 665 621 742; x_wconf 60' lang='lat' dir='ltr'><strong>[Vsus</strong></span> <span class='ocrx_word' id='word_1_25' title='bbox 661 667 765 732; x_wconf 78' lang='lat'><strong>56,</strong></span> <span class='ocrx_word' id='word_1_26' title='bbox 803 665 920 738; x_wconf 76' lang='lat'><strong>57.]</strong></span> <span class='ocrx_word' id='word_1_27' title='bbox 972 667 1078 721; x_wconf 85' lang='lat' dir='ltr'><strong>Alii</strong></span> <span class='ocrx_word' id='word_1_28' title='bbox 1118 665 1358 721; x_wconf 85' lang='lat' dir='ltr'><strong>ludibria</strong></span> <span class='ocrx_word' id='word_1_29' title='bbox 1407 677 1457 722; x_wconf 85' lang='lat' dir='ltr'><strong>et</strong></span> <span class='ocrx_word' id='word_1_30' title='bbox 1511 667 1744 721; x_wconf 86' lang='lat' dir='ltr'><strong>verbera</strong></span> <span class='ocrx_word' id='word_1_31' title='bbox 1783 665 2019 736; x_wconf 81' lang='lat' dir='ltr'><strong>experti,</strong></span> 
     </span>
    </p>
   </div>
   <div class='ocr_carea' id='block_1_8' title="bbox 429 758 1978 832">
    <p class='ocr_par' dir='ltr' id='par_1_8' title="bbox 429 758 1978 832">
     <span class='ocr_line' id='line_1_8' title="bbox 429 758 1978 832; baseline -0.005 -15"><span class='ocrx_word' id='word_1_32' title='bbox 429 761 660 832; x_wconf 86' lang='lat' dir='ltr'><strong>insuper</strong></span> <span class='ocrx_word' id='word_1_33' title='bbox 691 769 744 815; x_wconf 90' lang='lat' dir='ltr'><strong>et</strong></span> <span class='ocrx_word' id='word_1_34' title='bbox 791 759 1013 816; x_wconf 88' lang='lat' dir='ltr'><strong>vincula</strong></span> <span class='ocrx_word' id='word_1_35' title='bbox 1041 769 1094 816; x_wconf 90' lang='lat' dir='ltr'><strong>et</strong></span> <span class='ocrx_word' id='word_1_36' title='bbox 1121 774 1400 816; x_wconf 85' lang='lat' dir='ltr'><strong>carceres.</strong></span> <span class='ocrx_word' id='word_1_37' title='bbox 1444 758 1698 830; x_wconf 86' lang='lat' dir='ltr'><strong>Lapidati</strong></span> <span class='ocrx_word' id='word_1_38' title='bbox 1737 768 1887 815; x_wconf 89' lang='lat' dir='ltr'><strong>sunt.</strong></span> <span class='ocrx_word' id='word_1_39' title='bbox 1933 776 1978 809; x_wconf 80' lang='grc' dir='ltr'><strong>ι.</strong></span> 
     </span>
    </p>
   </div>
   <div class='ocr_carea' id='block_1_9' title="bbox 505 850 843 922">
    <p class='ocr_par' dir='ltr' id='par_1_9' title="bbox 505 850 843 922">
     <span class='ocr_line' id='line_1_9' title="bbox 505 850 843 922; baseline 0.003 -15"><span class='ocrx_word' id='word_1_40' title='bbox 505 850 843 922; x_wconf 83' lang='lat' dir='ltr'><strong>Stephanus.</strong></span> 
     </span>
    </p>
   </div>
   <div class='ocr_carea' id='block_1_10' title="bbox 501 943 2028 1017">
    <p class='ocr_par' dir='ltr' id='par_1_10' title="bbox 501 943 2028 1017">
     <span class='ocr_line' id='line_1_10' title="bbox 501 943 2028 1017; baseline 0.001 -19"><span class='ocrx_word' id='word_1_41' title='bbox 501 964 519 998; x_wconf 78' lang='grc' dir='ltr'><strong>ι</strong></span> <span class='ocrx_word' id='word_1_42' title='bbox 562 945 707 1001; x_wconf 82' lang='lat' dir='ltr'><strong>Secti</strong></span> <span class='ocrx_word' id='word_1_43' title='bbox 754 957 905 1014; x_wconf 86' lang='lat' dir='ltr'><strong>sunt,</strong></span> <span class='ocrx_word' id='word_1_44' title='bbox 951 946 1146 1002; x_wconf 85' lang='lat' dir='ltr'><strong>tentati</strong></span> <span class='ocrx_word' id='word_1_45' title='bbox 1207 955 1359 1014; x_wconf 89' lang='lat' dir='ltr'><strong>sunt,</strong></span> <span class='ocrx_word' id='word_1_46' title='bbox 1410 946 1464 1000; x_wconf 88' lang='lat' dir='ltr'><strong>in</strong></span> <span class='ocrx_word' id='word_1_47' title='bbox 1532 945 1812 1002; x_wconf 87' lang='lat' dir='ltr'><strong>occisione</strong></span> <span class='ocrx_word' id='word_1_48' title='bbox 1859 943 2028 1017; x_wconf 81' lang='lat' dir='ltr'><strong>gladii</strong></span> 
     </span>
    </p>
   </div>
   <div class='ocr_carea' id='block_1_11' title="bbox 430 1038 903 1095">
    <p class='ocr_par' dir='ltr' id='par_1_11' title="bbox 430 1038 903 1095">
     <span class='ocr_line' id='line_1_11' title="bbox 430 1038 903 1095; baseline -0.008 0"><span class='ocrx_word' id='word_1_49' title='bbox 430 1038 638 1095; x_wconf 84' lang='lat' dir='ltr'><strong>mortui</strong></span> <span class='ocrx_word' id='word_1_50' title='bbox 690 1046 841 1094; x_wconf 85' lang='lat' dir='ltr'><strong>sunt.</strong></span> <span class='ocrx_word' id='word_1_51' title='bbox 885 1057 903 1091; x_wconf 82' lang='grc' dir='ltr'><strong>ι</strong></span> 
     </span>
    </p>
   </div>
   <div class='ocr_carea' id='block_1_12' title="bbox 502 1125 2026 1201">
    <p class='ocr_par' dir='ltr' id='par_1_12' title="bbox 502 1125 2026 1201">
     <span class='ocr_line' id='line_1_12' title="bbox 502 1125 2026 1201; baseline -0.004 -15"><span class='ocrx_word' id='word_1_52' title='bbox 502 1131 610 1186; x_wconf 82' lang='lat' dir='ltr'><strong>Eos</strong></span> <span class='ocrx_word' id='word_1_53' title='bbox 639 1145 705 1185; x_wconf 80' lang='lat' dir='ltr'><strong>ex</strong></span> <span class='ocrx_word' id='word_1_54' title='bbox 763 1131 1048 1201; x_wconf 87' lang='lat' dir='ltr'><strong>prophetis</strong></span> <span class='ocrx_word' id='word_1_55' title='bbox 1077 1129 1212 1185; x_wconf 86' lang='lat' dir='ltr'><strong>dicit</strong></span> <span class='ocrx_word' id='word_1_56' title='bbox 1267 1128 1362 1200; x_wconf 88' lang='lat' dir='ltr'><strong>qui</strong></span> <span class='ocrx_word' id='word_1_57' title='bbox 1407 1126 1725 1197; x_wconf 76' lang='lat' dir='ltr'><strong>interempti</strong></span> <span class='ocrx_word' id='word_1_58' title='bbox 1781 1125 2026 1192; x_wconf 89' lang='lat' dir='ltr'><strong>fuerunt,</strong></span> 
     </span>
    </p>
   </div>
   <div class='ocr_carea' id='block_1_13' title="bbox 432 1219 1744 1294">
    <p class='ocr_par' dir='ltr' id='par_1_13' title="bbox 432 1219 1744 1294">
     <span class='ocr_line' id='line_1_13' title="bbox 432 1219 1744 1294; baseline -0.002 -15"><span class='ocrx_word' id='word_1_59' title='bbox 432 1221 630 1279; x_wconf 83' lang='lat' dir='ltr'><strong>lsaiam</strong></span> <span class='ocrx_word' id='word_1_60' title='bbox 657 1230 808 1294; x_wconf 79' lang='lat' dir='ltr'><strong>puta,</strong></span> <span class='ocrx_word' id='word_1_61' title='bbox 842 1222 938 1292; x_wconf 90' lang='lat' dir='ltr'><strong>qui</strong></span> <span class='ocrx_word' id='word_1_62' title='bbox 983 1237 1139 1278; x_wconf 88' lang='lat' dir='ltr'><strong>serra</strong></span> <span class='ocrx_word' id='word_1_63' title='bbox 1180 1222 1357 1293; x_wconf 87' lang='lat' dir='ltr'><strong>lignea</strong></span> <span class='ocrx_word' id='word_1_64' title='bbox 1381 1227 1565 1276; x_wconf 88' lang='lat' dir='ltr'><strong>sectus</strong></span> <span class='ocrx_word' id='word_1_65' title='bbox 1617 1219 1744 1276; x_wconf 91' lang='lat' dir='ltr'><strong>fuit.</strong></span> 
     </span>
    </p>
   </div>
   <div class='ocr_carea' id='block_1_14' title="bbox 512 1311 2027 1384">
    <p class='ocr_par' dir='ltr' id='par_1_14' title="bbox 512 1311 2027 1384">
     <span class='ocr_line' id='line_1_14' title="bbox 512 1311 2027 1384; baseline 0 -16"><span class='ocrx_word' id='word_1_66' title='bbox 512 1334 532 1368; x_wconf 76' lang='grc' dir='ltr'><strong>ι</strong></span> <span class='ocrx_word' id='word_1_67' title='bbox 569 1316 926 1372; x_wconf 89' lang='lat' dir='ltr'><strong>Circuierunt</strong></span> <span class='ocrx_word' id='word_1_68' title='bbox 953 1315 1009 1370; x_wconf 93' lang='lat' dir='ltr'><strong>in</strong></span> <span class='ocrx_word' id='word_1_69' title='bbox 1069 1313 1287 1371; x_wconf 88' lang='lat' dir='ltr'><strong>melotis</strong></span> <span class='ocrx_word' id='word_1_70' title='bbox 1315 1354 1329 1379; x_wconf 98' lang='lat'><strong>,</strong></span> <span class='ocrx_word' id='word_1_71' title='bbox 1363 1321 1419 1369; x_wconf 89' lang='lat' dir='ltr'><strong>et</strong></span> <span class='ocrx_word' id='word_1_72' title='bbox 1470 1311 1707 1384; x_wconf 79' lang='lat' dir='ltr'><strong>pellibus</strong></span> <span class='ocrx_word' id='word_1_73' title='bbox 1759 1311 2027 1384; x_wconf 83' lang='lat' dir='ltr'><strong>caprinis,</strong></span> 
     </span>
    </p>
   </div>
   <div class='ocr_carea' id='block_1_15' title="bbox 439 1407 1348 1482">
    <p class='ocr_par' dir='ltr' id='par_1_15' title="bbox 439 1407 1348 1482">
     <span class='ocr_line' id='line_1_15' title="bbox 439 1407 1348 1482; baseline -0.007 -16"><span class='ocrx_word' id='word_1_74' title='bbox 439 1418 688 1482; x_wconf 88' lang='lat' dir='ltr'><strong>egentes,</strong></span> <span class='ocrx_word' id='word_1_75' title='bbox 719 1409 1044 1482; x_wconf 83' lang='lat' dir='ltr'><strong>angustiati,</strong></span> <span class='ocrx_word' id='word_1_76' title='bbox 1081 1407 1289 1464; x_wconf 82' lang='lat' dir='ltr'><strong>afﬂicti.</strong></span> <span class='ocrx_word' id='word_1_77' title='bbox 1329 1427 1348 1460; x_wconf 76' lang='grc' dir='ltr'><strong>ι</strong></span> 
     </span>
    </p>
   </div>
   <div class='ocr_carea' id='block_1_16' title="bbox 505 1504 679 1560">
    <p class='ocr_par' dir='ltr' id='par_1_16' title="bbox 505 1504 679 1560">
     <span class='ocr_line' id='line_1_16' title="bbox 505 1504 679 1560; baseline 0.011 -2"><span class='ocrx_word' id='word_1_78' title='bbox 505 1504 679 1560; x_wconf 88' lang='lat' dir='ltr'><strong>Elias.</strong></span> 
     </span>
    </p>
   </div>
   <div class='ocr_carea' id='block_1_17' title="bbox 507 1594 2027 1665">
    <p class='ocr_par' dir='ltr' id='par_1_17' title="bbox 507 1594 2027 1665">
     <span class='ocr_line' id='line_1_17' title="bbox 507 1594 2027 1665; baseline -0.001 -13"><span class='ocrx_word' id='word_1_79' title='bbox 507 1595 888 1654; x_wconf 71' lang='lat' dir='ltr'><strong>Vens.38-40.</strong></span> <span class='ocrx_word' id='word_1_80' title='bbox 924 1614 943 1649; x_wconf 82' lang='grc' dir='ltr'><strong>ι</strong></span> <span class='ocrx_word' id='word_1_81' title='bbox 976 1595 1188 1663; x_wconf 87' lang='lat' dir='ltr'><strong>Quibus</strong></span> <span class='ocrx_word' id='word_1_82' title='bbox 1243 1596 1443 1665; x_wconf 79' lang='lat' dir='ltr'><strong>dignus</strong></span> <span class='ocrx_word' id='word_1_83' title='bbox 1473 1611 1583 1651; x_wconf 91' lang='lat' dir='ltr'><strong>non</strong></span> <span class='ocrx_word' id='word_1_84' title='bbox 1621 1604 1741 1651; x_wconf 89' lang='lat' dir='ltr'><strong>erat</strong></span> <span class='ocrx_word' id='word_1_85' title='bbox 1770 1594 2027 1651; x_wconf 90' lang='lat' dir='ltr'><strong>mundus.</strong></span> 
     </span>
    </p>
   </div>
   <div class='ocr_carea' id='block_1_18' title="bbox 438 1689 2029 1760">
    <p class='ocr_par' dir='ltr' id='par_1_18' title="bbox 438 1689 2029 1760">
     <span class='ocr_line' id='line_1_18' title="bbox 438 1689 2029 1760; baseline -0.002 -14"><span class='ocrx_word' id='word_1_86' title='bbox 438 1690 501 1748; x_wconf 93' lang='lat' dir='ltr'><strong>ln</strong></span> <span class='ocrx_word' id='word_1_87' title='bbox 533 1690 928 1748; x_wconf 87' lang='lat' dir='ltr'><strong>solitudinibus</strong></span> <span class='ocrx_word' id='word_1_88' title='bbox 955 1699 1228 1758; x_wconf 84' lang='lat' dir='ltr'><strong>errantes,</strong></span> <span class='ocrx_word' id='word_1_89' title='bbox 1255 1690 1310 1745; x_wconf 90' lang='lat' dir='ltr'><strong>in</strong></span> <span class='ocrx_word' id='word_1_90' title='bbox 1360 1689 1670 1752; x_wconf 84' lang='lat' dir='ltr'><strong>montibus,</strong></span> <span class='ocrx_word' id='word_1_91' title='bbox 1704 1699 1760 1744; x_wconf 89' lang='lat' dir='ltr'><strong>et</strong></span> <span class='ocrx_word' id='word_1_92' title='bbox 1801 1690 2029 1760; x_wconf 88' lang='lat' dir='ltr'><strong>spelun-</strong></span> 
     </span>
    </p>
   </div>
   <div class='ocr_carea' id='block_1_19' title="bbox 438 1782 2031 1851">
    <p class='ocr_par' dir='ltr' id='par_1_19' title="bbox 438 1782 2031 1851">
     <span class='ocr_line' id='line_1_19' title="bbox 438 1782 2031 1851; baseline -0.001 -11"><span class='ocrx_word' id='word_1_93' title='bbox 438 1784 543 1848; x_wconf 84' lang='lat' dir='ltr'><strong>cis.</strong></span> <span class='ocrx_word' id='word_1_94' title='bbox 575 1791 629 1840; x_wconf 90' lang='lat' dir='ltr'><strong>et</strong></span> <span class='ocrx_word' id='word_1_95' title='bbox 679 1782 931 1839; x_wconf 88' lang='lat' dir='ltr'><strong>cavernis</strong></span> <span class='ocrx_word' id='word_1_96' title='bbox 980 1791 1140 1840; x_wconf 61' lang='lat' dir='ltr'><strong>terra;</strong></span> <span class='ocrx_word' id='word_1_97' title='bbox 1165 1801 1180 1851; x_wconf 85' lang='lat'><strong>;</strong></span> <span class='ocrx_word' id='word_1_98' title='bbox 1208 1791 1264 1838; x_wconf 91' lang='lat' dir='ltr'><strong>et</strong></span> <span class='ocrx_word' id='word_1_99' title='bbox 1303 1783 1359 1837; x_wconf 91' lang='lat' dir='ltr'><strong>hi</strong></span> <span class='ocrx_word' id='word_1_100' title='bbox 1387 1797 1582 1839; x_wconf 90' lang='lat' dir='ltr'><strong>omnes</strong></span> <span class='ocrx_word' id='word_1_101' title='bbox 1609 1783 1932 1839; x_wconf 87' lang='lat' dir='ltr'><strong>testimonio</strong></span> <span class='ocrx_word' id='word_1_102' title='bbox 1968 1784 2031 1838; x_wconf 81' lang='lat' dir='ltr'><strong>li-</strong></span> 
     </span>
    </p>
   </div>
   <div class='ocr_carea' id='block_1_20' title="bbox 2123 567 3722 645">
    <p class='ocr_par' dir='ltr' id='par_1_20' title="bbox 2123 567 3722 645">
     <span class='ocr_line' id='line_1_20' title="bbox 2123 567 3722 645; baseline -0.005 -19"><span class='ocrx_word' id='word_1_103' title='bbox 2123 571 2528 644; x_wconf 82' lang='grc' dir='ltr'>ἀπολύτρωσιν,</span> <span class='ocrx_word' id='word_1_104' title='bbox 2552 569 2648 628; x_wconf 84' lang='grc' dir='ltr'>ῐνα</span> <span class='ocrx_word' id='word_1_105' title='bbox 2698 576 3013 645; x_wconf 83' lang='grc' dir='ltr'>κρείττονος</span> <span class='ocrx_word' id='word_1_106' title='bbox 3064 570 3419 633; x_wconf 72' lang='grc' dir='ltr'><strong>ἀναστάσεως</strong></span> <span class='ocrx_word' id='word_1_107' title='bbox 3454 567 3722 638; x_wconf 86' lang='grc' dir='ltr'>τύχωσιν.</span> 
     </span>
    </p>
   </div>
   <div class='ocr_carea' id='block_1_21' title="bbox 2125 662 3723 737">
    <p class='ocr_par' dir='ltr' id='par_1_21' title="bbox 2125 662 3723 737">
     <span class='ocr_line' id='line_1_21' title="bbox 2125 662 3723 737; baseline 0.001 -18"><span class='ocrx_word' id='word_1_108' title='bbox 2125 665 2346 736; x_wconf 82' lang='grc' dir='ltr'>Ἐτεροι</span> <span class='ocrx_word' id='word_1_109' title='bbox 2379 666 2436 718; x_wconf 78' lang='grc' dir='ltr'>δὲ</span> <span class='ocrx_word' id='word_1_110' title='bbox 2473 665 2810 736; x_wconf 71' lang='grc' dir='ltr'><strong>ἐμπαιγμῶν</strong></span> <span class='ocrx_word' id='word_1_111' title='bbox 2837 669 2930 719; x_wconf 76' lang='grc' dir='ltr'><strong>καὶ</strong></span> <span class='ocrx_word' id='word_1_112' title='bbox 2960 662 3470 737; x_wconf 64' lang='grc' dir='ltr'>μαστίγωνηπεῖραν</span> <span class='ocrx_word' id='word_1_113' title='bbox 3505 665 3723 734; x_wconf 73' lang='grc' dir='ltr'>ἔλαϐον,</span> 
     </span>
    </p>
   </div>
   <div class='ocr_carea' id='block_1_22' title="bbox 2125 755 3486 830">
    <p class='ocr_par' dir='ltr' id='par_1_22' title="bbox 2125 755 3486 830">
     <span class='ocr_line' id='line_1_22' title="bbox 2125 755 3486 830; baseline 0 -20"><span class='ocrx_word' id='word_1_114' title='bbox 2125 756 2207 812; x_wconf 76' lang='grc' dir='ltr'>ἔτι</span> <span class='ocrx_word' id='word_1_115' title='bbox 2231 758 2288 810; x_wconf 77' lang='grc' dir='ltr'>δὲ</span> <span class='ocrx_word' id='word_1_116' title='bbox 2316 758 2534 830; x_wconf 85' lang='grc' dir='ltr'><strong>δεσμῶν</strong></span> <span class='ocrx_word' id='word_1_117' title='bbox 2560 757 2655 812; x_wconf 82' lang='grc' dir='ltr'>καὶ</span> <span class='ocrx_word' id='word_1_118' title='bbox 2690 755 2967 829; x_wconf 79' lang='grc' dir='ltr'>φυλακῆς.</span> <span class='ocrx_word' id='word_1_119' title='bbox 3011 755 3428 828; x_wconf 80' lang='grc' dir='ltr'>Ἐλιθάσθησαν.</span> <span class='ocrx_word' id='word_1_120' title='bbox 3467 775 3486 810; x_wconf 84' lang='grc' dir='ltr'><strong>ι</strong></span> 
     </span>
    </p>
   </div>
   <div class='ocr_carea' id='block_1_23' title="bbox 2198 851 2496 921">
    <p class='ocr_par' dir='ltr' id='par_1_23' title="bbox 2198 851 2496 921">
     <span class='ocr_line' id='line_1_23' title="bbox 2198 851 2496 921; baseline 0 -18"><span class='ocrx_word' id='word_1_121' title='bbox 2198 851 2496 921; x_wconf 83' lang='grc' dir='ltr'>Στέφανος.</span> 
     </span>
    </p>
   </div>
   <div class='ocr_carea' id='block_1_24' title="bbox 2203 937 3723 1015">
    <p class='ocr_par' dir='ltr' id='par_1_24' title="bbox 2203 937 3723 1015">
     <span class='ocr_line' id='line_1_24' title="bbox 2203 937 3723 1015; baseline -0.001 -20"><span class='ocrx_word' id='word_1_122' title='bbox 2203 957 2241 995; x_wconf 76' lang='grc' dir='ltr'>ι’</span> <span class='ocrx_word' id='word_1_123' title='bbox 2268 942 2664 1013; x_wconf 81' lang='grc' dir='ltr'>Ἐπρίσθησαν,</span> <span class='ocrx_word' id='word_1_124' title='bbox 2696 938 3132 1013; x_wconf 75' lang='grc' dir='ltr'><strong>ἐπειράσθησαν,</strong></span> <span class='ocrx_word' id='word_1_125' title='bbox 3177 941 3239 995; x_wconf 75' lang='grc' dir='ltr'>ἐν</span> <span class='ocrx_word' id='word_1_126' title='bbox 3265 937 3410 1012; x_wconf 82' lang='grc' dir='ltr'>φόνῳ</span> <span class='ocrx_word' id='word_1_127' title='bbox 3441 939 3723 1015; x_wconf 74' lang='grc' dir='ltr'><strong>μαχαίρας</strong></span> 
     </span>
    </p>
   </div>
   <div class='ocr_carea' id='block_1_25' title="bbox 2126 1036 2474 1091">
    <p class='ocr_par' dir='ltr' id='par_1_25' title="bbox 2126 1036 2474 1091">
     <span class='ocr_line' id='line_1_25' title="bbox 2126 1036 2474 1091; baseline -0.009 0"><span class='ocrx_word' id='word_1_128' title='bbox 2126 1036 2422 1091; x_wconf 78' lang='grc' dir='ltr'>ἀπέθανον.</span> <span class='ocrx_word' id='word_1_129' title='bbox 2455 1054 2474 1088; x_wconf 78' lang='grc' dir='ltr'><strong>ι</strong></span> 
     </span>
    </p>
   </div>
   <div class='ocr_carea' id='block_1_26' title="bbox 2202 1126 3722 1201">
    <p class='ocr_par' dir='ltr' id='par_1_26' title="bbox 2202 1126 3722 1201">
     <span class='ocr_line' id='line_1_26' title="bbox 2202 1126 3722 1201; baseline 0.001 -20"><span class='ocrx_word' id='word_1_130' title='bbox 2202 1129 2344 1191; x_wconf 84' lang='grc' dir='ltr'>Τοὺς</span> <span class='ocrx_word' id='word_1_131' title='bbox 2414 1127 2794 1192; x_wconf 82' lang='grc' dir='ltr'><strong>ἀποθανόντας</strong></span> <span class='ocrx_word' id='word_1_132' title='bbox 2848 1126 3200 1201; x_wconf 75' lang='grc' dir='ltr'>προφήτας,,</span> <span class='ocrx_word' id='word_1_133' title='bbox 3235 1127 3440 1198; x_wconf 77' lang='grc' dir='ltr'>φησὶν,</span> <span class='ocrx_word' id='word_1_134' title='bbox 3495 1127 3576 1191; x_wconf 83' lang='grc' dir='ltr'>ὡς</span> <span class='ocrx_word' id='word_1_135' title='bbox 3626 1126 3722 1183; x_wconf 79' lang='grc' dir='ltr'><strong>τδν</strong></span> 
     </span>
    </p>
   </div>
   <div class='ocr_carea' id='block_1_27' title="bbox 2141 1221 3326 1293">
    <p class='ocr_par' dir='ltr' id='par_1_27' title="bbox 2141 1221 3326 1293">
     <span class='ocr_line' id='line_1_27' title="bbox 2141 1221 3326 1293; baseline -0.003 -16"><span class='ocrx_word' id='word_1_136' title='bbox 2141 1222 2391 1286; x_wconf 74' lang='grc' dir='ltr'>Ἡσαΐαν,</span> <span class='ocrx_word' id='word_1_137' title='bbox 2430 1223 2511 1276; x_wconf 85' lang='grc' dir='ltr'>ὅτι</span> <span class='ocrx_word' id='word_1_138' title='bbox 2539 1224 2597 1276; x_wconf 77' lang='grc' dir='ltr'>ὲν</span> <span class='ocrx_word' id='word_1_139' title='bbox 2624 1222 2824 1292; x_wconf 79' lang='grc' dir='ltr'>ξυλίνῳ</span> <span class='ocrx_word' id='word_1_140' title='bbox 2859 1221 3099 1293; x_wconf 78' lang='grc' dir='ltr'>ἐπρίσθη</span> <span class='ocrx_word' id='word_1_141' title='bbox 3122 1221 3326 1293; x_wconf 87' lang='grc' dir='ltr'>πρίονι.</span> 
     </span>
    </p>
   </div>
   <div class='ocr_carea' id='block_1_28' title="bbox 2206 1311 3720 1387">
    <p class='ocr_par' dir='ltr' id='par_1_28' title="bbox 2206 1311 3720 1387">
     <span class='ocr_line' id='line_1_28' title="bbox 2206 1311 3720 1387; baseline 0.003 -23"><span class='ocrx_word' id='word_1_142' title='bbox 2206 1331 2225 1364; x_wconf 84' lang='grc' dir='ltr'><strong>ι</strong></span> <span class='ocrx_word' id='word_1_143' title='bbox 2266 1313 2566 1384; x_wconf 83' lang='grc' dir='ltr'>Περιῆλθον</span> <span class='ocrx_word' id='word_1_144' title='bbox 2617 1313 2677 1365; x_wconf 80' lang='grc' dir='ltr'>ὲν</span> <span class='ocrx_word' id='word_1_145' title='bbox 2714 1311 3022 1384; x_wconf 75' lang='grc' dir='ltr'>μηλωταῖς,</span> <span class='ocrx_word' id='word_1_146' title='bbox 3081 1315 3146 1366; x_wconf 82' lang='grc' dir='ltr'>ἐν</span> <span class='ocrx_word' id='word_1_147' title='bbox 3174 1311 3405 1382; x_wconf 78' lang='grc' dir='ltr'>αἰγείοις</span> <span class='ocrx_word' id='word_1_148' title='bbox 3429 1312 3720 1387; x_wconf 70' lang='grc' dir='ltr'>δέρμασιν,</span> 
     </span>
    </p>
   </div>
   <div class='ocr_carea' id='block_1_29' title="bbox 2131 1403 3453 1478">
    <p class='ocr_par' dir='ltr' id='par_1_29' title="bbox 2131 1403 3453 1478">
     <span class='ocr_line' id='line_1_29' title="bbox 2131 1403 3453 1478; baseline -0.001 -18"><span class='ocrx_word' id='word_1_149' title='bbox 2131 1404 2548 1477; x_wconf 80' lang='grc' dir='ltr'><strong>ὑστερούμενοι,</strong></span> <span class='ocrx_word' id='word_1_150' title='bbox 2579 1403 2912 1478; x_wconf 78' lang='grc' dir='ltr'>θλιϐόμενοι,</span> <span class='ocrx_word' id='word_1_151' title='bbox 2948 1405 3406 1478; x_wconf 88' lang='grc' dir='ltr'>κακουχούμενοι.</span> <span class='ocrx_word' id='word_1_152' title='bbox 3435 1424 3453 1459; x_wconf 84' lang='grc' dir='ltr'><strong>ι</strong></span> 
     </span>
    </p>
   </div>
   <div class='ocr_carea' id='block_1_30' title="bbox 2215 1499 2426 1563">
    <p class='ocr_par' dir='ltr' id='par_1_30' title="bbox 2215 1499 2426 1563">
     <span class='ocr_line' id='line_1_30' title="bbox 2215 1499 2426 1563; baseline 0.019 -12"><span class='ocrx_word' id='word_1_153' title='bbox 2215 1499 2426 1563; x_wconf 83' lang='grc' dir='ltr'>Ἠλίας.</span> 
     </span>
    </p>
   </div>
   <div class='ocr_carea' id='block_1_31' title="bbox 2207 1584 3725 1665">
    <p class='ocr_par' dir='ltr' id='par_1_31' title="bbox 2207 1584 3725 1665">
     <span class='ocr_line' id='line_1_31' title="bbox 2207 1584 3725 1665; baseline 0.003 -23"><span class='ocrx_word' id='word_1_154' title='bbox 2207 1609 2225 1642; x_wconf 86' lang='grc' dir='ltr'><strong>ι</strong></span> <span class='ocrx_word' id='word_1_155' title='bbox 2246 1584 2346 1644; x_wconf 81' lang='grc' dir='ltr'>Ὧν</span> <span class='ocrx_word' id='word_1_156' title='bbox 2374 1591 2474 1646; x_wconf 88' lang='grc' dir='ltr'><strong>οὐκ</strong></span> <span class='ocrx_word' id='word_1_157' title='bbox 2495 1587 2563 1664; x_wconf 83' lang='grc' dir='ltr'>ἦν</span> <span class='ocrx_word' id='word_1_158' title='bbox 2596 1591 2748 1660; x_wconf 76' lang='grc' dir='ltr'>ἄξιος</span> <span class='ocrx_word' id='word_1_159' title='bbox 2779 1593 2808 1647; x_wconf 86' lang='grc' dir='ltr'><strong>ὁ</strong></span> <span class='ocrx_word' id='word_1_160' title='bbox 2840 1591 3071 1664; x_wconf 85' lang='grc' dir='ltr'>κόσμος.</span> <span class='ocrx_word' id='word_1_161' title='bbox 3108 1593 3195 1649; x_wconf 87' lang='grc' dir='ltr'>Ἐν</span> <span class='ocrx_word' id='word_1_162' title='bbox 3216 1592 3476 1665; x_wconf 74' lang='grc' dir='ltr'>ἐρημίαις</span> <span class='ocrx_word' id='word_1_163' title='bbox 3508 1592 3725 1647; x_wconf 78' lang='grc' dir='ltr'>πλανώ-</span> 
     </span>
    </p>
   </div>
   <div class='ocr_carea' id='block_1_32' title="bbox 2136 1682 3728 1756">
    <p class='ocr_par' dir='ltr' id='par_1_32' title="bbox 2136 1682 3728 1756">
     <span class='ocr_line' id='line_1_32' title="bbox 2136 1682 3728 1756; baseline 0.002 -20"><span class='ocrx_word' id='word_1_164' title='bbox 2136 1698 2307 1753; x_wconf 88' lang='grc' dir='ltr'>μενοι,</span> <span class='ocrx_word' id='word_1_165' title='bbox 2342 1682 2438 1736; x_wconf 75' lang='grc' dir='ltr'>καὶ</span> <span class='ocrx_word' id='word_1_166' title='bbox 2475 1682 2651 1754; x_wconf 75' lang='grc' dir='ltr'>ὄρεσι,</span> <span class='ocrx_word' id='word_1_167' title='bbox 2685 1684 2782 1738; x_wconf 73' lang='grc' dir='ltr'>καὶ</span> <span class='ocrx_word' id='word_1_168' title='bbox 2813 1684 3129 1756; x_wconf 83' lang='grc' dir='ltr'>σπηλαίοις,</span> <span class='ocrx_word' id='word_1_169' title='bbox 3161 1686 3257 1739; x_wconf 76' lang='grc' dir='ltr'>καὶ</span> <span class='ocrx_word' id='word_1_170' title='bbox 3280 1687 3402 1750; x_wconf 77' lang='grc' dir='ltr'>ταῖς</span> <span class='ocrx_word' id='word_1_171' title='bbox 3431 1685 3594 1749; x_wconf 83' lang='grc' dir='ltr'>ὀπαῖς</span> <span class='ocrx_word' id='word_1_172' title='bbox 3623 1687 3728 1756; x_wconf 80' lang='grc' dir='ltr'>τῆς</span> 
     </span>
    </p>
   </div>
   <div class='ocr_carea' id='block_1_33' title="bbox 2134 1769 3731 1850">
    <p class='ocr_par' dir='ltr' id='par_1_33' title="bbox 2134 1769 3731 1850">
     <span class='ocr_line' id='line_1_33' title="bbox 2134 1769 3731 1850; baseline 0 -21"><span class='ocrx_word' id='word_1_173' title='bbox 2134 1773 2241 1844; x_wconf 83' lang='grc' dir='ltr'>γῆς</span> <span class='ocrx_word' id='word_1_174' title='bbox 2263 1791 2276 1805; x_wconf 92' lang='grc'><strong>·</strong></span> <span class='ocrx_word' id='word_1_175' title='bbox 2309 1773 2404 1828; x_wconf 78' lang='grc' dir='ltr'>καὶ</span> <span class='ocrx_word' id='word_1_176' title='bbox 2442 1769 2589 1830; x_wconf 78' lang='grc' dir='ltr'>οὗτοι</span> <span class='ocrx_word' id='word_1_177' title='bbox 2622 1777 2828 1841; x_wconf 83' lang='grc' dir='ltr'>πάντες</span> <span class='ocrx_word' id='word_1_178' title='bbox 2881 1777 3326 1848; x_wconf 76' lang='grc' dir='ltr'>μαρτυρηθέντες</span> <span class='ocrx_word' id='word_1_179' title='bbox 3355 1776 3445 1832; x_wconf 79' lang='grc' dir='ltr'><strong>διὰ</strong></span> <span class='ocrx_word' id='word_1_180' title='bbox 3494 1778 3596 1850; x_wconf 84' lang='grc' dir='ltr'>τῆς</span> <span class='ocrx_word' id='word_1_181' title='bbox 3632 1777 3731 1830; x_wconf 84' lang='grc' dir='ltr'>πί-</span> 
     </span>
    </p>
   </div>
   <div class='ocr_carea' id='block_1_34' title="bbox 435 1847 2018 1948">
    <p class='ocr_par' dir='ltr' id='par_1_34' title="bbox 435 1875 2018 1948">
     <span class='ocr_line' id='line_1_34' title="bbox 435 1875 2018 1948; baseline -0.001 -14"><span class='ocrx_word' id='word_1_182' title='bbox 435 1877 526 1934; x_wconf 89' lang='lat' dir='ltr'><strong>dei</strong></span> <span class='ocrx_word' id='word_1_183' title='bbox 571 1875 808 1948; x_wconf 88' lang='lat' dir='ltr'><strong>probati,</strong></span> <span class='ocrx_word' id='word_1_184' title='bbox 837 1891 948 1931; x_wconf 91' lang='lat' dir='ltr'><strong>non</strong></span> <span class='ocrx_word' id='word_1_185' title='bbox 985 1884 1322 1946; x_wconf 88' lang='lat' dir='ltr'><strong>acceperunt</strong></span> <span class='ocrx_word' id='word_1_186' title='bbox 1367 1877 1888 1947; x_wconf 88' lang='lat' dir='ltr'><strong>repromissionem,</strong></span> <span class='ocrx_word' id='word_1_187' title='bbox 1916 1875 2018 1932; x_wconf 84' lang='lat' dir='ltr'><strong>Deo</strong></span> 
     </span>
    </p>
   </div>
   <div class='ocr_carea' id='block_1_35' title="bbox 2155 1847 3728 1948">
    <p class='ocr_par' dir='ltr' id='par_1_35' title="bbox 2155 1847 3728 1942">
     <span class='ocr_line' id='line_1_35' title="bbox 2155 1847 3728 1942; baseline 0.003 -21"><span class='ocrx_word' id='word_1_188' title='bbox 2155 1869 2480 1935; x_wconf 77' lang='grc' dir='ltr'>ιτεως,.οὑκ</span> <span class='ocrx_word' id='word_1_189' title='bbox 2526 1870 2856 1940; x_wconf 73' lang='grc' dir='ltr'>ἐκομίσαντο</span> <span class='ocrx_word' id='word_1_190' title='bbox 2884 1847 3004 1942; x_wconf 70' lang='grc' dir='ltr'><strong>την</strong></span> <span class='ocrx_word' id='word_1_191' title='bbox 3042 1871 3402 1940; x_wconf 73' lang='grc' dir='ltr'>ἐπαγγελίαν,</span> <span class='ocrx_word' id='word_1_192' title='bbox 3454 1847 3562 1925; x_wconf 23' lang='grc' dir='ltr'>τοῦ*</span> <span class='ocrx_word' id='word_1_193' title='bbox 3586 1869 3728 1925; x_wconf 78' lang='grc' dir='ltr'>Θεοῦ</span> 
     </span>
    </p>
   </div>
   <div class='ocr_carea' id='block_1_36' title="bbox 435 1962 2018 2042">
    <p class='ocr_par' dir='ltr' id='par_1_36' title="bbox 435 1969 2018 2042">
     <span class='ocr_line' id='line_1_36' title="bbox 435 1969 2018 2042; baseline 0.002 -18"><span class='ocrx_word' id='word_1_194' title='bbox 435 1986 536 2042; x_wconf 88' lang='lat' dir='ltr'><strong>pro</strong></span> <span class='ocrx_word' id='word_1_195' title='bbox 576 1971 734 2026; x_wconf 86' lang='lat' dir='ltr'><strong>nobis</strong></span> <span class='ocrx_word' id='word_1_196' title='bbox 764 1971 963 2027; x_wconf 89' lang='lat' dir='ltr'><strong>melius</strong></span> <span class='ocrx_word' id='word_1_197' title='bbox 997 1971 1201 2041; x_wconf 85' lang='lat' dir='ltr'><strong>aliquid</strong></span> <span class='ocrx_word' id='word_1_198' title='bbox 1237 1969 1600 2042; x_wconf 87' lang='lat' dir='ltr'><strong>providente,</strong></span> <span class='ocrx_word' id='word_1_199' title='bbox 1638 1980 1699 2027; x_wconf 91' lang='lat' dir='ltr'><strong>ut</strong></span> <span class='ocrx_word' id='word_1_200' title='bbox 1748 1985 1860 2027; x_wconf 90' lang='lat' dir='ltr'><strong>non</strong></span> <span class='ocrx_word' id='word_1_201' title='bbox 1905 1970 2018 2028; x_wconf 81' lang='lat' dir='ltr'><strong>sine</strong></span> 
     </span>
    </p>
   </div>
   <div class='ocr_carea' id='block_1_37' title="bbox 2155 1962 3731 2042">
    <p class='ocr_par' dir='ltr' id='par_1_37' title="bbox 2155 1962 3731 2039">
     <span class='ocr_line' id='line_1_37' title="bbox 2155 1962 3731 2039; baseline 0.004 -25"><span class='ocrx_word' id='word_1_202' title='bbox 2155 1962 2265 2035; x_wconf 75' lang='grc' dir='ltr'>τερὶ</span> <span class='ocrx_word' id='word_1_203' title='bbox 2283 1963 2439 2033; x_wconf 81' lang='grc' dir='ltr'>ἡμῶν</span> <span class='ocrx_word' id='word_1_204' title='bbox 2468 1964 2720 2034; x_wconf 86' lang='grc' dir='ltr'>κρεῖττόν</span> <span class='ocrx_word' id='word_1_205' title='bbox 2749 1981 2800 2018; x_wconf 91' lang='grc' dir='ltr'><strong>τι</strong></span> <span class='ocrx_word' id='word_1_206' title='bbox 2827 1963 3304 2037; x_wconf 73' lang='grc' dir='ltr'>προϐλεψαμένου,</span> <span class='ocrx_word' id='word_1_207' title='bbox 3333 1963 3423 2025; x_wconf 82' lang='grc' dir='ltr'>ῐνα</span> <span class='ocrx_word' id='word_1_208' title='bbox 3441 1964 3518 2036; x_wconf 81' lang='grc' dir='ltr'>μὴ</span> <span class='ocrx_word' id='word_1_209' title='bbox 3554 1966 3731 2039; x_wconf 80' lang='grc' dir='ltr'>χωρὶς</span> 
     </span>
    </p>
   </div>
   <div class='ocr_carea' id='block_1_38' title="bbox 436 2062 1222 2120">
    <p class='ocr_par' dir='ltr' id='par_1_38' title="bbox 436 2062 1222 2120">
     <span class='ocr_line' id='line_1_38' title="bbox 436 2062 1222 2120; baseline -0.003 -2"><span class='ocrx_word' id='word_1_210' title='bbox 436 2062 596 2119; x_wconf 89' lang='lat' dir='ltr'><strong>nobis</strong></span> <span class='ocrx_word' id='word_1_211' title='bbox 621 2072 1163 2120; x_wconf 81' lang='lat' dir='ltr'><strong>eonsummarentur.</strong></span> <span class='ocrx_word' id='word_1_212' title='bbox 1203 2081 1222 2116; x_wconf 78' lang='grc' dir='ltr'><strong>ι</strong></span> 
     </span>
    </p>
   </div>
   <div class='ocr_carea' id='block_1_39' title="bbox 1075 2209 1379 2270">
    <p class='ocr_par' dir='ltr' id='par_1_39' title="bbox 1075 2209 1379 2270">
     <span class='ocr_line' id='line_1_39' title="bbox 1075 2209 1379 2270; baseline 0.003 -2"><span class='ocrx_word' id='word_1_213' title='bbox 1075 2210 1229 2270; x_wconf 78' lang='lat' dir='ltr'><strong>CAP.</strong></span> <span class='ocrx_word' id='word_1_214' title='bbox 1262 2209 1379 2269; x_wconf 75' lang='lat' dir='ltr'><strong>XII.</strong></span> 
     </span>
    </p>
   </div>
   <div class='ocr_carea' id='block_1_40' title="bbox 508 2351 2029 2424">
    <p class='ocr_par' dir='ltr' id='par_1_40' title="bbox 508 2351 2029 2424">
     <span class='ocr_line' id='line_1_40' title="bbox 508 2351 2029 2424; baseline 0.003 -17"><span class='ocrx_word' id='word_1_215' title='bbox 508 2351 674 2408; x_wconf 70' lang='lat' dir='ltr'><strong>Vens.</strong></span> <span class='ocrx_word' id='word_1_216' title='bbox 712 2351 762 2406; x_wconf 82' lang='lat' dir='ltr'><strong>l.</strong></span> <span class='ocrx_word' id='word_1_217' title='bbox 797 2370 816 2404; x_wconf 82' lang='grc' dir='ltr'><strong>ι</strong></span> <span class='ocrx_word' id='word_1_218' title='bbox 853 2351 1088 2424; x_wconf 86' lang='lat' dir='ltr'><strong>ideoque</strong></span> <span class='ocrx_word' id='word_1_219' title='bbox 1123 2361 1177 2408; x_wconf 92' lang='lat' dir='ltr'><strong>et</strong></span> <span class='ocrx_word' id='word_1_220' title='bbox 1227 2367 1332 2410; x_wconf 82' lang='lat' dir='ltr'><strong>nos</strong></span> <span class='ocrx_word' id='word_1_221' title='bbox 1368 2360 1573 2410; x_wconf 85' lang='lat' dir='ltr'><strong>tantam</strong></span> <span class='ocrx_word' id='word_1_222' title='bbox 1611 2351 1876 2411; x_wconf 85' lang='lat' dir='ltr'><strong>habentes</strong></span> <span class='ocrx_word' id='word_1_223' title='bbox 1920 2353 2029 2411; x_wconf 86' lang='lat' dir='ltr'><strong>im-</strong></span> 
     </span>
    </p>
   </div>
   <div class='ocr_carea' id='block_1_41' title="bbox 437 2447 979 2520">
    <p class='ocr_par' dir='ltr' id='par_1_41' title="bbox 437 2447 979 2520">
     <span class='ocr_line' id='line_1_41' title="bbox 437 2447 979 2520; baseline -0.002 -16"><span class='ocrx_word' id='word_1_224' title='bbox 437 2447 673 2520; x_wconf 75' lang='lat' dir='ltr'><strong>positam</strong></span> <span class='ocrx_word' id='word_1_225' title='bbox 709 2448 911 2503; x_wconf 90' lang='lat' dir='ltr'><strong>nubem</strong></span> <span class='ocrx_word' id='word_1_226' title='bbox 957 2467 979 2503; x_wconf 80' lang='grc' dir='ltr'><strong>ι</strong></span> 
     </span>
    </p>
   </div>
   <div class='ocr_carea' id='block_1_42' title="bbox 507 2533 2032 2613">
    <p class='ocr_par' dir='ltr' id='par_1_42' title="bbox 507 2533 2032 2613">
     <span class='ocr_line' id='line_1_42' title="bbox 507 2533 2032 2613; baseline 0.009 -25"><span class='ocrx_word' id='word_1_227' title='bbox 507 2533 702 2600; x_wconf 82' lang='lat' dir='ltr'><strong>Ellam,</strong></span> <span class='ocrx_word' id='word_1_228' title='bbox 726 2534 958 2606; x_wconf 82' lang='lat' dir='ltr'><strong>ejusque</strong></span> <span class='ocrx_word' id='word_1_229' title='bbox 988 2536 1174 2595; x_wconf 82' lang='lat' dir='ltr'><strong>socios</strong></span> <span class='ocrx_word' id='word_1_230' title='bbox 1211 2537 1371 2596; x_wconf 88' lang='lat' dir='ltr'><strong>dicit.</strong></span> <span class='ocrx_word' id='word_1_231' title='bbox 1406 2538 1684 2606; x_wconf 85' lang='lat' dir='ltr'><strong>Quidnam</strong></span> <span class='ocrx_word' id='word_1_232' title='bbox 1736 2541 1907 2613; x_wconf 78' lang='lat' dir='ltr'><strong>igitur</strong></span> <span class='ocrx_word' id='word_1_233' title='bbox 1937 2541 2032 2601; x_wconf 86' lang='lat' dir='ltr'><strong>hic</strong></span> 
     </span>
    </p>
   </div>
   <div class='ocr_carea' id='block_1_43' title="bbox 435 2627 956 2698">
    <p class='ocr_par' dir='ltr' id='par_1_43' title="bbox 435 2627 956 2698">
     <span class='ocr_line' id='line_1_43' title="bbox 435 2627 956 2698; baseline 0.002 -16"><span class='ocrx_word' id='word_1_234' title='bbox 435 2636 596 2682; x_wconf 87' lang='lat' dir='ltr'><strong>erant</strong></span> <span class='ocrx_word' id='word_1_235' title='bbox 622 2627 902 2698; x_wconf 89' lang='lat' dir='ltr'><strong>accepturi</strong></span> <span class='ocrx_word' id='word_1_236' title='bbox 932 2628 956 2683; x_wconf 71' lang='grc' dir='ltr'><em>ἲ</em></span> 
     </span>
    </p>
   </div>
   <div class='ocr_carea' id='block_1_44' title="bbox 507 2718 2031 2802">
    <p class='ocr_par' dir='ltr' id='par_1_44' title="bbox 507 2718 2031 2802">
     <span class='ocr_line' id='line_1_44' title="bbox 507 2718 2031 2802; baseline 0.011 -30"><span class='ocrx_word' id='word_1_237' title='bbox 507 2718 772 2777; x_wconf 81' lang='lat' dir='ltr'><strong>Mundum</strong></span> <span class='ocrx_word' id='word_1_238' title='bbox 804 2722 995 2796; x_wconf 90' lang='lat' dir='ltr'><strong>utique</strong></span> <span class='ocrx_word' id='word_1_239' title='bbox 1035 2724 1345 2798; x_wconf 78' lang='lat' dir='ltr'><strong>intelligere</strong></span> <span class='ocrx_word' id='word_1_240' title='bbox 1390 2734 1610 2799; x_wconf 84' lang='lat' dir='ltr'><strong>oportet</strong></span> <span class='ocrx_word' id='word_1_241' title='bbox 1635 2743 1733 2787; x_wconf 89' lang='lat' dir='ltr'><strong>eos</strong></span> <span class='ocrx_word' id='word_1_242' title='bbox 1767 2731 1863 2802; x_wconf 90' lang='lat' dir='ltr'><strong>qui</strong></span> <span class='ocrx_word' id='word_1_243' title='bbox 1896 2741 2031 2789; x_wconf 90' lang='lat' dir='ltr'><strong>sunt</strong></span> 
     </span>
    </p>
   </div>
   <div class='ocr_carea' id='block_1_45' title="bbox 435 2811 757 2870">
    <p class='ocr_par' dir='ltr' id='par_1_45' title="bbox 435 2811 757 2870">
     <span class='ocr_line' id='line_1_45' title="bbox 435 2811 757 2870; baseline 0.009 -3"><span class='ocrx_word' id='word_1_244' title='bbox 435 2811 493 2867; x_wconf 86' lang='lat' dir='ltr'><strong>in</strong></span> <span class='ocrx_word' id='word_1_245' title='bbox 525 2814 757 2870; x_wconf 90' lang='lat' dir='ltr'><strong>mundo.</strong></span> 
     </span>
    </p>
   </div>
   <div class='ocr_carea' id='block_1_46' title="bbox 511 2904 1745 2987">
    <p class='ocr_par' dir='ltr' id='par_1_46' title="bbox 511 2904 1745 2987">
     <span class='ocr_line' id='line_1_46' title="bbox 511 2904 1745 2987; baseline 0.011 -28"><span class='ocrx_word' id='word_1_246' title='bbox 511 2925 532 2959; x_wconf 78' lang='grc' dir='ltr'><strong>ι</strong></span> <span class='ocrx_word' id='word_1_247' title='bbox 578 2904 844 2976; x_wconf 89' lang='lat' dir='ltr'><strong>Testium,</strong></span> <span class='ocrx_word' id='word_1_248' title='bbox 878 2909 1218 2980; x_wconf 85' lang='lat' dir='ltr'><strong>deponentes</strong></span> <span class='ocrx_word' id='word_1_249' title='bbox 1248 2927 1413 2971; x_wconf 91' lang='lat' dir='ltr'><strong>omne</strong></span> <span class='ocrx_word' id='word_1_250' title='bbox 1443 2915 1684 2987; x_wconf 89' lang='lat' dir='ltr'><strong>pondus,</strong></span> <span class='ocrx_word' id='word_1_251' title='bbox 1725 2937 1745 2973; x_wconf 88' lang='grc' dir='ltr'><strong>ι</strong></span> 
     </span>
    </p>
   </div>
   <div class='ocr_carea' id='block_1_47' title="bbox 504 2999 2028 3079">
    <p class='ocr_par' dir='ltr' id='par_1_47' title="bbox 504 2999 2028 3079">
     <span class='ocr_line' id='line_1_47' title="bbox 504 2999 2028 3079; baseline 0.012 -25"><span class='ocrx_word' id='word_1_252' title='bbox 504 2999 695 3059; x_wconf 79' lang='lat' dir='ltr'><strong>Testes</strong></span> <span class='ocrx_word' id='word_1_253' title='bbox 721 3002 877 3070; x_wconf 90' lang='lat' dir='ltr'><strong>dicit,</strong></span> <span class='ocrx_word' id='word_1_254' title='bbox 901 3019 1009 3060; x_wconf 90' lang='lat' dir='ltr'><strong>non</strong></span> <span class='ocrx_word' id='word_1_255' title='bbox 1042 3006 1206 3063; x_wconf 91' lang='lat' dir='ltr'><strong>modo</strong></span> <span class='ocrx_word' id='word_1_256' title='bbox 1235 3008 1331 3079; x_wconf 90' lang='lat' dir='ltr'><strong>qui</strong></span> <span class='ocrx_word' id='word_1_257' title='bbox 1370 3009 1476 3064; x_wconf 90' lang='lat' dir='ltr'><strong>sub</strong></span> <span class='ocrx_word' id='word_1_258' title='bbox 1519 3025 1664 3066; x_wconf 92' lang='lat' dir='ltr'><strong>novo</strong></span> <span class='ocrx_word' id='word_1_259' title='bbox 1694 3019 2028 3072; x_wconf 87' lang='lat' dir='ltr'><strong>testamento</strong></span> 
     </span>
    </p>
   </div>
   <div class='ocr_carea' id='block_1_48' title="bbox 2135 2055 2751 2128">
    <p class='ocr_par' dir='ltr' id='par_1_48' title="bbox 2135 2055 2751 2128">
     <span class='ocr_line' id='line_1_48' title="bbox 2135 2055 2751 2128; baseline -0.002 -17"><span class='ocrx_word' id='word_1_260' title='bbox 2135 2055 2296 2128; x_wconf 67' lang='grc' dir='ltr'>ἡμῶν</span> <span class='ocrx_word' id='word_1_261' title='bbox 2335 2056 2694 2116; x_wconf 84' lang='grc' dir='ltr'>τελειωθῶσι.</span> <span class='ocrx_word' id='word_1_262' title='bbox 2729 2075 2751 2110; x_wconf 79' lang='grc' dir='ltr'><strong>ι</strong></span> 
     </span>
    </p>
   </div>
   <div class='ocr_carea' id='block_1_49' title="bbox 2733 2216 3117 2273">
    <p class='ocr_par' dir='ltr' id='par_1_49' title="bbox 2733 2216 3117 2273">
     <span class='ocr_line' id='line_1_49' title="bbox 2733 2216 3117 2273; baseline 0.005 -3"><span class='ocrx_word' id='word_1_263' title='bbox 2733 2216 2989 2273; x_wconf 76' lang='grc' dir='ltr'><strong>ΚΕΦΔΛ.</strong></span> <span class='ocrx_word' id='word_1_264' title='bbox 3018 2218 3117 2272; x_wconf 90' lang='lat' dir='ltr'><strong>lB&#39;.</strong></span> 
     </span>
    </p>
   </div>
   <div class='ocr_carea' id='block_1_50' title="bbox 2214 2350 3734 2426">
    <p class='ocr_par' dir='ltr' id='par_1_50' title="bbox 2214 2350 3734 2426">
     <span class='ocr_line' id='line_1_50' title="bbox 2214 2350 3734 2426; baseline 0 -19"><span class='ocrx_word' id='word_1_265' title='bbox 2214 2372 2233 2407; x_wconf 85' lang='grc' dir='ltr'><strong>ι</strong></span> <span class='ocrx_word' id='word_1_266' title='bbox 2269 2350 2586 2424; x_wconf 78' lang='grc' dir='ltr'>Τοιγαροῦν</span> <span class='ocrx_word' id='word_1_267' title='bbox 2614 2352 2710 2406; x_wconf 76' lang='grc' dir='ltr'>καὶ</span> <span class='ocrx_word' id='word_1_268' title='bbox 2734 2353 2901 2424; x_wconf 73' lang='grc' dir='ltr'>ἡμεῖς</span> <span class='ocrx_word' id='word_1_269' title='bbox 2940 2350 3201 2406; x_wconf 79' lang='grc' dir='ltr'>τοσοῦτον</span> <span class='ocrx_word' id='word_1_270' title='bbox 3231 2353 3447 2425; x_wconf 74' lang='grc' dir='ltr'>ἔχοντες</span> <span class='ocrx_word' id='word_1_271' title='bbox 3482 2352 3734 2426; x_wconf 81' lang='grc' dir='ltr'>περικεί-</span> 
     </span>
    </p>
   </div>
   <div class='ocr_carea' id='block_1_51' title="bbox 2139 2443 2717 2519">
    <p class='ocr_par' dir='ltr' id='par_1_51' title="bbox 2139 2443 2717 2519">
     <span class='ocr_line' id='line_1_51' title="bbox 2139 2443 2717 2519; baseline -0.005 -19"><span class='ocrx_word' id='word_1_272' title='bbox 2139 2463 2300 2519; x_wconf 83' lang='grc' dir='ltr'>μενον</span> <span class='ocrx_word' id='word_1_273' title='bbox 2332 2446 2465 2518; x_wconf 78' lang='grc' dir='ltr'>ἡμῖν</span> <span class='ocrx_word' id='word_1_274' title='bbox 2501 2443 2664 2515; x_wconf 79' lang='grc' dir='ltr'>νέφος</span> <span class='ocrx_word' id='word_1_275' title='bbox 2697 2463 2717 2497; x_wconf 79' lang='grc' dir='ltr'><strong>ι</strong></span> 
     </span>
    </p>
   </div>
   <div class='ocr_carea' id='block_1_52' title="bbox 2206 2535 3733 2610">
    <p class='ocr_par' dir='ltr' id='par_1_52' title="bbox 2206 2535 3733 2610">
     <span class='ocr_line' id='line_1_52' title="bbox 2206 2535 3733 2610; baseline 0.001 -18"><span class='ocrx_word' id='word_1_276' title='bbox 2206 2539 2346 2604; x_wconf 85' lang='grc' dir='ltr'><strong>Τοὺς</strong></span> <span class='ocrx_word' id='word_1_277' title='bbox 2374 2539 2505 2610; x_wconf 75' lang='grc' dir='ltr'>περὶ</span> <span class='ocrx_word' id='word_1_278' title='bbox 2544 2537 2732 2593; x_wconf 82' lang='grc' dir='ltr'>Ἠλίαν</span> <span class='ocrx_word' id='word_1_279' title='bbox 2762 2537 2918 2610; x_wconf 84' lang='grc' dir='ltr'>φησί.</span> <span class='ocrx_word' id='word_1_280' title='bbox 2941 2535 3008 2592; x_wconf 89' lang='grc' dir='ltr'><strong>Τί</strong></span> <span class='ocrx_word' id='word_1_281' title='bbox 3036 2536 3216 2593; x_wconf 83' lang='grc' dir='ltr'>τοίνυν</span> <span class='ocrx_word' id='word_1_282' title='bbox 3236 2537 3469 2610; x_wconf 71' lang='grc' dir='ltr'>ἤμελλον</span> <span class='ocrx_word' id='word_1_283' title='bbox 3489 2537 3733 2594; x_wconf 75' lang='grc' dir='ltr'>ἐνταῦθα</span> 
     </span>
    </p>
   </div>
   <div class='ocr_carea' id='block_1_53' title="bbox 2134 2627 2584 2700">
    <p class='ocr_par' dir='ltr' id='par_1_53' title="bbox 2134 2627 2584 2700">
     <span class='ocr_line' id='line_1_53' title="bbox 2134 2627 2584 2700; baseline -0.002 -16"><span class='ocrx_word' id='word_1_284' title='bbox 2134 2627 2543 2700; x_wconf 74' lang='grc' dir='ltr'>ἀπολαμϐάνειν</span> <span class='ocrx_word' id='word_1_285' title='bbox 2569 2647 2584 2697; x_wconf 93' lang='grc'><strong>;</strong></span> 
     </span>
    </p>
   </div>
   <div class='ocr_carea' id='block_1_54' title="bbox 2205 2723 3733 2802">
    <p class='ocr_par' dir='ltr' id='par_1_54' title="bbox 2205 2723 3733 2802">
     <span class='ocr_line' id='line_1_54' title="bbox 2205 2723 3733 2802; baseline 0.004 -24"><span class='ocrx_word' id='word_1_286' title='bbox 2205 2723 2429 2794; x_wconf 82' lang='grc' dir='ltr'>Κόσμον</span> <span class='ocrx_word' id='word_1_287' title='bbox 2467 2742 2532 2796; x_wconf 88' lang='grc' dir='ltr'><strong>γε</strong></span> <span class='ocrx_word' id='word_1_288' title='bbox 2591 2724 2698 2799; x_wconf 75' lang='grc' dir='ltr'>μὴν</span> <span class='ocrx_word' id='word_1_289' title='bbox 2733 2723 2793 2778; x_wconf 80' lang='grc' dir='ltr'>ὲν</span> <span class='ocrx_word' id='word_1_290' title='bbox 2837 2723 3075 2792; x_wconf 74' lang='grc' dir='ltr'>τούτοις,</span> <span class='ocrx_word' id='word_1_291' title='bbox 3111 2726 3252 2789; x_wconf 81' lang='grc' dir='ltr'>τοὺς·</span> <span class='ocrx_word' id='word_1_292' title='bbox 3285 2725 3345 2780; x_wconf 82' lang='grc' dir='ltr'>ὲν</span> <span class='ocrx_word' id='word_1_293' title='bbox 3374 2725 3568 2802; x_wconf 78' lang='grc' dir='ltr'>κόσμῳ</span> <span class='ocrx_word' id='word_1_294' title='bbox 3590 2729 3733 2784; x_wconf 66' lang='grc' dir='ltr'>νοεῖ-</span> 
     </span>
    </p>
   </div>
   <div class='ocr_carea' id='block_1_55' title="bbox 2137 2814 2524 2888">
    <p class='ocr_par' dir='ltr' id='par_1_55' title="bbox 2137 2814 2524 2888">
     <span class='ocr_line' id='line_1_55' title="bbox 2137 2814 2524 2888; baseline 0.01 -19"><span class='ocrx_word' id='word_1_295' title='bbox 2137 2814 2261 2869; x_wconf 83' lang='grc' dir='ltr'>σθαι</span> <span class='ocrx_word' id='word_1_296' title='bbox 2295 2816 2524 2888; x_wconf 82' lang='grc' dir='ltr'>πρέπει.</span> 
     </span>
    </p>
   </div>
   <div class='ocr_carea' id='block_1_56' title="bbox 2211 2898 3436 2982">
    <p class='ocr_par' dir='ltr' id='par_1_56' title="bbox 2211 2898 3436 2982">
     <span class='ocr_line' id='line_1_56' title="bbox 2211 2898 3436 2982; baseline 0.006 -21"><span class='ocrx_word' id='word_1_297' title='bbox 2211 2927 2230 2960; x_wconf 87' lang='grc' dir='ltr'><strong>ι</strong></span> <span class='ocrx_word' id='word_1_298' title='bbox 2268 2909 2602 2980; x_wconf 80' lang='grc' dir='ltr'>Μαρτύρων,</span> <span class='ocrx_word' id='word_1_299' title='bbox 2629 2907 2794 2979; x_wconf 74' lang='grc' dir='ltr'>ὄγκον</span> <span class='ocrx_word' id='word_1_300' title='bbox 2819 2909 3154 2982; x_wconf 68' lang='grc' dir='ltr'>ἀποθέμενοι</span> <span class='ocrx_word' id='word_1_301' title='bbox 3181 2898 3382 2978; x_wconf 77' lang='grc' dir='ltr'>πάντα,</span> <span class='ocrx_word' id='word_1_302' title='bbox 3416 2933 3436 2967; x_wconf 79' lang='grc' dir='ltr'><strong>ι</strong></span> 
     </span>
    </p>
   </div>
   <div class='ocr_carea' id='block_1_57' title="bbox 2203 3001 3729 3080">
    <p class='ocr_par' dir='ltr' id='par_1_57' title="bbox 2203 3001 3729 3080">
     <span class='ocr_line' id='line_1_57' title="bbox 2203 3001 3729 3080; baseline 0.001 -24"><span class='ocrx_word' id='word_1_303' title='bbox 2203 3001 2534 3073; x_wconf 88' lang='grc' dir='ltr'>Μάρτυρας,</span> <span class='ocrx_word' id='word_1_304' title='bbox 2593 3001 2718 3075; x_wconf 82' lang='grc' dir='ltr'>οὐχὶ</span> <span class='ocrx_word' id='word_1_305' title='bbox 2745 3002 2872 3066; x_wconf 83' lang='grc' dir='ltr'>τοὺς</span> <span class='ocrx_word' id='word_1_306' title='bbox 2912 3004 2972 3057; x_wconf 83' lang='grc' dir='ltr'>ὲν</span> <span class='ocrx_word' id='word_1_307' title='bbox 3001 3005 3068 3076; x_wconf 77' lang='grc' dir='ltr'>τῇ</span> <span class='ocrx_word' id='word_1_308' title='bbox 3114 3005 3293 3077; x_wconf 83' lang='grc' dir='ltr'>Καινῇ</span> <span class='ocrx_word' id='word_1_309' title='bbox 3346 3006 3495 3076; x_wconf 71' lang='grc' dir='ltr'>λέγει</span> <span class='ocrx_word' id='word_1_310' title='bbox 3539 3009 3729 3080; x_wconf 77' lang='grc' dir='ltr'>μόνον,</span> 
     </span>
    </p>
   </div>
   <div class='ocr_carea' id='block_1_58' title="bbox 435 3092 2018 3170">
    <p class='ocr_par' dir='ltr' id='par_1_58' title="bbox 435 3095 2018 3169">
     <span class='ocr_line' id='line_1_58' title="bbox 435 3095 2018 3169; baseline 0.009 -19"><span class='ocrx_word' id='word_1_311' title='bbox 435 3103 586 3158; x_wconf 86' lang='lat' dir='ltr'><strong>sunt,</strong></span> <span class='ocrx_word' id='word_1_312' title='bbox 623 3095 717 3152; x_wconf 82' lang='lat' dir='ltr'><strong>sed</strong></span> <span class='ocrx_word' id='word_1_313' title='bbox 766 3098 930 3152; x_wconf 89' lang='lat' dir='ltr'><strong>etiam</strong></span> <span class='ocrx_word' id='word_1_314' title='bbox 963 3099 1058 3169; x_wconf 90' lang='lat' dir='ltr'><strong>qui</strong></span> <span class='ocrx_word' id='word_1_315' title='bbox 1118 3100 1222 3156; x_wconf 88' lang='lat' dir='ltr'><strong>sub</strong></span> <span class='ocrx_word' id='word_1_316' title='bbox 1262 3101 1436 3158; x_wconf 91' lang='lat' dir='ltr'><strong>veteri</strong></span> <span class='ocrx_word' id='word_1_317' title='bbox 1474 3100 1648 3160; x_wconf 89' lang='lat' dir='ltr'><strong>fuere.</strong></span> <span class='ocrx_word' id='word_1_318' title='bbox 1693 3103 1831 3161; x_wconf 84' lang='lat' dir='ltr'><strong>Nam</strong></span> <span class='ocrx_word' id='word_1_319' title='bbox 1863 3117 1918 3164; x_wconf 92' lang='lat' dir='ltr'><strong>et</strong></span> <span class='ocrx_word' id='word_1_320' title='bbox 1946 3108 2018 3164; x_wconf 91' lang='lat' dir='ltr'><strong>illi</strong></span> 
     </span>
    </p>
   </div>
   <div class='ocr_carea' id='block_1_59' title="bbox 2155 3092 3733 3170">
    <p class='ocr_par' dir='ltr' id='par_1_59' title="bbox 2155 3092 3733 3170">
     <span class='ocr_line' id='line_1_59' title="bbox 2155 3092 3733 3170; baseline 0.004 -21"><span class='ocrx_word' id='word_1_321' title='bbox 2155 3093 2271 3149; x_wconf 88' lang='grc' dir='ltr'><strong>ιλλά</strong></span> <span class='ocrx_word' id='word_1_322' title='bbox 2320 3093 2415 3148; x_wconf 88' lang='grc' dir='ltr'><strong>καί</strong></span> <span class='ocrx_word' id='word_1_323' title='bbox 2459 3093 2588 3160; x_wconf 81' lang='grc' dir='ltr'>τοὺς</span> <span class='ocrx_word' id='word_1_324' title='bbox 2621 3095 2681 3149; x_wconf 84' lang='grc' dir='ltr'>ὲν</span> <span class='ocrx_word' id='word_1_325' title='bbox 2729 3095 2796 3166; x_wconf 75' lang='grc' dir='ltr'>τῇ</span> <span class='ocrx_word' id='word_1_326' title='bbox 2831 3092 3066 3165; x_wconf 78' lang='grc' dir='ltr'>Παλαιᾷ.</span> <span class='ocrx_word' id='word_1_327' title='bbox 3112 3095 3222 3150; x_wconf 65' lang='grc' dir='ltr'><strong>Καὶ</strong></span> <span class='ocrx_word' id='word_1_328' title='bbox 3262 3095 3374 3170; x_wconf 88' lang='grc' dir='ltr'><strong>γάρ</strong></span> <span class='ocrx_word' id='word_1_329' title='bbox 3413 3099 3512 3155; x_wconf 78' lang='grc' dir='ltr'>καὶ</span> <span class='ocrx_word' id='word_1_330' title='bbox 3572 3101 3733 3156; x_wconf 77' lang='grc' dir='ltr'>αὐτοὶ</span> 
     </span>
    </p>
   </div>
   <div class='ocr_carea' id='block_1_60' title="bbox 435 3187 1811 3267">
    <p class='ocr_par' dir='ltr' id='par_1_60' title="bbox 435 3187 1811 3267">
     <span class='ocr_line' id='line_1_60' title="bbox 435 3187 1811 3267; baseline 0.007 -23"><span class='ocrx_word' id='word_1_331' title='bbox 435 3187 811 3244; x_wconf 78' lang='grc' dir='ltr'>ιοειῑωοηὶιιιιι</span> <span class='ocrx_word' id='word_1_332' title='bbox 837 3188 1112 3247; x_wconf 88' lang='lat' dir='ltr'><strong>dederunt</strong></span> <span class='ocrx_word' id='word_1_333' title='bbox 1141 3193 1341 3250; x_wconf 62' lang='lat' dir='ltr'><strong>divina</strong></span> <span class='ocrx_word' id='word_1_334' title='bbox 1366 3195 1811 3267; x_wconf 64' lang='lat' dir='ltr'><strong>magnificentia.</strong></span> 
     </span>
    </p>
   </div>
   <div class='ocr_carea' id='block_1_61' title="bbox 504 3277 2027 3363">
    <p class='ocr_par' dir='ltr' id='par_1_61' title="bbox 504 3277 2027 3363">
     <span class='ocr_line' id='line_1_61' title="bbox 504 3277 2027 3363; baseline 0.013 -30"><span class='ocrx_word' id='word_1_335' title='bbox 504 3298 524 3332; x_wconf 82' lang='grc' dir='ltr'><strong>ι</strong></span> <span class='ocrx_word' id='word_1_336' title='bbox 561 3277 626 3335; x_wconf 81' lang='lat' dir='ltr'><strong>Et</strong></span> <span class='ocrx_word' id='word_1_337' title='bbox 677 3281 1050 3342; x_wconf 89' lang='lat' dir='ltr'><strong>circumstans</strong></span> <span class='ocrx_word' id='word_1_338' title='bbox 1078 3301 1181 3342; x_wconf 80' lang='lat' dir='ltr'><strong>nos</strong></span> <span class='ocrx_word' id='word_1_339' title='bbox 1228 3295 1519 3358; x_wconf 88' lang='lat' dir='ltr'><strong>peccatum</strong></span> <span class='ocrx_word' id='word_1_340' title='bbox 1542 3333 1556 3357; x_wconf 94' lang='lat'><strong>,</strong></span> <span class='ocrx_word' id='word_1_341' title='bbox 1581 3305 1678 3360; x_wconf 89' lang='lat' dir='ltr'><strong>per</strong></span> <span class='ocrx_word' id='word_1_342' title='bbox 1702 3296 2027 3363; x_wconf 87' lang='lat' dir='ltr'><strong>patientiam</strong></span> 
     </span>
    </p>
   </div>
   <div class='ocr_carea' id='block_1_62' title="bbox 2054 3185 3359 3284">
    <p class='ocr_par' dir='ltr' id='par_1_62' title="bbox 2054 3185 3359 3284">
     <span class='ocr_line' id='line_1_62' title="bbox 2054 3185 3359 3284; baseline 0.004 -44"><span class='ocrx_word' id='word_1_343' title='bbox 2054 3223 2100 3284; x_wconf 60' lang='grc' dir='ltr'>ο</span> <span class='ocrx_word' id='word_1_344' title='bbox 2135 3187 2534 3260; x_wconf 84' lang='grc' dir='ltr'>ἐμαρτύρησαν</span> <span class='ocrx_word' id='word_1_345' title='bbox 2559 3189 2626 3259; x_wconf 79' lang='grc' dir='ltr'>τῇ</span> <span class='ocrx_word' id='word_1_346' title='bbox 2658 3185 2753 3241; x_wconf 81' lang='grc' dir='ltr'>τοῦ</span> <span class='ocrx_word' id='word_1_347' title='bbox 2783 3185 2918 3240; x_wconf 84' lang='grc' dir='ltr'>Θεοῦ</span> <span class='ocrx_word' id='word_1_348' title='bbox 2951 3189 3359 3261; x_wconf 79' lang='grc' dir='ltr'>μεγαλειότητι.</span> 
     </span>
    </p>
   </div>
   <div class='ocr_carea' id='block_1_63' title="bbox 2211 3279 3732 3360">
    <p class='ocr_par' dir='ltr' id='par_1_63' title="bbox 2211 3279 3732 3360">
     <span class='ocr_line' id='line_1_63' title="bbox 2211 3279 3732 3360; baseline 0.007 -27"><span class='ocrx_word' id='word_1_349' title='bbox 2211 3298 2230 3332; x_wconf 83' lang='grc' dir='ltr'><strong>ι</strong></span> <span class='ocrx_word' id='word_1_350' title='bbox 2277 3279 2393 3334; x_wconf 82' lang='grc' dir='ltr'><strong>Καὶ</strong></span> <span class='ocrx_word' id='word_1_351' title='bbox 2421 3281 2522 3352; x_wconf 80' lang='grc' dir='ltr'><strong>τὴν</strong></span> <span class='ocrx_word' id='word_1_352' title='bbox 2551 3279 2950 3352; x_wconf 84' lang='grc' dir='ltr'>εὐπερίστατον</span> <span class='ocrx_word' id='word_1_353' title='bbox 2991 3281 3294 3354; x_wconf 80' lang='grc' dir='ltr'>ἁμαρτίαν,</span> <span class='ocrx_word' id='word_1_354' title='bbox 3333 3284 3404 3338; x_wconf 82' lang='grc' dir='ltr'>δι’</span> <span class='ocrx_word' id='word_1_355' title='bbox 3443 3287 3732 3360; x_wconf 78' lang='grc' dir='ltr'>ὑπομονῆς</span> 
     </span>
    </p>
   </div>
   <div class='ocr_carea' id='block_1_64' title="bbox 434 3373 2018 3465">
    <p class='ocr_par' dir='ltr' id='par_1_64' title="bbox 434 3375 2018 3465">
     <span class='ocr_line' id='line_1_64' title="bbox 434 3375 2018 3465; baseline 0.013 -39"><span class='ocrx_word' id='word_1_356' title='bbox 434 3386 725 3465; x_wconf 83' lang='lat' dir='ltr'><strong>curramus</strong></span> <span class='ocrx_word' id='word_1_357' title='bbox 752 3375 818 3429; x_wconf 89' lang='lat' dir='ltr'><strong>ad</strong></span> <span class='ocrx_word' id='word_1_358' title='bbox 842 3378 1185 3448; x_wconf 86' lang='lat' dir='ltr'><strong>propositum</strong></span> <span class='ocrx_word' id='word_1_359' title='bbox 1217 3384 1379 3440; x_wconf 91' lang='lat' dir='ltr'><strong>nobis</strong></span> <span class='ocrx_word' id='word_1_360' title='bbox 1408 3395 1727 3445; x_wconf 87' lang='lat' dir='ltr'><strong>certamen:</strong></span> <span class='ocrx_word' id='word_1_361' title='bbox 1751 3390 1763 3462; x_wconf 73' lang='grc' dir='ltr'>ι</span> <span class='ocrx_word' id='word_1_362' title='bbox 1783 3389 1946 3449; x_wconf 74' lang='lat' dir='ltr'><strong>Vens.</strong></span> <span class='ocrx_word' id='word_1_363' title='bbox 1966 3391 2018 3465; x_wconf 70' lang='lat'><strong>2]</strong></span> 
     </span>
    </p>
   </div>
   <div class='ocr_carea' id='block_1_65' title="bbox 2155 3373 3730 3465">
    <p class='ocr_par' dir='ltr' id='par_1_65' title="bbox 2155 3373 3730 3450">
     <span class='ocr_line' id='line_1_65' title="bbox 2155 3373 3730 3450; baseline 0.007 -24"><span class='ocrx_word' id='word_1_364' title='bbox 2155 3373 2422 3446; x_wconf 69' lang='grc' dir='ltr'>τρέχωμεν</span> <span class='ocrx_word' id='word_1_365' title='bbox 2448 3373 2542 3429; x_wconf 82' lang='grc' dir='ltr'>τὸν</span> <span class='ocrx_word' id='word_1_366' title='bbox 2593 3373 2957 3446; x_wconf 85' lang='grc' dir='ltr'>προκείμενον</span> <span class='ocrx_word' id='word_1_367' title='bbox 2992 3376 3127 3447; x_wconf 79' lang='grc' dir='ltr'>ἡμῖν</span> <span class='ocrx_word' id='word_1_368' title='bbox 3178 3376 3386 3447; x_wconf 82' lang='grc' dir='ltr'>ἀγῶνα,</span> <span class='ocrx_word' id='word_1_369' title='bbox 3408 3381 3730 3450; x_wconf 69' lang='grc' dir='ltr'>ἀφορῶντες</span> 
     </span>
    </p>
   </div>
   <div class='ocr_carea' id='block_1_66' title="bbox 433 3464 2018 3549">
    <p class='ocr_par' dir='ltr' id='par_1_66' title="bbox 433 3464 2018 3542">
     <span class='ocr_line' id='line_1_66' title="bbox 433 3464 2018 3542; baseline 0.015 -24"><span class='ocrx_word' id='word_1_370' title='bbox 433 3464 762 3534; x_wconf 81' lang='lat' dir='ltr'><strong>aspicientes</strong></span> <span class='ocrx_word' id='word_1_371' title='bbox 798 3467 854 3523; x_wconf 89' lang='lat' dir='ltr'><strong>in</strong></span> <span class='ocrx_word' id='word_1_372' title='bbox 905 3479 1187 3529; x_wconf 89' lang='lat' dir='ltr'><strong>auctorem</strong></span> <span class='ocrx_word' id='word_1_373' title='bbox 1245 3475 1371 3535; x_wconf 88' lang='lat' dir='ltr'><strong>fidei</strong></span> <span class='ocrx_word' id='word_1_374' title='bbox 1427 3488 1483 3537; x_wconf 90' lang='lat' dir='ltr'><strong>et</strong></span> <span class='ocrx_word' id='word_1_375' title='bbox 1516 3464 2018 3542; x_wconf 71' lang='lat' dir='ltr'><strong>consummatoreni</strong></span> 
     </span>
    </p>
   </div>
   <div class='ocr_carea' id='block_1_67' title="bbox 2155 3464 3730 3549">
    <p class='ocr_par' dir='ltr' id='par_1_67' title="bbox 2155 3466 3730 3549">
     <span class='ocr_line' id='line_1_67' title="bbox 2155 3466 3730 3549; baseline 0.004 -27"><span class='ocrx_word' id='word_1_376' title='bbox 2155 3469 2215 3532; x_wconf 75' lang='grc' dir='ltr'>ςίς</span> <span class='ocrx_word' id='word_1_377' title='bbox 2261 3468 2355 3523; x_wconf 84' lang='grc' dir='ltr'>τὸν</span> <span class='ocrx_word' id='word_1_378' title='bbox 2389 3469 2490 3539; x_wconf 75' lang='grc' dir='ltr'><strong>τῇς</strong></span> <span class='ocrx_word' id='word_1_379' title='bbox 2523 3466 2762 3533; x_wconf 80' lang='grc' dir='ltr'>πίστεως</span> <span class='ocrx_word' id='word_1_380' title='bbox 2810 3469 3078 3539; x_wconf 83' lang='grc' dir='ltr'>ἀρχηγὸν,</span> <span class='ocrx_word' id='word_1_381' title='bbox 3141 3471 3235 3525; x_wconf 77' lang='grc' dir='ltr'>καὶ</span> <span class='ocrx_word' id='word_1_382' title='bbox 3281 3471 3578 3547; x_wconf 80' lang='grc' dir='ltr'>τελειωτὴν</span> <span class='ocrx_word' id='word_1_383' title='bbox 3617 3476 3730 3549; x_wconf 81' lang='grc' dir='ltr'><strong>Ἰη-</strong></span> 
     </span>
    </p>
   </div>
   <div class='ocr_carea' id='block_1_68' title="bbox 431 3551 1600 3613">
    <p class='ocr_par' dir='ltr' id='par_1_68' title="bbox 431 3551 1600 3613">
     <span class='ocr_line' id='line_1_68' title="bbox 431 3551 1600 3613; baseline 0.003 0"><span class='ocrx_word' id='word_1_384' title='bbox 431 3551 643 3613; x_wconf 75' lang='lat' dir='ltr'><strong>Jesum.</strong></span> <span class='ocrx_word' id='word_1_385' title='bbox 677 3579 698 3612; x_wconf 75' lang='grc' dir='ltr'><strong>ι</strong></span> <span class='ocrx_word' id='word_1_386' title='bbox 1577 3569 1600 3586; x_wconf 80' lang='lat'><strong><em>‘</em></strong></span> 
     </span>
    </p>
   </div>
   <div class='ocr_carea' id='block_1_69' title="bbox 503 3669 2026 3761">
    <p class='ocr_par' dir='ltr' id='par_1_69' title="bbox 503 3669 2026 3761">
     <span class='ocr_line' id='line_1_69' title="bbox 503 3669 2026 3761; baseline 0.017 -37"><span class='ocrx_word' id='word_1_387' title='bbox 503 3669 660 3761; x_wconf 87' lang='lat' dir='ltr'><strong>Quod</strong></span> <span class='ocrx_word' id='word_1_388' title='bbox 713 3688 816 3730; x_wconf 90' lang='lat' dir='ltr'><strong>nos</strong></span> <span class='ocrx_word' id='word_1_389' title='bbox 880 3675 1036 3734; x_wconf 80' lang='lat' dir='ltr'><strong>facile</strong></span> <span class='ocrx_word' id='word_1_390' title='bbox 1088 3681 1494 3753; x_wconf 87' lang='lat' dir='ltr'><strong>circumvenit,</strong></span> <span class='ocrx_word' id='word_1_391' title='bbox 1526 3688 1611 3745; x_wconf 87' lang='lat' dir='ltr'><strong>vel</strong></span> <span class='ocrx_word' id='word_1_392' title='bbox 1666 3691 1815 3761; x_wconf 90' lang='lat' dir='ltr'><strong>quod</strong></span> <span class='ocrx_word' id='word_1_393' title='bbox 1861 3691 2026 3751; x_wconf 80' lang='lat' dir='ltr'><strong>facile</strong></span> 
     </span>
    </p>
   </div>
   <div class='ocr_carea' id='block_1_70' title="bbox 431 3759 2026 3848">
    <p class='ocr_par' dir='ltr' id='par_1_70' title="bbox 431 3759 2026 3848">
     <span class='ocr_line' id='line_1_70' title="bbox 431 3759 2026 3848; baseline 0.013 -30"><span class='ocrx_word' id='word_1_394' title='bbox 431 3759 596 3833; x_wconf 64' lang='grc'><strong>254</strong></span> <span class='ocrx_word' id='word_1_395' title='bbox 645 3763 1032 3825; x_wconf 79' lang='lat' dir='ltr'><strong>circumveniri</strong></span> <span class='ocrx_word' id='word_1_396' title='bbox 1062 3783 1246 3842; x_wconf 83' lang='lat' dir='ltr'><strong>queat.</strong></span> <span class='ocrx_word' id='word_1_397' title='bbox 1277 3774 1455 3846; x_wconf 84' lang='lat' dir='ltr'><strong>Atque</strong></span> <span class='ocrx_word' id='word_1_398' title='bbox 1481 3777 1586 3834; x_wconf 90' lang='lat' dir='ltr'><strong>hoc</strong></span> <span class='ocrx_word' id='word_1_399' title='bbox 1606 3759 1817 3848; x_wconf 77' lang='lat' dir='ltr'><strong>potius.</strong></span> <span class='ocrx_word' id='word_1_400' title='bbox 1851 3784 2026 3839; x_wconf 57' lang='lat' dir='ltr'><strong>Dum-</strong></span> 
     </span>
    </p>
   </div>
   <div class='ocr_carea' id='block_1_71' title="bbox 431 3855 2023 3947">
    <p class='ocr_par' dir='ltr' id='par_1_71' title="bbox 431 3855 2023 3947">
     <span class='ocr_line' id='line_1_71' title="bbox 431 3855 2023 3947; baseline 0.018 -40"><span class='ocrx_word' id='word_1_401' title='bbox 431 3855 596 3909; x_wconf 91' lang='lat' dir='ltr'><strong>modo</strong></span> <span class='ocrx_word' id='word_1_402' title='bbox 630 3857 774 3912; x_wconf 86' lang='lat' dir='ltr'><strong>enim</strong></span> <span class='ocrx_word' id='word_1_403' title='bbox 807 3861 1039 3917; x_wconf 89' lang='lat' dir='ltr'><strong>velimus</strong></span> <span class='ocrx_word' id='word_1_404' title='bbox 1063 3904 1077 3929; x_wconf 94' lang='lat'><strong>,</strong></span> <span class='ocrx_word' id='word_1_405' title='bbox 1109 3864 1254 3922; x_wconf 77' lang='lat' dir='ltr'><strong>facili</strong></span> <span class='ocrx_word' id='word_1_406' title='bbox 1294 3871 1520 3940; x_wconf 84' lang='lat' dir='ltr'><strong>negotio</strong></span> <span class='ocrx_word' id='word_1_407' title='bbox 1557 3887 1854 3943; x_wconf 86' lang='lat' dir='ltr'><strong>possumus</strong></span> <span class='ocrx_word' id='word_1_408' title='bbox 1891 3892 2023 3947; x_wconf 89' lang='lat' dir='ltr'><strong>pec-</strong></span> 
     </span>
    </p>
   </div>
   <div class='ocr_carea' id='block_1_72' title="bbox 433 3951 1068 4018">
    <p class='ocr_par' dir='ltr' id='par_1_72' title="bbox 433 3951 1068 4018">
     <span class='ocr_line' id='line_1_72' title="bbox 433 3951 1068 4018; baseline 0.019 -16"><span class='ocrx_word' id='word_1_409' title='bbox 433 3953 559 4002; x_wconf 88' lang='lat' dir='ltr'><strong>cato</strong></span> <span class='ocrx_word' id='word_1_410' title='bbox 586 3951 902 4018; x_wconf 86' lang='lat' dir='ltr'><strong>superiores</strong></span> <span class='ocrx_word' id='word_1_411' title='bbox 926 3953 1068 4014; x_wconf 84' lang='lat' dir='ltr'><strong>fieri.</strong></span> 
     </span>
    </p>
   </div>
   <div class='ocr_carea' id='block_1_73' title="bbox 505 4060 2018 4153">
    <p class='ocr_par' dir='ltr' id='par_1_73' title="bbox 505 4060 2018 4153">
     <span class='ocr_line' id='line_1_73' title="bbox 505 4060 2018 4153; baseline 0.02 -40"><span class='ocrx_word' id='word_1_412' title='bbox 505 4079 526 4112; x_wconf 73' lang='grc' dir='ltr'><strong>ι</strong></span> <span class='ocrx_word' id='word_1_413' title='bbox 568 4060 693 4131; x_wconf 73' lang='lat' dir='ltr'><strong>Qui,</strong></span> <span class='ocrx_word' id='word_1_414' title='bbox 737 4071 1022 4139; x_wconf 84' lang='lat' dir='ltr'><strong>preposito</strong></span> <span class='ocrx_word' id='word_1_415' title='bbox 1057 4073 1160 4129; x_wconf 89' lang='lat' dir='ltr'><strong>sibi</strong></span> <span class='ocrx_word' id='word_1_416' title='bbox 1215 4078 1436 4148; x_wconf 83' lang='lat' dir='ltr'><strong>gaudio,</strong></span> <span class='ocrx_word' id='word_1_417' title='bbox 1472 4081 1738 4140; x_wconf 89' lang='lat' dir='ltr'><strong>sustinuit</strong></span> <span class='ocrx_word' id='word_1_418' title='bbox 1775 4099 2018 4153; x_wconf 88' lang='lat' dir='ltr'><strong>crucem,</strong></span> 
     </span>
    </p>
   </div>
   <div class='ocr_carea' id='block_1_74' title="bbox 427 4153 2018 4237">
    <p class='ocr_par' dir='ltr' id='par_1_74' title="bbox 427 4153 2018 4237">
     <span class='ocr_line' id='line_1_74' title="bbox 427 4153 2018 4237; baseline 0.018 -29"><span class='ocrx_word' id='word_1_419' title='bbox 427 4153 760 4215; x_wconf 88' lang='lat' dir='ltr'><strong>confusione</strong></span> <span class='ocrx_word' id='word_1_420' title='bbox 793 4169 1143 4237; x_wconf 88' lang='lat' dir='ltr'><strong>contempta,</strong></span> <span class='ocrx_word' id='word_1_421' title='bbox 1181 4169 1236 4223; x_wconf 91' lang='lat' dir='ltr'><strong>in</strong></span> <span class='ocrx_word' id='word_1_422' title='bbox 1295 4171 1523 4228; x_wconf 86' lang='lat' dir='ltr'><strong>dextera</strong></span> <span class='ocrx_word' id='word_1_423' title='bbox 1579 4175 1726 4232; x_wconf 78' lang='lat' dir='ltr'><strong>sedis</strong></span> <span class='ocrx_word' id='word_1_424' title='bbox 1778 4175 1877 4233; x_wconf 90' lang='lat' dir='ltr'><strong>Dei</strong></span> <span class='ocrx_word' id='word_1_425' title='bbox 1929 4193 2018 4235; x_wconf 86' lang='lat' dir='ltr'><strong>se-</strong></span> 
     </span>
    </p>
   </div>
   <div class='ocr_carea' id='block_1_75' title="bbox 431 4247 596 4306">
    <p class='ocr_par' dir='ltr' id='par_1_75' title="bbox 431 4247 596 4306">
     <span class='ocr_line' id='line_1_75' title="bbox 431 4247 596 4306; baseline -0.024 0"><span class='ocrx_word' id='word_1_426' title='bbox 431 4247 541 4306; x_wconf 84' lang='lat' dir='ltr'><strong>det.</strong></span> <span class='ocrx_word' id='word_1_427' title='bbox 574 4267 596 4303; x_wconf 77' lang='grc' dir='ltr'><strong>ι</strong></span> 
     </span>
    </p>
   </div>
   <div class='ocr_carea' id='block_1_76' title="bbox 497 4362 2020 4454">
    <p class='ocr_par' dir='ltr' id='par_1_76' title="bbox 497 4362 2020 4454">
     <span class='ocr_line' id='line_1_76' title="bbox 497 4362 2020 4454; baseline 0.018 -39"><span class='ocrx_word' id='word_1_428' title='bbox 497 4362 616 4419; x_wconf 85' lang='lat' dir='ltr'><strong>Hoc</strong></span> <span class='ocrx_word' id='word_1_429' title='bbox 648 4373 753 4431; x_wconf 87' lang='lat' dir='ltr'><strong>est,</strong></span> <span class='ocrx_word' id='word_1_430' title='bbox 788 4366 842 4423; x_wconf 91' lang='lat' dir='ltr'><strong>in</strong></span> <span class='ocrx_word' id='word_1_431' title='bbox 870 4377 1143 4440; x_wconf 89' lang='lat' dir='ltr'><strong>potestate</strong></span> <span class='ocrx_word' id='word_1_432' title='bbox 1175 4374 1324 4433; x_wconf 88' lang='lat' dir='ltr'><strong>illius</strong></span> <span class='ocrx_word' id='word_1_433' title='bbox 1359 4387 1478 4434; x_wconf 89' lang='lat' dir='ltr'><strong>erat</strong></span> <span class='ocrx_word' id='word_1_434' title='bbox 1514 4381 1650 4437; x_wconf 86' lang='lat' dir='ltr'><strong>nihil</strong></span> <span class='ocrx_word' id='word_1_435' title='bbox 1690 4384 1825 4454; x_wconf 88' lang='lat' dir='ltr'><strong>pati,</strong></span> <span class='ocrx_word' id='word_1_436' title='bbox 1855 4386 1900 4442; x_wconf 87' lang='lat' dir='ltr'><strong>si</strong></span> <span class='ocrx_word' id='word_1_437' title='bbox 1928 4403 2020 4442; x_wconf 85' lang='lat' dir='ltr'><strong>vo-</strong></span> 
     </span>
    </p>
   </div>
   <div class='ocr_carea' id='block_1_77' title="bbox 426 4451 2016 4543">
    <p class='ocr_par' dir='ltr' id='par_1_77' title="bbox 426 4451 2016 4543">
     <span class='ocr_line' id='line_1_77' title="bbox 426 4451 2016 4543; baseline 0.017 -36"><span class='ocrx_word' id='word_1_438' title='bbox 426 4451 640 4510; x_wconf 75' lang='lat' dir='ltr'><strong>luisset.</strong></span> <span class='ocrx_word' id='word_1_439' title='bbox 673 4457 792 4528; x_wconf 87' lang='lat' dir='ltr'><strong>lpse</strong></span> <span class='ocrx_word' id='word_1_440' title='bbox 821 4477 951 4518; x_wconf 88' lang='lat' dir='ltr'><strong>vero</strong></span> <span class='ocrx_word' id='word_1_441' title='bbox 977 4464 1340 4525; x_wconf 90' lang='lat' dir='ltr'><strong>nihilominus</strong></span> <span class='ocrx_word' id='word_1_442' title='bbox 1370 4474 1593 4541; x_wconf 90' lang='lat' dir='ltr'><strong>pertulit</strong></span> <span class='ocrx_word' id='word_1_443' title='bbox 1626 4451 2016 4543; x_wconf 64' lang='lat' dir='ltr'><strong>crucem,&#39;cum</strong></span> 
     </span>
    </p>
   </div>
   <div class='ocr_carea' id='block_1_78' title="bbox 427 4547 2015 4636">
    <p class='ocr_par' dir='ltr' id='par_1_78' title="bbox 427 4547 2015 4636">
     <span class='ocr_line' id='line_1_78' title="bbox 427 4547 2015 4636; baseline 0.016 -37"><span class='ocrx_word' id='word_1_444' title='bbox 427 4547 579 4600; x_wconf 85' lang='lat' dir='ltr'><strong>nulla</strong></span> <span class='ocrx_word' id='word_1_445' title='bbox 602 4551 935 4610; x_wconf 86' lang='lat' dir='ltr'><strong>necessitate</strong></span> <span class='ocrx_word' id='word_1_446' title='bbox 966 4557 1031 4612; x_wconf 87' lang='lat' dir='ltr'><strong>ad</strong></span> <span class='ocrx_word' id='word_1_447' title='bbox 1064 4572 1287 4616; x_wconf 89' lang='lat' dir='ltr'><strong>erucem</strong></span> <span class='ocrx_word' id='word_1_448' title='bbox 1311 4563 1651 4636; x_wconf 87' lang='lat' dir='ltr'><strong>adigeretur.</strong></span> <span class='ocrx_word' id='word_1_449' title='bbox 1677 4567 1814 4625; x_wconf 82' lang='lat' dir='ltr'><strong>Nam</strong></span> <span class='ocrx_word' id='word_1_450' title='bbox 1839 4571 2015 4628; x_wconf 89' lang='lat' dir='ltr'><strong>nostri</strong></span> 
     </span>
    </p>
   </div>
   <div class='ocr_carea' id='block_1_79' title="bbox 427 4641 1142 4706">
    <p class='ocr_par' dir='ltr' id='par_1_79' title="bbox 427 4641 1142 4706">
     <span class='ocr_line' id='line_1_79' title="bbox 427 4641 1142 4706; baseline 0.021 -15"><span class='ocrx_word' id='word_1_451' title='bbox 427 4651 594 4694; x_wconf 81' lang='lat' dir='ltr'><strong>causa</strong></span> <span class='ocrx_word' id='word_1_452' title='bbox 631 4641 824 4700; x_wconf 80' lang='lat' dir='ltr'><strong>allixus</strong></span> <span class='ocrx_word' id='word_1_453' title='bbox 855 4654 938 4701; x_wconf 90' lang='lat' dir='ltr'><strong>est</strong></span> <span class='ocrx_word' id='word_1_454' title='bbox 965 4649 1142 4706; x_wconf 91' lang='lat' dir='ltr'><strong>cruci.</strong></span> 
     </span>
    </p>
   </div>
   <div class='ocr_carea' id='block_1_80' title="bbox 485 4748 2016 4848">
    <p class='ocr_par' dir='ltr' id='par_1_80' title="bbox 485 4748 2016 4848">
     <span class='ocr_line' id='line_1_80' title="bbox 485 4748 2016 4848; baseline 0.025 -45"><span class='ocrx_word' id='word_1_455' title='bbox 485 4748 665 4848; x_wconf 33' lang='lat' dir='ltr'><strong>Vens.-</strong></span> <span class='ocrx_word' id='word_1_456' title='bbox 709 4756 867 4811; x_wconf 80' lang='lat' dir='ltr'><strong>5-l0.</strong></span> <span class='ocrx_word' id='word_1_457' title='bbox 911 4776 928 4810; x_wconf 85' lang='grc' dir='ltr'><strong>ι</strong></span> <span class='ocrx_word' id='word_1_458' title='bbox 963 4759 1290 4834; x_wconf 78' lang='lat' dir='ltr'><strong>Recogitate</strong></span> <span class='ocrx_word' id='word_1_459' title='bbox 1339 4769 1486 4824; x_wconf 90' lang='lat' dir='ltr'><strong>enim</strong></span> <span class='ocrx_word' id='word_1_460' title='bbox 1533 4788 1659 4829; x_wconf 90' lang='lat' dir='ltr'><strong>eum</strong></span> <span class='ocrx_word' id='word_1_461' title='bbox 1711 4778 1805 4848; x_wconf 92' lang='lat' dir='ltr'><strong>qui</strong></span> <span class='ocrx_word' id='word_1_462' title='bbox 1852 4783 2016 4841; x_wconf 88' lang='lat' dir='ltr'><strong>talem</strong></span> 
     </span>
    </p>
   </div>
   <div class='ocr_carea' id='block_1_81' title="bbox 428 4843 2018 4943">
    <p class='ocr_par' dir='ltr' id='par_1_81' title="bbox 428 4843 2018 4943">
     <span class='ocr_line' id='line_1_81' title="bbox 428 4843 2018 4943; baseline 0.023 -47"><span class='ocrx_word' id='word_1_463' title='bbox 428 4843 694 4898; x_wconf 78' lang='lat' dir='ltr'><strong>sustinuit</strong></span> <span class='ocrx_word' id='word_1_464' title='bbox 746 4860 775 4899; x_wconf 90' lang='lat' dir='ltr'><strong>a</strong></span> <span class='ocrx_word' id='word_1_465' title='bbox 831 4854 1216 4919; x_wconf 88' lang='lat' dir='ltr'><strong>peccatoribus</strong></span> <span class='ocrx_word' id='word_1_466' title='bbox 1297 4859 1591 4918; x_wconf 89' lang='lat' dir='ltr'><strong>adversum</strong></span> <span class='ocrx_word' id='word_1_467' title='bbox 1657 4843 2018 4943; x_wconf 80' lang='lat' dir='ltr'><strong>semetipsum</strong></span> 
     </span>
    </p>
   </div>
   <div class='ocr_carea' id='block_1_82' title="bbox 427 4937 2018 5028">
    <p class='ocr_par' dir='ltr' id='par_1_82' title="bbox 427 4937 2018 5028">
     <span class='ocr_line' id='line_1_82' title="bbox 427 4937 2018 5028; baseline 0.025 -40"><span class='ocrx_word' id='word_1_468' title='bbox 427 4937 950 5010; x_wconf 80' lang='lat' dir='ltr'><strong>contradictionem,</strong></span> <span class='ocrx_word' id='word_1_469' title='bbox 981 4953 1042 5000; x_wconf 91' lang='lat' dir='ltr'><strong>ut</strong></span> <span class='ocrx_word' id='word_1_470' title='bbox 1095 4964 1164 5006; x_wconf 89' lang='lat' dir='ltr'><strong>ne</strong></span> <span class='ocrx_word' id='word_1_471' title='bbox 1200 4950 1533 5024; x_wconf 88' lang='lat' dir='ltr'><strong>fatigemini,</strong></span> <span class='ocrx_word' id='word_1_472' title='bbox 1581 4961 1784 5021; x_wconf 89' lang='lat' dir='ltr'><strong>animis</strong></span> <span class='ocrx_word' id='word_1_473' title='bbox 1813 4937 2018 5028; x_wconf 79' lang='lat' dir='ltr'><strong>vestris</strong></span> 
     </span>
    </p>
   </div>
   <div class='ocr_carea' id='block_1_83' title="bbox 429 5029 2016 5127">
    <p class='ocr_par' dir='ltr' id='par_1_83' title="bbox 429 5029 2016 5127">
     <span class='ocr_line' id='line_1_83' title="bbox 429 5029 2016 5127; baseline 0.023 -44"><span class='ocrx_word' id='word_1_474' title='bbox 429 5029 763 5090; x_wconf 77' lang='lat' dir='ltr'><strong>deficientes.</strong></span> <span class='ocrx_word' id='word_1_475' title='bbox 799 5035 1055 5095; x_wconf 85' lang='lat' dir='ltr'><strong>Nondum</strong></span> <span class='ocrx_word' id='word_1_476' title='bbox 1088 5044 1232 5098; x_wconf 85' lang='lat' dir='ltr'><strong>enim</strong></span> <span class='ocrx_word' id='word_1_477' title='bbox 1269 5063 1444 5118; x_wconf 88' lang='lat' dir='ltr'><strong>usque</strong></span> <span class='ocrx_word' id='word_1_478' title='bbox 1472 5052 1540 5107; x_wconf 89' lang='lat' dir='ltr'><strong>ad</strong></span> <span class='ocrx_word' id='word_1_479' title='bbox 1579 5059 1906 5127; x_wconf 86' lang='lat' dir='ltr'><strong>sanguinem</strong></span> <span class='ocrx_word' id='word_1_480' title='bbox 1933 5079 2016 5120; x_wconf 86' lang='lat' dir='ltr'><strong>re-</strong></span> 
     </span>
    </p>
   </div>
   <div class='ocr_carea' id='block_1_84' title="bbox 429 5123 2016 5216">
    <p class='ocr_par' dir='ltr' id='par_1_84' title="bbox 429 5123 2016 5216">
     <span class='ocr_line' id='line_1_84' title="bbox 429 5123 2016 5216; baseline 0.021 -39"><span class='ocrx_word' id='word_1_481' title='bbox 429 5123 669 5216; x_wconf 81' lang='lat' dir='ltr'><strong>stitistis,</strong></span> <span class='ocrx_word' id='word_1_482' title='bbox 710 5125 976 5187; x_wconf 89' lang='lat' dir='ltr'><strong>adversus</strong></span> <span class='ocrx_word' id='word_1_483' title='bbox 1008 5145 1294 5203; x_wconf 85' lang='lat' dir='ltr'><strong>peceatum</strong></span> <span class='ocrx_word' id='word_1_484' title='bbox 1327 5123 1720 5216; x_wconf 68' lang='lat' dir='ltr'><strong>repugnantes,</strong></span> <span class='ocrx_word' id='word_1_485' title='bbox 1755 5159 1810 5206; x_wconf 90' lang='lat' dir='ltr'><strong>et</strong></span> <span class='ocrx_word' id='word_1_486' title='bbox 1859 5153 2016 5210; x_wconf 80' lang='lat' dir='ltr'><strong>obliti</strong></span> 
     </span>
    </p>
   </div>
   <div class='ocr_carea' id='block_1_85' title="bbox 427 5214 2014 5315">
    <p class='ocr_par' dir='ltr' id='par_1_85' title="bbox 427 5214 2014 5315">
     <span class='ocr_line' id='line_1_85' title="bbox 427 5214 2014 5315; baseline 0.021 -48"><span class='ocrx_word' id='word_1_487' title='bbox 427 5214 563 5270; x_wconf 82' lang='lat' dir='ltr'><strong>estis</strong></span> <span class='ocrx_word' id='word_1_488' title='bbox 595 5219 998 5315; x_wconf 65' lang='lat' dir='ltr'><strong>consolationis</strong></span> <span class='ocrx_word' id='word_1_489' title='bbox 1025 5239 1146 5293; x_wconf 70' lang='lat' dir='ltr'><strong>qua:</strong></span> <span class='ocrx_word' id='word_1_490' title='bbox 1179 5229 1338 5286; x_wconf 78' lang='lat' dir='ltr'><strong>vobis</strong></span> <span class='ocrx_word' id='word_1_491' title='bbox 1375 5214 1638 5306; x_wconf 83' lang='lat' dir='ltr'><strong>tanquam</strong></span> <span class='ocrx_word' id='word_1_492' title='bbox 1683 5240 1808 5298; x_wconf 88' lang='lat' dir='ltr'><strong>liliis</strong></span> <span class='ocrx_word' id='word_1_493' title='bbox 1837 5243 2014 5315; x_wconf 90' lang='lat' dir='ltr'><strong>loqui-</strong></span> 
     </span>
    </p>
   </div>
   <div class='ocr_carea' id='block_1_86' title="bbox 429 5305 2013 5404">
    <p class='ocr_par' dir='ltr' id='par_1_86' title="bbox 429 5305 2013 5404">
     <span class='ocr_line' id='line_1_86' title="bbox 429 5305 2013 5404; baseline 0.021 -47"><span class='ocrx_word' id='word_1_494' title='bbox 429 5312 549 5371; x_wconf 92' lang='lat' dir='ltr'><strong>tur,</strong></span> <span class='ocrx_word' id='word_1_495' title='bbox 577 5305 768 5363; x_wconf 89' lang='lat' dir='ltr'><strong>dicens</strong></span> <span class='ocrx_word' id='word_1_496' title='bbox 815 5330 825 5364; x_wconf 91' lang='lat'>:</span> <span class='ocrx_word' id='word_1_497' title='bbox 858 5309 960 5364; x_wconf 81' lang='lat' dir='ltr'><strong>Fili</strong></span> <span class='ocrx_word' id='word_1_498' title='bbox 1016 5315 1086 5367; x_wconf 92' lang='lat' dir='ltr'><strong>mi</strong></span> <span class='ocrx_word' id='word_1_499' title='bbox 1121 5357 1134 5380; x_wconf 94' lang='lat'><strong>,</strong></span> <span class='ocrx_word' id='word_1_500' title='bbox 1165 5319 1276 5372; x_wconf 86' lang='lat' dir='ltr'><strong>noli</strong></span> <span class='ocrx_word' id='word_1_501' title='bbox 1327 5305 1602 5395; x_wconf 67' lang='lat' dir='ltr'><strong>negligere</strong></span> <span class='ocrx_word' id='word_1_502' title='bbox 1659 5305 2013 5404; x_wconf 68' lang='lat' dir='ltr'><strong>disciplinam</strong></span> 
     </span>
    </p>
   </div>
   <div class='ocr_carea' id='block_1_87' title="bbox 426 5396 2010 5494">
    <p class='ocr_par' dir='ltr' id='par_1_87' title="bbox 426 5396 2010 5494">
     <span class='ocr_line' id='line_1_87' title="bbox 426 5396 2010 5494; baseline 0.023 -43"><span class='ocrx_word' id='word_1_503' title='bbox 426 5396 664 5465; x_wconf 89' lang='lat' dir='ltr'><strong>Domini,</strong></span> <span class='ocrx_word' id='word_1_504' title='bbox 702 5418 879 5473; x_wconf 87' lang='lat' dir='ltr'><strong>neque</strong></span> <span class='ocrx_word' id='word_1_505' title='bbox 911 5405 1324 5478; x_wconf 86' lang='lat' dir='ltr'><strong>fatigeris,dum</strong></span> <span class='ocrx_word' id='word_1_506' title='bbox 1359 5417 1428 5472; x_wconf 85' lang='lat' dir='ltr'><strong>ab</strong></span> <span class='ocrx_word' id='word_1_507' title='bbox 1457 5434 1521 5474; x_wconf 86' lang='lat' dir='ltr'><strong>eo</strong></span> <span class='ocrx_word' id='word_1_508' title='bbox 1550 5396 2010 5494; x_wconf 47' lang='lat' dir='ltr'><strong>argueris-Quem</strong></span> 
     </span>
    </p>
   </div>
   <div class='ocr_carea' id='block_1_88' title="bbox 424 5493 2008 5585">
    <p class='ocr_par' dir='ltr' id='par_1_88' title="bbox 424 5493 2008 5585">
     <span class='ocr_line' id='line_1_88' title="bbox 424 5493 2008 5585; baseline 0.017 -36"><span class='ocrx_word' id='word_1_509' title='bbox 424 5493 569 5549; x_wconf 87' lang='lat' dir='ltr'><strong>enim</strong></span> <span class='ocrx_word' id='word_1_510' title='bbox 623 5494 801 5567; x_wconf 85' lang='lat' dir='ltr'><strong>diligit</strong></span> <span class='ocrx_word' id='word_1_511' title='bbox 860 5497 1156 5573; x_wconf 88' lang='lat' dir='ltr'><strong>Dominus,</strong></span> <span class='ocrx_word' id='word_1_512' title='bbox 1212 5512 1447 5581; x_wconf 81' lang='lat' dir='ltr'><strong>castigat</strong></span> <span class='ocrx_word' id='word_1_513' title='bbox 1494 5512 1776 5585; x_wconf 83' lang='lat' dir='ltr'><strong>:ﬂagellat</strong></span> <span class='ocrx_word' id='word_1_514' title='bbox 1829 5493 2008 5576; x_wconf 81' lang='lat' dir='ltr'><strong>autem</strong></span> 
     </span>
    </p>
   </div>
   <div class='ocr_carea' id='block_1_89' title="bbox 425 5593 2010 5682">
    <p class='ocr_par' dir='ltr' id='par_1_89' title="bbox 425 5593 2010 5682">
     <span class='ocr_line' id='line_1_89' title="bbox 425 5593 2010 5682; baseline 0.019 -40"><span class='ocrx_word' id='word_1_515' title='bbox 425 5602 643 5644; x_wconf 85' lang='lat' dir='ltr'><strong>omnem</strong></span> <span class='ocrx_word' id='word_1_516' title='bbox 679 5593 849 5648; x_wconf 85' lang='lat' dir='ltr'><strong>lilium</strong></span> <span class='ocrx_word' id='word_1_517' title='bbox 875 5613 1038 5666; x_wconf 91' lang='lat' dir='ltr'><strong>quem</strong></span> <span class='ocrx_word' id='word_1_518' title='bbox 1075 5603 1288 5671; x_wconf 90' lang='lat' dir='ltr'><strong>recipit.</strong></span> <span class='ocrx_word' id='word_1_519' title='bbox 1324 5605 1380 5659; x_wconf 89' lang='lat' dir='ltr'><strong>in</strong></span> <span class='ocrx_word' id='word_1_520' title='bbox 1431 5606 1729 5679; x_wconf 85' lang='lat' dir='ltr'><strong>disciplina</strong></span> <span class='ocrx_word' id='word_1_521' title='bbox 1759 5628 2010 5682; x_wconf 89' lang='lat' dir='ltr'><strong>perseve-</strong></span> 
     </span>
    </p>
   </div>
   <div class='ocr_carea' id='block_1_90' title="bbox 424 5688 2011 5766">
    <p class='ocr_par' dir='ltr' id='par_1_90' title="bbox 424 5688 2011 5766">
     <span class='ocr_line' id='line_1_90' title="bbox 424 5688 2011 5766; baseline 0.016 -33"><span class='ocrx_word' id='word_1_522' title='bbox 424 5688 545 5736; x_wconf 86' lang='lat' dir='ltr'><strong>rate</strong></span> <span class='ocrx_word' id='word_1_523' title='bbox 573 5698 584 5735; x_wconf 94' lang='lat'>:</span> <span class='ocrx_word' id='word_1_524' title='bbox 624 5691 891 5755; x_wconf 86' lang='lat' dir='ltr'><strong>tanquam</strong></span> <span class='ocrx_word' id='word_1_525' title='bbox 928 5689 1052 5744; x_wconf 84' lang='lat' dir='ltr'><strong>[iliis</strong></span> <span class='ocrx_word' id='word_1_526' title='bbox 1085 5693 1240 5748; x_wconf 87' lang='lat' dir='ltr'><strong>vobis</strong></span> <span class='ocrx_word' id='word_1_527' title='bbox 1271 5694 1426 5750; x_wconf 81' lang='lat' dir='ltr'><strong>oﬁ&#39;ert</strong></span> <span class='ocrx_word' id='word_1_528' title='bbox 1457 5711 1516 5752; x_wconf 87' lang='lat' dir='ltr'><strong>se</strong></span> <span class='ocrx_word' id='word_1_529' title='bbox 1547 5696 1712 5754; x_wconf 90' lang='lat' dir='ltr'><strong>Deus.</strong></span> <span class='ocrx_word' id='word_1_530' title='bbox 1749 5699 1884 5766; x_wconf 85' lang='lat' dir='ltr'><strong>Quis</strong></span> <span class='ocrx_word' id='word_1_531' title='bbox 1913 5718 2011 5758; x_wconf 91' lang='lat' dir='ltr'><strong>au-</strong></span> 
     </span>
    </p>
   </div>
   <div class='ocr_carea' id='block_1_91' title="bbox 427 5777 2009 5861">
    <p class='ocr_par' dir='ltr' id='par_1_91' title="bbox 427 5777 2009 5861">
     <span class='ocr_line' id='line_1_91' title="bbox 427 5777 2009 5861; baseline 0.016 -33"><span class='ocrx_word' id='word_1_532' title='bbox 427 5783 535 5830; x_wconf 89' lang='lat' dir='ltr'><strong>tem</strong></span> <span class='ocrx_word' id='word_1_533' title='bbox 576 5777 718 5833; x_wconf 86' lang='lat' dir='ltr'><strong>filius</strong></span> <span class='ocrx_word' id='word_1_534' title='bbox 753 5796 911 5851; x_wconf 90' lang='lat' dir='ltr'><strong>quem</strong></span> <span class='ocrx_word' id='word_1_535' title='bbox 948 5798 1055 5838; x_wconf 91' lang='lat' dir='ltr'><strong>non</strong></span> <span class='ocrx_word' id='word_1_536' title='bbox 1088 5788 1316 5858; x_wconf 89' lang='lat' dir='ltr'><strong>corripit</strong></span> <span class='ocrx_word' id='word_1_537' title='bbox 1346 5792 1542 5861; x_wconf 87' lang='lat' dir='ltr'><strong>pater?</strong></span> <span class='ocrx_word' id='word_1_538' title='bbox 1579 5792 1733 5859; x_wconf 87' lang='lat' dir='ltr'><strong>Quod</strong></span> <span class='ocrx_word' id='word_1_539' title='bbox 1778 5796 1824 5850; x_wconf 92' lang='lat' dir='ltr'><strong>si</strong></span> <span class='ocrx_word' id='word_1_540' title='bbox 1857 5807 2009 5854; x_wconf 82' lang='lat' dir='ltr'><strong>extra</strong></span> 
     </span>
    </p>
   </div>
   <div class='ocr_carea' id='block_1_92' title="bbox 425 5861 2004 5955">
    <p class='ocr_par' dir='ltr' id='par_1_92' title="bbox 425 5861 2004 5955">
     <span class='ocr_line' id='line_1_92' title="bbox 425 5861 2004 5955; baseline 0.018 -37"><span class='ocrx_word' id='word_1_541' title='bbox 425 5861 772 5939; x_wconf 80' lang='lat' dir='ltr'><strong>disciplinam</strong></span> <span class='ocrx_word' id='word_1_542' title='bbox 855 5873 1231 5946; x_wconf 78' lang='lat' dir='ltr'><strong>cstis,cujus</strong></span> <span class='ocrx_word' id='word_1_543' title='bbox 1297 5883 1592 5955; x_wconf 87' lang='lat' dir='ltr'><strong>participes</strong></span> <span class='ocrx_word' id='word_1_544' title='bbox 1667 5885 1798 5943; x_wconf 84' lang='lat' dir='ltr'><strong>facti</strong></span> <span class='ocrx_word' id='word_1_545' title='bbox 1873 5901 2004 5946; x_wconf 87' lang='lat' dir='ltr'><strong>sunt</strong></span> 
     </span>
    </p>
   </div>
   <div class='ocr_carea' id='block_1_93' title="bbox 2133 3561 2346 3617">
    <p class='ocr_par' dir='ltr' id='par_1_93' title="bbox 2133 3561 2346 3617">
     <span class='ocr_line' id='line_1_93' title="bbox 2133 3561 2346 3617; baseline 0 -1"><span class='ocrx_word' id='word_1_546' title='bbox 2133 3561 2280 3617; x_wconf 86' lang='grc' dir='ltr'>σοῢν.</span> <span class='ocrx_word' id='word_1_547' title='bbox 2323 3580 2346 3616; x_wconf 74' lang='grc' dir='ltr'><strong>ι</strong></span> 
     </span>
    </p>
   </div>
   <div class='ocr_carea' id='block_1_94' title="bbox 2199 3679 3726 3758">
    <p class='ocr_par' dir='ltr' id='par_1_94' title="bbox 2199 3679 3726 3758">
     <span class='ocr_line' id='line_1_94' title="bbox 2199 3679 3726 3758; baseline 0.005 -25"><span class='ocrx_word' id='word_1_548' title='bbox 2199 3679 2314 3751; x_wconf 79' lang='grc' dir='ltr'>Τὴν</span> <span class='ocrx_word' id='word_1_549' title='bbox 2365 3679 2606 3745; x_wconf 84' lang='grc' dir='ltr'>εὐκόλως</span> <span class='ocrx_word' id='word_1_550' title='bbox 2627 3683 3066 3758; x_wconf 82' lang='grc' dir='ltr'>περιισταμένην</span> <span class='ocrx_word' id='word_1_551' title='bbox 3101 3685 3269 3755; x_wconf 81' lang='grc' dir='ltr'>ἡμᾶς,</span> <span class='ocrx_word' id='word_1_552' title='bbox 3298 3687 3332 3756; x_wconf 75' lang='grc' dir='ltr'><strong>ἢ</strong></span> <span class='ocrx_word' id='word_1_553' title='bbox 3357 3685 3457 3756; x_wconf 79' lang='grc' dir='ltr'>τὴν</span> <span class='ocrx_word' id='word_1_554' title='bbox 3487 3686 3726 3752; x_wconf 80' lang='grc' dir='ltr'>εὐκόλως</span> 
     </span>
    </p>
   </div>
   <div class='ocr_carea' id='block_1_95' title="bbox 2129 3767 3705 3846">
    <p class='ocr_par' dir='ltr' id='par_1_95' title="bbox 2129 3767 3705 3846">
     <span class='ocr_line' id='line_1_95' title="bbox 2129 3767 3705 3846; baseline 0.006 -21"><span class='ocrx_word' id='word_1_555' title='bbox 2129 3771 2454 3844; x_wconf 80' lang='grc' dir='ltr'>περίστασιν</span> <span class='ocrx_word' id='word_1_556' title='bbox 2509 3774 2816 3846; x_wconf 84' lang='grc' dir='ltr'>δυναμένην</span> <span class='ocrx_word' id='word_1_557' title='bbox 2864 3767 3096 3833; x_wconf 74' lang='grc' dir='ltr'>παθεῖν.’</span> <span class='ocrx_word' id='word_1_558' title='bbox 3145 3772 3362 3831; x_wconf 74' lang='grc' dir='ltr'>Μᾶλλον</span> <span class='ocrx_word' id='word_1_559' title='bbox 3419 3777 3480 3832; x_wconf 79' lang='grc' dir='ltr'>δὲ</span> <span class='ocrx_word' id='word_1_560' title='bbox 3526 3778 3705 3834; x_wconf 78' lang='grc' dir='ltr'>τοῦτο.</span> 
     </span>
    </p>
   </div>
   <div class='ocr_carea' id='block_1_96' title="bbox 2137 3866 3728 3945">
    <p class='ocr_par' dir='ltr' id='par_1_96' title="bbox 2137 3866 3728 3945">
     <span class='ocr_line' id='line_1_96' title="bbox 2137 3866 3728 3945; baseline 0.006 -27"><span class='ocrx_word' id='word_1_561' title='bbox 2137 3866 2350 3937; x_wconf 83' lang='grc' dir='ltr'>Ῥᾴδιον</span> <span class='ocrx_word' id='word_1_562' title='bbox 2387 3866 2497 3939; x_wconf 82' lang='grc' dir='ltr'>γὰρ</span> <span class='ocrx_word' id='word_1_563' title='bbox 2526 3866 2620 3922; x_wconf 77' lang='grc' dir='ltr'><strong>ἐὰν</strong></span> <span class='ocrx_word' id='word_1_564' title='bbox 2637 3867 3384 3942; x_wconf 69' lang='grc' dir='ltr'>θελήσωμεν,περιγενέσθαι</span> <span class='ocrx_word' id='word_1_565' title='bbox 3413 3876 3516 3944; x_wconf 81' lang='grc' dir='ltr'>τῆς</span> <span class='ocrx_word' id='word_1_566' title='bbox 3545 3874 3728 3945; x_wconf 82' lang='grc' dir='ltr'>ἀμαρ-</span> 
     </span>
    </p>
   </div>
   <div class='ocr_carea' id='block_1_97' title="bbox 2124 3957 2266 4023">
    <p class='ocr_par' dir='ltr' id='par_1_97' title="bbox 2124 3957 2266 4023">
     <span class='ocr_line' id='line_1_97' title="bbox 2124 3957 2266 4023; baseline 0 -11"><span class='ocrx_word' id='word_1_567' title='bbox 2124 3957 2266 4023; x_wconf 87' lang='grc' dir='ltr'>τίας.</span> 
     </span>
    </p>
   </div>
   <div class='ocr_carea' id='block_1_98' title="bbox 2205 4074 3720 4150">
    <p class='ocr_par' dir='ltr' id='par_1_98' title="bbox 2205 4074 3720 4150">
     <span class='ocr_line' id='line_1_98' title="bbox 2205 4074 3720 4150; baseline 0.006 -25"><span class='ocrx_word' id='word_1_568' title='bbox 2205 4091 2224 4125; x_wconf 79' lang='grc' dir='ltr'><strong>ι</strong></span> <span class='ocrx_word' id='word_1_569' title='bbox 2264 4075 2358 4138; x_wconf 89' lang='grc' dir='ltr'>Ὃς</span> <span class='ocrx_word' id='word_1_570' title='bbox 2389 4074 2513 4128; x_wconf 78' lang='grc' dir='ltr'>ἀντὶ</span> <span class='ocrx_word' id='word_1_571' title='bbox 2541 4075 2643 4143; x_wconf 82' lang='grc' dir='ltr'>τῆς</span> <span class='ocrx_word' id='word_1_572' title='bbox 2671 4076 3044 4149; x_wconf 79' lang='grc' dir='ltr'>προκειμένης</span> <span class='ocrx_word' id='word_1_573' title='bbox 3080 4078 3228 4150; x_wconf 86' lang='grc' dir='ltr'><strong>αὐτῷ</strong></span> <span class='ocrx_word' id='word_1_574' title='bbox 3251 4081 3427 4150; x_wconf 85' lang='grc' dir='ltr'>χαρᾶς</span> <span class='ocrx_word' id='word_1_575' title='bbox 3454 4081 3720 4150; x_wconf 81' lang='grc' dir='ltr'>ὑπέμεινε</span> 
     </span>
    </p>
   </div>
   <div class='ocr_carea' id='block_1_99' title="bbox 2127 4166 3718 4243">
    <p class='ocr_par' dir='ltr' id='par_1_99' title="bbox 2127 4166 3718 4243">
     <span class='ocr_line' id='line_1_99' title="bbox 2127 4166 3718 4243; baseline 0.006 -26"><span class='ocrx_word' id='word_1_576' title='bbox 2127 4166 2384 4235; x_wconf 80' lang='grc' dir='ltr'>σταυρὸν,</span> <span class='ocrx_word' id='word_1_577' title='bbox 2417 4166 2685 4243; x_wconf 82' lang='grc' dir='ltr'>αἰσχύνης</span> <span class='ocrx_word' id='word_1_578' title='bbox 2745 4169 3191 4241; x_wconf 84' lang='grc' dir='ltr'>καταφρονήσας,</span> <span class='ocrx_word' id='word_1_579' title='bbox 3237 4171 3294 4224; x_wconf 83' lang='grc' dir='ltr'>ὲν</span> <span class='ocrx_word' id='word_1_580' title='bbox 3320 4169 3475 4243; x_wconf 79' lang='grc' dir='ltr'>δεξιᾷ</span> <span class='ocrx_word' id='word_1_581' title='bbox 3516 4187 3578 4224; x_wconf 89' lang='grc' dir='ltr'><strong>τε</strong></span> <span class='ocrx_word' id='word_1_582' title='bbox 3621 4173 3718 4227; x_wconf 73' lang='grc' dir='ltr'><strong>τοῦ</strong></span> 
     </span>
    </p>
   </div>
   <div class='ocr_carea' id='block_1_100' title="bbox 2127 4256 3016 4329">
    <p class='ocr_par' dir='ltr' id='par_1_100' title="bbox 2127 4256 3016 4329">
     <span class='ocr_line' id='line_1_100' title="bbox 2127 4256 3016 4329; baseline 0.003 -18"><span class='ocrx_word' id='word_1_583' title='bbox 2127 4256 2319 4329; x_wconf 83' lang='grc' dir='ltr'>θρόνου</span> <span class='ocrx_word' id='word_1_584' title='bbox 2349 4257 2445 4312; x_wconf 81' lang='grc' dir='ltr'><strong>τού</strong></span> <span class='ocrx_word' id='word_1_585' title='bbox 2470 4259 2607 4313; x_wconf 84' lang='grc' dir='ltr'>Θεοῦ</span> <span class='ocrx_word' id='word_1_586' title='bbox 2641 4259 2958 4321; x_wconf 86' lang='grc' dir='ltr'>κεκάθικεν.</span> <span class='ocrx_word' id='word_1_587' title='bbox 2997 4280 3016 4314; x_wconf 82' lang='grc' dir='ltr'><strong>ι</strong></span> 
     </span>
    </p>
   </div>
   <div class='ocr_carea' id='block_1_101' title="bbox 2197 4371 3714 4456">
    <p class='ocr_par' dir='ltr' id='par_1_101' title="bbox 2197 4371 3714 4456">
     <span class='ocr_line' id='line_1_101' title="bbox 2197 4371 3714 4456; baseline 0.009 -31"><span class='ocrx_word' id='word_1_588' title='bbox 2197 4371 2513 4440; x_wconf 84' lang='grc' dir='ltr'>Τουτέστιν,</span> <span class='ocrx_word' id='word_1_589' title='bbox 2547 4374 2678 4442; x_wconf 75' lang='grc' dir='ltr'><strong>ἐξῆν</strong></span> <span class='ocrx_word' id='word_1_590' title='bbox 2709 4375 2860 4446; x_wconf 85' lang='grc' dir='ltr'><strong>αὐτῷ</strong></span> <span class='ocrx_word' id='word_1_591' title='bbox 2900 4376 3068 4447; x_wconf 74' lang='grc' dir='ltr'>μηδὲν</span> <span class='ocrx_word' id='word_1_592' title='bbox 3113 4379 3330 4440; x_wconf 77' lang='grc' dir='ltr'>παθεῖν.</span> <span class='ocrx_word' id='word_1_593' title='bbox 3369 4383 3525 4456; x_wconf 82' lang='grc' dir='ltr'>είπερ</span> <span class='ocrx_word' id='word_1_594' title='bbox 3549 4375 3714 4454; x_wconf 64' lang='grc' dir='ltr'>ἠϐού-</span> 
     </span>
    </p>
   </div>
   <div class='ocr_carea' id='block_1_102' title="bbox 2123 4465 3714 4549">
    <p class='ocr_par' dir='ltr' id='par_1_102' title="bbox 2123 4465 3714 4549">
     <span class='ocr_line' id='line_1_102' title="bbox 2123 4465 3714 4549; baseline 0.007 -29"><span class='ocrx_word' id='word_1_595' title='bbox 2123 4465 2263 4521; x_wconf 84' lang='grc' dir='ltr'>λετο.</span> <span class='ocrx_word' id='word_1_596' title='bbox 2316 4465 2375 4522; x_wconf 86' lang='lat'><strong>&#39;0</strong></span> <span class='ocrx_word' id='word_1_597' title='bbox 2429 4467 2488 4520; x_wconf 83' lang='grc' dir='ltr'>δὲ</span> <span class='ocrx_word' id='word_1_598' title='bbox 2545 4469 2670 4522; x_wconf 74' lang='grc' dir='ltr'>ἀντὶ</span> <span class='ocrx_word' id='word_1_599' title='bbox 2704 4470 2899 4522; x_wconf 85' lang='grc' dir='ltr'>τούτου</span> <span class='ocrx_word' id='word_1_600' title='bbox 2933 4469 3171 4541; x_wconf 80' lang='grc' dir='ltr'>σταυρὸν</span> <span class='ocrx_word' id='word_1_601' title='bbox 3201 4467 3499 4544; x_wconf 82' lang='grc' dir='ltr'>ὑπέμεινε,</span> <span class='ocrx_word' id='word_1_602' title='bbox 3546 4479 3714 4549; x_wconf 81' lang='grc' dir='ltr'>μηδε-ο</span> 
     </span>
    </p>
   </div>
   <div class='ocr_carea' id='block_1_103' title="bbox 2130 4560 3713 4644">
    <p class='ocr_par' dir='ltr' id='par_1_103' title="bbox 2130 4560 3713 4644">
     <span class='ocr_line' id='line_1_103' title="bbox 2130 4560 3713 4644; baseline 0.008 -31"><span class='ocrx_word' id='word_1_603' title='bbox 2130 4560 2261 4631; x_wconf 89' lang='grc' dir='ltr'>μίαν</span> <span class='ocrx_word' id='word_1_604' title='bbox 2287 4560 2427 4632; x_wconf 76' lang='grc' dir='ltr'>ἔχων</span> <span class='ocrx_word' id='word_1_605' title='bbox 2463 4561 2709 4635; x_wconf 86' lang='grc' dir='ltr'>ἀνάγκην</span> <span class='ocrx_word' id='word_1_606' title='bbox 2773 4560 2865 4616; x_wconf 80' lang='grc' dir='ltr'><strong>τοῦ</strong></span> <span class='ocrx_word' id='word_1_607' title='bbox 2909 4563 3316 4636; x_wconf 79' lang='grc' dir='ltr'>σταυρωθῆναι.</span> <span class='ocrx_word' id='word_1_608' title='bbox 3364 4567 3713 4644; x_wconf 81' lang='grc' dir='ltr'>Ἑσταυρώθη</span> 
     </span>
    </p>
   </div>
   <div class='ocr_carea' id='block_1_104' title="bbox 2126 4651 2660 4724">
    <p class='ocr_par' dir='ltr' id='par_1_104' title="bbox 2126 4651 2660 4724">
     <span class='ocr_line' id='line_1_104' title="bbox 2126 4651 2660 4724; baseline 0.004 -19"><span class='ocrx_word' id='word_1_609' title='bbox 2126 4651 2235 4724; x_wconf 84' lang='grc' dir='ltr'>γὰρ</span> <span class='ocrx_word' id='word_1_610' title='bbox 2271 4652 2429 4724; x_wconf 77' lang='grc' dir='ltr'>ἡμῶν</span> <span class='ocrx_word' id='word_1_611' title='bbox 2453 4652 2660 4707; x_wconf 76' lang='grc' dir='ltr'>ἕνεκεν.</span> 
     </span>
    </p>
   </div>
   <div class='ocr_carea' id='block_1_105' title="bbox 2202 4767 3712 4849">
    <p class='ocr_par' dir='ltr' id='par_1_105' title="bbox 2202 4767 3712 4849">
     <span class='ocr_line' id='line_1_105' title="bbox 2202 4767 3712 4849; baseline 0.009 -29"><span class='ocrx_word' id='word_1_612' title='bbox 2202 4786 2221 4820; x_wconf 85' lang='grc' dir='ltr'><strong>ι</strong></span> <span class='ocrx_word' id='word_1_613' title='bbox 2272 4767 2694 4837; x_wconf 82' lang='grc' dir='ltr'>Ἀναλογίσαοθε</span> <span class='ocrx_word' id='word_1_614' title='bbox 2725 4767 2836 4840; x_wconf 81' lang='grc' dir='ltr'>γὰρ</span> <span class='ocrx_word' id='word_1_615' title='bbox 2855 4769 2946 4824; x_wconf 81' lang='grc' dir='ltr'>τὸν</span> <span class='ocrx_word' id='word_1_616' title='bbox 2976 4769 3236 4843; x_wconf 82' lang='grc' dir='ltr'>τοιαύτην</span> <span class='ocrx_word' id='word_1_617' title='bbox 3253 4773 3712 4849; x_wconf 80' lang='grc' dir='ltr'>ὑπομεμενηκότα</span> 
     </span>
    </p>
   </div>
   <div class='ocr_carea' id='block_1_106' title="bbox 2127 4860 3708 4946">
    <p class='ocr_par' dir='ltr' id='par_1_106' title="bbox 2127 4860 3708 4946">
     <span class='ocr_line' id='line_1_106' title="bbox 2127 4860 3708 4946; baseline 0.009 -32"><span class='ocrx_word' id='word_1_618' title='bbox 2127 4861 2231 4914; x_wconf 80' lang='grc' dir='ltr'>ὑπὸ</span> <span class='ocrx_word' id='word_1_619' title='bbox 2258 4860 2368 4914; x_wconf 82' lang='grc' dir='ltr'><strong>τῶν</strong></span> <span class='ocrx_word' id='word_1_620' title='bbox 2408 4862 2756 4932; x_wconf 82' lang='grc' dir='ltr'>ἁμαρτωλῶν</span> <span class='ocrx_word' id='word_1_621' title='bbox 2801 4866 2880 4927; x_wconf 83' lang='grc' dir='ltr'><strong>είς</strong></span> <span class='ocrx_word' id='word_1_622' title='bbox 2914 4864 3079 4920; x_wconf 81' lang='grc' dir='ltr'>αὐτὸν</span> <span class='ocrx_word' id='word_1_623' title='bbox 3136 4867 3471 4936; x_wconf 80' lang='grc' dir='ltr'>ἀντιλογίαν,</span> <span class='ocrx_word' id='word_1_624' title='bbox 3507 4873 3594 4926; x_wconf 86' lang='grc' dir='ltr'><strong>ῐνα</strong></span> <span class='ocrx_word' id='word_1_625' title='bbox 3635 4874 3708 4946; x_wconf 76' lang='grc' dir='ltr'>μὴ</span> 
     </span>
    </p>
   </div>
   <div class='ocr_carea' id='block_1_107' title="bbox 2127 4954 3706 5039">
    <p class='ocr_par' dir='ltr' id='par_1_107' title="bbox 2127 4954 3706 5039">
     <span class='ocr_line' id='line_1_107' title="bbox 2127 4954 3706 5039; baseline 0.008 -31"><span class='ocrx_word' id='word_1_626' title='bbox 2127 4955 2365 5025; x_wconf 83' lang='grc' dir='ltr'>κάμητε,</span> <span class='ocrx_word' id='word_1_627' title='bbox 2391 4956 2513 5017; x_wconf 80' lang='grc' dir='ltr'>ταῖς</span> <span class='ocrx_word' id='word_1_628' title='bbox 2542 4954 2743 5026; x_wconf 78' lang='grc' dir='ltr'>ψυχαῖς</span> <span class='ocrx_word' id='word_1_629' title='bbox 2770 4956 2924 5027; x_wconf 85' lang='grc' dir='ltr'>ὑμῶν</span> <span class='ocrx_word' id='word_1_630' title='bbox 2942 4957 3284 5031; x_wconf 78' lang='grc' dir='ltr'>ἐκλυόμενοι.</span> <span class='ocrx_word' id='word_1_631' title='bbox 3319 4961 3488 5018; x_wconf 77' lang='grc' dir='ltr'>Οὔπω</span> <span class='ocrx_word' id='word_1_632' title='bbox 3517 4965 3706 5039; x_wconf 79' lang='grc' dir='ltr'>μέχρις</span> 
     </span>
    </p>
   </div>
   <div class='ocr_carea' id='block_1_108' title="bbox 2122 5047 3708 5126">
    <p class='ocr_par' dir='ltr' id='par_1_108' title="bbox 2122 5047 3708 5126">
     <span class='ocr_line' id='line_1_108' title="bbox 2122 5047 3708 5126; baseline 0.002 -27"><span class='ocrx_word' id='word_1_633' title='bbox 2122 5047 2355 5118; x_wconf 81' lang='grc' dir='ltr'>αἵματος</span> <span class='ocrx_word' id='word_1_634' title='bbox 2403 5047 2864 5120; x_wconf 81' lang='grc' dir='ltr'>ἀντικατέστητε,</span> <span class='ocrx_word' id='word_1_635' title='bbox 2916 5051 3052 5122; x_wconf 88' lang='grc' dir='ltr'>πρὸς</span> <span class='ocrx_word' id='word_1_636' title='bbox 3108 5053 3213 5124; x_wconf 75' lang='grc' dir='ltr'>τὴν</span> <span class='ocrx_word' id='word_1_637' title='bbox 3250 5049 3527 5126; x_wconf 74' lang='grc' dir='ltr'>ἁμαρτίαν</span> <span class='ocrx_word' id='word_1_638' title='bbox 3584 5061 3708 5114; x_wconf 74' lang='grc' dir='ltr'><strong>ἀντ-</strong></span> 
     </span>
    </p>
   </div>
   <div class='ocr_carea' id='block_1_109' title="bbox 2123 5140 3709 5222">
    <p class='ocr_par' dir='ltr' id='par_1_109' title="bbox 2123 5140 3709 5222">
     <span class='ocr_line' id='line_1_109' title="bbox 2123 5140 3709 5222; baseline 0.004 -28"><span class='ocrx_word' id='word_1_639' title='bbox 2123 5140 2522 5210; x_wconf 80' lang='grc' dir='ltr'>αγωνιζόμενοι</span> <span class='ocrx_word' id='word_1_640' title='bbox 2547 5157 2562 5171; x_wconf 74' lang='grc' dir='ltr'><strong><em>ο</em></strong></span> <span class='ocrx_word' id='word_1_641' title='bbox 2598 5142 2699 5194; x_wconf 69' lang='grc' dir='ltr'>καὶ-</span> <span class='ocrx_word' id='word_1_642' title='bbox 2730 5140 3022 5214; x_wconf 78' lang='grc' dir='ltr'>ἐκλέλησθε</span> <span class='ocrx_word' id='word_1_643' title='bbox 3055 5144 3158 5214; x_wconf 75' lang='grc' dir='ltr'>τῆς</span> <span class='ocrx_word' id='word_1_644' title='bbox 3204 5149 3626 5219; x_wconf 82' lang='grc' dir='ltr'>παρακλήσεως,</span> <span class='ocrx_word' id='word_1_645' title='bbox 3647 5153 3709 5222; x_wconf 67' lang='grc' dir='ltr'><strong>ῆ-</strong></span> 
     </span>
    </p>
   </div>
   <div class='ocr_carea' id='block_1_110' title="bbox 2122 5233 3708 5314">
    <p class='ocr_par' dir='ltr' id='par_1_110' title="bbox 2122 5233 3708 5314">
     <span class='ocr_line' id='line_1_110' title="bbox 2122 5233 3708 5314; baseline 0.006 -28"><span class='ocrx_word' id='word_1_646' title='bbox 2122 5251 2208 5297; x_wconf 84' lang='grc' dir='ltr'><strong>τις</strong></span> <span class='ocrx_word' id='word_1_647' title='bbox 2237 5233 2364 5303; x_wconf 87' lang='grc' dir='ltr'>ὑμῖν</span> <span class='ocrx_word' id='word_1_648' title='bbox 2394 5233 2468 5296; x_wconf 81' lang='grc' dir='ltr'><strong>ὡς</strong></span> <span class='ocrx_word' id='word_1_649' title='bbox 2504 5234 2637 5298; x_wconf 86' lang='grc' dir='ltr'>υἱοῖς</span> <span class='ocrx_word' id='word_1_650' title='bbox 2669 5233 2999 5302; x_wconf 79' lang='grc' dir='ltr'>διαλέγεται·</span> <span class='ocrx_word' id='word_1_651' title='bbox 3032 5235 3131 5290; x_wconf 79' lang='grc' dir='ltr'><strong>Υῐέ</strong></span> <span class='ocrx_word' id='word_1_652' title='bbox 3172 5255 3296 5308; x_wconf 88' lang='grc' dir='ltr'>μου,</span> <span class='ocrx_word' id='word_1_653' title='bbox 3349 5240 3426 5310; x_wconf 79' lang='grc' dir='ltr'>μὴ</span> <span class='ocrx_word' id='word_1_654' title='bbox 3460 5241 3708 5314; x_wconf 81' lang='grc' dir='ltr'>ὀλιγώρει</span> 
     </span>
    </p>
   </div>
   <div class='ocr_carea' id='block_1_111' title="bbox 2123 5328 3708 5407">
    <p class='ocr_par' dir='ltr' id='par_1_111' title="bbox 2123 5328 3708 5407">
     <span class='ocr_line' id='line_1_111' title="bbox 2123 5328 3708 5407; baseline 0.006 -25"><span class='ocrx_word' id='word_1_655' title='bbox 2123 5328 2374 5392; x_wconf 81' lang='grc' dir='ltr'>παιδείας</span> <span class='ocrx_word' id='word_1_656' title='bbox 2404 5328 2631 5396; x_wconf 75' lang='grc' dir='ltr'>Κυρίου,</span> <span class='ocrx_word' id='word_1_657' title='bbox 2664 5328 2799 5399; x_wconf 83' lang='grc' dir='ltr'>μηδὲ</span> <span class='ocrx_word' id='word_1_658' title='bbox 2838 5328 3037 5384; x_wconf 82' lang='grc' dir='ltr'>ἐκλύου</span> <span class='ocrx_word' id='word_1_659' title='bbox 3082 5331 3174 5385; x_wconf 83' lang='grc' dir='ltr'><strong>ὑπ’</strong></span> <span class='ocrx_word' id='word_1_660' title='bbox 3205 5332 3370 5386; x_wconf 78' lang='grc' dir='ltr'>αὐτοῦ</span> <span class='ocrx_word' id='word_1_661' title='bbox 3419 5334 3708 5407; x_wconf 80' lang='grc' dir='ltr'>ἐλεγχόμε-</span> 
     </span>
    </p>
   </div>
   <div class='ocr_carea' id='block_1_112' title="bbox 2124 5423 3706 5500">
    <p class='ocr_par' dir='ltr' id='par_1_112' title="bbox 2124 5423 3706 5500">
     <span class='ocr_line' id='line_1_112' title="bbox 2124 5423 3706 5500; baseline 0.006 -24"><span class='ocrx_word' id='word_1_662' title='bbox 2124 5440 2234 5487; x_wconf 91' lang='grc' dir='ltr'>νος.</span> <span class='ocrx_word' id='word_1_663' title='bbox 2271 5423 2370 5476; x_wconf 80' lang='grc' dir='ltr'>Ὀν</span> <span class='ocrx_word' id='word_1_664' title='bbox 2401 5427 2510 5495; x_wconf 79' lang='grc' dir='ltr'>γὰρ</span> <span class='ocrx_word' id='word_1_665' title='bbox 2550 5424 2740 5493; x_wconf 77' lang='grc' dir='ltr'>ἀγαπᾷ</span> <span class='ocrx_word' id='word_1_666' title='bbox 2767 5423 2996 5495; x_wconf 82' lang='grc' dir='ltr'>Κύριος,</span> <span class='ocrx_word' id='word_1_667' title='bbox 3052 5425 3324 5494; x_wconf 85' lang='grc' dir='ltr'>παιδεύει,</span> <span class='ocrx_word' id='word_1_668' title='bbox 3361 5432 3622 5500; x_wconf 82' lang='grc' dir='ltr'>μαστιγοῖ</span> <span class='ocrx_word' id='word_1_669' title='bbox 3654 5432 3706 5486; x_wconf 71' lang='grc' dir='ltr'>δὲ</span> 
     </span>
    </p>
   </div>
   <div class='ocr_carea' id='block_1_113' title="bbox 2122 5515 3699 5598">
    <p class='ocr_par' dir='ltr' id='par_1_113' title="bbox 2122 5515 3699 5598">
     <span class='ocr_line' id='line_1_113' title="bbox 2122 5515 3699 5598; baseline 0.008 -28"><span class='ocrx_word' id='word_1_670' title='bbox 2122 5517 2305 5571; x_wconf 82' lang='grc' dir='ltr'>πάντα</span> <span class='ocrx_word' id='word_1_671' title='bbox 2335 5515 2449 5570; x_wconf 74' lang='grc' dir='ltr'>υἱὸν</span> <span class='ocrx_word' id='word_1_672' title='bbox 2477 5516 2534 5570; x_wconf 82' lang='grc' dir='ltr'>ὃν</span> <span class='ocrx_word' id='word_1_673' title='bbox 2558 5515 2958 5596; x_wconf 44' lang='grc' dir='ltr'>παραδέχεται)</span> <span class='ocrx_word' id='word_1_674' title='bbox 2987 5520 3066 5582; x_wconf 83' lang='grc' dir='ltr'><strong>είς</strong></span> <span class='ocrx_word' id='word_1_675' title='bbox 3100 5521 3345 5576; x_wconf 82' lang='grc' dir='ltr'>παιδείαν</span> <span class='ocrx_word' id='word_1_676' title='bbox 3371 5525 3668 5598; x_wconf 75' lang='grc' dir='ltr'>ὑπομένετε</span> <span class='ocrx_word' id='word_1_677' title='bbox 3686 5545 3699 5558; x_wconf 88' lang='grc'>·</span> 
     </span>
    </p>
   </div>
   <div class='ocr_carea' id='block_1_114' title="bbox 2121 5609 3704 5692">
    <p class='ocr_par' dir='ltr' id='par_1_114' title="bbox 2121 5609 3704 5692">
     <span class='ocr_line' id='line_1_114' title="bbox 2121 5609 3704 5692; baseline 0.008 -28"><span class='ocrx_word' id='word_1_678' title='bbox 2121 5609 2196 5674; x_wconf 81' lang='grc' dir='ltr'><strong>ὡς</strong></span> <span class='ocrx_word' id='word_1_679' title='bbox 2226 5611 2362 5674; x_wconf 80' lang='grc' dir='ltr'>υἱοῖς</span> <span class='ocrx_word' id='word_1_680' title='bbox 2400 5611 2529 5682; x_wconf 79' lang='grc' dir='ltr'>ὑμῖν</span> <span class='ocrx_word' id='word_1_681' title='bbox 2583 5610 2955 5683; x_wconf 73' lang='grc' dir='ltr'>προσφέρεται</span> <span class='ocrx_word' id='word_1_682' title='bbox 3001 5615 3030 5666; x_wconf 89' lang='grc' dir='ltr'><strong>ό</strong></span> <span class='ocrx_word' id='word_1_683' title='bbox 3061 5613 3214 5680; x_wconf 90' lang='grc' dir='ltr'>Θεός.</span> <span class='ocrx_word' id='word_1_684' title='bbox 3257 5617 3354 5682; x_wconf 90' lang='grc' dir='ltr'><strong>Τίς</strong></span> <span class='ocrx_word' id='word_1_685' title='bbox 3405 5619 3514 5692; x_wconf 82' lang='grc' dir='ltr'>γάρ</span> <span class='ocrx_word' id='word_1_686' title='bbox 3558 5621 3704 5676; x_wconf 78' lang='grc' dir='ltr'>ἐστιν</span> 
     </span>
    </p>
   </div>
   <div class='ocr_carea' id='block_1_115' title="bbox 2119 5704 3701 5784">
    <p class='ocr_par' dir='ltr' id='par_1_115' title="bbox 2119 5704 3701 5784">
     <span class='ocr_line' id='line_1_115' title="bbox 2119 5704 3701 5784; baseline -0.001 -24"><span class='ocrx_word' id='word_1_687' title='bbox 2119 5705 2334 5769; x_wconf 79' lang='grc' dir='ltr'>υἰὸς,ὂν</span> <span class='ocrx_word' id='word_1_688' title='bbox 2358 5705 2419 5759; x_wconf 92' lang='grc' dir='ltr'><strong>οὐ</strong></span> <span class='ocrx_word' id='word_1_689' title='bbox 2455 5704 2704 5759; x_wconf 87' lang='grc' dir='ltr'>παιδεύει</span> <span class='ocrx_word' id='word_1_690' title='bbox 2746 5706 2964 5778; x_wconf 80' lang='grc' dir='ltr'>πατὴρς</span> <span class='ocrx_word' id='word_1_691' title='bbox 3012 5709 3076 5761; x_wconf 73' lang='grc' dir='ltr'><strong>ΕΞ</strong></span> <span class='ocrx_word' id='word_1_692' title='bbox 3123 5709 3178 5762; x_wconf 84' lang='grc' dir='ltr'>δὲ</span> <span class='ocrx_word' id='word_1_693' title='bbox 3217 5711 3384 5784; x_wconf 83' lang='grc' dir='ltr'>χωρίς</span> <span class='ocrx_word' id='word_1_694' title='bbox 3425 5715 3548 5769; x_wconf 75' lang='grc' dir='ltr'>ἐστε</span> <span class='ocrx_word' id='word_1_695' title='bbox 3575 5733 3701 5772; x_wconf 78' lang='grc' dir='ltr'><strong>παι-</strong></span> 
     </span>
    </p>
   </div>
   <div class='ocr_carea' id='block_1_116' title="bbox 2121 5792 3695 5873">
    <p class='ocr_par' dir='ltr' id='par_1_116' title="bbox 2121 5792 3695 5873">
     <span class='ocr_line' id='line_1_116' title="bbox 2121 5792 3695 5873; baseline 0.006 -21"><span class='ocrx_word' id='word_1_696' title='bbox 2121 5799 2291 5866; x_wconf 83' lang='grc' dir='ltr'>δεὶας,</span> <span class='ocrx_word' id='word_1_697' title='bbox 2327 5792 2393 5871; x_wconf 80' lang='grc' dir='ltr'><strong>ἧς</strong></span> <span class='ocrx_word' id='word_1_698' title='bbox 2421 5798 2640 5869; x_wconf 81' lang='grc' dir='ltr'>μέτοχοι</span> <span class='ocrx_word' id='word_1_699' title='bbox 2672 5798 2929 5868; x_wconf 81' lang='grc' dir='ltr'>γεγόνασι</span> <span class='ocrx_word' id='word_1_700' title='bbox 2969 5796 3189 5867; x_wconf 73' lang='grc' dir='ltr'>πάντες,</span> <span class='ocrx_word' id='word_1_701' title='bbox 3237 5803 3345 5872; x_wconf 84' lang='grc' dir='ltr'>ἄρα</span> <span class='ocrx_word' id='word_1_702' title='bbox 3372 5806 3518 5859; x_wconf 85' lang='grc' dir='ltr'>νόθοι</span> <span class='ocrx_word' id='word_1_703' title='bbox 3557 5807 3695 5873; x_wconf 74' lang='grc' dir='ltr'>ἐστὶ,</span> 
     </span>
    </p>
   </div>
   <div class='ocr_carea' id='block_1_117' title="bbox 2115 5885 3688 5968">
    <p class='ocr_par' dir='ltr' id='par_1_117' title="bbox 2115 5885 3688 5968">
     <span class='ocr_line' id='line_1_117' title="bbox 2115 5885 3688 5968; baseline 0.005 -23"><span class='ocrx_word' id='word_1_704' title='bbox 2115 5890 2212 5945; x_wconf 67' lang='grc' dir='ltr'>καὶ</span> <span class='ocrx_word' id='word_1_705' title='bbox 2246 5892 2345 5961; x_wconf 83' lang='grc' dir='ltr'><strong>οὐχ</strong></span> <span class='ocrx_word' id='word_1_706' title='bbox 2368 5889 2492 5943; x_wconf 79' lang='grc' dir='ltr'>υἱοί.</span> <span class='ocrx_word' id='word_1_707' title='bbox 2529 5885 2663 5946; x_wconf 77' lang='grc' dir='ltr'>Εἶτα</span> <span class='ocrx_word' id='word_1_708' title='bbox 2695 5889 2818 5955; x_wconf 77' lang='grc' dir='ltr'>τοὺς</span> <span class='ocrx_word' id='word_1_709' title='bbox 2855 5889 2955 5961; x_wconf 81' lang='grc' dir='ltr'>μὲν</span> <span class='ocrx_word' id='word_1_710' title='bbox 2980 5890 3076 5964; x_wconf 81' lang='grc' dir='ltr'>τῆς</span> <span class='ocrx_word' id='word_1_711' title='bbox 3109 5891 3312 5963; x_wconf 84' lang='grc' dir='ltr'>σαρκὸς</span> <span class='ocrx_word' id='word_1_712' title='bbox 3347 5894 3506 5968; x_wconf 71' lang='grc' dir='ltr'>ἡμῶν</span> <span class='ocrx_word' id='word_1_713' title='bbox 3529 5912 3688 5953; x_wconf 75' lang='grc' dir='ltr'>πατεο</span> 
     </span>
    </p>
   </div>
  </div>
