3970 6294
389 340 495 412 991

1600 339 1666 407 s.
1704 340 2032 408 JOANNIS
2071 316 2504 414 DAMASCENI

3567 328 3675 396 Μ

387 454 724 531 postularet,
756 455 1089 528 reprobatus
1111 453 1243 525 fuit,
1272 455 1404 529 quia
1434 471 1543 514 ιιοιι
1577 455 1776 513 inuenit
1804 456 1981 513 locum

2117 453 2421 529 κζητήσας,
2445 451 2895 528 ἀπεδοκιμάσθη,
2911 451 3006 511 ὅτι
3027 449 3358 525 μετανοίας
3388 448 3507 522 οὐχ
3528 445 3681 518 ηὗρε

390 550 740 624 pauitantia.
773 547 896 606 Non
931 548 1196 621 pmnituit
1233 550 1414 618 illum,
1461 549 1666 622 inquit.
1695 548 1987 618 Quomodo

391 641 567 709 enim,
595 643 689 714 qui
741 641 1009 698 dicebat:
1072 641 1588 714 Appropinquabuut
1637 641 1753 700 dies
1807 641 1987 698 luctus

392 734 564 805 patria
593 733 719 800 mei,
754 743 804 791 et
846 733 1088 791 occidam
1125 731 1296 789 Iacob
1324 733 1551 806 fratrem
1582 748 1758 789 meum
1788 734 1831 767 "
1856 733 1883 790 2

461 909 635 969 Vsus.
666 911 755 968 18.
789 929 808 964 ι
846 909 968 966 Non
991 911 1139 967 enim
1166 910 1488 968 accessistis
1535 909 1604 968 ad
1635 909 1987 968 tractabilem

390 1014 666 1071 montem,
697 1012 752 1060 et
780 1004 1178 1061 accensibilem
1230 1003 1440 1076 ignem,
1471 1002 1781 1070 turbinem,
1811 1011 1866 1060 et
1894 1016 1990 1058 ca-

391 1096 646 1170 liginem,
676 1106 732 1153 et
753 1096 1077 1168 procellam.
1111 1115 1132 1149 ι

465 1189 655 1246 Multis
697 1189 812 1260 jam
864 1188 920 1244 in
975 1186 1116 1245 locis
1159 1201 1365 1243 novum
1424 1193 1820 1246 testamentum
1857 1201 1988 1247 cum

389 1290 580 1341 vetere
626 1282 906 1351 contulit,
946 1281 1304 1355 ostenditque
1360 1280 1467 1338 boc
1514 1281 1614 1340 illo
1648 1281 1812 1354 longe
1841 1296 1990 1352 prae.-

391 1373 694 1431 cellentius
765 1387 914 1430 esse.
987 1372 1088 1428 llic
1151 1385 1374 1442 quoque
1443 1386 1541 1442 per
1626 1381 1988 1427 transennam

393 1476 702 1539 utrumque
750 1472 1062 1538 comparat,
1099 1471 1158 1521 et
1204 1479 1305 1534 pro
1350 1462 1537 1537 Moyse
1563 1461 1753 1520 Iesum
1788 1461 1987 1536 ponit,

393 1569 452 1619 et
503 1575 606 1632 pro
663 1559 866 1632 papqu
922 1559 1100 1614 multa
1154 1557 1482 1628 angelorum
1539 1554 1737 1624 millia,
1799 1563 1854 1612 et
1886 1569 1989 1627 pro

395 1658 588 1709 monte
618 1650 846 1706 cmlum.

466 1741 639 1799 Vens.
683 1740 877 1796 19-25.
915 1758 934 1793 ι
975 1739 1044 1794 Ει
1073 1740 1222 1795 tubas
1260 1754 1485 1802 sonum,
1521 1747 1578 1796 et
1627 1754 1820 1795 vocem
1861 1753 1987 1794 ver-

394 1834 620 1901 borum,
647 1849 815 1905 quam
849 1834 944 1905 qui
987 1831 1312 1898 audierunt,
1366 1841 1781 1887 excusaverunt
1805 1847 1885 1897 se,
1918 1846 1991 1887 ne
2019 1811 2064 1868 Β

400 1928 557 1984 ﬁeret
586 1927 668 1983 eis
697 1927 948 1982 verbum.
991 1924 1109 1980 Non
1143 1925 1294 1980 enim
1328 1924 1634 1996 portabant
1668 1923 1819 1998 quod
1857 1937 1994 1994 prae-

397 2019 708 2092 cipiebatur
744 2038 757 2075 :
784 2028 840 2076 et
869 2017 917 2075 si
948 2017 1127 2075 bestia
1167 2018 1405 2090 tetigerit
1428 2029 1687 2085 mortem,
1719 2015 1993 2089 lapidabi-

399 2118 516 2166 tur.
545 2111 610 2164 Et
633 2111 710 2165 ita
740 2110 997 2166 terribile
1040 2119 1160 2166 erat
1205 2110 1352 2182 quod
1388 2111 1683 2189 videbatur
1721 2127 1736 2164 :
1775 2109 1992 2183 bloyses

298 2277 300 2279 _
400 2199 582 2257 dixit:
642 2198 964 2256 Exterritus
1010 2215 1134 2256 sum
1185 2208 1244 2256 et
1290 2200 1722 2257 tremebundus.
1756 2197 1866 2256 Sed
1897 2215 1993 2255 ac-

405 2291 659 2349 cessistis
696 2291 765 2347 ad
791 2289 928 2347 Sion
977 2298 1248 2360 montem,
1278 2300 1334 2347 et
1365 2292 1646 2350 civitatem
1672 2291 1773 2350 Dei
1801 2293 1996 2349 viven-

401 2383 497 2449 tis,
551 2382 866 2440 Jerusalem
922 2383 1210 2441 caelestem
1266 2392 1321 2442 et
1397 2385 1703 2442 multorum
1756 2386 1995 2443 millium

400 2475 726 2548 angelorum
779 2475 1147 2547 frequentiam
1181 2516 1198 2543 ,
1242 2487 1302 2534 et
1332 2476 1637 2535 Ecclesiam
1681 2477 1998 2550 primitivo—

403 2579 552 2631 rum,
602 2567 699 2638 qui
770 2567 1076 2640 conscripti
1134 2575 1268 2626 sunt
1312 2569 1371 2626 in
1426 2569 1610 2639 cmiis,
1651 2577 1709 2628 et
1747 2569 1994 2642 iudicem

401 2657 653 2714 omnium
701 2656 896 2726 Deum,
946 2667 1002 2718 et
1041 2659 1338 2759 spiritibus
1379 2661 1664 2731 iustorum
1710 2661 1996 2732 perfecto-

404 2764 555 2814 rum,
611 2760 664 2806 et
703 2750 1024 2808 testamenti
1079 2749 1210 2819 novi
1269 2751 1634 2807 mediatorem
1681 2749 1895 2820 Jesum,
1943 2760 2000 2809 et

404 2843 703 2914 sanguinis
752 2845 1137 2915 aspersionem
1193 2845 1395 2901 melius
1432 2847 1757 2916 loquentem
1829 2861 1998 2919 quam

406 2933 572 2990 Abel.
609 2932 802 2992 Videte
825 2950 895 2992 ne
923 2936 1195 2992 recusetis
1225 2935 1573 3006 loquentem.
1612 2954 1632 2989 ι

479 3025 645 3083 Velut
679 3029 1011 3085 adveniente
1033 3044 1162 3100 rege
1192 3028 1405 3099 aliquo.

476 3118 744 3190 Quaenam
776 3136 910 3177 vero
944 3120 1227 3193 primitiva
1263 3120 1420 3189 dicit,
1457 3121 1567 3179 nisi
1605 3121 1889 3178 ﬁdelium?

487 3323 507 3358 ι
546 3304 604 3360 Si
642 3305 789 3361 enim
839 3304 919 3361 illi
953 3321 1069 3362 non
1122 3306 1462 3378 ell'ugerunt,
1515 3313 1844 3363 recusantes
1869 3320 1998 3362 eum

405 3396 505 3468 qui
559 3411 732 3468 super
778 3406 984 3453 terram
1044 3397 1405 3471 loquebatur,
1440 3399 1622 3454 multo
1651 3399 1834 3472 magis
1869 3414 1997 3466 nos,

407 3489 502 3562 qui
537 3489 605 3546 de
628 3490 786 3548 coalis
811 3489 1131 3563 loquentem
1166 3492 1330 3549 nobis
1362 3494 1690 3552 avertimus.
1727 3511 1748 3547 ι

479 3579 722 3651 Moysem
776 3581 983 3636 innuit.
1047 3582 1230 3654 Atque
1283 3581 1375 3638 hic
1425 3597 1631 3640 sensus
1657 3590 1789 3640 est:
1826 3582 1885 3639 Si
1915 3579 2002 3654 illi

410 3671 507 3743 qui
538 3680 875 3744 respuerunt
914 3673 1072 3731 illum
1127 3653 1157 3729 a
1190 3689 1301 3746 quo
1344 3682 1566 3732 terrena
1597 3653 2006 3749 promittebam.

404 3774 522 3826 tur.
555 3780 666 3820 non
698 3763 1007 3839 effugerunt
1033 3765 1305 3840 (Moysem
1347 3767 1504 3832 citat,
1546 3769 1678 3840 quia
1727 3769 1844 3825 haec
1876 3783 2000 3824 om-

413 3857 506 3912 nia
529 3856 721 3929 ﬁgura:
754 3868 935 3925 erant,
964 3868 1098 3933 puta
1132 3861 1278 3932 agri,
1325 3861 1734 3932 possessiones,
1761 3869 1817 3917 et
1850 3868 2003 3917 terra

414 3950 905 4023 Chananazorum),
954 3961 1167 4025 quanto
1205 3954 1492 4024 graviores
1527 3969 1720 4029 poenas
1764 3955 2000 4021 dabunt,

414 4041 512 4112 qui
543 4042 825 4112 aspernati
865 4043 1021 4098 illum
1069 4042 1300 4110 fuerint,
1350 4043 1446 4116 qui
1505 4045 1754 4104 cmlestia
1782 4047 2006 4122 pollici-

414 4140 507 4192 tus
541 4135 662 4191 est!

489 4231 656 4286 Vsus.
683 4229 775 4284 26.
813 4249 832 4282 ι
864 4229 1038 4300 Cujus
1067 4246 1172 4287 vox
1211 4234 1385 4287 movit
1415 4241 1628 4288 terram
1658 4239 1823 4299 tunc;
1854 4245 2006 4288 nunc

418 4330 600 4377 autem
643 4323 969 4394 repromisit
1024 4323 1258 4381 dicens:
1312 4323 1510 4380 Adhuc
1557 4325 1753 4393 semel,
1801 4334 1858 4383 et
1904 4340 2002 4400 ego

417 4416 673 4483 movebo,
706 4435 726 4470 ι

2025 3163 2069 3222 C

2086 552 2302 608 τόπον.
2330 551 2406 606 οὐ
2433 549 2545 623 γὰρ
2575 549 2898 622 μετενόησε,
2933 547 3096 621 φησι.
3138 545 3269 612 Πῶς
3295 543 3429 618 γὰρ,
3466 543 3530 610 ὃς
3561 538 3680 598 [λε-

2086 661 2184 715 τεν
2200 684 2216 708 .
2263 642 2656 716 Ἐγτίσουσιν
2705 644 2769 699 at
2806 641 3022 714 ἡμέραι
3074 640 3186 697 τοῦ
3249 637 3516 706 πένθους
3568 633 3682 692 τοῦ

2087 736 2316 807 πατρός
2359 754 2485 809 μου
2499 776 2518 804 ,
2565 738 2667 792 καὶ
2719 733 3036 794 ἀποκτενῶ
3095 731 3310 792 Ἰακὼϐ
3352 730 3464 790 τόν
3500 729 3679 788 ἀδελ-

2085 831 2208 903 φόν
2238 845 2391 900 μους
3275 841 3280 845 ‘

2166 943 2184 978 ι
2231 923 2307 979 Οὐ
2339 921 2452 997 γὰρ
2481 919 2929 995 προσεληλύθατε
2967 915 3367 994 ψηλαφωμένῳ
3388 915 3538 989 τ’δρει,
3583 913 3680 970 καὶ

2088 1014 2419 1086 κεκαυμένῳ
2479 1013 2654 1086 πυρὶ,
2713 1013 2812 1068 καὶ
2863 1010 3086 1084 γνόφῳ,
3147 1009 3246 1064 καὶ
3299 1006 3519 1078 σκότῳ,
3584 1004 3687 1059 καὶ

2089 1105 2312 1180 θυέλλῃ.
2357 1125 2380 1160 ν

2170 1196 2263 1254 Ἑν
2291 1195 2507 1262 πολλοῖς
2539 1196 2645 1269 ἤδη
2675 1191 2975 1269 συγκρῑνας
3009 1191 3112 1266 τὴν
3141 1190 3291 1248 Νὲαν
3319 1191 3390 1264 τῇ
3422 1187 3636 1261 Παλαιᾷ
3660 1228 3678 1254 ,

2088 1293 2188 1348 καὶ
2215 1292 2398 1358 δείξας
2443 1289 2652 1362 ταύτην
2701 1288 2921 1361 ἐκείνης
2972 1286 3110 1344 πολὺ
3159 1285 3488 1359 κρείττονα,
3513 1282 3681 1338 πάλιν

2090 1387 2186 1442 καὶ
2221 1383 2462 1442 ἐνταῦθα
2503 1385 2628 1440 κατ’
2661 1380 2966 1457 ἐπιδρομὴν
3009 1378 3332 1452 συγκρίνει,
3357 1378 3481 1433 ἀντὶ
3511 1377 3680 1434 Mnib-

2091 1477 2230 1545 σέως
2264 1477 2437 1543 τιθεὶς
2483 1474 2694 1546 Ἰησοῦν
2713 1515 2730 1543 ,
2760 1475 2855 1528 καὶ
2891 1474 3014 1530 ἀν·ιῆ⁵
3050 1469 3179 1527 λαοῦ
3211 1469 3483 1546 μυριάδας
3511 1468 3682 1539 ἀγγέ-

2090 1569 2199 1626 λων
2217 1609 2235 1639 ,
2267 1571 2364 1626 καὶ
2393 1569 2518 1626 ἀντὶ
2551 1568 2715 1641 ὅρους
2741 1567 2838 1624 τὸν
2868 1566 3118 1640 οὐρανόν.

2169 1767 2190 1803 ι
2237 1749 2354 1805 Καὶ
2383 1747 2684 1817 σάλπιγγος
2727 1746 2880 1818 ἤχῳ,
2916 1743 3010 1799 καὶ
3040 1738 3195 1815 φωνῇ
3278 1739 3574 1813 ῥημάτων,
3608 1730 3680 1812 ἦς

2091 1844 2140 1898 oi
2176 1843 2510 1902 ἀκούσαντες
2534 1839 2949 1913 παρῃτήσαντο,
2985 1835 3063 1908 μὴ
3093 1830 3463 1908 προστεθῆναι
3494 1830 3680 1893 αὐτοῖς

2089 1937 2272 2008 λόγον.
2318 1935 2432 1990 Οὐκ
2463 1933 2660 2006 ἔφερον
2693 1930 2802 2003 γὰρ
2837 1929 2901 1984 τὺ
2931 1927 3416 1999 διαστελλόμενον·
3447 1924 3552 1981 κᾶν
3593 1924 3686 1995 an.

2094 2028 2210 2104 ρίον
2239 2027 2369 2101 θίγῃ
2394 2027 2491 2081 τοῦ
2521 2025 2701 2099 ὅρους,
2726 2021 3232 2095 λιθοὸοληθήσεται.
3257 2020 3370 2076 Καὶ
3406 2017 3550 2074 οὕτω
3586 2035 3676 2088 φο-

2092 2122 2256 2198 ϐερὸν
2281 2117 2351 2194 ἦν
2368 2117 2432 2175 τδ
2461 2117 2871 2191 φανταζόμενον
2889 2132 2905 2148 ·
2935 2114 3179 2188 Μωῦσῆς
3203 2108 3380 2181 εἶπεν,
3409 2110 3684 2182 Ἐκφοϐός

2093 2217 2211 2289 ειμι
2261 2215 2356 2271 καὶ
2381 2212 2666 2287 ιντρομος.
2704 2209 2868 2267 Ἀλλὰ
2893 2206 3336 2282 προσεληλύθατε
3368 2205 3512 2262 Σιὼν
3537 2205 3679 2276 opst,

2093 2310 2193 2366 καὶ
2221 2307 2378 2364 πόλει
2407 2306 2547 2362 Θεοῦ
2573 2303 2798 2373 ζῶντος,
2839 2301 3198 2377 Ἰερουσαλὴμ
3227 2297 3558 2371 ἐπουρανίῳ,
3588 2297 3685 2354 καὶ

2098 2403 2357 2476 μυριάσιν
2384 2395 2985 2471 ἀγγέλων-πανηγύρει,
3010 2397 3108 2451 καὶ
3134 2392 3435 2465 Ἐκκλησία
3467 2407 3682 2464 «porto-

2094 2495 2272 2550 τόκων
2301 2493 2362 2550 ἐν
2383 2491 2638 2564 οὐρανοῖς
2662 2487 3180 2562 ἀπογεγραμμένων
3201 2525 3217 2552 ,
3242 2486 3341 2540 καὶ
3367 2487 3531 2557 κριτῇ
3561 2482 3685 2555 Θεῷ

2096 2585 2348 2653 πάντων,
2379 2583 2478 2640 καὶ
2512 2579 2796 2653 πνεύμασι
2821 2578 3052 2634 δικαίων
3078 2577 3554 2649 τετελειωμένων,
3588 2577 3688 2630 καὶ

2094 2676 2365 2750 διαθήκης
2389 2676 2516 2741 νέας
2551 2673 2753 2748 μεσίτῃ
2787 2669 2993 2743 Ἰησοῦ,
3017 2670 3114 2727 καὶ
3134 2671 3330 2742 αἵματι
3359 2669 3684 2742 ῥαντισμοῦ,

2097 2771 2345 2842 κρεῖττον
2371 2768 2626 2826 λαλοῦντι
2648 2767 2801 2840 παρὰ
2831 2767 2923 2823 τδν
2945 2762 3133 2822 Ἅϐελ.
3163 2763 3402 2820 Βλέπετε
3432 2762 3510 2836 μὴ
3538 2777 3686 2833 παρ-

2094 2859 2399 2935 αιτήσησθε
2425 2858 2518 2915 τὸν
2545 2856 2834 2915 λαλοῦντα.
2871 2874 2893 2911 ι

2170 3042 2305 3096 “Ars
2334 3040 2410 3104 ὡς
2439 3039 2532 3093 ἐπὶ
2566 3036 2834 3110 βασιλέως
2860 3036 3010 3101 τινὸς
3039 3034 3332 3109 παρόντος.

2171 3134 2347 3189 Τίνων
2396 3133 2484 3200 δέ,
2534 3131 2706 3205 φησι,
2747 3127 3145 3203 πρωτοτόκων,
3188 3126 3308 3184 ἀλλ’
3357 3126 3394 3200 ἢ
3439 3126 3548 3183 τῶν
3598 3147 3688 3183 πι-

2102 3244 2244 3283 στων
2268 3242 2284 3293 ;

2177 3336 2198 3372 ι
2231 3318 2294 3373 EE
2325 3314 2436 3390 γὰρ
2461 3317 2663 3372 ἐκεῖνοι
2687 3315 2790 3372 οὐκ
2817 3314 3043 3387 ἔφυγον,
3066 3313 3160 3372 τὸν
3177 3315 3269 3371 ἐπὶ
3284 3315 3383 3386 τῆς
3414 3316 3518 3388 γῆς
3548 3334 3691 3390 παρα

2100 3411 2461 3486 αιτησάμενοι
2509 3409 2946 3485 χρηματίζοντα,
2969 3410 3156 3483 πολλῷ
3196 3410 3403 3482 μᾶλλον
3429 3411 3617 3482 ἡμεῖς,
3639 3412 3694 3468 οι

2100 3505 2192 3562 τὸν
2217 3504 2312 3561 ἀπ’
2341 3503 2590 3577 οὐρανῶν
2619 3503 3119 3577 ἀποστρεφόμενοι.
3156 3520 3175 3556 ι

2170 3596 2415 3654 Μωῠσέα
2431 3596 2585 3667 λέγει
2603 3612 2618 3626 ·
2639 3597 2668 3651 ὁ
2693 3596 2752 3650 δὲ
2777 3594 2902 3660 νοῦς
2928 3589 3085 3660 οὗτος
3109 3611 3125 3627 ο
3155 3593 3217 3648 El
3252 3594 3345 3648 τὸν
3373 3593 3443 3649 τὰ
3471 3593 3692 3664 ἐπίγεια

2102 3689 2579 3761 ἐπαγγελλόμενον
2596 3687 3076 3761 παραιτησάμενοι
3096 3687 3200 3742 οὐκ
3219 3685 3485 3758 ἐξέφυγον
3509 3687 3693 3757 (λέγει

2102 3780 2160 3834 δὲ
2189 3779 2281 3836 τὸν
2319 3780 2562 3836 Μωῦσὲα
2584 3818 2600 3847 ,
2631 3782 2716 3836 ὅτι
2757 3779 2969 3836 τυπικὰ
3010 3779 3193 3835 πάντα
3220 3773 3290 3850 ἦν
3323 3781 3507 3834 ἐκεῖνα
3527 3773 3692 3844 ..οἷον

2104 3873 2267 3946 ἀγροὶ
2286 3873 2382 3928 καὶ
2405 3874 2689 3948 κτήματα,
2723 3871 2822 3929 καὶ
2850 3871 2928 3944 γῆ
2957 3870 3344 3943 Χαναναίων),
3371 3871 3525 3945 πόσῳ
3551 3871 3690 3945 μᾶλ-

2103 3965 2197 4021 λον
2233 3968 2281 4022 oi
2313 3966 2408 4023 τὸν
2444 3967 2517 4023 τὰ
2554 3965 2787 4041 οὐράνια
2824 3964 3304 4042 ἐπαγγελλόμενον
3351 3965 3691 4040 παραιτησάσ

2107 4079 2282 4134 μενοι,
2315 4062 2745 4135 κολασθήσονται
2763 4060 2780 4116 ι

2182 4259 2202 4293 ι
2239 4233 2314 4295 Οῦ
2339 4241 2374 4312 ἡ
2405 4239 2559 4314 φωνὴ
2583 4240 2686 4312 τὴν
2713 4237 2821 4312 γῆν
2839 4236 3105 4297 ἐσάλευσε
3131 4239 3278 4307 τότε,
3311 4237 3409 4294 νῦν
3441 4238 3496 4292 δὶ
3524 4239 3691 4311 ἐπήγο

2106 4330 2295 4402 γελται
2314 4373 2330 4402 ,
2355 4331 2533 4404 λέγων
2552 4348 2567 4365 ·
2594 4331 2721 4388 Ἔτι
2748 4331 2920 4400 ἅπαξ,
2949 4329 3061 4403 ἐγὼ
3092 4348 3150 4386 σε
3160 4330 3244 4398 ιω,
3278 4349 3298 4387 ι

475 4508 533 4564 id
561 4517 669 4576 est,
727 4510 1028 4582 legislatio,
1083 4527 1208 4583 quae
1234 4509 1294 4568 in
1345 4518 1536 4569 monte
1575 4509 1714 4567 Sina
1744 4512 1994 4587 contigit,

2178 4506 2478 4565 Τουτὲστιν
2502 4508 2599 4567 καὶ
2623 4509 2662 4584 ἡ
2688 4508 2834 4566 κατὰ
2860 4507 2922 4564 τὸ
2951 4508 3078 4582 ὅρος
3118 4508 3253 4564 Σινᾶ
3288 4509 3581 4581 νομοθεσία
3605 4509 3690 4575 ἐξ-

417 4602 707 4672 percellnit
752 4618 939 4671 aures,
985 4619 1090 4662 nec
1120 4620 1236 4662 non
1291 4604 1552 4661 liberatio
1610 4619 1680 4660 ex
1735 4601 2002 4679 Egypto.

415 4691 553 4750 Nam
586 4694 872 4767 Scriptura
907 4697 1042 4753 dicit
1067 4714 1083 4753 :
1117 4696 1284 4762 Deus,
1314 4713 1437 4753 cum
1464 4696 1788 4768 egredereris
1817 4714 2008 4755 coram

415 4787 609 4857 populo
676 4797 790 4854 tuo,
839 4805 960 4844 cum
1029 4791 1388 4858 pertransires
1451 4790 1510 4845 in
1572 4789 1804 4859 deserto,
1861 4798 2008 4847 terra

417 4889 562 4935 mota
589 4890 689 4936 est.
729 4883 794 4937 ⁸³.

488 4971 605 5030 Hoc
658 4982 766 5039 est,
802 4989 905 5030 vox
949 4989 1046 5046 per
1104 4975 1426 5034 universam
1477 4981 1711 5043 terram,
1753 4990 1876 5048 qua:
1901 4974 2008 5034 sub

417 5067 560 5122 coelo
590 5075 695 5133 est,
729 5082 1062 5138 personans.

493 5177 514 5214 ι
554 5157 674 5215 Non
704 5161 888 5216 solum
919 5166 1150 5225 terram,
1185 5157 1283 5217 sed
1311 5170 1364 5215 et
1396 5159 1620 5218 coelum.
1663 5157 1861 5236 Usus.
1890 5158 2010 5237 ει]

417 5251 576 5320 Quod
612 5263 798 5308 autem
829 5253 1022 5322 semel,
1052 5253 1212 5318 dicit,
1247 5253 1513 5319 declarat,
1545 5271 1563 5306 ι

489 5346 654 5417 256
684 5343 798 5400 Hoc
847 5346 1006 5410 dicit,
1064 5361 1174 5417 qua
1225 5346 1348 5400 novi
1406 5346 1725 5402 testamenti
1779 5347 2010 5404 traditio

417 5438 757 5511 paciﬁcavit,
810 5447 926 5494 tum
974 5456 1101 5511 quae
1145 5440 1200 5494 in
1248 5440 1429 5505 caelis,
1461 5445 1582 5494 tum
1619 5455 1742 5510 qua:
1772 5439 1829 5494 in
1857 5446 2007 5497 terra

419 5543 588 5604 sunt;
630 5543 684 5592 et
713 5536 844 5607 quia
899 5536 1144 5591 innotuit
1173 5536 1529 5606 potestatibus
1585 5543 1635 5591 et
1687 5535 2005 5605 principati-

421 5626 520 5683 ιω
555 5643 647 5698 per
682 5627 977 5684 Ecclesium
1017 5628 1368 5696 multiformis
1397 5628 1663 5696 sapientia
1695 5627 1794 5683 Dei
1831 5627 1898 5682 ".

2103 4605 2370 4669 ἁκουστος
2395 4602 2613 4676 γέγονε,
2647 4604 2746 4658 καὶ
2776 4604 2813 4676 η
2835 4601 3127 4676 λύτρωσις,
3157 4607 3192 4673 ὴ
3227 4602 3287 4670 ἐξ
3312 4602 3608 4673 Αἰγύπτου.
3638 4603 3690 4657 '0

2106 4697 2253 4765 Θεὸς
2294 4696 2406 4770 γὰρ
2424 4737 2439 4763 ,
2487 4696 2656 4769 φησὶν
2677 4735 2693 4761 ,
2734 4695 2805 4750 ἐκ
2871 4694 2979 4751 τοῦ
3013 4694 3454 4764 ἐκπορεύεσθαι
3489 4709 3562 4750 σε
3596 4694 3684 4750 ἐν·

2103 4789 2295 4848 ὠπιον
2319 4788 2430 4844 τοῦ
2454 4788 2610 4844 ⁸λαοῦ
2640 4805 2781 4856 σου,
2807 4786 2878 4843 ἐν
2899 4783 2979 4853 τῷ
2993 4785 3325 4843 διαϐαίνειν
3338 4803 3413 4842 σε
3437 4785 3550 4854 τὴν
3561 4785 3689 4857 59n-

2099 4900 2252 4955 μον,
2293 4880 2371 4954 γῆ
2399 4881 2672 4950 ἐσείσθη.

2177 4974 2415 5032 Τουτέστ
2426 4993 2473 5031 ιν
2493 5015 2511 5042 ,
2534 4976 2570 5047 ἡ
2597 4976 2680 5040 εις
2705 4973 2924 5032 ἅπασαν
2953 4974 3170 5046 ἥκουσα
3201 4973 3300 5048 τὴν
3330 4975 3422 5029 ὑπ’
3447 4975 3691 5049 οὐρανόν.

2186 5177 2206 5213 ι
2253 5157 2328 5214 Οὐ
2368 5156 2531 5230 μόνον
2562 5156 2665 5230 τὴν
2710 5158 2850 5232 γῆν,
2892 5155 3032 5214 ἀλλά
3073 5158 3172 5214 καὶ
3205 5155 3299 5212 τὸν
3339 5156 3599 5230 οὐρανόν·
3637 5155 3696 5212 τδ

2109 5251 2202 5316 δὲ,
2235 5249 2417 5318 ἅπαξ,
2447 5249 2625 5322 δηλοϊ,
2664 5266 2684 5301 ι

2186 5343 2360 5400 Τοῦτο
2408 5343 2599 5413 λέγει,
2632 5344 2714 5396 ὅτι
2757 5342 2792 5414 ἡ
2834 5341 2934 5413 τῆς
2978 5339 3176 5412 καινῆς
3218 5339 3485 5413 διαθήκης
3520 5339 3693 5414 παρά·

2115 5438 2262 5501 δοσις
2288 5434 2676 5509 εἰρηνοποιησε
2714 5434 2784 5490 τὰ
2823 5435 2882 5489 ἐν
2914 5435 3029 5498 τοῖς
3066 5434 3338 5506 οὐρανοῖς,
3371 5434 3561 5488 καὶτὰ
3606 5433 3695 5487 ἐπὶ

2115 5531 2252 5602 γῆς’
2285 5531 2384 5585 καὶ
2435 5529 2516 5585 ὅτι
2568 5527 2874 5602 δγνωρίσθη
2918 5527 3008 5584 διὰ
3042 5527 3141 5602 τῆς
3183 5526 3518 5599 Ἐκκλησίας
3567 5527 3688 5594 ταῖς

2114 5623 2330 5694 ἀρχαῖς
2356 5623 2454 5679 καὶ
2483 5621 2614 5691 ταῖς
2649 5622 2964 5691 ἐξουσίαις
2990 5621 3029 5692 ἡ
3048 5621 3490 5689 πολυποίκιλος
3516 5622 3693 5692 σοφία

2123 5715 2226 5769 (οῦ
2262 5714 2430 5770 Θεοῦ-

475 5826 516 5862 ¹¹
551 5825 690 5884 Gen.
767 5847 939 5898 xxvu,
969 5832 1055 5888 Η.
1122 5833 1163 5865 ¹¹
1187 5832 1329 5889 Psal.
1370 5849 1544 5898 van,
1607 5832 1660 5889 8.
1738 5836 1781 5869 ⁸³
1810 5831 2022 5891 Coloss.
2054 5851 2099 5901 ι,
2130 5833 2220 5891 9.0.
