3970 6294
334 380 439 447 993

1489 372 1572 435 IN
1612 372 1852 433 EPIST.
1889 372 1990 433 AD
2027 370 2426 436 ΗΕΒΒᾸΞΟΞ.

3500 385 3610 452 994

407 507 428 542 ι
473 486 598 541 Τῶν
628 483 1010 555 σαλευομένων
1047 481 1146 554 τὴν
1188 480 1517 554 μετάθεσιν,
1560 481 1634 546 ὡς
1677 498 1909 556 πεποιη-

2092 500 2112 534 ι
2155 479 2441 539 nobilium
2486 484 2936 552 translationem,
2978 495 3243 560 tanquam
3303 491 3610 564 factorum,

331 581 545 655 μένων,
568 577 656 632 ῖνα
690 578 852 651 μείνῃ
889 575 957 631 τὰ
991 575 1067 647 μὴ
1098 573 1440 646 σαλευόμενα
1461 589 1477 605 ι
1506 574 1588 628 διὸ
1628 573 1913 646 βασιλείαν

331 671 632 730 ἀσάλευτον
667 667 1212 741 παραλαμβάνοντες,
1259 684 1283 720 ι

401 763 574 817 Τοῦτό
597 778 783 834 φησιν,
820 759 902 815 ὅτι
928 758 1314 831 μετατέθεικεν
1330 757 1422 813 τὸν
1452 757 1616 831 νόμον
1648 758 1728 823 εἰς
1757 758 1912 813 πολι-

330 871 386 909 τε
395 853 477 909 ίαν
512 852 912 924 πνευματικήν.

409 968 428 1000 ι
462 945 702 1019 Ἐχομεν
730 945 914 1018 χάριν,
943 944 1011 1000 δι’
1031 957 1099 1016 ης
1117 941 1457 1017 λατρεύομεν
1493 942 1810 1014 εὐαρέστως
1834 941 1912 1015 τῷ

330 1037 452 1110 Θεῷ
486 1039 629 1109 μετὰ
675 1035 860 1102 αἰδοῦς
897 1035 991 1091 καὶ
1041 1032 1348 1099 εὐλαϐείας.
1402 1032 1512 1088 Καὶ
1544 1033 1655 1106 γὰρ
1699 1033 1730 1087 6
1779 1033 1913 1100 Θεὸς

329 1130 493 1205 ἡμῶν
522 1129 636 1202 πῦρ
663 1127 1082 1185 καταναλίσκον.
1122 1146 1143 1179 ι

919 1215 1172 1272 ΚΕΦᾹΛ.
1213 1216 1313 1274 II‘.

408 1326 430 1362 ε
477 1309 543 1362 Ἦ
575 1308 896 1380 φιλαδελφία
927 1308 1156 1380 μενέτω.
1193 1329 1213 1362 ι

406 1401 783 1473 Εὐχαρίστως,
822 1402 979 1472 φησὶ,
1005 1400 1382 1475 λατρεύωμεν,
1417 1401 1494 1475 μὴ
1527 1400 1666 1472 μετὰ
1707 1418 1912 1472 γογγυ-

334 1493 524 1565 σμῶν,
557 1494 690 1564 μηδὲ
724 1493 1134 1559 ὰωκακοῦντες
1167 1496 1226 1549 ἐν
1258 1497 1378 1561 ταῖς
1412 1494 1680 1566 θλίψεσιν.

411 1604 430 1636 ι
477 1585 590 1656 Τῆς
644 1585 955 1655 φιλοξενίας
1007 1586 1082 1659 μὴ
1125 1587 1551 1645 ἐπιλανθάνεσθε
1579 1607 1594 1622 ο
1643 1589 1734 1646 διὰ
1776 1590 1912 1646 ταύ-

329 1695 433 1749 της
471 1677 582 1748 γὰρ
622 1695 641 1729 ι

404 1770 518 1823 Οὐκ
553 1765 713 1834 εἶπε,
761 1769 1086 1841 ξενοδοχίας,
1125 1772 1263 1828 ἀλλὰ
1313 1775 1701 1844 φιλοξενίας-³
1753 1795 1909 1832 τουτο
1953 1793 1957 1795 ·

2019 582 2080 629 ιιι
2111 582 2373 632 maneant
2400 590 2467 632 ea
2493 593 2617 649 qua:
2638 589 2768 633 sunt
2792 579 3117 637 immobilia.
3149 581 3343 656 [νειιε.
3365 588 3461 658 28,
3484 588 3606 666 29.]

2017 665 2208 736 Itaque
2224 682 2456 739 regnum
2481 668 2768 726 immobile
2795 673 3195 744 suscipientes,
3230 696 3249 730 ι

2092 754 2169 811 Ita
2228 757 2492 828 loquitur,
2533 775 2599 814 eo
2640 760 2786 831 quod
2832 769 3284 823 transmutaverit
3335 769 3507 842 legem
3551 773 3606 830 in

2018 849 2365 920 spiritualem
2398 852 2596 923 agendi
2628 853 2931 909 rationem.

2094 957 2116 991 ι
2155 936 2438 995 Habemus
2495 942 2754 1022 gratiam,
2811 958 2911 1016 per
2964 959 3131 1017 quam
3187 951 3459 1009 servimus
3489 953 3608 1026 pla-

2017 1037 2206 1086 centes
2239 1030 2355 1086 Deo
2403 1031 2530 1091 cum
2584 1043 2732 1090 metu
2790 1045 2844 1091 et
2899 1041 3231 1099 reverentia.
3289 1042 3427 1100 Nam
3463 1045 3608 1103 Dens

2020 1130 2214 1179 noster
2249 1124 2395 1197 ignis
2423 1138 2760 1183 consumens
2790 1137 2899 1185 est.
2944 1148 2964 1182 ι

2642 1218 2799 1275 CAP.
2831 1220 2972 1278 XIII.

2088 1307 2258 1364 Vens.
2293 1308 2344 1365 ἰ.
2378 1329 2396 1363 ι
2428 1309 2685 1368 Charitas
2716 1312 3090 1374 fraternitatis
3119 1330 3362 1380 maneat.
3402 1341 3422 1377 ι

2091 1399 2262 1456 Grato
2311 1403 2502 1458 animo
2555 1405 2888 1474 serviamus,
2928 1408 3134 1482 inquit,
3192 1429 3301 1469 non
3357 1431 3602 1488 murmu-

2018 1492 2214 1559 raudo,
2257 1508 2359 1548 nec
2402 1493 2707 1553 deﬁciendo
2744 1499 2801 1554 in
2833 1499 3244 1562 alllictionibus.

2090 1582 2257 1641 Vens.
2315 1586 2372 1640 2.
2436 1605 2454 1639 ι
2487 1587 2936 1660 Hospitalitatem
2990 1595 3162 1652 nolite
3212 1595 3605 1661 oblivisci.Per

2020 1678 2160 1733 banc
2187 1681 2354 1743 enim,
2391 1698 2410 1731 ι

2082 1769 2205 1825 Non
2271 1771 2434 1838 dixit,
2489 1776 2903 1847 susceptionem
2971 1782 3416 1852 peregrinorum,
3485 1785 3604 1853 sed,

336 1857 484 1913 ἐστιν
505 1900 519 1926 ,
548 1859 640 1930 Μὴ
679 1859 867 1926 ἁπλῶς
899 1862 1246 1935 ξενοδοχεῖτε,
1267 1865 1403 1920 ἀλλὰ
1434 1865 1576 1937 μετὰ
1602 1867 1700 1922 τοῦ
1743 1868 1909 1939 φιλεῖν

2037 1881 2338 1940 impensam
2391 1866 2844 1937 hospitalitatem:
2894 1872 3002 1928 hoc
3039 1884 3283 1942 est,non
3332 1875 3605 1948 simplici-

332 1950 459 2014 τοὺς
492 1949 696 2016 ξένους.

410 2147 430 2182 t
496 2130 728 2186 Ἐλαθὸν
781 2149 926 2201 τινες
982 2133 1290 2202 ξενίσαντες
1343 2139 1636 2210 ἀγγέλους.
1693 2142 1914 2216 Μιμνή-

331 2222 530 2278 σκεσθε
569 2222 680 2279 τῶν
715 2225 986 2299 δεσμίων,
1040 2230 1116 2296 ὡς
1149 2231 1562 2303 συνδεδεμένοι,
1593 2232 1705 2291 τῶν
1747 2252 1916 2293 κακο-

328 2318 647 2388 χουμὲνων,
677 2319 754 2384 ὡς
777 2320 872 2374 καὶ
897 2322 1055 2377 αὐτοὶ
1083 2323 1236 2390 ὄντες
1263 2326 1324 2379 ὲν
1355 2325 1592 2399 σώματι.
1633 2345 1656 2385 ι

400 2493 501 2550 Διὰ
531 2495 641 2568 γὰρ
679 2494 838 2552 τοῦτο
877 2500 907 2551 6
946 2499 1138 2571 μισθδς
1171 2499 1250 2573 τῷ
1286 2502 1541 2575 ’Δϐραὰμ
1568 2503 1781 2562 δέδοται
1817 2508 1916 2578 μέν

327 2604 454 2657 γας,
487 2588 571 2643 δτι
610 2591 686 2662 μὴ
720 2590 876 2656 εἰδὼς
920 2593 1187 2664 ἀγγέλους
1225 2595 1423 2661 αὐτοὺς
1455 2597 1616 2664 ὄντας
1646 2599 1906 2666 ἐξένισεν.

343 2683 564 2756 Ἐπειδὴ
593 2687 642 2739 εἰ
682 2685 800 2758 ¹ᾔδει
823 2724 838 2750 ,
871 2687 1025 2742 οὐδὲν
1055 2687 1392 2762 θαυμαστόν.
1439 2690 1813 2748 ’Δποτείνεται
1854 2693 1912 2748 δὲ

329 2777 428 2830 καὶ
458 2777 538 2841 εἰς
565 2776 659 2831 τὸν
689 2775 836 2834 Λώτ.

399 2869 595 2940 Τίμιος
634 2872 664 2924 6
695 2871 876 2942 γάμος
921 2871 980 2927 ἐν
1019 2873 1178 2934 πᾶσι.
1212 2872 1309 2929 καὶ
1355 2873 1390 2946 ἠ
1423 2874 1579 2948 κοίτη
1621 2875 1906 2946 ἀμίαντος.

326 2961 568 3031 Πόρνους
597 2961 656 3017 δὲ
689 2964 782 3018 καὶ
810 2962 1032 3035 μοιχοὺς
1059 2967 1236 3036 κρινεῖ
1257 2967 1285 3020 6
1316 2965 1468 3031 Θεός.
1507 2967 1910 3041 Ἀφιλάργυρος

323 3051 358 3104 6
402 3050 639 3124 τρόπος,
685 3053 1020 3126 ἀρκούμενοι
1060 3057 1174 3120 τοῖς
1227 3055 1534 3126 παροῦσινσ
1585 3059 1749 3124 αὐτὸς
1798 3059 1909 3131 γὰρ

326 3142 550 3215 εἴρηκεν
572 3161 586 3178 °
614 3146 690 3200 Οὐ
722 3148 798 3218 μή
827 3163 887 3200 σε
914 3146 1051 3215 ἀνῶ,
1083 3147 1193 3202 οὐδ’
1223 3149 1284 3203 οὐ
1319 3151 1394 3222 μή
1431 3165 1491 3202 σε
1521 3151 1906 3221 ἐγκαταλίπωο

321 3235 468 3292 ὥστε
501 3236 838 3312 θαρροῦντας
863 3242 1010 3313 ἡμᾶς
1039 3241 1244 3310 λέγειν,
1282 3243 1488 3316 Κύριος
1521 3244 1646 3317 ἐμοὶ
1685 3244 1905 3316 βοηθὸς,
1937 3223 1980 3284 c

322 3332 425 3384 καὶ
478 3332 539 3384 οὐ
598 3331 1016 3405 φοϐηθήσομαι,
1068 3333 1122 3388 τί
1174 3334 1398 3404 ποιήσει
1455 3352 1549 3407 μοι
1597 3335 1906 3407 ἄνθρωπος.

321 3423 714 3494 Μνημονεύετε
752 3427 862 3480 τῶν
893 3428 1220 3499 ἡγουμένων
1259 3427 1445 3500 ὐμῶν,
1475 3427 1675 3494 οἵτινες
1712 3429 1910 3501 ἐλάλη-

324 3530 438 3569 σαν
459 3514 586 3587 ὑμῖν
619 3516 716 3572 τὸν
740 3516 898 3587 λόγον
931 3519 1026 3574 τοῦ
1061 3517 1219 3574 Θεοῦ.

399 3606 668 3674 Γενέσθω,
695 3609 852 3681 φησὶ,
875 3609 1078 3682 τίμιος,
1108 3613 1205 3666 καὶ
1237 3612 1312 3684 μὴ
1338 3611 1652 3683 μολυνέσθω
1679 3615 1744 3685 τῇ
1773 3613 1909 3684 πρὸς

319 3699 415 3754 ἑτέ
423 3717 522 3773 ραν
551 3702 828 3775 κοινωνίᾳ.

403 3809 423 3845 t
466 3785 570 3845 Ὧν
623 3793 1062 3866 ἀναθεωροῦντες
1115 3796 1216 3869 τὴν
1252 3796 1478 3854 ἔκϐασιν
1531 3800 1905 3871 ἀναστροφῆς,

320 3886 584 3958 μιμεῖσθε
612 3886 712 3960 τὴν
731 3887 937 3945 πίστιν.
983 3887 1189 3962 ⁹ιησοῦς
1221 3891 1460 3963 Χριστὸς
1489 3891 1641 3963 χθὲς,
1682 3893 1776 3947 καὶ
1805 3894 1906 3964 σή-

318 3993 496 4049 μερον
523 3979 552 4033 6
576 3979 764 4046 αὐτὸς,
791 3981 887 4036 καὶ
908 3982 992 4047 εἰς
1017 3985 1144 4047 τοὺς
1175 3983 1398 4049 αἰῶνας.
1430 3986 1688 4058 Διδαχαῖς
1721 3986 1907 4041 ποικί-

314 4070 445 4134 λαις
467 4070 562 4124 καὶ⁸
593 4071 775 4139 ξέναις
803 4073 879 4146 μὴ
905 4074 1313 4148 παραφέρεσθε.
1343 4077 1526 4132 Καλὸν
1553 4078 1665 4151 γὰρ
1709 4098 1730 4131 ι

394 4162 737 4236 Θεωροῦντες
780 4164 959 4221 αὐτῶν
999 4167 1090 4223 τὸν
1139 4168 1288 4240 βίον,
1326 4170 1422 4224 καὶ
1447 4169 1547 4242 τὴν
1589 4169 1903 4236 πολιτείαν,

317 4256 479 4326 φησι,
517 4257 768 4328 μιμεῖσθε
799 4258 898 4330 τὴν
936 4260 1136 4314 πίστιν.
1181 4259 1247 4315 Τί
1277 4263 1394 4316 ἐστι
1424 4261 1903 4334 ἀναθεωροῦντεςς

319 4347 568 4419 συνεχῶς
607 4348 936 4420 στρέφοντες
973 4351 1032 4406 ὲν
1065 4353 1312 4420 ἑαυτοῖς,
1340 4352 1722 4423 ἑξετάζοντες,
1753 4354 1904 4424 λογι-

319 4441 571 4512 ζόμενοι,
604 4442 1040 4515 ἀναζητοῦντες,
1082 4446 1330 4518 ἀκριϐῶς
1362 4447 1773 4517 βασανίζοντες,
1819 4449 1905 4506 ὅτι

317 4531 476 4598 τέλος
506 4535 742 4608 χρηστὸν
770 4535 952 4591 αὐτῶν
980 4536 1094 4610 ἔχει
1121 4539 1156 4608 ἡ
1186 4539 1524 4614 ἀναστροφή.

400 4642 421 4678 ι
461 4623 658 4696 Χάριτι
689 4623 1037 4696 βεϐαιοῦσθαι
1065 4627 1164 4701 τὴν
1193 4627 1446 4702 καρδίαν,
1486 4647 1507 4684 ι

406 4715 554 4774 ’Δντὶ
574 4716 672 4772 τοῦ
703 4717 902 4775 πίστει.

396 4828 418 4862 ι
459 4809 534 4864 Οὐ
572 4809 891 4882 βρώμασιν,
926 4813 984 4867 ἑν
1021 4810 1104 4879 οἷς
1133 4814 1236 4869 οὐκ
1273 4814 1635 4891 ὠφελήθησαν
1660 4820 1711 4874 οἰ
1744 4837 1904 4896 περι-

317 4902 689 4974 πατήσαντες.
738 4904 975 4977 Ἔχομεν
1019 4905 1443 4981 θυσιαστήριον,
1487 4911 1547 4981 ἐξ
1593 4903 1657 4968 οῦ
1708 4916 1904 4985 φαγεῖν

316 4996 426 5051 οὐκ
450 4994 665 5067 ἔχουσιν
684 4998 734 5051 οἰ
758 5001 825 5070 τῇ
858 5002 1032 5074 σκηνῇ
1052 4999 1431 5074 λατρεύοντες.
1456 4994 1558 5059 ’Ὧν
1574 5005 1685 5078 γὰρ
1711 5005 1903 5077 εἰσφέ-

323 5103 480 5160 ρεται
505 5087 660 5154 ζώων
693 5089 753 5144 τδ
780 5085 921 5162 αἷμα
958 5093 1088 5165 περὶ
1117 5094 1399 5167 ἁμαρτίας
1426 5096 1510 5162 εἰς
1539 5098 1610 5152 τὰ
1645 5099 1779 5169 ἅγια
1818 5099 1906 5156 διὰ

318 5179 418 5236 τοῦ
448 5182 772 5255 ἀρχιερέως,
801 5184 1007 5241 τούτων
1037 5189 1108 5244 τὰ
1141 5186 1378 5262 σώματα
1411 5190 1775 5248 κατακαίεται
1797 5193 1908 5263 ἔξω

321 5275 423 5348 τῆς
453 5280 826 5353 παρεμϐολῆς.
866 5281 962 5338 Διδ
1005 5283 1101 5340 καὶ
1161 5283 1402 5360 Ἰησοῦς,
1435 5286 1527 5344 tua
1572 5288 1778 5364 ἁγιάσῃ
1810 5288 1905 5347 διὰ

319 5366 421 5422 τοῦ
452 5368 583 5428 ἰδίου
607 5371 841 5444 αἵματος
868 5373 963 5430 τὸν
990 5372 1141 5445 λαὸν,
1178 5392 1202 5433 t

407 5545 623 5620 ’ﬂptpa
652 5548 949 5606 αἰνίττεται
972 5553 1100 5616 τοὺς
1122 5551 1222 5626 τὴν
1248 5555 1584 5628 παραίτησιν
1615 5559 1725 5615 τῶν
1759 5559 1905 5635 βρω-

328 5635 518 5710 μάτων
539 5640 878 5712 εἰσάγοντας.

403 5749 445 5823 ι,
461 5729 608 5823 Ἐξω
625 5732 726 5809 τῆς
748 5734 926 5810 ⁴ιιύλης
947 5735 1378 5797 ἔωθενέΐοίνυν
1396 5740 1750 5818 ὶξιρχῶμεθα
1767 5748 1904 5823 πρὸς

327 5821 494 5881 αὐτὸν
529 5822 635 5893 ἔξω
673 5826 776 5901 τῆς
825 5828 1204 5905 παρεμϐολῆς,
1249 5835 1344 5892 τὸν
1387 5835 1695 5909 ὀνειδισμὸν
1734 5821 1899 5900 αἰετοῦ

2017 1966 2102 2013 ter
2156 1959 2399 2030 excipite
2459 1963 2808 2033 peregrinos,
2863 1966 2962 2022 sed
3027 1981 3153 2022 cum
3208 1968 3509 2027 dilectione
3549 1979 3607 2029 et

2017 2049 2316 2107 charitate.

2097 2162 2117 2196 ι
2165 2141 2473 2202 Latuerunt
2514 2145 2763 2218 quidam,
2812 2150 3024 2221 angelis
3053 2150 3298 2224 hospitio
3342 2155 3602 2226 receptis.

2016 2234 2210 2310 Usus.
2257 2236 2338 2312 3.]
2389 2238 2723 2297 Memenlote
2756 2242 3093 2312 vinctorum,
3142 2254 3403 2319 tanquam
3435 2248 3604 2305 simul

2015 2328 2221 2396 vincti;
2279 2330 2671 2400 laborantium,
2723 2343 2985 2407 tanquam
3035 2346 3090 2394 et
3119 2338 3228 2412 ipsi
3273 2339 3330 2401 in
3361 2356 3602 2412 corpore
3645 2394 3650 2403 .

2015 2430 2319 2479 morantes.
2355 2440 2375 2476 ι

2085 2511 2307 2568 Idcirco
2355 2528 2555 2585 magna
2601 2532 2815 2573 merces
2853 2517 2981 2574 data
3017 2530 3104 2578 est
3131 2520 3440 2590 Abraham,
3470 2524 3603 2597 quia

2014 2617 2154 2673 quos
2181 2604 2468 2660 nesciebat
2495 2607 2722 2677 angelos
2763 2622 2905 2673 esse,
2944 2609 3047 2666 bos
3074 2613 3298 2683 excepit
3329 2614 3596 2686 hospitio.

2011 2690 2147 2748 Nam
2175 2693 2223 2750 si
2256 2693 2541 2762 rescisset,
2583 2698 2720 2752 nihil
2761 2699 3132 2758 admiratione
3163 2703 3392 2776 dignum
3437 2706 3599 2764 foret.

2012 2783 2129 2841 Hoc
2165 2787 2330 2842 etiam
2365 2787 2431 2842 ad
2463 2787 2566 2845 Lot
2602 2798 2836 2860 spectat.

2083 2874 2253 2936 Vsus.
2290 2879 2407 2934 4-7.
2442 2898 2463 2933 ι
2499 2879 2834 2939 Hoiiorabile
2863 2884 3208 2943 connubium
3236 2887 3293 2945 in
3316 2889 3594 2960 omnibus,

2016 2975 2071 3024 et
2105 2976 2264 3026 torus
2293 2968 2703 3028 immaculatus.
2725 2972 3120 3036 Foruicatores
3173 2980 3320 3035 enim
3353 2987 3408 3037 et
3434 2983 3596 3039 adul-

2014 3070 2165 3118 teros
2200 3062 2473 3134 iudicabit
2533 3063 2699 3124 Deus.
2755 3065 2880 3124 Sint
2925 3086 3110 3129 mores
3156 3073 3279 3131 sine
3335 3075 3594 3145 avaritia,

2011 3154 2255 3210 contenti
2317 3155 2721 3226 praesentibus;
2778 3160 2900 3232 ipse
2949 3163 3096 3219 enim
3143 3164 3332 3223 dixit:
3386 3165 3508 3223 Non
3541 3176 3598 3227 te

2014 3241 2288 3309 deseram,
2343 3259 2524 3316 neque
2571 3247 2989 3321 derelinquam;
3043 3252 3117 3308 ita
3152 3263 3216 3310 ut
3257 3255 3600 3316 conﬁdenter

2008 3333 2303 3392 dicamus:
2357 3336 2630 3396 Dominus
2683 3341 2820 3396 mihi
2869 3343 3092 3414 adjutor
3145 3363 3161 3402 :
3223 3362 3334 3403 non
3391 3350 3597 3406 timebo

2009 3429 2145 3501 quid
2194 3428 2365 3487 faciat
2392 3432 2528 3488 mihi
2561 3434 2750 3490 homo.
2785 3435 3118 3496 Mementote
3173 3443 3593 3513 praepositorum

2009 3527 2344 3590 vestrorum,
2376 3523 2470 3594 qui
2503 3525 2664 3582 vobis
2694 3526 2862 3584 locuti
2895 3538 3027 3586 sunt
3054 3532 3284 3588 verbum
3312 3531 3433 3590 Dei.
3472 3553 3494 3587 ι

2077 3611 2183 3671 Per
2222 3615 2412 3670 omnia
2441 3616 2514 3673 sit
2545 3633 2671 3674 cum
2723 3619 2932 3679 decore
2995 3631 3049 3681 et
3091 3624 3327 3695 honore,
3363 3641 3468 3683 nec
3504 3626 3591 3684 in-

2008 3706 2272 3780 quinetur
2298 3714 2581 3768 consortio
2611 3727 2738 3768 cum
2775 3723 3064 3774 extranea.

2083 3816 2106 3852 ι
2137 3797 2383 3867 Quorum
2421 3803 2842 3862 considerantes
2869 3807 3083 3864 exitum
3120 3811 3588 3882 conversationis,

2008 3888 2303 3947 imitamini
2333 3890 2516 3950 ﬁdem.
2552 3892 2746 3967 [νειιε.
2773 3895 2828 3960 8,
2858 3897 2939 3973 9.]
2967 3897 3132 3957 Jesus
3161 3899 3419 3960 Christus
3442 3903 3588 3969 heri,

2007 3991 2064 4040 et
2103 3985 2265 4043 hodie
2291 3987 2435 4059 ipse,
2471 3995 2527 4045 et
2554 3990 2608 4044 in
2638 3991 2864 4048 saecula.
2904 3992 3190 4053 Doctrinis
3217 3997 3383 4054 variis
3412 4007 3467 4055 et
3495 4015 3592 4072 pe-

2009 4077 2249 4148 regrinis
2280 4079 2455 4137 nolite
2487 4080 2710 4139 abduci.
2738 4085 3013 4156 Optimum
3045 4095 3132 4144 est
3159 4089 3307 4145 enim
3332 4108 3352 4143 ι

2079 4168 2539 4239 Considerantes,
2593 4176 2796 4248 inquit,
2845 4177 3015 4233 vitam
3060 4195 3251 4237 eorum
3280 4191 3334 4238 et
3365 4196 3592 4240 conver.

2008 4261 2304 4332 sationem,
2358 4265 2656 4324 imitamini
2711 4269 2898 4328 ﬁdem.
2951 4271 3096 4340 Quid
3134 4275 3595 4333 considerantes?

2008 4352 2391 4412 indesinenter
2448 4358 2504 4414 in
2572 4360 2733 4418 vobis
2788 4368 3591 4440 versante's,.investigantes,

2007 4455 2355 4518 reputantes,
2405 4448 2780 4521 inquirentes,
2835 4453 3132 4526 diligenter
3186 4460 3590 4528 expendentes,

1934 4568 1982 4628 υ
2007 4541 2270 4612 quoniam
2308 4555 2499 4598 eorum
2534 4547 2883 4605 conversatio
2925 4547 3169 4608 faustum
3201 4550 3366 4609 linem
3397 4552 3583 4611 habet.

2084 4651 2105 4686 ι
2134 4631 2325 4688 Gratia
2357 4636 2614 4694 stabilire
2648 4653 2765 4710 cor,
2805 4657 2827 4694 ι

2079 4727 2208 4784 Sive
2241 4727 2366 4785 ﬁde.

2085 4837 2104 4872 ι
2140 4817 2261 4876 Non
2291 4822 2461 4890 escis,
2492 4838 2616 4893 qua:
2656 4837 2765 4881 non
2807 4824 3142 4897 profuerunt
3172 4829 3587 4889 ambulantibus

2007 4911 2063 4966 in
2082 4913 2184 4970 eis.
2211 4911 2403 4986 ﬂans.
2430 4915 2644 4993 10-12.]
2674 4916 2953 4976 Habemus
2973 4919 3167 4984 altare,
3203 4919 3270 4976 de
3299 4935 3410 4992 quo
3425 4924 3588 4979 edere

2005 5019 2118 5060 non
2141 4994 2346 5063 habent
2375 5016 2704 5079 potestatem
2737 5010 2832 5083 qui
2854 5011 3208 5069 tabernaculo
3245 5014 3583 5069 deserviunt.

2006 5096 2255 5164 Quorum
2308 5101 2458 5156 enim
2521 5103 2847 5160 animalium
2913 5103 3149 5161 infertur
3199 5106 3430 5176 sanguis
3487 5120 3589 5177 pro
3628 5131 3646 5148 α

2005 5201 2236 5261 peccato
2270 5195 2327 5250 in
2360 5192 2566 5252 Sancta
2617 5203 2937 5254 sanctorum
2975 5213 3076 5270 per
3115 5197 3454 5270 pontiﬁcem,
3488 5199 3587 5254 ho-

2004 5297 2129 5343 rum
2185 5299 2422 5358 corpora
2488 5298 2811 5347 cremantur
2873 5298 3030 5347 extra
3092 5297 3298 5346 castra.
3357 5290 3590 5362 Propter

2004 5375 2155 5447 quod
2185 5384 2239 5434 et
2275 5375 2462 5449 Iesus,
2499 5387 2562 5438 ut
2611 5379 2990 5440 sanctiﬁcaret
3033 5396 3132 5456 per
3167 5397 3328 5439 suum
3358 5382 3583 5455 sangui-

2004 5487 2132 5530 nem
2162 5475 2448 5548 populum,
2479 5495 2504 5533 ι

2079 5565 2212 5623 Illos
2239 5567 2411 5626 tacite
2441 5567 2632 5627 innuit
2667 5572 2766 5647 qui
2815 5573 3067 5633 ciborum
3102 5573 3478 5636 exclusiouem
3506 5571 3583 5630 in-

2004 5661 2399 5722 troduccbant.

2075 5753 2240 5830 357
2265 5775 2288 5813 ⁸
2322 5756 2491 5818 Extra
2522 5769 2740 5834 portam
2766 5779 2970 5837 passus
3002 5773 3112 5824 est.
3144 5762 3338 5840 [ναις.
3363 5759 3582 5835 I3—l0.]

2003 5846 2280 5912 Exeamus
2305 5849 2475 5924 igitur
2499 5853 2570 5912 ad
2596 5870 2723 5916 eum
2775 5865 2936 5918 extra
2961 5869 3170 5932 castra,
3189 5854 3579 5932 improperium
