  <div class='ocr_page' id='page_1' title='image "/cluster/home/n/w/nwhite01/storage/ocr_20150623/95/mdp.39015004289776/509.png"; bbox 0 0 3970 6294; ppageno 0'>
   <div class='ocr_carea' id='block_1_1' title="bbox 412 340 518 403">
    <p class='ocr_par' dir='ltr' id='par_1_1' title="bbox 412 340 518 403">
     <span class='ocr_line' id='line_1_1' title="bbox 412 340 518 403; baseline -0.009 -1"><span class='ocrx_word' id='word_1_1' title='bbox 412 340 518 403; x_wconf 76' lang='grc'><strong>995</strong></span> 
     </span>
    </p>
   </div>
   <div class='ocr_carea' id='block_1_2' title="bbox 1577 324 2465 392">
    <p class='ocr_par' dir='ltr' id='par_1_2' title="bbox 1577 324 2465 392">
     <span class='ocr_line' id='line_1_2' title="bbox 1577 324 2465 392; baseline -0.003 -4"><span class='ocrx_word' id='word_1_2' title='bbox 1577 329 1639 390; x_wconf 91' lang='lat' dir='ltr'><strong>S.</strong></span> <span class='ocrx_word' id='word_1_3' title='bbox 1681 324 2002 392; x_wconf 72' lang='lat' dir='ltr'><strong>IOANNIS</strong></span> <span class='ocrx_word' id='word_1_4' title='bbox 2027 324 2465 388; x_wconf 80' lang='lat' dir='ltr'><strong>DAMASCENI</strong></span> 
     </span>
    </p>
   </div>
   <div class='ocr_carea' id='block_1_3' title="bbox 3581 324 3689 389">
    <p class='ocr_par' dir='ltr' id='par_1_3' title="bbox 3581 324 3689 389">
     <span class='ocr_line' id='line_1_3' title="bbox 3581 324 3689 389; baseline 0.009 -1"><span class='ocrx_word' id='word_1_5' title='bbox 3581 324 3689 389; x_wconf 75' lang='lat'><strong>996</strong></span> 
     </span>
    </p>
   </div>
   <div class='ocr_carea' id='block_1_4' title="bbox 411 427 2004 517">
    <p class='ocr_par' dir='ltr' id='par_1_4' title="bbox 411 439 1992 517">
     <span class='ocr_line' id='line_1_4' title="bbox 411 439 1992 517; baseline -0.005 -17"><span class='ocrx_word' id='word_1_6' title='bbox 411 451 534 517; x_wconf 75' lang='lat' dir='ltr'><strong>ejus</strong></span> <span class='ocrx_word' id='word_1_7' title='bbox 565 451 873 516; x_wconf 72' lang='lat' dir='ltr'><strong>portantes.</strong></span> <span class='ocrx_word' id='word_1_8' title='bbox 900 441 1022 499; x_wconf 83' lang='lat' dir='ltr'><strong>Non</strong></span> <span class='ocrx_word' id='word_1_9' title='bbox 1053 444 1204 500; x_wconf 90' lang='lat' dir='ltr'><strong>enim</strong></span> <span class='ocrx_word' id='word_1_10' title='bbox 1253 441 1523 498; x_wconf 86' lang='lat' dir='ltr'><strong>habemus</strong></span> <span class='ocrx_word' id='word_1_11' title='bbox 1555 439 1648 495; x_wconf 91' lang='lat' dir='ltr'><strong>hic</strong></span> <span class='ocrx_word' id='word_1_12' title='bbox 1682 445 1992 494; x_wconf 89' lang='lat' dir='ltr'><strong>manentem</strong></span> 
     </span>
    </p>
   </div>
   <div class='ocr_carea' id='block_1_5' title="bbox 2117 427 3691 517">
    <p class='ocr_par' dir='ltr' id='par_1_5' title="bbox 2117 427 3691 510">
     <span class='ocr_line' id='line_1_5' title="bbox 2117 427 3691 510; baseline 0.001 -19"><span class='ocrx_word' id='word_1_13' title='bbox 2117 439 2378 510; x_wconf 76' lang='grc' dir='ltr'>ρέροντες.</span> <span class='ocrx_word' id='word_1_14' title='bbox 2415 437 2490 491; x_wconf 83' lang='grc' dir='ltr'>Ού</span> <span class='ocrx_word' id='word_1_15' title='bbox 2523 435 2635 508; x_wconf 85' lang='grc' dir='ltr'><strong>γὰρ</strong></span> <span class='ocrx_word' id='word_1_16' title='bbox 2664 434 2861 508; x_wconf 78' lang='grc' dir='ltr'>ἔχομεν</span> <span class='ocrx_word' id='word_1_17' title='bbox 2887 427 2990 490; x_wconf 83' lang='grc' dir='ltr'>ὧδε</span> <span class='ocrx_word' id='word_1_18' title='bbox 3027 436 3300 508; x_wconf 80' lang='grc' dir='ltr'>μένουσαν</span> <span class='ocrx_word' id='word_1_19' title='bbox 3343 436 3523 504; x_wconf 82' lang='grc' dir='ltr'>πόλιν,</span> <span class='ocrx_word' id='word_1_20' title='bbox 3553 437 3691 493; x_wconf 79' lang='grc' dir='ltr'><strong>ἀλλά</strong></span> 
     </span>
    </p>
   </div>
   <div class='ocr_carea' id='block_1_6' title="bbox 411 531 1995 605">
    <p class='ocr_par' dir='ltr' id='par_1_6' title="bbox 411 531 1995 605">
     <span class='ocr_line' id='line_1_6' title="bbox 411 531 1995 605; baseline -0.008 -10"><span class='ocrx_word' id='word_1_21' title='bbox 411 541 716 604; x_wconf 84' lang='lat' dir='ltr'><strong>civitatem,</strong></span> <span class='ocrx_word' id='word_1_22' title='bbox 778 536 873 594; x_wconf 91' lang='lat' dir='ltr'><strong>sed</strong></span> <span class='ocrx_word' id='word_1_23' title='bbox 943 535 1186 591; x_wconf 86' lang='lat' dir='ltr'><strong>futuram</strong></span> <span class='ocrx_word' id='word_1_24' title='bbox 1257 533 1624 605; x_wconf 86' lang='lat' dir='ltr'><strong>inquirimus.</strong></span> <span class='ocrx_word' id='word_1_25' title='bbox 1673 531 1780 587; x_wconf 82' lang='grc' dir='ltr'>Ρει·</span> <span class='ocrx_word' id='word_1_26' title='bbox 1811 531 1995 602; x_wconf 88' lang='lat' dir='ltr'><strong>ipsum</strong></span> 
     </span>
    </p>
   </div>
   <div class='ocr_carea' id='block_1_7' title="bbox 411 620 2000 699">
    <p class='ocr_par' dir='ltr' id='par_1_7' title="bbox 411 620 2000 699">
     <span class='ocr_line' id='line_1_7' title="bbox 411 620 2000 699; baseline -0.005 -17"><span class='ocrx_word' id='word_1_27' title='bbox 411 643 544 699; x_wconf 77' lang='lat' dir='ltr'><strong>ergo</strong></span> <span class='ocrx_word' id='word_1_28' title='bbox 599 628 885 685; x_wconf 78' lang='lat' dir='ltr'><strong>offerimus</strong></span> <span class='ocrx_word' id='word_1_29' title='bbox 924 625 1166 682; x_wconf 75' lang='lat' dir='ltr'><strong>hostiam</strong></span> <span class='ocrx_word' id='word_1_30' title='bbox 1215 624 1398 680; x_wconf 86' lang='lat' dir='ltr'><strong>laudis</strong></span> <span class='ocrx_word' id='word_1_31' title='bbox 1454 637 1672 694; x_wconf 84' lang='lat' dir='ltr'><strong>semper</strong></span> <span class='ocrx_word' id='word_1_32' title='bbox 1724 621 1856 686; x_wconf 89' lang='lat' dir='ltr'><strong>Deo,</strong></span> <span class='ocrx_word' id='word_1_33' title='bbox 1897 620 2000 675; x_wconf 93' lang='lat' dir='ltr'><strong>hoc</strong></span> 
     </span>
    </p>
   </div>
   <div class='ocr_carea' id='block_1_8' title="bbox 411 720 813 778">
    <p class='ocr_par' dir='ltr' id='par_1_8' title="bbox 411 720 813 778">
     <span class='ocr_line' id='line_1_8' title="bbox 411 720 813 778; baseline -0.007 -3"><span class='ocrx_word' id='word_1_34' title='bbox 411 728 494 778; x_wconf 81' lang='lat' dir='ltr'><strong>est</strong></span> <span class='ocrx_word' id='word_1_35' title='bbox 522 720 760 775; x_wconf 80' lang='lat' dir='ltr'><strong>fructum</strong></span> <span class='ocrx_word' id='word_1_36' title='bbox 794 738 813 772; x_wconf 72' lang='grc' dir='ltr'><strong>ι</strong></span> 
     </span>
    </p>
   </div>
   <div class='ocr_carea' id='block_1_9' title="bbox 479 807 1998 883">
    <p class='ocr_par' dir='ltr' id='par_1_9' title="bbox 479 807 1998 883">
     <span class='ocr_line' id='line_1_9' title="bbox 479 807 1998 883; baseline -0.005 -16"><span class='ocrx_word' id='word_1_37' title='bbox 479 813 538 867; x_wconf 92' lang='lat' dir='ltr'><strong>ld</strong></span> <span class='ocrx_word' id='word_1_38' title='bbox 587 822 692 877; x_wconf 82' lang='lat' dir='ltr'><strong>est,</strong></span> <span class='ocrx_word' id='word_1_39' title='bbox 743 808 1196 883; x_wconf 84' lang='lat' dir='ltr'><strong>quandoquidem</strong></span> <span class='ocrx_word' id='word_1_40' title='bbox 1241 809 1356 865; x_wconf 79' lang='lat' dir='ltr'><strong>haec</strong></span> <span class='ocrx_word' id='word_1_41' title='bbox 1385 810 1650 882; x_wconf 78' lang='lat' dir='ltr'><strong>patimur,</strong></span> <span class='ocrx_word' id='word_1_42' title='bbox 1683 807 1998 864; x_wconf 87' lang='lat' dir='ltr'><strong>communi-</strong></span> 
     </span>
    </p>
   </div>
   <div class='ocr_carea' id='block_1_10' title="bbox 411 900 1144 973">
    <p class='ocr_par' dir='ltr' id='par_1_10' title="bbox 411 900 1144 973">
     <span class='ocr_line' id='line_1_10' title="bbox 411 900 1144 973; baseline -0.004 -15"><span class='ocrx_word' id='word_1_43' title='bbox 411 918 601 958; x_wconf 81' lang='lat' dir='ltr'><strong>comus</strong></span> <span class='ocrx_word' id='word_1_44' title='bbox 630 901 878 973; x_wconf 85' lang='lat' dir='ltr'><strong>passioni</strong></span> <span class='ocrx_word' id='word_1_45' title='bbox 911 900 1144 956; x_wconf 82' lang='lat' dir='ltr'><strong>Christi.</strong></span> 
     </span>
    </p>
   </div>
   <div class='ocr_carea' id='block_1_11' title="bbox 489 989 1993 1062">
    <p class='ocr_par' dir='ltr' id='par_1_11' title="bbox 489 989 1993 1062">
     <span class='ocr_line' id='line_1_11' title="bbox 489 989 1993 1062; baseline -0.001 -16"><span class='ocrx_word' id='word_1_46' title='bbox 489 1012 508 1046; x_wconf 78' lang='grc' dir='ltr'><strong>ι</strong></span> <span class='ocrx_word' id='word_1_47' title='bbox 539 993 838 1049; x_wconf 83' lang='lat' dir='ltr'><strong>Labiorum</strong></span> <span class='ocrx_word' id='word_1_48' title='bbox 870 992 1254 1048; x_wconf 81' lang='lat' dir='ltr'><strong>confitentium</strong></span> <span class='ocrx_word' id='word_1_49' title='bbox 1279 992 1488 1047; x_wconf 82' lang='lat' dir='ltr'><strong>nomini</strong></span> <span class='ocrx_word' id='word_1_50' title='bbox 1515 989 1993 1062; x_wconf 82' lang='lat' dir='ltr'><strong>ejus.Beneficen-</strong></span> 
     </span>
    </p>
   </div>
   <div class='ocr_carea' id='block_1_12' title="bbox 411 1083 2001 1142">
    <p class='ocr_par' dir='ltr' id='par_1_12' title="bbox 411 1083 2001 1142">
     <span class='ocr_line' id='line_1_12' title="bbox 411 1083 2001 1142; baseline -0.002 -1"><span class='ocrx_word' id='word_1_51' title='bbox 411 1087 503 1142; x_wconf 66' lang='lat' dir='ltr'><strong>tiae</strong></span> <span class='ocrx_word' id='word_1_52' title='bbox 547 1097 730 1142; x_wconf 88' lang='lat' dir='ltr'><strong>autem</strong></span> <span class='ocrx_word' id='word_1_53' title='bbox 782 1095 834 1142; x_wconf 91' lang='lat' dir='ltr'><strong>et</strong></span> <span class='ocrx_word' id='word_1_54' title='bbox 866 1086 1287 1141; x_wconf 87' lang='lat' dir='ltr'><strong>communionis</strong></span> <span class='ocrx_word' id='word_1_55' title='bbox 1337 1085 1509 1140; x_wconf 87' lang='lat' dir='ltr'><strong>nolite</strong></span> <span class='ocrx_word' id='word_1_56' title='bbox 1543 1083 1798 1141; x_wconf 82' lang='lat' dir='ltr'><strong>oblivisci</strong></span> <span class='ocrx_word' id='word_1_57' title='bbox 1831 1083 2001 1138; x_wconf 84' lang='lat' dir='ltr'><strong>:tali-</strong></span> 
     </span>
    </p>
   </div>
   <div class='ocr_carea' id='block_1_13' title="bbox 413 1175 1576 1247">
    <p class='ocr_par' dir='ltr' id='par_1_13' title="bbox 413 1175 1576 1247">
     <span class='ocr_line' id='line_1_13' title="bbox 413 1175 1576 1247; baseline -0.005 -13"><span class='ocrx_word' id='word_1_58' title='bbox 413 1179 518 1234; x_wconf 88' lang='lat' dir='ltr'><strong>bus</strong></span> <span class='ocrx_word' id='word_1_59' title='bbox 549 1178 695 1232; x_wconf 89' lang='lat' dir='ltr'><strong>enim</strong></span> <span class='ocrx_word' id='word_1_60' title='bbox 728 1176 924 1233; x_wconf 83' lang='lat' dir='ltr'><strong>hostiis</strong></span> <span class='ocrx_word' id='word_1_61' title='bbox 957 1186 1318 1247; x_wconf 89' lang='lat' dir='ltr'><strong>promeretur</strong></span> <span class='ocrx_word' id='word_1_62' title='bbox 1351 1175 1520 1232; x_wconf 90' lang='lat' dir='ltr'><strong>Deus.</strong></span> <span class='ocrx_word' id='word_1_63' title='bbox 1557 1194 1576 1228; x_wconf 71' lang='grc' dir='ltr'><strong>ι</strong></span> 
     </span>
    </p>
   </div>
   <div class='ocr_carea' id='block_1_14' title="bbox 484 1265 1998 1322">
    <p class='ocr_par' dir='ltr' id='par_1_14' title="bbox 484 1265 1998 1322">
     <span class='ocr_line' id='line_1_14' title="bbox 484 1265 1998 1322; baseline 0 -2"><span class='ocrx_word' id='word_1_64' title='bbox 484 1265 806 1320; x_wconf 81' lang='lat' dir='ltr'><strong>Gratiarqu</strong></span> <span class='ocrx_word' id='word_1_65' title='bbox 840 1265 1112 1321; x_wconf 89' lang='lat' dir='ltr'><strong>actionem</strong></span> <span class='ocrx_word' id='word_1_66' title='bbox 1140 1266 1628 1322; x_wconf 86' lang='lat' dir='ltr'><strong>Eucharistiamve</strong></span> <span class='ocrx_word' id='word_1_67' title='bbox 1661 1265 1998 1322; x_wconf 82' lang='lat' dir='ltr'><strong>olierendarn</strong></span> 
     </span>
    </p>
   </div>
   <div class='ocr_carea' id='block_1_15' title="bbox 413 1360 1997 1426">
    <p class='ocr_par' dir='ltr' id='par_1_15' title="bbox 413 1360 1997 1426">
     <span class='ocr_line' id='line_1_15' title="bbox 413 1360 1997 1426; baseline 0.001 -11"><span class='ocrx_word' id='word_1_68' title='bbox 413 1360 569 1424; x_wconf 91' lang='lat' dir='ltr'><strong>dicit,</strong></span> <span class='ocrx_word' id='word_1_69' title='bbox 626 1367 681 1416; x_wconf 91' lang='lat' dir='ltr'><strong>et</strong></span> <span class='ocrx_word' id='word_1_70' title='bbox 729 1369 929 1415; x_wconf 87' lang='lat' dir='ltr'><strong>cuncta</strong></span> <span class='ocrx_word' id='word_1_71' title='bbox 983 1361 1201 1417; x_wconf 83' lang='lat' dir='ltr'><strong>fortiter</strong></span> <span class='ocrx_word' id='word_1_72' title='bbox 1252 1361 1561 1426; x_wconf 86' lang='lat' dir='ltr'><strong>toleranda,</strong></span> <span class='ocrx_word' id='word_1_73' title='bbox 1621 1361 1724 1418; x_wconf 89' lang='lat' dir='ltr'><strong>etsi</strong></span> <span class='ocrx_word' id='word_1_74' title='bbox 1769 1362 1997 1418; x_wconf 87' lang='lat' dir='ltr'><strong>molesta</strong></span> 
     </span>
    </p>
   </div>
   <div class='ocr_carea' id='block_1_16' title="bbox 415 1451 1997 1525">
    <p class='ocr_par' dir='ltr' id='par_1_16' title="bbox 415 1451 1997 1525">
     <span class='ocr_line' id='line_1_16' title="bbox 415 1451 1997 1525; baseline 0.003 -21"><span class='ocrx_word' id='word_1_75' title='bbox 415 1451 691 1508; x_wconf 87' lang='lat' dir='ltr'><strong>videntur.</strong></span> <span class='ocrx_word' id='word_1_76' title='bbox 727 1454 844 1508; x_wconf 84' lang='lat' dir='ltr'><strong>Hoc</strong></span> <span class='ocrx_word' id='word_1_77' title='bbox 875 1461 1038 1524; x_wconf 89' lang='lat' dir='ltr'><strong>pacto</strong></span> <span class='ocrx_word' id='word_1_78' title='bbox 1069 1454 1218 1509; x_wconf 90' lang='lat' dir='ltr'><strong>enim</strong></span> <span class='ocrx_word' id='word_1_79' title='bbox 1267 1453 1376 1509; x_wconf 88' lang='lat' dir='ltr'><strong>Deo</strong></span> <span class='ocrx_word' id='word_1_80' title='bbox 1411 1454 1646 1525; x_wconf 84' lang='lat' dir='ltr'><strong>proximi</strong></span> <span class='ocrx_word' id='word_1_81' title='bbox 1681 1453 1997 1521; x_wconf 80' lang='lat' dir='ltr'><strong>evadimus,</strong></span> 
     </span>
    </p>
   </div>
   <div class='ocr_carea' id='block_1_17' title="bbox 413 1546 1999 1617">
    <p class='ocr_par' dir='ltr' id='par_1_17' title="bbox 413 1546 1999 1617">
     <span class='ocr_line' id='line_1_17' title="bbox 413 1546 1999 1617; baseline 0.001 -17"><span class='ocrx_word' id='word_1_82' title='bbox 413 1548 548 1617; x_wconf 90' lang='lat' dir='ltr'><strong>quin</strong></span> <span class='ocrx_word' id='word_1_83' title='bbox 578 1555 634 1603; x_wconf 87' lang='lat' dir='ltr'><strong>et</strong></span> <span class='ocrx_word' id='word_1_84' title='bbox 666 1546 970 1602; x_wconf 85' lang='lat' dir='ltr'><strong>debitorem</strong></span> <span class='ocrx_word' id='word_1_85' title='bbox 1004 1547 1272 1602; x_wconf 84' lang='lat' dir='ltr'><strong>habemus</strong></span> <span class='ocrx_word' id='word_1_86' title='bbox 1306 1546 1501 1602; x_wconf 90' lang='lat' dir='ltr'><strong>Deum.</strong></span> <span class='ocrx_word' id='word_1_87' title='bbox 1550 1546 1783 1613; x_wconf 88' lang='lat' dir='ltr'><strong>Quando</strong></span> <span class='ocrx_word' id='word_1_88' title='bbox 1815 1556 1999 1602; x_wconf 89' lang='lat' dir='ltr'><strong>autem</strong></span> 
     </span>
    </p>
   </div>
   <div class='ocr_carea' id='block_1_18' title="bbox 412 1639 2000 1710">
    <p class='ocr_par' dir='ltr' id='par_1_18' title="bbox 412 1639 2000 1710">
     <span class='ocr_line' id='line_1_18' title="bbox 412 1639 2000 1710; baseline 0.001 -15"><span class='ocrx_word' id='word_1_89' title='bbox 412 1655 548 1706; x_wconf 84' lang='lat' dir='ltr'><strong>non,</strong></span> <span class='ocrx_word' id='word_1_90' title='bbox 593 1641 670 1694; x_wconf 90' lang='lat' dir='ltr'><strong>uti</strong></span> <span class='ocrx_word' id='word_1_91' title='bbox 706 1640 877 1704; x_wconf 85' lang='lat' dir='ltr'><strong>decet,</strong></span> <span class='ocrx_word' id='word_1_92' title='bbox 914 1643 1180 1710; x_wconf 85' lang='lat' dir='ltr'><strong>patimur,</strong></span> <span class='ocrx_word' id='word_1_93' title='bbox 1224 1639 1334 1695; x_wconf 91' lang='lat' dir='ltr'><strong>Deo</strong></span> <span class='ocrx_word' id='word_1_94' title='bbox 1369 1639 1639 1696; x_wconf 88' lang='lat' dir='ltr'><strong>ellicimur</strong></span> <span class='ocrx_word' id='word_1_95' title='bbox 1682 1641 1911 1696; x_wconf 79' lang='lat' dir='ltr'><strong>obnoxii</strong></span> <span class='ocrx_word' id='word_1_96' title='bbox 1943 1649 2000 1696; x_wconf 87' lang='lat' dir='ltr'><strong>et</strong></span> 
     </span>
    </p>
   </div>
   <div class='ocr_carea' id='block_1_19' title="bbox 2101 525 3687 603">
    <p class='ocr_par' dir='ltr' id='par_1_19' title="bbox 2101 525 3687 603">
     <span class='ocr_line' id='line_1_19' title="bbox 2101 525 3687 603; baseline 0 -19"><span class='ocrx_word' id='word_1_97' title='bbox 2101 531 2200 602; x_wconf 80' lang='grc' dir='ltr'><strong>τὴν</strong></span> <span class='ocrx_word' id='word_1_98' title='bbox 2235 531 2538 603; x_wconf 77' lang='grc' dir='ltr'>μέλλουσαν</span> <span class='ocrx_word' id='word_1_99' title='bbox 2581 529 2974 602; x_wconf 77' lang='grc' dir='ltr'>ἐπιζητοῦμεν.</span> <span class='ocrx_word' id='word_1_100' title='bbox 3021 532 3099 582; x_wconf 84' lang='grc' dir='ltr'><strong>Δι’</strong></span> <span class='ocrx_word' id='word_1_101' title='bbox 3133 529 3299 585; x_wconf 79' lang='grc' dir='ltr'>αὐτοῦ</span> <span class='ocrx_word' id='word_1_102' title='bbox 3344 525 3440 584; x_wconf 74' lang='grc' dir='ltr'>οὖν</span> <span class='ocrx_word' id='word_1_103' title='bbox 3484 529 3687 603; x_wconf 78' lang='grc' dir='ltr'>ἀναφέ-</span> 
     </span>
    </p>
   </div>
   <div class='ocr_carea' id='block_1_20' title="bbox 2103 621 3691 694">
    <p class='ocr_par' dir='ltr' id='par_1_20' title="bbox 2103 621 3691 694">
     <span class='ocr_line' id='line_1_20' title="bbox 2103 621 3691 694; baseline 0.002 -20"><span class='ocrx_word' id='word_1_104' title='bbox 2103 641 2271 693; x_wconf 81' lang='grc' dir='ltr'>ρομεν</span> <span class='ocrx_word' id='word_1_105' title='bbox 2307 623 2498 678; x_wconf 87' lang='grc' dir='ltr'>θυσίαν</span> <span class='ocrx_word' id='word_1_106' title='bbox 2525 622 2785 687; x_wconf 77' lang='grc' dir='ltr'><strong>αἰνέσεως</strong></span> <span class='ocrx_word' id='word_1_107' title='bbox 2821 621 2910 676; x_wconf 80' lang='grc' dir='ltr'>διὰ</span> <span class='ocrx_word' id='word_1_108' title='bbox 2940 622 3140 686; x_wconf 65' lang='grc' dir='ltr'>παντὸς</span> <span class='ocrx_word' id='word_1_109' title='bbox 3161 622 3238 694; x_wconf 85' lang='grc' dir='ltr'>τῷ</span> <span class='ocrx_word' id='word_1_110' title='bbox 3270 622 3413 694; x_wconf 81' lang='grc' dir='ltr'>Θεῷ,</span> <span class='ocrx_word' id='word_1_111' title='bbox 3442 623 3691 678; x_wconf 79' lang='grc' dir='ltr'><strong>τουτέστι</strong></span> 
     </span>
    </p>
   </div>
   <div class='ocr_carea' id='block_1_21' title="bbox 2102 712 2379 784">
    <p class='ocr_par' dir='ltr' id='par_1_21' title="bbox 2102 712 2379 784">
     <span class='ocr_line' id='line_1_21' title="bbox 2102 712 2379 784; baseline 0.004 -19"><span class='ocrx_word' id='word_1_112' title='bbox 2102 712 2316 784; x_wconf 72' lang='grc' dir='ltr'>καρπὸν</span> <span class='ocrx_word' id='word_1_113' title='bbox 2361 730 2379 765; x_wconf 76' lang='lat' dir='ltr'><strong>t</strong></span> 
     </span>
    </p>
   </div>
   <div class='ocr_carea' id='block_1_22' title="bbox 2175 805 3695 877">
    <p class='ocr_par' dir='ltr' id='par_1_22' title="bbox 2175 805 3695 877">
     <span class='ocr_line' id='line_1_22' title="bbox 2175 805 3695 877; baseline 0 -20"><span class='ocrx_word' id='word_1_114' title='bbox 2175 805 2465 871; x_wconf 81' lang='grc' dir='ltr'>Τουτέστι,</span> <span class='ocrx_word' id='word_1_115' title='bbox 2495 805 2565 860; x_wconf 79' lang='grc' dir='ltr'>τὰ</span> <span class='ocrx_word' id='word_1_116' title='bbox 2597 805 2738 861; x_wconf 80' lang='grc' dir='ltr'>αύτὰ</span> <span class='ocrx_word' id='word_1_117' title='bbox 2770 805 3075 876; x_wconf 80' lang='grc' dir='ltr'>πάσχοντες</span> <span class='ocrx_word' id='word_1_118' title='bbox 3119 805 3544 877; x_wconf 80' lang='grc' dir='ltr'>κοινωνήσωμεν</span> <span class='ocrx_word' id='word_1_119' title='bbox 3580 806 3695 871; x_wconf 81' lang='grc' dir='ltr'>τοῖς</span> 
     </span>
    </p>
   </div>
   <div class='ocr_carea' id='block_1_23' title="bbox 2103 896 3621 976">
    <p class='ocr_par' dir='ltr' id='par_1_23' title="bbox 2103 896 3621 976">
     <span class='ocr_line' id='line_1_23' title="bbox 2103 896 3621 976; baseline 0.006 -25"><span class='ocrx_word' id='word_1_120' title='bbox 2103 897 2392 970; x_wconf 81' lang='grc' dir='ltr'>παθήμασι</span> <span class='ocrx_word' id='word_1_121' title='bbox 2423 897 2518 952; x_wconf 85' lang='grc' dir='ltr'>τοῦ</span> <span class='ocrx_word' id='word_1_122' title='bbox 2550 896 2811 969; x_wconf 73' lang='grc' dir='ltr'>Χριστοῦ.</span> <span class='ocrx_word' id='word_1_123' title='bbox 3619 974 3621 976; x_wconf 22' lang='grc' dir='ltr'><strong>η</strong></span> 
     </span>
    </p>
   </div>
   <div class='ocr_carea' id='block_1_24' title="bbox 2181 982 3696 1067">
    <p class='ocr_par' dir='ltr' id='par_1_24' title="bbox 2181 982 3696 1067">
     <span class='ocr_line' id='line_1_24' title="bbox 2181 982 3696 1067; baseline 0.001 -19"><span class='ocrx_word' id='word_1_124' title='bbox 2181 1015 2198 1048; x_wconf 83' lang='grc' dir='ltr'><strong>ι</strong></span> <span class='ocrx_word' id='word_1_125' title='bbox 2246 995 2487 1050; x_wconf 81' lang='grc' dir='ltr'>Χειλέων</span> <span class='ocrx_word' id='word_1_126' title='bbox 2532 996 2946 1067; x_wconf 76' lang='grc' dir='ltr'><strong>ὁμολογούντων</strong></span> <span class='ocrx_word' id='word_1_127' title='bbox 2973 995 3051 1067; x_wconf 82' lang='grc' dir='ltr'>τῷ</span> <span class='ocrx_word' id='word_1_128' title='bbox 3098 995 3322 1067; x_wconf 82' lang='grc' dir='ltr'>ὀνόματι</span> <span class='ocrx_word' id='word_1_129' title='bbox 3351 982 3540 1050; x_wconf 69' lang='grc' dir='ltr'>αὑτοῦ.</span> <span class='ocrx_word' id='word_1_130' title='bbox 3580 994 3696 1066; x_wconf 81' lang='grc' dir='ltr'>Τῆς</span> 
     </span>
    </p>
   </div>
   <div class='ocr_carea' id='block_1_25' title="bbox 2101 1085 3698 1159">
    <p class='ocr_par' dir='ltr' id='par_1_25' title="bbox 2101 1085 3698 1159">
     <span class='ocr_line' id='line_1_25' title="bbox 2101 1085 3698 1159; baseline -0.003 -16"><span class='ocrx_word' id='word_1_131' title='bbox 2101 1088 2160 1144; x_wconf 81' lang='grc' dir='ltr'>δὲ</span> <span class='ocrx_word' id='word_1_132' title='bbox 2188 1087 2440 1150; x_wconf 73' lang='grc' dir='ltr'>εὐποιίας</span> <span class='ocrx_word' id='word_1_133' title='bbox 2463 1087 2558 1142; x_wconf 78' lang='grc' dir='ltr'><strong>καὶ</strong></span> <span class='ocrx_word' id='word_1_134' title='bbox 2587 1088 2877 1151; x_wconf 81' lang='grc' dir='ltr'><strong>κοινωνίας</strong></span> <span class='ocrx_word' id='word_1_135' title='bbox 2913 1088 2989 1159; x_wconf 84' lang='grc' dir='ltr'>μὴ</span> <span class='ocrx_word' id='word_1_136' title='bbox 3025 1085 3451 1142; x_wconf 73' lang='grc' dir='ltr'><strong>ἐπιλανθάνεσθε</strong></span> <span class='ocrx_word' id='word_1_137' title='bbox 3469 1102 3484 1117; x_wconf 84' lang='grc'>⁶</span> <span class='ocrx_word' id='word_1_138' title='bbox 3511 1085 3698 1140; x_wconf 86' lang='grc' dir='ltr'>τοιαύ-</span> 
     </span>
    </p>
   </div>
   <div class='ocr_carea' id='block_1_26' title="bbox 2103 1183 3318 1260">
    <p class='ocr_par' dir='ltr' id='par_1_26' title="bbox 2103 1183 3318 1260">
     <span class='ocr_line' id='line_1_26' title="bbox 2103 1183 3318 1260; baseline -0.003 -20"><span class='ocrx_word' id='word_1_139' title='bbox 2103 1203 2226 1252; x_wconf 84' lang='grc' dir='ltr'>ταις</span> <span class='ocrx_word' id='word_1_140' title='bbox 2253 1187 2360 1260; x_wconf 83' lang='grc' dir='ltr'><strong>γὰρ</strong></span> <span class='ocrx_word' id='word_1_141' title='bbox 2395 1185 2612 1250; x_wconf 79' lang='grc' dir='ltr'><strong>θυσίαις</strong></span> <span class='ocrx_word' id='word_1_142' title='bbox 2639 1184 3018 1258; x_wconf 79' lang='grc' dir='ltr'><strong>εὐαρεστεῖται</strong></span> <span class='ocrx_word' id='word_1_143' title='bbox 3042 1185 3072 1237; x_wconf 84' lang='grc' dir='ltr'>ὁ</span> <span class='ocrx_word' id='word_1_144' title='bbox 3100 1183 3256 1247; x_wconf 83' lang='grc' dir='ltr'>Θεός.</span> <span class='ocrx_word' id='word_1_145' title='bbox 3298 1201 3318 1236; x_wconf 74' lang='grc' dir='ltr'><strong>ι</strong></span> 
     </span>
    </p>
   </div>
   <div class='ocr_carea' id='block_1_27' title="bbox 2174 1275 3696 1352">
    <p class='ocr_par' dir='ltr' id='par_1_27' title="bbox 2174 1275 3696 1352">
     <span class='ocr_line' id='line_1_27' title="bbox 2174 1275 3696 1352; baseline -0.004 -18"><span class='ocrx_word' id='word_1_146' title='bbox 2174 1277 2249 1334; x_wconf 86' lang='grc' dir='ltr'>Τὸ</span> <span class='ocrx_word' id='word_1_147' title='bbox 2293 1280 2394 1351; x_wconf 81' lang='grc' dir='ltr'>τὴν</span> <span class='ocrx_word' id='word_1_148' title='bbox 2435 1278 2790 1352; x_wconf 77' lang='grc' dir='ltr'>εὐχαριστίαν</span> <span class='ocrx_word' id='word_1_149' title='bbox 2837 1277 3132 1348; x_wconf 75' lang='grc' dir='ltr'>ἀναφέρειν</span> <span class='ocrx_word' id='word_1_150' title='bbox 3188 1275 3375 1346; x_wconf 82' lang='grc' dir='ltr'>λέγει,</span> <span class='ocrx_word' id='word_1_151' title='bbox 3421 1275 3518 1330; x_wconf 72' lang='grc' dir='ltr'>καὶ</span> <span class='ocrx_word' id='word_1_152' title='bbox 3564 1291 3696 1344; x_wconf 82' lang='grc' dir='ltr'><strong>¹γεν-</strong></span> 
     </span>
    </p>
   </div>
   <div class='ocr_carea' id='block_1_28' title="bbox 2103 1366 3699 1444">
    <p class='ocr_par' dir='ltr' id='par_1_28' title="bbox 2103 1366 3699 1444">
     <span class='ocr_line' id='line_1_28' title="bbox 2103 1366 3699 1444; baseline -0.004 -16"><span class='ocrx_word' id='word_1_153' title='bbox 2103 1373 2272 1436; x_wconf 85' lang='grc' dir='ltr'>ναίως</span> <span class='ocrx_word' id='word_1_154' title='bbox 2294 1373 2511 1428; x_wconf 77' lang='grc' dir='ltr'>ἅπαντα</span> <span class='ocrx_word' id='word_1_155' title='bbox 2533 1373 2745 1444; x_wconf 84' lang='grc' dir='ltr'>φέρειν,</span> <span class='ocrx_word' id='word_1_156' title='bbox 2769 1370 2956 1425; x_wconf 82' lang='grc' dir='ltr'>καὶτὰ</span> <span class='ocrx_word' id='word_1_157' title='bbox 2972 1367 3234 1424; x_wconf 82' lang='grc' dir='ltr'>δοκοῦντα</span> <span class='ocrx_word' id='word_1_158' title='bbox 3257 1368 3497 1439; x_wconf 86' lang='grc' dir='ltr'>λυπηρά.</span> <span class='ocrx_word' id='word_1_159' title='bbox 3523 1366 3699 1422; x_wconf 76' lang='grc' dir='ltr'>Τοῦτο</span> 
     </span>
    </p>
   </div>
   <div class='ocr_carea' id='block_1_29' title="bbox 2104 1459 3698 1538">
    <p class='ocr_par' dir='ltr' id='par_1_29' title="bbox 2104 1459 3698 1538">
     <span class='ocr_line' id='line_1_29' title="bbox 2104 1459 3698 1538; baseline -0.004 -19"><span class='ocrx_word' id='word_1_160' title='bbox 2104 1466 2274 1536; x_wconf 74' lang='grc' dir='ltr'>ἐγγὺς</span> <span class='ocrx_word' id='word_1_161' title='bbox 2319 1466 2472 1538; x_wconf 75' lang='grc' dir='ltr'>ἡμᾶς</span> <span class='ocrx_word' id='word_1_162' title='bbox 2524 1459 2667 1519; x_wconf 71' lang='grc' dir='ltr'>εἶναι</span> <span class='ocrx_word' id='word_1_163' title='bbox 2700 1465 2849 1518; x_wconf 80' lang='grc' dir='ltr'>ποιεῖ</span> <span class='ocrx_word' id='word_1_164' title='bbox 2900 1463 3076 1517; x_wconf 79' lang='grc' dir='ltr'>Θεοῢο</span> <span class='ocrx_word' id='word_1_165' title='bbox 3122 1464 3246 1518; x_wconf 89' lang='grc' dir='ltr'>τότε</span> <span class='ocrx_word' id='word_1_166' title='bbox 3286 1463 3384 1516; x_wconf 76' lang='grc' dir='ltr'><strong>καὶ</strong></span> <span class='ocrx_word' id='word_1_167' title='bbox 3423 1462 3516 1516; x_wconf 80' lang='grc' dir='ltr'><strong>τὸν</strong></span> <span class='ocrx_word' id='word_1_168' title='bbox 3560 1462 3698 1516; x_wconf 83' lang='grc' dir='ltr'>Θεὸν</span> 
     </span>
    </p>
   </div>
   <div class='ocr_carea' id='block_1_30' title="bbox 2103 1551 3696 1630">
    <p class='ocr_par' dir='ltr' id='par_1_30' title="bbox 2103 1551 3696 1630">
     <span class='ocr_line' id='line_1_30' title="bbox 2103 1551 3696 1630; baseline -0.004 -18"><span class='ocrx_word' id='word_1_169' title='bbox 2103 1559 2391 1630; x_wconf 67' lang='grc' dir='ltr'>ὀφειλέτην</span> <span class='ocrx_word' id='word_1_170' title='bbox 2437 1557 2657 1630; x_wconf 83' lang='grc' dir='ltr'>ἔχομεν.</span> <span class='ocrx_word' id='word_1_171' title='bbox 2698 1557 2868 1611; x_wconf 84' lang='grc' dir='ltr'>’Ὅταν</span> <span class='ocrx_word' id='word_1_172' title='bbox 2928 1555 2986 1609; x_wconf 82' lang='grc' dir='ltr'>δὲ</span> <span class='ocrx_word' id='word_1_173' title='bbox 3030 1555 3093 1609; x_wconf 88' lang='grc' dir='ltr'><strong>ού</strong></span> <span class='ocrx_word' id='word_1_174' title='bbox 3151 1553 3332 1618; x_wconf 84' lang='grc' dir='ltr'>καλῶς</span> <span class='ocrx_word' id='word_1_175' title='bbox 3390 1551 3696 1622; x_wconf 83' lang='grc' dir='ltr'>πάθωμεν.</span> 
     </span>
    </p>
   </div>
   <div class='ocr_carea' id='block_1_31' title="bbox 2103 1645 3698 1724">
    <p class='ocr_par' dir='ltr' id='par_1_31' title="bbox 2103 1645 3698 1724">
     <span class='ocr_line' id='line_1_31' title="bbox 2103 1645 3698 1724; baseline -0.005 -18"><span class='ocrx_word' id='word_1_176' title='bbox 2103 1655 2267 1724; x_wconf 83' lang='grc' dir='ltr'>ἡμεῖς</span> <span class='ocrx_word' id='word_1_177' title='bbox 2301 1655 2469 1722; x_wconf 77' lang='grc' dir='ltr'>ἐσμεν</span> <span class='ocrx_word' id='word_1_178' title='bbox 2506 1651 2786 1720; x_wconf 69' lang='grc' dir='ltr'>ὀφειλέται</span> <span class='ocrx_word' id='word_1_179' title='bbox 2820 1650 2914 1703; x_wconf 72' lang='grc' dir='ltr'><strong>καὶ</strong></span> <span class='ocrx_word' id='word_1_180' title='bbox 2941 1647 3234 1702; x_wconf 83' lang='grc' dir='ltr'>ὑπεύθυνοι</span> <span class='ocrx_word' id='word_1_181' title='bbox 3267 1645 3361 1700; x_wconf 82' lang='grc' dir='ltr'>τοῦ</span> <span class='ocrx_word' id='word_1_182' title='bbox 3394 1645 3568 1711; x_wconf 82' lang='grc' dir='ltr'>Θεοῦ,</span> <span class='ocrx_word' id='word_1_183' title='bbox 3600 1646 3698 1700; x_wconf 71' lang='grc' dir='ltr'>καὶ</span> 
     </span>
    </p>
   </div>
   <div class='ocr_carea' id='block_1_32' title="bbox 413 1731 2004 1814">
    <p class='ocr_par' dir='ltr' id='par_1_32' title="bbox 413 1731 1999 1805">
     <span class='ocr_line' id='line_1_32' title="bbox 413 1731 1999 1805; baseline 0 -17"><span class='ocrx_word' id='word_1_184' title='bbox 413 1734 725 1800; x_wconf 89' lang='lat' dir='ltr'><strong>debitores;</strong></span> <span class='ocrx_word' id='word_1_185' title='bbox 759 1732 854 1787; x_wconf 88' lang='lat' dir='ltr'><strong>scd</strong></span> <span class='ocrx_word' id='word_1_186' title='bbox 889 1744 941 1787; x_wconf 89' lang='lat' dir='ltr'><strong>et</strong></span> <span class='ocrx_word' id='word_1_187' title='bbox 973 1731 1294 1802; x_wconf 86' lang='lat' dir='ltr'><strong>frequenter</strong></span> <span class='ocrx_word' id='word_1_188' title='bbox 1341 1734 1393 1788; x_wconf 91' lang='lat' dir='ltr'><strong>id</strong></span> <span class='ocrx_word' id='word_1_189' title='bbox 1430 1734 1591 1789; x_wconf 87' lang='lat' dir='ltr'><strong>nobis</strong></span> <span class='ocrx_word' id='word_1_190' title='bbox 1630 1733 1686 1788; x_wconf 93' lang='lat' dir='ltr'><strong>in</strong></span> <span class='ocrx_word' id='word_1_191' title='bbox 1725 1735 1999 1805; x_wconf 83' lang='lat' dir='ltr'><strong>judicium</strong></span> 
     </span>
    </p>
   </div>
   <div class='ocr_carea' id='block_1_33' title="bbox 2117 1731 3700 1814">
    <p class='ocr_par' dir='ltr' id='par_1_33' title="bbox 2117 1737 3700 1814">
     <span class='ocr_line' id='line_1_33' title="bbox 2117 1737 3700 1814; baseline -0.004 -17"><span class='ocrx_word' id='word_1_192' title='bbox 2117 1743 2368 1807; x_wconf 80' lang='grc' dir='ltr'>πολλάκις</span> <span class='ocrx_word' id='word_1_193' title='bbox 2397 1745 2429 1814; x_wconf 81' lang='grc' dir='ltr'>ἡ</span> <span class='ocrx_word' id='word_1_194' title='bbox 2441 1743 2558 1813; x_wconf 84' lang='grc' dir='ltr'><strong>μῶν</strong></span> <span class='ocrx_word' id='word_1_195' title='bbox 2597 1742 2775 1796; x_wconf 78' lang='grc' dir='ltr'>ταῦτα</span> <span class='ocrx_word' id='word_1_196' title='bbox 2804 1744 2883 1806; x_wconf 82' lang='grc' dir='ltr'><strong>είς</strong></span> <span class='ocrx_word' id='word_1_197' title='bbox 2917 1742 3100 1813; x_wconf 86' lang='grc' dir='ltr'>κρῖμα</span> <span class='ocrx_word' id='word_1_198' title='bbox 3129 1739 3340 1810; x_wconf 86' lang='grc' dir='ltr'>γίνεται</span> <span class='ocrx_word' id='word_1_199' title='bbox 3365 1755 3380 1769; x_wconf 93' lang='grc'><strong>·</strong></span> <span class='ocrx_word' id='word_1_200' title='bbox 3413 1740 3601 1793; x_wconf 77' lang='grc' dir='ltr'>ἐκεῖνα</span> <span class='ocrx_word' id='word_1_201' title='bbox 3637 1737 3700 1792; x_wconf 71' lang='grc' dir='ltr'>δὲ</span> 
     </span>
    </p>
   </div>
   <div class='ocr_carea' id='block_1_34' title="bbox 411 1804 2004 1906">
    <p class='ocr_par' dir='ltr' id='par_1_34' title="bbox 411 1804 2004 1897">
     <span class='ocr_line' id='line_1_34' title="bbox 411 1804 2004 1897; baseline 0.001 -17"><span class='ocrx_word' id='word_1_202' title='bbox 411 1825 683 1880; x_wconf 78' lang='lat' dir='ltr'><strong>vertitur:</strong></span> <span class='ocrx_word' id='word_1_203' title='bbox 714 1824 969 1896; x_wconf 89' lang='lat' dir='ltr'><strong>quinimu</strong></span> <span class='ocrx_word' id='word_1_204' title='bbox 1027 1824 1246 1881; x_wconf 87' lang='lat' dir='ltr'><strong>dolores</strong></span> <span class='ocrx_word' id='word_1_205' title='bbox 1281 1833 1334 1881; x_wconf 92' lang='lat' dir='ltr'><strong>et</strong></span> <span class='ocrx_word' id='word_1_206' title='bbox 1369 1827 1634 1882; x_wconf 70' lang='lat' dir='ltr'><strong>molestiae</strong></span> <span class='ocrx_word' id='word_1_207' title='bbox 1663 1804 1792 1882; x_wconf 89' lang='lat' dir='ltr'><strong>sunt</strong></span> <span class='ocrx_word' id='word_1_208' title='bbox 1827 1840 2004 1897; x_wconf 62' lang='lat' dir='ltr'><strong>poena</strong></span> 
     </span>
    </p>
   </div>
   <div class='ocr_carea' id='block_1_35' title="bbox 2117 1804 2894 1906">
    <p class='ocr_par' dir='ltr' id='par_1_35' title="bbox 2117 1804 2894 1906">
     <span class='ocr_line' id='line_1_35' title="bbox 2117 1804 2894 1906; baseline -0.001 -16"><span class='ocrx_word' id='word_1_209' title='bbox 2117 1839 2188 1902; x_wconf 77' lang='grc' dir='ltr'><strong>είς</strong></span> <span class='ocrx_word' id='word_1_210' title='bbox 2221 1804 2894 1906; x_wconf 40' lang='grc' dir='ltr'>ἔκτισιν-ἁμαρτημάτωνι</span> 
     </span>
    </p>
   </div>
   <div class='ocr_carea' id='block_1_36' title="bbox 413 1925 797 1989">
    <p class='ocr_par' dir='ltr' id='par_1_36' title="bbox 413 1925 797 1989">
     <span class='ocr_line' id='line_1_36' title="bbox 413 1925 797 1989; baseline 0.008 -19"><span class='ocrx_word' id='word_1_211' title='bbox 413 1925 797 1989; x_wconf 84' lang='lat' dir='ltr'><strong>peccatorum.</strong></span> 
     </span>
    </p>
   </div>
   <div class='ocr_carea' id='block_1_37' title="bbox 487 2007 2004 2082">
    <p class='ocr_par' dir='ltr' id='par_1_37' title="bbox 487 2007 2004 2082">
     <span class='ocr_line' id='line_1_37' title="bbox 487 2007 2004 2082; baseline 0.005 -22"><span class='ocrx_word' id='word_1_212' title='bbox 487 2007 653 2066; x_wconf 76' lang='lat' dir='ltr'><strong>Vens.</strong></span> <span class='ocrx_word' id='word_1_213' title='bbox 709 2008 902 2064; x_wconf 67' lang='lat'><strong>“~24.</strong></span> <span class='ocrx_word' id='word_1_214' title='bbox 961 2029 980 2062; x_wconf 79' lang='grc' dir='ltr'><strong>ι</strong></span> <span class='ocrx_word' id='word_1_215' title='bbox 1018 2009 1248 2065; x_wconf 90' lang='lat' dir='ltr'><strong>Obedite</strong></span> <span class='ocrx_word' id='word_1_216' title='bbox 1298 2011 1614 2082; x_wconf 85' lang='lat' dir='ltr'><strong>praepositis</strong></span> <span class='ocrx_word' id='word_1_217' title='bbox 1665 2012 1891 2078; x_wconf 87' lang='lat' dir='ltr'><strong>vestris,</strong></span> <span class='ocrx_word' id='word_1_218' title='bbox 1948 2021 2004 2068; x_wconf 88' lang='lat' dir='ltr'><strong>et</strong></span> 
     </span>
    </p>
   </div>
   <div class='ocr_carea' id='block_1_38' title="bbox 413 2099 2002 2175">
    <p class='ocr_par' dir='ltr' id='par_1_38' title="bbox 413 2099 2002 2175">
     <span class='ocr_line' id='line_1_38' title="bbox 413 2099 2002 2175; baseline 0.003 -20"><span class='ocrx_word' id='word_1_219' title='bbox 413 2100 716 2171; x_wconf 84' lang='lat' dir='ltr'><strong>subjacete.</strong></span> <span class='ocrx_word' id='word_1_220' title='bbox 782 2099 890 2170; x_wconf 86' lang='lat' dir='ltr'><strong>ipsi</strong></span> <span class='ocrx_word' id='word_1_221' title='bbox 945 2101 1093 2156; x_wconf 91' lang='lat' dir='ltr'><strong>enim</strong></span> <span class='ocrx_word' id='word_1_222' title='bbox 1146 2102 1498 2172; x_wconf 90' lang='lat' dir='ltr'><strong>pervigilant,</strong></span> <span class='ocrx_word' id='word_1_223' title='bbox 1537 2103 1698 2175; x_wconf 89' lang='lat' dir='ltr'><strong>quasi</strong></span> <span class='ocrx_word' id='word_1_224' title='bbox 1730 2105 2002 2160; x_wconf 88' lang='lat' dir='ltr'><strong>rationem</strong></span> 
     </span>
    </p>
   </div>
   <div class='ocr_carea' id='block_1_39' title="bbox 414 2192 2002 2268">
    <p class='ocr_par' dir='ltr' id='par_1_39' title="bbox 414 2192 2002 2268">
     <span class='ocr_line' id='line_1_39' title="bbox 414 2192 2002 2268; baseline 0.004 -22"><span class='ocrx_word' id='word_1_225' title='bbox 414 2208 514 2262; x_wconf 90' lang='lat' dir='ltr'><strong>pro</strong></span> <span class='ocrx_word' id='word_1_226' title='bbox 547 2192 836 2248; x_wconf 85' lang='lat' dir='ltr'><strong>animabus</strong></span> <span class='ocrx_word' id='word_1_227' title='bbox 867 2193 1069 2249; x_wconf 82' lang='lat' dir='ltr'><strong>vestris</strong></span> <span class='ocrx_word' id='word_1_228' title='bbox 1094 2193 1389 2263; x_wconf 90' lang='lat' dir='ltr'><strong>reddituri,</strong></span> <span class='ocrx_word' id='word_1_229' title='bbox 1419 2206 1479 2250; x_wconf 91' lang='lat' dir='ltr'><strong>ut</strong></span> <span class='ocrx_word' id='word_1_230' title='bbox 1509 2212 1636 2252; x_wconf 88' lang='lat' dir='ltr'><strong>cum</strong></span> <span class='ocrx_word' id='word_1_231' title='bbox 1670 2197 1872 2268; x_wconf 81' lang='lat' dir='ltr'><strong>gaudio</strong></span> <span class='ocrx_word' id='word_1_232' title='bbox 1896 2198 2002 2254; x_wconf 89' lang='lat' dir='ltr'><strong>hoc</strong></span> 
     </span>
    </p>
   </div>
   <div class='ocr_carea' id='block_1_40' title="bbox 417 2284 2005 2361">
    <p class='ocr_par' dir='ltr' id='par_1_40' title="bbox 417 2284 2005 2361">
     <span class='ocr_line' id='line_1_40' title="bbox 417 2284 2005 2361; baseline 0.003 -21"><span class='ocrx_word' id='word_1_233' title='bbox 417 2284 649 2351; x_wconf 90' lang='lat' dir='ltr'><strong>faciant,</strong></span> <span class='ocrx_word' id='word_1_234' title='bbox 686 2292 741 2340; x_wconf 89' lang='lat' dir='ltr'><strong>et</strong></span> <span class='ocrx_word' id='word_1_235' title='bbox 775 2300 888 2340; x_wconf 91' lang='lat' dir='ltr'><strong>non</strong></span> <span class='ocrx_word' id='word_1_236' title='bbox 940 2294 1224 2357; x_wconf 75' lang='lat' dir='ltr'><strong>gementes</strong></span> <span class='ocrx_word' id='word_1_237' title='bbox 1259 2302 1272 2341; x_wconf 93' lang='lat'>:</span> <span class='ocrx_word' id='word_1_238' title='bbox 1311 2288 1415 2343; x_wconf 91' lang='lat' dir='ltr'><strong>hoc</strong></span> <span class='ocrx_word' id='word_1_239' title='bbox 1455 2289 1607 2344; x_wconf 89' lang='lat' dir='ltr'><strong>enim</strong></span> <span class='ocrx_word' id='word_1_240' title='bbox 1641 2303 1753 2345; x_wconf 89' lang='lat' dir='ltr'><strong>non</strong></span> <span class='ocrx_word' id='word_1_241' title='bbox 1781 2290 2005 2361; x_wconf 83' lang='lat' dir='ltr'><strong>expedit</strong></span> 
     </span>
    </p>
   </div>
   <div class='ocr_carea' id='block_1_41' title="bbox 419 2374 2002 2451">
    <p class='ocr_par' dir='ltr' id='par_1_41' title="bbox 419 2374 2002 2451">
     <span class='ocr_line' id='line_1_41' title="bbox 419 2374 2002 2451; baseline 0.004 -23"><span class='ocrx_word' id='word_1_242' title='bbox 419 2376 599 2432; x_wconf 76' lang='lat' dir='ltr'><strong>vobis.</strong></span> <span class='ocrx_word' id='word_1_243' title='bbox 658 2374 826 2432; x_wconf 86' lang='lat' dir='ltr'><strong>Orate</strong></span> <span class='ocrx_word' id='word_1_244' title='bbox 866 2389 966 2448; x_wconf 89' lang='lat' dir='ltr'><strong>pro</strong></span> <span class='ocrx_word' id='word_1_245' title='bbox 1019 2377 1202 2434; x_wconf 90' lang='lat' dir='ltr'><strong>nobis.</strong></span> <span class='ocrx_word' id='word_1_246' title='bbox 1268 2377 1617 2435; x_wconf 83' lang='lat' dir='ltr'><strong>Conﬁdimus</strong></span> <span class='ocrx_word' id='word_1_247' title='bbox 1674 2380 1826 2435; x_wconf 90' lang='lat' dir='ltr'><strong>enim</strong></span> <span class='ocrx_word' id='word_1_248' title='bbox 1869 2379 2002 2451; x_wconf 86' lang='lat' dir='ltr'><strong>quia</strong></span> 
     </span>
    </p>
   </div>
   <div class='ocr_carea' id='block_1_42' title="bbox 413 2469 2003 2530">
    <p class='ocr_par' dir='ltr' id='par_1_42' title="bbox 413 2469 2003 2530">
     <span class='ocr_line' id='line_1_42' title="bbox 413 2469 2003 2530; baseline 0.003 -5"><span class='ocrx_word' id='word_1_249' title='bbox 413 2469 618 2525; x_wconf 85' lang='lat' dir='ltr'><strong>bonam</strong></span> <span class='ocrx_word' id='word_1_250' title='bbox 679 2469 1084 2524; x_wconf 89' lang='lat' dir='ltr'><strong>conscientiam</strong></span> <span class='ocrx_word' id='word_1_251' title='bbox 1140 2470 1411 2527; x_wconf 84' lang='lat' dir='ltr'><strong>habemus</strong></span> <span class='ocrx_word' id='word_1_252' title='bbox 1463 2471 1521 2527; x_wconf 89' lang='lat' dir='ltr'><strong>in</strong></span> <span class='ocrx_word' id='word_1_253' title='bbox 1552 2473 1815 2529; x_wconf 91' lang='lat' dir='ltr'><strong>omnibus</strong></span> <span class='ocrx_word' id='word_1_254' title='bbox 1861 2473 2003 2530; x_wconf 86' lang='lat' dir='ltr'><strong>bene</strong></span> 
     </span>
    </p>
   </div>
   <div class='ocr_carea' id='block_1_43' title="bbox 415 2546 2002 2638">
    <p class='ocr_par' dir='ltr' id='par_1_43' title="bbox 415 2546 2002 2638">
     <span class='ocr_line' id='line_1_43' title="bbox 415 2546 2002 2638; baseline 0.004 -22"><span class='ocrx_word' id='word_1_255' title='bbox 415 2546 664 2638; x_wconf 68' lang='lat' dir='ltr'><strong>volerltes</strong></span> <span class='ocrx_word' id='word_1_256' title='bbox 693 2563 1039 2618; x_wconf 79' lang='lat' dir='ltr'><strong>conversari.</strong></span> <span class='ocrx_word' id='word_1_257' title='bbox 1071 2563 1327 2636; x_wconf 82' lang='lat' dir='ltr'><strong>Amplius</strong></span> <span class='ocrx_word' id='word_1_258' title='bbox 1377 2573 1562 2622; x_wconf 87' lang='lat' dir='ltr'><strong>autem</strong></span> <span class='ocrx_word' id='word_1_259' title='bbox 1603 2567 1872 2638; x_wconf 82' lang='lat' dir='ltr'><strong>deprecor</strong></span> <span class='ocrx_word' id='word_1_260' title='bbox 1902 2582 2002 2624; x_wconf 85' lang='lat' dir='ltr'><strong>vos</strong></span> 
     </span>
    </p>
   </div>
   <div class='ocr_carea' id='block_1_44' title="bbox 416 2631 2002 2727">
    <p class='ocr_par' dir='ltr' id='par_1_44' title="bbox 416 2631 2002 2727">
     <span class='ocr_line' id='line_1_44' title="bbox 416 2631 2002 2727; baseline 0.004 -17"><span class='ocrx_word' id='word_1_261' title='bbox 416 2660 520 2712; x_wconf 91' lang='lat' dir='ltr'><strong>hoc</strong></span> <span class='ocrx_word' id='word_1_262' title='bbox 576 2631 785 2722; x_wconf 58' lang='lat' dir='ltr'><strong>iacere,</strong></span> <span class='ocrx_word' id='word_1_263' title='bbox 844 2671 956 2727; x_wconf 90' lang='lat' dir='ltr'><strong>quo</strong></span> <span class='ocrx_word' id='word_1_264' title='bbox 1007 2656 1251 2714; x_wconf 89' lang='lat' dir='ltr'><strong>celerius</strong></span> <span class='ocrx_word' id='word_1_265' title='bbox 1303 2659 1573 2714; x_wconf 85' lang='lat' dir='ltr'><strong>restituar</strong></span> <span class='ocrx_word' id='word_1_266' title='bbox 1622 2660 1799 2716; x_wconf 80' lang='lat' dir='ltr'><strong>vobis.</strong></span> <span class='ocrx_word' id='word_1_267' title='bbox 1855 2658 2002 2716; x_wconf 85' lang='lat' dir='ltr'><strong>Deus</strong></span> 
     </span>
    </p>
   </div>
   <div class='ocr_carea' id='block_1_45' title="bbox 414 2744 2002 2820">
    <p class='ocr_par' dir='ltr' id='par_1_45' title="bbox 414 2744 2002 2820">
     <span class='ocr_line' id='line_1_45' title="bbox 414 2744 2002 2820; baseline 0.003 -20"><span class='ocrx_word' id='word_1_268' title='bbox 414 2755 598 2800; x_wconf 89' lang='lat' dir='ltr'><strong>autem</strong></span> <span class='ocrx_word' id='word_1_269' title='bbox 627 2747 806 2814; x_wconf 88' lang='lat' dir='ltr'><strong>pacis,</strong></span> <span class='ocrx_word' id='word_1_270' title='bbox 830 2746 941 2816; x_wconf 70' lang='lat' dir='ltr'><strong>“qui</strong></span> <span class='ocrx_word' id='word_1_271' title='bbox 972 2744 1165 2801; x_wconf 82' lang='lat' dir='ltr'><strong>eduxit</strong></span> <span class='ocrx_word' id='word_1_272' title='bbox 1207 2747 1276 2804; x_wconf 90' lang='lat' dir='ltr'><strong>de</strong></span> <span class='ocrx_word' id='word_1_273' title='bbox 1306 2749 1546 2802; x_wconf 89' lang='lat' dir='ltr'><strong>mortuis</strong></span> <span class='ocrx_word' id='word_1_274' title='bbox 1570 2760 1848 2820; x_wconf 89' lang='lat' dir='ltr'><strong>pastorem</strong></span> <span class='ocrx_word' id='word_1_275' title='bbox 1883 2765 2002 2805; x_wconf 86' lang='lat' dir='ltr'><strong>ma-</strong></span> 
     </span>
    </p>
   </div>
   <div class='ocr_carea' id='block_1_46' title="bbox 413 2837 2001 2911">
    <p class='ocr_par' dir='ltr' id='par_1_46' title="bbox 413 2837 2001 2911">
     <span class='ocr_line' id='line_1_46' title="bbox 413 2837 2001 2911; baseline 0.003 -19"><span class='ocrx_word' id='word_1_276' title='bbox 413 2851 583 2910; x_wconf 86' lang='lat' dir='ltr'><strong>gnum</strong></span> <span class='ocrx_word' id='word_1_277' title='bbox 614 2837 823 2905; x_wconf 90' lang='lat' dir='ltr'><strong>ovium,</strong></span> <span class='ocrx_word' id='word_1_278' title='bbox 865 2838 919 2892; x_wconf 89' lang='lat' dir='ltr'><strong>in</strong></span> <span class='ocrx_word' id='word_1_279' title='bbox 946 2839 1219 2909; x_wconf 78' lang='lat' dir='ltr'><strong>sanguine</strong></span> <span class='ocrx_word' id='word_1_280' title='bbox 1272 2843 1593 2897; x_wconf 87' lang='lat' dir='ltr'><strong>testamenti</strong></span> <span class='ocrx_word' id='word_1_281' title='bbox 1637 2842 1854 2911; x_wconf 66' lang='lat' dir='ltr'><strong>interni,</strong></span> <span class='ocrx_word' id='word_1_282' title='bbox 1891 2843 2001 2897; x_wconf 91' lang='lat' dir='ltr'><strong>Do-</strong></span> 
     </span>
    </p>
   </div>
   <div class='ocr_carea' id='block_1_47' title="bbox 414 2929 2004 3005">
    <p class='ocr_par' dir='ltr' id='par_1_47' title="bbox 414 2929 2004 3005">
     <span class='ocr_line' id='line_1_47' title="bbox 414 2929 2004 3005; baseline 0.004 -20"><span class='ocrx_word' id='word_1_283' title='bbox 414 2931 626 2986; x_wconf 91' lang='lat' dir='ltr'><strong>minum</strong></span> <span class='ocrx_word' id='word_1_284' title='bbox 669 2936 924 2986; x_wconf 84' lang='lat' dir='ltr'><strong>nostrum</strong></span> <span class='ocrx_word' id='word_1_285' title='bbox 965 2929 1174 2997; x_wconf 85' lang='lat' dir='ltr'><strong>Jesum,</strong></span> <span class='ocrx_word' id='word_1_286' title='bbox 1225 2939 1376 3002; x_wconf 91' lang='lat' dir='ltr'><strong>aptet</strong></span> <span class='ocrx_word' id='word_1_287' title='bbox 1407 2947 1510 2989; x_wconf 85' lang='lat' dir='ltr'><strong>vos</strong></span> <span class='ocrx_word' id='word_1_288' title='bbox 1561 2933 1618 2989; x_wconf 91' lang='lat' dir='ltr'><strong>in</strong></span> <span class='ocrx_word' id='word_1_289' title='bbox 1648 2934 1801 2990; x_wconf 89' lang='lat' dir='ltr'><strong>omni</strong></span> <span class='ocrx_word' id='word_1_290' title='bbox 1833 2949 2004 3005; x_wconf 87' lang='lat' dir='ltr'><strong>opere</strong></span> 
     </span>
    </p>
   </div>
   <div class='ocr_carea' id='block_1_48' title="bbox 415 3021 2005 3093">
    <p class='ocr_par' dir='ltr' id='par_1_48' title="bbox 415 3021 2005 3093">
     <span class='ocr_line' id='line_1_48' title="bbox 415 3021 2005 3093; baseline 0.002 -14"><span class='ocrx_word' id='word_1_291' title='bbox 415 3023 583 3091; x_wconf 87' lang='lat' dir='ltr'><strong>bono,</strong></span> <span class='ocrx_word' id='word_1_292' title='bbox 619 3031 679 3078; x_wconf 87' lang='lat' dir='ltr'><strong>ut</strong></span> <span class='ocrx_word' id='word_1_293' title='bbox 727 3021 946 3078; x_wconf 87' lang='lat' dir='ltr'><strong>faciatis</strong></span> <span class='ocrx_word' id='word_1_294' title='bbox 973 3023 1098 3093; x_wconf 86' lang='lat' dir='ltr'><strong>ejus</strong></span> <span class='ocrx_word' id='word_1_295' title='bbox 1123 3023 1467 3082; x_wconf 85' lang='lat' dir='ltr'><strong>voluntatem</strong></span> <span class='ocrx_word' id='word_1_296' title='bbox 1500 3042 1514 3080; x_wconf 89' lang='lat'><strong>:</strong></span> <span class='ocrx_word' id='word_1_297' title='bbox 1565 3025 1776 3083; x_wconf 85' lang='lat' dir='ltr'><strong>faciens</strong></span> <span class='ocrx_word' id='word_1_298' title='bbox 1817 3027 1873 3081; x_wconf 93' lang='lat' dir='ltr'><strong>in</strong></span> <span class='ocrx_word' id='word_1_299' title='bbox 1905 3042 2005 3082; x_wconf 81' lang='lat' dir='ltr'><strong>vo-</strong></span> 
     </span>
    </p>
   </div>
   <div class='ocr_carea' id='block_1_49' title="bbox 414 3115 2000 3188">
    <p class='ocr_par' dir='ltr' id='par_1_49' title="bbox 414 3115 2000 3188">
     <span class='ocr_line' id='line_1_49' title="bbox 414 3115 2000 3188; baseline 0 -15"><span class='ocrx_word' id='word_1_300' title='bbox 414 3117 502 3173; x_wconf 85' lang='lat' dir='ltr'><strong>bis</strong></span> <span class='ocrx_word' id='word_1_301' title='bbox 531 3119 678 3188; x_wconf 89' lang='lat' dir='ltr'><strong>quod</strong></span> <span class='ocrx_word' id='word_1_302' title='bbox 722 3117 937 3188; x_wconf 86' lang='lat' dir='ltr'><strong>placeat</strong></span> <span class='ocrx_word' id='word_1_303' title='bbox 987 3129 1178 3172; x_wconf 86' lang='lat' dir='ltr'><strong>coram</strong></span> <span class='ocrx_word' id='word_1_304' title='bbox 1228 3132 1288 3172; x_wconf 93' lang='lat' dir='ltr'><strong>se</strong></span> <span class='ocrx_word' id='word_1_305' title='bbox 1333 3132 1433 3188; x_wconf 88' lang='lat' dir='ltr'><strong>per</strong></span> <span class='ocrx_word' id='word_1_306' title='bbox 1452 3115 1644 3174; x_wconf 66' lang='lat' dir='ltr'><strong>Iesum</strong></span> <span class='ocrx_word' id='word_1_307' title='bbox 1696 3117 2000 3187; x_wconf 86' lang='lat' dir='ltr'><strong>Christum,</strong></span> 
     </span>
    </p>
   </div>
   <div class='ocr_carea' id='block_1_50' title="bbox 415 3209 2008 3284">
    <p class='ocr_par' dir='ltr' id='par_1_50' title="bbox 415 3209 2008 3284">
     <span class='ocr_line' id='line_1_50' title="bbox 415 3209 2008 3284; baseline -0.001 -16"><span class='ocrx_word' id='word_1_308' title='bbox 415 3213 506 3268; x_wconf 91' lang='lat' dir='ltr'><strong>cui</strong></span> <span class='ocrx_word' id='word_1_309' title='bbox 547 3219 634 3268; x_wconf 88' lang='lat' dir='ltr'><strong>est</strong></span> <span class='ocrx_word' id='word_1_310' title='bbox 667 3210 843 3282; x_wconf 85' lang='lat' dir='ltr'><strong>gloria</strong></span> <span class='ocrx_word' id='word_1_311' title='bbox 888 3209 944 3265; x_wconf 90' lang='lat' dir='ltr'><strong>in</strong></span> <span class='ocrx_word' id='word_1_312' title='bbox 982 3213 1185 3266; x_wconf 59' lang='lat' dir='ltr'><strong>sarcula</strong></span> <span class='ocrx_word' id='word_1_313' title='bbox 1232 3211 1590 3267; x_wconf 73' lang='lat' dir='ltr'><strong>saeculorum.</strong></span> <span class='ocrx_word' id='word_1_314' title='bbox 1625 3212 1822 3266; x_wconf 83' lang='lat' dir='ltr'><strong>Amen.</strong></span> <span class='ocrx_word' id='word_1_315' title='bbox 1854 3211 2008 3284; x_wconf 78' lang='lat' dir='ltr'><strong>Rogo</strong></span> 
     </span>
    </p>
   </div>
   <div class='ocr_carea' id='block_1_51' title="bbox 416 3302 2004 3370">
    <p class='ocr_par' dir='ltr' id='par_1_51' title="bbox 416 3302 2004 3370">
     <span class='ocr_line' id='line_1_51' title="bbox 416 3302 2004 3370; baseline 0.001 -11"><span class='ocrx_word' id='word_1_316' title='bbox 416 3313 600 3362; x_wconf 87' lang='lat' dir='ltr'><strong>autem</strong></span> <span class='ocrx_word' id='word_1_317' title='bbox 649 3319 770 3367; x_wconf 89' lang='lat' dir='ltr'><strong>vos,</strong></span> <span class='ocrx_word' id='word_1_318' title='bbox 810 3302 1039 3370; x_wconf 86' lang='lat' dir='ltr'><strong>fratres,</strong></span> <span class='ocrx_word' id='word_1_319' title='bbox 1091 3311 1157 3359; x_wconf 90' lang='lat' dir='ltr'><strong>ut</strong></span> <span class='ocrx_word' id='word_1_320' title='bbox 1204 3303 1486 3360; x_wconf 82' lang='lat' dir='ltr'><strong>sull‘eratis</strong></span> <span class='ocrx_word' id='word_1_321' title='bbox 1535 3304 1764 3360; x_wconf 83' lang='lat' dir='ltr'><strong>verbum</strong></span> <span class='ocrx_word' id='word_1_322' title='bbox 1796 3307 2004 3361; x_wconf 76' lang='lat' dir='ltr'><strong>solatii;</strong></span> 
     </span>
    </p>
   </div>
   <div class='ocr_carea' id='block_1_52' title="bbox 419 3393 2009 3467">
    <p class='ocr_par' dir='ltr' id='par_1_52' title="bbox 419 3393 2009 3467">
     <span class='ocr_line' id='line_1_52' title="bbox 419 3393 2009 3467; baseline -0.001 -15"><span class='ocrx_word' id='word_1_323' title='bbox 419 3397 632 3452; x_wconf 87' lang='lat' dir='ltr'><strong>Etenim</strong></span> <span class='ocrx_word' id='word_1_324' title='bbox 689 3396 984 3467; x_wconf 84' lang='lat' dir='ltr'><strong>perpaucis</strong></span> <span class='ocrx_word' id='word_1_325' title='bbox 1032 3395 1235 3467; x_wconf 85' lang='lat' dir='ltr'><strong>scripsi</strong></span> <span class='ocrx_word' id='word_1_326' title='bbox 1277 3396 1462 3452; x_wconf 83' lang='lat' dir='ltr'><strong>vobis.</strong></span> <span class='ocrx_word' id='word_1_327' title='bbox 1508 3394 1838 3467; x_wconf 83' lang='lat' dir='ltr'><strong>Cognoscite</strong></span> <span class='ocrx_word' id='word_1_328' title='bbox 1896 3393 2009 3450; x_wconf 87' lang='lat' dir='ltr'><strong>fra-</strong></span> 
     </span>
    </p>
   </div>
   <div class='ocr_carea' id='block_1_53' title="bbox 417 3488 1314 3548">
    <p class='ocr_par' dir='ltr' id='par_1_53' title="bbox 417 3488 1314 3548">
     <span class='ocr_line' id='line_1_53' title="bbox 417 3488 1314 3548; baseline -0.004 -2"><span class='ocrx_word' id='word_1_329' title='bbox 417 3501 556 3548; x_wconf 88' lang='lat' dir='ltr'><strong>trem</strong></span> <span class='ocrx_word' id='word_1_330' title='bbox 590 3498 843 3546; x_wconf 88' lang='lat' dir='ltr'><strong>nostrum</strong></span> <span class='ocrx_word' id='word_1_331' title='bbox 876 3488 1254 3545; x_wconf 87' lang='lat' dir='ltr'><strong>Timotheum.</strong></span> <span class='ocrx_word' id='word_1_332' title='bbox 1295 3507 1314 3542; x_wconf 70' lang='grc' dir='ltr'><strong>ι</strong></span> 
     </span>
    </p>
   </div>
   <div class='ocr_carea' id='block_1_54' title="bbox 489 3579 2008 3654">
    <p class='ocr_par' dir='ltr' id='par_1_54' title="bbox 489 3579 2008 3654">
     <span class='ocr_line' id='line_1_54' title="bbox 489 3579 2008 3654; baseline -0.001 -18"><span class='ocrx_word' id='word_1_333' title='bbox 489 3583 630 3651; x_wconf 83' lang='lat' dir='ltr'><strong>Quid</strong></span> <span class='ocrx_word' id='word_1_334' title='bbox 660 3597 792 3654; x_wconf 81' lang='lat' dir='ltr'><strong>ergo</strong></span> <span class='ocrx_word' id='word_1_335' title='bbox 842 3581 952 3637; x_wconf 76' lang='lat' dir='ltr'><strong>ait?</strong></span> <span class='ocrx_word' id='word_1_336' title='bbox 999 3580 1279 3653; x_wconf 90' lang='lat' dir='ltr'><strong>nunquid,</strong></span> <span class='ocrx_word' id='word_1_337' title='bbox 1323 3582 1371 3638; x_wconf 90' lang='lat' dir='ltr'><strong>si</strong></span> <span class='ocrx_word' id='word_1_338' title='bbox 1425 3581 1603 3638; x_wconf 89' lang='lat' dir='ltr'><strong>malus</strong></span> <span class='ocrx_word' id='word_1_339' title='bbox 1636 3588 1742 3647; x_wconf 87' lang='lat' dir='ltr'><strong>est,</strong></span> <span class='ocrx_word' id='word_1_340' title='bbox 1776 3579 2008 3636; x_wconf 88' lang='lat' dir='ltr'><strong>obedire</strong></span> 
     </span>
    </p>
   </div>
   <div class='ocr_carea' id='block_1_55' title="bbox 418 3672 2009 3746">
    <p class='ocr_par' dir='ltr' id='par_1_55' title="bbox 418 3672 2009 3746">
     <span class='ocr_line' id='line_1_55' title="bbox 418 3672 2009 3746; baseline -0.003 -15"><span class='ocrx_word' id='word_1_341' title='bbox 418 3675 719 3732; x_wconf 81' lang='lat' dir='ltr'><strong>debemus?</strong></span> <span class='ocrx_word' id='word_1_342' title='bbox 750 3673 1048 3746; x_wconf 88' lang='lat' dir='ltr'><strong>lquomodo</strong></span> <span class='ocrx_word' id='word_1_343' title='bbox 1092 3675 1300 3730; x_wconf 88' lang='lat' dir='ltr'><strong>malum</strong></span> <span class='ocrx_word' id='word_1_344' title='bbox 1350 3673 1605 3729; x_wconf 83' lang='lat' dir='ltr'><strong>dixeris?</strong></span> <span class='ocrx_word' id='word_1_345' title='bbox 1663 3672 1723 3727; x_wconf 92' lang='lat' dir='ltr'><strong>Si</strong></span> <span class='ocrx_word' id='word_1_346' title='bbox 1782 3672 2009 3744; x_wconf 90' lang='lat' dir='ltr'><strong>quidem</strong></span> 
     </span>
    </p>
   </div>
   <div class='ocr_carea' id='block_1_56' title="bbox 419 3765 2009 3838">
    <p class='ocr_par' dir='ltr' id='par_1_56' title="bbox 419 3765 2009 3838">
     <span class='ocr_line' id='line_1_56' title="bbox 419 3765 2009 3838; baseline 0.001 -16"><span class='ocrx_word' id='word_1_347' title='bbox 419 3768 602 3823; x_wconf 83' lang='lat' dir='ltr'><strong>malus</strong></span> <span class='ocrx_word' id='word_1_348' title='bbox 643 3768 716 3823; x_wconf 88' lang='lat' dir='ltr'><strong>sit</strong></span> <span class='ocrx_word' id='word_1_349' title='bbox 749 3767 806 3821; x_wconf 88' lang='lat' dir='ltr'><strong>in</strong></span> <span class='ocrx_word' id='word_1_350' title='bbox 835 3781 1005 3824; x_wconf 89' lang='lat' dir='ltr'><strong>causa</strong></span> <span class='ocrx_word' id='word_1_351' title='bbox 1033 3766 1186 3834; x_wconf 84' lang='lat' dir='ltr'><strong>tldei,</strong></span> <span class='ocrx_word' id='word_1_352' title='bbox 1219 3766 1347 3838; x_wconf 85' lang='lat' dir='ltr'><strong>fuge</strong></span> <span class='ocrx_word' id='word_1_353' title='bbox 1385 3766 1543 3822; x_wconf 90' lang='lat' dir='ltr'><strong>illum</strong></span> <span class='ocrx_word' id='word_1_354' title='bbox 1568 3772 1621 3822; x_wconf 91' lang='lat' dir='ltr'><strong>et</strong></span> <span class='ocrx_word' id='word_1_355' title='bbox 1653 3765 1860 3830; x_wconf 88' lang='lat' dir='ltr'><strong>devita,</strong></span> <span class='ocrx_word' id='word_1_356' title='bbox 1896 3779 2009 3823; x_wconf 89' lang='lat' dir='ltr'><strong>non</strong></span> 
     </span>
    </p>
   </div>
   <div class='ocr_carea' id='block_1_57' title="bbox 421 3857 2009 3930">
    <p class='ocr_par' dir='ltr' id='par_1_57' title="bbox 421 3857 2009 3930">
     <span class='ocr_line' id='line_1_57' title="bbox 421 3857 2009 3930; baseline -0.003 -13"><span class='ocrx_word' id='word_1_357' title='bbox 421 3862 601 3917; x_wconf 90' lang='lat' dir='ltr'><strong>solum</strong></span> <span class='ocrx_word' id='word_1_358' title='bbox 633 3861 682 3917; x_wconf 88' lang='lat' dir='ltr'><strong>si</strong></span> <span class='ocrx_word' id='word_1_359' title='bbox 728 3861 896 3915; x_wconf 90' lang='lat' dir='ltr'><strong>homo</strong></span> <span class='ocrx_word' id='word_1_360' title='bbox 927 3860 1024 3926; x_wconf 87' lang='lat' dir='ltr'><strong>sit,</strong></span> <span class='ocrx_word' id='word_1_361' title='bbox 1055 3861 1153 3916; x_wconf 90' lang='lat' dir='ltr'><strong>sed</strong></span> <span class='ocrx_word' id='word_1_362' title='bbox 1192 3867 1247 3915; x_wconf 91' lang='lat' dir='ltr'><strong>et</strong></span> <span class='ocrx_word' id='word_1_363' title='bbox 1287 3861 1334 3915; x_wconf 87' lang='lat' dir='ltr'><strong>si</strong></span> <span class='ocrx_word' id='word_1_364' title='bbox 1366 3859 1435 3915; x_wconf 92' lang='lat' dir='ltr'><strong>de</strong></span> <span class='ocrx_word' id='word_1_365' title='bbox 1476 3859 1618 3915; x_wconf 83' lang='lat' dir='ltr'><strong>ccelo</strong></span> <span class='ocrx_word' id='word_1_366' title='bbox 1653 3859 1882 3930; x_wconf 87' lang='lat' dir='ltr'><strong>angelus</strong></span> <span class='ocrx_word' id='word_1_367' title='bbox 1912 3857 2009 3913; x_wconf 84' lang='lat' dir='ltr'><strong>de-</strong></span> 
     </span>
    </p>
   </div>
   <div class='ocr_carea' id='block_1_58' title="bbox 417 3949 2009 4017">
    <p class='ocr_par' dir='ltr' id='par_1_58' title="bbox 417 3949 2009 4017">
     <span class='ocr_line' id='line_1_58' title="bbox 417 3949 2009 4017; baseline -0.001 -9"><span class='ocrx_word' id='word_1_368' title='bbox 417 3952 718 4008; x_wconf 83' lang='lat' dir='ltr'><strong>scenderit.</strong></span> <span class='ocrx_word' id='word_1_369' title='bbox 771 3951 869 4007; x_wconf 92' lang='lat' dir='ltr'><strong>Sin</strong></span> <span class='ocrx_word' id='word_1_370' title='bbox 901 3967 1034 4008; x_wconf 87' lang='lat' dir='ltr'><strong>vero</strong></span> <span class='ocrx_word' id='word_1_371' title='bbox 1078 3952 1137 4007; x_wconf 93' lang='lat' dir='ltr'><strong>in</strong></span> <span class='ocrx_word' id='word_1_372' title='bbox 1193 3951 1320 4007; x_wconf 72' lang='lat' dir='ltr'><strong>vitae</strong></span> <span class='ocrx_word' id='word_1_373' title='bbox 1362 3951 1603 4017; x_wconf 87' lang='lat' dir='ltr'><strong>ratione,</strong></span> <span class='ocrx_word' id='word_1_374' title='bbox 1635 3967 1702 4006; x_wconf 91' lang='lat' dir='ltr'><strong>ne</strong></span> <span class='ocrx_word' id='word_1_375' title='bbox 1730 3950 1783 4006; x_wconf 91' lang='lat' dir='ltr'><strong>id</strong></span> <span class='ocrx_word' id='word_1_376' title='bbox 1819 3949 2009 4006; x_wconf 90' lang='lat' dir='ltr'><strong>curio-</strong></span> 
     </span>
    </p>
   </div>
   <div class='ocr_carea' id='block_1_59' title="bbox 421 4041 2004 4116">
    <p class='ocr_par' dir='ltr' id='par_1_59' title="bbox 421 4041 2004 4116">
     <span class='ocr_line' id='line_1_59' title="bbox 421 4041 2004 4116; baseline -0.003 -14"><span class='ocrx_word' id='word_1_377' title='bbox 421 4047 538 4102; x_wconf 83' lang='lat' dir='ltr'><strong>sius</strong></span> <span class='ocrx_word' id='word_1_378' title='bbox 597 4044 869 4116; x_wconf 87' lang='lat' dir='ltr'><strong>inquiras.</strong></span> <span class='ocrx_word' id='word_1_379' title='bbox 923 4044 1064 4100; x_wconf 86' lang='lat' dir='ltr'><strong>Nam</strong></span> <span class='ocrx_word' id='word_1_380' title='bbox 1112 4044 1244 4099; x_wconf 90' lang='lat' dir='ltr'><strong>audi</strong></span> <span class='ocrx_word' id='word_1_381' title='bbox 1297 4044 1432 4112; x_wconf 89' lang='lat' dir='ltr'><strong>quid</strong></span> <span class='ocrx_word' id='word_1_382' title='bbox 1480 4042 1743 4100; x_wconf 89' lang='lat' dir='ltr'><strong>Christus</strong></span> <span class='ocrx_word' id='word_1_383' title='bbox 1809 4041 2004 4098; x_wconf 85' lang='lat' dir='ltr'><strong>dicat:</strong></span> 
     </span>
    </p>
   </div>
   <div class='ocr_carea' id='block_1_60' title="bbox 423 4120 2007 4209">
    <p class='ocr_par' dir='ltr' id='par_1_60' title="bbox 423 4120 2007 4209">
     <span class='ocr_line' id='line_1_60' title="bbox 423 4120 2007 4209; baseline -0.002 -17"><span class='ocrx_word' id='word_1_384' title='bbox 423 4120 594 4208; x_wconf 80' lang='lat' dir='ltr'><strong>Super</strong></span> <span class='ocrx_word' id='word_1_385' title='bbox 627 4138 939 4193; x_wconf 82' lang='lat' dir='ltr'><strong>cathedram</strong></span> <span class='ocrx_word' id='word_1_386' title='bbox 980 4136 1159 4209; x_wconf 80' lang='lat' dir='ltr'><strong>Moysi</strong></span> <span class='ocrx_word' id='word_1_387' title='bbox 1198 4136 1445 4192; x_wconf 84' lang='lat' dir='ltr'><strong>sederunt</strong></span> <span class='ocrx_word' id='word_1_388' title='bbox 1492 4135 1697 4192; x_wconf 72' lang='lat' dir='ltr'><strong>Scriba:</strong></span> <span class='ocrx_word' id='word_1_389' title='bbox 1727 4145 1778 4190; x_wconf 86' lang='lat' dir='ltr'><strong>et</strong></span> <span class='ocrx_word' id='word_1_390' title='bbox 1809 4135 2007 4190; x_wconf 79' lang='lat' dir='ltr'><strong>Phari-</strong></span> 
     </span>
    </p>
   </div>
   <div class='ocr_carea' id='block_1_61' title="bbox 423 4230 2008 4287">
    <p class='ocr_par' dir='ltr' id='par_1_61' title="bbox 423 4230 2008 4287">
     <span class='ocr_line' id='line_1_61' title="bbox 423 4230 2008 4287; baseline -0.002 -1"><span class='ocrx_word' id='word_1_391' title='bbox 423 4233 516 4286; x_wconf 67' lang='lat' dir='ltr'><strong>sai</strong></span> <span class='ocrx_word' id='word_1_392' title='bbox 550 4231 610 4286; x_wconf 76' lang='lat'><strong>&quot;.</strong></span> <span class='ocrx_word' id='word_1_393' title='bbox 643 4231 780 4287; x_wconf 90' lang='lat' dir='ltr'><strong>Cum</strong></span> <span class='ocrx_word' id='word_1_394' title='bbox 837 4231 1009 4286; x_wconf 88' lang='lat' dir='ltr'><strong>multa</strong></span> <span class='ocrx_word' id='word_1_395' title='bbox 1044 4230 1262 4286; x_wconf 90' lang='lat' dir='ltr'><strong>illorum</strong></span> <span class='ocrx_word' id='word_1_396' title='bbox 1320 4231 1463 4284; x_wconf 87' lang='lat' dir='ltr'><strong>mala</strong></span> <span class='ocrx_word' id='word_1_397' title='bbox 1512 4236 1640 4283; x_wconf 87' lang='lat' dir='ltr'><strong>ante</strong></span> <span class='ocrx_word' id='word_1_398' title='bbox 1667 4243 2008 4283; x_wconf 76' lang='lat' dir='ltr'><strong>commento-</strong></span> 
     </span>
    </p>
   </div>
   <div class='ocr_carea' id='block_1_62' title="bbox 426 4321 2006 4393">
    <p class='ocr_par' dir='ltr' id='par_1_62' title="bbox 426 4321 2006 4393">
     <span class='ocr_line' id='line_1_62' title="bbox 426 4321 2006 4393; baseline 0 -14"><span class='ocrx_word' id='word_1_399' title='bbox 426 4334 626 4388; x_wconf 87' lang='lat' dir='ltr'><strong>rasset,</strong></span> <span class='ocrx_word' id='word_1_400' title='bbox 659 4331 794 4378; x_wconf 92' lang='lat' dir='ltr'><strong>tunc</strong></span> <span class='ocrx_word' id='word_1_401' title='bbox 822 4324 921 4388; x_wconf 88' lang='lat' dir='ltr'><strong>ait,</strong></span> <span class='ocrx_word' id='word_1_402' title='bbox 977 4321 1150 4393; x_wconf 79' lang='lat' dir='ltr'><strong>Super</strong></span> <span class='ocrx_word' id='word_1_403' title='bbox 1193 4323 1503 4376; x_wconf 83' lang='lat' dir='ltr'><strong>cathedram</strong></span> <span class='ocrx_word' id='word_1_404' title='bbox 1535 4321 1711 4393; x_wconf 77' lang='lat' dir='ltr'><strong>Moysi</strong></span> <span class='ocrx_word' id='word_1_405' title='bbox 1733 4323 2006 4379; x_wconf 83' lang='lat' dir='ltr'><strong>sederunt.</strong></span> 
     </span>
    </p>
   </div>
   <div class='ocr_carea' id='block_1_63' title="bbox 426 4417 2006 4489">
    <p class='ocr_par' dir='ltr' id='par_1_63' title="bbox 426 4417 2006 4489">
     <span class='ocr_line' id='line_1_63' title="bbox 426 4417 2006 4489; baseline 0.001 -15"><span class='ocrx_word' id='word_1_406' title='bbox 426 4417 622 4475; x_wconf 82' lang='lat' dir='ltr'><strong>Omnia</strong></span> <span class='ocrx_word' id='word_1_407' title='bbox 646 4434 769 4489; x_wconf 87' lang='lat' dir='ltr'><strong>ergo</strong></span> <span class='ocrx_word' id='word_1_408' title='bbox 816 4433 1140 4489; x_wconf 65' lang='lat' dir='ltr'><strong>quaecunque</strong></span> <span class='ocrx_word' id='word_1_409' title='bbox 1184 4417 1422 4473; x_wconf 69' lang='lat' dir='ltr'><strong>dixerint</strong></span> <span class='ocrx_word' id='word_1_410' title='bbox 1475 4418 1618 4474; x_wconf 83' lang='lat' dir='ltr'><strong>vobis</strong></span> <span class='ocrx_word' id='word_1_411' title='bbox 1675 4430 1733 4474; x_wconf 86' lang='lat' dir='ltr'><strong>ut</strong></span> <span class='ocrx_word' id='word_1_412' title='bbox 1765 4420 2006 4489; x_wconf 77' lang='lat' dir='ltr'><strong>faciatis,</strong></span> 
     </span>
    </p>
   </div>
   <div class='ocr_carea' id='block_1_64' title="bbox 2187 2009 3692 2084">
    <p class='ocr_par' dir='ltr' id='par_1_64' title="bbox 2187 2009 3692 2084">
     <span class='ocr_line' id='line_1_64' title="bbox 2187 2009 3692 2084; baseline -0.001 -16"><span class='ocrx_word' id='word_1_413' title='bbox 2187 2033 2206 2068; x_wconf 83' lang='grc' dir='ltr'><strong>ι</strong></span> <span class='ocrx_word' id='word_1_414' title='bbox 2245 2013 2508 2069; x_wconf 87' lang='grc' dir='ltr'>Πείθεσθε</span> <span class='ocrx_word' id='word_1_415' title='bbox 2553 2014 2666 2076; x_wconf 84' lang='grc' dir='ltr'>τοῖς</span> <span class='ocrx_word' id='word_1_416' title='bbox 2696 2011 3026 2084; x_wconf 80' lang='grc' dir='ltr'>ἡγουμένοις</span> <span class='ocrx_word' id='word_1_417' title='bbox 3057 2010 3246 2082; x_wconf 85' lang='grc' dir='ltr'>ὑμῶν,</span> <span class='ocrx_word' id='word_1_418' title='bbox 3281 2012 3374 2066; x_wconf 73' lang='grc' dir='ltr'><strong>καὶ</strong></span> <span class='ocrx_word' id='word_1_419' title='bbox 3411 2009 3692 2067; x_wconf 81' lang='grc' dir='ltr'>ὑπείκετε.</span> 
     </span>
    </p>
   </div>
   <div class='ocr_carea' id='block_1_65' title="bbox 2109 2101 3699 2175">
    <p class='ocr_par' dir='ltr' id='par_1_65' title="bbox 2109 2101 3699 2175">
     <span class='ocr_line' id='line_1_65' title="bbox 2109 2101 3699 2175; baseline -0.002 -17"><span class='ocrx_word' id='word_1_420' title='bbox 2109 2104 2274 2158; x_wconf 71' lang='grc' dir='ltr'>Αὐτοὶ</span> <span class='ocrx_word' id='word_1_421' title='bbox 2305 2105 2415 2175; x_wconf 74' lang='grc' dir='ltr'>γὰρ</span> <span class='ocrx_word' id='word_1_422' title='bbox 2451 2102 2828 2175; x_wconf 74' lang='grc' dir='ltr'>ἀγρυπνοῦσιν</span> <span class='ocrx_word' id='word_1_423' title='bbox 2859 2102 3001 2174; x_wconf 81' lang='grc' dir='ltr'>ὑπὲρ</span> <span class='ocrx_word' id='word_1_424' title='bbox 3030 2102 3140 2155; x_wconf 87' lang='grc' dir='ltr'><strong>τῶν</strong></span> <span class='ocrx_word' id='word_1_425' title='bbox 3174 2101 3364 2173; x_wconf 76' lang='grc' dir='ltr'>ψυχῶν</span> <span class='ocrx_word' id='word_1_426' title='bbox 3397 2101 3582 2174; x_wconf 87' lang='grc' dir='ltr'>ὑμῶν,</span> <span class='ocrx_word' id='word_1_427' title='bbox 3621 2103 3699 2168; x_wconf 85' lang='grc' dir='ltr'>ὡς</span> 
     </span>
    </p>
   </div>
   <div class='ocr_carea' id='block_1_66' title="bbox 2107 2193 3696 2266">
    <p class='ocr_par' dir='ltr' id='par_1_66' title="bbox 2107 2193 3696 2266">
     <span class='ocr_line' id='line_1_66' title="bbox 2107 2193 3696 2266; baseline -0.003 -15"><span class='ocrx_word' id='word_1_428' title='bbox 2107 2196 2266 2266; x_wconf 89' lang='grc' dir='ltr'>λόγον</span> <span class='ocrx_word' id='word_1_429' title='bbox 2308 2194 2719 2260; x_wconf 80' lang='grc' dir='ltr'>ἀποδώσοντες,</span> <span class='ocrx_word' id='word_1_430' title='bbox 2755 2194 2842 2248; x_wconf 81' lang='grc' dir='ltr'><strong>ἵνα</strong></span> <span class='ocrx_word' id='word_1_431' title='bbox 2873 2197 3011 2264; x_wconf 83' lang='grc' dir='ltr'><strong>μετά</strong></span> <span class='ocrx_word' id='word_1_432' title='bbox 3043 2195 3220 2266; x_wconf 80' lang='grc' dir='ltr'>χαρᾶς</span> <span class='ocrx_word' id='word_1_433' title='bbox 3267 2193 3428 2248; x_wconf 84' lang='grc' dir='ltr'>τοῦτο</span> <span class='ocrx_word' id='word_1_434' title='bbox 3459 2193 3654 2248; x_wconf 83' lang='grc' dir='ltr'>ποιῶσι</span> <span class='ocrx_word' id='word_1_435' title='bbox 3677 2235 3696 2260; x_wconf 87' lang='grc'><strong>,</strong></span> 
     </span>
    </p>
   </div>
   <div class='ocr_carea' id='block_1_67' title="bbox 2109 2284 3694 2359">
    <p class='ocr_par' dir='ltr' id='par_1_67' title="bbox 2109 2284 3694 2359">
     <span class='ocr_line' id='line_1_67' title="bbox 2109 2284 3694 2359; baseline -0.001 -17"><span class='ocrx_word' id='word_1_436' title='bbox 2109 2289 2204 2342; x_wconf 72' lang='grc' dir='ltr'><strong>καὶ</strong></span> <span class='ocrx_word' id='word_1_437' title='bbox 2241 2287 2314 2358; x_wconf 83' lang='grc' dir='ltr'>μὴ</span> <span class='ocrx_word' id='word_1_438' title='bbox 2367 2285 2758 2352; x_wconf 78' lang='grc' dir='ltr'>στενάζοντες·</span> <span class='ocrx_word' id='word_1_439' title='bbox 2817 2284 3132 2350; x_wconf 80' lang='grc' dir='ltr'>ἀλυσιτελὲς</span> <span class='ocrx_word' id='word_1_440' title='bbox 3178 2286 3287 2359; x_wconf 80' lang='grc' dir='ltr'>γὰρ</span> <span class='ocrx_word' id='word_1_441' title='bbox 3340 2287 3469 2359; x_wconf 83' lang='grc' dir='ltr'>ὑμῖν</span> <span class='ocrx_word' id='word_1_442' title='bbox 3513 2287 3694 2341; x_wconf 85' lang='grc' dir='ltr'>τοῦτο.</span> 
     </span>
    </p>
   </div>
   <div class='ocr_carea' id='block_1_68' title="bbox 2109 2379 3700 2456">
    <p class='ocr_par' dir='ltr' id='par_1_68' title="bbox 2109 2379 3700 2456">
     <span class='ocr_line' id='line_1_68' title="bbox 2109 2379 3700 2456; baseline -0.002 -19"><span class='ocrx_word' id='word_1_443' title='bbox 2109 2379 2490 2456; x_wconf 84' lang='grc' dir='ltr'>Προσεύχεσθε</span> <span class='ocrx_word' id='word_1_444' title='bbox 2533 2380 2664 2452; x_wconf 76' lang='grc' dir='ltr'>περὶ</span> <span class='ocrx_word' id='word_1_445' title='bbox 2697 2379 2876 2452; x_wconf 57' lang='grc' dir='ltr'><strong>⁴ἡμῶν.</strong></span> <span class='ocrx_word' id='word_1_446' title='bbox 2913 2379 3268 2452; x_wconf 88' lang='grc' dir='ltr'>Πεποίθαμεν</span> <span class='ocrx_word' id='word_1_447' title='bbox 3311 2379 3440 2452; x_wconf 85' lang='grc' dir='ltr'>γὰρ,</span> <span class='ocrx_word' id='word_1_448' title='bbox 3471 2381 3554 2434; x_wconf 82' lang='grc' dir='ltr'>ὅτι</span> <span class='ocrx_word' id='word_1_449' title='bbox 3598 2397 3700 2434; x_wconf 83' lang='grc' dir='ltr'>κα-</span> 
     </span>
    </p>
   </div>
   <div class='ocr_carea' id='block_1_69' title="bbox 2107 2473 3699 2547">
    <p class='ocr_par' dir='ltr' id='par_1_69' title="bbox 2107 2473 3699 2547">
     <span class='ocr_line' id='line_1_69' title="bbox 2107 2473 3699 2547; baseline -0.001 -19"><span class='ocrx_word' id='word_1_450' title='bbox 2107 2474 2207 2546; x_wconf 76' lang='grc' dir='ltr'><strong>λὴν</strong></span> <span class='ocrx_word' id='word_1_451' title='bbox 2230 2474 2537 2547; x_wconf 85' lang='grc' dir='ltr'>συνείδησιν</span> <span class='ocrx_word' id='word_1_452' title='bbox 2558 2473 2754 2546; x_wconf 75' lang='grc' dir='ltr'>ἔχομεν</span> <span class='ocrx_word' id='word_1_453' title='bbox 2777 2477 2835 2528; x_wconf 80' lang='grc' dir='ltr'>ὲν</span> <span class='ocrx_word' id='word_1_454' title='bbox 2864 2477 3051 2543; x_wconf 77' lang='grc' dir='ltr'>πᾶσιν,</span> <span class='ocrx_word' id='word_1_455' title='bbox 3087 2474 3270 2539; x_wconf 85' lang='grc' dir='ltr'>καλῶς</span> <span class='ocrx_word' id='word_1_456' title='bbox 3299 2474 3543 2540; x_wconf 83' lang='grc' dir='ltr'>θέλοντες</span> <span class='ocrx_word' id='word_1_457' title='bbox 3567 2475 3699 2530; x_wconf 83' lang='grc' dir='ltr'>ἀνα-</span> 
     </span>
    </p>
   </div>
   <div class='ocr_carea' id='block_1_70' title="bbox 2111 2566 3697 2642">
    <p class='ocr_par' dir='ltr' id='par_1_70' title="bbox 2111 2566 3697 2642">
     <span class='ocr_line' id='line_1_70' title="bbox 2111 2566 3697 2642; baseline 0.001 -22"><span class='ocrx_word' id='word_1_458' title='bbox 2111 2566 2461 2640; x_wconf 81' lang='grc' dir='ltr'>στρέφεσθαι.</span> <span class='ocrx_word' id='word_1_459' title='bbox 2492 2568 2904 2641; x_wconf 83' lang='grc' dir='ltr'>Περισσοτέρως</span> <span class='ocrx_word' id='word_1_460' title='bbox 2930 2569 2987 2622; x_wconf 83' lang='grc' dir='ltr'><strong>δὲ</strong></span> <span class='ocrx_word' id='word_1_461' title='bbox 3020 2568 3326 2642; x_wconf 79' lang='grc' dir='ltr'>παρακαλῶ</span> <span class='ocrx_word' id='word_1_462' title='bbox 3347 2568 3507 2623; x_wconf 81' lang='grc' dir='ltr'>τοῦτο</span> <span class='ocrx_word' id='word_1_463' title='bbox 3535 2568 3697 2639; x_wconf 84' lang='grc' dir='ltr'>ποιῆ-</span> 
     </span>
    </p>
   </div>
   <div class='ocr_carea' id='block_1_71' title="bbox 2111 2661 3699 2734">
    <p class='ocr_par' dir='ltr' id='par_1_71' title="bbox 2111 2661 3699 2734">
     <span class='ocr_line' id='line_1_71' title="bbox 2111 2661 3699 2734; baseline -0.002 -17"><span class='ocrx_word' id='word_1_464' title='bbox 2111 2680 2236 2730; x_wconf 91' lang='grc' dir='ltr'>σαι,</span> <span class='ocrx_word' id='word_1_465' title='bbox 2271 2663 2357 2716; x_wconf 82' lang='grc' dir='ltr'>ἵνα</span> <span class='ocrx_word' id='word_1_466' title='bbox 2389 2661 2577 2734; x_wconf 83' lang='grc' dir='ltr'>τάχιον</span> <span class='ocrx_word' id='word_1_467' title='bbox 2607 2662 3050 2716; x_wconf 84' lang='grc' dir='ltr'>ἀποκατασταθῶ</span> <span class='ocrx_word' id='word_1_468' title='bbox 3076 2662 3230 2733; x_wconf 82' lang='grc' dir='ltr'>ύμῖν.</span> <span class='ocrx_word' id='word_1_469' title='bbox 3271 2663 3329 2716; x_wconf 88' lang='lat'><strong>&#39;0</strong></span> <span class='ocrx_word' id='word_1_470' title='bbox 3357 2662 3414 2716; x_wconf 84' lang='grc' dir='ltr'>δὲ</span> <span class='ocrx_word' id='word_1_471' title='bbox 3434 2662 3569 2726; x_wconf 79' lang='grc' dir='ltr'>Θεὸς</span> <span class='ocrx_word' id='word_1_472' title='bbox 3596 2661 3699 2732; x_wconf 80' lang='grc' dir='ltr'>τῆς</span> 
     </span>
    </p>
   </div>
   <div class='ocr_carea' id='block_1_72' title="bbox 2109 2753 3698 2827">
    <p class='ocr_par' dir='ltr' id='par_1_72' title="bbox 2109 2753 3698 2827">
     <span class='ocr_line' id='line_1_72' title="bbox 2109 2753 3698 2827; baseline -0.001 -19"><span class='ocrx_word' id='word_1_473' title='bbox 2109 2756 2354 2827; x_wconf 79' lang='grc' dir='ltr'>εἰρήνης,</span> <span class='ocrx_word' id='word_1_474' title='bbox 2388 2757 2416 2808; x_wconf 85' lang='grc' dir='ltr'>ὁ</span> <span class='ocrx_word' id='word_1_475' title='bbox 2464 2753 2760 2824; x_wconf 84' lang='grc' dir='ltr'>ἀναγαγὼν</span> <span class='ocrx_word' id='word_1_476' title='bbox 2808 2756 2872 2808; x_wconf 76' lang='grc' dir='ltr'>ἐκ</span> <span class='ocrx_word' id='word_1_477' title='bbox 2911 2754 3124 2826; x_wconf 83' lang='grc' dir='ltr'>νεκρῶν</span> <span class='ocrx_word' id='word_1_478' title='bbox 3159 2755 3250 2808; x_wconf 75' lang='grc' dir='ltr'><strong>τὸν</strong></span> <span class='ocrx_word' id='word_1_479' title='bbox 3302 2754 3543 2825; x_wconf 80' lang='grc' dir='ltr'>ποιμένα</span> <span class='ocrx_word' id='word_1_480' title='bbox 3589 2753 3698 2807; x_wconf 89' lang='grc' dir='ltr'><strong>τῶν</strong></span> 
     </span>
    </p>
   </div>
   <div class='ocr_carea' id='block_1_73' title="bbox 2110 2846 3700 2921">
    <p class='ocr_par' dir='ltr' id='par_1_73' title="bbox 2110 2846 3700 2921">
     <span class='ocr_line' id='line_1_73' title="bbox 2110 2846 3700 2921; baseline -0.001 -20"><span class='ocrx_word' id='word_1_481' title='bbox 2110 2847 2402 2921; x_wconf 80' lang='grc' dir='ltr'>προϐάτων</span> <span class='ocrx_word' id='word_1_482' title='bbox 2438 2847 2530 2902; x_wconf 80' lang='grc' dir='ltr'><strong>τὸν</strong></span> <span class='ocrx_word' id='word_1_483' title='bbox 2563 2847 2769 2919; x_wconf 80' lang='grc' dir='ltr'>μέγαν,</span> <span class='ocrx_word' id='word_1_484' title='bbox 2807 2849 2865 2902; x_wconf 83' lang='grc' dir='ltr'>ὲν</span> <span class='ocrx_word' id='word_1_485' title='bbox 2900 2846 3097 2918; x_wconf 83' lang='grc' dir='ltr'>αἵματι</span> <span class='ocrx_word' id='word_1_486' title='bbox 3133 2847 3403 2920; x_wconf 84' lang='grc' dir='ltr'>διαθήκης</span> <span class='ocrx_word' id='word_1_487' title='bbox 3432 2847 3658 2902; x_wconf 79' lang='grc' dir='ltr'>αἰωνίου</span> <span class='ocrx_word' id='word_1_488' title='bbox 3681 2888 3700 2914; x_wconf 88' lang='grc'><strong>,</strong></span> 
     </span>
    </p>
   </div>
   <div class='ocr_carea' id='block_1_74' title="bbox 2109 2939 3705 3014">
    <p class='ocr_par' dir='ltr' id='par_1_74' title="bbox 2109 2939 3705 3014">
     <span class='ocr_line' id='line_1_74' title="bbox 2109 2939 3705 3014; baseline -0.003 -18"><span class='ocrx_word' id='word_1_489' title='bbox 2109 2943 2200 2996; x_wconf 78' lang='grc' dir='ltr'><strong>τὸν</strong></span> <span class='ocrx_word' id='word_1_490' title='bbox 2225 2941 2430 3014; x_wconf 79' lang='grc' dir='ltr'>Κύριον</span> <span class='ocrx_word' id='word_1_491' title='bbox 2459 2941 2618 3013; x_wconf 80' lang='grc' dir='ltr'>ἡμῶν</span> <span class='ocrx_word' id='word_1_492' title='bbox 2661 2939 2891 3012; x_wconf 72' lang='grc' dir='ltr'>Ἰησοῦν,</span> <span class='ocrx_word' id='word_1_493' title='bbox 2923 2939 3256 3014; x_wconf 83' lang='grc' dir='ltr'>καταρτίσαι</span> <span class='ocrx_word' id='word_1_494' title='bbox 3282 2939 3427 3010; x_wconf 74' lang='grc' dir='ltr'>ὑμᾶς</span> <span class='ocrx_word' id='word_1_495' title='bbox 3450 2942 3509 2993; x_wconf 84' lang='grc' dir='ltr'>ὲν</span> <span class='ocrx_word' id='word_1_496' title='bbox 3536 2939 3705 2993; x_wconf 74' lang='grc' dir='ltr'>παντὶ</span> 
     </span>
    </p>
   </div>
   <div class='ocr_carea' id='block_1_75' title="bbox 2109 3032 3708 3108">
    <p class='ocr_par' dir='ltr' id='par_1_75' title="bbox 2109 3032 3708 3108">
     <span class='ocr_line' id='line_1_75' title="bbox 2109 3032 3708 3108; baseline -0.002 -18"><span class='ocrx_word' id='word_1_497' title='bbox 2109 3036 2257 3108; x_wconf 79' lang='grc' dir='ltr'>ἔργῳ</span> <span class='ocrx_word' id='word_1_498' title='bbox 2283 3036 2494 3108; x_wconf 81' lang='grc' dir='ltr'>ἀγαθῷ,</span> <span class='ocrx_word' id='word_1_499' title='bbox 2521 3039 2600 3100; x_wconf 74' lang='grc' dir='ltr'><strong>εἰς</strong></span> <span class='ocrx_word' id='word_1_500' title='bbox 2627 3036 2688 3090; x_wconf 86' lang='grc' dir='ltr'><strong>τὸ</strong></span> <span class='ocrx_word' id='word_1_501' title='bbox 2718 3037 2944 3107; x_wconf 81' lang='grc' dir='ltr'>ποιῆσαι</span> <span class='ocrx_word' id='word_1_502' title='bbox 2978 3036 3039 3090; x_wconf 79' lang='grc' dir='ltr'>τὸ</span> <span class='ocrx_word' id='word_1_503' title='bbox 3065 3035 3278 3106; x_wconf 79' lang='grc' dir='ltr'>θέλημα</span> <span class='ocrx_word' id='word_1_504' title='bbox 3307 3032 3496 3101; x_wconf 80' lang='grc' dir='ltr'>αὐτοῦ,</span> <span class='ocrx_word' id='word_1_505' title='bbox 3531 3033 3708 3087; x_wconf 55' lang='grc' dir='ltr'>ποιῶν</span> 
     </span>
    </p>
   </div>
   <div class='ocr_carea' id='block_1_76' title="bbox 2110 3123 3705 3199">
    <p class='ocr_par' dir='ltr' id='par_1_76' title="bbox 2110 3123 3705 3199">
     <span class='ocr_line' id='line_1_76' title="bbox 2110 3123 3705 3199; baseline -0.001 -19"><span class='ocrx_word' id='word_1_506' title='bbox 2110 3127 2169 3180; x_wconf 82' lang='grc' dir='ltr'>ὲν</span> <span class='ocrx_word' id='word_1_507' title='bbox 2215 3129 2345 3199; x_wconf 85' lang='grc' dir='ltr'>ύμῖν</span> <span class='ocrx_word' id='word_1_508' title='bbox 2390 3127 2453 3182; x_wconf 80' lang='grc' dir='ltr'>τὸ</span> <span class='ocrx_word' id='word_1_509' title='bbox 2505 3129 2798 3198; x_wconf 77' lang='grc' dir='ltr'>εὐάρεστον</span> <span class='ocrx_word' id='word_1_510' title='bbox 2834 3127 3069 3184; x_wconf 77' lang='grc' dir='ltr'>ἐνώπιον</span> <span class='ocrx_word' id='word_1_511' title='bbox 3112 3125 3318 3190; x_wconf 79' lang='grc' dir='ltr'>αὐτοῦ,</span> <span class='ocrx_word' id='word_1_512' title='bbox 3367 3125 3462 3180; x_wconf 78' lang='grc' dir='ltr'>διὰ</span> <span class='ocrx_word' id='word_1_513' title='bbox 3522 3123 3705 3197; x_wconf 76' lang='grc' dir='ltr'>Ἰησοῦ</span> 
     </span>
    </p>
   </div>
   <div class='ocr_carea' id='block_1_77' title="bbox 2111 3215 3702 3294">
    <p class='ocr_par' dir='ltr' id='par_1_77' title="bbox 2111 3215 3702 3294">
     <span class='ocr_line' id='line_1_77' title="bbox 2111 3215 3702 3294; baseline -0.004 -17"><span class='ocrx_word' id='word_1_514' title='bbox 2111 3221 2389 3294; x_wconf 82' lang='grc' dir='ltr'>Χριστοῦ,</span> <span class='ocrx_word' id='word_1_515' title='bbox 2427 3215 2471 3292; x_wconf 82' lang='grc' dir='ltr'>ᾧ</span> <span class='ocrx_word' id='word_1_516' title='bbox 2502 3225 2535 3292; x_wconf 83' lang='grc' dir='ltr'>ὴ</span> <span class='ocrx_word' id='word_1_517' title='bbox 2580 3221 2708 3287; x_wconf 79' lang='grc' dir='ltr'>δόξα</span> <span class='ocrx_word' id='word_1_518' title='bbox 2753 3222 2832 3284; x_wconf 89' lang='grc' dir='ltr'>εἰς</span> <span class='ocrx_word' id='word_1_519' title='bbox 2885 3220 3017 3284; x_wconf 76' lang='grc' dir='ltr'>τοὺς</span> <span class='ocrx_word' id='word_1_520' title='bbox 3066 3218 3270 3282; x_wconf 72' lang='grc' dir='ltr'>αἰῶνας</span> <span class='ocrx_word' id='word_1_521' title='bbox 3315 3217 3425 3271; x_wconf 86' lang='grc' dir='ltr'><strong>τῶν</strong></span> <span class='ocrx_word' id='word_1_522' title='bbox 3466 3215 3702 3272; x_wconf 77' lang='grc' dir='ltr'>αἰώνων.</span> 
     </span>
    </p>
   </div>
   <div class='ocr_carea' id='block_1_78' title="bbox 2123 3306 3705 3389">
    <p class='ocr_par' dir='ltr' id='par_1_78' title="bbox 2123 3306 3705 3389">
     <span class='ocr_line' id='line_1_78' title="bbox 2123 3306 3705 3389; baseline -0.006 -18"><span class='ocrx_word' id='word_1_523' title='bbox 2123 3319 2316 3389; x_wconf 78' lang='grc' dir='ltr'>’Δμή-ι.</span> <span class='ocrx_word' id='word_1_524' title='bbox 2341 3316 2654 3389; x_wconf 86' lang='grc' dir='ltr'>Παρακαλῶ</span> <span class='ocrx_word' id='word_1_525' title='bbox 2693 3315 2748 3368; x_wconf 86' lang='grc' dir='ltr'>δὲ</span> <span class='ocrx_word' id='word_1_526' title='bbox 2779 3315 2956 3386; x_wconf 77' lang='grc' dir='ltr'>ὑμᾶς,</span> <span class='ocrx_word' id='word_1_527' title='bbox 2997 3311 3250 3382; x_wconf 71' lang='grc' dir='ltr'>ἀδελφοὶ,</span> <span class='ocrx_word' id='word_1_528' title='bbox 3301 3308 3563 3382; x_wconf 79' lang='grc' dir='ltr'>ἀνέχεσθε</span> <span class='ocrx_word' id='word_1_529' title='bbox 3607 3306 3705 3363; x_wconf 79' lang='grc' dir='ltr'>τοῦ</span> 
     </span>
    </p>
   </div>
   <div class='ocr_carea' id='block_1_79' title="bbox 2110 3402 3706 3482">
    <p class='ocr_par' dir='ltr' id='par_1_79' title="bbox 2110 3402 3706 3482">
     <span class='ocr_line' id='line_1_79' title="bbox 2110 3402 3706 3482; baseline -0.006 -18"><span class='ocrx_word' id='word_1_530' title='bbox 2110 3410 2270 3480; x_wconf 82' lang='grc' dir='ltr'>λόγου</span> <span class='ocrx_word' id='word_1_531' title='bbox 2297 3411 2398 3482; x_wconf 81' lang='grc' dir='ltr'><strong>τῆς</strong></span> <span class='ocrx_word' id='word_1_532' title='bbox 2430 3407 2854 3478; x_wconf 86' lang='grc' dir='ltr'>παρακλήσεως.</span> <span class='ocrx_word' id='word_1_533' title='bbox 2893 3407 3006 3460; x_wconf 75' lang='grc' dir='ltr'>Καὶ</span> <span class='ocrx_word' id='word_1_534' title='bbox 3030 3406 3139 3478; x_wconf 84' lang='grc' dir='ltr'>γὰρ</span> <span class='ocrx_word' id='word_1_535' title='bbox 3199 3403 3287 3458; x_wconf 80' lang='grc' dir='ltr'><strong>διὰ</strong></span> <span class='ocrx_word' id='word_1_536' title='bbox 3325 3402 3575 3475; x_wconf 86' lang='grc' dir='ltr'>βραχέων</span> <span class='ocrx_word' id='word_1_537' title='bbox 3602 3402 3706 3456; x_wconf 77' lang='grc' dir='ltr'><strong>ἑπ-</strong></span> 
     </span>
    </p>
   </div>
   <div class='ocr_carea' id='block_1_80' title="bbox 2111 3494 3593 3574">
    <p class='ocr_par' dir='ltr' id='par_1_80' title="bbox 2111 3494 3593 3574">
     <span class='ocr_line' id='line_1_80' title="bbox 2111 3494 3593 3574; baseline -0.007 -16"><span class='ocrx_word' id='word_1_538' title='bbox 2111 3503 2325 3558; x_wconf 76' lang='grc' dir='ltr'>ἐστειλα</span> <span class='ocrx_word' id='word_1_539' title='bbox 2369 3503 2518 3574; x_wconf 82' lang='grc' dir='ltr'>ὑμῖν.</span> <span class='ocrx_word' id='word_1_540' title='bbox 2549 3499 2855 3554; x_wconf 82' lang='grc' dir='ltr'>Γινώσκετε</span> <span class='ocrx_word' id='word_1_541' title='bbox 2875 3499 2966 3552; x_wconf 74' lang='grc' dir='ltr'><strong>τὸν</strong></span> <span class='ocrx_word' id='word_1_542' title='bbox 2991 3496 3217 3566; x_wconf 80' lang='grc' dir='ltr'>ἀδελφὸν</span> <span class='ocrx_word' id='word_1_543' title='bbox 3246 3494 3535 3567; x_wconf 85' lang='grc' dir='ltr'>Τιμόθεον.</span> <span class='ocrx_word' id='word_1_544' title='bbox 3573 3513 3593 3548; x_wconf 74' lang='grc' dir='ltr'><strong>ι</strong></span> 
     </span>
    </p>
   </div>
   <div class='ocr_carea' id='block_1_81' title="bbox 2183 3584 3705 3665">
    <p class='ocr_par' dir='ltr' id='par_1_81' title="bbox 2183 3584 3705 3665">
     <span class='ocr_line' id='line_1_81' title="bbox 2183 3584 3705 3665; baseline -0.005 -17"><span class='ocrx_word' id='word_1_545' title='bbox 2183 3596 2249 3649; x_wconf 88' lang='grc' dir='ltr'>Τί</span> <span class='ocrx_word' id='word_1_546' title='bbox 2276 3589 2370 3649; x_wconf 81' lang='grc' dir='ltr'>οὖν</span> <span class='ocrx_word' id='word_1_547' title='bbox 2395 3610 2595 3665; x_wconf 87' lang='grc' dir='ltr'>φησιν;</span> <span class='ocrx_word' id='word_1_548' title='bbox 2624 3590 2691 3648; x_wconf 77' lang='grc' dir='ltr'>ἂν</span> <span class='ocrx_word' id='word_1_549' title='bbox 2719 3591 2956 3661; x_wconf 80' lang='grc' dir='ltr'>πονηρὸς</span> <span class='ocrx_word' id='word_1_550' title='bbox 2985 3585 3043 3664; x_wconf 81' lang='grc' dir='ltr'>ᾖ,</span> <span class='ocrx_word' id='word_1_551' title='bbox 3077 3587 3433 3658; x_wconf 84' lang='grc' dir='ltr'>πειθώμεθα;</span> <span class='ocrx_word' id='word_1_552' title='bbox 3462 3584 3705 3657; x_wconf 73' lang='grc' dir='ltr'>πονηρὸς</span> 
     </span>
    </p>
   </div>
   <div class='ocr_carea' id='block_1_82' title="bbox 2113 3676 3707 3753">
    <p class='ocr_par' dir='ltr' id='par_1_82' title="bbox 2113 3676 3707 3753">
     <span class='ocr_line' id='line_1_82' title="bbox 2113 3676 3707 3753; baseline -0.004 -16"><span class='ocrx_word' id='word_1_553' title='bbox 2113 3682 2231 3748; x_wconf 89' lang='grc' dir='ltr'><strong>πῶς</strong></span> <span class='ocrx_word' id='word_1_554' title='bbox 2254 3682 2434 3753; x_wconf 83' lang='grc' dir='ltr'>λέγεις</span> <span class='ocrx_word' id='word_1_555' title='bbox 2456 3701 2471 3750; x_wconf 90' lang='grc'><strong>;</strong></span> <span class='ocrx_word' id='word_1_556' title='bbox 2497 3683 2546 3735; x_wconf 84' lang='grc' dir='ltr'><strong>εί</strong></span> <span class='ocrx_word' id='word_1_557' title='bbox 2581 3682 2682 3751; x_wconf 83' lang='grc' dir='ltr'>μὲν</span> <span class='ocrx_word' id='word_1_558' title='bbox 2713 3681 2952 3744; x_wconf 82' lang='grc' dir='ltr'>πίστεως</span> <span class='ocrx_word' id='word_1_559' title='bbox 2979 3681 3190 3746; x_wconf 72' lang='grc' dir='ltr'>ἕνεκεν,</span> <span class='ocrx_word' id='word_1_560' title='bbox 3224 3677 3366 3749; x_wconf 79' lang='grc' dir='ltr'>φύγε</span> <span class='ocrx_word' id='word_1_561' title='bbox 3393 3677 3579 3745; x_wconf 83' lang='grc' dir='ltr'>αύτδν,</span> <span class='ocrx_word' id='word_1_562' title='bbox 3608 3676 3707 3731; x_wconf 75' lang='grc' dir='ltr'>καὶ</span> 
     </span>
    </p>
   </div>
   <div class='ocr_carea' id='block_1_83' title="bbox 2111 3769 3708 3848">
    <p class='ocr_par' dir='ltr' id='par_1_83' title="bbox 2111 3769 3708 3848">
     <span class='ocr_line' id='line_1_83' title="bbox 2111 3769 3708 3848; baseline -0.004 -18"><span class='ocrx_word' id='word_1_563' title='bbox 2111 3776 2487 3847; x_wconf 84' lang='grc' dir='ltr'>παραίτησαι,</span> <span class='ocrx_word' id='word_1_564' title='bbox 2528 3775 2604 3846; x_wconf 84' lang='grc' dir='ltr'>μὴ</span> <span class='ocrx_word' id='word_1_565' title='bbox 2657 3774 2820 3845; x_wconf 84' lang='grc' dir='ltr'>μόνον</span> <span class='ocrx_word' id='word_1_566' title='bbox 2858 3773 2925 3828; x_wconf 83' lang='grc' dir='ltr'><strong>ἂν</strong></span> <span class='ocrx_word' id='word_1_567' title='bbox 2957 3773 3248 3843; x_wconf 78' lang='grc' dir='ltr'>ἄνθρωπος</span> <span class='ocrx_word' id='word_1_568' title='bbox 3282 3769 3356 3848; x_wconf 81' lang='grc' dir='ltr'>ᾗ,</span> <span class='ocrx_word' id='word_1_569' title='bbox 3406 3770 3547 3826; x_wconf 82' lang='grc' dir='ltr'><strong>ἀλλά</strong></span> <span class='ocrx_word' id='word_1_570' title='bbox 3601 3769 3708 3824; x_wconf 68' lang='grc' dir='ltr'><strong>κᾶν</strong></span> 
     </span>
    </p>
   </div>
   <div class='ocr_carea' id='block_1_84' title="bbox 2112 3860 3705 3937">
    <p class='ocr_par' dir='ltr' id='par_1_84' title="bbox 2112 3860 3705 3937">
     <span class='ocr_line' id='line_1_84' title="bbox 2112 3860 3705 3937; baseline -0.004 -15"><span class='ocrx_word' id='word_1_571' title='bbox 2112 3867 2344 3937; x_wconf 81' lang='grc' dir='ltr'>ἄγγελος</span> <span class='ocrx_word' id='word_1_572' title='bbox 2372 3865 2432 3931; x_wconf 73' lang='grc' dir='ltr'><strong>ἐξ</strong></span> <span class='ocrx_word' id='word_1_573' title='bbox 2473 3863 2710 3937; x_wconf 75' lang='grc' dir='ltr'>ούρανοῦ</span> <span class='ocrx_word' id='word_1_574' title='bbox 2759 3863 2983 3919; x_wconf 85' lang='grc' dir='ltr'>κατιών.</span> <span class='ocrx_word' id='word_1_575' title='bbox 3018 3863 3082 3918; x_wconf 81' lang='lat' dir='ltr'><strong>Ei</strong></span> <span class='ocrx_word' id='word_1_576' title='bbox 3114 3864 3173 3917; x_wconf 85' lang='grc' dir='ltr'>δὲ</span> <span class='ocrx_word' id='word_1_577' title='bbox 3216 3863 3334 3934; x_wconf 86' lang='grc' dir='ltr'>βίου</span> <span class='ocrx_word' id='word_1_578' title='bbox 3366 3862 3589 3930; x_wconf 70' lang='grc' dir='ltr'>ἕνεκεν,</span> <span class='ocrx_word' id='word_1_579' title='bbox 3625 3860 3705 3933; x_wconf 80' lang='grc' dir='ltr'>μὴ</span> 
     </span>
    </p>
   </div>
   <div class='ocr_carea' id='block_1_85' title="bbox 2112 3954 3702 4030">
    <p class='ocr_par' dir='ltr' id='par_1_85' title="bbox 2112 3954 3702 4030">
     <span class='ocr_line' id='line_1_85' title="bbox 2112 3954 3702 4030; baseline -0.004 -16"><span class='ocrx_word' id='word_1_580' title='bbox 2112 3957 2505 4030; x_wconf 78' lang='grc' dir='ltr'>περιεργάζου.</span> <span class='ocrx_word' id='word_1_581' title='bbox 2559 3957 2762 4010; x_wconf 84' lang='grc' dir='ltr'>Ἀκουε</span> <span class='ocrx_word' id='word_1_582' title='bbox 2818 3955 2929 4026; x_wconf 83' lang='grc' dir='ltr'>γὰρ</span> <span class='ocrx_word' id='word_1_583' title='bbox 2977 3954 3071 4009; x_wconf 81' lang='grc' dir='ltr'>τοῦ</span> <span class='ocrx_word' id='word_1_584' title='bbox 3119 3954 3360 4027; x_wconf 79' lang='grc' dir='ltr'>Χριστοῦ</span> <span class='ocrx_word' id='word_1_585' title='bbox 3428 3954 3702 4023; x_wconf 79' lang='grc' dir='ltr'>λέγοντος,</span> 
     </span>
    </p>
   </div>
   <div class='ocr_carea' id='block_1_86' title="bbox 2125 4047 3704 4120">
    <p class='ocr_par' dir='ltr' id='par_1_86' title="bbox 2125 4047 3704 4120">
     <span class='ocr_line' id='line_1_86' title="bbox 2125 4047 3704 4120; baseline -0.005 -13"><span class='ocrx_word' id='word_1_586' title='bbox 2125 4053 2250 4107; x_wconf 76' lang='grc' dir='ltr'><strong>Ἐπὶ</strong></span> <span class='ocrx_word' id='word_1_587' title='bbox 2283 4051 2397 4120; x_wconf 81' lang='grc' dir='ltr'>τῆς</span> <span class='ocrx_word' id='word_1_588' title='bbox 2428 4050 2728 4116; x_wconf 79' lang='grc' dir='ltr'>Μωῦσέως</span> <span class='ocrx_word' id='word_1_589' title='bbox 2765 4047 3059 4119; x_wconf 80' lang='grc' dir='ltr'>καθέδρας</span> <span class='ocrx_word' id='word_1_590' title='bbox 3091 4047 3389 4111; x_wconf 61' lang='grc' dir='ltr'>ἐκάθισαν</span> <span class='ocrx_word' id='word_1_591' title='bbox 3421 4050 3477 4102; x_wconf 84' lang='grc' dir='ltr'><strong>οι</strong></span> <span class='ocrx_word' id='word_1_592' title='bbox 3511 4049 3704 4117; x_wconf 76' lang='grc' dir='ltr'>Γραμ-</span> 
     </span>
    </p>
   </div>
   <div class='ocr_carea' id='block_1_87' title="bbox 2107 4139 3706 4217">
    <p class='ocr_par' dir='ltr' id='par_1_87' title="bbox 2107 4139 3706 4217">
     <span class='ocr_line' id='line_1_87' title="bbox 2107 4139 3706 4217; baseline -0.004 -17"><span class='ocrx_word' id='word_1_593' title='bbox 2107 4144 2316 4217; x_wconf 83' lang='grc' dir='ltr'>ματεῖς</span> <span class='ocrx_word' id='word_1_594' title='bbox 2351 4143 2451 4198; x_wconf 76' lang='grc' dir='ltr'>καὶ</span> <span class='ocrx_word' id='word_1_595' title='bbox 2478 4145 2533 4197; x_wconf 73' lang='grc' dir='ltr'>οἱ</span> <span class='ocrx_word' id='word_1_596' title='bbox 2564 4142 2898 4213; x_wconf 81' lang='grc' dir='ltr'>Φαρισαῖοι.</span> <span class='ocrx_word' id='word_1_597' title='bbox 2934 4141 3209 4214; x_wconf 86' lang='grc' dir='ltr'>Πρότερον</span> <span class='ocrx_word' id='word_1_598' title='bbox 3243 4139 3416 4196; x_wconf 70' lang='grc' dir='ltr'>εἰπὼν</span> <span class='ocrx_word' id='word_1_599' title='bbox 3442 4143 3573 4213; x_wconf 71' lang='grc' dir='ltr'>περὶ</span> <span class='ocrx_word' id='word_1_600' title='bbox 3608 4143 3706 4194; x_wconf 83' lang='grc' dir='ltr'>αύ-</span> 
     </span>
    </p>
   </div>
   <div class='ocr_carea' id='block_1_88' title="bbox 2112 4231 3706 4303">
    <p class='ocr_par' dir='ltr' id='par_1_88' title="bbox 2112 4231 3706 4303">
     <span class='ocr_line' id='line_1_88' title="bbox 2112 4231 3706 4303; baseline -0.001 -15"><span class='ocrx_word' id='word_1_601' title='bbox 2112 4235 2220 4290; x_wconf 86' lang='grc' dir='ltr'><strong>τῶν</strong></span> <span class='ocrx_word' id='word_1_602' title='bbox 2250 4234 2401 4289; x_wconf 87' lang='grc' dir='ltr'>δεινά</span> <span class='ocrx_word' id='word_1_603' title='bbox 2433 4233 2635 4296; x_wconf 79' lang='grc' dir='ltr'>πολλὰ,</span> <span class='ocrx_word' id='word_1_604' title='bbox 2669 4234 2790 4286; x_wconf 80' lang='grc' dir='ltr'>τότε</span> <span class='ocrx_word' id='word_1_605' title='bbox 2831 4233 2996 4303; x_wconf 65' lang='grc' dir='ltr'>φησιν</span> <span class='ocrx_word' id='word_1_606' title='bbox 3016 4272 3032 4298; x_wconf 89' lang='grc'><strong>,</strong></span> <span class='ocrx_word' id='word_1_607' title='bbox 3085 4233 3219 4287; x_wconf 73' lang='grc' dir='ltr'><strong>Ἐπὶ</strong></span> <span class='ocrx_word' id='word_1_608' title='bbox 3259 4231 3371 4303; x_wconf 83' lang='grc' dir='ltr'>τῆς</span> <span class='ocrx_word' id='word_1_609' title='bbox 3408 4235 3706 4299; x_wconf 71' lang='grc' dir='ltr'>Μωυσέως</span> 
     </span>
    </p>
   </div>
   <div class='ocr_carea' id='block_1_89' title="bbox 2113 4320 3706 4395">
    <p class='ocr_par' dir='ltr' id='par_1_89' title="bbox 2113 4320 3706 4395">
     <span class='ocr_line' id='line_1_89' title="bbox 2113 4320 3706 4395; baseline -0.003 -15"><span class='ocrx_word' id='word_1_610' title='bbox 2113 4324 2406 4393; x_wconf 80' lang='grc' dir='ltr'>καθέδρας</span> <span class='ocrx_word' id='word_1_611' title='bbox 2428 4323 2740 4379; x_wconf 79' lang='grc' dir='ltr'>ἐκάθισαν.</span> <span class='ocrx_word' id='word_1_612' title='bbox 2767 4325 2972 4391; x_wconf 66' lang='grc' dir='ltr'>Πάντα</span> <span class='ocrx_word' id='word_1_613' title='bbox 2992 4320 3108 4380; x_wconf 59' lang='grc' dir='ltr'><strong>οὖν·</strong></span> <span class='ocrx_word' id='word_1_614' title='bbox 3133 4325 3252 4380; x_wconf 85' lang='grc' dir='ltr'>ὅσα</span> <span class='ocrx_word' id='word_1_615' title='bbox 3272 4328 3538 4394; x_wconf 71' lang='grc' dir='ltr'>λέγωσιν</span> <span class='ocrx_word' id='word_1_616' title='bbox 3566 4324 3706 4395; x_wconf 78' lang='grc' dir='ltr'><strong>ὑμῖν</strong></span> 
     </span>
    </p>
   </div>
   <div class='ocr_carea' id='block_1_90' title="bbox 2113 4417 3702 4488">
    <p class='ocr_par' dir='ltr' id='par_1_90' title="bbox 2113 4417 3702 4488">
     <span class='ocr_line' id='line_1_90' title="bbox 2113 4417 3702 4488; baseline -0.001 -14"><span class='ocrx_word' id='word_1_617' title='bbox 2113 4417 2340 4484; x_wconf 79' lang='grc' dir='ltr'>ποιεῖν,</span> <span class='ocrx_word' id='word_1_618' title='bbox 2396 4418 2655 4473; x_wconf 81' lang='grc' dir='ltr'>ποιεῖτε·</span> <span class='ocrx_word' id='word_1_619' title='bbox 2707 4419 2859 4473; x_wconf 79' lang='grc' dir='ltr'>κατὰ</span> <span class='ocrx_word' id='word_1_620' title='bbox 2919 4417 2989 4470; x_wconf 79' lang='grc' dir='ltr'>δὲ</span> <span class='ocrx_word' id='word_1_621' title='bbox 3045 4419 3118 4472; x_wconf 82' lang='grc' dir='ltr'>τὰ</span> <span class='ocrx_word' id='word_1_622' title='bbox 3167 4418 3314 4488; x_wconf 71' lang='grc' dir='ltr'>ἔργα</span> <span class='ocrx_word' id='word_1_623' title='bbox 3363 4418 3565 4472; x_wconf 82' lang='grc' dir='ltr'>αὐτῶν</span> <span class='ocrx_word' id='word_1_624' title='bbox 3616 4417 3702 4486; x_wconf 81' lang='grc' dir='ltr'>μὴ</span> 
     </span>
    </p>
   </div>
   <div class='ocr_carea' id='block_1_91' title="bbox 423 4508 2004 4585">
    <p class='ocr_par' dir='ltr' id='par_1_91' title="bbox 423 4511 2004 4584">
     <span class='ocr_line' id='line_1_91' title="bbox 423 4511 2004 4584; baseline 0.003 -21"><span class='ocrx_word' id='word_1_625' title='bbox 423 4511 631 4581; x_wconf 81' lang='lat' dir='ltr'><strong>facite:</strong></span> <span class='ocrx_word' id='word_1_626' title='bbox 683 4511 973 4566; x_wconf 77' lang='lat' dir='ltr'><strong>secundant</strong></span> <span class='ocrx_word' id='word_1_627' title='bbox 1039 4525 1219 4566; x_wconf 85' lang='lat' dir='ltr'><strong>autem</strong></span> <span class='ocrx_word' id='word_1_628' title='bbox 1268 4527 1428 4581; x_wconf 83' lang='lat' dir='ltr'><strong>opera</strong></span> <span class='ocrx_word' id='word_1_629' title='bbox 1473 4529 1657 4567; x_wconf 89' lang='lat' dir='ltr'><strong>eorum</strong></span> <span class='ocrx_word' id='word_1_630' title='bbox 1704 4515 1868 4569; x_wconf 80' lang='lat' dir='ltr'><strong>nolite</strong></span> <span class='ocrx_word' id='word_1_631' title='bbox 1927 4513 2004 4584; x_wconf 83' lang='lat' dir='ltr'><strong>fa-</strong></span> 
     </span>
    </p>
   </div>
   <div class='ocr_carea' id='block_1_92' title="bbox 2117 4508 3706 4585">
    <p class='ocr_par' dir='ltr' id='par_1_92' title="bbox 2117 4508 3706 4582">
     <span class='ocr_line' id='line_1_92' title="bbox 2117 4508 3706 4582; baseline -0.001 -18"><span class='ocrx_word' id='word_1_632' title='bbox 2117 4510 2354 4566; x_wconf 82' lang='grc' dir='ltr'>ποιεῖτε.</span> <span class='ocrx_word' id='word_1_633' title='bbox 2384 4511 2632 4582; x_wconf 86' lang='grc' dir='ltr'>Ἔχουσι,</span> <span class='ocrx_word' id='word_1_634' title='bbox 2666 4509 2822 4581; x_wconf 72' lang='grc' dir='ltr'>φησὶ,</span> <span class='ocrx_word' id='word_1_635' title='bbox 2853 4510 2915 4564; x_wconf 81' lang='grc' dir='ltr'><strong>τὸ</strong></span> <span class='ocrx_word' id='word_1_636' title='bbox 2967 4509 3209 4580; x_wconf 75' lang='grc' dir='ltr'>ἀξίωμα,</span> <span class='ocrx_word' id='word_1_637' title='bbox 3241 4509 3377 4562; x_wconf 76' lang='grc' dir='ltr'>ἀλλὰ</span> <span class='ocrx_word' id='word_1_638' title='bbox 3412 4508 3530 4579; x_wconf 85' lang='grc' dir='ltr'>βίου</span> <span class='ocrx_word' id='word_1_639' title='bbox 3566 4511 3706 4562; x_wconf 65' lang='grc' dir='ltr'>εἰσιν</span> 
     </span>
    </p>
   </div>
   <div class='ocr_carea' id='block_1_93' title="bbox 423 4602 2010 4675">
    <p class='ocr_par' dir='ltr' id='par_1_93' title="bbox 423 4602 2010 4675">
     <span class='ocr_line' id='line_1_93' title="bbox 423 4602 2010 4675; baseline 0.002 -17"><span class='ocrx_word' id='word_1_640' title='bbox 423 4620 536 4659; x_wconf 85' lang='lat' dir='ltr'><strong>cere</strong></span> <span class='ocrx_word' id='word_1_641' title='bbox 593 4605 657 4660; x_wconf 81' lang='grc'><strong>¹⁸.</strong></span> <span class='ocrx_word' id='word_1_642' title='bbox 711 4602 930 4660; x_wconf 83' lang='lat' dir='ltr'><strong>llabcnt</strong></span> <span class='ocrx_word' id='word_1_643' title='bbox 984 4604 1401 4670; x_wconf 85' lang='lat' dir='ltr'><strong>auctoritatem,</strong></span> <span class='ocrx_word' id='word_1_644' title='bbox 1460 4603 1665 4675; x_wconf 90' lang='lat' dir='ltr'><strong>inquit,</strong></span> <span class='ocrx_word' id='word_1_645' title='bbox 1704 4605 1802 4660; x_wconf 89' lang='lat' dir='ltr'><strong>sed</strong></span> <span class='ocrx_word' id='word_1_646' title='bbox 1841 4605 2010 4661; x_wconf 89' lang='lat' dir='ltr'><strong>vitam</strong></span> 
     </span>
    </p>
   </div>
   <div class='ocr_carea' id='block_1_94' title="bbox 423 4696 2012 4767">
    <p class='ocr_par' dir='ltr' id='par_1_94' title="bbox 423 4696 2012 4767">
     <span class='ocr_line' id='line_1_94' title="bbox 423 4696 2012 4767; baseline 0.002 -17"><span class='ocrx_word' id='word_1_647' title='bbox 423 4705 593 4767; x_wconf 86' lang='lat' dir='ltr'><strong>agunt</strong></span> <span class='ocrx_word' id='word_1_648' title='bbox 638 4697 936 4767; x_wconf 87' lang='lat' dir='ltr'><strong>impuram.</strong></span> <span class='ocrx_word' id='word_1_649' title='bbox 984 4696 1191 4751; x_wconf 76' lang='lat' dir='ltr'><strong>Verum</strong></span> <span class='ocrx_word' id='word_1_650' title='bbox 1224 4711 1338 4751; x_wconf 83' lang='lat' dir='ltr'><strong>non</strong></span> <span class='ocrx_word' id='word_1_651' title='bbox 1368 4697 1514 4764; x_wconf 69' lang='lat' dir='ltr'><strong>vitae,</strong></span> <span class='ocrx_word' id='word_1_652' title='bbox 1564 4698 1659 4754; x_wconf 89' lang='lat' dir='ltr'><strong>sed</strong></span> <span class='ocrx_word' id='word_1_653' title='bbox 1699 4698 1864 4754; x_wconf 90' lang='lat' dir='ltr'><strong>dictis</strong></span> <span class='ocrx_word' id='word_1_654' title='bbox 1893 4699 2012 4753; x_wconf 89' lang='lat' dir='ltr'><strong>ani-</strong></span> 
     </span>
    </p>
   </div>
   <div class='ocr_carea' id='block_1_95' title="bbox 425 4788 2012 4862">
    <p class='ocr_par' dir='ltr' id='par_1_95' title="bbox 425 4788 2012 4862">
     <span class='ocr_line' id='line_1_95' title="bbox 425 4788 2012 4862; baseline 0.001 -17"><span class='ocrx_word' id='word_1_655' title='bbox 425 4806 574 4845; x_wconf 90' lang='lat' dir='ltr'><strong>mum</strong></span> <span class='ocrx_word' id='word_1_656' title='bbox 635 4789 883 4860; x_wconf 88' lang='lat' dir='ltr'><strong>adjicite.</strong></span> <span class='ocrx_word' id='word_1_657' title='bbox 941 4788 1115 4846; x_wconf 82' lang='lat' dir='ltr'><strong>Nemo</strong></span> <span class='ocrx_word' id='word_1_658' title='bbox 1164 4790 1369 4862; x_wconf 91' lang='lat' dir='ltr'><strong>quippe</strong></span> <span class='ocrx_word' id='word_1_659' title='bbox 1420 4805 1490 4846; x_wconf 79' lang='lat' dir='ltr'><strong>ex</strong></span> <span class='ocrx_word' id='word_1_660' title='bbox 1524 4807 1716 4847; x_wconf 90' lang='lat' dir='ltr'><strong>eorum</strong></span> <span class='ocrx_word' id='word_1_661' title='bbox 1766 4791 2012 4848; x_wconf 90' lang='lat' dir='ltr'><strong>moribus</strong></span> 
     </span>
    </p>
   </div>
   <div class='ocr_carea' id='block_1_96' title="bbox 425 4883 2015 4955">
    <p class='ocr_par' dir='ltr' id='par_1_96' title="bbox 425 4883 2015 4955">
     <span class='ocr_line' id='line_1_96' title="bbox 425 4883 2015 4955; baseline -0.001 -15"><span class='ocrx_word' id='word_1_662' title='bbox 425 4884 814 4940; x_wconf 90' lang='lat' dir='ltr'><strong>detrimentum</strong></span> <span class='ocrx_word' id='word_1_663' title='bbox 857 4884 1151 4954; x_wconf 87' lang='lat' dir='ltr'><strong>acceperit.</strong></span> <span class='ocrx_word' id='word_1_664' title='bbox 1208 4883 1391 4940; x_wconf 86' lang='lat' dir='ltr'><strong>Eccur</strong></span> <span class='ocrx_word' id='word_1_665' title='bbox 1446 4884 1615 4940; x_wconf 80' lang='lat' dir='ltr'><strong>vero?</strong></span> <span class='ocrx_word' id='word_1_666' title='bbox 1662 4886 1923 4955; x_wconf 91' lang='lat' dir='ltr'><strong>quoniam</strong></span> <span class='ocrx_word' id='word_1_667' title='bbox 1959 4891 2015 4940; x_wconf 86' lang='lat' dir='ltr'><strong>et</strong></span> 
     </span>
    </p>
   </div>
   <div class='ocr_carea' id='block_1_97' title="bbox 425 4976 2009 5048">
    <p class='ocr_par' dir='ltr' id='par_1_97' title="bbox 425 4976 2009 5048">
     <span class='ocr_line' id='line_1_97' title="bbox 425 4976 2009 5048; baseline 0.002 -18"><span class='ocrx_word' id='word_1_668' title='bbox 425 4976 706 5031; x_wconf 84' lang='lat' dir='ltr'><strong>manifesti</strong></span> <span class='ocrx_word' id='word_1_669' title='bbox 744 4985 873 5032; x_wconf 87' lang='lat' dir='ltr'><strong>sunt</strong></span> <span class='ocrx_word' id='word_1_670' title='bbox 930 4978 1211 5038; x_wconf 82' lang='lat' dir='ltr'><strong>omnibus.</strong></span> <span class='ocrx_word' id='word_1_671' title='bbox 1268 4988 1322 5033; x_wconf 86' lang='lat' dir='ltr'><strong>et</strong></span> <span class='ocrx_word' id='word_1_672' title='bbox 1370 4977 1627 5048; x_wconf 82' lang='lat' dir='ltr'><strong>quamvis</strong></span> <span class='ocrx_word' id='word_1_673' title='bbox 1679 4978 1771 5033; x_wconf 89' lang='lat' dir='ltr'><strong>ille</strong></span> <span class='ocrx_word' id='word_1_674' title='bbox 1809 4977 2009 5033; x_wconf 89' lang='lat' dir='ltr'><strong>millies</strong></span> 
     </span>
    </p>
   </div>
   <div class='ocr_carea' id='block_1_98' title="bbox 420 5069 2015 5141">
    <p class='ocr_par' dir='ltr' id='par_1_98' title="bbox 420 5069 2015 5141">
     <span class='ocr_line' id='line_1_98' title="bbox 420 5069 2015 5141; baseline -0.001 -14"><span class='ocrx_word' id='word_1_675' title='bbox 420 5069 714 5141; x_wconf 88' lang='lat' dir='ltr'><strong>improbus</strong></span> <span class='ocrx_word' id='word_1_676' title='bbox 745 5070 842 5136; x_wconf 85' lang='lat' dir='ltr'><strong>sit,</strong></span> <span class='ocrx_word' id='word_1_677' title='bbox 874 5071 1018 5124; x_wconf 83' lang='lat' dir='ltr'><strong>mala</strong></span> <span class='ocrx_word' id='word_1_678' title='bbox 1051 5070 1168 5124; x_wconf 66' lang='lat' dir='ltr'><strong>haec</strong></span> <span class='ocrx_word' id='word_1_679' title='bbox 1205 5086 1489 5141; x_wconf 87' lang='lat' dir='ltr'><strong>nunquam</strong></span> <span class='ocrx_word' id='word_1_680' title='bbox 1524 5071 1768 5125; x_wconf 85' lang='lat' dir='ltr'><strong>docebit.</strong></span> <span class='ocrx_word' id='word_1_681' title='bbox 1805 5069 1880 5126; x_wconf 89' lang='lat' dir='ltr'><strong>De</strong></span> <span class='ocrx_word' id='word_1_682' title='bbox 1909 5070 2015 5126; x_wconf 87' lang='lat' dir='ltr'><strong>fide</strong></span> 
     </span>
    </p>
   </div>
   <div class='ocr_carea' id='block_1_99' title="bbox 421 5162 2014 5232">
    <p class='ocr_par' dir='ltr' id='par_1_99' title="bbox 421 5162 2014 5232">
     <span class='ocr_line' id='line_1_99' title="bbox 421 5162 2014 5232; baseline 0.001 -16"><span class='ocrx_word' id='word_1_683' title='bbox 421 5170 632 5227; x_wconf 84' lang='lat' dir='ltr'><strong>autem,</strong></span> <span class='ocrx_word' id='word_1_684' title='bbox 685 5177 792 5216; x_wconf 90' lang='lat' dir='ltr'><strong>non</strong></span> <span class='ocrx_word' id='word_1_685' title='bbox 851 5162 934 5217; x_wconf 84' lang='lat' dir='ltr'><strong>sic</strong></span> <span class='ocrx_word' id='word_1_686' title='bbox 965 5162 1111 5232; x_wconf 85' lang='lat' dir='ltr'><strong>apud</strong></span> <span class='ocrx_word' id='word_1_687' title='bbox 1155 5176 1349 5217; x_wconf 89' lang='lat' dir='ltr'><strong>omnes</strong></span> <span class='ocrx_word' id='word_1_688' title='bbox 1404 5170 1643 5227; x_wconf 86' lang='lat' dir='ltr'><strong>constat,</strong></span> <span class='ocrx_word' id='word_1_689' title='bbox 1685 5162 1778 5216; x_wconf 90' lang='lat' dir='ltr'><strong>ubi</strong></span> <span class='ocrx_word' id='word_1_690' title='bbox 1835 5164 2014 5218; x_wconf 85' lang='lat' dir='ltr'><strong>malus</strong></span> 
     </span>
    </p>
   </div>
   <div class='ocr_carea' id='block_1_100' title="bbox 428 5254 2012 5326">
    <p class='ocr_par' dir='ltr' id='par_1_100' title="bbox 428 5254 2012 5326">
     <span class='ocr_line' id='line_1_100' title="bbox 428 5254 2012 5326; baseline 0 -16"><span class='ocrx_word' id='word_1_691' title='bbox 428 5255 520 5326; x_wconf 90' lang='lat' dir='ltr'><strong>ille</strong></span> <span class='ocrx_word' id='word_1_692' title='bbox 555 5255 790 5311; x_wconf 90' lang='lat' dir='ltr'><strong>docendi</strong></span> <span class='ocrx_word' id='word_1_693' title='bbox 821 5269 1026 5319; x_wconf 84' lang='lat' dir='ltr'><strong>munus</strong></span> <span class='ocrx_word' id='word_1_694' title='bbox 1072 5269 1184 5311; x_wconf 92' lang='lat' dir='ltr'><strong>non</strong></span> <span class='ocrx_word' id='word_1_695' title='bbox 1216 5254 1511 5311; x_wconf 89' lang='lat' dir='ltr'><strong>detrectat.</strong></span> <span class='ocrx_word' id='word_1_696' title='bbox 1545 5255 1820 5322; x_wconf 85' lang='lat' dir='ltr'><strong>Quoniam</strong></span> <span class='ocrx_word' id='word_1_697' title='bbox 1856 5263 1910 5312; x_wconf 90' lang='lat' dir='ltr'><strong>et</strong></span> <span class='ocrx_word' id='word_1_698' title='bbox 1943 5255 2012 5310; x_wconf 84' lang='lat' dir='ltr'><strong>il-</strong></span> 
     </span>
    </p>
   </div>
   <div class='ocr_carea' id='block_1_101' title="bbox 427 5345 2013 5419">
    <p class='ocr_par' dir='ltr' id='par_1_101' title="bbox 427 5345 2013 5419">
     <span class='ocr_line' id='line_1_101' title="bbox 427 5345 2013 5419; baseline 0.001 -16"><span class='ocrx_word' id='word_1_699' title='bbox 427 5347 520 5406; x_wconf 90' lang='lat' dir='ltr'><strong>lud</strong></span> <span class='ocrx_word' id='word_1_700' title='bbox 563 5347 813 5414; x_wconf 82' lang='lat' dir='ltr'><strong>effatum,</strong></span> <span class='ocrx_word' id='word_1_701' title='bbox 847 5345 1031 5402; x_wconf 81' lang='lat' dir='ltr'><strong>Nolite</strong></span> <span class='ocrx_word' id='word_1_702' title='bbox 1063 5347 1335 5418; x_wconf 84' lang='lat' dir='ltr'><strong>judicare,</strong></span> <span class='ocrx_word' id='word_1_703' title='bbox 1371 5357 1430 5402; x_wconf 83' lang='lat' dir='ltr'><strong>ut</strong></span> <span class='ocrx_word' id='word_1_704' title='bbox 1466 5365 1567 5403; x_wconf 85' lang='lat' dir='ltr'><strong>non</strong></span> <span class='ocrx_word' id='word_1_705' title='bbox 1599 5347 1916 5419; x_wconf 78' lang='lat' dir='ltr'><strong>judicemini</strong></span> <span class='ocrx_word' id='word_1_706' title='bbox 1947 5349 2013 5418; x_wconf 82' lang='grc'>¹⁶,</span> 
     </span>
    </p>
   </div>
   <div class='ocr_carea' id='block_1_102' title="bbox 421 5438 2009 5512">
    <p class='ocr_par' dir='ltr' id='par_1_102' title="bbox 421 5438 2009 5512">
     <span class='ocr_line' id='line_1_102' title="bbox 421 5438 2009 5512; baseline 0 -15"><span class='ocrx_word' id='word_1_707' title='bbox 421 5441 490 5498; x_wconf 90' lang='lat' dir='ltr'><strong>de</strong></span> <span class='ocrx_word' id='word_1_708' title='bbox 512 5442 647 5506; x_wconf 86' lang='lat' dir='ltr'><strong>vita,</strong></span> <span class='ocrx_word' id='word_1_709' title='bbox 705 5456 817 5497; x_wconf 88' lang='lat' dir='ltr'><strong>non</strong></span> <span class='ocrx_word' id='word_1_710' title='bbox 868 5440 937 5497; x_wconf 89' lang='lat' dir='ltr'><strong>de</strong></span> <span class='ocrx_word' id='word_1_711' title='bbox 984 5438 1091 5497; x_wconf 87' lang='lat' dir='ltr'><strong>fide</strong></span> <span class='ocrx_word' id='word_1_712' title='bbox 1135 5440 1554 5512; x_wconf 89' lang='lat' dir='ltr'><strong>pronuntiatum</strong></span> <span class='ocrx_word' id='word_1_713' title='bbox 1608 5449 1715 5496; x_wconf 91' lang='lat' dir='ltr'><strong>est.</strong></span> <span class='ocrx_word' id='word_1_714' title='bbox 1773 5441 1830 5496; x_wconf 91' lang='lat' dir='ltr'><strong>Id</strong></span> <span class='ocrx_word' id='word_1_715' title='bbox 1863 5441 2009 5510; x_wconf 88' lang='lat' dir='ltr'><strong>quod</strong></span> 
     </span>
    </p>
   </div>
   <div class='ocr_carea' id='block_1_103' title="bbox 424 5533 2005 5609">
    <p class='ocr_par' dir='ltr' id='par_1_103' title="bbox 424 5533 2005 5609">
     <span class='ocr_line' id='line_1_103' title="bbox 424 5533 2005 5609; baseline -0.001 -19"><span class='ocrx_word' id='word_1_716' title='bbox 424 5534 697 5609; x_wconf 83' lang='lat' dir='ltr'><strong>sermonis</strong></span> <span class='ocrx_word' id='word_1_717' title='bbox 761 5533 937 5590; x_wconf 87' lang='lat' dir='ltr'><strong>series</strong></span> <span class='ocrx_word' id='word_1_718' title='bbox 994 5534 1345 5605; x_wconf 87' lang='lat' dir='ltr'><strong>perspicuum</strong></span> <span class='ocrx_word' id='word_1_719' title='bbox 1407 5533 1560 5589; x_wconf 85' lang='lat' dir='ltr'><strong>facit.</strong></span> <span class='ocrx_word' id='word_1_720' title='bbox 1621 5533 1763 5602; x_wconf 82' lang='lat' dir='ltr'><strong>Quid</strong></span> <span class='ocrx_word' id='word_1_721' title='bbox 1828 5535 2005 5600; x_wconf 79' lang='lat' dir='ltr'><strong>vides,</strong></span> 
     </span>
    </p>
   </div>
   <div class='ocr_carea' id='block_1_104' title="bbox 427 5625 2009 5697">
    <p class='ocr_par' dir='ltr' id='par_1_104' title="bbox 427 5625 2009 5697">
     <span class='ocr_line' id='line_1_104' title="bbox 427 5625 2009 5697; baseline 0.002 -17"><span class='ocrx_word' id='word_1_722' title='bbox 427 5625 626 5697; x_wconf 82' lang='lat' dir='ltr'><strong>inquit,</strong></span> <span class='ocrx_word' id='word_1_723' title='bbox 662 5625 920 5696; x_wconf 79' lang='lat' dir='ltr'><strong>festucam</strong></span> <span class='ocrx_word' id='word_1_724' title='bbox 949 5626 1007 5680; x_wconf 86' lang='lat' dir='ltr'><strong>in</strong></span> <span class='ocrx_word' id='word_1_725' title='bbox 1041 5625 1194 5684; x_wconf 82' lang='lat' dir='ltr'><strong>oculo</strong></span> <span class='ocrx_word' id='word_1_726' title='bbox 1227 5626 1418 5696; x_wconf 80' lang='lat' dir='ltr'><strong>fratris</strong></span> <span class='ocrx_word' id='word_1_727' title='bbox 1458 5628 1557 5692; x_wconf 84' lang='lat' dir='ltr'><strong>tui,</strong></span> <span class='ocrx_word' id='word_1_728' title='bbox 1597 5627 1796 5681; x_wconf 82' lang='lat' dir='ltr'><strong>trabem</strong></span> <span class='ocrx_word' id='word_1_729' title='bbox 1832 5639 2009 5683; x_wconf 80' lang='lat' dir='ltr'><strong>autem</strong></span> 
     </span>
    </p>
   </div>
   <div class='ocr_carea' id='block_1_105' title="bbox 499 5791 1991 5878">
    <p class='ocr_par' dir='ltr' id='par_1_105' title="bbox 499 5791 1991 5878">
     <span class='ocr_line' id='line_1_105' title="bbox 499 5791 1991 5878; baseline 0 -19"><span class='ocrx_word' id='word_1_730' title='bbox 499 5803 544 5838; x_wconf 75' lang='lat'>“</span> <span class='ocrx_word' id='word_1_731' title='bbox 575 5802 770 5862; x_wconf 83' lang='lat' dir='ltr'><strong>Matth.</strong></span> <span class='ocrx_word' id='word_1_732' title='bbox 813 5820 970 5870; x_wconf 79' lang='lat' dir='ltr'><strong>mn,</strong></span> <span class='ocrx_word' id='word_1_733' title='bbox 1002 5805 1057 5858; x_wconf 70' lang='grc' dir='ltr'><strong>εὶ.</strong></span> <span class='ocrx_word' id='word_1_734' title='bbox 1137 5791 1187 5838; x_wconf 53' lang='grc'><strong>’¹⁵</strong></span> <span class='ocrx_word' id='word_1_735' title='bbox 1221 5804 1352 5859; x_wconf 83' lang='lat' dir='ltr'><strong>ibid.</strong></span> <span class='ocrx_word' id='word_1_736' title='bbox 1396 5805 1448 5860; x_wconf 77' lang='lat'><strong>5.</strong></span> <span class='ocrx_word' id='word_1_737' title='bbox 1496 5804 1536 5836; x_wconf 84' lang='grc'><strong>¹⁶</strong></span> <span class='ocrx_word' id='word_1_738' title='bbox 1571 5803 1765 5858; x_wconf 74' lang='lat' dir='ltr'><strong>Matth.</strong></span> <span class='ocrx_word' id='word_1_739' title='bbox 1797 5803 1892 5873; x_wconf 70' lang='lat' dir='ltr'><strong>vn,</strong></span> <span class='ocrx_word' id='word_1_740' title='bbox 1940 5806 1991 5878; x_wconf 81' lang='lat' dir='ltr'><strong>l.</strong></span> 
     </span>
    </p>
   </div>
   <div class='ocr_carea' id='block_1_106' title="bbox 2107 4601 3704 4678">
    <p class='ocr_par' dir='ltr' id='par_1_106' title="bbox 2107 4601 3704 4678">
     <span class='ocr_line' id='line_1_106' title="bbox 2107 4601 3704 4678; baseline -0.004 -18"><span class='ocrx_word' id='word_1_741' title='bbox 2107 4604 2442 4678; x_wconf 80' lang='grc' dir='ltr'>ἀκαθάρτου.</span> <span class='ocrx_word' id='word_1_742' title='bbox 2461 4603 2626 4658; x_wconf 81' lang='grc' dir='ltr'>Ἀλλὰ</span> <span class='ocrx_word' id='word_1_743' title='bbox 2661 4603 2737 4676; x_wconf 76' lang='grc' dir='ltr'><strong>μὴ</strong></span> <span class='ocrx_word' id='word_1_744' title='bbox 2767 4602 2844 4674; x_wconf 83' lang='grc' dir='ltr'>τῷ</span> <span class='ocrx_word' id='word_1_745' title='bbox 2870 4601 2990 4675; x_wconf 82' lang='grc' dir='ltr'>βίῳ,</span> <span class='ocrx_word' id='word_1_746' title='bbox 3021 4601 3160 4657; x_wconf 83' lang='grc' dir='ltr'>ἀλλὰ</span> <span class='ocrx_word' id='word_1_747' title='bbox 3188 4604 3300 4665; x_wconf 81' lang='grc' dir='ltr'>τοϊς</span> <span class='ocrx_word' id='word_1_748' title='bbox 3330 4601 3510 4670; x_wconf 85' lang='grc' dir='ltr'>λόγοις</span> <span class='ocrx_word' id='word_1_749' title='bbox 3535 4619 3704 4671; x_wconf 80' lang='grc' dir='ltr'>προσ-</span> 
     </span>
    </p>
   </div>
   <div class='ocr_carea' id='block_1_107' title="bbox 2110 4693 3699 4768">
    <p class='ocr_par' dir='ltr' id='par_1_107' title="bbox 2110 4693 3699 4768">
     <span class='ocr_line' id='line_1_107' title="bbox 2110 4693 3699 4768; baseline -0.001 -17"><span class='ocrx_word' id='word_1_750' title='bbox 2110 4698 2286 4768; x_wconf 80' lang='grc' dir='ltr'>ἐχετε.</span> <span class='ocrx_word' id='word_1_751' title='bbox 2311 4696 2434 4750; x_wconf 85' lang='grc' dir='ltr'>Τῶν</span> <span class='ocrx_word' id='word_1_752' title='bbox 2467 4698 2566 4766; x_wconf 84' lang='grc' dir='ltr'><strong>μὲν</strong></span> <span class='ocrx_word' id='word_1_753' title='bbox 2610 4696 2720 4768; x_wconf 85' lang='grc' dir='ltr'>γὰρ</span> <span class='ocrx_word' id='word_1_754' title='bbox 2747 4694 2896 4766; x_wconf 74' lang='grc' dir='ltr'>ἠθῶν</span> <span class='ocrx_word' id='word_1_755' title='bbox 2924 4694 3116 4749; x_wconf 72' lang='grc' dir='ltr'>ἓνεκεν</span> <span class='ocrx_word' id='word_1_756' title='bbox 3152 4694 3331 4758; x_wconf 73' lang='grc' dir='ltr'>οὐδεὶς</span> <span class='ocrx_word' id='word_1_757' title='bbox 3356 4694 3421 4748; x_wconf 80' lang='grc' dir='ltr'><strong>ἂν</strong></span> <span class='ocrx_word' id='word_1_758' title='bbox 3452 4693 3699 4765; x_wconf 76' lang='grc' dir='ltr'>βλαϐείη.</span> 
     </span>
    </p>
   </div>
   <div class='ocr_carea' id='block_1_108' title="bbox 2109 4787 3706 4862">
    <p class='ocr_par' dir='ltr' id='par_1_108' title="bbox 2109 4787 3706 4862">
     <span class='ocr_line' id='line_1_108' title="bbox 2109 4787 3706 4862; baseline -0.003 -17"><span class='ocrx_word' id='word_1_759' title='bbox 2109 4791 2175 4845; x_wconf 89' lang='grc' dir='ltr'>Τί</span> <span class='ocrx_word' id='word_1_760' title='bbox 2205 4791 2444 4862; x_wconf 85' lang='grc' dir='ltr'>δήποτε;</span> <span class='ocrx_word' id='word_1_761' title='bbox 2480 4791 2565 4843; x_wconf 85' lang='grc' dir='ltr'>ὅτι</span> <span class='ocrx_word' id='word_1_762' title='bbox 2600 4790 2707 4844; x_wconf 77' lang='grc' dir='ltr'>καὶ.</span> <span class='ocrx_word' id='word_1_763' title='bbox 2730 4789 2867 4860; x_wconf 84' lang='grc' dir='ltr'>δῆλα</span> <span class='ocrx_word' id='word_1_764' title='bbox 2899 4788 3067 4843; x_wconf 78' lang='grc' dir='ltr'>πᾶσιν</span> <span class='ocrx_word' id='word_1_765' title='bbox 3101 4791 3252 4842; x_wconf 75' lang='grc' dir='ltr'>ἐστιν</span> <span class='ocrx_word' id='word_1_766' title='bbox 3272 4829 3289 4852; x_wconf 89' lang='grc'><strong>,</strong></span> <span class='ocrx_word' id='word_1_767' title='bbox 3319 4787 3416 4841; x_wconf 72' lang='grc' dir='ltr'>καὶ</span> <span class='ocrx_word' id='word_1_768' title='bbox 3448 4787 3570 4841; x_wconf 80' lang='grc' dir='ltr'>οὐδὲ</span> <span class='ocrx_word' id='word_1_769' title='bbox 3609 4787 3706 4841; x_wconf 84' lang='grc' dir='ltr'>αύ-</span> 
     </span>
    </p>
   </div>
   <div class='ocr_carea' id='block_1_109' title="bbox 2109 4879 3701 4956">
    <p class='ocr_par' dir='ltr' id='par_1_109' title="bbox 2109 4879 3701 4956">
     <span class='ocr_line' id='line_1_109' title="bbox 2109 4879 3701 4956; baseline -0.003 -18"><span class='ocrx_word' id='word_1_770' title='bbox 2109 4884 2223 4952; x_wconf 81' lang='grc' dir='ltr'>τδς,</span> <span class='ocrx_word' id='word_1_771' title='bbox 2261 4883 2367 4940; x_wconf 80' lang='grc' dir='ltr'><strong>κᾶν</strong></span> <span class='ocrx_word' id='word_1_772' title='bbox 2401 4883 2668 4956; x_wconf 83' lang='grc' dir='ltr'>μυριάκις</span> <span class='ocrx_word' id='word_1_773' title='bbox 2700 4881 3018 4956; x_wconf 75' lang='grc' dir='ltr'>ᾗπονηρδς,</span> <span class='ocrx_word' id='word_1_774' title='bbox 3060 4881 3279 4951; x_wconf 80' lang='grc' dir='ltr'>πονηρὰ</span> <span class='ocrx_word' id='word_1_775' title='bbox 3317 4879 3518 4947; x_wconf 79' lang='grc' dir='ltr'>διδάξει</span> <span class='ocrx_word' id='word_1_776' title='bbox 3549 4879 3701 4934; x_wconf 80' lang='grc' dir='ltr'>ποτέ.</span> 
     </span>
    </p>
   </div>
   <div class='ocr_carea' id='block_1_110' title="bbox 2114 4973 3704 5044">
    <p class='ocr_par' dir='ltr' id='par_1_110' title="bbox 2114 4973 3704 5044">
     <span class='ocr_line' id='line_1_110' title="bbox 2114 4973 3704 5044; baseline -0.003 -14"><span class='ocrx_word' id='word_1_777' title='bbox 2114 4976 2360 5041; x_wconf 83' lang='grc' dir='ltr'>Πίστεως</span> <span class='ocrx_word' id='word_1_778' title='bbox 2388 4977 2446 5030; x_wconf 87' lang='grc' dir='ltr'>δὲ</span> <span class='ocrx_word' id='word_1_779' title='bbox 2475 4977 2688 5041; x_wconf 69' lang='grc' dir='ltr'>ἕνεκεν,</span> <span class='ocrx_word' id='word_1_780' title='bbox 2715 4973 2841 5028; x_wconf 71' lang='grc' dir='ltr'>οὔτε</span> <span class='ocrx_word' id='word_1_781' title='bbox 2872 4973 3030 5044; x_wconf 76' lang='grc' dir='ltr'>δῆλόν</span> <span class='ocrx_word' id='word_1_782' title='bbox 3057 4975 3176 5027; x_wconf 76' lang='grc' dir='ltr'>ἐστι</span> <span class='ocrx_word' id='word_1_783' title='bbox 3200 4976 3389 5035; x_wconf 79' lang='grc' dir='ltr'>πᾶσιν,</span> <span class='ocrx_word' id='word_1_784' title='bbox 3420 4974 3511 5026; x_wconf 78' lang='grc' dir='ltr'><strong>ὅτε</strong></span> <span class='ocrx_word' id='word_1_785' title='bbox 3544 4988 3704 5041; x_wconf 82' lang='grc' dir='ltr'>πονη-</span> 
     </span>
    </p>
   </div>
   <div class='ocr_carea' id='block_1_111' title="bbox 2118 5065 3702 5142">
    <p class='ocr_par' dir='ltr' id='par_1_111' title="bbox 2118 5065 3702 5142">
     <span class='ocr_line' id='line_1_111' title="bbox 2118 5065 3702 5142; baseline -0.003 -18"><span class='ocrx_word' id='word_1_786' title='bbox 2118 5072 2208 5142; x_wconf 78' lang='grc' dir='ltr'><strong>ρὸς</strong></span> <span class='ocrx_word' id='word_1_787' title='bbox 2250 5069 2312 5124; x_wconf 83' lang='grc' dir='ltr'><strong>ού</strong></span> <span class='ocrx_word' id='word_1_788' title='bbox 2356 5071 2759 5140; x_wconf 78' lang='grc' dir='ltr'>παραιτήσεται</span> <span class='ocrx_word' id='word_1_789' title='bbox 2797 5066 3298 5123; x_wconf 70' lang='grc' dir='ltr'>διδάσκειν..Ἐπεὶ</span> <span class='ocrx_word' id='word_1_790' title='bbox 3331 5067 3427 5118; x_wconf 76' lang='grc' dir='ltr'>καὶ</span> <span class='ocrx_word' id='word_1_791' title='bbox 3463 5065 3544 5132; x_wconf 85' lang='grc' dir='ltr'><strong>τὸ,</strong></span> <span class='ocrx_word' id='word_1_792' title='bbox 3607 5067 3702 5133; x_wconf 74' lang='grc' dir='ltr'><strong>Μὴ</strong></span> 
     </span>
    </p>
   </div>
   <div class='ocr_carea' id='block_1_112' title="bbox 2115 5153 3704 5232">
    <p class='ocr_par' dir='ltr' id='par_1_112' title="bbox 2115 5153 3704 5232">
     <span class='ocr_line' id='line_1_112' title="bbox 2115 5153 3704 5232; baseline -0.005 -14"><span class='ocrx_word' id='word_1_793' title='bbox 2115 5165 2371 5232; x_wconf 80' lang='grc' dir='ltr'>κρίνετε,</span> <span class='ocrx_word' id='word_1_794' title='bbox 2403 5162 2505 5218; x_wconf 81' lang='grc' dir='ltr'><strong>ἵνα</strong></span> <span class='ocrx_word' id='word_1_795' title='bbox 2528 5153 2614 5232; x_wconf 69' lang='grc' dir='ltr'><strong>μὴ</strong></span> <span class='ocrx_word' id='word_1_796' title='bbox 2656 5159 2916 5230; x_wconf 78' lang='grc' dir='ltr'>κριθῆτε,</span> <span class='ocrx_word' id='word_1_797' title='bbox 2956 5159 3084 5231; x_wconf 78' lang='grc' dir='ltr'>περὶ</span> <span class='ocrx_word' id='word_1_798' title='bbox 3116 5158 3230 5229; x_wconf 87' lang='grc' dir='ltr'>βίου</span> <span class='ocrx_word' id='word_1_799' title='bbox 3263 5159 3434 5224; x_wconf 78' lang='grc' dir='ltr'>ἐστὶν,</span> <span class='ocrx_word' id='word_1_800' title='bbox 3466 5159 3528 5210; x_wconf 82' lang='grc' dir='ltr'><strong>ού</strong></span> <span class='ocrx_word' id='word_1_801' title='bbox 3577 5162 3704 5230; x_wconf 79' lang='grc' dir='ltr'>περὶ</span> 
     </span>
    </p>
   </div>
   <div class='ocr_carea' id='block_1_113' title="bbox 2115 5250 3703 5326">
    <p class='ocr_par' dir='ltr' id='par_1_113' title="bbox 2115 5250 3703 5326">
     <span class='ocr_line' id='line_1_113' title="bbox 2115 5250 3703 5326; baseline -0.003 -16"><span class='ocrx_word' id='word_1_802' title='bbox 2115 5256 2375 5320; x_wconf 81' lang='grc' dir='ltr'>πίστεως.</span> <span class='ocrx_word' id='word_1_803' title='bbox 2410 5254 2485 5311; x_wconf 75' lang='grc' dir='ltr'><strong>Τὸ</strong></span> <span class='ocrx_word' id='word_1_804' title='bbox 2512 5254 2643 5324; x_wconf 74' lang='grc' dir='ltr'>γοῦν</span> <span class='ocrx_word' id='word_1_805' title='bbox 2673 5254 3037 5326; x_wconf 77' lang='grc' dir='ltr'>ἐπαγόμενον,</span> <span class='ocrx_word' id='word_1_806' title='bbox 3079 5251 3238 5307; x_wconf 79' lang='grc' dir='ltr'>τοῦτο</span> <span class='ocrx_word' id='word_1_807' title='bbox 3261 5252 3432 5324; x_wconf 77' lang='grc' dir='ltr'>δηλοῖ.</span> <span class='ocrx_word' id='word_1_808' title='bbox 3468 5252 3528 5307; x_wconf 84' lang='grc' dir='ltr'>Τί</span> <span class='ocrx_word' id='word_1_809' title='bbox 3555 5250 3703 5316; x_wconf 67' lang='grc' dir='ltr'><strong>,βλέ-</strong></span> 
     </span>
    </p>
   </div>
   <div class='ocr_carea' id='block_1_114' title="bbox 2117 5341 3702 5420">
    <p class='ocr_par' dir='ltr' id='par_1_114' title="bbox 2117 5341 3702 5420">
     <span class='ocr_line' id='line_1_114' title="bbox 2117 5341 3702 5420; baseline -0.004 -16"><span class='ocrx_word' id='word_1_810' title='bbox 2117 5367 2287 5417; x_wconf 85' lang='grc' dir='ltr'>πεις,</span> <span class='ocrx_word' id='word_1_811' title='bbox 2323 5347 2522 5420; x_wconf 68' lang='grc' dir='ltr'>φησιν,</span> <span class='ocrx_word' id='word_1_812' title='bbox 2567 5346 2634 5401; x_wconf 86' lang='grc' dir='ltr'>τὸ</span> <span class='ocrx_word' id='word_1_813' title='bbox 2671 5345 2997 5416; x_wconf 73' lang='grc' dir='ltr'>κάρφοςτὸ</span> <span class='ocrx_word' id='word_1_814' title='bbox 3040 5344 3110 5399; x_wconf 76' lang='grc' dir='ltr'><strong>ἐν</strong></span> <span class='ocrx_word' id='word_1_815' title='bbox 3145 5343 3226 5412; x_wconf 84' lang='grc' dir='ltr'>τῷ</span> <span class='ocrx_word' id='word_1_816' title='bbox 3277 5342 3559 5415; x_wconf 66' lang='grc' dir='ltr'><strong>ὀφθαλμῷ</strong></span> <span class='ocrx_word' id='word_1_817' title='bbox 3597 5341 3702 5398; x_wconf 77' lang='grc' dir='ltr'>τοῦ</span> 
     </span>
    </p>
   </div>
   <div class='ocr_carea' id='block_1_115' title="bbox 2113 5431 3698 5511">
    <p class='ocr_par' dir='ltr' id='par_1_115' title="bbox 2113 5431 3698 5511">
     <span class='ocr_line' id='line_1_115' title="bbox 2113 5431 3698 5511; baseline -0.008 -14"><span class='ocrx_word' id='word_1_818' title='bbox 2113 5439 2386 5511; x_wconf 73' lang='grc' dir='ltr'>ἀδελφοῦ</span> <span class='ocrx_word' id='word_1_819' title='bbox 2434 5453 2585 5505; x_wconf 87' lang='grc' dir='ltr'>σου,</span> <span class='ocrx_word' id='word_1_820' title='bbox 2630 5437 2747 5508; x_wconf 77' lang='grc' dir='ltr'><strong>τὴν</strong></span> <span class='ocrx_word' id='word_1_821' title='bbox 2779 5436 2848 5491; x_wconf 79' lang='grc' dir='ltr'>δὲ</span> <span class='ocrx_word' id='word_1_822' title='bbox 2881 5435 3068 5490; x_wconf 79' lang='grc' dir='ltr'>δοκὸν</span> <span class='ocrx_word' id='word_1_823' title='bbox 3105 5435 3222 5504; x_wconf 79' lang='grc' dir='ltr'><strong>τὴν</strong></span> <span class='ocrx_word' id='word_1_824' title='bbox 3247 5434 3319 5490; x_wconf 76' lang='grc' dir='ltr'><strong>ἐν</strong></span> <span class='ocrx_word' id='word_1_825' title='bbox 3344 5433 3423 5501; x_wconf 81' lang='grc' dir='ltr'>τῷ</span> <span class='ocrx_word' id='word_1_826' title='bbox 3465 5431 3553 5500; x_wconf 87' lang='grc' dir='ltr'>σῷ</span> <span class='ocrx_word' id='word_1_827' title='bbox 3596 5433 3698 5504; x_wconf 74' lang='grc' dir='ltr'>όςρ-</span> 
     </span>
    </p>
   </div>
   <div class='ocr_carea' id='block_1_116' title="bbox 2114 5524 3696 5604">
    <p class='ocr_par' dir='ltr' id='par_1_116' title="bbox 2114 5524 3696 5604">
     <span class='ocr_line' id='line_1_116' title="bbox 2114 5524 3696 5604; baseline -0.006 -14"><span class='ocrx_word' id='word_1_828' title='bbox 2114 5531 2321 5604; x_wconf 80' lang='grc' dir='ltr'>θαλμῷ</span> <span class='ocrx_word' id='word_1_829' title='bbox 2347 5534 2444 5588; x_wconf 74' lang='grc' dir='ltr'>οὐ</span> <span class='ocrx_word' id='word_1_830' title='bbox 2478 5531 2826 5599; x_wconf 75' lang='grc' dir='ltr'>κατανοεῖς;</span> <span class='ocrx_word' id='word_1_831' title='bbox 2874 5528 3079 5595; x_wconf 77' lang='grc' dir='ltr'>Πάντα</span> <span class='ocrx_word' id='word_1_832' title='bbox 3118 5524 3234 5586; x_wconf 77' lang='grc' dir='ltr'><strong>οὖν</strong></span> <span class='ocrx_word' id='word_1_833' title='bbox 3264 5529 3382 5590; x_wconf 78' lang='grc' dir='ltr'><strong>ὅσα</strong></span> <span class='ocrx_word' id='word_1_834' title='bbox 3413 5527 3491 5583; x_wconf 80' lang='grc' dir='ltr'><strong>ἂν</strong></span> <span class='ocrx_word' id='word_1_835' title='bbox 3517 5525 3696 5598; x_wconf 70' lang='grc' dir='ltr'>λέγω·</span> 
     </span>
    </p>
   </div>
   <div class='ocr_carea' id='block_1_117' title="bbox 2113 5618 3697 5699">
    <p class='ocr_par' dir='ltr' id='par_1_117' title="bbox 2113 5618 3697 5699">
     <span class='ocr_line' id='line_1_117' title="bbox 2113 5618 3697 5699; baseline -0.004 -15"><span class='ocrx_word' id='word_1_836' title='bbox 2113 5643 2218 5684; x_wconf 76' lang='grc' dir='ltr'>σιν</span> <span class='ocrx_word' id='word_1_837' title='bbox 2249 5627 2424 5698; x_wconf 84' lang='grc' dir='ltr'>ὑμῖν,</span> <span class='ocrx_word' id='word_1_838' title='bbox 2470 5625 2724 5694; x_wconf 81' lang='grc' dir='ltr'>ποιεῖτε,</span> <span class='ocrx_word' id='word_1_839' title='bbox 2769 5623 2922 5682; x_wconf 79' lang='grc' dir='ltr'>κατὰ</span> <span class='ocrx_word' id='word_1_840' title='bbox 2944 5623 3032 5699; x_wconf 23' lang='grc' dir='ltr'><strong>’δὲ</strong></span> <span class='ocrx_word' id='word_1_841' title='bbox 3076 5623 3152 5680; x_wconf 81' lang='grc' dir='ltr'>τὰ</span> <span class='ocrx_word' id='word_1_842' title='bbox 3200 5623 3345 5695; x_wconf 70' lang='grc' dir='ltr'>ἔργα</span> <span class='ocrx_word' id='word_1_843' title='bbox 3374 5618 3572 5679; x_wconf 77' lang='grc' dir='ltr'>αὐτῶν</span> <span class='ocrx_word' id='word_1_844' title='bbox 3610 5620 3697 5691; x_wconf 74' lang='grc' dir='ltr'>μὴ</span> 
     </span>
    </p>
   </div>
  </div>
