3970 6294
257 339 358 406 997
1376 339 1459 402 IN
1495 341 1737 410 EPIST.
1779 343 1810 403 Ι
1848 342 1948 404 AD
1972 343 2473 407 .TIMOTHEUM.
3421 346 3527 415 993

253 457 488 517 ποιεῖτε.
531 456 696 530 Ὁρᾷς
725 456 826 512 ’ὅτι
872 454 935 512 οὐ
967 455 1100 530 περὶ
1137 455 1429 528 δογμάτων
1472 458 1651 527 ἐστὶν,
1699 459 1802 514 ἀλλ

1946 461 2002 516 in
2033 462 2187 519 oculo
2229 469 2320 518 tuo
2350 479 2455 517 non
2510 461 2655 520 vides
2705 463 2785 520 ιιι
2823 463 3021 521 Omnia
3047 478 3172 536 ergo
3203 481 3528 537 quaecunque

252 553 378 625 περὶ
414 551 536 623 βίου
567 549 664 606 καὶ
691 548 891 621 ἔργων.
933 547 1148 604 Ἀλλὰ.ὀ
1172 549 1386 615 Παῦλος
1409 550 1676 624 πρότερον
1707 569 1805 607 συν

1943 551 2182 608 dixerint
2239 552 2409 621 vobis,
2465 554 2625 625 facile
2649 572 2670 611 :
2713 557 3002 612 “cundum
3031 565 3212 613 autem
3246 573 3404 627 opera
3432 573 3524 613 eo-

253 642 482 716 ἑστησεν
559 642 793 707 αὐτοὺς,
837 639 936 696 καὶ
984 640 1107 695 τότε
1169 641 1358 713 φησὶν,
1389 643 1676 699 Πείθεσθε
1713 643 1805 699 toi

1942 661 2062 701 rum
2099 648 2262 702 nolite
2281 648 2459 716 facere
2494 649 2561 706 ¹⁸.
2581 648 2756 707 ινίἀοε
2782 649 2978 722 igitur,
3009 665 3118 705 non
3149 651 3216 706 de
3246 650 3522 717 doctrina,

250 733 610 806 ἡγουμένοις
632 733 803 804 ὑμῶν
822 775 838 801 ,
863 733 962 788 καὶ
988 732 1283 789 ὑπείκετε.

1943 737 2043 794 sed
2092 737 2160 794 de
2206 740 2332 794 vitae
2368 740 2588 797 ratione
2621 748 2677 796 et
2721 741 2984 811 operibus
3029 756 3339 797 sermonem
3373 755 3520 798 esse.

249 827 455 885 Paulus
487 828 695 900 itaque,
730 826 898 897 258
948 840 1074 882 cum
1147 826 1389 897 primum
1415 841 1511 884 eos
1582 828 2081 899 commendaverit,
2137 839 2270 887 tunc
2331 831 2515 888 dicit:
2584 832 2803 889 Obedite
2847 834 3150 904 pt'tepositis
3213 835 3422 900 vestris,
3469 843 3524 889 et

249 921 536 992 subjucete.

320 1031 342 1067 ‹
398 1011 828 1085 Ἀπολελυμένον
847 1031 864 1049 ο
920 1013 1040 1085 μεθ’
1070 1004 1134 1070 οῦ
1164 1052 1182 1079 ,
1213 1011 1312 1070 ἐὰν
1348 1013 1538 1086 τάχιον
1569 1014 1797 1086 ἔρχηται

2015 1035 2034 1069 ι
2061 1014 2384 1080 Dimissum,
2403 1029 2528 1070 cum
2547 1028 2659 1084 quo
2692 1013 2761 1083 (si
2791 1013 3029 1069 celerius
3058 1011 3290 1084 venerit)
3321 1011 3520 1068 videbo

246 1106 445 1178 ὄψομαι
477 1107 640 1178 ὑμᾶς.
685 1104 1035 1162 ’Δσπάσασθε
1070 1107 1280 1172 πάντας
1321 1108 1452 1172 τοὺς
1489 1106 1805 1179 ἡγουμένους

1936 1124 2057 1164 vos.
2091 1107 2344 1162 Salutate
2377 1121 2572 1162 omnes
2591 1107 2931 1178 prmpositos
2956 1113 3198 1172 vestros,
3245 1115 3300 1158 et
3326 1119 3524 1161 omnes

245 1199 421 1270 ὑμῶν,
453 1197 550 1253 καὶ
580 1199 791 1263 πάντας
814 1200 941 1262 τοὺς
963 1199 1173 1270 ἁγίους.
1215 1198 1579 1265 Ἀσπάζονται
1606 1200 1751 1272 ὑμᾶς
1777 1217 1805 1255 ο

1936 1205 2177 1256 sanctos.
2214 1196 2470 1254 Salutant
2505 1213 2603 1254 vos
2632 1197 2729 1269 qui
2763 1205 2893 1254 sunt
2922 1197 2989 1251 de
3019 1196 3191 1253 ltalia.
3229 1215 3249 1250 ι

245 1292 352 1349 ἀπο
379 1293 480 1363 τῆς
521 1289 770 1358 Ἰταλίας.
814 1309 834 1342 1

321 1383 822 1454 Ἆπολελυμένον.
855 1382 1061 1450 Πόθενς
1097 1377 1268 1456 Οἶμαι
1306 1383 1472 1438 αὐτον
1501 1382 1581 1447 είς
1608 1383 1805 1454 δεσμω-

1990 1381 2315 1438 ηυὶηιὶιιωη.
2379 1379 2538 1436 Unde
2567 1394 2695 1436 reor
2725 1379 2881 1434 illum
2917 1379 2974 1434 in
3016 1393 3296 1434 carcerem
3329 1379 3518 1447 conje-

240 1477 428 1548 τήριον
460 1475 867 1548 ἐμϐεϐλῆσθαι·
911 1474 945 1546 ἥ
992 1474 1041 1527 εἰ
1073 1474 1150 1546 μὴ
1185 1473 1374 1539 τοῦτο,
1415 1473 1527 1529 ἀπὸ
1581 1472 1805 1544 Ἀθηνῶε

1936 1481 2082 1531 ctum
2139 1475 2348 1542 fuisse;
2393 1473 2482 1530 sin
2532 1487 2690 1541 vero,
2735 1471 3031 1527 dimissum
3083 1470 3342 1526 Athenis.
3374 1468 3514 1526 Nam

241 1566 659 1640 ἀπολελυμένον.
691 1566 804 1621 Καὶ
840 1564 950 1635 γὰρ
985 1565 1079 1619 καὶ
1116 1565 1274 1619 τοῦτο
1319 1568 1377 1620 ἐν
1423 1566 1547 1624 ταῖς
1583 1565 1802 1637 Πράξεσ

1936 1574 1982 1623 et
2019 1565 2126 1622 hoc
2153 1580 2374 1638 quoque
2406 1566 2464 1622 in
2493 1564 2728 1621 Actibus
2767 1563 3142 1634 apostolorum
3174 1561 3432 1618 habetur.

240 1661 440 1714 κειται.

268 1805 271 1809 ,
302 1771 334 1806 ‘l
389 1751 455 1804 Ἦ
485 1750 645 1823 χάρις
682 1747 817 1821 μετὰ
853 1749 1072 1804 πάντων
1105 1747 1278 1821 ὑμῶν.
1326 1747 1522 1821 ’Δμήν.
1562 1768 1582 1802 ι

316 1841 383 1898 Ἦ
411 1843 572 1914 χάρις
606 1841 726 1906 πῶς
757 1843 968 1912 γίνεται
1018 1841 1137 1914 μεθ’
1189 1841 1383 1912 ἡμῶν;
1414 1844 1510 1898 ἐὰν
1547 1842 1622 1914 μὴ
1662 1841 1821 1915 ὑϐρί-

237 1950 418 2004 σωμεν
447 1935 529 1997 είς
555 1933 656 2004 τὴν
685 1933 1026 2006 εὐεργεσίαν.

235 2025 391 2094 Πρὸς
428 2023 737 2093 Ἐϐραίους
761 2021 988 2093 ἐπφάφη
1017 2023 1137 2078 ἀπὸ
1166 2022 1278 2092 τῆς
1314 2022 1574 2089 Ἰταλίας
1599 2021 1698 2078 διὰ
1732 2026 1821 2081 Τι-

671 2117 915 2186 μοθέου.
954 2117 1203 2187 Στίχων.
1248 2119 1370 2186 ψηέ.

301 2209 453 2283 (Τὴν
480 2210 618 2281 πρδς
647 2208 933 2280 Ἐϐραίους
985 2208 1538 2280 Ἐπιστολὴνίστορετ
1560 2207 1813 2282 Κλήμης,

229 2294 292 2358 οῦ
343 2304 622 2376 μέμνηται
665 2301 914 2368 Παῦλος,
945 2301 1005 2366 ὃς
1040 2302 1137 2356 καὶ
1187 2302 1485 2365 ἐπίσκοπος
1527 2301 1818 2372 Ῥωμαίων

228 2394 484 2463 ἐγένετοο
527 2392 604 2456 ὡς
634 2391 862 2450 ,Παύλου
911 2391 1082 2464 αὐτὴν
1137 2390 1414 2463 Ἑϐραίοις
1455 2392 1522 2462 τῇ
1573 2391 1816 2469 Ἐὄρραῖδι

227 2486 498 2557 διαλέκτῳ
548 2484 910 2554 συντάξαντος
947 2483 1306 2557 ήρμηνεὺθη,
1359 2482 1434 2548 ὦς
1476 2489 1660 2551 τινεςέ
1711 2482 1817 2539 ὐπδ

228 2578 417 2634 Δουκᾶ
461 2577 556 2633 τοῦ
600 2577 1041 2650 εὐαγγελιστοῦ)
1090 2579 1166 2644 ὡς
1212 2573 1269 2631 δὲ
1310 2577 1482 2646 ἄλλοι,
1514 2576 1622 2630 ὑπὸ
1648 2575 1816 2632 αὐτοῦ

227 2671 323 2726 τοῦ
355 2671 700 2744 Κλήμεντος.
723 2672 743 2742 )

309 2786 354 2819 ⁸⁷
390 2785 583 2845 Matth.
615 2802 714 2853 vn,
735 2787 793 2845 4.
880 2788 924 2822 ³⁸
945 2785 1141 2844 Matth.
1181 2801 1343 2853 mn,
1375 2787 1433 2844 5.

1998 1745 2168 1804 Vens.
2199 1745 2291 1802 25.
2324 1764 2344 1798 ι
2384 1744 2574 1802 Gratia
2601 1758 2727 1800 cum
2756 1743 3014 1800 omnibus
3039 1742 3216 1800 vobis.
3253 1745 3443 1799 Amen.
3482 1762 3502 1796 1

2000 1841 2250 1906 Quonam
2303 1840 2468 1895 modo
2505 1838 2681 1910 gratia
2713 1837 3004 1893 nobiscum
3044 1840 3174 1903 erit,
3227 1839 3274 1894 si
3307 1838 3514 1893 beneﬁ-

1928 1928 2124 1983 centite
2157 1927 2255 1983 Dei
2287 1942 2636 1998 nequaquam
2669 1927 2861 1998 injurii
2890 1927 3141 1984 erimus?

1927 2018 2273 2091 Epistolaad
2299 2017 2554 2075 Hebraeos
2586 2035 2651 2075 ea:
2682 2019 2852 2075 Italia
2879 2021 3080 2090 scripta
3110 2029 3187 2076 est
3213 2035 3304 2090 per
3326 2020 3513 2076 Timo-

2385 2112 2581 2169 theum.
2630 2112 2880 2168 Versibus
2909 2106 3035 2169 703.

1995 2208 2018 2278 (
2039 2206 2339 2279 Epistolam
2367 2205 2435 2261 ad
2462 2204 2721 2261 Hebraeos
2747 2203 3007 2260 edisserit
3035 2201 3312 2270 Clemens,
3347 2203 3510 2275 cujus

1919 2299 2176 2358 meminit
2226 2298 2453 2365 Paulus,
2509 2297 2717 2369 quique
2781 2297 3163 2352 Romanorum
3215 2295 3509 2366 episcOpus

1917 2395 2024 2452 fuit
2053 2399 2165 2450 :.ut
2202 2407 2400 2464 nempe
2423 2406 2551 2447 cum
2580 2389 2886 2462 Apostolus
2914 2404 3034 2445 eam
3066 2386 3344 2466 Hebraico
3370 2387 3508 2443 idio-

1918 2491 2068 2540 mate
2099 2484 2444 2556 scripsisset,
2486 2482 2542 2538 in
2574 2480 2825 2539 Graecum
2863 2480 3138 2537 translata
3168 2479 3262 2545 sit,
3291 2489 3353 2535 ut
3384 2480 3508 2550 qui-

1920 2574 2046 2632 dem
2079 2575 2363 2632 nonnullis
2397 2575 2598 2646 placet,
2632 2589 2662 2628 a
2708 2573 2857 2631 Luca
2888 2572 3264 2645 evangelista;
3293 2579 3356 2628 ut
3380 2570 3507 2627 aliis

1923 2682 2082 2736 vero,
2111 2669 2179 2724 ab
2206 2667 2399 2726 eodem
2427 2665 2778 2738 Clemente.)

236 2968 3456 3008 WW—

800 3142 974 3231 ΕΙΣ
1069 3138 1725 3230 ΕΠΙΣΤΟΛΗΝ
1779 3138 2076 3228 ΠΡΟΣ
2156 3134 2750 3229 ΤΙΜΟΘΕΟΝ
2795 3135 2865 3218 Α

614 3499 746 3589 ΙΝ
821 3494 1496 3591 EPISTOLAM
1573 3491 2041 3585 PRIMAM
2113 3490 2263 3581 AD
2341 3484 3126 3582 TIMOTHEUM.

655 3817 886 3873 ΚΕΦΑΛ
894 3815 1052 3872 AION
1102 3814 1405 3873 ΠΡΩΤΟΝ.

286 3928 312 3967 ι
348 3908 565 3975 Παῦλος
620 3909 916 3973 ἀπόστολος
969 3906 1209 3981 Χριστοῦ
1252 3906 1426 3980 Ἰησοῦ
1467 3910 1588 3964 κατ’
1616 3911 1808 3968 ἐπιτα-

210 4002 319 4078 γὴν
376 4000 518 4058 Θεοῦ
576 4002 790 4076 Πατρδς
835 4002 946 4074 (12)
996 4001 1152 4074 ὑμῶν
1210 4000 1304 4055 καὶ
1349 4002 1556 4073 Κυρίου
1629 4004 1804 4076 Ἰησοῦ

210 4094 456 4170 Χριστοῦ
485 4095 586 4167 τῆς
633 4094 852 4160 ἐλπίδος
899 4094 1082 4167 ἡμῶν,
1103 4093 1366 4165 ’Τιμοθέῳ
1390 4095 1600 4168 γνησίῳ
1625 4097 1804 4170 τέκνῳ

211 4190 270 4243 ιν
309 4188 520 4244 πίστει.
549 4205 572 4241 1

290 4276 517 4352 Ἐπειδὴ
573 4275 747 4350 μέγας
786 4271 856 4350 ἦν
898 4279 928 4332 ὁ
957 4278 1107 4348 ἀγὼν
1156 4278 1236 4352 τῷ
1285 4279 1502 4353 μαθητῇ
1530 4297 1544 4313 ο
1577 4281 1801 4351 δέσμιος

207 4371 320 4445 γὰρ
365 4367 436 4444 ἦν
466 4371 609 4443 ὑπὲρ
637 4371 731 4427 τοῦ
765 4371 1156 4444 κηρύγματος·
1198 4372 1389 4427 τούτου
1429 4374 1592 4445 χάριν
1636 4373 1799 4438 εὐθὺς

207 4465 273 4519 ἐκ
303 4461 612 4536 προοιμίων
647 4461 930 4536 ἀνίστησιν
964 4463 1130 4517 αὑτοῦ
1175 4463 1274 4535 τὴν
1302 4463 1504 4538 ψυχὴν,
1551 4465 1797 4537 Σωτῆρα

205 4554 298 4609 τὸν
329 4554 466 4610 Θεὸν
492 4554 709 4609 καλῶν·
735 4555 920 4625 ὅμοιον
949 4554 1006 4608 δὲ
1032 4555 1108 4619 ὡς
1141 4556 1190 4608 εί
1216 4555 1386 4624 λέγοι·
1421 4558 1495 4610 Οὐ
1528 4558 1632 4630 χρὴ
1655 4561 1796 4632 ἀκη-

205 4643 326 4715 διᾷν
355 4644 416 4696 ὲν
443 4645 566 4706 ταῖς
589 4641 854 4714 θλίψεσιν,
889 4643 1102 4714 ἔχοντες
1131 4644 1362 4716 Σωτῆρα
1390 4646 1484 4702 τὸν
1511 4648 1665 4714 Θεὸν,
1699 4649 1795 4704 καὶ

206 4732 400 4788 ἐλπίδα
424 4733 518 4788 τὸν
551 4734 808 4806 Χριστόν.

275 4927 626 5001 Εὑρίσκομεν
666 4931 776 5001 γὰρ
817 4931 880 4985 τὸ
927 4930 1152 5004 Πνεῦμα
1195 4931 1354 5002 λέγον
1383 4950 1398 4965 °
1451 4933 1796 5005 Ἀφορίσατέ

203 5037 306 5088 μοι
336 5019 587 5074 Παῦλον
617 5022 712 5074 καὶ
740 5020 1076 5090 Βαρνάϐαν.

281 5131 302 5166 ι
342 5112 551 5186 Χάρις,
583 5114 767 5180 ἔλεος,
812 5117 1003 5189 είρήνη
1033 5115 1142 5172 ἀπὸ
1170 5116 1306 5173 Θεοῦ
1346 5118 1562 5190 Πατρδς
1597 5117 1787 5192 ἡμῶν,

205 5203 304 5259 καὶ
336 5205 546 5278 Κυρίου
575 5205 816 5279 Χριστοῦ
858 5208 1034 5280 Ἰησοῦ
1070 5209 1170 5264 τοῦ
1198 5209 1407 5282 Κυρίου
1436 5210 1616 5281 ἡμῶν.
1655 5229 1676 5263 1

277 5297 394 5351 Καὶ
419 5296 579 5353 τοῦτο
598 5299 698 5367 τῆς
728 5295 960 5371 Θλίψεως
981 5301 1392 5375 παραμυθικόν.
1419 5302 1670 5376 Οὐδαμοῦ
1695 5304 1789 5359 τὸν

207 5385 358 5442 Ξλεον
395 5389 431 5461 ἢ
469 5389 704 5445 ἐνταῦθα
741 5391 1051 5462 ὠνόμασεν.

213 5561 254 5622 ίθ
279 5584 412 5641 Act.
442 5562 646 5654 xm,'2.

2427 3814 2660 3872 CAPUT
2686 3814 2983 3873 PRlMUM.

1979 3909 2150 3970 Vsus.
2189 3911 2244 3978 l,
2272 3911 2330 3969 2.
2365 3928 2386 3963 ι
2425 3910 2631 3969 Paulus
2683 3911 2970 3982 apostolus
3001 3910 3133 3969 Jesu
3162 3912 3365 3972 Christi
3399 3931 3488 3974 se-

1906 4005 2152 4063 cundum
2181 4003 2478 4076 imperium
2526 4001 2625 4059 Dei
2667 4003 2851 4061 Patris
2901 4005 3101 4075 nostri,
3154 4013 3210 4062 et
3266 4009 3486 4066 Domini

1906 4101 2087 4156 nostri
2133 4096 2266 4156 Jesu
2297 4097 2504 4154 Christi
2544 4099 2664 4171 spei
2695 4106 2923 4170 nostrae,
2964 4098 3260 4158 Timotheo
3282 4101 3485 4161 dilecto

1905 4191 2018 4248 ﬁlio
2044 4191 2099 4246 in
2131 4191 2258 4248 ﬁde.
2275 4209 2305 4244 'D

1974 4283 2249 4352 Quoniam
2299 4300 2559 4357 magnum
2607 4292 2892 4341 certamen
2925 4286 3284 4344 incumbebat
3315 4286 3482 4346 disci-

1901 4377 2052 4447 pulo,
2094 4391 2217 4431 cum
2269 4375 2490 4432 vinctus
2523 4385 2669 4432 esset
2724 4383 2948 4446 propter
3000 4375 3479 4448 praedicationem,

1899 4483 2021 4526 eam
2051 4467 2122 4523 ob
2153 4481 2380 4522 causam
2423 4467 2604 4524 statim
2663 4468 2732 4524 ab
2765 4466 2992 4525 exordio
3033 4468 3280 4526 animum
3329 4471 3480 4530 illius

1901 4561 2090 4633 erigit,
2129 4559 2301 4617 Deum
2352 4559 2688 4617 Salvatorem
2737 4561 3195 4634 vocat;-perinde
3226 4580 3292 4620 ac
3315 4567 3364 4622 si
3389 4567 3476 4623 di-

1899 4663 2086 4710 ceret:
2119 4653 2241 4710 Non
2273 4669 2376 4710 nos
2407 4661 2623 4726 oportet
2653 4655 2710 4710 in
2753 4652 3150 4713 aﬂlictionibus
3183 4659 3480 4719 concidere

1899 4745 2107 4812 animo,
2138 4746 2234 4815 qui
2286 4745 2462 4801 Deum
2517 4745 2822 4804 habeamus
2857 4747 3199 4806 Salvatorem
3231 4759 3286 4809 et
3314 4750 3478 4809 Chri-

1899 4847 2046 4894 stum
2081 4852 2256 4908 spem.

1968 4931 2290 4987 lnvenimus
2339 4931 2489 4987 enim
2559 4929 2832 5003 Spiritum
2876 4933 3116 4993 edixisse
3147 4954 3164 4991 :
3198 4935 3476 5011 Segregate

1895 5023 2028 5077 mihi
2066 5021 2296 5076 Paulum
2331 5033 2379 5077 et
2411 5021 2719 5077 Barnabam
2756 5024 2828 5081 η,

1971 5136 1990 5169 ι
2046 5115 2261 5182 Gratia,
2313 5116 2731 5186 misericordia,
2786 5133 2893 5189 pax
2951 5133 2982 5177 a
3037 5118 3168 5177 Deo
3202 5119 3368 5181 Patre
3419 5133 3474 5183 et

1820 5205 1865 5262 D
1893 5207 2115 5266 Christo
2143 5207 2275 5265 Jesu
2301 5207 2538 5264 Domino
2571 5219 2788 5267 nostro.
2814 5230 2846 5264 ,ι

1967 5305 2150 5374 Atque
2201 5301 2305 5357 hoc
2343 5309 2430 5357 est
2476 5300 3198 5378 aﬂlictionislevamentum
3229 5315 3285 5364 et
3327 5309 3475 5367 sola-6

1895 5410 2047 5451 men.
2075 5393 2364 5466 Nusquam
2407 5393 2845 5454 misericordiam
2875 5388 2965 5456 his
2996 5399 3053 5456 in
3092 5399 3231 5458 locis
3265 5417 3473 5462 memo-

1898 5485 2058 5542 ravit.

1717 5681 1953 5743 NOTAE.
2009 5691 2014 5694 ‘

1717 5683 1765 5738 N
1817 5683 1858 5741 Τ
1939 5730 1953 5743 .
2009 5691 2014 5694 ‘

275 5770 396 5848 (η)
432 5770 520 5836 Sic
542 5773 764 5850 quidem
789 5775 1007 5836 codices
1033 5773 1244 5850 aliquot
1263 5791 1295 5853 ,ι
1327 5782 1520 5836 auctor
1541 5789 1674 5837 vero
1701 5683 1825 5838 ουὲ
1855 5686 2248 5856 CEhrysostomo
2266 5795 2320 5847 et
2345 5789 2468 5851 aliis
2497 5789 2730 5866 legebat,
2768 5794 3042 5868 Σωτῆρος.
