3970 6294
437 361 543 427 999

1526 303 1528 305 ’
1631 351 1696 412 s.
1726 346 2046 412 JOANNIS
2070 345 2502 413 DAMASCENI

3563 350 3700 420 1000

503 470 673 526 Vens.
705 469 760 523 5.
795 485 816 520 ι
855 466 1012 521 Sicut
1046 462 1233 536 rogavi
1275 471 1328 519 te
1355 470 1416 517 ut
1441 474 1762 518 remanercs
1794 459 2020 532 Ephesi,

2203 478 2223 512 ι
2277 460 2480 528 Καθὼς
2511 463 2868 537 παρεκάλεσά
2899 481 2958 519 σε
2999 468 3330 539 προσμείναι
3361 469 3424 526 ιν
3447 468 3713 542 Ἐφέσῳ,

437 579 561 622 cum
602 563 735 616 irem
770 561 823 614 in
855 557 1259 613 Macedoniam.
1293 576 1311 610 ι

505 639 627 710 Non
676 652 927 721 magistri
979 664 1133 704 more
1174 647 1446 720 loquitur,
1480 646 1578 705 sed
1610 663 1750 720 pene
1782 644 2016 710 famuli;

439 755 498 803 ut
546 744 876 815 discipulum
936 741 1134 798 doceat
1174 740 1420 796 modeste
1446 755 1509 795 ac
1534 739 1774 796 demisse
1803 751 2017 808 sapere.

513 857 534 891 ι
569 836 642 895 Ut
669 836 1030 892 denuntiares
1060 832 1392 904 quibusdam
1416 847 1526 888 non
1556 831 1716 887 aliter
1739 829 1962 886 docere.
1995 847 2015 882 ι

507 931 630 985 Non
662 944 756 985 eos
800 927 1126 983 nominatim
1187 924 1418 988 indicat,
1474 938 1542 980 ne
1585 922 2023 994 impudentiores

439 1021 685 1167 “633:1;
719 1110 774 1164 ι.
812 1126 832 1160 ι
871 1107 1059 1178 Neque
1098 1105 1452 1162 intenderent
1482 1102 1712 1170 fabulis,
1753 1121 1774 1157 ι

509 1202 806 1257 Fabulosis
838 1201 1033 1271 utique
1084 1197 1398 1255 Iudaeorum
1431 1195 1854 1259 traditionibus,
1883 1208 2025 1265 quos

439 1295 603 1350 etiam
638 1293 906 1365 pr0pheta
941 1293 1194 1362 coarguit
1233 1292 1432 1347 dicens
1464 1309 1477 1344 :
1530 1289 1788 1344 Docentes
1820 1285 2027 1344 doctri-

441 1403 540 1441 nas
594 1397 644 1440 et
696 1384 956 1440 mandata
1001 1384 1275 1439 hominum
1319 1383 1386 1436 ³⁸.
1431 1380 1569 1438 Nam
1600 1382 1857 1452 neglecta
1890 1378 2028 1451 legis

442 1479 814 1549 expositione,
849 1476 1185 1532 traditiones
1219 1492 1350 1531 suas
1377 1475 1846 1548 excogitaverant.

518 1589 537 1622 ι
572 1569 637 1623 Et
664 1568 1001 1641 genealogiis
1039 1567 1428 1622 interminatis.
1464 1586 1484 1620 ι

518 1661 862 1730 Genealogias
895 1667 1075 1722 vocat,
1115 1658 1438 1727 theogonias
1461 1656 1805 1718 Graecorum,
1833 1653 2028 1722 longas

443 1757 616 1813 series
645 1753 897 1808 deorum.
936 1750 1204 1806 Hortatur
1231 1765 1364 1822 ergo
1394 1749 1733 1820 discipulum
1773 1747 1939 1818 259
1969 1754 2029 1802 ut

442 1865 542 1905 eos
593 1846 867 1902 disturbet
904 1844 998 1914 qui
1041 1842 1261 1898 fabulas
1312 1841 1576 1898 Judaicas
1628 1839 2031 1910 amplecteren-

445 1947 558 2005 tur,
596 1953 695 1994 nec
727 1938 849 1992 illos
877 1936 1026 2006 loqui
1064 1935 1271 1992 sineret
1315 1935 1412 2007 qui
1444 1933 1784 1991 Graecanicis
1826 1931 2035 1989 errori-

443 2033 548 2088 bus
604 2031 808 2086 addicti
876 2036 1088 2095 essent,
1151 2043 1254 2085 nec
1311 2028 1480 2085 veluti
1544 2024 2034 2083 concatenationes

445 2126 673 2181 deorum
707 2123 936 2179 inferre.

525 2237 542 2269 ι
575 2215 704 2282 Quae
749 2216 1083 2284 quzestiones
1136 2221 1407 2285 praestant
1463 2212 1671 2285 magis,
1707 2225 1874 2284 quam
1918 2209 2037 2267 dis-

446 2309 828 2378 pensationem
865 2307 957 2362 Dei
989 2309 1045 2360 in
1072 2305 1199 2362 ﬁde.
1235 2327 1254 2360 ι

519 2399 645 2460 ista:
697 2399 1001 2466 doctrinae,
1059 2399 1279 2470 inquit,
1335 2412 1461 2454 cum
1520 2397 1659 2454 nulli
1711 2397 2035 2468 adiumento

448 2492 598 2558 siut,
645 2492 926 2548 hominem
975 2492 1201 2562 insuper
1236 2505 1266 2545 a
1296 2490 1718 2561 dispensatione
1746 2487 1842 2545 Dei
1875 2498 2036 2544 aver-

445 2591 594 2641 tunt.
637 2584 1095 2651 Dispensationem
1149 2591 1334 2653 autem
1367 2582 1468 2637 Dei
1502 2583 1744 2655 appellat
1780 2581 2038 2636 incarna-

450 2675 623 2731 tionis
649 2675 992 2748 mysterium.

521 2767 690 2824 νεεδ.
729 2767 782 2823 5.
813 2786 830 2818 ι
858 2766 1015 2823 Finis
1050 2776 1238 2822 autem
1275 2766 1538 2836 praecepti
1571 2772 1656 2821 est
1687 2763 1935 2819 charitas
1971 2760 2039 2818 de

454 2860 622 2918 corde
673 2874 814 2932 puro
837 2902 852 2928 ,
903 2867 957 2914 et
997 2857 1345 2916 conscientia
1380 2859 1522 2915 bona
1545 2897 1562 2927 .
1587 2864 1659 2915 -et
1700 2855 1805 2912 iide
1834 2867 1946 2912 non
1978 2854 2040 2910 ﬂ-

453 2962 561 3010 cla.
598 2972 616 3008 ι

524 3044 579 3099 ld
609 3053 728 3110 est,
772 3059 990 3101 summa
1037 3044 1430 3100 mandatorum
1473 3051 1561 3099 est
1603 3056 1788 3100 sermo
1815 3041 1882 3098 de
1910 3042 2041 3098 cha-

453 3138 636 3193 ritate.
670 3121 1141 3203 Quemadmodum
1188 3146 1371 3193 autem
1422 3136 1714 3210 Scriptura
1756 3136 2038 3194 Christum

454 3228 616 3283 [luem
665 3227 805 3299 legis
853 3227 990 3284 dicit
1039 3228 1107 3292 “,
1159 3229 1265 3284 hoc
1316 3239 1403 3285 est
1457 3229 1930 3299 complementum
1984 3235 2041 3284 et

454 3319 856 3386 summarium;
890 3320 971 3376 sic
1006 3320 1196 3376 ethoc
1246 3321 1299 3376 in
1353 3322 1477 3377 loco
1531 3321 1864 3377 vocabulum
1911 3323 2039 3391 ﬁnis

454 3415 765 3485 usurpavit.
796 3413 943 3471 Bene
974 3429 1106 3472 vero
1136 3415 1372 3486 adjecit,
1406 3414 1471 3470 de
1505 3415 1663 3470 corde
1692 3431 1869 3484 puro;
1902 3430 2042 3485 quo-

455 3507 604 3563 niam
655 3514 711 3563 et
762 3507 1036 3562 malorum
1087 3516 1173 3563 est
1204 3507 1451 3563 amicitia
1474 3550 1488 3573 ,
1519 3507 1704 3578 qualis
1735 3507 1914 3564 fuerat
1947 3523 2044 3562 eo-

457 3615 579 3656 rum
613 3602 708 3668 qui
757 3599 1008 3656 unanimi
1063 3600 1304 3657 consilio
1351 3600 1640 3656 Christum
1687 3599 1855 3670 impie
1902 3597 2043 3653 aﬂli-

457 3701 681 3745 xerunt.

528 3781 698 3840 Vens.
739 3781 792 3837 6.
818 3802 837 3836 ι
865 3782 1112 3850 Quorum
1150 3782 1378 3853 quidam
1407 3781 1756 3848 aberrantes,
1784 3780 2041 3837 conversi

457 3885 587 3930 sunt
615 3874 670 3929 in
703 3874 1108 3945 vaniloquium.
1142 3892 1162 3925 ›

523 3963 565 4019 Α
600 3965 908 4031 cbaritate,
941 3965 1054 4033 ait,
1109 3972 1164 4021 et
1214 3963 1558 4021 conscientia
1608 3965 1790 4032 bona,
1832 3974 1890 4023 et
1935 3964 2042 4023 [ide

457 4073 566 4114 non
602 4057 890 4113 simulata.

528 4149 693 4206 Vnus.
738 4149 791 4204 7.
823 4168 841 4201 ι
878 4147 1138 4206 Volentes
1197 4165 1322 4206 esse
1377 4149 1515 4222 legis
1569 4149 1866 4217 doctores,
1929 4165 2038 4207 non

458 4242 834 4313 intelligentes
863 4281 878 4306 ,
919 4257 1097 4310 neque
1126 4243 1194 4298 de
1241 4242 1445 4313 quibus
1495 4242 1817 4315 loquuntur,
1861 4260 2041 4316 neque

455 4334 524 4389 de
551 4334 754 4402 quibus
785 4333 1078 4390 aﬂirmant.
1113 4353 1130 4387 ι

527 4423 723 4479 Libido
758 4425 960 4495 quippe
984 4425 1313 4482 dominandi
1341 4442 1437 4484 eos
1467 4429 1614 4500 cogit
1641 4437 1703 4484 ut
1733 4429 2037 4502 magisterii

454 4534 659 4574 munus
689 4518 978 4589 arripiant.

520 4631 690 4690 Vens.
732 4631 789 4699 8,
827 4631 882 4686 9.
911 4650 930 4683 ι
963 4631 1181 4688 Scimus
1211 4639 1400 4688 autem
1428 4633 1552 4703 quia
1585 4635 1729 4690 bona
1783 4646 1872 4693 est
1912 4636 2035 4703 lex,

456 4727 501 4783 si
533 4726 661 4795 quis
685 4739 748 4780 ea
780 4724 1024 4796 legitime
1052 4733 1260 4780 utatur.
1290 4724 1406 4781 Hoc
1437 4729 1644 4796 sciens,
1678 4748 1696 4782 ι

522 4837 813 4908 Legitime,
855 4838 1078 4908 inquit,
1124 4839 1175 4892 id
1215 4847 1333 4905 est,
1370 4857 1469 4910 per
1503 4856 1670 4912 opera
1715 4843 1885 4914 legem
1934 4845 2038 4901 im-

367 4929 374 4934 ’
458 4933 678 5003 piendo.
711 4930 1065 4997 Rursumque
1099 4932 1331 5002 legitime
1376 4934 1605 5000 dicitur,
1655 4935 1786 4991 dum
1835 4938 2037 5008 aliquis

458 5029 560 5097 legi
599 5042 805 5081 morem
846 5026 1008 5097 gerit.
1042 5026 1170 5096 Legi
1208 5043 1334 5083 vero
1370 5029 1459 5083 ille
1490 5045 1696 5085 morem
1741 5032 1916 5103 gerit,
1945 5033 2037 5101 qui

458 5120 739 5174 Christum
775 5117 1052 5187 suscipit:
1100 5119 1226 5188 quia
1278 5135 1474 5189 nempe
1523 5120 1637 5176 ltmc
1682 5138 1784 5178 nos
1833 5133 2039 5194 myste-

460 5212 599 5266 rium
631 5213 748 5280 ejus
779 5209 1009 5266 docebat
1038 5249 1053 5275 ,
1083 5210 1232 5280 quod
1262 5212 1571 5268 umbratice
1601 5211 1926 5269 delinearet.

537 5345 554 5378 ι
585 5325 726 5393 Quia
758 5326 845 5382 lex
871 5326 1027 5396 justo
1061 5341 1168 5380 non
1199 5333 1285 5382 est
1316 5328 1520 5398 posita.
1553 5345 1571 5379 ι

528 5436 821 5494 Proximus
855 5452 1054 5495 sensus
1081 5448 1197 5503 est,
1224 5437 1441 5507 justum
1477 5441 1702 5498 minime
1735 5443 2033 5500 obnoxium

460 5545 582 5587 esse
617 5529 912 5602 supplicio.
943 5529 1298 5599 Spiritualior
1324 5531 1489 5602 vero}.
1541 5547 1665 5587 eum
1716 5536 1810 5604 qui
1835 5529 2037 5604 ‘justus

462 5623 640 5679 lactus
693 5622 800 5690 sit,
851 5621 1083 5677 liberum
1131 5637 1252 5678 esse
1309 5638 1341 5677 a
1396 5623 1644 5681 molestis
1691 5624 2037 5695 jussionibus

532 5802 578 5836 "
604 5800 714 5858 lsa.
744 5816 897 5868 uix,
934 5800 1020 5856 l3.
1097 5803 1142 5835 “
1183 5802 1342 5858 Rom.
1381 5817 1437 5868 ι,
1477 5801 1531 5858 4.

2067 4357 2114 4416 D

2123 555 2494 628 πορευόμενος
2521 560 2602 622 είς
2630 560 2993 615 Μακεδονίαν.
3034 580 3054 612 ›

2194 649 2268 705 Οὐ
2291 649 2617 707 διδασκάλου
2653 654 2805 725 φωνῇ
2849 652 3139 724 κέχρηται,
3169 652 3288 710 ἀλλ’
3326 652 3544 709 οἰκέτου
3582 669 3712 730 σχα-

2121 743 2232 811 δὸν,
2264 742 2355 797 ἵνα
2383 741 2571 820 διδάξῃ
2599 744 2690 799 τδν
2722 746 2975 818 μαθητὴν
3003 750 3472 820 ταπεινοφρονεῐν.
3577 805 3581 810 ,

2201 856 2223 892 σ
2267 839 2388 895 Ἵνα
2423 840 2807 914 παραγγείλῃς
2833 842 2967 908 τισὶ,
3001 842 3076 914 μὴ
3112 842 3636 915 ἑτεροδιδασκαλεῖν.
3684 858 3708 898 Ι

2199 929 2274 984 Οὐ
2303 930 2521 1002 τίθησιν
2561 931 2758 996 αὐτοὺς
2807 932 3088 1004 ὀνομαστὶ,
3122 932 3209 988 ἵνα
3240 931 3317 1007 μὴ
3352 933 3716 1004 ἀναισχυντο-

2123 1022 2316 1094 τέρους
2345 1025 2570 1096 ποιήσῃ.

2204 1131 2223 1165 ι
2259 1113 2412 1184 Μηδὲ
2442 1114 2729 1186 προσέχειν
2763 1113 2976 1187 μύθοις,
3019 1133 3040 1168 ι

2198 1204 2332 1268 Ταῖς
2359 1205 2616 1276 μυθικαίς
2641 1205 2753 1261 τῶν
2791 1206 3060 1261 Ἰουδαίων
3088 1206 3472 1279 παραδόσεσιν,
3503 1201 3591 1272 οἷς
3618 1208 3717 1264 καὶ

2126 1297 2156 1352 δ
2174 1299 2458 1370 προφήτης
2482 1299 2724 1353 ἐνεκάλει
2754 1297 2932 1367 λέγων
2954 1317 2968 1332 ’
2998 1298 3398 1367 Διδάσκοντες
3421 1301 3717 1358 διδασκα-

2128 1389 2298 1457 λίας,
2347 1388 2691 1460 ἐντάλματα
2755 1391 3107 1458 ἀνθρώπων.
3163 1391 3443 1461 ’Ᾱφιέντες
3475 1393 3585 1465 γὰρ
3627 1391 3719 1460 ιξ-

2129 1482 2384 1555 ηγεϊσθαι
2409 1483 2502 1536 τὸν
2532 1484 2720 1553 νόμον,
2764 1483 2902 1547 ίδίας
2932 1483 3262 1555 παραδόσεις
3293 1485 3574 1547 ἐπενόουν.

2209 1594 2230 1629 ι
2272 1577 2385 1630 Καὶ
2412 1576 2786 1647 γενεαλογίαις
2816 1579 3164 1648 ἀπεράντοις.
3195 1595 3214 1628 ι

2203 1668 2644 1738 Tanaim-lac,
2688 1667 2789 1732 τὰς
2837 1670 2967 1740 παρ’
3013 1668 3286 1740 Ἑλλήνων
3319 1667 3596 1737 θεογονίας
3625 1667 3718 1723 λέ-

2133 1777 2254 1831 γει,
2285 1760 2385 1824 τὰς
2415 1761 2602 1832 σειρὰς
2625 1761 2734 1814 τῶν
2769 1760 2927 1820 θεῶν,
2958 1761 3232 1833 Παραινεϊ
3255 1756 3350 1816 οὖν
3373 1761 3449 1832 τῷ
3473 1762 3714 1833 μαθητῇ,

2135 1853 2234 1907 καὶ
2273 1855 2401 1918 τοὺς
2459 1853 2649 1923 μύθοις
2708 1853 3020 1918 Ἰουδαϊκοῖς
3069 1854 3451 1926 κεχρημένους
3488 1855 3719 1927 ἀνατρέ-

2135 1953 2278 2012 πειν,
2312 1948 2406 2001 καὶ
2447 1948 2572 2012 τοὺς
2616 1948 2937 2018 Ἑλληνικῆς
2982 1948 3200 2017 ἀπάτης
3249 1948 3588 2020 χρωμένους,
3643 1946 3720 2021 μὴ

2134 2040 2453 2114 ἐπιτρέπειν
2503 2041 2717 2104 λαλεῖν,
2786 2041 2925 2113 μηδὲ
2983 2041 3150 2095 οἱονεὶ
3205 2041 3393 2114 σειρὰς
3442 2040 3722 2112 εἰσφέρειν

2115 2150 2120 2154 '
2137 2133 2298 2190 θεῶν.

2214 2245 2234 2281 ι
2263 2227 2482 2292 Λῖτινες
2534 2228 2789 2300 ζητήσεις
2828 2227 3127 2300 παρέχουσι
3173 2227 3400 2300 μᾶλλον,
3435 2227 3470 2300 ἢ
3505 2227 3717 2284 οἰκοδο-

2139 2323 2277 2396 μίαν
2324 2321 2460 2378 Θεοῦ
2495 2322 2599 2393 τὴν
2631 2323 2690 2376 ἐν
2724 2322 2931 2378 πίστει.
2974 2341 2993 2375 ι

2208 2405 2405 2478 Δῦται,
2442 2413 2628 2485 φησὶν,
2659 2416 2713 2468 αί
2742 2413 3085 2469 διδασκαλίαι
3121 2413 3259 2484 πρὸς
3279 2412 3340 2468 τὸ
3370 2413 3538 2485 μηδὲν
3565 2415 3718 2486 ὠφε-

2136 2503 2273 2571 λεῖν,
2302 2503 2398 2559 καὶ
2424 2504 2526 2576 τῆς
2565 2504 2880 2576 οἰκονομίας
2900 2503 2995 2558 τοῦ
3019 2502 3182 2566 Θεοῦ,
3207 2502 3584 2574 ἀπασχολοῦσι
3629 2504 3726 2559 τὸν

2139 2591 2450 2664 ἄνθρωπον.
2486 2595 2846 2665 Οίκονομίαν
2877 2595 2960 2650 δὲ’
2987 2593 3135 2649 Θεοῦ
3157 2595 3219 2647 τὸ
3242 2594 3340 2665 τῆς
3369 2594 3731 2670 ὲνανθρωπή-

2139 2701 2278 2754 σεως
2310 2686 2464 2759 λέγει
2498 2689 2821 2760 μυστήριον.

2220 2793 2245 2832 ε
2274 2777 2349 2832 Τὸ
2379 2777 2438 2833 δὲ
2474 2777 2627 2842 τέλος
2659 2776 2761 2849 τῆς
2807 2776 3190 2850 παραγγελίας
3229 2779 3402 2843 ἐστὶν,
3431 2778 3624 2849 ἀγάπη
3660 2777 3736 2834 ἐκ

2137 2870 2393 2943 καθαρᾶς
2425 2870 2676 2943 καρδίας,
2706 2870 2800 2926 καὶ
2843 2871 3204 2942 συνειδήσεως
3230 2870 3466 2942 ἀγαθῆς,
3504 2869 3602 2926 καὶ
3635 2873 3735 2926 tio

2067 2956 2125 3068 ὁ
2145 2978 2316 3028 στεως
2343 2963 2728 3034 ἀνυποκρίτου.
2769 2983 2788 3016 ι

2216 3055 2498 3118 Τουτέστι,
2540 3054 2838 3124 κεφάλαιον
2883 3055 2986 3126 τῆς
3035 3054 3419 3127 παραγγελίας
3486 3054 3670 3122 ἐστὶν,
3705 3057 3738 3110 δ

2143 3145 2272 3217 περὶ
2301 3147 2525 3216 ἀγάπης
2553 3146 2734 3216 λόγος.
2763 3145 2975 3220 Ὠσπερ
3013 3147 3072 3200 δὲ
3101 3146 3256 3211 τέλος
3285 3149 3453 3218 νόμου
3481 3147 3736 3219 Χριστὸν

2141 3234 2391 3306 ἠΓραφὴ
2418 3235 2603 3303 λέγει,
2650 3234 2901 3288 τουτέστι
2935 3234 3336 3306 συμπλήρωσιν
3395 3235 3491 3288 καὶ
3545 3252 3737 3303 κεφα-

2140 3321 2390 3386 λαίωσιν,
2416 3320 2565 3376 οὕτω
2594 3321 2832 3377 ἐνταῦθα
2869 3322 3062 3394 εἴρηκε
3094 3321 3194 3393 τὴν
3222 3321 3418 3387 λέξιν.
3463 3316 3536 3375 Εὖ
3572 3322 3634 3376 δὲ
3671 3323 3739 3375 ea

2145 3413 2464 3484 προσθεῖναι
2514 3415 2582 3468 ἐκ
2618 3413 2884 3482 καθαρᾶς
2931 3413 3202 3485 καρδίας,
3233 3413 3425 3485 ἐπειδὴ
3457 3414 3571 3468 ἐστι
3629 3416 3737 3470 καὶ

2143 3505 2398 3576 πονηρῶν
2431 3504 2644 3576 ἀγάπη.
2697 3500 2818 3560 Οἷοι
2871 3499 3016 3577 ἦσαν
3045 3505 3096 3560 oi
3126 3503 3486 3577 ὁμονοοῦντες
3513 3505 3606 3558 ἐπὶ
3661 3510 3739 3578 τῇ

2144 3596 2283 3650 κατά
2302 3595 2539 3667 Χριστοῦ
2563 3596 2875 3669 δυσσεϐείᾳ.

2221 3797 2239 3830 ι
2269 3769 2371 3830 Ὧν
2408 3792 2551 3839 τινες
2585 3775 3019 3849 ἀστοχήσαντες,
3069 3773 3449 3846 ἐξετράπησαν
3495 3774 3578 3838 είς
3622 3789 3742 3846 μα-

2143 3868 2476 3937 ταιολογίαν.
2507 3886 2527 3920 t

2216 3962 2327 4032 Τῆς
2354 3961 2576 4033 ἀγάπης
2605 3961 2778 4032 λέγει,
2825 3961 2922 4018 καὶ
2965 3960 3065 4034 τῆς
3095 3961 3310 4034 ἀγαθῆς
3336 3959 3738 4032 συνειδήσεως,

2143 4053 2237 4108 καὶ
2269 4053 2369 4125 τῆς
2391 4053 2765 4125 ἀνυποκρίτου
2794 4055 3055 4118 πίστεως.

2227 4166 2247 4200 ι
2284 4146 2543 4210 Θέλοντες
2583 4142 2719 4200 εἶναι
2781 4147 3251 4218 νομοδιδάσκαλοι,
3326 4147 3401 4218 μὴ
3448 4146 3740 4215 νοοῦντες,

2147 4243 2288 4315 μήτε
2317 4241 2355 4298 ἃ.
2387 4241 2628 4311 λέγουσι,
2661 4242 2798 4314 μήτε
2831 4242 2962 4314 περὶ
2990 4241 3156 4297 τινων
3189 4241 3661 4299 διαϐεϐαιοῦνται.
3709 4265 3735 4299 ι

2219 4427 2285 4481 '0
2330 4427 2437 4497 γὰρ
2481 4424 2624 4498 ἔρως
2677 4426 2776 4495 τῆς
2831 4424 3128 4497 φιλαρχίας
3174 4425 3475 4495 ἀναγκάζει
3521 4427 3582 4481 τὸ
3611 4428 3744 4481 τῶν

2149 4520 2493 4577 διδασκάλων
2528 4517 2797 4590 ἁρπάζειν
2826 4518 3066 4589 ἀξίωμα.

2217 4656 2235 4690 ι
2268 4637 2506 4707 Οἴδαμεν
2553 4634 2612 4688 δὲ
2658 4635 2741 4689 ὅτι
2793 4634 2959 4697 καλὸς
3007 4635 3036 4685 ὁ
3081 4632 3269 4705 νόμος,
3303 4634 3424 4703 ¹ἐάν
3463 4651 3548 4698 τις
3574 4634 3746 4710 αὐτῷ

2145 4731 2400 4802 νομίμως
2426 4728 2642 4801 χρῆται.
2684 4726 2859 4791 Εἰδὼς
2886 4726 3066 4794 τοῦτο,
3107 4743 3128 4778 t

2214 4847 2310 4913 Τὸ,
2340 4845 2624 4916 νομίμως,
2665 4843 2789 4899 ἀντὶ
2821 4840 2940 4908 τοῦ,
2977 4840 3047 4895 δι’
3087 4839 3266 4913 ῑργων
3303 4839 3466 4894 αὑτὸν
3501 4841 3742 4913 πληροῖ.

2144 4938 2255 4993 Καὶ
2293 4938 2456 4991 πάλιν
2478 4937 2540 4991 τὺ
2585 4937 2872 5006 νομίμως,
2924 4935 3053 4989 ὅταν
3107 4952 3186 4998 τις
3233 4932 3383 5003 αὐτῷ
3440 4933 3744 4990 πείθεσθαι

2145 5029 2315 5098 λέγει.
2351 5028 2608 5084 Πείθεται
2656 5029 2712 5081 δὲ
2760 5026 2908 5097 αὐτῷ
2937 5027 2965 5079 ὁ
3003 5027 3294 5098 δεχόμενος
3327 5027 3418 5080 τὸν
3465 5027 3744 5098 Χριστὸν,

2147 5121 2282 5174 καθὸ
2324 5121 2505 5174 καὶτὸ
2540 5121 2669 5189 περὶ
2705 5119 2871 5173 αὐτοῦ
2900 5119 3178 5172 ἐδίδασκεν
3218 5120 3367 5190 ἡμᾶς
3393 5121 3742 5191 μυστήριον,

2149 5215 2338 5286 ὥσπερ
2363 5217 2419 5268 ὲν
2451 5216 2628 5277 σκιαῖς
2666 5212 2793 5282 ὑμῖν
2821 5212 3196 5282 καταγράφων
3226 5211 3378 5266 αὐτὸ.

2221 5346 2242 5381 ι
2282 5329 2407 5382 Ὀτι
2442 5327 2633 5396 δικαίῳ
2664 5327 2829 5398 νόμος
2850 5325 2909 5379 οὐ
2928 5389 2930 5391 _
2949 5327 3151 5381 κεῖται.
3178 5343 3198 5378 ι

2219 5444 2375 5500 Κατά
2401 5443 2500 5514 μὲν
2522 5444 2614 5497 τὸν
2642 5442 2935 5512 πρόχειρον
2953 5431 3135 5510 λόγον,
3157 5441 3240 5494 ὅτι
3261 5440 3543 5506 κολάσεὼς
3569 5443 3736 5498 ἔστιν

2152 5536 2309 5599 ἐκτὸς
2349 5533 2425 5604 τῷ
2449 5531 2663 5605 δικαίῳ,
2683 5533 2844 5586 Κατά
2877 5531 2933 5585 δὲ
2958 5532 3048 5601 τὸν
3075 5531 3622 5604 πνευματικώτερον,
3645 5533 3746 5589 ὅτι

2149 5631 2177 5682 ὁ
2204 5629 2518 5694 δικαιωθείς
2547 5629 2636 5685 διὰ
2666 5628 2766 5699 τῆς
2807 5626 3053 5698 χάριτος,
3089 5624 3195 5696 ἔξω
3218 5625 3536 5682 λυπούντων
3562 5643 3750 5700 προισ-
