3970 6294
187 358 318 430 1001

1191 354 1272 415 ΙΝ
1306 352 1545 414 EPIST.
1608 353 1708 412 AD
1737 349 2198 414 TIMOTHEUM
2246 353 2302 414 Ι.

3285 352 3424 422 1002

177 469 471 544 ταγμάτων
499 467 618 523 ἐστὶ
633 465 729 521 τοῦ
749 467 940 539 νόμου,
964 466 1148 521 οὐκέτι
1173 465 1362 539 χρείαν
1395 463 1536 535 ἔχων
1578 463 1735 533 γάλα·

1857 461 1998 534 legis
2025 503 2041 528 ,
2075 474 2134 519 ut
2164 463 2258 544 qui
2294 477 2405 518 non
2436 462 2670 534 amplius
2701 476 2838 536 opus
2865 463 3006 521 lacte
3050 465 3277 532 habeat,
3325 471 3421 525 sed

176 581 314 627 κτος,
360 562 457 616 ἅτε
479 560 672 614 λοιπὸν
703 562 772 632 τῇ
805 561 1005 631 στερεᾷ
1043 557 1331 630 χρώμενος
1366 558 1562 629 τροφῇ.

244 673 264 708 ι
330 653 579 724 Ἀνόμοις
624 653 681 708 δὲ
728 654 827 705 καὶ
889 653 1316 716 ἀνυποτάκτοις,
1364 648 1591 706 ἀσεϐέσι
1644 648 1742 703 καὶ

174 746 533 821 ἁμαρτωλοῖς,
565 746 805 811 ἀνοσίοις
839 743 936 799 καὶ
961 743 1234 816 βεϐήλοις,
1263 741 1622 816 πατραλοίαις
1648 740 1744 796 καὶ

175 841 525 916 μητραλοίαις
583 839 959 912 ἀνδροφόνοις,
1003 837 1248 910 πόρνοις,
1305 836 1739 907 ἀρσενοκοίταιςν

170 937 636 1011 ἀνδραποδισταῖς,
658 936 946 1007 ψεύσταις,
970 934 1274 1009 ἐπιόρκοις,
1297 933 1394 994 καί⁷
1414 934 1470 988 εί
1482 951 1534 991 τι
1552 934 1743 1007 ἕτερον

169 1033 235 1103 τῇ
262 1029 581 1102 ὑγιαινούσῃ
605 1028 926 1102 διδασκαλίᾳ
960 1029 1323 1084 ἀντίκειται.»

239 1207 427 1265 Ταῦτα
453 1211 532 1273 είς
568 1208 857 1272 Ἰουδαίους
887 1208 1206 1264 αἰνίττεται.
1238 1210 1315 1264 Ού
1338 1205 1543 1285 γὰρῆν
1568 1229 1744 1285 παρα·

170 1300 363 1372 νομίας
386 1294 545 1364 εἶδος.
579 1300 609 1353 δ
639 1299 713 1371 μὴ
743 1300 1037 1372 ἔπραττον.
1066 1302 1159 1356 At?)
1179 1302 1274 1357 ml.
1296 1302 1528 1376 σφοδρὸς
1555 1304 1742 1369 αὐτοῖς

170 1391 325 1465 ἐτέθη
354 1393 520 1464 νόμος
547 1391 793 1457 κολάζων
831 1392 1293 1466 παραϐαίνοντας.

241 1593 262 1628 ι
307 1573 470 1630 Κατά
515 1573 574 1629 τδ
608 1574 939 1644 Εύαγγέλιον
977 1575 1079 1646 τῆς
1123 1575 1283 1648 δόξης
1322 1577 1418 1631 τοῦ
1465 1579 1740 1649 μακαρίου

168 1664 323 1733 θεοῦ,
350 1666 379 1719 δ
407 1666 738 1736 ἐπιστεύθην
768 1665 879 1734 ἐγώ
899 1682 914 1696 ·
957 1668 1052 1722 καὶ
1083 1669 1246 1744 χάριν
1281 1670 1390 1740 ἔχω
1414 1671 1490 1742 τῷ
1519 1672 1739 1726 ἐνδυνα-

168 1755 411 1829 μώσαντί
442 1775 534 1828 με,
565 1757 787 1829 Χριστῷ
833 1758 1008 1828 Ἰησοῦ
1040 1759 1117 1831 τῷ
1147 1761 1339 1834 Κυρίῳ
1367 1763 1546 1833 ἡμῶν.
1575 1783 1595 1816 ι

1847 555 2081 612 robusto
2103 556 2219 626 jam
2248 557 2374 612 cibo
2404 565 2680 614 vescatur.

1920 665 1941 700 ι
1975 646 2083 703 Sed
2115 649 2373 719 injustis,
2401 659 2456 705 et
2501 667 2607 706 non
2655 652 2926 718 subditis,
2961 653 3143 725 impiis
3198 662 3254 710 et
3297 669 3428 726 pec-

1841 740 2164 810 catoribus,
2193 743 2481 800 sceleratis
2511 751 2565 799 et
2587 747 2984 801 contaminatis
3005 785 3020 810 ,
3052 745 3344 816 parricidis
3371 755 3426 803 et

1842 833 2182 903 matricidis,
2211 833 2524 900 homicidia,
2559 835 2753 909 Heus.
2788 836 2878 910 £0]
2913 836 3268 907 l'ornieariis,
3297 853 3420 894 ma-

1842 929 2122 985 sculorum
2177 929 2630 988 coneubitoribus
2663 971 2678 996 .
2742 933 3078 1003 plagiariis,
3138 933 3427 989 mendaci-

1841 1018 1982 1087 bus,
2019 1027 2077 1076 et
2112 1021 2383 1092 periuris,
2413 1029 2471 1076 et
2500 1021 2550 1078 si
2595 1022 2728 1095 quid
2780 1023 2931 1079 aliud
2976 1039 3125 1082 sanae
3156 1023 3427 1082 doctrinae

1843 1115 2193 1170 adversatur.
2225 1131 2246 1167 ι

1925 1206 2025 1265 llis
2059 1207 2242 1265 verbis
2274 1204 2494 1269 Iudaeos
2527 1209 2732 1267 innuit.
2763 1208 2982 1267 Nullum
3017 1212 3225 1285 quippe
3254 1229 3428 1287 genus

1843 1300 2155 1372 iniquitatis
2202 1299 2306 1358 fuit
2358 1303 2503 1373 quod
2550 1303 2628 1357 illi
2685 1318 2798 1360 non
2847 1305 3236 1376 perpetrarint.
3289 1306 3427 1364 Pro-

1842 1401 2026 1463 pterea
2058 1393 2405 1452 severissima
2427 1395 2512 1456 lc:
2536 1384 2620 1452 eis
2647 1396 2906 1469 imposuta
2934 1406 3052 1465 est,
3073 1413 3192 1468 qua:
3212 1413 3424 1469 praeva-

1844 1487 2121 1543 ricatores
2151 1489 2393 1558 puniret.

1916 1577 2086 1634 Vsus.
2129 1580 2191 1633 11
2221 1610 2248 1621 -
2272 1579 2358 1636 M.
2389 1599 2408 1632 ι
2441 1577 2757 1636 Secundum
2817 1579 3174 1651 Evangelium
3234 1584 3425 1656 gloriae

1847 1671 1990 1727 beati
2020 1672 2154 1736 Dei,
2187 1673 2336 1744 quod
2369 1673 2641 1729 creditum
2672 1683 2758 1730 est
2790 1674 2946 1730 mihi.
2984 1674 3049 1730 Et
3078 1677 3288 1747 gratias
3318 1692 3425 1750 ago

1843 1764 1892 1818 ei
1916 1763 2008 1833 qui
2035 1779 2121 1819 me
2143 1765 2498 1830 conici-tavit,
2518 1764 2736 1821 Christo
2759 1763 2888 1822 Iesu
2914 1765 3147 1822 Domino
3171 1777 3418 1826 nostro.»

230 1822 600 1919 Εὐαγγέλιον
618 1822 830 1920 ’δόξης
865 1822 997 1907 αὐτὸ
1025 1822 1205 1920 καλεῖ,
1238 1822 1321 1909 δι’.
1349 1822 1501 1913 ossea;
1527 1857 1735 1928 ἕτερον,

1907 1822 2121 1932 Ιδξιιιιειιιι
2175 1858 2247 1913 ob
2294 1872 2519 1914 causam
2565 1859 2793 1915 alteram
2836 1860 3185 1932 Evangelium
3237 1864 3424 1935 gloriae
3517 1913 3521 1917 .

163 1938 276 1993 ἀλλ’
307 1939 341 2011 ἢ
373 1940 512 2012 πρὸς
542 1941 670 2004 τοὺς
715 1942 1147 2012 αἰσχυνομένους
1175 1945 1266 1998 ἐπὶ
1311 1948 1425 2008 τοῖς
1454 1948 1738 2018 διωγμοῖς,

165 2031 258 2084 καὶ
284 2032 377 2086 ἐπὶ
415 2031 493 2103 τῷ
532 2032 698 2087 πάθει
753 2034 848 2087 τοῦ
901 2036 1142 2106 Χριστοῦ
1174 2055 1188 2068 ·
1227 2037 1261 2111 ἢ
1297 2038 1436 2110 τάχα
1468 2042 1564 2096 καὶ
1610 2046 1741 2115 περὶ

161 2123 270 2177 τῶν
301 2124 608 2194 μελλόντων
630 2127 928 2183 αίνίττεται
958 2128 1213 2199 ἀγαθῶν.

240 2235 260 2268 ι
308 2217 435 2272 Ὀτι
468 2215 659 2272 πιστόν
687 2219 1041 2291 μεήγήσατο.
1075 2220 1304 2293 θέμενος
1326 2225 1407 2289 εἰς
1437 2224 1738 2290 διακονίαν,

160 2312 252 2367 τδν
310 2311 584 2383 πρότερον
645 2312 776 2366 ὄντα
828 2312 1173 2385 βλάσφημον,
1211 2317 1306 2370 καὶ
1337 2317 1595 2388 διώκτην,
1644 2319 1741 2373 καὶ

162 2401 464 2476 ὑϐριστήν*
523 2404 660 2460 ἀλλά
697 2404 958 2476 ἠλεήθην,
995 2407 1080 2460 ὅτι
1133 2408 1346 2478 ἀγνοῶν
1418 2410 1651 2481 ἐποίησα
1682 2412 1740 2465 ἐν

158 2496 412 2569 ἀπιστίᾳ.
481 2495 956 2568 Ὑπερεπλεὸνασε
996 2497 1053 2553 δὲ
1113 2501 1146 2571 ἡ
1195 2500 1355 2574 χάρις
1388 2502 1483 2555 τοῦ
1533 2504 1739 2576 Κυρίου

160 2589 316 2659 ἡμῶν
372 2589 515 2659 μετά
571 2591 814 2657 πίστεως
841 2592 936 2648 καὶ
991 2592 1215 2664 ἀγάπης
1244 2595 1343 2666 τῆς
1401 2596 1459 2648 εν
1514 2596 1740 2672 Χριστῷ

173 2681 370 2754 Ἰησοῦ.
415 2701 434 2735 ι
1625 2686 1631 2694 ’

231 2774 442 2844 Είπὼν,
497 2777 581 2832 ὅτι
639 2778 1043 2850 Ἐπιστεύθην
1079 2784 1149 2836 τὸ
1205 2783 1579 2858 ῆύαγγέλιον
1623 2783 1738 2857 τῆς

157 2866 344 2934 δόξης
372 2867 480 2923 τοῦ
501 2868 671 2937 Θεοῦ,
697 2871 886 2943 ἐπειδὴ
916 2872 1062 2941 ἔδοξε
1092 2877 1236 2944 μέγα
1260 2876 1620 2947 φθέγξασθαι,
1647 2879 1736 2934 ἵνα

165 2961 240 3030 μή
266 2977 352 3025 τις
382 2959 512 3033 δόξῃ
545 2961 606 3026 ἐξ
650 2963 911 3029 ἀπονοίας
943 2963 1106 3020 τοῦτο
1149 2971 1344 3031 ποιεῖν.
1403 2970 1594 3026 σκόπει
1621 2971 1739 3038 πῶς

158 3050 588 3124 ὲπιδιορθοῦται,
611 3054 832 3120 ἀνάξιον
863 3057 1056 3112 ἑαυτὸν
1085 3058 1261 3126 λέγων
1289 3060 1378 3116 διὰ
1400 3062 1501 3134 τὴν
1532 3065 1735 3135 προτί·

1841 1947 2009 2012 dieit,
2039 1949 2146 2005 nisi
2180 1951 2308 2022 quia
2343 1966 2438 2008 eos
2471 1952 2796 2023 alloquitur,
2836 1954 3072 2024 quibus,
3107 1971 3234 2012 cum
3271 1957 3423 2013 iuse-

1843 2040 2115 2097 ctatioues
2135 2081 2150 2106 ,
2184 2051 2299 2098 tum
2331 2044 2536 2100 Christi
2571 2046 2757 2116 passio
2785 2047 3088 2118 opprobrio
3113 2057 3293 2104 erant.
3323 2048 3421 2106 Vel

1844 2134 2030 2191 forsan
2066 2134 2252 2192 futura
2287 2137 2429 2193 bona
2458 2137 2664 2194 innuit.

1909 2229 2073 2301 260
2099 2248 2118 2282 ι
2153 2228 2259 2296 Qui
2293 2246 2379 2287 me
2415 2230 2629 2288 lldelem
2676 2232 3052 2302 existimavit,
3104 2253 3320 2310 ponens
3367 2238 3422 2294 in

1842 2321 2194 2391 ministerio;
2226 2323 2322 2393 qui
2366 2324 2523 2394 prius
2554 2324 2907 2398 blasphemus
2940 2328 3014 2385 fui
3039 2372 3054 2396 ,
3083 2340 3136 2386 et
3168 2346 3424 2402 persecu-

1843 2420 1954 2479 tor,
1980 2420 2036 2469 et
2065 2416 2505 2473 contumeliosus
2529 2435 2546 2484 ;
2578 2418 2674 2475 sed
2703 2420 3137 2478 misericordiam
3165 2423 3262 2482 Dei
3290 2441 3422 2482 con-

1842 2515 2068 2564 secutus
2113 2522 2272 2576 sum,
2302 2507 2434 2580 quia
2475 2509 2736 2582 ignorans
2767 2512 2870 2569 feci
2905 2515 2960 2569 in
3005 2515 3415 2577 incredulitate.

1844 2599 2326 2672 Superabundavit
2372 2611 2552 2660 autem
2596 2606 2774 2677 gratia
2821 2607 3042 2664 Domini
3085 2614 3261 2670 nostri
3293 2629 3420 2669 cum

1842 2690 1951 2748 ﬁde
1979 2701 2032 2750 et
2059 2693 2354 2751 dilectione
2373 2735 2390 2762 ,
2421 2710 2546 2767 quae
2575 2705 2662 2752 est
2694 2697 2749 2751 in
2776 2695 3182 2759 Christo-Jesu.
3219 2723 3239 2757 ι

1911 2784 2180 2854 Quoniam
2222 2787 2473 2854 dixerat,
2513 2785 2856 2860 Evangelium
2886 2792 3074 2862 gloria:
3118 2795 3220 2850 Dei
3248 2797 3424 2852 credi-

1841 2888 1951 2934 tum
1996 2887 2078 2934 est
2123 2878 2301 2946 mihi;
2347 2895 2471 2936 cum
2527 2896 2786 2950 magnum
2840 2886 2972 2956 quid
3029 2891 3423 2958 pronuntiasse

1839 2972 2142 3040 videretur,
2198 2990 2268 3030 ne
2316 2982 2580 3046 putarent
2633 2979 2806 3051 aliqui
2846 2980 2898 3036 id
2943 2982 3012 3036 ab
3057 2983 3179 3055 ipso
3214 2984 3419 3043 factum

1837 3067 2231 3125 ostentationis
2279 3085 2449 3140 ergo,
2497 3070 2626 3127 vide
2675 3074 2950 3141 quomodo
3001 3076 3106 3133 hoc
3152 3081 3419 3152 corrigit.

160 3159 258 3212 ραν
277 3144 531 3213 ἄγνοιαν.
553 3146 708 3218 Ἅμα
729 3147 786 3202 δὲ
808 3148 903 3202 καὶ
930 3151 1147 3223 ἐπαίρει
1167 3151 1258 3205 τὸν
1275 3152 1424 3207 ἔλεον
1447 3155 1542 3208 τοῦ
1573 3155 1732 3224 Θεοῦ,

1858 3161 2126 3233 ndignum
2158 3162 2402 3232 seipsum
2434 3162 2630 3220 dicens
2663 3165 2758 3221 illo
2785 3182 3012 3225 munere
3037 3182 3262 3243 propter
3291 3144 3421 3245 prae;

157 3235 249 3288 xci.
297 3236 404 3312 τὴν
452 3237 892 3312 φιλανθρωπίαν,
937 3242 1032 3296 τὸν
1085 3244 1357 3318 πρότερον
1389 3247 1583 3301 ἑαυτοῦ
1621 3247 1737 3318 βίον

154 3323 555 3400 έξηγούμενος.

229 3523 248 3556 ι
286 3506 493 3571 Πιστὸς
519 3509 550 3561 ὁ
580 3506 759 3578 λόγος,
791 3510 891 3564 καὶ
925 3511 1109 3584 πάσης
1140 3514 1417 3585 ἀποδοχῆς
1447 3514 1622 3582 ἄξιος,
1651 3517 1736 3572 δτι

152 3597 398 3670 Χριστὸς
437 3600 644 3673 Ἰησοῦς
686 3598 855 3674 ἦλθεν
888 3604 971 3667 είς
998 3605 1092 3659 τὸν
1139 3606 1344 3678 κόσμον
1373 3607 1735 3680 ἁμαρτωλοὺς

153 3689 354 3755 σῶσαι,
391 3683 468 3747 ὧν
500 3693 719 3762 πρῶτος
749 3695 864 3764 είμι
895 3693 1037 3764 ἐγώ·
1079 3694 1218 3752 ἀλλά
1260 3695 1355 3762 διὰ
1377 3696 1539 3752 τοῦτο
1570 3698 1736 3771 ἠλεή-

152 3780 275 3850 θην,
311 3782 405 3838 ἵνα
436 3782 497 3838 ἐν
522 3786 648 3856 ἐμοὶ
676 3785 880 3860 πρώτῳ
921 3787 1222 3860 ἐνδείξηται
1266 3789 1476 3862 Ἰησοῦς
1502 3790 1738 3862 Χριστὸς

148 3875 248 3943 τὴν
269 3878 459 3931 πᾶσαν
485 3879 899 3954 μακροθυμίαν.
939 3899 960 3933 ι

220 4055 418 4124 οὕτως
445 4059 684 4132 μεγάλαι
712 4063 855 4117 εἰσιν
880 4063 938 4116 αί
969 4062 1287 4136 εὐεργεσίαι
1331 4065 1427 4120 τοῦ
1454 4065 1614 4134 Θεοῦ,
1641 4069 1736 4123 καὶ

151 4150 337 4204 πᾶσαν
388 4152 744 4226 ἀνθρωπίνην
789 4154 1227 4226 ύπερόαίνουσαι
1268 4158 1596 4228 προσδοκίαν
1641 4161 1736 4216 καί⁸

150 4242 370 4308 ἐλπίδα,
403 4243 485 4313 ὡς
538 4246 811 4320 πολλαχοῦ
861 4251 958 4304 καὶ
1010 4251 1388 4309 ἀπιστεῖσθαι.
1426 4255 1492 4308 Ἀ
1522 4254 1630 4325 γὰρ
1659 4254 1734 4328 μὴ

148 4336 322 4400 είδετό
375 4354 532 4405 ποτε,
593 4339 733 4414 μήτε
792 4343 1097 4416 ἐνενόησεν,
1140 4348 1278 4418 μήτε
1331 4349 1734 4421 προσεδόκησεν

1836 3256 2050 3312 teritam
2087 3254 2483 3326 ignorantiam.
2535 3255 2650 3314 Una
2681 3275 2815 3316 vero
2847 3261 2938 3316 Dei
2984 3264 3420 3323 misericordiam

1834 3354 1890 3405 et
1920 3347 2318 3404 immanitatem
2365 3350 2622 3420 extollit,
2678 3360 2988 3410 anteactam
3045 3357 3212 3414 vitam
3261 3376 3420 3417 suam

1836 3441 2163 3499 enarrando.

1913 3532 2076 3592 Vsus.
2119 3535 2207 3602 l5,
2244 3538 2331 3596 16.
2352 3560 2372 3594 ‹
2399 3539 2604 3597 Fidelis
2631 3556 2816 3598 sermo
2840 3551 2897 3599 et
2922 3543 3067 3600 omni
3096 3547 3420 3618 acceptione

1838 3628 2068 3699 dignus,
2100 3629 2247 3700 quod
2276 3629 2439 3688 Jesus
2469 3631 2725 3689 Christus
2758 3634 2906 3690 venit
2957 3637 3010 3690 in
3065 3637 3212 3694 hunc
3254 3655 3410 3696 mun-

1837 3718 1966 3774 dum
1993 3729 2314 3790 peccatores
2342 3723 2525 3778 salvos
2558 3722 2741 3780 facere
2762 3765 2779 3793 ,
2804 3741 3040 3796 quorum
3073 3729 3283 3798 primus
3318 3746 3419 3803 ego

1835 3826 1980 3867 sum.
2019 3809 2126 3868 Sed
2159 3812 2284 3868 ideo
2328 3813 2763 3871 misericordiam
2794 3826 3129 3874 consecutus
3180 3837 3325 3880 sum.
3358 3833 3418 3877 ut

1837 3900 1892 3956 in
1925 3915 2011 3956 me
2041 3901 2220 3972 primo
2251 3903 2570 3961 ostenderet
2601 3904 2860 3964 Christus
2885 3906 3047 3964 Jesus
3076 3925 3293 3968 omnem
3323 3929 3420 3986 pa-

1836 3991 2107 4049 tientiam.
2140 4013 2160 4048 ι

1903 4083 2034 4139 Tam
2072 4100 2282 4156 magnae
2311 4094 2441 4142 sunt
2472 4088 2844 4147 beneﬁcentiae
2874 4090 3004 4158 Dei,
3047 4103 3269 4164 tamque
3305 4096 3411 4150 hu-

1834 4191 2051 4232 manam
2069 4180 2533 4247 exspectationem
2553 4192 2607 4237 et
2626 4198 2773 4252 spem
2797 4199 3011 4240 omnem
3036 4189 3324 4252 excedunt,
3355 4196 3414 4243 ut

1831 4267 1914 4321 eis
1948 4283 2092 4337 saepe
2119 4269 2254 4324 lldes
2280 4271 2604 4342 denegetur.
2631 4272 2704 4326 Ea
2737 4274 2938 4345 quippe
2969 4276 3192 4331 donavit
3220 4281 3409 4338 nobis.

1833 4371 1954 4427 quae
1987 4373 2143 4414 mens
2176 4359 2455 4428 hominis,
2490 4378 2589 4418 nec
2621 4366 2776 4419 novit
2807 4382 3078 4436 unquam,
3119 4384 3221 4423 ncc
3256 4373 3412 4442 c0gi-

146 4426 274 4494 νοῦς
295 4430 670 4502 ἀνθρώπινος,
703 4436 877 4490 ταῦτα
900 4440 1036 4509 ἡμῖν
1061 4441 1376 4511 ἐχαρίσατο.
1400 4443 1492 4496 Διὸ
1521 4445 1733 4515 μέλλων

1860 4426 2007 4515 avit,
2056 4458 2152 4505 aut
2196 4457 2553 4523 exspectavit.
2585 4455 2950 4529 Quapropter,
2984 4463 3303 4532 priusquam
3348 4480 3410 4519 ea

145 4521 288 4576 αύτά
339 4523 550 4594 λέγειν,
601 4528 1013 4599 προλαμΰάνει,
1061 4534 1156 4586 καὶ
1219 4532 1402 4603 λέγει’
1440 4539 1661 4605 Πιστός
1700 4543 1734 4593 d

1855 4539 2141 4612 :disserat,
2183 4521 2446 4618 praelatur
2487 4559 2544 4605 et
2588 4552 2707 4606 ait:
2744 4549 2949 4607 Fidelis
2978 4571 3148 4609 sermo
3178 4566 3227 4610 et
3267 4560 3412 4612 omni

144 4615 355 4685 λόγος,
386 4617 489 4675 καὶ
507 4619 715 4688 πάσης
744 4621 1056 4693 ἀποδοχῆς
1102 4623 1292 4691 ἄξιος.
1346 4627 1432 4692 Ὠς
1466 4631 1515 4683 εί
1546 4627 1725 4700 λέγοι·

1855 4637 2130 4706 wreptione
2162 4615 2373 4710 dignus.
2407 4641 2485 4696 Ae
2530 4643 2576 4697 si
2621 4645 2816 4700 dicat:
2863 4643 3040 4701 Nemo
3081 4663 3143 4703 ea
3188 4649 3412 4706 credere

145 4708 237 4779 Μή
266 4725 357 4772 τις
381 4710 659 4783 ἀπιστήσῃ
687 4707 768 4777 οἷς
797 4713 1066 4787 μέλλομεν
1089 4717 1253 4784 ἐρεῖν.
1271 4737 1288 4767 ι
1400 4780 1411 4788 ,

1855 4739 2062 4796 'enuat,
2095 4749 2217 4801 qua:
2248 4734 2522 4790 narraturi
2557 4753 2776 4796 sumus.

219 4818 240 4851 ‹
285 4801 438 4872 [Ιρδς
471 4801 820 4860 ὑποτύπωσιν
841 4804 956 4861 τῶν
987 4807 1292 4878 μελλόντων
1327 4812 1606 4867 πιστεύειν
1637 4817 1727 4868 ἐπ’

1912 4821 2038 4874 (Λᾶ
2089 4823 2532 4881 informationem
2576 4843 2767 4883 eorum
2819 4831 2916 4900 qui
2964 4831 3229 4887 credituri
3279 4844 3409 4890 sunt

143 4891 300 4962 αὐτῷ
331 4895 417 4957 εἰς
441 4892 585 4965 ζωὴν
625 4897 867 4954 αἰώνιον.
896 4899 988 4970 Τῷ
1016 4900 1074 4954 δὲ
1121 4901 1337 4972 βασιλεῖ
1381 4905 1487 4957 τῶν
1515 4905 1726 4961 αἰώνων

1855 4914 1906 4968 lli
1948 4915 2000 4969 in
2033 4915 2199 4970 vitam
2235 4925 2523 4974 mternam.
2559 4918 2752 4993 [VERS.
2785 4891 2872 4986 li,
2904 4923 3018 4997 l8.]
3059 4925 3190 4996 Regi
3224 4939 3405 4994 autem

141 4985 441 5058 ἀφθάρτῳ,
474 4989 620 5061 μόνῳ
653 4991 803 5064 σοφῷ
825 4993 964 5064 θεῷ,
991 4995 1146 5066 τιμὴ,
1179 4995 1304 5062 δόξα
1335 4999 1410 5060 εἰς
1442 5001 1568 5062 τοὺς
1598 5000 1726 5053 αίῶ-

143 5095 243 5139 νας
278 5081 396 5133 τῶν
425 5080 660 5135 αἰώνων.
706 5083 898 5153 ’Δμήν.
955 5085 1171 5155 Ταύτην
1206 5088 1303 5158 τὴν
1345 5091 1725 5160 παραγγελίαν

142 5171 531 5243 παρατίθεμαί
572 5189 677 5237 σοι,
710 5175 898 5229 τέκνον
928 5179 1182 5248 Τιμόθεε.
1209 5199 1230 5233 ι

216 5263 557 5334 Βουλόμενος
575 5268 782 5330 πεῖσαι,
810 5269 998 5339 φησιν,
1019 5273 1048 5325 ὁ
1068 5269 1202 5335 Θεὸς
1226 5271 1353 5336 τοὺς
1375 5273 1474 5328 ἀνθ
1482 5274 1720 5345 ρώπους.

138 5353 224 5409 ὅτι
253 5356 437 5410 πάντα
461 5359 644 5423 αὐτοῖς
677 5359 926 5430 ἀφίησιν,
955 5362 1053 5431 ἐμὲ
1079 5363 1320 5431 ἐδέξατο.

222 5465 242 5498 ι
286 5449 449 5502 Κατά
472 5451 570 5513 τὰς
599 5452 951 5524 προαγούσας
984 5455 1079 5508 ἐπὶ
1119 5455 1179 5509 σὲ
1212 5460 1573 5529 προφητείας,
1635 5464 1721 5516 ἵνα

142 5540 427 5612 στρατεύῃ
458 5545 514 5596 ἐν
541 5545 727 5607 αὐτοῖς
757 5543 855 5616 τὴν
893 5548 1068 5619 καλὴν
1109 5552 1422 5622 στρατείαν,
1456 5555 1596 5625 ἔχων
1630 5557 1722 5608 πί-

139 5650 264 5687 στιν
297 5634 398 5686 καὶ
430 5636 642 5707 ἀγαθὴν
685 5638 1015 5708 συνείδησιν.
1046 5659 1063 5692 ι

211 5728 594 5796 Προφητείαν
623 5729 855 5783 ἐνταῦθα
883 5731 981 5802 τὴν
1011 5735 1345 5803 χειροτονίαν
1375 5739 1527 5808 φησὶ,
1561 5739 1627 5791 δι’
1654 5734 1722 5809 ἧς

138 5819 202 5874 τὸ
231 5812 466 5890 Πνεῦμα
514 5820 695 5876 ἔλασε.
733 5822 1122 5893 Πληθυντικῶς
1148 5827 1203 5880 δὲ
1232 5827 1402 5892 αὐτὰς
1436 5830 1716 5901 ὀνομάζει,

467 5917 739 5990 ΡΑΤιιοηι..
781 5919 897 5983 Gn.
937 5923 1119 5984 XCV.

1830 5008 2156 5063 saeculorum
2189 5012 2481 5066 immortali
2511 5027 2562 5067 et
2599 5015 2897 5083 invisibili,
2927 5019 3025 5071 soli
3061 5019 3201 5084 Deo,
3235 5021 3409 5076 honor

1826 5107 1881 5152 et
1900 5101 2091 5171 gloria,
2127 5101 2180 5157 in
2214 5106 2410 5159 sarcula
2443 5108 2791 5164 saeculorum.
2826 5110 3020 5166 Amen.
3056 5111 3166 5167 Hoc
3200 5130 3408 5184 praece-

1827 5200 1980 5262 ptum
2015 5195 2342 5250 commendo
2374 5199 2504 5262 tibi,
2541 5198 2613 5252 liii
2649 5198 2961 5257 Timothee.
2993 5222 3010 5254 ι

1893 5283 2038 5341 Deus
2059 5326 2074 5351 ,
2106 5286 2320 5357 inquit,
2358 5305 2468 5360 quo
2502 5292 2863 5361 persuaderet
2895 5294 3246 5365 hominibus,
3274 5315 3406 5354 cun-

1824 5384 1911 5428 cta
1944 5374 2054 5432 illis
2083 5377 2416 5445 condonari,
2451 5381 2566 5450 ipse
2599 5398 2684 5437 me
2717 5386 2984 5455 suscepit.

1897 5487 1914 5518 ι
1945 5465 2259 5528 SeCUndum
2304 5476 2678 5542 praecedentes
2727 5478 2783 5531 iu
2836 5487 2890 5533 te
2937 5480 3289 5551 prophetias.
3343 5491 3404 5538 ut

1824 5560 2026 5616 milites
2054 5562 2107 5617 in
2139 5564 2246 5620 illis
2276 5565 2477 5621 bonam
2514 5569 2801 5635 militiam,
2837 5570 3030 5644 [Vens
3062 5572 3153 5648 l9]
3195 5575 3406 5633 habens

1832 5651 1991 5708 ﬁdem
2021 5665 2076 5710 et
2104 5655 2302 5711 bonam
2334 5662 2755 5718 conscientiam.
2789 5684 2808 5716 ρ

1899 5743 2238 5814 Prop/retium
2268 5750 2355 5806 hic
2384 5755 2625 5824 appellat
2652 5756 3056 5812 ordinationem
3075 5798 3091 5821 ,
3119 5774 3214 5828 per
3236 5774 3398 5828 quam

1825 5835 2089 5906 Spiritum
2145 5852 2456 5914 acceperat.
2518 5845 2722 5903 Plurali
2789 5861 2971 5903 autem
3028 5866 3122 5905 eas
3175 5865 3404 5909 numero

2843 5945 2917 6005 aa
