3970 6294
575 313 716 382 1003

1737 308 1795 372 S.
1824 310 2147 373 JOANNIS
2176 312 2608 378 DAMASCENI

3688 324 3828 392 100’s

573 425 871 499 exprimit,
904 422 1078 481 'velut
1128 422 1477 494 signiﬁcans,
1521 430 1637 478 tum
1684 424 1831 479 illam
1864 439 1986 480 cum
2038 434 2137 495 qua

2259 426 2411 482 ilove't
2442 428 2724 501 σημαίνων
2776 426 2991 505 ἐκείνην
3034 432 3155 503 μεθ’
3186 432 3251 508 ἧς
3288 434 3479 495 ἔλαϐεν
3508 435 3701 497 αὑτὸν.
3730 443 3830 495 καὶ

570 516 922 576 Timotheum
964 524 1286 585 acceperat,
1331 530 1454 571 cum
1488 531 1595 587 qua
1626 524 1680 570 et
1706 515 1885 587 ipsum
1910 516 2140 570 circum-

567 608 810 675 cideret,
843 615 898 663 et
950 622 1076 664 cum
1131 622 1237 678 qua
1280 606 1478 663 ordine
1530 621 1689 662 sacro
1737 604 1991 663 eumdem
2038 603 2144 660 ini-

568 704 823 760 tiaverat.

640 803 666 850 ἰ
693 795 870 862 Quam
899 794 1123 866 quidam
1150 790 1480 866 repellentes
1501 834 1517 861 ,
1547 795 1693 850 circa
1726 792 1886 849 ﬁdem
1918 792 2157 859 naufras

565 900 877 963 gaverunt,.
912 886 1119 961 [Vsus
1158 885 1287 961 20].
1313 902 1377 943 ex
1441 887 1644 958 quibus
1685 897 1768 943 est
1818 885 2143 959 Hymenaeus

552 992 624 1039 et
650 979 983 1047 Alexander,
1015 994 1158 1051 quos
1188 979 1387 1035 tradidi
1422 979 1660 1034 Satanae.
1695 998 1712 1029 ι
1823 1022 1825 1024 .

640 1074 773 1129 Nam
801 1073 895 1129 ubi
930 1075 1044 1129 vita
1081 1072 1331 1143 deposita
1365 1080 1489 1137 est,
1520 1080 1576 1127 et
1621 1071 1895 1142 ejusmodi
1940 1071 2140 1142 dogma

565 1167 625 1222 in
650 1168 829 1222 lucem
860 1164 1064 1230 editur,
1101 1178 1165 1219 ac
1200 1163 1467 1234 plurimos
1495 1163 1687 1220 videas
1720 1166 1774 1219 in
1808 1162 2138 1235 profundum

566 1259 840 1315 malorum
869 1271 1170 1323 corruere,
1197 1265 1252 1312 et
1275 1255 1343 1312 ad
1373 1256 1634 1329 gentilem
1661 1256 1835 1311 'ritum
1869 1254 2138 1311 converti.

454 1354 458 1359 ’
566 1349 637 1407 Ut
662 1349 810 1407 enim
840 1348 1155 1407 futurorum
1202 1359 1351 1415 metu
1386 1347 1613 1403 minime
1644 1348 1984 1413 crucientur,
2020 1346 2137 1402 ani-

566 1457 654 1499 mo
682 1440 1016 1513 persuadere
1042 1440 1266 1497 student
1296 1438 1434 1495 falsa
1481 1454 1607 1496 esse
1651 1453 1995 1511 quaecunque
2038 1453 2139 1493 nos

565 1534 862 1590 tradimus.
1993 1530 1998 1534 ’

631 1648 653 1681 ι
683 1626 755 1683 Ut
780 1627 1136 1683 discantnon
1162 1624 1565 1697 blasphemare.
1599 1644 1619 1679 ι

1212 1716 1369 1775 CAP.
1413 1715 1480 1774 II.

637 1809 799 1868 Vens.
842 1809 893 1868 1.
923 1828 943 1864 ι
975 1809 1223 1868 Obsecro
1248 1810 1414 1883 igitur
1443 1813 1683 1884 primum
1717 1810 1836 1867 ﬁeri
1867 1810 2136 1868 obsecra-

562 1904 1263 1977 tiones,postulationes,
1306 1912 1362 1961 et
1402 1903 1705 1977 gratiarum
1750 1905 1997 1962 actiones
2038 1919 2140 1979 pro

558 1998 818 2054 omnibus
840 1998 1217 2055 hominibus.»

625 2093 749 2151 Non
778 2100 836 2149 ut
860 2108 955 2151 eos
982 2094 1218 2161 doceat,
1249 2095 1458 2167 inquit,
1503 2096 1601 2152 sed
1645 2104 1703 2149 ιιι
1744 2096 1975 2151 discant.
2016 2092 2138 2151 Non

531 2187 701 2242 {enim
744 2187 851 2244 hoc
890 2187 985 2244 ille
1015 2196 1238 2259 praestat
1258 2225 1274 2257 ,
1305 2188 1398 2247 sed
1428 2189 1727 2246 indictione
1753 2203 1931 2261 pmne
1964 2188 2015 2244 id
2047 2202 2139 2244 ac-

555 2280 715 2338 cidit.

621 2374 789 2434 Vzns.
832 2377 965 2435 2-6.
992 2395 1012 2433 ι
1044 2377 1151 2435 Pro
1186 2377 1407 2450 regibus
1435 2387 1492 2435 et
1514 2376 1773 2434 omnibus
1796 2377 1891 2448 qui
1921 2374 1976 2431 in
2006 2374 2137 2431 sub-

555 2469 787 2529 limitate
832 2481 995 2541 sunt,
1068 2473 1228 2546 261
1279 2484 1339 2530 ut
1385 2473 1626 2544 quietam
1676 2480 1731 2527 et
1779 2469 2134 2543 tranquillam

547 2562 727 2619 vitam
764 2578 996 2637 agamus
1042 2565 1099 2621 in
1146 2564 1299 2621 omni
1352 2566 1560 2637 pietate
1608 2572 1663 2620 et
1708 2564 1988 2621 castitate.
2022 2561 2137 2619 Hoc

550 2657 699 2712 enim
723 2657 927 2714 bonum
955 2667 1040 2715 est
1096 2666 1153 2716 et
1181 2666 1460 2728 acceptum
1491 2673 1681 2714 coram
1708 2658 1995 2713 Saluatore
2026 2657 2136 2713 Deo

546 2758 774 2818 nostro,
803 2753 897 2823 qui
937 2751 1053 2807 vult
1083 2766 1275 2807 omnes
1303 2750 1553 2807 homines
1583 2750 1765 2805 salvos
1798 2749 1948 2815 ﬁeri,
1980 2755 2035 2803 et
2066 2746 2136 2803 ad

548 2842 887 2915 agnitionem
916 2844 1165 2901 veritatis
1198 2843 1413 2901 venire.
1437 2842 1596 2900 Unus
1616 2843 1765 2899 enim
1797 2840 1963 2907 Deus,
1990 2857 2135 2899 unus

550 2936 824 2994 mediator
855 2937 947 2994 Dei
972 2949 1027 2995 et
1060 2937 1383 3005 hominum,
1431 2937 1599 2993 homo
1642 2934 1900 2993 Christus
1938 2931 2133 3000 Jesus,

551 3031 645 3101 qui
678 3029 830 3088 dedit
852 3032 1210 3103 semetipsum
1236 3049 1256 3084 ι
1938 3034 1941 3037 ’

623 3125 765 3192 Quia
819 3124 1101 3197 principes
1132 3132 1270 3181 tunc
1316 3124 1580 3195 temporis
1632 3123 1979 3181 Christianos
2013 3136 2132 3177 ma-
2159 3138 2223 3209 ο·

550 3222 698 3275 xime
733 3218 1174 3283 insectabantur,
1230 3217 1502 3274 orandum
1566 3232 1690 3273 esse
1720 3231 1819 3287 pro
1848 3216 1987 3285 ipsis
2030 3214 2129 3280 ait,

553 3320 611 3367 ut
641 3310 829 3369 iideles
858 3311 1076 3367 discant
1097 3324 1193 3366 eos
1252 3323 1363 3364 non
1420 3310 1625 3365 odisse.
1661 3308 1774 3364 Hoc
1804 3321 1996 3378 nempe
2028 3305 2132 3362 do-

2248 519 2369 588 μεθ’
2394 516 2462 592 ἧς
2486 523 2802 595 περιέτεμε,
2836 526 2929 580 καὶ
2962 524 3080 597 μεθ’
3110 522 3179 601 ἧς
3210 527 3559 601 ἐχειροτόνει.

2322 809 2341 843 ι
2383 792 2490 847 Ἤν
2519 807 2675 865 τινες
2708 794 3082 868 ἀπωσάμενοι,
3109 798 3238 870 περὶ
3288 798 3384 867 τὴν
3422 799 3607 854 πίστιν
3665 800 3827 855 ἔναυ-

2245 882 2479 956 άγησαν,
2499 877 2573 939 ὧν
2596 887 2744 941 ἑστιν
2758 889 3045 959 ’Υμεναῖος
3065 890 3159 945 καὶ
3184 888 3535 963 Ἀλέξανδρος
3559 889 3661 957 οὓς
3683 910 3827 965 παρ·

2242 975 2423 1031 έδωκα
2446 977 2523 1051 τῷ
2544 980 2780 1050 Σατανᾷ,
2826 1001 2844 1032 ι

2313 1070 2482 1127 Ὅταν
2512 1069 2673 1148 γὰρῇ
2698 1073 2811 1145 βίος
2831 1076 3279 1148 ἀπεγνωσμένος,
3305 1078 3402 1130 καὶ
3431 1077 3614 1148 δόγμα
3643 1077 3826 1130 τίκτε⁴

2239 1175 2331 1214 ται
2382 1160 2645 1229 τοιοῦτον,
2699 1167 2795 1218 καὶ
2838 1166 2985 1220 ἔστιν
3047 1167 3174 1221 ἱδεῐν
3232 1166 3465 1231 πολλοὺς
3493 1168 3591 1221 ἰπὶ
3616 1166 3691 1221 τδ
3725 1168 3819 1221 τοῦ

2226 1255 2577 1308 καταπεσεῖν
2604 1255 2684 1319 είς
2716 1253 2874 1325 βυθὸν
2930 1258 3117 1313 κακῶν
3161 1259 3256 1312 καὶ
3312 1260 3396 1323 είς
3450 1255 3826 1331 Ἑλληνισμδν

2239 1344 2634 1417 ἐκτραπέντας.
2684 1348 2801 1403 Ἷνα
2824 1351 2933 1422 γὰρ
2976 1352 3050 1424 μὴ
3080 1350 3159 1421 τῷ
3189 1351 3342 1424 φόϐῳ
3368 1350 3478 1406 τῶν
3510 1347 3827 1424 μελλόντων

2241 1435 2675 1507 βασανίξωνται,
2710 1445 3075 1496 σπουδάσουσι
3124 1446 3310 1498 πεῖσαι
3365 1444 3469 1516 τὴν
3498 1442 3713 1515 ψυχὴν,
3746 1444 3826 1498 ὅτι

2238 1530 2410 1603 ψευδῆ
2441 1533 2617 1587 πάντα
2644 1533 2712 1588 τὰ
2750 1535 2881 1607 παρ’
2915 1538 3069 1608 ἡμῖν.

2316 1642 2334 1675 ι
2373 1625 2490 1679 Ἵνα
2532 1626 2865 1683 παιδευθῶσι
2910 1629 2987 1702 μὴ
3016 1628 3381 1702 βλασφημεῖν.

2841 1723 3092 1779 ΚΕΦΑΛ.
3135 1724 3210 1779 B'.

2314 1828 2333 1861 ι
2386 1810 2700 1884 Παρακαλῶ
2728 1807 2822 1868 οὖν
2855 1813 3072 1886 πρῶτον
3104 1814 3323 1870 πάντων
3380 1815 3661 1870 ποιεῖσθαι
3705 1815 3831 1888 δεήο

2242 1918 2381 1969 σεις,
2412 1906 2743 1977 προσευχὰς,
2778 1906 3074 1975 ἐντεύξεις,
3117 1908 3473 1980 εὐχαριστίας
3500 1909 3647 1982 ὑπὲρ
3682 1910 3827 1964 πάν-

2237 2006 2347 2045 των
2373 1990 2700 2064 ἀνθρώπων.
2733 2011 2750 2045 ι

2310 2083 2424 2154 Οὐχ
2444 2083 2531 2138 ἵνα
2560 2085 2830 2159 παιδεύσῃ
2852 2086 3077 2153 αὐτοὺς,
3108 2086 3295 2159 φησὶν,
3325 2086 3443 2142 ἀλλ’
3472 2088 3560 2143 ἴνα
3579 2089 3839 2145 παιδευ-

2238 2174 2445 2233 θῶσιν.
2479 2177 2555 2231 Οὐ
2570 2179 2681 2251 γὰρ
2710 2180 2919 2245 ἐκεῖνος
2945 2177 3107 2234 τοῦτο
3130 2179 3447 2251 ἐργάζεται,
3480 2180 3596 2234 ἀλλ’
3623 2181 3701 2235 ὲκ
3730 2183 3831 2254 τῆς

2240 2269 2515 2336 κολάσεως
2546 2272 2704 2327 τοῦτο
2736 2272 3047 2346 συμϐαίνει.
3190 2290 3193 2291 ⁷
3580 2333 3584 2335 .

2314 2385 2334 2417 ‹
2376 2366 2553 2440 ’Υπὲρ
2596 2367 2888 2440 βασιλέων,
2944 2370 3039 2424 καὶ
3073 2368 3294 2425 πάντων
3323 2369 3433 2425 τῶν
3469 2370 3526 2424 ὲν
3561 2371 3830 2444 ὑπεροχῇ

2237 2462 2429 2531 ὄντων,
2489 2464 2576 2520 ἵνα
2627 2466 2835 2540 ἤρεμον
2884 2462 2981 2523 καὶ
3016 2466 3241 2539 ἡσύχιον
3298 2465 3414 2539 βίον
3448 2468 3745 2537 διάγωμεν
3774 2469 3831 2521 ιν

2238 2562 2387 2634 πάσῃ
2422 2561 2677 2636 εὐσεϐείᾳ
2715 2563 2809 2617 καὶ
2831 2563 3143 2636 σεμνότητι.
3175 2560 3348 2617 Τοῦτο
3379 2561 3488 2640 γάρ
3515 2561 3691 2616 καλὸν
3731 2562 3829 2615 καὶ

2236 2657 2532 2711 ἀπόδεκτον
2590 2656 2821 2712 ἐνώπιον
2869 2654 2964 2711 τοῦ
3017 2657 3270 2728 Σωτῆρος
3328 2657 3488 2728 ἡμῶν
3532 2655 3704 2719 Θεοῦ,
3768 2655 3828 2717 ὃς

2237 2748 2450 2812 πάντας
2479 2748 2803 2821 ἀνθρώπους
2828 2749 2975 2804 θέλει
3026 2748 3300 2820 σωθῆναι,
3332 2748 3428 2803 καὶ
3459 2748 3541 2813 είς
3570 2748 3827 2816 ἐπίγνω-

2237 2858 2322 2895 σιν
2351 2840 2609 2912 ἀληθείας
2636 2840 2833 2897 tmen.
2867 2838 2961 2907 Εἷς
2998 2832 3107 2916 γὰρ
3135 2844 3291 2909 Θεὸς,
3342 2838 3423 2907 εἷς
3447 2842 3541 2896 καὶ
3577 2825 3827 2912 μέσίτης

2235 2935 2372 2991 Θεοῦ
2400 2936 2496 2991 καὶ
2537 2934 2866 3008 ἀνθρώπων,
2896 2936 3185 3009 ἄνθρωπος
3229 2933 3445 3007 Ἰησοῦς
3492 2934 3771 3007 Χριστὸς,
3798 2936 3825 2987 ὀ

2233 3030 2359 3095 δοὺς
2387 3030 2583 3085 ἑαυτὸν
2621 3050 2642 3086 s

2320 3122 2541 3196 Ἐπειδὴ
2560 3122 2956 3195 τότεομάλιστα
2987 3120 3299 3188 ἐδιώκοντο,
3347 3119 3515 3192 φησιν
3552 3118 3825 3191 εὔχεσθαι

2239 3217 2381 3291 ὑπὲρ
2408 3216 2612 3284 αὐτῶν,
2638 3214 2727 3270 ἵνα
2769 3216 2999 3291 διδάσκῃ
3031 3215 3107 3287 μὴ
3160 3217 3340 3287 μισεῖν
3371 3213 3592 3277 αὐτούς.
3633 3211 3823 3267 Τοῦτο

2232 3309 2432 3377 λέγων,
2468 3309 2498 3363 δ
2528 3307 2861 3381 προσέταξεν
2884 3309 2914 3362 ὁ
2938 3307 3147 3380 Κύριος
3163 3306 3360 3376 λέγων,
3389 3304 3824 3375 Προσεύχεσθε

550 3419 703 3470 cens,
734 3403 880 3476 quod
909 3402 1174 3459 Dominus
1202 3401 1286 3457 bis
1315 3401 1497 3457 verbis
1553 3406 1887 3473 praeceperat
1920 3414 1934 3454 :
1968 3398 2135 3456 Orate

2259 3400 2387 3470 inép
2420 3399 2539 3456 τῶν
2585 3400 2927 3456 διωκόντων
2980 3397 3158 3469 ὑμᾶς.
3211 3398 3303 3453 Διδ
3354 3399 3448 3453 καὶ
3477 3398 3775 3469 ἐπήγαγεν
3802 3413 3818 3429 ·

550 3514 646 3567 pro
680 3494 1108 3568 persequentibus
1146 3497 1318 3552 vos“.
1348 3492 1701 3567 Quapropter
1731 3493 1935 3565 adjecit
1963 3509 1981 3548 :
2012 3496 2129 3548 Hoc

551 3586 747 3644 bonum
769 3595 849 3643 est
876 3597 927 3643 et
959 3597 1256 3659 acceptant.

627 3699 657 3733 ι-
681 3678 1125 3752 Redemptionem
1148 3694 1246 3751 pro
1268 3679 1546 3748 omnibus,
1577 3678 1975 3744 testimonium,
2001 3695 2021 3731 ι

619 3773 759 3830 Cum
836 3774 908 3829 ob
966 3781 1193 3844 peccata
1233 3788 1333 3829 sua
1368 3771 1633 3844 puniendi
1687 3778 1900 3837 essent,
1928 3769 2129 3842 inquit,

551 3864 747 3919 horum
781 3862 899 3920 vice
925 3860 1121 3919 Filium
1145 3878 1307 3920 suum
1331 3862 1503 3921 dedit.

564 4046 985 4119 reTemporibus
1036 4048 1187 4116 suis;
1239 4045 1446 4120 [νεεδ.
1477 4044 1534 4115 7,
1560 4045 1629 4119 8]
1666 4046 1724 4101 in
1760 4060 1871 4117 quo
1918 4046 2134 4117 positus

550 4152 672 4195 sum
692 4153 794 4213 ego
819 4140 1143 4211 praedicator
1161 4150 1215 4196 et
1239 4138 1534 4211 Apostolus
1562 4138 1879 4205 (veritatem
1908 4138 2052 4206 dico,
2079 4148 2134 4196 et

551 4245 663 4287 non
702 4234 989 4305 mentior),
1021 4231 1281 4301 magister
1309 4233 1552 4303 gentium
1589 4231 1643 4287 in
1677 4230 1780 4287 ﬁde
1804 4240 1859 4287 et
1879 4232 2131 4288 veritate.

556 4319 688 4378 Volo
713 4337 813 4393 ego
841 4324 987 4381 viros
1015 4338 1175 4380 orare
1197 4342 1216 4377 ι

536 4442 537 4445 η
621 4414 680 4469 Id
702 4421 810 4482 est,
837 4414 913 4470 uti
944 4416 1308 4486 congruebat.

2238 3494 2420 3549 Τοῦτο
2446 3494 2639 3549 καλὸν
2665 3491 2765 3549 καί
2797 3491 3155 3550 ἀπόδεκτον.

2310 3690 2329 3724 e
2383 3670 2733 3745 Ἀντίλυτρον
2765 3670 2907 3742 ὑπὲρ
2947 3670 3166 3725 πάντων
3192 3684 3210 3701 ο
3236 3670 3299 3725 τὸ
3330 3670 3657 3743 μαρτύριον,
3701 3688 3724 3721 ι

2309 3763 2613 3837 Ἐμελλεν,
2655 3763 2812 3835 φησι,
2860 3762 3225 3835 τιμωρεῖσθαι
3277 3756 3478 3827 αὐτοὺς
3513 3762 3655 3832 ὑπὲρ
3704 3761 3821 3815 τῶν

2231 3857 2672 3931 ἁμαρτημάτων,
2697 3857 2809 3912 ἀλλ’
2838 3858 2956 3912 ἀντ’
2988 3856 3213 3911 ἐκείνων
3249 3857 3345 3909 τδν
3375 3854 3569 3911 ἑαυτοῦ
3609 3855 3821 3910 ἔδωκεν

2234 3951 2382 4008 Υίόν.

2313 4064 2334 4100 e
2363 4047 2593 4118 Καιροῖς
2632 4044 2801 4111 ἰδίοις,
2829 4047 2909 4110 εἷς
2944 4044 2974 4099 δ
2999 4042 3191 4118 ἐτέθην
3209 4041 3320 4113 ἐγὼ
3342 4042 3521 4117 κῆρυξ
3556 4042 3654 4096 καὶ
3675 4042 3822 4097 ἁπό-

2236 4135 2444 4201 στολος,
2478 4133 2743 4206 ἀλήθειαν
2807 4133 2975 4205 λέγω,
3015 4135 3079 4190 οὐ
3131 4133 3427 4207 ψεύδομαι,
3487 4133 3821 4197 διδάσκαλος

2234 4227 2427 4295 ἐθνῶν,
2457 4228 2517 4282 εν
2545 4227 2728 4281 πίστει
2758 4228 2854 4283 καὶ
2880 4226 3426 4299 άληθείᾳ.-Βούλομαι
3448 4220 3547 4282 οὖν
3576 4227 3823 4309 προσεύο

2236 4321 2427 4393 χεσθαι
2458 4321 2585 4385 τοὺς
2616 4320 2813 4389 ἄνδρας
2850 4340 2870 4375 s

2310 4415 2593 4479 τουτέστι,
2627 4413 3040 4486 προσηκόντως.

624 4524 645 4558 ι
678 4505 737 4561 in
786 4507 935 4562 omni
963 4506 1106 4571 loco,
1161 4506 1410 4564 levantes
1470 4522 1637 4578 puras
1668 4524 1867 4566 manus
1900 4511 2022 4569 sine
2050 4513 2131 4568 ira

2313 4526 2333 4562 ι
2382 4508 2473 4562 Ἐν
2506 4508 2671 4563 παντὶ
2689 4506 2862 4579 τόπῳ,
2889 4505 3218 4576 ἐπαίροντας
3242 4504 3425 4570 ὁσίους
3461 4507 3669 4577 χεῖρας,
3708 4522 3824 4574 χωρ

550 4607 605 4657 et
640 4598 1059 4669 disceptatione.
1090 4618 1109 4654 ι

622 4687 881 4745 Ostendit
913 4689 1193 4746 sacriﬁcio
1225 4689 1436 4748 Christi
1460 4691 1666 4749 factum
1709 4710 1833 4751 esse
1865 4704 1924 4752 ut
1952 4699 2139 4755 omnis

542 4781 705 4839 'orbis
731 4789 890 4837 terrm
909 4782 1068 4837 locus
1087 4779 1395 4839 Jerusalem
1425 4783 1705 4840 evaderet.
1739 4784 1913 4841 Patras
1948 4805 2137 4843 manus

552 4876 711 4942 dicit,
742 4885 801 4931 ut
826 4874 978 4947 ipsos
1014 4876 1211 4933 doceat
1236 4877 1303 4930 ab
1334 4878 1487 4932 omni
1521 4890 1750 4948 peccato
1782 4896 1954 4951 puros
1987 4898 2131 4949 esse,

553 4970 706 5024 velut
761 4978 888 5025 ante
931 4968 1168 5024 dixerat.
1199 4968 1340 5023 illud
1376 4985 1529 5037 vero,
1568 4972 1680 5026 sine
1714 4972 1821 5039 ira,
1865 4972 2009 5029 idem
2048 4984 2135 5031 est

556 5067 721 5133 atque
784 5060 1115 5131 injui'iarum
1177 5063 1548 5118 immemores.
1611 5061 1760 5119 Istud
1821 5066 2030 5131 etiam,
2083 5076 2133 5122 et

554 5152 1039 5223 disceptationibus,
1106 5169 1323 5210 omnem
1388 5153 1783 5211 haesitationem
1838 5156 2051 5225 adimit,
2084 5167 2139 5213 et

555 5244 825 5315 ejusmodi
870 5244 1243 5310 dubietatem;
1301 5262 1430 5301 num
1495 5246 1639 5303 forte
1688 5262 1879 5304 eorum
1931 5264 2055 5319 quae
2100 5265 2129 5303 a

558 5335 670 5391 Deo
699 5336 1002 5407 postulant,
1028 5347 1315 5408 compotes
1353 5347 1541 5394 essent
1576 5336 1777 5394 futuri.
2110 5358 2111 5361 η

629 5425 798 5485 Vens.
858 5428 914 5493 9,
946 5427 1036 5484 10.
1076 5444 1097 5480 t
1137 5426 1405 5485 Similiter
1460 5438 1516 5485 et
1560 5430 1819 5486 mulieres
1848 5432 1902 5485 in
1938 5431 2129 5487 habitu

556 5527 757 5575 ornato
789 5532 916 5573 cum
960 5518 1290 5575 verecundia
1331 5528 1385 5575 ct
1418 5520 1717 5577 sobrietate
1746 5532 2012 5578 ornantes
2040 5537 2123 5591 se,

558 5620 614 5668 et
636 5625 744 5665 non
772 5612 826 5665 in
860 5611 1021 5666 tortis
1057 5611 1327 5679 crinibus,
1357 5620 1453 5668 aut
1482 5629 1638 5681 auro,
1671 5622 1764 5669 aut
1794 5617 2132 5682 margaritis.

646 5788 690 5819 ¹¹
707 5792 895 5847 Matth.
935 5806 1067 5858 χχιι,
1104 5791 1194 5847 44.

2242 4600 2327 4673 pi;
2357 4600 2528 4674 ὀργῆς
2559 4602 2657 4657 καὶ
2688 4598 3067 4671 διαλογισμοῦ.
3104 4618 3124 4651 ι

2310 4698 2614 4759 Δείκνυσιν,
2646 4695 2720 4760 ὡς
2758 4693 2848 4749 διὰ
2878 4694 2983 4764 τῆς
3023 4694 3215 4759 θυσίας
3265 4691 3359 4747 τοῦ
3394 4691 3638 4764 Χριστοῦ
3666 4693 3817 4755 ἄπας

2236 4788 2338 4861 τῆς
2354 4789 2682 4861 οἰκουμένης
2699 4786 2863 4853 τόπος
2878 4787 3105 4859 γέγονεν
3136 4785 3520 4859 Ἰερουσαλήμ.
3559 4785 3820 4851 Ὀσίοινς

2236 4882 2292 4938 δὲ
2322 4882 2521 4953 χεῖρας
2550 4880 2725 4949 λέγει,
2748 4879 3014 4935 διδάσκων
3036 4878 3237 4943 αὐτοὺς
3266 4879 3470 4949 πάσης,
3499 4879 3576 4943 ὡς
3609 4878 3816 4940 εἰπεῖν,

2240 4974 2567 5045 καθαρεύειν
2598 4970 2896 5043 ἁμαρτίας.
2936 4970 3011 5023 Τὸ
3064 4970 3142 5035 δὲ,
3178 4970 3360 5039 χωρίς
3394 4967 3602 5039 ὀργῆς,
3654 4986 3819 5022 τουτ-

2238 5070 2388 5121 έστιν
2417 5064 2832 5138 ἀμνησικάκους
2860 5064 3036 5127 ὄντας.
3078 5063 3152 5117 Τὸ
3179 5062 3256 5129 δὲ,
3289 5060 3721 5131 διαλογισμῶν,
3759 5061 3820 5116 τδ

2241 5160 2540 5232 ἀμφίϐολον
2573 5158 2925 5229 άναιροῦντός
2964 5160 3105 5223 ἐστι,
3137 5158 3237 5211 καὶ
3256 5156 3318 5212 τδ
3356 5155 3732 5221 διστάζοντος,
3769 5154 3817 5209 εί

2240 5250 2347 5325 ἄρα
2380 5249 2597 5307 λάϐοιεν
2618 5250 2653 5305 ἃ
2686 5247 2900 5304 αἰτοῦσι
2922 5247 3074 5322 παρὰ
3095 5246 3254 5307 Θεοῦ.

2322 5454 2339 5486 ι
2401 5434 2680 5497 Ὡσαύτως
2705 5434 2801 5489 καὶ
2825 5432 2926 5496 τὰς
2956 5434 3220 5501 γυναῖκας
3265 5435 3325 5486 ἐν
3363 5430 3672 5503 καταστολῇ
3721 5446 3815 5485 κτ-

2247 5525 2414 5596 σμίῳ,
2452 5525 2589 5596 μετὰ
2616 5523 2801 5589 αιὸοῦς
2826 5524 2919 5578 καὶ
2951 5523 3308 5595 σωφροσύνης
3331 5524 3558 5595 κοσμεῖν
3590 5520 3811 5585 ἑαυτάς,

2250 5619 2324 5687 μὴ
2354 5620 2411 5671 ὲν
2448 5616 2775 5689 πλέγμασιν,
2808 5616 2843 5674 ἦ
2896 5619 2955 5671 ὲν
2993 5620 3196 5691 χρυσῷ,
3232 5618 3278 5688 ἢ
3334 5615 3729 5692 μαργαοίταις,
3782 5613 3815 5684 ἢ
