3970 6294
204 357 332 423 1013

1240 357 1322 418 ΙΝ
1361 357 1598 421 EPIST.
1639 358 1735 418 AD
1751 357 2232 419 TIMOTHEUM
2257 359 2319 419 Ἰ.

3301 356 3440 426 1014

201 471 404 534 αὑταῖς,
441 469 534 526 καὶ
564 471 638 542 μὴ
667 469 936 544 βαρείσθω
977 471 1010 541 ἡ
1053 469 1372 539 Ἐκκλησία,
1407 469 1495 523 ἵνα
1529 471 1646 532 ταῖς
1675 468 1765 522 όν-

1879 469 2032 527 babet
2073 472 2292 538 viduas,
2346 470 2728 541 subministret
2767 470 2897 536 illis,
2922 480 2996 527 -..et
3041 487 3151 528 non
3184 480 3438 546 gravetur

200 581 301 627 τως
329 564 527 634 χήραις
576 565 877 637 ἐπαρκέσῃ.
916 564 979 616 Οί
1023 562 1203 627 καλῶς
1244 562 1588 635 ¹πυροεστιῖιτες
1635 580 1766 635 πρε-

202 654 468 723 σϐύτεροι,
496 653 688 722 διπλῆς
713 654 876 724 τιμῆς
905 651 1300 718 ἀξιούσθωσαν,
1333 653 1568 723 μάλιστα
1599 654 1648 705 οί
1673 669 1765 707 κο-

202 763 427 808 πιωντες
452 747 508 799 ἐν
530 745 674 816 λόγῳ
699 746 793 798 καὶ
810 743 1147 816 διδασκαλίᾳ.
1168 745 1330 813 Λέγει
1361 744 1470 816 γὰρ
1493 747 1524 815 ὴ
1549 727 1763 816 Γραφὴ,

177 837 332 892 ,Βοῦν
365 838 607 903 ἀλοῶντα
651 838 712 890 οὐ
747 836 1035 908 φιμώσεις.
1078 837 1206 899 Καὶ,
1250 837 1430 902 ’Ἄξιος
1461 839 1489 890 ό
1527 838 1767 910 ἐργάτης

200 931 289 986 τοῦ
331 930 521 1002 μισθοῦ
568 929 758 985 αὑτοῦ.
807 930 962 983 Κατὰ
1009 928 1384 1000 πρεσϐυτέρου
1430 929 1767 1002 κατηγορίαν

205 1022 275 1095 μὴ
301 1022 629 1094 παραδέχου,
663 1023 818 1085 ἐκτὸς
851 1023 898 1075 εί
935 1020 1009 1091 μὴ
1040 1022 1133 1073 ἐπὶ
1163 1020 1257 1075 δύο
1296 1021 1327 1092 ἢ
1361 1021 1527 1093 τριῶν
1560 1021 1768 1094 μαρτύ-

204 1134 328 1186 ρων.
373 1117 511 1179 Τοὺς
539 1114 957 1186 ἁμαρτάνοντας
1007 1113 1239 1168 ἐνώπιον
1284 1114 1504 1168 πάντων
1554 1114 1766 1185 ἔλεγχε,

202 1208 420 1261 ἴνακαὶ
448 1208 510 1282 oi
538 1206 716 1268 λοιποὶ
758 1206 920 1274 φόϐον
955 1205 1142 1276 ἔχωσι.
1176 1205 1632 1277 Διαμαρτύρομαι
1683 1208 1769 1260 ὲν-

199 1300 367 1352 ώπιον
395 1298 486 1352 τοῦ
502 1296 639 1351 Θεοῦ
672 1299 765 1352 καὶ
789 1297 994 1369 Κυρίου
1030 1297 1201 1368 Ἰησοῦ
1234 1297 1494 1368 Χριστοῦ,
1541 1297 1769 1360 καὶτῶν

199 1389 468 1445 ἐκλεκτῶν
485 1388 758 1460 ἀγγέλων,
777 1391 865 1451 ἵνα
889 1390 1061 1442 ταῦτα
1086 1389 1327 1462 φυλάξῃς
1352 1391 1520 1462 χωρὶς
1542 1392 1770 1464 προκρί-

203 1500 390 1552 ματος,
428 1481 599 1554 μηδὶν
643 1482 811 1547 ποιῶν
854 1482 996 1536 κατὰ
1040 1483 1382 1554 πρόσκλισιν.
1433 1485 1640 1556 Χεῖρας
1671 1502 1769 1538 τα-

198 1573 337 1644 χέως
369 1572 557 1643 μηδενὶ
591 1572 844 1638 ἐπιτίθει,
891 1571 1027 1643 μηδὲ
1056 1573 1322 1627 κοινώνει
1344 1574 1645 1646 ἁμαρτίαις
1677 1575 1770 1630 ἁλ-

197 1665 454 1735 λοτρίαις.
487 1663 722 1718 Σεαυτὸν
764 1664 928 1734 ἁγνὸν
970 1666 1147 1736 τήρει.
1191 1666 1406 1738 Μηκέτι
1460 1667 1765 1738 ὑδροπότει,

197 1756 310 1811 ἀλλ’
337 1757 464 1828 οίνῳ
511 1756 676 1828 ὀλίγῳ
703 1756 823 1828 χρῶ
846 1757 935 1812 διὰ
977 1756 1069 1812 τὸν
1108 1759 1380 1832 στόμαχόν
1407 1776 1504 1812 σου
1543 1760 1640 1815 καὶ
1669 1758 1768 1825 τὰς

190 1849 408 1913 ,πυκνάς
437 1867 531 1905 σου
563 1850 867 1916 ἀσθενείας.
895 1851 1072 1907 Τινῶν
1099 1850 1402 1925 ἀνθρώπων
1423 1854 1478 1907 αί
1504 1853 1789 1927 ἁμαρτίαι

181 1943 455 2015 ,πρόδηλοί
500 1944 630 2010 εἱσι,
662 1944 1005 2016 προάγουσαι
1047 1946 1126 2010 είς
1161 1946 1372 2018 κρίσιν·
1417 1947 1529 2002 τισὶ
1570 1947 1628 2002 δὲ
1677 1950 1773 2004 καὶ

195 2035 680 2092 ἐπακολουθοῦσιν.
720 2036 997 2103 Ὡσαύτως
1039 2037 1227 2094 καὶτὰ
1269 2037 1410 2095 καλὰ
1455 2041 1596 2114 ἔργα
1633 2044 1772 2116 πρό-

193 2127 334 2198 δηλά
357 2129 500 2196 ἐστι,
551 2130 646 2186 καὶ
694 2131 765 2187 τὰ
806 2129 981 2196 ἄλλως
1017 2131 1212 2203 εχοντα
1259 2133 1530 2207 κρυϐῆναι
1574 2135 1637 2190 οὐ
1683 2135 1774 2191 δύ-

192 2238 374 2278 ναται.
419 2241 439 2274 ι

794 2409 1047 2472 nscas.
1083 2411 1174 2478 ς’.

271 2519 289 2549 ‹
323 2499 494 2555 έοσοι
517 2499 780 2555 είσὶνύπδ
813 2500 979 2570 ζυγὸν
1002 2500 1180 2558 δοῦλοι
1211 2502 1338 2567 τοὺς
1382 2503 1546 2569 ἰδίους
1576 2504 1774 2562 δεσπόσ-

194 2606 296 2666 τας
324 2593 510 2664 πάσης
526 2593 693 2664 τιμῆς
719 2592 903 2657 ἀξίους
917 2593 1286 2669 ἡγείσθωσαν,
1309 2595 1396 2650 ἵνα
1422 2597 1496 2670 μὴ
1522 2595 1585 2652 τὸ
1605 2597 1777 2672 ὄνομα

193 2683 289 2737 τοῦ
324 2684 490 2751 Θεοῦ,
529 2684 624 2739 καὶ
651 2686 684 2757 ὴ
714 2685 1033 2741 διδασκαλία
1062 2684 1471 2759 βλασφημῆται.
1505 2692 1568 2748 Οί
1601 2692 1659 2746 δὲ
1688 2711 1776 2756 πι-

196 2775 361 2839 στοὺς
416 2775 632 2846 ἔχοντες
674 2775 955 2845 δεσπότας¹
987 2775 1064 2850 μὴ
1113 2781 1648 2852 καταφρονείτωσαν,
1693 2787 1775 2840 ὅτι

193 2865 421 2935 ἀδελφοί
448 2868 610 2934 εἰσιν,
648 2857 784 2921 ἀλλὰ
813 2867 1013 2939 μᾶλλον
1039 2869 1462 2939 δουλευέτωσαν,
1493 2875 1577 2930 ὅτι
1597 2878 1777 2932 πιστοί

192 2961 301 3012 εἱσι
330 2959 433 3013 καὶ
471 2961 768 3032 ἀγαπητοὶ,
806 2963 856 3015 oi
889 2963 987 3033 τῆς
1030 2964 1358 3035 εὐεργεσίας,
1383 2965 1779 3041 ἀντιλαμϐανό-

195 3067 374 3120 μενοι.
415 3051 598 3105 Ταῦτα
629 3052 846 3107 δίδασκε
882 3055 975 3109 καὶ
1013 3057 1344 3128 παρακάλει.
1377 3058 1449 3113 Εἴ
1479 3077 1564 3126 τις
1591 3062 1777 3136 ἑτερο-

1867 566 2143 631 Εοοιοείο,
2172 574 2256 620 ,υι
2307 566 2374 621 iis
2414 581 2534 638 quae
2584 582 2712 622 vere
2763 567 2940 622 viduae
2986 567 3435 634 sunt,.suﬂiciat.

1867 657 1971 725 Qui
2018 660 2154 714 bene
2197 667 2436 730 prmsunt
2479 659 2803 731 presbyteri,
2840 659 3044 730 duplici
3099 661 3304 718 honore
3334 662 3440 716 ha-

1867 749 2124 806 beantur.
2184 749 2576 818 maximequi
2630 747 2882 803 laborant
2933 749 2987 802 in
3021 747 3193 804 verbo
3233 755 3287 804 et
3335 748 3438 804 do-

1868 843 2064 898 ctrina.
2130 841 2267 895 Dicit
2323 841 2468 895 enim
2519 839 2801 908 Scriptura
2831 857 2868 895 :'
2897 836 3022 894 Non
3072 838 3339 909 all'igabis
3373 852 3438 892 os

1867 932 1989 988 hovi
2020 932 2304 986 trituranti
2351 934 2418 997 ιτς
2443 939 2506 986 et
2534 970 2550 994 ,
2595 930 2805 1002 Dignus
2844 939 2930 987 est
2957 929 3269 1000 operarius
3296 944 3440 984 mer-

1868 1027 2002 1082 cede
2040 1040 2138 1082 sua
2179 1025 2246 1078 ⁸⁸.
2280 1023 2555 1080 Adversus
2596 1024 2972 1095 presbyterum
3000 1023 3439 1079 accusationem

1868 1119 1979 1174 noli
2018 1119 2287 1189 recipere,
2318 1115 2425 1172 nisi
2456 1115 2561 1172 sub
2605 1115 2820 1173 duobus
2846 1121 2940 1170 aut
2968 1114 3146 1172 tribus
3186 1114 3436 1172 testibus.

1869 1208 2169 1266 Peccantes
2208 1222 2395 1263 coram
2439 1207 2696 1264 omnibus
2728 1222 2917 1279 argue,
2971 1213 3030 1261 ut
3061 1212 3115 1262 et
3149 1205 3330 1261 caeteri
3365 1205 3441 1260 ti-

1871 1315 2079 1357 morem
2130 1300 2389 1356 habeant.
2446 1300 2702 1356 Obtestor
2747 1313 2935 1355 coram
2980 1298 3090 1354 Deo
3118 1306 3173 1354 et
3205 1296 3441 1353 Domino

1865 1387 2268 1453 JesuChristo,
2298 1387 2569 1450 etelectis
2608 1389 2838 1460 angelis,
2887 1396 2948 1444 ut
2987 1387 3104 1443 haec
3133 1386 3438 1452 custodias,

1869 1487 1991 1538 sine
2038 1482 2380 1554 praejudicio,
2426 1481 2566 1537 nihil
2611 1480 2822 1538 faciens
2859 1480 2914 1536 in
2962 1481 3188 1537 alteram
3230 1488 3439 1550 partem

1869 1576 2219 1633 declinando.
2253 1575 2448 1632 Manus
2489 1575 2600 1630 cito
2644 1575 2850 1630 nemini
2882 1573 3234 1644 imposueris,
3267 1586 3444 1644 nequc

1871 1669 2370 1726 communicaveris
2395 1668 2640 1739 peccatis
2671 1667 2892 1725 alienis.
2925 1665 3187 1742 Teipsum
3225 1672 3438 1720 castum

1871 1763 2111 1821 custodi.
2146 1763 2274 1819 Noli
2310 1763 2494 1819 adhuc
2550 1776 2752 1833 aquam
2805 1761 3017 1826 bibere,
3071 1760 3167 1816 sed
3222 1758 3440 1817 modico

1872 1860 2002 1918 vino
2034 1867 2192 1915 utere
2236 1864 2474 1929 pr0pter'
2498 1852 2843 1911 stomachum
2877 1860 3053 1916 tuum,
3103 1860 3157 1908 et
3189 1849 3444 1923 frequen.

1870 1966 1956 2014 tes
1982 1962 2108 2010 tuas
2152 1950 2522 2008 inﬁrmitates.
2568 1945 2942 2015 Quorumdam
2984 1945 3272 2002 hominum
3316 1958 3444 2017 pec-

1873 2056 1997 2105 cata
2051 2041 2351 2102 manifesta
2408 2048 2559 2108 sunt,
2618 2038 2983 2112 praecedentia
3021 2039 3088 2095 ad
3130 2037 3439 2108 judicium:

1874 2141 2145 2216 quosdam
2190 2146 2374 2195 autem
2400 2143 2455 2192 et
2489 2135 2938 2206 subsequuntur;
2974 2131 3243 2188 Similiter
3274 2139 3327 2188 et
3357 2129 3443 2185 fa-

1874 2242 1964 2289 cta
1995 2235 2137 2290 bona
2175 2227 2470 2286 manifesta
2513 2234 2666 2294 sunt,
2693 2232 2747 2283 et
2776 2240 2896 2297 quae
2925 2224 3085 2282 aliter
3121 2240 3181 2282 se
3210 2223 3441 2289 habent,

1873 2323 2154 2384 abscondi
2168 2339 2282 2380 non
2318 2329 2572 2395 possunt.
2609 2339 2630 2374 »

2504 2412 2658 2470 CAP.
2709 2410 2807 2469 Vl.

1945 2511 2114 2569 Vens.
2164 2509 2286 2566 {-5.
2317 2526 2338 2560 ι
2391 2505 2717 2576 Quicunque
2769 2510 2898 2561 sunt
2937 2503 3041 2563 sub
3093 2503 3226 2576 jugo
3271 2504 3442 2569 seni;

1874 2605 2130 2662 dominos
2184 2616 2320 2659 suos
2370 2600 2580 2656 honore
2605 2596 3207 2668 dignoszarbitrentnr,
3251 2613 3322 2664 ne
3351 2597 3444 2655 Dei

1877 2713 2076 2756 nomen
2105 2704 2162 2754 et
2186 2694 2438 2751 doctrina
2476 2691 2907 2764 blasphemetur.
2951 2688 3056 2757 Qui
3088 2697 3273 2746 autem
3309 2689 3444 2747 tide-

1877 2790 2192 2847 i'eshabent
2219 2787 2497 2856 dominos,
2529 2800 2639 2840 non
2681 2789 3056 2850 contemnant,
3088 2783 3219 2855 quia
3250 2780 3446 2839 fratres

1877 2891 2042 2948 sunt;
2079 2881 2175 2940 sed
2215 2881 2390 2953 magis
2431 2878 2698 2943 serviant,
2731 2875 2864 2948 quia
2912 2875 3101 2933 ﬁdeles
3128 2884 3334 2932 suntet
3360 2876 3447 2932 di-

1877 2977 2029 3042 lecti,
2060 2975 2155 3046 qui
2204 2955 2461 3029 beneﬁcii
2513 2970 2814 3043 participes
2857 2977 3007 3026 sunt.
3050 2967 3179 3025 Haec
3219 2967 3360 3026 doce
3391 2975 3448 3025 et

1877 3070 2195 3125 exhortare.
2228 3065 2286 3120 Si
2318 3063 2446 3136 quis
2488 3063 2649 3128 aliter
2686 3063 2868 3131 docet,
2898 3072 2958 3140 et
2990 3077 3104 3119 non
3140 3061 3448 3134 acquiescit

155 3197 164 3204 ,
187 3141 531 3209 δῶασκαλεῖ,
553 3146 648 3200 καὶ
672 3146 746 3220 μὴ
763 3147 1129 3219 προσέρχεται
1148 3149 1447 3220 ὑγιαίνουσι
1468 3152 1648 3224 λόγοις
1667 3159 1772 3222 τοῖς

1881 3161 2033 3219 sanis
2077 3156 2431 3216 sermonibus
2482 3154 2701 3222 Domini
2750 3152 3099 3212 nostrilesu
3143 3154 3369 3222 Christi,
3392 3161 3450 3211 et

191 3232 288 3287 τοῦ
328 3235 539 3306 Κυρίου
593 3235 752 3308 ἡμῶν
792 3236 968 3309 Ἰησοῦ
1003 3236 1263 3310 Χριστοῦ,
1291 3239 1391 3296 καὶ
1429 3244 1498 3315 τῇ
1535 3244 1655 3297 κατ’
1689 3245 1778 3299 εὐ-

163 3325 424 3403 Γσέϐειαν
459 3327 798 3402 διδασκαλίᾳ,
829 3329 1139 3400 τετύφωται
1174 3333 1339 3405 μηδὲν
1383 3333 1772 3407 ἐπιστάμενος,

188 3410 336 3474 ἀλλά
358 3420 535 3475 νοσῶν
561 3421 689 3492 περὶ
715 3418 973 3493 ζητήσεις
1001 3424 1096 3477 καὶ
1125 3414 1480 3498 λογομαχίας,
1512 3429 1569 3496 ἐξ
1597 3421 1672 3485 ὧν
1695 3431 1779 3499 γί-

186 3529 354 3584 νεται
389 3511 604 3583 φθόνος,
643 3513 811 3585 ἕρεις,
843 3516 1206 3588 βλασφημίαι,
1237 3519 1508 3587 ὑπόνοιαι,
1537 3540 1558 3574 ι
1734 3505 1740 3508 ’

264 3604 557 3671 Τουτέστι,
599 3605 748 3674 δόξαι
783 3608 877 3662 καὶ¹
906 3607 1156 3680 δόγματα
1201 3613 1416 3683 πονηρά
1439 3629 1452 3646 ·
1489 3614 1612 3668 τότε
1647 3617 1777 3688 περὶ

185 3697 330 3753 Θεοῦ
367 3699 414 3764 ἃ,
457 3698 532 3771 μὴ
574 3699 674 3766 δεῖ,
724 3701 1180 3774 ὑποπτευόμενοι,
1215 3705 1345 3760 ὅταν
1391 3707 1475 3771 είς
1521 3705 1777 3781 ζητήσεις

187 3792 562 3864 ἐμπέσωμεν.

265 3904 287 3936 ε
333 3887 817 3958 Διαπαρατριϐαὶ,
861 3884 1278 3962 διεφθαρμένων
1325 3889 1655 3964 ἀνθρώπων·
1682 3894 1776 3949 τὸν

185 3975 343 4038 νοῦν,
378 3977 474 4028 καὶ
495 3977 959 4049 ἀπεστερημένων
992 3979 1091 4051 τῆς
1122 3979 1406 4050 ἀληθείας,
1438 3963 1776 4054 νομιζόντων

187 4063 639 4153 πορισμὸγεῖναι
687 4069 788 4142 τὴν
817 4069 1124 4153 εὐσέϐειαν.
1176 4071 1471 4142 ’Δφίστασο
1508 4075 1617 4132 ἀπὸ
1665 4075 1776 4132 τῶν

184 4148 667 4215 τοιούτων.’Ἔστι
694 4160 751 4218 δὲ
785 4148 1056 4234 πορισμὸς
1088 4165 1266 4236 μέγας
1291 4167 1325 4236 ἠ
1349 4166 1604 4224 εὐσέϐεια
1638 4169 1775 4240 μετὰ

184 4250 558 4322 αὐταρκείας.
584 4250 752 4305 Οὐδὲν
774 4251 883 4324 γὰρ
907 4253 1305 4328 εἰσηνέγκαμεν
1326 4256 1409 4322 είς
1433 4258 1524 4313 τὸν
1545 4260 1772 4334 κόσμον,

183 4342 358 4413 δῆλον
399 4343 482 4397 ὅτι
513 4342 633 4397 οὐδὲ
676 4342 978 4413 ἐξενεγκεῖν
1005 4363 1061 4400 τι
1105 4345 1402 4418 δυνάμεθα.
1439 4351 1693 4423 Ἔχοντες
1718 4354 1777 4408 δὲ

181 4435 497 4509 διατροφὰς
519 4435 613 4491 καί¹
637 4437 1022 4508 σκεπάσματα,
1045 4438 1255 4506 τούτοις
1281 4442 1773 4518 ἁρκεσθησώμεθα.

1877 3253 1928 3310 ei
1953 3266 2076 3324 qua
2109 3246 2412 3306 secundum
2443 3246 2700 3317 pietatem
2735 3253 2820 3302 est
2845 3243 3134 3315 doctrinae,
3167 3241 3448 3318 superbus

1876 3352 1985 3409 est,
2011 3342 2151 3401 nihil
2175 3341 2382 3405 sciens,
2414 3338 2511 3395 sed
2556 3336 2823 3411 languens
2849 3337 2997 3396 circa
3028 3335 3367 3410 quaestiones
3393 3341 3449 3392 et

1878 3449 2090 3507 pugnas
2149 3433 2468 3495 verborum,
2521 3443 2588 3485 ex
2630 3420 2850 3501 quibus
2899 3427 3160 3491 oriuntur
3203 3425 3446 3492 invidias,

1878 3525 2282 3588 contentiones,
2307 3520 2680 3594 blasphemia,
2715 3520 3086 3591 suspiciones,
3134 3539 3152 3573 ι

1948 3618 2008 3673 Id
2046 3621 2152 3682 est,
2210 3613 2505 3685 opiniones
2561 3618 2617 3666 et
2659 3611 2915 3682 dogmata
2945 3624 3136 3682 prava.
3182 3608 3340 3668 Tunc
3380 3609 3449 3666 de

1878 3709 1995 3766 Deo
2044 3705 2486 3766 existimationes
2524 3703 2837 3760 malesanas
2881 3702 3170 3770 habemus,
3227 3701 3449 3775 quando

1877 3802 1932 3858 in
1957 3800 2288 3874 quastiones
2318 3797 2636 3868 incidimus.
3017 3865 3020 3869 ν

1947 3897 2114 3954 Vens.
2159 3893 2311 3952 5-10.
2371 3911 2390 3945 ι
2441 3891 2892 3949 Conﬁictationes
2936 3889 3221 3945 hominum
3267 3896 3450 3945 mente

1878 3997 2291 4063 corruptorum,
2322 3993 2379 4043 et
2418 3985 2524 4063 qui
2558 3985 2788 4042 veritate
2835 3981 3032 4054 privati
3065 3989 3217 4044 sunt,
3250 3980 3448 4036 existi-

1878 4061 2147 4141 mantium
2179 4061 2455 4153 quaestum
2490 4093 2615 4150 esse
2644 4078 2927 4150 pietatem.
2969 4074 3064 4132 Est
3088 4081 3274 4130 autem
3301 4086 3450 4146 quae-

1877 4183 1996 4231 stus
2047 4187 2281 4246 magnus
2330 4168 2510 4242 pietas
2556 4183 2682 4224 cum
2715 4165 3067 4225 suﬁicientia.
3121 4165 3265 4221 Nihil
3300 4164 3448 4219 enim

1876 4267 2170 4326 intulimus
2223 4264 2280 4320 in
2318 4262 2625 4330 mundum;
2657 4260 2805 4317 haud
2854 4259 3084 4316 dubium
3141 4258 3288 4331 quod
3349 4271 3450 4313 nec

1878 4349 2099 4416 auferre
2131 4355 2262 4430 quid
2293 4360 2592 4429 possimus.
2633 4353 2912 4410 Habentes
2962 4360 3144 4408 autem
3188 4351 3446 4407 alimenta

1877 4460 1933 4509 et
1961 4451 2165 4522 quibus
2193 4454 2470 4522 tegamur,
2510 4447 2599 4502 his
2631 4445 2880 4502 contenti
2910 4445 3104 4502 simus.
3138 4442 3242 4511 Qui
3264 4449 3444 4497 autem

182 4530 250 4584 0i
292 4530 356 4598 δὲ
394 4528 708 4600 βουλόμενοι
749 4529 1002 4586 πλουτεῖν
1050 4512 1414 4602 ἐμπίπτουσιν
1461 4512 1541 4603 είς
1579 4512 1772 4610 πειρα-

1879 4512 2069 4601 volunt
2130 4512 2330 4599 divites
2380 4512 2517 4605 ﬁeri,
2569 4537 2824 4595 incidunt
2872 4538 2926 4593 in
2977 4539 3357 4602 tentationem,
3387 4543 3441 4591 et

182 4622 360 4694 σμδν,
406 4621 511 4682 καὶ,
539 4621 764 4692 παγίδα,
797 4620 892 4676 καὶ
920 4623 1218 4704 ἐπιθυμίας
1252 4626 1454 4694 πολλὰς
1492 4630 1773 4702 ἀνοήτους,

180 4712 284 4766 καὶ
342 4710 660 4782 βλαϐεράς,
693 4700 926 4791 ,αἵτινες
964 4701 1238 4785 βυθίζουσι
1288 4717 1416 4782 τοὺς
1455 4700 1778 4791 «opem;

178 4807 264 4870 είς
298 4802 531 4875 ὄλεθρον
574 4789 1012 4861 καιάπώλειαν,
1055 4805 1210 4872 Ῥίζα
1260 4807 1370 4879 γὰρ
1417 4789 1637 4866 πάντων
1665 4813 1775 4868 τῶν

179 4898 388 4954 κακῶν
435 4898 583 4952 ἐστιν
639 4899 673 4969 ἠ
728 4899 1092 4971 φιλαργυρίαο
1138 4894 1208 4974 ἦς
1259 4918 1407 4967 τινες
1452 4902 1773 4977 ὀρεγόμενοι

176 4989 668 5062 ἀπεπλανήθησαν
695 4989 802 5043 άπὸ
840 4991 938 5060 τῆς
967 4989 1224 5060 πίστεως,
1274 4993 1368 5047 καὶ
1407 4995 1636 5062 ἑαυτοὺς
1672 5015 1770 5053 πε-

183 5083 489 5158 ριέπειραν
515 5080 728 5141 ὀδύναις
758 5080 1001 5146 πολλαῖς.

249 5172 441 5228 Τοῦτό
472 5188 638 5244 φησι-’
665 5172 929 5245 Καθάπερ
955 5172 1024 5227 τὰ
1052 5171 1309 5245 ψωραλέα
1348 5175 1459 5231 τῶν
1483 5178 1773 5249 προϐάτων

179 5264 674 5341 παρατριϐόμενα,
704 5265 861 5320 νόσου
905 5266 1000 5319 καὶ
1033 5265 1119 5319 τά
1141 5267 1455 5334 ὑγιαίνοντα
1496 5271 1776 5345 ἐμπίπλη-

180 5379 299 5426 σιν,
329 5358 514 5424 οῦτως
535 5357 631 5413 καὶ
650 5358 804 5412 αὐτοὶ
838 5360 887 5412 oi
918 5360 1144 5431 πονηροὶ
1175 5360 1389 5432 ἄνδρες.

181 5501 186 5504 .
265 5473 284 5504 ε
328 5453 410 5506 Σὺ
441 5451 516 5519 δὲ,
542 5445 588 5504 ὧ
607 5450 860 5523 ἄνθρωπε
889 5451 980 5504 τοῦ
1011 5449 1167 5518 Θεοῦ,
1190 5451 1361 5507 ταῦτα
1385 5455 1592 5524 φεῦγεν
1610 5459 1770 5515 δίωκε

174 5543 572 5616 δικαιοσύνην,
606 5543 904 5604 εὐσέϐειαν,
943 5544 1147 5610 πίστιν,
1183 5547 1425 5617 ἀγάπην,
1470 5550 1769 5625 ὑπομονὴν,

175 5640 506 5712 πραότητα.
524 5639 814 5708 ’Δγωνίςου
833 5638 921 5691 τὸν
951 5638 1114 5692 καλὸν
1141 5641 1329 5710 ἀγῶνα
1359 5641 1457 5712 τῆς
1478 5645 1730 5709 πίστεως
1756 5664 1768 5678 ·

219 5811 489 5876 μεθέξω.
537 5827 667 5876 xxv,
697 5810 818 5878 4;.l
855 5813 989 5868 Cor.
1027 5830 1099 5881 Ix,
1124 5813 1175 5871 8.
1265 5815 1309 5847 ”
1342 5814 1528 5878 Matth.
1553 5834 1606 5877 χ.
1636 5820 1688 5872 7.

1877 4636 1932 4690 in
1968 4635 2225 4705 laqueum
2278 4630 2507 4696 diaboli,
2549 4638 2605 4686 et
2657 4629 2934 4697 desideria
2975 4629 3149 4683 multa.
3200 4627 3436 4683 absurda

1876 4736 1932 4784 et
1983 4730 2199 4789 nociva,
2251 4742 2374 4797 quae
2413 4729 2666 4796 mergunt
2711 4717 2963 4780 homines
2997 4722 3054 4778 in
3086 4718 3366 4777 interitum
3393 4731 3447 4776 et

1875 4820 2270 4893 perditionem.
2328 4815 2504 4871 Radix
2545 4816 2694 4870 enim
2745 4815 2990 4870 omnium
3048 4815 3317 4869 malorum
3361 4819 3446 4868 est

1876 4911 2154 4982 cupiditas
2187 4928 2200 4966 :
2241 4923 2404 4981 quam
2431 4907 2657 4978 quidam
2697 4915 3020 4980 appetentes
3054 4915 3378 4962 erraverunt
3414 4921 3444 4959 a

1877 5002 2005 5071 ﬁde,
2033 5012 2088 5058 et
2116 5003 2473 5058 inseruerunt
2511 5017 2570 5057 se
2599 5000 2884 5056 doloribus
2907 4999 3122 5055 multis.
3156 5017 3175 5051 ι

1863 5228 1865 5230 -
1948 5187 2114 5260 266
2141 5186 2638 5255 Quemadmodum,
2671 5189 2872 5260 inquit,
2922 5201 3051 5243 oves
3081 5185 3369 5246 scabiosze,
3396 5172 3445 5238 si

1879 5295 2004 5335 cum
2039 5279 2164 5334 aliis
2194 5280 2465 5344 habitent,
2503 5288 2732 5335 caeteras
2762 5280 2930 5335 etiam
2967 5293 3088 5350 quae
3117 5290 3266 5332 sana:
3293 5281 3442 5339 sunt,

1880 5373 2078 5428 morbo
2115 5372 2372 5428 inﬁciunt
2401 5389 2543 5438 suo,
2568 5373 2649 5428 sic
2675 5383 2729 5429 et
2760 5373 2885 5426 mali
2919 5372 3194 5426 lioiuiines.

1952 5464 2119 5520 Vens.
2169 5464 2354 5519 H-H.
2396 5483 2415 5517 ι
2469 5462 2552 5520 Tu
2607 5473 2812 5531 autem,
2869 5478 2902 5519 ο
2941 5462 3109 5517 homo
3159 5457 3277 5522 Dei,
3330 5456 3446 5514 hac

1882 5556 2048 5628 iuge:
2102 5564 2316 5613 sectare
2371 5573 2504 5614 vero
2552 5557 2845 5626 justitiam,
2923 5554 3207 5625 pietatem,
3259 5549 3441 5617 ﬁdem,

1881 5650 2231 5718 cliaritatem,
2295 5650 2641 5723 patientiam,
2718 5647 3221 5705 mansuetudinem.
3283 5642 3442 5701 Certo
