  <div class='ocr_page' id='page_1' title='image "/cluster/home/n/w/nwhite01/storage/ocr_20150623/95/mdp.39015004289776/522.png"; bbox 0 0 3970 6294; ppageno 0'>
   <div class='ocr_carea' id='block_1_1' title="bbox 312 443 1220 514">
    <p class='ocr_par' dir='ltr' id='par_1_1' title="bbox 312 443 1220 514">
     <span class='ocr_line' id='line_1_1' title="bbox 312 443 1220 514; baseline -0.002 -10"><span class='ocrx_word' id='word_1_1' title='bbox 312 451 380 504; x_wconf 83' lang='lat' dir='ltr'><strong>&#39;A</strong></span> <span class='ocrx_word' id='word_1_2' title='bbox 408 446 498 502; x_wconf 81' lang='grc' dir='ltr'>διὰ.</span> <span class='ocrx_word' id='word_1_3' title='bbox 526 444 736 502; x_wconf 72' lang='grc' dir='ltr'>Θέκλα)</span> <span class='ocrx_word' id='word_1_4' title='bbox 762 445 1022 509; x_wconf 77' lang='grc' dir='ltr'>πέπονθε,</span> <span class='ocrx_word' id='word_1_5' title='bbox 1048 443 1220 514; x_wconf 78' lang='grc' dir='ltr'>λέγει.</span> 
     </span>
    </p>
   </div>
   <div class='ocr_carea' id='block_1_2' title="bbox 314 535 1816 610">
    <p class='ocr_par' dir='ltr' id='par_1_2' title="bbox 314 535 1816 610">
     <span class='ocr_line' id='line_1_2' title="bbox 314 535 1816 610; baseline -0.003 -16"><span class='ocrx_word' id='word_1_6' title='bbox 314 559 334 594; x_wconf 71' lang='grc' dir='ltr'><strong>ι</strong></span> <span class='ocrx_word' id='word_1_7' title='bbox 377 540 490 594; x_wconf 77' lang='grc' dir='ltr'><strong>Καὶ</strong></span> <span class='ocrx_word' id='word_1_8' title='bbox 509 542 575 594; x_wconf 73' lang='grc' dir='ltr'>ἐκ</span> <span class='ocrx_word' id='word_1_9' title='bbox 599 539 818 595; x_wconf 81' lang='grc' dir='ltr'>πάντων</span> <span class='ocrx_word' id='word_1_10' title='bbox 846 556 914 610; x_wconf 88' lang='grc' dir='ltr'><strong>με</strong></span> <span class='ocrx_word' id='word_1_11' title='bbox 938 537 1208 609; x_wconf 81' lang='grc' dir='ltr'>ὲρρύσατο</span> <span class='ocrx_word' id='word_1_12' title='bbox 1229 540 1258 591; x_wconf 83' lang='grc' dir='ltr'><strong>ὁ</strong></span> <span class='ocrx_word' id='word_1_13' title='bbox 1287 537 1513 609; x_wconf 86' lang='grc' dir='ltr'>Κύριος.</span> <span class='ocrx_word' id='word_1_14' title='bbox 1539 535 1650 590; x_wconf 70' lang='grc' dir='ltr'><strong>Καὶ</strong></span> <span class='ocrx_word' id='word_1_15' title='bbox 1680 536 1816 589; x_wconf 80' lang='grc' dir='ltr'>πάν-</span> 
     </span>
    </p>
   </div>
   <div class='ocr_carea' id='block_1_3' title="bbox 238 625 1813 701">
    <p class='ocr_par' dir='ltr' id='par_1_3' title="bbox 238 625 1813 701">
     <span class='ocr_line' id='line_1_3' title="bbox 238 625 1813 701; baseline -0.003 -17"><span class='ocrx_word' id='word_1_16' title='bbox 238 647 327 694; x_wconf 81' lang='grc' dir='ltr'><strong>τες</strong></span> <span class='ocrx_word' id='word_1_17' title='bbox 370 631 428 685; x_wconf 78' lang='grc' dir='ltr'>δὲ</span> <span class='ocrx_word' id='word_1_18' title='bbox 471 631 521 683; x_wconf 82' lang='grc' dir='ltr'>οι</span> <span class='ocrx_word' id='word_1_19' title='bbox 556 629 804 694; x_wconf 78' lang='grc' dir='ltr'>θέλοντες</span> <span class='ocrx_word' id='word_1_20' title='bbox 836 629 1077 694; x_wconf 81' lang='grc' dir='ltr'>εὐσεϐῶς</span> <span class='ocrx_word' id='word_1_21' title='bbox 1107 627 1204 701; x_wconf 77' lang='grc' dir='ltr'><strong>ζῇν</strong></span> <span class='ocrx_word' id='word_1_22' title='bbox 1242 629 1301 682; x_wconf 79' lang='grc' dir='ltr'>ὲν</span> <span class='ocrx_word' id='word_1_23' title='bbox 1337 625 1563 701; x_wconf 82' lang='grc' dir='ltr'><strong>Χριστῷ</strong></span> <span class='ocrx_word' id='word_1_24' title='bbox 1615 625 1813 699; x_wconf 82' lang='grc' dir='ltr'><strong>Ἰησοῦ,</strong></span> 
     </span>
    </p>
   </div>
   <div class='ocr_carea' id='block_1_4' title="bbox 239 723 1241 795">
    <p class='ocr_par' dir='ltr' id='par_1_4' title="bbox 239 723 1241 795">
     <span class='ocr_line' id='line_1_4' title="bbox 239 723 1241 795; baseline -0.001 -18"><span class='ocrx_word' id='word_1_25' title='bbox 239 723 650 795; x_wconf 79' lang='grc' dir='ltr'><strong>διωχθήσονται.</strong></span> <span class='ocrx_word' id='word_1_26' title='bbox 696 741 716 776; x_wconf 75' lang='grc' dir='ltr'><strong>ι</strong></span> <span class='ocrx_word' id='word_1_27' title='bbox 1240 764 1241 767; x_wconf 59' lang='grc' dir='ltr'><strong>η</strong></span> 
     </span>
    </p>
   </div>
   <div class='ocr_carea' id='block_1_5' title="bbox 306 814 1818 889">
    <p class='ocr_par' dir='ltr' id='par_1_5' title="bbox 306 814 1818 889">
     <span class='ocr_line' id='line_1_5' title="bbox 306 814 1818 889; baseline -0.001 -17"><span class='ocrx_word' id='word_1_28' title='bbox 306 816 526 872; x_wconf 82' lang='grc' dir='ltr'><strong>Τούτων</strong></span> <span class='ocrx_word' id='word_1_29' title='bbox 561 817 638 880; x_wconf 82' lang='grc' dir='ltr'>ὡς</span> <span class='ocrx_word' id='word_1_30' title='bbox 674 816 890 889; x_wconf 83' lang='grc' dir='ltr'>νεαρῶν</span> <span class='ocrx_word' id='word_1_31' title='bbox 930 815 1099 872; x_wconf 72' lang='grc' dir='ltr'>ὄντων</span> <span class='ocrx_word' id='word_1_32' title='bbox 1132 815 1414 888; x_wconf 81' lang='grc' dir='ltr'>ὲμνήσθη’</span> <span class='ocrx_word' id='word_1_33' title='bbox 1459 815 1532 870; x_wconf 81' lang='grc' dir='ltr'>τὰ</span> <span class='ocrx_word' id='word_1_34' title='bbox 1576 814 1634 870; x_wconf 78' lang='grc' dir='ltr'>δὲ</span> <span class='ocrx_word' id='word_1_35' title='bbox 1678 814 1818 871; x_wconf 75' lang='grc' dir='ltr'>ἄλλα</span> 
     </span>
    </p>
   </div>
   <div class='ocr_carea' id='block_1_6' title="bbox 238 910 1348 985">
    <p class='ocr_par' dir='ltr' id='par_1_6' title="bbox 238 910 1348 985">
     <span class='ocr_line' id='line_1_6' title="bbox 238 910 1348 985; baseline -0.002 -17"><span class='ocrx_word' id='word_1_36' title='bbox 238 912 468 982; x_wconf 77' lang='grc' dir='ltr'>ἀφῆκεν,</span> <span class='ocrx_word' id='word_1_37' title='bbox 500 912 578 976; x_wconf 85' lang='grc' dir='ltr'>ὠς</span> <span class='ocrx_word' id='word_1_38' title='bbox 607 910 863 985; x_wconf 84' lang='grc' dir='ltr'>γνώριμα</span> <span class='ocrx_word' id='word_1_39' title='bbox 889 911 1021 968; x_wconf 76' lang='grc' dir='ltr'>ὄντα</span> <span class='ocrx_word' id='word_1_40' title='bbox 1061 911 1139 984; x_wconf 82' lang='grc' dir='ltr'>τῷ</span> <span class='ocrx_word' id='word_1_41' title='bbox 1171 910 1348 983; x_wconf 84' lang='grc' dir='ltr'>ἀνδρί.</span> 
     </span>
    </p>
   </div>
   <div class='ocr_carea' id='block_1_7' title="bbox 313 1001 1816 1076">
    <p class='ocr_par' dir='ltr' id='par_1_7' title="bbox 313 1001 1816 1076">
     <span class='ocr_line' id='line_1_7' title="bbox 313 1001 1816 1076; baseline -0.001 -20"><span class='ocrx_word' id='word_1_42' title='bbox 313 1021 332 1056; x_wconf 80' lang='grc' dir='ltr'><strong>ι</strong></span> <span class='ocrx_word' id='word_1_43' title='bbox 378 1003 613 1075; x_wconf 76' lang='grc' dir='ltr'>Πονηροὶ</span> <span class='ocrx_word' id='word_1_44' title='bbox 655 1003 714 1057; x_wconf 77' lang='grc' dir='ltr'>δὲ</span> <span class='ocrx_word' id='word_1_45' title='bbox 759 1003 1036 1076; x_wconf 75' lang='grc' dir='ltr'>ἄνθρωποι</span> <span class='ocrx_word' id='word_1_46' title='bbox 1073 1005 1171 1058; x_wconf 65' lang='grc' dir='ltr'><strong>καὶ⁹</strong></span> <span class='ocrx_word' id='word_1_47' title='bbox 1216 1005 1415 1074; x_wconf 81' lang='grc' dir='ltr'><strong>γόητες</strong></span> <span class='ocrx_word' id='word_1_48' title='bbox 1447 1001 1816 1075; x_wconf 72' lang='grc' dir='ltr'><strong>προκόψουσιν</strong></span> 
     </span>
    </p>
   </div>
   <div class='ocr_carea' id='block_1_8' title="bbox 239 1081 1819 1167">
    <p class='ocr_par' dir='ltr' id='par_1_8' title="bbox 239 1081 1819 1167">
     <span class='ocr_line' id='line_1_8' title="bbox 239 1081 1819 1167; baseline -0.001 -19"><span class='ocrx_word' id='word_1_49' title='bbox 239 1094 332 1149; x_wconf 67' lang='grc' dir='ltr'><strong>ἐπὶ</strong></span> <span class='ocrx_word' id='word_1_50' title='bbox 354 1094 416 1147; x_wconf 81' lang='grc' dir='ltr'>τὸ</span> <span class='ocrx_word' id='word_1_51' title='bbox 432 1081 634 1167; x_wconf 85' lang='grc' dir='ltr'>χεῖρον,</span> <span class='ocrx_word' id='word_1_52' title='bbox 654 1096 966 1159; x_wconf 74' lang='grc' dir='ltr'>πλανῶντες</span> <span class='ocrx_word' id='word_1_53' title='bbox 993 1096 1087 1150; x_wconf 73' lang='grc' dir='ltr'>καὶ</span> <span class='ocrx_word' id='word_1_54' title='bbox 1107 1094 1474 1167; x_wconf 81' lang='grc' dir='ltr'>πλανώμενοι.</span> <span class='ocrx_word' id='word_1_55' title='bbox 1501 1095 1575 1148; x_wconf 81' lang='grc' dir='ltr'><strong>Σὺ</strong></span> <span class='ocrx_word' id='word_1_56' title='bbox 1603 1094 1660 1148; x_wconf 79' lang='grc' dir='ltr'>δὲ</span> <span class='ocrx_word' id='word_1_57' title='bbox 1687 1094 1819 1166; x_wconf 78' lang='grc' dir='ltr'>μένε</span> 
     </span>
    </p>
   </div>
   <div class='ocr_carea' id='block_1_9' title="bbox 237 1181 1819 1267">
    <p class='ocr_par' dir='ltr' id='par_1_9' title="bbox 237 1181 1819 1267">
     <span class='ocr_line' id='line_1_9' title="bbox 237 1181 1819 1267; baseline 0 -25"><span class='ocrx_word' id='word_1_58' title='bbox 237 1189 298 1242; x_wconf 68' lang='grc' dir='ltr'>ἐν</span> <span class='ocrx_word' id='word_1_59' title='bbox 329 1181 412 1253; x_wconf 81' lang='grc' dir='ltr'><strong>οἷς</strong></span> <span class='ocrx_word' id='word_1_60' title='bbox 455 1188 681 1260; x_wconf 76' lang='grc' dir='ltr'>ἔμαθες,</span> <span class='ocrx_word' id='word_1_61' title='bbox 733 1190 830 1244; x_wconf 74' lang='grc' dir='ltr'>καὶ</span> <span class='ocrx_word' id='word_1_62' title='bbox 876 1189 1224 1267; x_wconf 56' lang='grc' dir='ltr'>ἑπιστὼθηςφ</span> <span class='ocrx_word' id='word_1_63' title='bbox 1275 1187 1432 1256; x_wconf 83' lang='grc' dir='ltr'>εἰδὼς</span> <span class='ocrx_word' id='word_1_64' title='bbox 1476 1189 1631 1262; x_wconf 81' lang='grc' dir='ltr'>παρὰ</span> <span class='ocrx_word' id='word_1_65' title='bbox 1672 1187 1819 1254; x_wconf 89' lang='grc' dir='ltr'>τίνος</span> 
     </span>
    </p>
   </div>
   <div class='ocr_carea' id='block_1_10' title="bbox 239 1277 1194 1352">
    <p class='ocr_par' dir='ltr' id='par_1_10' title="bbox 239 1277 1194 1352">
     <span class='ocr_line' id='line_1_10' title="bbox 239 1277 1194 1352; baseline 0.002 -20"><span class='ocrx_word' id='word_1_66' title='bbox 239 1277 464 1350; x_wconf 78' lang='grc' dir='ltr'>ἔμαθες,</span> <span class='ocrx_word' id='word_1_67' title='bbox 496 1278 593 1334; x_wconf 77' lang='grc' dir='ltr'>καὶ</span> <span class='ocrx_word' id='word_1_68' title='bbox 615 1279 700 1334; x_wconf 77' lang='grc' dir='ltr'>ὅτι</span> <span class='ocrx_word' id='word_1_69' title='bbox 734 1279 842 1335; x_wconf 80' lang='grc' dir='ltr'><strong>ἀπὸ</strong></span> <span class='ocrx_word' id='word_1_70' title='bbox 872 1279 1127 1352; x_wconf 79' lang='grc' dir='ltr'>βρέφους.</span> <span class='ocrx_word' id='word_1_71' title='bbox 1173 1298 1194 1334; x_wconf 73' lang='grc' dir='ltr'><strong>ι</strong></span> 
     </span>
    </p>
   </div>
   <div class='ocr_carea' id='block_1_11' title="bbox 311 1455 1818 1542">
    <p class='ocr_par' dir='ltr' id='par_1_11' title="bbox 311 1455 1818 1542">
     <span class='ocr_line' id='line_1_11' title="bbox 311 1455 1818 1542; baseline 0.002 -32"><span class='ocrx_word' id='word_1_72' title='bbox 311 1455 425 1520; x_wconf 79' lang='grc' dir='ltr'><strong>Τὰς</strong></span> <span class='ocrx_word' id='word_1_73' title='bbox 473 1456 685 1529; x_wconf 79' lang='grc' dir='ltr'><strong>θλίψεις</strong></span> <span class='ocrx_word' id='word_1_74' title='bbox 727 1456 967 1513; x_wconf 72' lang='grc' dir='ltr'>ὶνταῦθά</span> <span class='ocrx_word' id='word_1_75' title='bbox 1000 1475 1152 1531; x_wconf 73' lang='grc' dir='ltr'>φησι,</span> <span class='ocrx_word' id='word_1_76' title='bbox 1206 1456 1303 1542; x_wconf 64' lang='grc' dir='ltr'>καὶ</span> <span class='ocrx_word' id='word_1_77' title='bbox 1339 1457 1442 1524; x_wconf 81' lang='grc' dir='ltr'><strong>τὰς</strong></span> <span class='ocrx_word' id='word_1_78' title='bbox 1480 1455 1678 1522; x_wconf 78' lang='grc' dir='ltr'>ὀδύνας</span> <span class='ocrx_word' id='word_1_79' title='bbox 1709 1458 1818 1530; x_wconf 15' lang='grc' dir='ltr'>,τῆς</span> 
     </span>
    </p>
   </div>
   <div class='ocr_carea' id='block_1_12' title="bbox 239 1549 1499 1632">
    <p class='ocr_par' dir='ltr' id='par_1_12' title="bbox 239 1549 1499 1632">
     <span class='ocr_line' id='line_1_12' title="bbox 239 1549 1499 1632; baseline 0.002 -28"><span class='ocrx_word' id='word_1_80' title='bbox 239 1549 432 1619; x_wconf 83' lang='grc' dir='ltr'>στενῆς</span> <span class='ocrx_word' id='word_1_81' title='bbox 463 1549 558 1604; x_wconf 75' lang='grc' dir='ltr'>καὶ</span> <span class='ocrx_word' id='word_1_82' title='bbox 587 1550 955 1622; x_wconf 83' lang='grc' dir='ltr'>τεθλιμμένης</span> <span class='ocrx_word' id='word_1_83' title='bbox 984 1550 1106 1606; x_wconf 83' lang='grc' dir='ltr'>ὁδοῦ</span> <span class='ocrx_word' id='word_1_84' title='bbox 1143 1550 1244 1624; x_wconf 80' lang='grc' dir='ltr'>τῆς</span> <span class='ocrx_word' id='word_1_85' title='bbox 1275 1550 1499 1632; x_wconf 82' lang='grc' dir='ltr'>ἀρετῆς.</span> 
     </span>
    </p>
   </div>
   <div class='ocr_carea' id='block_1_13' title="bbox 311 1639 1820 1714">
    <p class='ocr_par' dir='ltr' id='par_1_13' title="bbox 311 1639 1820 1714">
     <span class='ocr_line' id='line_1_13' title="bbox 311 1639 1820 1714; baseline 0.003 -20"><span class='ocrx_word' id='word_1_86' title='bbox 311 1659 333 1694; x_wconf 73' lang='grc' dir='ltr'><strong>ε</strong></span> <span class='ocrx_word' id='word_1_87' title='bbox 379 1639 463 1695; x_wconf 83' lang='grc' dir='ltr'><strong>Τὰ</strong></span> <span class='ocrx_word' id='word_1_88' title='bbox 500 1641 622 1714; x_wconf 79' lang='grc' dir='ltr'>ιερὰ</span> <span class='ocrx_word' id='word_1_89' title='bbox 647 1643 953 1714; x_wconf 87' lang='grc' dir='ltr'>γράμματα</span> <span class='ocrx_word' id='word_1_90' title='bbox 998 1639 1168 1708; x_wconf 80' lang='grc' dir='ltr'>οἶδας,</span> <span class='ocrx_word' id='word_1_91' title='bbox 1214 1643 1285 1699; x_wconf 83' lang='grc' dir='ltr'><strong>τὰ</strong></span> <span class='ocrx_word' id='word_1_92' title='bbox 1329 1641 1604 1714; x_wconf 79' lang='grc' dir='ltr'>δυνάμενά</span> <span class='ocrx_word' id='word_1_93' title='bbox 1639 1659 1701 1696; x_wconf 89' lang='grc' dir='ltr'><strong>σε</strong></span> <span class='ocrx_word' id='word_1_94' title='bbox 1729 1657 1820 1698; x_wconf 79' lang='grc' dir='ltr'>σο·</span> 
     </span>
    </p>
   </div>
   <div class='ocr_carea' id='block_1_14' title="bbox 237 1733 1820 1810">
    <p class='ocr_par' dir='ltr' id='par_1_14' title="bbox 237 1733 1820 1810">
     <span class='ocr_line' id='line_1_14' title="bbox 237 1733 1820 1810; baseline -0.001 -22"><span class='ocrx_word' id='word_1_95' title='bbox 237 1733 395 1804; x_wconf 69' lang='grc' dir='ltr'>φίσαι</span> <span class='ocrx_word' id='word_1_96' title='bbox 437 1736 520 1800; x_wconf 91' lang='grc' dir='ltr'><strong>είς</strong></span> <span class='ocrx_word' id='word_1_97' title='bbox 580 1735 856 1810; x_wconf 74' lang='grc' dir='ltr'><strong>σωτηρίαν</strong></span> <span class='ocrx_word' id='word_1_98' title='bbox 909 1735 998 1790; x_wconf 78' lang='grc' dir='ltr'><strong>διὰ</strong></span> <span class='ocrx_word' id='word_1_99' title='bbox 1048 1735 1288 1800; x_wconf 88' lang='grc' dir='ltr'>πίστεως</span> <span class='ocrx_word' id='word_1_100' title='bbox 1329 1735 1433 1807; x_wconf 80' lang='grc' dir='ltr'>τῆς</span> <span class='ocrx_word' id='word_1_101' title='bbox 1489 1737 1548 1790; x_wconf 77' lang='grc' dir='ltr'>ὲν</span> <span class='ocrx_word' id='word_1_102' title='bbox 1594 1734 1820 1806; x_wconf 83' lang='grc' dir='ltr'><strong>Χριστῷ</strong></span> 
     </span>
    </p>
   </div>
   <div class='ocr_carea' id='block_1_15' title="bbox 248 1826 508 1883">
    <p class='ocr_par' dir='ltr' id='par_1_15' title="bbox 248 1826 508 1883">
     <span class='ocr_line' id='line_1_15' title="bbox 248 1826 508 1883; baseline -0.004 -2"><span class='ocrx_word' id='word_1_103' title='bbox 248 1829 321 1883; x_wconf 79' lang='grc' dir='ltr'><strong>’1η</strong></span> <span class='ocrx_word' id='word_1_104' title='bbox 331 1826 444 1883; x_wconf 88' lang='grc' dir='ltr'>σοῦ.</span> <span class='ocrx_word' id='word_1_105' title='bbox 488 1845 508 1880; x_wconf 76' lang='grc' dir='ltr'><strong>ι</strong></span> 
     </span>
    </p>
   </div>
   <div class='ocr_carea' id='block_1_16' title="bbox 289 1845 1837 1992">
    <p class='ocr_par' dir='ltr' id='par_1_16' title="bbox 289 1845 1837 1992">
     <span class='ocr_line' id='line_1_16' title="bbox 331 1845 508 1883; baseline -0.006 -2"><span class='ocrx_word' id='word_1_106' title='bbox 331 1845 444 1883; x_wconf 90' lang='grc' dir='ltr'>σου.</span> <span class='ocrx_word' id='word_1_107' title='bbox 488 1845 508 1880; x_wconf 76' lang='grc' dir='ltr'><strong>ι</strong></span> 
     </span>
     <span class='ocr_line' id='line_1_17' title="bbox 289 1845 1837 1992; baseline -0.002 -20"><span class='ocrx_word' id='word_1_108' title='bbox 289 1845 422 1972; x_wconf 78' lang='grc' dir='ltr'><strong>ηΤὸν</strong></span> <span class='ocrx_word' id='word_1_109' title='bbox 450 1918 616 1988; x_wconf 83' lang='grc' dir='ltr'>νόμον</span> <span class='ocrx_word' id='word_1_110' title='bbox 642 1920 740 1974; x_wconf 74' lang='grc' dir='ltr'>καὶ</span> <span class='ocrx_word' id='word_1_111' title='bbox 777 1919 907 1985; x_wconf 77' lang='grc' dir='ltr'>τοὺς</span> <span class='ocrx_word' id='word_1_112' title='bbox 977 1920 1267 1992; x_wconf 79' lang='grc' dir='ltr'>προφήτας</span> <span class='ocrx_word' id='word_1_113' title='bbox 1308 1923 1478 1988; x_wconf 84' lang='grc' dir='ltr'>λέγει,</span> <span class='ocrx_word' id='word_1_114' title='bbox 1505 1917 1703 1980; x_wconf 82' lang='grc' dir='ltr'>οἵτινες</span> <span class='ocrx_word' id='word_1_115' title='bbox 1735 1914 1837 1969; x_wconf 86' lang='grc' dir='ltr'>αύ-</span> 
     </span>
    </p>
   </div>
   <div class='ocr_carea' id='block_1_17' title="bbox 237 2006 1838 2085">
    <p class='ocr_par' dir='ltr' id='par_1_17' title="bbox 237 2006 1838 2085">
     <span class='ocr_line' id='line_1_18' title="bbox 237 2006 1838 2085; baseline -0.001 -22"><span class='ocrx_word' id='word_1_116' title='bbox 237 2011 336 2064; x_wconf 79' lang='grc' dir='ltr'>τὸν</span> <span class='ocrx_word' id='word_1_117' title='bbox 387 2010 645 2066; x_wconf 76' lang='grc' dir='ltr'>ἐδύναντο</span> <span class='ocrx_word' id='word_1_118' title='bbox 695 2011 777 2075; x_wconf 87' lang='grc' dir='ltr'><strong>είς</strong></span> <span class='ocrx_word' id='word_1_119' title='bbox 821 2011 922 2085; x_wconf 75' lang='grc' dir='ltr'>τὴν</span> <span class='ocrx_word' id='word_1_120' title='bbox 973 2011 1167 2082; x_wconf 85' lang='grc' dir='ltr'>σοφίαν</span> <span class='ocrx_word' id='word_1_121' title='bbox 1212 2011 1534 2082; x_wconf 82' lang='grc' dir='ltr'>ἀναγαγεῖν,</span> <span class='ocrx_word' id='word_1_122' title='bbox 1584 2006 1838 2079; x_wconf 73' lang='grc' dir='ltr'>τουτέστι</span> 
     </span>
    </p>
   </div>
   <div class='ocr_carea' id='block_1_18' title="bbox 234 2101 1832 2178">
    <p class='ocr_par' dir='ltr' id='par_1_18' title="bbox 234 2101 1832 2178">
     <span class='ocr_line' id='line_1_19' title="bbox 234 2101 1832 2178; baseline -0.001 -20"><span class='ocrx_word' id='word_1_123' title='bbox 234 2103 495 2175; x_wconf 83' lang='grc' dir='ltr'>Χριστόν.</span> <span class='ocrx_word' id='word_1_124' title='bbox 548 2101 645 2168; x_wconf 83' lang='grc' dir='ltr'>Είς</span> <span class='ocrx_word' id='word_1_125' title='bbox 685 2103 875 2159; x_wconf 90' lang='grc' dir='ltr'>τοῦτον</span> <span class='ocrx_word' id='word_1_126' title='bbox 918 2104 1029 2176; x_wconf 78' lang='grc' dir='ltr'><strong>γὰρ</strong></span> <span class='ocrx_word' id='word_1_127' title='bbox 1075 2103 1401 2178; x_wconf 68' lang='grc' dir='ltr'>ἐπληροῦτο,</span> <span class='ocrx_word' id='word_1_128' title='bbox 1439 2102 1540 2159; x_wconf 69' lang='grc' dir='ltr'>καὶ</span> <span class='ocrx_word' id='word_1_129' title='bbox 1573 2101 1606 2156; x_wconf 80' lang='grc' dir='ltr'>ὁ</span> <span class='ocrx_word' id='word_1_130' title='bbox 1648 2101 1832 2172; x_wconf 82' lang='grc' dir='ltr'>νόμος,</span> 
     </span>
    </p>
   </div>
   <div class='ocr_carea' id='block_1_19' title="bbox 235 2195 1835 2270">
    <p class='ocr_par' dir='ltr' id='par_1_19' title="bbox 235 2195 1835 2270">
     <span class='ocr_line' id='line_1_20' title="bbox 235 2195 1835 2270; baseline -0.001 -20"><span class='ocrx_word' id='word_1_131' title='bbox 235 2199 337 2250; x_wconf 82' lang='grc' dir='ltr'>καὶ</span> <span class='ocrx_word' id='word_1_132' title='bbox 377 2197 426 2250; x_wconf 79' lang='grc' dir='ltr'>οἱ</span> <span class='ocrx_word' id='word_1_133' title='bbox 464 2199 767 2270; x_wconf 72' lang='grc' dir='ltr'>προφῆται.</span> <span class='ocrx_word' id='word_1_134' title='bbox 816 2198 942 2252; x_wconf 85' lang='grc' dir='ltr'>ὐτι</span> <span class='ocrx_word' id='word_1_135' title='bbox 981 2197 1039 2252; x_wconf 80' lang='grc' dir='ltr'>δὲ</span> <span class='ocrx_word' id='word_1_136' title='bbox 1078 2198 1194 2270; x_wconf 78' lang='grc' dir='ltr'>ᾔδει</span> <span class='ocrx_word' id='word_1_137' title='bbox 1238 2196 1339 2269; x_wconf 80' lang='grc' dir='ltr'>τὴν</span> <span class='ocrx_word' id='word_1_138' title='bbox 1381 2195 1634 2270; x_wconf 79' lang='grc' dir='ltr'>Γραφὴν,</span> <span class='ocrx_word' id='word_1_139' title='bbox 1673 2195 1835 2268; x_wconf 79' lang='grc' dir='ltr'>δῆλον</span> 
     </span>
    </p>
   </div>
   <div class='ocr_carea' id='block_1_20' title="bbox 233 2287 1836 2362">
    <p class='ocr_par' dir='ltr' id='par_1_20' title="bbox 233 2287 1836 2362">
     <span class='ocr_line' id='line_1_21' title="bbox 233 2287 1836 2362; baseline 0 -20"><span class='ocrx_word' id='word_1_140' title='bbox 233 2290 302 2342; x_wconf 75' lang='grc' dir='ltr'>ἐκ</span> <span class='ocrx_word' id='word_1_141' title='bbox 332 2287 429 2342; x_wconf 87' lang='grc' dir='ltr'><strong>τοῦ</strong></span> <span class='ocrx_word' id='word_1_142' title='bbox 465 2289 755 2362; x_wconf 80' lang='grc' dir='ltr'>ἱστορῆσαι</span> <span class='ocrx_word' id='word_1_143' title='bbox 788 2287 884 2344; x_wconf 81' lang='grc' dir='ltr'>τὸν</span> <span class='ocrx_word' id='word_1_144' title='bbox 913 2289 1132 2344; x_wconf 79' lang='grc' dir='ltr'>Λουκᾶν</span> <span class='ocrx_word' id='word_1_145' title='bbox 1167 2288 1297 2361; x_wconf 70' lang='grc' dir='ltr'>περὶ</span> <span class='ocrx_word' id='word_1_146' title='bbox 1329 2288 1519 2342; x_wconf 76' lang='grc' dir='ltr'>αὐτοῦ.</span> <span class='ocrx_word' id='word_1_147' title='bbox 1571 2287 1695 2341; x_wconf 80' lang='grc' dir='ltr'><strong>Ὀτι</strong></span> <span class='ocrx_word' id='word_1_148' title='bbox 1728 2302 1836 2357; x_wconf 81' lang='grc' dir='ltr'>μη-</span> 
     </span>
    </p>
   </div>
   <div class='ocr_carea' id='block_1_21' title="bbox 232 2368 1833 2452">
    <p class='ocr_par' dir='ltr' id='par_1_21' title="bbox 232 2368 1833 2452">
     <span class='ocr_line' id='line_1_22' title="bbox 232 2368 1833 2452; baseline -0.001 -19"><span class='ocrx_word' id='word_1_149' title='bbox 232 2379 372 2450; x_wconf 63' lang='grc' dir='ltr'>τρὸς</span> <span class='ocrx_word' id='word_1_150' title='bbox 415 2375 484 2452; x_wconf 75' lang='grc' dir='ltr'>ἦν</span> <span class='ocrx_word' id='word_1_151' title='bbox 538 2379 800 2444; x_wconf 82' lang='grc' dir='ltr'>Ἰουδαίας</span> <span class='ocrx_word' id='word_1_152' title='bbox 847 2381 1066 2452; x_wconf 81' lang='grc' dir='ltr'>πιστῆς,</span> <span class='ocrx_word' id='word_1_153' title='bbox 1103 2380 1396 2436; x_wconf 81' lang='grc' dir='ltr'>’τουτέστιν</span> <span class='ocrx_word' id='word_1_154' title='bbox 1439 2378 1500 2446; x_wconf 71' lang='grc' dir='ltr'><strong>ἐξ</strong></span> <span class='ocrx_word' id='word_1_155' title='bbox 1559 2368 1833 2434; x_wconf 85' lang='grc' dir='ltr'>Ἰουδαίων</span> 
     </span>
    </p>
   </div>
   <div class='ocr_carea' id='block_1_22' title="bbox 235 2471 1020 2544">
    <p class='ocr_par' dir='ltr' id='par_1_22' title="bbox 235 2471 1020 2544">
     <span class='ocr_line' id='line_1_23' title="bbox 235 2471 1020 2544; baseline 0.003 -20"><span class='ocrx_word' id='word_1_156' title='bbox 235 2472 620 2543; x_wconf 75' lang='grc' dir='ltr'>πιστευσάσης</span> <span class='ocrx_word' id='word_1_157' title='bbox 648 2471 730 2535; x_wconf 85' lang='grc' dir='ltr'><strong>είς</strong></span> <span class='ocrx_word' id='word_1_158' title='bbox 759 2473 1020 2544; x_wconf 78' lang='grc' dir='ltr'>Χριστόν.</span> 
     </span>
    </p>
   </div>
   <div class='ocr_carea' id='block_1_23' title="bbox 318 2563 1834 2638">
    <p class='ocr_par' dir='ltr' id='par_1_23' title="bbox 318 2563 1834 2638">
     <span class='ocr_line' id='line_1_24' title="bbox 318 2563 1834 2638; baseline 0.003 -23"><span class='ocrx_word' id='word_1_159' title='bbox 318 2581 339 2615; x_wconf 82' lang='grc'><strong><em>‹</em></strong></span> <span class='ocrx_word' id='word_1_160' title='bbox 387 2563 544 2618; x_wconf 82' lang='grc' dir='ltr'>Πᾶσα</span> <span class='ocrx_word' id='word_1_161' title='bbox 589 2563 798 2637; x_wconf 74' lang='grc' dir='ltr'>Γραφη</span> <span class='ocrx_word' id='word_1_162' title='bbox 824 2565 1186 2631; x_wconf 81' lang='grc' dir='ltr'>θεόπνευστος</span> <span class='ocrx_word' id='word_1_163' title='bbox 1227 2565 1321 2620; x_wconf 74' lang='grc' dir='ltr'><strong>καὶ</strong></span> <span class='ocrx_word' id='word_1_164' title='bbox 1371 2564 1650 2638; x_wconf 80' lang='grc' dir='ltr'>ὠφέλιμος</span> <span class='ocrx_word' id='word_1_165' title='bbox 1692 2564 1834 2638; x_wconf 76' lang='grc' dir='ltr'>πρὸς</span> 
     </span>
    </p>
   </div>
   <div class='ocr_carea' id='block_1_24' title="bbox 230 2655 1831 2731">
    <p class='ocr_par' dir='ltr' id='par_1_24' title="bbox 230 2655 1831 2731">
     <span class='ocr_line' id='line_1_25' title="bbox 230 2655 1831 2731; baseline 0 -20"><span class='ocrx_word' id='word_1_166' title='bbox 230 2655 620 2722; x_wconf 81' lang='grc' dir='ltr'>διδασκαλίαν,</span> <span class='ocrx_word' id='word_1_167' title='bbox 649 2657 789 2729; x_wconf 77' lang='grc' dir='ltr'>πρὸς</span> <span class='ocrx_word' id='word_1_168' title='bbox 815 2657 1064 2731; x_wconf 70' lang='grc' dir='ltr'>ἔλεγχον,</span> <span class='ocrx_word' id='word_1_169' title='bbox 1093 2659 1234 2730; x_wconf 77' lang='grc' dir='ltr'>πρὸς</span> <span class='ocrx_word' id='word_1_170' title='bbox 1262 2657 1664 2731; x_wconf 72' lang='grc' dir='ltr'>ἐπανόρθωσιν,</span> <span class='ocrx_word' id='word_1_171' title='bbox 1691 2659 1831 2730; x_wconf 76' lang='grc' dir='ltr'>πρὸς</span> 
     </span>
    </p>
   </div>
   <div class='ocr_carea' id='block_1_25' title="bbox 233 2730 1829 2826">
    <p class='ocr_par' dir='ltr' id='par_1_25' title="bbox 233 2730 1829 2826">
     <span class='ocr_line' id='line_1_26' title="bbox 233 2730 1829 2826; baseline 0.004 -28"><span class='ocrx_word' id='word_1_172' title='bbox 233 2745 496 2799; x_wconf 84' lang='grc' dir='ltr'>παιδείαν</span> <span class='ocrx_word' id='word_1_173' title='bbox 526 2744 625 2820; x_wconf 77' lang='grc' dir='ltr'><strong>τὴν</strong></span> <span class='ocrx_word' id='word_1_174' title='bbox 653 2746 714 2805; x_wconf 69' lang='grc' dir='ltr'>ιν</span> <span class='ocrx_word' id='word_1_175' title='bbox 744 2747 1060 2821; x_wconf 73' lang='grc' dir='ltr'>δικαιοσύνῃ</span> <span class='ocrx_word' id='word_1_176' title='bbox 1080 2764 1095 2779; x_wconf 74' lang='grc'><strong><em>⁵</em></strong></span> <span class='ocrx_word' id='word_1_177' title='bbox 1119 2748 1208 2803; x_wconf 81' lang='grc' dir='ltr'><strong>ἴνα</strong></span> <span class='ocrx_word' id='word_1_178' title='bbox 1231 2747 1420 2821; x_wconf 74' lang='grc' dir='ltr'>ἄρτιος</span> <span class='ocrx_word' id='word_1_179' title='bbox 1449 2745 1486 2826; x_wconf 75' lang='grc' dir='ltr'><strong>ᾖ</strong></span> <span class='ocrx_word' id='word_1_180' title='bbox 1509 2751 1539 2804; x_wconf 79' lang='grc' dir='ltr'>ὁ</span> <span class='ocrx_word' id='word_1_181' title='bbox 1565 2730 1665 2804; x_wconf 87' lang='grc' dir='ltr'><strong>τοῦ</strong></span> <span class='ocrx_word' id='word_1_182' title='bbox 1689 2747 1829 2822; x_wconf 77' lang='grc' dir='ltr'>Θεοῦ</span> 
     </span>
    </p>
   </div>
   <div class='ocr_carea' id='block_1_26' title="bbox 234 2835 1822 2919">
    <p class='ocr_par' dir='ltr' id='par_1_26' title="bbox 234 2835 1822 2919">
     <span class='ocr_line' id='line_1_27' title="bbox 234 2835 1822 2919; baseline 0.002 -25"><span class='ocrx_word' id='word_1_183' title='bbox 234 2835 556 2919; x_wconf 79' lang='grc' dir='ltr'>ἄνθρωπος,</span> <span class='ocrx_word' id='word_1_184' title='bbox 593 2839 730 2913; x_wconf 78' lang='grc' dir='ltr'>πρὸς</span> <span class='ocrx_word' id='word_1_185' title='bbox 762 2840 870 2895; x_wconf 79' lang='grc' dir='ltr'>πᾶν</span> <span class='ocrx_word' id='word_1_186' title='bbox 906 2838 1071 2914; x_wconf 76' lang='grc' dir='ltr'>ιργον</span> <span class='ocrx_word' id='word_1_187' title='bbox 1094 2839 1308 2912; x_wconf 68' lang='grc' dir='ltr'><strong>⁸ἀγαθὸν</strong></span> <span class='ocrx_word' id='word_1_188' title='bbox 1337 2840 1772 2916; x_wconf 49' lang='lat' dir='ltr'><strong>tamenim,</strong></span> <span class='ocrx_word' id='word_1_189' title='bbox 1801 2862 1822 2897; x_wconf 78' lang='grc' dir='ltr'><strong>ι</strong></span> 
     </span>
    </p>
   </div>
   <div class='ocr_carea' id='block_1_27' title="bbox 853 3057 1234 3125">
    <p class='ocr_par' dir='ltr' id='par_1_27' title="bbox 853 3057 1234 3125">
     <span class='ocr_line' id='line_1_28' title="bbox 853 3057 1234 3125; baseline 0.01 -13"><span class='ocrx_word' id='word_1_190' title='bbox 853 3057 1107 3125; x_wconf 64' lang='grc' dir='ltr'><strong>ΚΕΨᾹΔ.</strong></span> <span class='ocrx_word' id='word_1_191' title='bbox 1156 3060 1234 3116; x_wconf 68' lang='grc' dir='ltr'><strong>Δθ.</strong></span> 
     </span>
    </p>
   </div>
   <div class='ocr_carea' id='block_1_28' title="bbox 321 3188 1834 3264">
    <p class='ocr_par' dir='ltr' id='par_1_28' title="bbox 321 3188 1834 3264">
     <span class='ocr_line' id='line_1_29' title="bbox 321 3188 1834 3264; baseline 0.001 -17"><span class='ocrx_word' id='word_1_192' title='bbox 321 3213 344 3248; x_wconf 75' lang='grc' dir='ltr'><strong>ι</strong></span> <span class='ocrx_word' id='word_1_193' title='bbox 375 3189 828 3264; x_wconf 85' lang='grc' dir='ltr'>Διαμαρτύρομαι</span> <span class='ocrx_word' id='word_1_194' title='bbox 859 3188 955 3246; x_wconf 84' lang='grc' dir='ltr'><strong>οῦν</strong></span> <span class='ocrx_word' id='word_1_195' title='bbox 999 3191 1110 3262; x_wconf 74' lang='grc' dir='ltr'><strong>ἐγὼ</strong></span> <span class='ocrx_word' id='word_1_196' title='bbox 1145 3191 1375 3250; x_wconf 70' lang='grc' dir='ltr'>ἐνώπιον</span> <span class='ocrx_word' id='word_1_197' title='bbox 1413 3190 1506 3248; x_wconf 87' lang='grc' dir='ltr'><strong>τοῦ</strong></span> <span class='ocrx_word' id='word_1_198' title='bbox 1547 3191 1706 3261; x_wconf 85' lang='grc' dir='ltr'>Θεοῦ,</span> <span class='ocrx_word' id='word_1_199' title='bbox 1736 3192 1834 3249; x_wconf 70' lang='grc' dir='ltr'>καὶ</span> 
     </span>
    </p>
   </div>
   <div class='ocr_carea' id='block_1_29' title="bbox 229 3283 1827 3360">
    <p class='ocr_par' dir='ltr' id='par_1_29' title="bbox 229 3283 1827 3360">
     <span class='ocr_line' id='line_1_30' title="bbox 229 3283 1827 3360; baseline -0.001 -17"><span class='ocrx_word' id='word_1_200' title='bbox 229 3287 341 3343; x_wconf 82' lang='grc' dir='ltr'><strong>τοῦ</strong></span> <span class='ocrx_word' id='word_1_201' title='bbox 367 3286 577 3359; x_wconf 83' lang='grc' dir='ltr'>Κυρίου</span> <span class='ocrx_word' id='word_1_202' title='bbox 609 3283 783 3356; x_wconf 79' lang='grc' dir='ltr'>Ἰησοῦ</span> <span class='ocrx_word' id='word_1_203' title='bbox 806 3283 1068 3358; x_wconf 89' lang='grc' dir='ltr'>Χριστοῦ,</span> <span class='ocrx_word' id='word_1_204' title='bbox 1106 3285 1202 3341; x_wconf 85' lang='grc' dir='ltr'><strong>τοῦ</strong></span> <span class='ocrx_word' id='word_1_205' title='bbox 1228 3284 1515 3359; x_wconf 82' lang='grc' dir='ltr'>μέλλοντος</span> <span class='ocrx_word' id='word_1_206' title='bbox 1538 3287 1768 3360; x_wconf 84' lang='grc' dir='ltr'>κρίνειν.</span> <span class='ocrx_word' id='word_1_207' title='bbox 1805 3305 1827 3342; x_wconf 71' lang='grc' dir='ltr'><strong>ι</strong></span> 
     </span>
    </p>
   </div>
   <div class='ocr_carea' id='block_1_30' title="bbox 312 3377 1833 3452">
    <p class='ocr_par' dir='ltr' id='par_1_30' title="bbox 312 3377 1833 3452">
     <span class='ocr_line' id='line_1_31' title="bbox 312 3377 1833 3452; baseline 0.001 -18"><span class='ocrx_word' id='word_1_208' title='bbox 312 3379 533 3450; x_wconf 83' lang='grc' dir='ltr'>Πολλὴν</span> <span class='ocrx_word' id='word_1_209' title='bbox 566 3377 919 3452; x_wconf 82' lang='grc' dir='ltr'>παράκλησιν</span> <span class='ocrx_word' id='word_1_210' title='bbox 946 3379 1316 3451; x_wconf 83' lang='grc' dir='ltr'>ποιησάμενος</span> <span class='ocrx_word' id='word_1_211' title='bbox 1347 3379 1443 3435; x_wconf 76' lang='grc' dir='ltr'>καὶ</span> <span class='ocrx_word' id='word_1_212' title='bbox 1476 3379 1833 3452; x_wconf 82' lang='grc' dir='ltr'>παραμυθίαν</span> 
     </span>
    </p>
   </div>
   <div class='ocr_carea' id='block_1_31' title="bbox 229 3463 1834 3543">
    <p class='ocr_par' dir='ltr' id='par_1_31' title="bbox 229 3463 1834 3543">
     <span class='ocr_line' id='line_1_32' title="bbox 229 3463 1834 3543; baseline 0 -17"><span class='ocrx_word' id='word_1_213' title='bbox 229 3471 356 3526; x_wconf 71' lang='grc' dir='ltr'><strong>ἀπὸ</strong></span> <span class='ocrx_word' id='word_1_214' title='bbox 392 3463 632 3537; x_wconf 80' lang='grc' dir='ltr'>πάντων,</span> <span class='ocrx_word' id='word_1_215' title='bbox 666 3469 865 3540; x_wconf 71' lang='grc' dir='ltr'>ἐπάγει</span> <span class='ocrx_word' id='word_1_216' title='bbox 911 3469 1010 3526; x_wconf 66' lang='grc' dir='ltr'>καὶ</span> <span class='ocrx_word' id='word_1_217' title='bbox 1051 3472 1151 3543; x_wconf 78' lang='grc' dir='ltr'>τὴν</span> <span class='ocrx_word' id='word_1_218' title='bbox 1177 3471 1287 3526; x_wconf 72' lang='grc' dir='ltr'><strong>ἀπὸ</strong></span> <span class='ocrx_word' id='word_1_219' title='bbox 1321 3471 1708 3543; x_wconf 83' lang='grc' dir='ltr'>τῶνΤραφῶν</span> <span class='ocrx_word' id='word_1_220' title='bbox 1738 3489 1834 3526; x_wconf 81' lang='grc' dir='ltr'>τε·</span> 
     </span>
    </p>
   </div>
   <div class='ocr_carea' id='block_1_32' title="bbox 230 3552 1837 3636">
    <p class='ocr_par' dir='ltr' id='par_1_32' title="bbox 230 3552 1837 3636">
     <span class='ocr_line' id='line_1_33' title="bbox 230 3552 1837 3636; baseline 0 -18"><span class='ocrx_word' id='word_1_221' title='bbox 230 3563 534 3636; x_wconf 80' lang='grc' dir='ltr'>λειοτέραν</span> <span class='ocrx_word' id='word_1_222' title='bbox 552 3557 742 3618; x_wconf 78' lang='grc' dir='ltr'>οὖσαν.</span> <span class='ocrx_word' id='word_1_223' title='bbox 763 3562 1004 3628; x_wconf 81' lang='grc' dir='ltr'>Είκὸτως</span> <span class='ocrx_word' id='word_1_224' title='bbox 1021 3561 1082 3617; x_wconf 79' lang='grc' dir='ltr'>δὲ</span> <span class='ocrx_word' id='word_1_225' title='bbox 1101 3561 1372 3635; x_wconf 84' lang='grc' dir='ltr'>τοσαύτην</span> <span class='ocrx_word' id='word_1_226' title='bbox 1398 3563 1617 3633; x_wconf 71' lang='grc' dir='ltr'>ἐπάγει,</span> <span class='ocrx_word' id='word_1_227' title='bbox 1644 3552 1837 3635; x_wconf 71' lang='grc' dir='ltr'>ἐπειδὴ</span> 
     </span>
    </p>
   </div>
   <div class='ocr_carea' id='block_1_33' title="bbox 228 3649 1831 3728">
    <p class='ocr_par' dir='ltr' id='par_1_33' title="bbox 228 3649 1831 3728">
     <span class='ocr_line' id='line_1_34' title="bbox 228 3649 1831 3728; baseline -0.002 -17"><span class='ocrx_word' id='word_1_228' title='bbox 228 3654 495 3728; x_wconf 76' lang='grc' dir='ltr'>λυπηρὸν</span> <span class='ocrx_word' id='word_1_229' title='bbox 527 3653 751 3727; x_wconf 70' lang='grc' dir='ltr'>ἔμελλεν</span> <span class='ocrx_word' id='word_1_230' title='bbox 779 3654 929 3727; x_wconf 79' lang='grc' dir='ltr'>ἐρεῖν</span> <span class='ocrx_word' id='word_1_231' title='bbox 969 3653 1048 3727; x_wconf 81' lang='grc' dir='ltr'><strong>τῷ</strong></span> <span class='ocrx_word' id='word_1_232' title='bbox 1095 3653 1336 3726; x_wconf 77' lang='grc' dir='ltr'>μαθητῇ,</span> <span class='ocrx_word' id='word_1_233' title='bbox 1365 3652 1459 3709; x_wconf 87' lang='grc' dir='ltr'><strong>τδν</strong></span> <span class='ocrx_word' id='word_1_234' title='bbox 1489 3652 1685 3709; x_wconf 70' lang='grc' dir='ltr'>ἑαυτοῦ</span> <span class='ocrx_word' id='word_1_235' title='bbox 1724 3649 1831 3708; x_wconf 66' lang='lat' dir='ltr'><strong>0d-</strong></span> 
     </span>
    </p>
   </div>
   <div class='ocr_carea' id='block_1_34' title="bbox 229 3766 436 3805">
    <p class='ocr_par' dir='ltr' id='par_1_34' title="bbox 229 3766 436 3805">
     <span class='ocr_line' id='line_1_35' title="bbox 229 3766 436 3805; baseline -0.01 0"><span class='ocrx_word' id='word_1_236' title='bbox 229 3766 436 3805; x_wconf 85' lang='grc' dir='ltr'>νατον.</span> 
     </span>
    </p>
   </div>
   <div class='ocr_carea' id='block_1_35' title="bbox 325 3831 1836 3912">
    <p class='ocr_par' dir='ltr' id='par_1_35' title="bbox 325 3831 1836 3912">
     <span class='ocr_line' id='line_1_36' title="bbox 325 3831 1836 3912; baseline -0.003 -15"><span class='ocrx_word' id='word_1_237' title='bbox 325 3841 582 3912; x_wconf 87' lang='grc' dir='ltr'>Ἐκείνην</span> <span class='ocrx_word' id='word_1_238' title='bbox 626 3839 759 3911; x_wconf 74' lang='grc' dir='ltr'>φησὶ</span> <span class='ocrx_word' id='word_1_239' title='bbox 795 3839 893 3911; x_wconf 79' lang='grc' dir='ltr'>τὴν</span> <span class='ocrx_word' id='word_1_240' title='bbox 935 3838 1180 3910; x_wconf 79' lang='grc' dir='ltr'>Γραφήν,</span> <span class='ocrx_word' id='word_1_241' title='bbox 1237 3838 1366 3911; x_wconf 69' lang='grc' dir='ltr'>περὶ</span> <span class='ocrx_word' id='word_1_242' title='bbox 1412 3831 1480 3911; x_wconf 79' lang='grc' dir='ltr'>ἧς</span> <span class='ocrx_word' id='word_1_243' title='bbox 1528 3834 1705 3904; x_wconf 83' lang='grc' dir='ltr'>εἶπεν,</span> <span class='ocrx_word' id='word_1_244' title='bbox 1754 3838 1836 3892; x_wconf 81' lang='grc' dir='ltr'><strong>δτι</strong></span> 
     </span>
    </p>
   </div>
   <div class='ocr_carea' id='block_1_36' title="bbox 241 3927 1458 4003">
    <p class='ocr_par' dir='ltr' id='par_1_36' title="bbox 241 3927 1458 4003">
     <span class='ocr_line' id='line_1_37' title="bbox 241 3927 1458 4003; baseline -0.004 -12"><span class='ocrx_word' id='word_1_245' title='bbox 241 3933 410 3992; x_wconf 77' lang='grc' dir='ltr'><strong>Ἀπὸ</strong></span> <span class='ocrx_word' id='word_1_246' title='bbox 437 3934 706 4003; x_wconf 74' lang='grc' dir='ltr'>βρέφους</span> <span class='ocrx_word' id='word_1_247' title='bbox 740 3933 868 4002; x_wconf 80' lang='grc' dir='ltr'>ιερὰ</span> <span class='ocrx_word' id='word_1_248' title='bbox 896 3930 1220 4003; x_wconf 79' lang='grc' dir='ltr'>Γράμματα</span> <span class='ocrx_word' id='word_1_249' title='bbox 1255 3927 1458 3998; x_wconf 61' lang='lat' dir='ltr'><strong>cidae.</strong></span> 
     </span>
    </p>
   </div>
   <div class='ocr_carea' id='block_1_37' title="bbox 315 4024 1834 4098">
    <p class='ocr_par' dir='ltr' id='par_1_37' title="bbox 315 4024 1834 4098">
     <span class='ocr_line' id='line_1_38' title="bbox 315 4024 1834 4098; baseline -0.001 -18"><span class='ocrx_word' id='word_1_250' title='bbox 315 4046 340 4080; x_wconf 71' lang='grc' dir='ltr'><strong>ι</strong></span> <span class='ocrx_word' id='word_1_251' title='bbox 394 4029 612 4091; x_wconf 85' lang='grc' dir='ltr'>Ζῶντας</span> <span class='ocrx_word' id='word_1_252' title='bbox 647 4026 744 4081; x_wconf 79' lang='grc' dir='ltr'>καὶ</span> <span class='ocrx_word' id='word_1_253' title='bbox 776 4025 1028 4098; x_wconf 79' lang='grc' dir='ltr'>νεκροὺς,</span> <span class='ocrx_word' id='word_1_254' title='bbox 1059 4025 1202 4080; x_wconf 85' lang='grc' dir='ltr'>κατὰ</span> <span class='ocrx_word' id='word_1_255' title='bbox 1228 4025 1330 4098; x_wconf 80' lang='grc' dir='ltr'>τὴν</span> <span class='ocrx_word' id='word_1_256' title='bbox 1373 4024 1700 4096; x_wconf 76' lang='grc' dir='ltr'>ἐπιφάνειαν</span> <span class='ocrx_word' id='word_1_257' title='bbox 1733 4025 1834 4079; x_wconf 85' lang='grc' dir='ltr'>αύ-</span> 
     </span>
    </p>
   </div>
   <div class='ocr_carea' id='block_1_38' title="bbox 223 4112 1833 4188">
    <p class='ocr_par' dir='ltr' id='par_1_38' title="bbox 223 4112 1833 4188">
     <span class='ocr_line' id='line_1_39' title="bbox 223 4112 1833 4188; baseline -0.001 -16"><span class='ocrx_word' id='word_1_258' title='bbox 223 4118 365 4184; x_wconf 77' lang='grc' dir='ltr'>τοῦ,</span> <span class='ocrx_word' id='word_1_259' title='bbox 409 4117 502 4173; x_wconf 79' lang='grc' dir='ltr'>καὶ</span> <span class='ocrx_word' id='word_1_260' title='bbox 548 4115 651 4188; x_wconf 81' lang='grc' dir='ltr'>τὴν</span> <span class='ocrx_word' id='word_1_261' title='bbox 695 4114 977 4187; x_wconf 84' lang='grc' dir='ltr'>βασιλείαν</span> <span class='ocrx_word' id='word_1_262' title='bbox 1011 4113 1179 4170; x_wconf 82' lang='grc' dir='ltr'>αὑτοῦ</span> <span class='ocrx_word' id='word_1_263' title='bbox 1201 4131 1215 4146; x_wconf 91' lang='grc'><strong>·</strong></span> <span class='ocrx_word' id='word_1_264' title='bbox 1248 4114 1484 4188; x_wconf 80' lang='grc' dir='ltr'>κήρυξον</span> <span class='ocrx_word' id='word_1_265' title='bbox 1528 4114 1623 4170; x_wconf 82' lang='grc' dir='ltr'>τὸν</span> <span class='ocrx_word' id='word_1_266' title='bbox 1654 4112 1833 4186; x_wconf 83' lang='grc' dir='ltr'>λόγον,</span> 
     </span>
    </p>
   </div>
   <div class='ocr_carea' id='block_1_39' title="bbox 223 4206 576 4278">
    <p class='ocr_par' dir='ltr' id='par_1_39' title="bbox 223 4206 576 4278">
     <span class='ocr_line' id='line_1_40' title="bbox 223 4206 576 4278; baseline -0.008 -13"><span class='ocrx_word' id='word_1_267' title='bbox 223 4206 508 4278; x_wconf 67' lang='grc' dir='ltr'>ἐπίστηθι</span> <span class='ocrx_word' id='word_1_268' title='bbox 553 4226 576 4262; x_wconf 77' lang='grc' dir='ltr'><strong>ι</strong></span> 
     </span>
    </p>
   </div>
   <div class='ocr_carea' id='block_1_40' title="bbox 323 4295 1839 4371">
    <p class='ocr_par' dir='ltr' id='par_1_40' title="bbox 323 4295 1839 4371">
     <span class='ocr_line' id='line_1_41' title="bbox 323 4295 1839 4371; baseline -0.003 -15"><span class='ocrx_word' id='word_1_269' title='bbox 323 4298 729 4371; x_wconf 79' lang='grc' dir='ltr'>Ἀμαρτωλοὺς</span> <span class='ocrx_word' id='word_1_270' title='bbox 779 4299 873 4354; x_wconf 72' lang='grc' dir='ltr'>καὶ</span> <span class='ocrx_word' id='word_1_271' title='bbox 926 4295 1168 4361; x_wconf 84' lang='grc' dir='ltr'>δικαίους</span> <span class='ocrx_word' id='word_1_272' title='bbox 1212 4296 1396 4367; x_wconf 75' lang='grc' dir='ltr'><strong>λέγει⁹</strong></span> <span class='ocrx_word' id='word_1_273' title='bbox 1444 4297 1478 4369; x_wconf 78' lang='grc' dir='ltr'><strong>ἢ</strong></span> <span class='ocrx_word' id='word_1_274' title='bbox 1534 4298 1616 4351; x_wconf 81' lang='grc' dir='ltr'>ὅτι</span> <span class='ocrx_word' id='word_1_275' title='bbox 1650 4297 1839 4352; x_wconf 77' lang='grc' dir='ltr'>πολλοὶ</span> 
     </span>
    </p>
   </div>
   <div class='ocr_carea' id='block_1_41' title="bbox 226 4387 1040 4459">
    <p class='ocr_par' dir='ltr' id='par_1_41' title="bbox 226 4387 1040 4459">
     <span class='ocr_line' id='line_1_42' title="bbox 226 4387 1040 4459; baseline -0.005 -11"><span class='ocrx_word' id='word_1_276' title='bbox 226 4388 592 4459; x_wconf 77' lang='grc' dir='ltr'>καταλειφθή</span> <span class='ocrx_word' id='word_1_277' title='bbox 601 4405 785 4443; x_wconf 88' lang='grc' dir='ltr'>σονται</span> <span class='ocrx_word' id='word_1_278' title='bbox 817 4387 1040 4453; x_wconf 74' lang='grc' dir='ltr'>ζῶντες.</span> 
     </span>
    </p>
   </div>
   <div class='ocr_carea' id='block_1_42' title="bbox 1229 306 2374 400">
    <p class='ocr_par' dir='ltr' id='par_1_42' title="bbox 1229 306 2374 400">
     <span class='ocr_line' id='line_1_43' title="bbox 1229 306 2374 400; baseline 0.005 -8"><span class='ocrx_word' id='word_1_279' title='bbox 1229 329 1314 392; x_wconf 80' lang='lat' dir='ltr'><strong>IN</strong></span> <span class='ocrx_word' id='word_1_280' title='bbox 1353 330 1601 392; x_wconf 84' lang='lat' dir='ltr'><strong>EPIST.</strong></span> <span class='ocrx_word' id='word_1_281' title='bbox 1642 329 1744 391; x_wconf 79' lang='grc' dir='ltr'><strong>Αι)</strong></span> <span class='ocrx_word' id='word_1_282' title='bbox 1775 328 2245 396; x_wconf 84' lang='lat' dir='ltr'><strong>TIMOTHEUM</strong></span> <span class='ocrx_word' id='word_1_283' title='bbox 2284 306 2374 400; x_wconf 83' lang='lat' dir='ltr'><strong>II.</strong></span> 
     </span>
    </p>
   </div>
   <div class='ocr_carea' id='block_1_43' title="bbox 1838 443 3350 521">
    <p class='ocr_par' dir='ltr' id='par_1_43' title="bbox 1838 443 3350 521">
     <span class='ocr_line' id='line_1_44' title="bbox 1838 443 3350 521; baseline -0.009 -15"><span class='ocrx_word' id='word_1_284' title='bbox 1838 446 1890 506; x_wconf 73' lang='grc' dir='ltr'><strong>Δ</strong></span> <span class='ocrx_word' id='word_1_285' title='bbox 1984 447 2173 504; x_wconf 84' lang='lat' dir='ltr'><strong>innuit</strong></span> <span class='ocrx_word' id='word_1_286' title='bbox 2199 463 2265 506; x_wconf 88' lang='lat' dir='ltr'><strong>ea</strong></span> <span class='ocrx_word' id='word_1_287' title='bbox 2295 463 2420 521; x_wconf 82' lang='lat' dir='ltr'><strong>quae</strong></span> <span class='ocrx_word' id='word_1_288' title='bbox 2449 446 2667 505; x_wconf 56' lang='lat' dir='ltr'><strong>Thecla</strong></span> <span class='ocrx_word' id='word_1_289' title='bbox 2683 457 2852 502; x_wconf 90' lang='lat' dir='ltr'><strong>causa</strong></span> <span class='ocrx_word' id='word_1_290' title='bbox 2879 454 3185 516; x_wconf 77' lang='lat' dir='ltr'><strong>perpessus</strong></span> <span class='ocrx_word' id='word_1_291' title='bbox 3207 443 3350 495; x_wconf 80' lang='lat' dir='ltr'><strong>erat.</strong></span> 
     </span>
    </p>
   </div>
   <div class='ocr_carea' id='block_1_44' title="bbox 1856 3147 1904 3210">
    <p class='ocr_par' dir='ltr' id='par_1_44' title="bbox 1856 3147 1904 3210">
     <span class='ocr_line' id='line_1_45' title="bbox 1856 3147 1904 3210; baseline 0 0"><span class='ocrx_word' id='word_1_292' title='bbox 1856 3147 1904 3210; x_wconf 77' lang='grc' dir='ltr'><strong>α</strong></span> 
     </span>
    </p>
   </div>
   <div class='ocr_carea' id='block_1_45' title="bbox 3359 316 3501 404">
    <p class='ocr_par' dir='ltr' id='par_1_45' title="bbox 3359 316 3501 404">
     <span class='ocr_line' id='line_1_46' title="bbox 3359 316 3501 404; baseline 0 0"><span class='ocrx_word' id='word_1_293' title='bbox 3359 316 3501 404; x_wconf 70' lang='grc'><strong>1022</strong></span> 
     </span>
    </p>
   </div>
   <div class='ocr_carea' id='block_1_46' title="bbox 1993 524 3504 612">
    <p class='ocr_par' dir='ltr' id='par_1_46' title="bbox 1993 524 3504 612">
     <span class='ocr_line' id='line_1_47' title="bbox 1993 524 3504 612; baseline -0.007 -18"><span class='ocrx_word' id='word_1_294' title='bbox 1993 557 2012 593; x_wconf 74' lang='grc' dir='ltr'><strong>ι</strong></span> <span class='ocrx_word' id='word_1_295' title='bbox 2041 539 2107 596; x_wconf 84' lang='grc' dir='ltr'>Ει</span> <span class='ocrx_word' id='word_1_296' title='bbox 2127 557 2195 598; x_wconf 81' lang='lat' dir='ltr'><strong>ex</strong></span> <span class='ocrx_word' id='word_1_297' title='bbox 2221 541 2479 598; x_wconf 85' lang='lat' dir='ltr'><strong>omnibus</strong></span> <span class='ocrx_word' id='word_1_298' title='bbox 2509 540 2713 612; x_wconf 86' lang='lat' dir='ltr'><strong>eripuit</strong></span> <span class='ocrx_word' id='word_1_299' title='bbox 2733 553 2821 594; x_wconf 89' lang='lat' dir='ltr'><strong>me</strong></span> <span class='ocrx_word' id='word_1_300' title='bbox 2847 535 3136 592; x_wconf 83' lang='lat' dir='ltr'><strong>Dominus.</strong></span> <span class='ocrx_word' id='word_1_301' title='bbox 3166 530 3360 605; x_wconf 66' lang='grc' dir='ltr'><strong>[νεεδ.</strong></span> <span class='ocrx_word' id='word_1_302' title='bbox 3389 524 3504 601; x_wconf 65' lang='lat'><strong>12.]</strong></span> 
     </span>
    </p>
   </div>
   <div class='ocr_carea' id='block_1_47' title="bbox 1917 620 3504 707">
    <p class='ocr_par' dir='ltr' id='par_1_47' title="bbox 1917 620 3504 707">
     <span class='ocr_line' id='line_1_48' title="bbox 1917 620 3504 707; baseline -0.009 -17"><span class='ocrx_word' id='word_1_303' title='bbox 1917 634 1985 690; x_wconf 84' lang='lat' dir='ltr'><strong>Et</strong></span> <span class='ocrx_word' id='word_1_304' title='bbox 2009 650 2203 693; x_wconf 90' lang='lat' dir='ltr'><strong>omnes</strong></span> <span class='ocrx_word' id='word_1_305' title='bbox 2228 635 2326 706; x_wconf 87' lang='lat' dir='ltr'><strong>qui</strong></span> <span class='ocrx_word' id='word_1_306' title='bbox 2374 634 2465 707; x_wconf 89' lang='lat' dir='ltr'><strong>pie</strong></span> <span class='ocrx_word' id='word_1_307' title='bbox 2511 635 2723 690; x_wconf 81' lang='lat' dir='ltr'><strong>volunt</strong></span> <span class='ocrx_word' id='word_1_308' title='bbox 2761 631 2948 688; x_wconf 83' lang='lat' dir='ltr'><strong>vivere</strong></span> <span class='ocrx_word' id='word_1_309' title='bbox 2991 629 3048 685; x_wconf 90' lang='lat' dir='ltr'><strong>in</strong></span> <span class='ocrx_word' id='word_1_310' title='bbox 3076 626 3302 684; x_wconf 75' lang='lat' dir='ltr'><strong>Christo</strong></span> <span class='ocrx_word' id='word_1_311' title='bbox 3347 620 3504 688; x_wconf 82' lang='lat' dir='ltr'><strong>Jesu,</strong></span> 
     </span>
    </p>
   </div>
   <div class='ocr_carea' id='block_1_48' title="bbox 1918 725 3203 799">
    <p class='ocr_par' dir='ltr' id='par_1_48' title="bbox 1918 725 3203 799">
     <span class='ocr_line' id='line_1_49' title="bbox 1918 725 3203 799; baseline -0.003 -16"><span class='ocrx_word' id='word_1_312' title='bbox 1918 727 2368 799; x_wconf 71' lang='lat' dir='ltr'><strong>persecutionem</strong></span> <span class='ocrx_word' id='word_1_313' title='bbox 2400 725 2698 797; x_wconf 87' lang='lat' dir='ltr'><strong>patientur.</strong></span> <span class='ocrx_word' id='word_1_314' title='bbox 2745 742 2763 779; x_wconf 70' lang='grc' dir='ltr'><strong>ι</strong></span> <span class='ocrx_word' id='word_1_315' title='bbox 3200 725 3203 727; x_wconf 83' lang='grc'><em>’</em></span> 
     </span>
    </p>
   </div>
   <div class='ocr_carea' id='block_1_49' title="bbox 1990 808 3506 885">
    <p class='ocr_par' dir='ltr' id='par_1_49' title="bbox 1990 808 3506 885">
     <span class='ocr_line' id='line_1_50' title="bbox 1990 808 3506 885; baseline -0.011 -9"><span class='ocrx_word' id='word_1_316' title='bbox 1990 819 2199 876; x_wconf 85' lang='lat' dir='ltr'><strong>Horum</strong></span> <span class='ocrx_word' id='word_1_317' title='bbox 2261 820 2552 885; x_wconf 82' lang='lat' dir='ltr'><strong>meminit,</strong></span> <span class='ocrx_word' id='word_1_318' title='bbox 2604 828 2664 875; x_wconf 91' lang='lat' dir='ltr'><strong>ut</strong></span> <span class='ocrx_word' id='word_1_319' title='bbox 2722 817 3096 874; x_wconf 73' lang='lat' dir='ltr'><strong>recentiorum</strong></span> <span class='ocrx_word' id='word_1_320' title='bbox 3141 829 3160 879; x_wconf 85' lang='lat'><strong>;</strong></span> <span class='ocrx_word' id='word_1_321' title='bbox 3201 808 3310 866; x_wconf 89' lang='lat' dir='ltr'><strong>alia</strong></span> <span class='ocrx_word' id='word_1_322' title='bbox 3372 819 3506 865; x_wconf 84' lang='lat' dir='ltr'><strong>vero</strong></span> 
     </span>
    </p>
   </div>
   <div class='ocr_carea' id='block_1_50' title="bbox 1918 901 3404 987">
    <p class='ocr_par' dir='ltr' id='par_1_50' title="bbox 1918 901 3404 987">
     <span class='ocr_line' id='line_1_51' title="bbox 1918 901 3404 987; baseline -0.009 -16"><span class='ocrx_word' id='word_1_323' title='bbox 1918 913 2289 987; x_wconf 82' lang='lat' dir='ltr'><strong>praetermisit,</strong></span> <span class='ocrx_word' id='word_1_324' title='bbox 2320 922 2381 969; x_wconf 91' lang='lat' dir='ltr'><strong>ut</strong></span> <span class='ocrx_word' id='word_1_325' title='bbox 2402 928 2524 985; x_wconf 69' lang='lat' dir='ltr'><strong>qua:</strong></span> <span class='ocrx_word' id='word_1_326' title='bbox 2561 911 2852 967; x_wconf 77' lang='lat' dir='ltr'><strong>Timotheo</strong></span> <span class='ocrx_word' id='word_1_327' title='bbox 2887 901 3174 980; x_wconf 86' lang='lat' dir='ltr'><strong>comperta</strong></span> <span class='ocrx_word' id='word_1_328' title='bbox 3195 910 3404 962; x_wconf 78' lang='lat' dir='ltr'><strong>essent.</strong></span> 
     </span>
    </p>
   </div>
   <div class='ocr_carea' id='block_1_51' title="bbox 1994 992 3507 1064">
    <p class='ocr_par' dir='ltr' id='par_1_51' title="bbox 1994 992 3507 1064">
     <span class='ocr_line' id='line_1_52' title="bbox 1994 992 3507 1064; baseline -0.007 -3"><span class='ocrx_word' id='word_1_329' title='bbox 1994 1006 2158 1064; x_wconf 74' lang='lat' dir='ltr'><strong>Vsus.</strong></span> <span class='ocrx_word' id='word_1_330' title='bbox 2219 1005 2470 1062; x_wconf 63' lang='lat'><strong>45—15.:</strong></span> <span class='ocrx_word' id='word_1_331' title='bbox 2504 1004 2634 1061; x_wconf 82' lang='lat' dir='ltr'><strong>Mali</strong></span> <span class='ocrx_word' id='word_1_332' title='bbox 2690 1010 2871 1060; x_wconf 88' lang='lat' dir='ltr'><strong>autem</strong></span> <span class='ocrx_word' id='word_1_333' title='bbox 2918 999 3172 1058; x_wconf 82' lang='lat' dir='ltr'><strong>homines</strong></span> <span class='ocrx_word' id='word_1_334' title='bbox 3221 1003 3278 1053; x_wconf 89' lang='lat' dir='ltr'><strong>et</strong></span> <span class='ocrx_word' id='word_1_335' title='bbox 3341 992 3507 1051; x_wconf 78' lang='lat' dir='ltr'><strong>sedu-</strong></span> 
     </span>
    </p>
   </div>
   <div class='ocr_carea' id='block_1_52' title="bbox 1919 1091 3510 1172">
    <p class='ocr_par' dir='ltr' id='par_1_52' title="bbox 1919 1091 3510 1172">
     <span class='ocr_line' id='line_1_53' title="bbox 1919 1091 3510 1172; baseline -0.01 -14"><span class='ocrx_word' id='word_1_336' title='bbox 1919 1109 2102 1158; x_wconf 87' lang='lat' dir='ltr'><strong>ctorcs</strong></span> <span class='ocrx_word' id='word_1_337' title='bbox 2127 1100 2420 1172; x_wconf 76' lang='lat' dir='ltr'><strong>proﬁcient</strong></span> <span class='ocrx_word' id='word_1_338' title='bbox 2459 1100 2514 1155; x_wconf 88' lang='lat' dir='ltr'><strong>in</strong></span> <span class='ocrx_word' id='word_1_339' title='bbox 2557 1099 2751 1170; x_wconf 86' lang='lat' dir='ltr'><strong>pejus;</strong></span> <span class='ocrx_word' id='word_1_340' title='bbox 2781 1103 3030 1152; x_wconf 83' lang='lat' dir='ltr'><strong>errantes</strong></span> <span class='ocrx_word' id='word_1_341' title='bbox 3069 1099 3126 1149; x_wconf 90' lang='lat' dir='ltr'><strong>et</strong></span> <span class='ocrx_word' id='word_1_342' title='bbox 3158 1091 3216 1146; x_wconf 87' lang='lat' dir='ltr'><strong>in</strong></span> <span class='ocrx_word' id='word_1_343' title='bbox 3260 1100 3510 1147; x_wconf 84' lang='lat' dir='ltr'><strong>errorem</strong></span> 
     </span>
    </p>
   </div>
   <div class='ocr_carea' id='block_1_53' title="bbox 1919 1176 3507 1259">
    <p class='ocr_par' dir='ltr' id='par_1_53' title="bbox 1919 1176 3507 1259">
     <span class='ocr_line' id='line_1_54' title="bbox 1919 1176 3507 1259; baseline -0.01 -12"><span class='ocrx_word' id='word_1_344' title='bbox 1919 1191 2225 1247; x_wconf 83' lang='lat' dir='ltr'><strong>mittentes.</strong></span> <span class='ocrx_word' id='word_1_345' title='bbox 2260 1189 2343 1246; x_wconf 88' lang='lat' dir='ltr'><strong>Tu</strong></span> <span class='ocrx_word' id='word_1_346' title='bbox 2375 1203 2506 1246; x_wconf 89' lang='lat' dir='ltr'><strong>vero</strong></span> <span class='ocrx_word' id='word_1_347' title='bbox 2549 1200 2812 1259; x_wconf 88' lang='lat' dir='ltr'><strong>permane</strong></span> <span class='ocrx_word' id='word_1_348' title='bbox 2843 1186 2902 1241; x_wconf 89' lang='lat' dir='ltr'><strong>in</strong></span> <span class='ocrx_word' id='word_1_349' title='bbox 2935 1184 3007 1240; x_wconf 90' lang='lat' dir='ltr'><strong>iis</strong></span> <span class='ocrx_word' id='word_1_350' title='bbox 3046 1197 3170 1254; x_wconf 60' lang='lat' dir='ltr'><strong>qua</strong></span> <span class='ocrx_word' id='word_1_351' title='bbox 3233 1176 3507 1242; x_wconf 83' lang='lat' dir='ltr'><strong>didicisti,</strong></span> 
     </span>
    </p>
   </div>
   <div class='ocr_carea' id='block_1_54' title="bbox 1918 1269 3511 1350">
    <p class='ocr_par' dir='ltr' id='par_1_54' title="bbox 1918 1269 3511 1350">
     <span class='ocr_line' id='line_1_55' title="bbox 1918 1269 3511 1350; baseline -0.012 -9"><span class='ocrx_word' id='word_1_352' title='bbox 1918 1294 1976 1341; x_wconf 91' lang='lat' dir='ltr'><strong>et</strong></span> <span class='ocrx_word' id='word_1_353' title='bbox 2013 1291 2167 1343; x_wconf 89' lang='lat' dir='ltr'><strong>certa</strong></span> <span class='ocrx_word' id='word_1_354' title='bbox 2202 1282 2306 1338; x_wconf 84' lang='lat' dir='ltr'><strong>ﬁde</strong></span> <span class='ocrx_word' id='word_1_355' title='bbox 2328 1289 2483 1339; x_wconf 90' lang='lat' dir='ltr'><strong>tenes</strong></span> <span class='ocrx_word' id='word_1_356' title='bbox 2515 1297 2531 1349; x_wconf 91' lang='lat'><strong>;</strong></span> <span class='ocrx_word' id='word_1_357' title='bbox 2565 1279 2798 1336; x_wconf 85' lang='lat' dir='ltr'><strong>sciensa</strong></span> <span class='ocrx_word' id='word_1_358' title='bbox 2821 1292 2930 1350; x_wconf 91' lang='lat' dir='ltr'><strong>quo</strong></span> <span class='ocrx_word' id='word_1_359' title='bbox 2961 1273 3244 1332; x_wconf 76' lang='lat' dir='ltr'><strong>didiceris.</strong></span> <span class='ocrx_word' id='word_1_360' title='bbox 3283 1270 3352 1326; x_wconf 85' lang='lat' dir='ltr'><strong>Et</strong></span> <span class='ocrx_word' id='word_1_361' title='bbox 3380 1269 3511 1341; x_wconf 83' lang='lat' dir='ltr'><strong>quia</strong></span> 
     </span>
    </p>
   </div>
   <div class='ocr_carea' id='block_1_55' title="bbox 1919 1375 2322 1432">
    <p class='ocr_par' dir='ltr' id='par_1_55' title="bbox 1919 1375 2322 1432">
     <span class='ocr_line' id='line_1_56' title="bbox 1919 1375 2322 1432; baseline -0.012 0"><span class='ocrx_word' id='word_1_362' title='bbox 1919 1376 1989 1432; x_wconf 88' lang='lat' dir='ltr'><strong>ab</strong></span> <span class='ocrx_word' id='word_1_363' title='bbox 2013 1375 2272 1431; x_wconf 77' lang='lat' dir='ltr'><strong>infantia.</strong></span> <span class='ocrx_word' id='word_1_364' title='bbox 2303 1393 2322 1427; x_wconf 72' lang='grc' dir='ltr'><strong>ι</strong></span> 
     </span>
    </p>
   </div>
   <div class='ocr_carea' id='block_1_56' title="bbox 1995 1458 3513 1536">
    <p class='ocr_par' dir='ltr' id='par_1_56' title="bbox 1995 1458 3513 1536">
     <span class='ocr_line' id='line_1_57' title="bbox 1995 1458 3513 1536; baseline -0.007 -16"><span class='ocrx_word' id='word_1_365' title='bbox 1995 1465 2098 1522; x_wconf 87' lang='lat' dir='ltr'><strong>Hic</strong></span> <span class='ocrx_word' id='word_1_366' title='bbox 2163 1465 2502 1522; x_wconf 78' lang='lat' dir='ltr'><strong>afﬂictioues</strong></span> <span class='ocrx_word' id='word_1_367' title='bbox 2556 1465 2872 1536; x_wconf 76' lang='lat' dir='ltr'><strong>significat,</strong></span> <span class='ocrx_word' id='word_1_368' title='bbox 2907 1458 3342 1526; x_wconf 85' lang='lat' dir='ltr'><strong>et-acerbitates,</strong></span> <span class='ocrx_word' id='word_1_369' title='bbox 3389 1469 3513 1528; x_wconf 64' lang='lat' dir='ltr'><strong>qua:</strong></span> 
     </span>
    </p>
   </div>
   <div class='ocr_carea' id='block_1_57' title="bbox 1918 1556 3270 1628">
    <p class='ocr_par' dir='ltr' id='par_1_57' title="bbox 1918 1556 3270 1628">
     <span class='ocr_line' id='line_1_58' title="bbox 1918 1556 3270 1628; baseline -0.007 -16"><span class='ocrx_word' id='word_1_370' title='bbox 1918 1556 1974 1612; x_wconf 90' lang='lat' dir='ltr'><strong>in</strong></span> <span class='ocrx_word' id='word_1_371' title='bbox 2011 1564 2164 1612; x_wconf 86' lang='lat' dir='ltr'><strong>arcta</strong></span> <span class='ocrx_word' id='word_1_372' title='bbox 2185 1567 2534 1628; x_wconf 86' lang='lat' dir='ltr'><strong>angustaque</strong></span> <span class='ocrx_word' id='word_1_373' title='bbox 2555 1556 2775 1612; x_wconf 84' lang='lat' dir='ltr'><strong>virtutis</strong></span> <span class='ocrx_word' id='word_1_374' title='bbox 2808 1557 2896 1610; x_wconf 83' lang='lat' dir='ltr'><strong>via</strong></span> <span class='ocrx_word' id='word_1_375' title='bbox 2943 1556 3270 1608; x_wconf 84' lang='lat' dir='ltr'><strong>occurrunt.</strong></span> 
     </span>
    </p>
   </div>
   <div class='ocr_carea' id='block_1_58' title="bbox 1995 1641 3514 1718">
    <p class='ocr_par' dir='ltr' id='par_1_58' title="bbox 1995 1641 3514 1718">
     <span class='ocr_line' id='line_1_59' title="bbox 1995 1641 3514 1718; baseline -0.003 -19"><span class='ocrx_word' id='word_1_376' title='bbox 1995 1667 2013 1699; x_wconf 73' lang='grc' dir='ltr'><strong>ι</strong></span> <span class='ocrx_word' id='word_1_377' title='bbox 2051 1646 2253 1705; x_wconf 86' lang='lat' dir='ltr'><strong>Sacras</strong></span> <span class='ocrx_word' id='word_1_378' title='bbox 2288 1648 2500 1706; x_wconf 71' lang='lat' dir='ltr'><strong>litteras</strong></span> <span class='ocrx_word' id='word_1_379' title='bbox 2530 1647 2700 1714; x_wconf 84' lang='lat' dir='ltr'><strong>nosti,</strong></span> <span class='ocrx_word' id='word_1_380' title='bbox 2733 1662 2854 1718; x_wconf 68' lang='lat' dir='ltr'><strong>quae</strong></span> <span class='ocrx_word' id='word_1_381' title='bbox 2871 1655 2927 1702; x_wconf 91' lang='lat' dir='ltr'><strong>te</strong></span> <span class='ocrx_word' id='word_1_382' title='bbox 2955 1649 3191 1716; x_wconf 88' lang='lat' dir='ltr'><strong>possunt</strong></span> <span class='ocrx_word' id='word_1_383' title='bbox 3235 1641 3514 1697; x_wconf 85' lang='lat' dir='ltr'><strong>instruere</strong></span> 
     </span>
    </p>
   </div>
   <div class='ocr_carea' id='block_1_59' title="bbox 1921 1730 3505 1812">
    <p class='ocr_par' dir='ltr' id='par_1_59' title="bbox 1921 1730 3505 1812">
     <span class='ocr_line' id='line_1_60' title="bbox 1921 1730 3505 1812; baseline -0.005 -20"><span class='ocrx_word' id='word_1_384' title='bbox 1921 1737 1992 1795; x_wconf 87' lang='lat' dir='ltr'><strong>ad</strong></span> <span class='ocrx_word' id='word_1_385' title='bbox 2015 1738 2273 1807; x_wconf 84' lang='lat' dir='ltr'><strong>salutem,</strong></span> <span class='ocrx_word' id='word_1_386' title='bbox 2303 1755 2401 1812; x_wconf 86' lang='lat' dir='ltr'><strong>per</strong></span> <span class='ocrx_word' id='word_1_387' title='bbox 2436 1739 2598 1797; x_wconf 79' lang='lat' dir='ltr'><strong>tidem</strong></span> <span class='ocrx_word' id='word_1_388' title='bbox 2639 1755 2764 1812; x_wconf 67' lang='lat' dir='ltr'><strong>quae</strong></span> <span class='ocrx_word' id='word_1_389' title='bbox 2794 1745 2882 1796; x_wconf 89' lang='lat' dir='ltr'><strong>est</strong></span> <span class='ocrx_word' id='word_1_390' title='bbox 2911 1737 2968 1793; x_wconf 90' lang='lat' dir='ltr'><strong>in</strong></span> <span class='ocrx_word' id='word_1_391' title='bbox 3026 1734 3251 1792; x_wconf 80' lang='lat' dir='ltr'><strong>Christo</strong></span> <span class='ocrx_word' id='word_1_392' title='bbox 3297 1730 3456 1788; x_wconf 66' lang='lat' dir='ltr'><strong>Iesu.</strong></span> <span class='ocrx_word' id='word_1_393' title='bbox 3487 1749 3505 1782; x_wconf 69' lang='grc' dir='ltr'><strong>ι</strong></span> 
     </span>
    </p>
   </div>
   <div class='ocr_carea' id='block_1_60' title="bbox 2010 1910 3510 1991">
    <p class='ocr_par' dir='ltr' id='par_1_60' title="bbox 2010 1910 3510 1991">
     <span class='ocr_line' id='line_1_61' title="bbox 2010 1910 3510 1991; baseline -0.007 -17"><span class='ocrx_word' id='word_1_394' title='bbox 2010 1918 2210 1991; x_wconf 77' lang='lat' dir='ltr'><strong>Legem</strong></span> <span class='ocrx_word' id='word_1_395' title='bbox 2243 1919 2320 1974; x_wconf 87' lang='lat' dir='ltr'><strong>ait</strong></span> <span class='ocrx_word' id='word_1_396' title='bbox 2367 1929 2422 1976; x_wconf 91' lang='lat' dir='ltr'><strong>et</strong></span> <span class='ocrx_word' id='word_1_397' title='bbox 2476 1919 2797 1991; x_wconf 84' lang='lat' dir='ltr'><strong>prophetas,</strong></span> <span class='ocrx_word' id='word_1_398' title='bbox 2846 1931 2968 1988; x_wconf 67' lang='lat' dir='ltr'><strong>quae</strong></span> <span class='ocrx_word' id='word_1_399' title='bbox 3016 1915 3264 1971; x_wconf 82' lang='lat' dir='ltr'><strong>valerent</strong></span> <span class='ocrx_word' id='word_1_400' title='bbox 3285 1927 3411 1968; x_wconf 89' lang='lat' dir='ltr'><strong>eum</strong></span> <span class='ocrx_word' id='word_1_401' title='bbox 3445 1910 3510 1964; x_wconf 84' lang='lat' dir='ltr'><strong>ad</strong></span> 
     </span>
    </p>
   </div>
   <div class='ocr_carea' id='block_1_61' title="bbox 1937 2001 3513 2080">
    <p class='ocr_par' dir='ltr' id='par_1_61' title="bbox 1937 2001 3513 2080">
     <span class='ocr_line' id='line_1_62' title="bbox 1937 2001 3513 2080; baseline -0.008 -14"><span class='ocrx_word' id='word_1_402' title='bbox 1937 2010 2287 2080; x_wconf 83' lang='lat' dir='ltr'><strong>sapientiam,</strong></span> <span class='ocrx_word' id='word_1_403' title='bbox 2328 2009 2384 2065; x_wconf 91' lang='lat' dir='ltr'><strong>id</strong></span> <span class='ocrx_word' id='word_1_404' title='bbox 2411 2016 2498 2066; x_wconf 85' lang='lat' dir='ltr'><strong>est</strong></span> <span class='ocrx_word' id='word_1_405' title='bbox 2554 2009 2623 2065; x_wconf 87' lang='lat' dir='ltr'><strong>ad</strong></span> <span class='ocrx_word' id='word_1_406' title='bbox 2668 2009 2968 2068; x_wconf 83' lang='lat' dir='ltr'><strong>Christum</strong></span> <span class='ocrx_word' id='word_1_407' title='bbox 3015 2001 3419 2079; x_wconf 88' lang='lat' dir='ltr'><strong>provehere.ln</strong></span> <span class='ocrx_word' id='word_1_408' title='bbox 3447 2016 3513 2055; x_wconf 79' lang='lat' dir='ltr'><strong>eo</strong></span> 
     </span>
    </p>
   </div>
   <div class='ocr_carea' id='block_1_62' title="bbox 1936 2093 3512 2179">
    <p class='ocr_par' dir='ltr' id='par_1_62' title="bbox 1936 2093 3512 2179">
     <span class='ocr_line' id='line_1_63' title="bbox 1936 2093 3512 2179; baseline -0.01 -15"><span class='ocrx_word' id='word_1_409' title='bbox 1936 2102 2108 2179; x_wconf 12' lang='lat' dir='ltr'><strong>269V</strong></span> <span class='ocrx_word' id='word_1_410' title='bbox 2131 2102 2403 2174; x_wconf 84' lang='lat' dir='ltr'><strong>siquidem</strong></span> <span class='ocrx_word' id='word_1_411' title='bbox 2438 2101 2662 2174; x_wconf 88' lang='lat' dir='ltr'><strong>impleta</strong></span> <span class='ocrx_word' id='word_1_412' title='bbox 2688 2109 2773 2158; x_wconf 90' lang='lat' dir='ltr'><strong>est</strong></span> <span class='ocrx_word' id='word_1_413' title='bbox 2820 2101 2906 2158; x_wconf 81' lang='lat' dir='ltr'><strong>lex</strong></span> <span class='ocrx_word' id='word_1_414' title='bbox 2941 2115 3006 2156; x_wconf 91' lang='lat' dir='ltr'><strong>ac</strong></span> <span class='ocrx_word' id='word_1_415' title='bbox 3025 2098 3328 2172; x_wconf 67' lang='lat' dir='ltr'><strong>praphetaa.</strong></span> <span class='ocrx_word' id='word_1_416' title='bbox 3355 2093 3512 2162; x_wconf 87' lang='lat' dir='ltr'><strong>Quod</strong></span> 
     </span>
    </p>
   </div>
   <div class='ocr_carea' id='block_1_63' title="bbox 1929 2192 3517 2272">
    <p class='ocr_par' dir='ltr' id='par_1_63' title="bbox 1929 2192 3517 2272">
     <span class='ocr_line' id='line_1_64' title="bbox 1929 2192 3517 2272; baseline -0.006 -20"><span class='ocrx_word' id='word_1_417' title='bbox 1929 2203 2118 2252; x_wconf 81' lang='lat' dir='ltr'><strong>autem</strong></span> <span class='ocrx_word' id='word_1_418' title='bbox 2154 2195 2496 2272; x_wconf 78' lang='lat' dir='ltr'><strong>scripturam</strong></span> <span class='ocrx_word' id='word_1_419' title='bbox 2519 2202 2729 2259; x_wconf 83' lang='lat' dir='ltr'><strong>nosset,</strong></span> <span class='ocrx_word' id='word_1_420' title='bbox 2761 2192 3172 2250; x_wconf 79' lang='lat' dir='ltr'><strong>manifestatum</strong></span> <span class='ocrx_word' id='word_1_421' title='bbox 3215 2197 3321 2256; x_wconf 90' lang='lat' dir='ltr'><strong>est,</strong></span> <span class='ocrx_word' id='word_1_422' title='bbox 3345 2203 3517 2260; x_wconf 86' lang='lat' dir='ltr'><strong>quan—</strong></span> 
     </span>
    </p>
   </div>
   <div class='ocr_carea' id='block_1_64' title="bbox 1933 2281 3514 2363">
    <p class='ocr_par' dir='ltr' id='par_1_64' title="bbox 1933 2281 3514 2363">
     <span class='ocr_line' id='line_1_65' title="bbox 1933 2281 3514 2363; baseline -0.007 -19"><span class='ocrx_word' id='word_1_423' title='bbox 1933 2287 2228 2363; x_wconf 86' lang='lat' dir='ltr'><strong>doquidem</strong></span> <span class='ocrx_word' id='word_1_424' title='bbox 2270 2288 2389 2359; x_wconf 89' lang='lat' dir='ltr'><strong>ipse</strong></span> <span class='ocrx_word' id='word_1_425' title='bbox 2419 2281 2600 2342; x_wconf 87' lang='lat' dir='ltr'><strong>Lucas</strong></span> <span class='ocrx_word' id='word_1_426' title='bbox 2629 2285 2826 2353; x_wconf 84' lang='lat' dir='ltr'><strong>scribit</strong></span> <span class='ocrx_word' id='word_1_427' title='bbox 2847 2283 2994 2356; x_wconf 89' lang='lat' dir='ltr'><strong>quod</strong></span> <span class='ocrx_word' id='word_1_428' title='bbox 3026 2298 3092 2340; x_wconf 83' lang='lat' dir='ltr'><strong>ex</strong></span> <span class='ocrx_word' id='word_1_429' title='bbox 3125 2281 3310 2338; x_wconf 68' lang='lat' dir='ltr'><strong>Judaea</strong></span> <span class='ocrx_word' id='word_1_430' title='bbox 3339 2288 3514 2336; x_wconf 87' lang='lat' dir='ltr'><strong>matre</strong></span> 
     </span>
    </p>
   </div>
   <div class='ocr_carea' id='block_1_65' title="bbox 1932 2373 3515 2454">
    <p class='ocr_par' dir='ltr' id='par_1_65' title="bbox 1932 2373 3515 2454">
     <span class='ocr_line' id='line_1_66' title="bbox 1932 2373 3515 2454; baseline -0.008 -15"><span class='ocrx_word' id='word_1_431' title='bbox 1932 2390 2090 2440; x_wconf 88' lang='lat' dir='ltr'><strong>ortus</strong></span> <span class='ocrx_word' id='word_1_432' title='bbox 2141 2390 2313 2450; x_wconf 86' lang='lat' dir='ltr'><strong>esset,</strong></span> <span class='ocrx_word' id='word_1_433' title='bbox 2352 2383 2406 2438; x_wconf 93' lang='lat' dir='ltr'><strong>id</strong></span> <span class='ocrx_word' id='word_1_434' title='bbox 2436 2387 2523 2438; x_wconf 86' lang='lat' dir='ltr'><strong>est</strong></span> <span class='ocrx_word' id='word_1_435' title='bbox 2552 2395 2676 2454; x_wconf 65' lang='lat' dir='ltr'><strong>qua:</strong></span> <span class='ocrx_word' id='word_1_436' title='bbox 2716 2394 2780 2436; x_wconf 82' lang='lat' dir='ltr'><strong>ex</strong></span> <span class='ocrx_word' id='word_1_437' title='bbox 2816 2378 3007 2435; x_wconf 71' lang='lat' dir='ltr'><strong>Judaao</strong></span> <span class='ocrx_word' id='word_1_438' title='bbox 3033 2390 3232 2450; x_wconf 90' lang='lat' dir='ltr'><strong>genere</strong></span> <span class='ocrx_word' id='word_1_439' title='bbox 3261 2373 3319 2430; x_wconf 90' lang='lat' dir='ltr'><strong>in</strong></span> <span class='ocrx_word' id='word_1_440' title='bbox 3351 2373 3515 2430; x_wconf 79' lang='lat' dir='ltr'><strong>Chri-</strong></span> 
     </span>
    </p>
   </div>
   <div class='ocr_carea' id='block_1_66' title="bbox 1929 2475 2941 2552">
    <p class='ocr_par' dir='ltr' id='par_1_66' title="bbox 1929 2475 2941 2552">
     <span class='ocr_line' id='line_1_67' title="bbox 1929 2475 2941 2552; baseline -0.001 -22"><span class='ocrx_word' id='word_1_441' title='bbox 1929 2482 2078 2552; x_wconf 79' lang='lat' dir='ltr'><strong>stum</strong></span> <span class='ocrx_word' id='word_1_442' title='bbox 2116 2475 2445 2532; x_wconf 82' lang='lat' dir='ltr'><strong>crediderat.</strong></span> <span class='ocrx_word' id='word_1_443' title='bbox 2937 2539 2941 2544; x_wconf 93' lang='lat'><em>_</em></span> 
     </span>
    </p>
   </div>
   <div class='ocr_carea' id='block_1_67' title="bbox 2003 2553 3519 2634">
    <p class='ocr_par' dir='ltr' id='par_1_67' title="bbox 2003 2553 3519 2634">
     <span class='ocr_line' id='line_1_68' title="bbox 2003 2553 3519 2634; baseline -0.007 -14"><span class='ocrx_word' id='word_1_444' title='bbox 2003 2563 2177 2622; x_wconf 72' lang='lat' dir='ltr'><strong>Vnus.</strong></span> <span class='ocrx_word' id='word_1_445' title='bbox 2209 2565 2300 2632; x_wconf 72' lang='lat'><strong>{6,</strong></span> <span class='ocrx_word' id='word_1_446' title='bbox 2330 2565 2421 2621; x_wconf 77' lang='grc' dir='ltr'><strong>ΓΙ.</strong></span> <span class='ocrx_word' id='word_1_447' title='bbox 2456 2582 2478 2617; x_wconf 74' lang='grc' dir='ltr'><strong>ι</strong></span> <span class='ocrx_word' id='word_1_448' title='bbox 2509 2562 2708 2620; x_wconf 89' lang='lat' dir='ltr'><strong>Omnis</strong></span> <span class='ocrx_word' id='word_1_449' title='bbox 2734 2564 3024 2634; x_wconf 83' lang='lat' dir='ltr'><strong>Scriptura</strong></span> <span class='ocrx_word' id='word_1_450' title='bbox 3063 2556 3333 2615; x_wconf 82' lang='lat' dir='ltr'><strong>divinitus</strong></span> <span class='ocrx_word' id='word_1_451' title='bbox 3349 2553 3519 2625; x_wconf 83' lang='lat' dir='ltr'><strong>inspi-</strong></span> 
     </span>
    </p>
   </div>
   <div class='ocr_carea' id='block_1_68' title="bbox 1928 2647 3516 2736">
    <p class='ocr_par' dir='ltr' id='par_1_68' title="bbox 1928 2647 3516 2736">
     <span class='ocr_line' id='line_1_69' title="bbox 1928 2647 3516 2736; baseline -0.008 -20"><span class='ocrx_word' id='word_1_452' title='bbox 1928 2667 2077 2736; x_wconf 80' lang='lat' dir='ltr'><strong>rata,</strong></span> <span class='ocrx_word' id='word_1_453' title='bbox 2119 2658 2274 2714; x_wconf 80' lang='lat' dir='ltr'><strong>utilis</strong></span> <span class='ocrx_word' id='word_1_454' title='bbox 2312 2665 2398 2715; x_wconf 89' lang='lat' dir='ltr'><strong>est</strong></span> <span class='ocrx_word' id='word_1_455' title='bbox 2438 2657 2508 2714; x_wconf 86' lang='lat' dir='ltr'><strong>ad</strong></span> <span class='ocrx_word' id='word_1_456' title='bbox 2553 2655 2889 2722; x_wconf 86' lang='lat' dir='ltr'><strong>docendum,</strong></span> <span class='ocrx_word' id='word_1_457' title='bbox 2934 2653 3003 2709; x_wconf 89' lang='lat' dir='ltr'><strong>ad</strong></span> <span class='ocrx_word' id='word_1_458' title='bbox 3034 2647 3516 2723; x_wconf 80' lang='lat' dir='ltr'><strong>arguendum,&#39;ad</strong></span> 
     </span>
    </p>
   </div>
   <div class='ocr_carea' id='block_1_69' title="bbox 1928 2744 3518 2823">
    <p class='ocr_par' dir='ltr' id='par_1_69' title="bbox 1928 2744 3518 2823">
     <span class='ocr_line' id='line_1_70' title="bbox 1928 2744 3518 2823; baseline -0.009 -13"><span class='ocrx_word' id='word_1_459' title='bbox 1928 2752 2374 2823; x_wconf 89' lang='lat' dir='ltr'><strong>corripiendum,</strong></span> <span class='ocrx_word' id='word_1_460' title='bbox 2404 2751 2472 2805; x_wconf 87' lang='lat' dir='ltr'><strong>ad</strong></span> <span class='ocrx_word' id='word_1_461' title='bbox 2503 2749 2871 2807; x_wconf 89' lang='lat' dir='ltr'><strong>erudiendum</strong></span> <span class='ocrx_word' id='word_1_462' title='bbox 2914 2747 2972 2802; x_wconf 87' lang='lat' dir='ltr'><strong>in</strong></span> <span class='ocrx_word' id='word_1_463' title='bbox 2999 2744 3219 2815; x_wconf 77' lang='lat' dir='ltr'><strong>iustitia</strong></span> <span class='ocrx_word' id='word_1_464' title='bbox 3252 2761 3266 2799; x_wconf 86' lang='lat'><strong>:</strong></span> <span class='ocrx_word' id='word_1_465' title='bbox 3301 2750 3361 2798; x_wconf 92' lang='lat' dir='ltr'><strong>ut</strong></span> <span class='ocrx_word' id='word_1_466' title='bbox 3392 2753 3518 2813; x_wconf 89' lang='lat' dir='ltr'><strong>per-</strong></span> 
     </span>
    </p>
   </div>
   <div class='ocr_carea' id='block_1_70' title="bbox 1929 2835 3520 2911">
    <p class='ocr_par' dir='ltr' id='par_1_70' title="bbox 1929 2835 3520 2911">
     <span class='ocr_line' id='line_1_71' title="bbox 1929 2835 3520 2911; baseline -0.006 -11"><span class='ocrx_word' id='word_1_467' title='bbox 1929 2843 2108 2901; x_wconf 80' lang='lat' dir='ltr'><strong>fectus</strong></span> <span class='ocrx_word' id='word_1_468' title='bbox 2145 2845 2217 2900; x_wconf 87' lang='lat' dir='ltr'><strong>sit</strong></span> <span class='ocrx_word' id='word_1_469' title='bbox 2249 2844 2414 2902; x_wconf 90' lang='lat' dir='ltr'><strong>homo</strong></span> <span class='ocrx_word' id='word_1_470' title='bbox 2441 2843 2537 2900; x_wconf 86' lang='lat' dir='ltr'><strong>Dei</strong></span> <span class='ocrx_word' id='word_1_471' title='bbox 2569 2837 2638 2899; x_wconf 92' lang='lat' dir='ltr'><strong>ad</strong></span> <span class='ocrx_word' id='word_1_472' title='bbox 2687 2856 2850 2899; x_wconf 86' lang='lat' dir='ltr'><strong>omne</strong></span> <span class='ocrx_word' id='word_1_473' title='bbox 2903 2854 3044 2911; x_wconf 88' lang='lat' dir='ltr'><strong>opus</strong></span> <span class='ocrx_word' id='word_1_474' title='bbox 3071 2837 3275 2896; x_wconf 88' lang='lat' dir='ltr'><strong>bonum</strong></span> <span class='ocrx_word' id='word_1_475' title='bbox 3310 2835 3520 2892; x_wconf 86' lang='lat' dir='ltr'><strong>instru-</strong></span> 
     </span>
    </p>
   </div>
   <div class='ocr_carea' id='block_1_71' title="bbox 1930 2942 2132 2992">
    <p class='ocr_par' dir='ltr' id='par_1_71' title="bbox 1930 2942 2132 2992">
     <span class='ocr_line' id='line_1_72' title="bbox 1930 2942 2132 2992; baseline -0.025 0"><span class='ocrx_word' id='word_1_476' title='bbox 1930 2942 2082 2992; x_wconf 86' lang='lat' dir='ltr'><strong>ctus.</strong></span> <span class='ocrx_word' id='word_1_477' title='bbox 2114 2952 2132 2987; x_wconf 76' lang='grc' dir='ltr'><strong>ι</strong></span> 
     </span>
    </p>
   </div>
   <div class='ocr_carea' id='block_1_72' title="bbox 2575 3067 2878 3126">
    <p class='ocr_par' dir='ltr' id='par_1_72' title="bbox 2575 3067 2878 3126">
     <span class='ocr_line' id='line_1_73' title="bbox 2575 3067 2878 3126; baseline -0.007 0"><span class='ocrx_word' id='word_1_478' title='bbox 2575 3068 2732 3126; x_wconf 79' lang='lat' dir='ltr'><strong>CAP.</strong></span> <span class='ocrx_word' id='word_1_479' title='bbox 2788 3067 2878 3124; x_wconf 82' lang='lat' dir='ltr'><strong>IV.</strong></span> 
     </span>
    </p>
   </div>
   <div class='ocr_carea' id='block_1_73' title="bbox 2009 3199 3523 3276">
    <p class='ocr_par' dir='ltr' id='par_1_73' title="bbox 2009 3199 3523 3276">
     <span class='ocr_line' id='line_1_74' title="bbox 2009 3199 3523 3276; baseline -0.001 -19"><span class='ocrx_word' id='word_1_480' title='bbox 2009 3203 2176 3264; x_wconf 71' lang='lat' dir='ltr'><strong>Vens.</strong></span> <span class='ocrx_word' id='word_1_481' title='bbox 2214 3203 2270 3261; x_wconf 80' lang='grc'><strong>1.</strong></span> <span class='ocrx_word' id='word_1_482' title='bbox 2337 3221 2355 3256; x_wconf 78' lang='grc' dir='ltr'><strong>ι</strong></span> <span class='ocrx_word' id='word_1_483' title='bbox 2396 3203 2690 3276; x_wconf 83' lang='lat' dir='ltr'><strong>Testillcor</strong></span> <span class='ocrx_word' id='word_1_484' title='bbox 2731 3203 2901 3276; x_wconf 77' lang='lat' dir='ltr'><strong>igitur</strong></span> <span class='ocrx_word' id='word_1_485' title='bbox 2950 3216 3054 3276; x_wconf 88' lang='lat' dir='ltr'><strong>ego</strong></span> <span class='ocrx_word' id='word_1_486' title='bbox 3104 3216 3290 3258; x_wconf 87' lang='lat' dir='ltr'><strong>coram</strong></span> <span class='ocrx_word' id='word_1_487' title='bbox 3321 3199 3443 3257; x_wconf 85' lang='lat' dir='ltr'><strong>Deo</strong></span> <span class='ocrx_word' id='word_1_488' title='bbox 3463 3204 3523 3255; x_wconf 88' lang='lat' dir='ltr'><strong>et</strong></span> 
     </span>
    </p>
   </div>
   <div class='ocr_carea' id='block_1_74' title="bbox 1928 3292 3280 3369">
    <p class='ocr_par' dir='ltr' id='par_1_74' title="bbox 1928 3292 3280 3369">
     <span class='ocr_line' id='line_1_75' title="bbox 1928 3292 3280 3369; baseline -0.004 -20"><span class='ocrx_word' id='word_1_489' title='bbox 1928 3293 2163 3352; x_wconf 89' lang='lat' dir='ltr'><strong>Domino</strong></span> <span class='ocrx_word' id='word_1_490' title='bbox 2187 3292 2317 3352; x_wconf 82' lang='lat' dir='ltr'><strong>Jesu</strong></span> <span class='ocrx_word' id='word_1_491' title='bbox 2346 3293 2588 3358; x_wconf 90' lang='lat' dir='ltr'><strong>Christo,</strong></span> <span class='ocrx_word' id='word_1_492' title='bbox 2623 3293 2719 3368; x_wconf 86' lang='lat' dir='ltr'><strong>qui</strong></span> <span class='ocrx_word' id='word_1_493' title='bbox 2743 3293 3098 3365; x_wconf 72' lang='lat' dir='ltr'><strong>iudicaturus</strong></span> <span class='ocrx_word' id='word_1_494' title='bbox 3133 3295 3240 3369; x_wconf 85' lang='lat' dir='ltr'><strong>est.</strong></span> <span class='ocrx_word' id='word_1_495' title='bbox 3261 3309 3280 3343; x_wconf 79' lang='grc' dir='ltr'><strong>ι</strong></span> 
     </span>
    </p>
   </div>
   <div class='ocr_carea' id='block_1_75' title="bbox 1999 3372 3524 3464">
    <p class='ocr_par' dir='ltr' id='par_1_75' title="bbox 1999 3372 3524 3464">
     <span class='ocr_line' id='line_1_76' title="bbox 1999 3372 3524 3464; baseline -0.007 -22"><span class='ocrx_word' id='word_1_496' title='bbox 1999 3375 2300 3459; x_wconf 76' lang='lat' dir='ltr'><strong>Postquam</strong></span> <span class='ocrx_word' id='word_1_497' title='bbox 2329 3402 2396 3443; x_wconf 79' lang='lat' dir='ltr'><strong>ex</strong></span> <span class='ocrx_word' id='word_1_498' title='bbox 2426 3372 2577 3440; x_wconf 80' lang='lat' dir='ltr'><strong>omni</strong></span> <span class='ocrx_word' id='word_1_499' title='bbox 2603 3384 2783 3455; x_wconf 85' lang='lat' dir='ltr'><strong>capite</strong></span> <span class='ocrx_word' id='word_1_500' title='bbox 2815 3398 2950 3464; x_wconf 21' lang='lat' dir='ltr'><strong>eum.</strong></span> <span class='ocrx_word' id='word_1_501' title='bbox 2984 3391 3070 3439; x_wconf 90' lang='lat' dir='ltr'><strong>est</strong></span> <span class='ocrx_word' id='word_1_502' title='bbox 3111 3381 3440 3437; x_wconf 84' lang='lat' dir='ltr'><strong>cohortatus</strong></span> <span class='ocrx_word' id='word_1_503' title='bbox 3467 3385 3524 3439; x_wconf 86' lang='lat' dir='ltr'><strong>et</strong></span> 
     </span>
    </p>
   </div>
   <div class='ocr_carea' id='block_1_76' title="bbox 1933 3472 3524 3553">
    <p class='ocr_par' dir='ltr' id='par_1_76' title="bbox 1933 3472 3524 3553">
     <span class='ocr_line' id='line_1_77' title="bbox 1933 3472 3524 3553; baseline -0.008 -15"><span class='ocrx_word' id='word_1_504' title='bbox 1933 3480 2280 3548; x_wconf 83' lang='lat' dir='ltr'><strong>consolatus,</strong></span> <span class='ocrx_word' id='word_1_505' title='bbox 2324 3479 2478 3535; x_wconf 87' lang='lat' dir='ltr'><strong>addit</strong></span> <span class='ocrx_word' id='word_1_506' title='bbox 2535 3472 2758 3533; x_wconf 83' lang='lat' dir='ltr'><strong>tandem</strong></span> <span class='ocrx_word' id='word_1_507' title='bbox 2801 3476 3108 3553; x_wconf 80' lang='lat' dir='ltr'><strong>perfecti-us</strong></span> <span class='ocrx_word' id='word_1_508' title='bbox 3140 3480 3524 3546; x_wconf 80' lang='lat' dir='ltr'><strong>argumentum</strong></span> 
     </span>
    </p>
   </div>
   <div class='ocr_carea' id='block_1_77' title="bbox 1932 3565 3523 3645">
    <p class='ocr_par' dir='ltr' id='par_1_77' title="bbox 1932 3565 3523 3645">
     <span class='ocr_line' id='line_1_78' title="bbox 1932 3565 3523 3645; baseline -0.008 -13"><span class='ocrx_word' id='word_1_509' title='bbox 1932 3589 2000 3632; x_wconf 78' lang='lat' dir='ltr'><strong>ex</strong></span> <span class='ocrx_word' id='word_1_510' title='bbox 2037 3571 2367 3644; x_wconf 89' lang='lat' dir='ltr'><strong>Scripturis.</strong></span> <span class='ocrx_word' id='word_1_511' title='bbox 2419 3572 2488 3627; x_wconf 88' lang='lat' dir='ltr'><strong>Et</strong></span> <span class='ocrx_word' id='word_1_512' title='bbox 2519 3571 2778 3626; x_wconf 88' lang='lat' dir='ltr'><strong>consulto</strong></span> <span class='ocrx_word' id='word_1_513' title='bbox 2837 3566 3107 3640; x_wconf 87' lang='lat' dir='ltr'><strong>quidem;</strong></span> <span class='ocrx_word' id='word_1_514' title='bbox 3138 3565 3395 3645; x_wconf 87' lang='lat' dir='ltr'><strong>quoniam</strong></span> <span class='ocrx_word' id='word_1_515' title='bbox 3433 3565 3523 3620; x_wconf 81' lang='lat' dir='ltr'><strong>di-</strong></span> 
     </span>
    </p>
   </div>
   <div class='ocr_carea' id='block_1_78' title="bbox 1935 3659 3521 3736">
    <p class='ocr_par' dir='ltr' id='par_1_78' title="bbox 1935 3659 3521 3736">
     <span class='ocr_line' id='line_1_79' title="bbox 1935 3659 3521 3736; baseline -0.006 -16"><span class='ocrx_word' id='word_1_516' title='bbox 1935 3665 2151 3736; x_wconf 86' lang='lat' dir='ltr'><strong>scipulo</strong></span> <span class='ocrx_word' id='word_1_517' title='bbox 2185 3677 2352 3735; x_wconf 87' lang='lat' dir='ltr'><strong>grave</strong></span> <span class='ocrx_word' id='word_1_518' title='bbox 2398 3661 2675 3734; x_wconf 78' lang='lat' dir='ltr'><strong>quoddam</strong></span> <span class='ocrx_word' id='word_1_519' title='bbox 2714 3669 2771 3716; x_wconf 89' lang='lat' dir='ltr'><strong>et</strong></span> <span class='ocrx_word' id='word_1_520' title='bbox 2805 3661 2964 3716; x_wconf 81' lang='lat' dir='ltr'><strong>triste</strong></span> <span class='ocrx_word' id='word_1_521' title='bbox 3001 3659 3347 3715; x_wconf 87' lang='lat' dir='ltr'><strong>indicaturus</strong></span> <span class='ocrx_word' id='word_1_522' title='bbox 3378 3662 3521 3725; x_wconf 89' lang='lat' dir='ltr'><strong>erat,</strong></span> 
     </span>
    </p>
   </div>
   <div class='ocr_carea' id='block_1_79' title="bbox 1935 3757 2669 3815">
    <p class='ocr_par' dir='ltr' id='par_1_79' title="bbox 1935 3757 2669 3815">
     <span class='ocr_line' id='line_1_80' title="bbox 1935 3757 2669 3815; baseline -0.005 0"><span class='ocrx_word' id='word_1_523' title='bbox 1935 3773 2094 3815; x_wconf 85' lang='lat' dir='ltr'><strong>suam</strong></span> <span class='ocrx_word' id='word_1_524' title='bbox 2118 3757 2380 3814; x_wconf 81' lang='lat' dir='ltr'><strong>videlicet</strong></span> <span class='ocrx_word' id='word_1_525' title='bbox 2409 3763 2669 3812; x_wconf 91' lang='lat' dir='ltr'><strong>mortem.</strong></span> 
     </span>
    </p>
   </div>
   <div class='ocr_carea' id='block_1_80' title="bbox 2010 3845 3519 3921">
    <p class='ocr_par' dir='ltr' id='par_1_80' title="bbox 2010 3845 3519 3921">
     <span class='ocr_line' id='line_1_81' title="bbox 2010 3845 3519 3921; baseline -0.004 -14"><span class='ocrx_word' id='word_1_526' title='bbox 2010 3850 2352 3921; x_wconf 84' lang='lat' dir='ltr'><strong>Scripturam</strong></span> <span class='ocrx_word' id='word_1_527' title='bbox 2405 3851 2554 3905; x_wconf 87' lang='lat' dir='ltr'><strong>illam</strong></span> <span class='ocrx_word' id='word_1_528' title='bbox 2595 3849 2692 3913; x_wconf 86' lang='lat' dir='ltr'><strong>ait,</strong></span> <span class='ocrx_word' id='word_1_529' title='bbox 2746 3847 2818 3904; x_wconf 91' lang='lat' dir='ltr'><strong>de</strong></span> <span class='ocrx_word' id='word_1_530' title='bbox 2860 3863 2970 3920; x_wconf 90' lang='lat' dir='ltr'><strong>qua</strong></span> <span class='ocrx_word' id='word_1_531' title='bbox 3001 3849 3166 3904; x_wconf 90' lang='lat' dir='ltr'><strong>modo</strong></span> <span class='ocrx_word' id='word_1_532' title='bbox 3206 3854 3335 3902; x_wconf 89' lang='lat' dir='ltr'><strong>ante</strong></span> <span class='ocrx_word' id='word_1_533' title='bbox 3365 3845 3519 3901; x_wconf 78' lang='lat' dir='ltr'><strong>dixe-</strong></span> 
     </span>
    </p>
   </div>
   <div class='ocr_carea' id='block_1_81' title="bbox 1938 3938 3141 4012">
    <p class='ocr_par' dir='ltr' id='par_1_81' title="bbox 1938 3938 3141 4012">
     <span class='ocr_line' id='line_1_82' title="bbox 1938 3938 3141 4012; baseline -0.002 -13"><span class='ocrx_word' id='word_1_534' title='bbox 1938 3949 2021 3999; x_wconf 82' lang='lat' dir='ltr'><strong>rat</strong></span> <span class='ocrx_word' id='word_1_535' title='bbox 2052 3961 2066 3999; x_wconf 88' lang='lat'>:</span> <span class='ocrx_word' id='word_1_536' title='bbox 2103 3942 2180 3996; x_wconf 81' lang='lat' dir='ltr'><strong><em>Ab</em></strong></span> <span class='ocrx_word' id='word_1_537' title='bbox 2218 3938 2452 4012; x_wconf 77' lang='lat' dir='ltr'><strong>infantia</strong></span> <span class='ocrx_word' id='word_1_538' title='bbox 2485 3940 2723 3996; x_wconf 75' lang='lat' dir='ltr'><strong>Litteras</strong></span> <span class='ocrx_word' id='word_1_539' title='bbox 2761 3957 2944 3996; x_wconf 82' lang='lat' dir='ltr'><strong>sacras</strong></span> <span class='ocrx_word' id='word_1_540' title='bbox 2979 3941 3141 3996; x_wconf 81' lang='lat' dir='ltr'><strong>nosti.</strong></span> 
     </span>
    </p>
   </div>
   <div class='ocr_carea' id='block_1_82' title="bbox 2012 4032 3521 4108">
    <p class='ocr_par' dir='ltr' id='par_1_82' title="bbox 2012 4032 3521 4108">
     <span class='ocr_line' id='line_1_83' title="bbox 2012 4032 3521 4108; baseline -0.003 -19"><span class='ocrx_word' id='word_1_541' title='bbox 2012 4056 2032 4089; x_wconf 74' lang='grc' dir='ltr'><strong>ε</strong></span> <span class='ocrx_word' id='word_1_542' title='bbox 2073 4034 2242 4092; x_wconf 81' lang='lat' dir='ltr'><strong>Vivos</strong></span> <span class='ocrx_word' id='word_1_543' title='bbox 2295 4042 2352 4091; x_wconf 91' lang='lat' dir='ltr'><strong>et</strong></span> <span class='ocrx_word' id='word_1_544' title='bbox 2399 4044 2674 4098; x_wconf 87' lang='lat' dir='ltr'><strong>mortuos,</strong></span> <span class='ocrx_word' id='word_1_545' title='bbox 2721 4051 2818 4106; x_wconf 84' lang='lat' dir='ltr'><strong>per</strong></span> <span class='ocrx_word' id='word_1_546' title='bbox 2862 4035 3161 4108; x_wconf 85' lang='lat' dir='ltr'><strong>adventum</strong></span> <span class='ocrx_word' id='word_1_547' title='bbox 3201 4032 3326 4104; x_wconf 85' lang='lat' dir='ltr'><strong>ejus</strong></span> <span class='ocrx_word' id='word_1_548' title='bbox 3357 4038 3410 4088; x_wconf 89' lang='lat' dir='ltr'><strong>et</strong></span> <span class='ocrx_word' id='word_1_549' title='bbox 3437 4045 3521 4086; x_wconf 86' lang='lat' dir='ltr'><strong>re-</strong></span> 
     </span>
    </p>
   </div>
   <div class='ocr_carea' id='block_1_83' title="bbox 1937 4126 3390 4205">
    <p class='ocr_par' dir='ltr' id='par_1_83' title="bbox 1937 4126 3390 4205">
     <span class='ocr_line' id='line_1_84' title="bbox 1937 4126 3390 4205; baseline -0.003 -17"><span class='ocrx_word' id='word_1_550' title='bbox 1937 4149 2104 4205; x_wconf 86' lang='lat' dir='ltr'><strong>gnum</strong></span> <span class='ocrx_word' id='word_1_551' title='bbox 2151 4126 2270 4202; x_wconf 86' lang='lat' dir='ltr'><strong>ejus</strong></span> <span class='ocrx_word' id='word_1_552' title='bbox 2303 4150 2315 4186; x_wconf 89' lang='lat'><strong>:</strong></span> <span class='ocrx_word' id='word_1_553' title='bbox 2349 4128 2517 4204; x_wconf 73' lang='lat' dir='ltr'><strong>[Vsus</strong></span> <span class='ocrx_word' id='word_1_554' title='bbox 2548 4130 2606 4204; x_wconf 75' lang='grc'><strong>2]</strong></span> <span class='ocrx_word' id='word_1_555' title='bbox 2636 4131 2874 4188; x_wconf 65' lang='lat' dir='ltr'><strong>Praedica</strong></span> <span class='ocrx_word' id='word_1_556' title='bbox 2905 4131 3152 4188; x_wconf 85' lang='lat' dir='ltr'><strong>verbum.</strong></span> <span class='ocrx_word' id='word_1_557' title='bbox 3183 4130 3329 4186; x_wconf 88' lang='lat' dir='ltr'><strong>insta</strong></span> <span class='ocrx_word' id='word_1_558' title='bbox 3371 4147 3390 4183; x_wconf 73' lang='grc' dir='ltr'><strong>ι</strong></span> 
     </span>
    </p>
   </div>
   <div class='ocr_carea' id='block_1_84' title="bbox 2009 4310 3519 4390">
    <p class='ocr_par' dir='ltr' id='par_1_84' title="bbox 2009 4310 3519 4390">
     <span class='ocr_line' id='line_1_85' title="bbox 2009 4310 3519 4390; baseline 0.001 -24"><span class='ocrx_word' id='word_1_559' title='bbox 2009 4312 2421 4390; x_wconf 84' lang='lat' dir='ltr'><strong>Peccatoreset</strong></span> <span class='ocrx_word' id='word_1_560' title='bbox 2446 4311 2636 4384; x_wconf 87' lang='lat' dir='ltr'><strong>justos</strong></span> <span class='ocrx_word' id='word_1_561' title='bbox 2667 4311 2802 4368; x_wconf 86' lang='lat' dir='ltr'><strong>dicit</strong></span> <span class='ocrx_word' id='word_1_562' title='bbox 2831 4327 2848 4367; x_wconf 85' lang='lat'><strong>:</strong></span> <span class='ocrx_word' id='word_1_563' title='bbox 2881 4311 2968 4368; x_wconf 88' lang='lat' dir='ltr'><strong>vel</strong></span> <span class='ocrx_word' id='word_1_564' title='bbox 2997 4311 3143 4383; x_wconf 89' lang='lat' dir='ltr'><strong>quod</strong></span> <span class='ocrx_word' id='word_1_565' title='bbox 3167 4310 3411 4366; x_wconf 86' lang='lat' dir='ltr'><strong>multiin</strong></span> <span class='ocrx_word' id='word_1_566' title='bbox 3438 4311 3519 4368; x_wconf 86' lang='lat' dir='ltr'><strong>vi—</strong></span> 
     </span>
    </p>
   </div>
   <div class='ocr_carea' id='block_1_85' title="bbox 1941 4403 2613 4474">
    <p class='ocr_par' dir='ltr' id='par_1_85' title="bbox 1941 4403 2613 4474">
     <span class='ocr_line' id='line_1_86' title="bbox 1941 4403 2613 4474; baseline -0.001 -16"><span class='ocrx_word' id='word_1_567' title='bbox 1941 4404 2026 4460; x_wconf 91' lang='lat' dir='ltr'><strong>vis</strong></span> <span class='ocrx_word' id='word_1_568' title='bbox 2049 4403 2381 4474; x_wconf 89' lang='lat' dir='ltr'><strong>superstites</strong></span> <span class='ocrx_word' id='word_1_569' title='bbox 2427 4410 2613 4458; x_wconf 90' lang='lat' dir='ltr'><strong>erunt.</strong></span> 
     </span>
    </p>
   </div>
   <div class='ocr_carea' id='block_1_86' title="bbox 319 4479 1831 4568">
    <p class='ocr_par' dir='ltr' id='par_1_86' title="bbox 319 4479 1831 4555">
     <span class='ocr_line' id='line_1_87' title="bbox 319 4479 1831 4555; baseline -0.001 -19"><span class='ocrx_word' id='word_1_570' title='bbox 319 4505 343 4537; x_wconf 81' lang='grc' dir='ltr'><strong>σ</strong></span> <span class='ocrx_word' id='word_1_571' title='bbox 402 4482 712 4554; x_wconf 85' lang='grc' dir='ltr'>Εὐκαίρως,</span> <span class='ocrx_word' id='word_1_572' title='bbox 746 4482 1026 4555; x_wconf 73' lang='grc' dir='ltr'>ἀκαίρωςο</span> <span class='ocrx_word' id='word_1_573' title='bbox 1064 4479 1304 4550; x_wconf 75' lang='grc' dir='ltr'>ἔλεγξον,</span> <span class='ocrx_word' id='word_1_574' title='bbox 1339 4479 1692 4552; x_wconf 67' lang='grc' dir='ltr'>ἐπιτίμησον,</span> <span class='ocrx_word' id='word_1_575' title='bbox 1729 4499 1831 4535; x_wconf 88' lang='grc' dir='ltr'>πα-</span> 
     </span>
    </p>
   </div>
   <div class='ocr_carea' id='block_1_87' title="bbox 1955 4479 3520 4568">
    <p class='ocr_par' dir='ltr' id='par_1_87' title="bbox 2019 4495 3520 4568">
     <span class='ocr_line' id='line_1_88' title="bbox 2019 4495 3520 4568; baseline 0.002 -19"><span class='ocrx_word' id='word_1_576' title='bbox 2019 4517 2038 4549; x_wconf 76' lang='grc' dir='ltr'><strong>ι</strong></span> <span class='ocrx_word' id='word_1_577' title='bbox 2085 4497 2430 4568; x_wconf 86' lang='lat' dir='ltr'><strong>Opportune,</strong></span> <span class='ocrx_word' id='word_1_578' title='bbox 2463 4497 2788 4568; x_wconf 89' lang='lat' dir='ltr'><strong>importune</strong></span> <span class='ocrx_word' id='word_1_579' title='bbox 2827 4514 2842 4551; x_wconf 87' lang='lat'><strong>:</strong></span> <span class='ocrx_word' id='word_1_580' title='bbox 2869 4511 3061 4568; x_wconf 80' lang='lat' dir='ltr'><strong>argue,</strong></span> <span class='ocrx_word' id='word_1_581' title='bbox 3092 4495 3337 4568; x_wconf 73' lang='lat' dir='ltr'><strong>increpa,</strong></span> <span class='ocrx_word' id='word_1_582' title='bbox 3361 4495 3520 4552; x_wconf 88' lang='lat' dir='ltr'><strong>obse-</strong></span> 
     </span>
    </p>
   </div>
   <div class='ocr_carea' id='block_1_88' title="bbox 225 4566 1835 4650">
    <p class='ocr_par' dir='ltr' id='par_1_88' title="bbox 225 4566 1835 4650">
     <span class='ocr_line' id='line_1_89' title="bbox 225 4566 1835 4650; baseline -0.003 -18"><span class='ocrx_word' id='word_1_583' title='bbox 225 4575 563 4650; x_wconf 80' lang='grc' dir='ltr'>ρακάλεσον</span> <span class='ocrx_word' id='word_1_584' title='bbox 598 4573 658 4627; x_wconf 70' lang='grc' dir='ltr'>ἐν</span> <span class='ocrx_word' id='word_1_585' title='bbox 693 4574 840 4646; x_wconf 76' lang='grc' dir='ltr'>πάσῃ</span> <span class='ocrx_word' id='word_1_586' title='bbox 887 4571 1240 4644; x_wconf 78' lang='grc' dir='ltr'>μακροθυμίᾳ</span> <span class='ocrx_word' id='word_1_587' title='bbox 1273 4575 1366 4626; x_wconf 74' lang='grc' dir='ltr'><strong>καὶ</strong></span> <span class='ocrx_word' id='word_1_588' title='bbox 1392 4571 1601 4644; x_wconf 77' lang='grc' dir='ltr'>διδαχῇ.</span> <span class='ocrx_word' id='word_1_589' title='bbox 1637 4566 1835 4641; x_wconf 80' lang='grc' dir='ltr'>Ἔσται</span> 
     </span>
    </p>
   </div>
   <div class='ocr_carea' id='block_1_89' title="bbox 224 4664 1840 4740">
    <p class='ocr_par' dir='ltr' id='par_1_89' title="bbox 224 4664 1840 4740">
     <span class='ocr_line' id='line_1_90' title="bbox 224 4664 1840 4740; baseline -0.002 -16"><span class='ocrx_word' id='word_1_590' title='bbox 224 4669 362 4740; x_wconf 76' lang='grc' dir='ltr'><strong>γὰρ</strong></span> <span class='ocrx_word' id='word_1_591' title='bbox 402 4666 616 4738; x_wconf 77' lang='grc' dir='ltr'>καιρὸς,</span> <span class='ocrx_word' id='word_1_592' title='bbox 667 4667 757 4720; x_wconf 81' lang='grc' dir='ltr'>ὅτε</span> <span class='ocrx_word' id='word_1_593' title='bbox 803 4666 904 4736; x_wconf 81' lang='grc' dir='ltr'>τῆς</span> <span class='ocrx_word' id='word_1_594' title='bbox 950 4665 1305 4736; x_wconf 76' lang='grc' dir='ltr'>ὑγιαινούσης</span> <span class='ocrx_word' id='word_1_595' title='bbox 1350 4664 1704 4728; x_wconf 84' lang='grc' dir='ltr'>διδασκαλίας</span> <span class='ocrx_word' id='word_1_596' title='bbox 1737 4664 1840 4721; x_wconf 75' lang='grc' dir='ltr'>οὐκ</span> 
     </span>
    </p>
   </div>
   <div class='ocr_carea' id='block_1_90' title="bbox 225 4753 1840 4829">
    <p class='ocr_par' dir='ltr' id='par_1_90' title="bbox 225 4753 1840 4829">
     <span class='ocr_line' id='line_1_91' title="bbox 225 4753 1840 4829; baseline -0.004 -8"><span class='ocrx_word' id='word_1_597' title='bbox 225 4761 561 4828; x_wconf 76' lang='grc' dir='ltr'>ἀνέξονται,</span> <span class='ocrx_word' id='word_1_598' title='bbox 592 4761 730 4816; x_wconf 81' lang='grc' dir='ltr'>ἀλλὰ</span> <span class='ocrx_word' id='word_1_599' title='bbox 766 4760 908 4815; x_wconf 78' lang='grc' dir='ltr'>κατὰ</span> <span class='ocrx_word' id='word_1_600' title='bbox 940 4761 1040 4824; x_wconf 82' lang='grc' dir='ltr'><strong>τὰς</strong></span> <span class='ocrx_word' id='word_1_601' title='bbox 1068 4753 1368 4829; x_wconf 75' lang='grc' dir='ltr'>ἐπιθυμίας</span> <span class='ocrx_word' id='word_1_602' title='bbox 1402 4760 1505 4824; x_wconf 85' lang='grc' dir='ltr'><strong>τὰς</strong></span> <span class='ocrx_word' id='word_1_603' title='bbox 1541 4760 1678 4824; x_wconf 71' lang='grc' dir='ltr'>ἰδίας</span> <span class='ocrx_word' id='word_1_604' title='bbox 1717 4761 1840 4829; x_wconf 80' lang='grc' dir='ltr'>ἐαυ-</span> 
     </span>
    </p>
   </div>
   <div class='ocr_carea' id='block_1_91' title="bbox 223 4853 1335 4925">
    <p class='ocr_par' dir='ltr' id='par_1_91' title="bbox 223 4853 1335 4925">
     <span class='ocr_line' id='line_1_92' title="bbox 223 4853 1335 4925; baseline -0.007 -13"><span class='ocrx_word' id='word_1_605' title='bbox 223 4860 367 4920; x_wconf 62' lang='lat' dir='ltr'><strong>tot;</strong></span> <span class='ocrx_word' id='word_1_606' title='bbox 407 4856 844 4925; x_wconf 79' lang='grc' dir='ltr'>ὲπισωρεύσουσι</span> <span class='ocrx_word' id='word_1_607' title='bbox 889 4853 1263 4919; x_wconf 83' lang='grc' dir='ltr'>διδασκάλους,</span> <span class='ocrx_word' id='word_1_608' title='bbox 1315 4871 1335 4904; x_wconf 75' lang='grc' dir='ltr'><strong>ι</strong></span> 
     </span>
    </p>
   </div>
   <div class='ocr_carea' id='block_1_92' title="bbox 1941 4579 3526 4659">
    <p class='ocr_par' dir='ltr' id='par_1_92' title="bbox 1941 4579 3526 4659">
     <span class='ocr_line' id='line_1_93' title="bbox 1941 4579 3526 4659; baseline -0.001 -15"><span class='ocrx_word' id='word_1_609' title='bbox 1941 4587 2134 4644; x_wconf 65' lang='grc' dir='ltr'>ετεὶιι</span> <span class='ocrx_word' id='word_1_610' title='bbox 2174 4588 2324 4644; x_wconf 90' lang='lat' dir='ltr'><strong>omni</strong></span> <span class='ocrx_word' id='word_1_611' title='bbox 2373 4587 2643 4659; x_wconf 89' lang='lat' dir='ltr'><strong>patientia</strong></span> <span class='ocrx_word' id='word_1_612' title='bbox 2701 4594 2757 4643; x_wconf 91' lang='lat' dir='ltr'><strong>ct</strong></span> <span class='ocrx_word' id='word_1_613' title='bbox 2808 4579 3290 4656; x_wconf 77' lang='lat' dir='ltr'><strong>doctrina[Vsns.</strong></span> <span class='ocrx_word' id='word_1_614' title='bbox 3331 4586 3386 4652; x_wconf 74' lang='lat'><strong>3,</strong></span> <span class='ocrx_word' id='word_1_615' title='bbox 3436 4581 3526 4657; x_wconf 69' lang='grc'><strong>4.]</strong></span> 
     </span>
    </p>
   </div>
   <div class='ocr_carea' id='block_1_93' title="bbox 1939 4665 3517 4750">
    <p class='ocr_par' dir='ltr' id='par_1_93' title="bbox 1939 4665 3517 4750">
     <span class='ocr_line' id='line_1_94' title="bbox 1939 4665 3517 4750; baseline -0.001 -14"><span class='ocrx_word' id='word_1_616' title='bbox 1939 4672 2083 4736; x_wconf 83' lang='lat' dir='ltr'><strong>Erit&#39;</strong></span> <span class='ocrx_word' id='word_1_617' title='bbox 2116 4682 2263 4737; x_wconf 90' lang='lat' dir='ltr'><strong>enim</strong></span> <span class='ocrx_word' id='word_1_618' title='bbox 2321 4689 2546 4750; x_wconf 86' lang='lat' dir='ltr'><strong>tempus</strong></span> <span class='ocrx_word' id='word_1_619' title='bbox 2599 4665 2727 4735; x_wconf 86' lang='lat' dir='ltr'><strong>cum</strong></span> <span class='ocrx_word' id='word_1_620' title='bbox 2785 4694 2977 4736; x_wconf 86' lang='lat' dir='ltr'><strong>sanam</strong></span> <span class='ocrx_word' id='word_1_621' title='bbox 3040 4678 3353 4736; x_wconf 87' lang='lat' dir='ltr'><strong>doctrinam</strong></span> <span class='ocrx_word' id='word_1_622' title='bbox 3409 4694 3517 4735; x_wconf 87' lang='lat' dir='ltr'><strong>non</strong></span> 
     </span>
    </p>
   </div>
   <div class='ocr_carea' id='block_1_94' title="bbox 1941 4769 3521 4839">
    <p class='ocr_par' dir='ltr' id='par_1_94' title="bbox 1941 4769 3521 4839">
     <span class='ocr_line' id='line_1_95' title="bbox 1941 4769 3521 4839; baseline -0.003 -11"><span class='ocrx_word' id='word_1_623' title='bbox 1941 4771 2320 4839; x_wconf 86' lang='lat' dir='ltr'><strong>sustinebunt,</strong></span> <span class='ocrx_word' id='word_1_624' title='bbox 2375 4770 2472 4827; x_wconf 86' lang='lat' dir='ltr'><strong>sed</strong></span> <span class='ocrx_word' id='word_1_625' title='bbox 2529 4770 2598 4825; x_wconf 84' lang='lat' dir='ltr'><strong>ad</strong></span> <span class='ocrx_word' id='word_1_626' title='bbox 2640 4785 2740 4828; x_wconf 87' lang='lat' dir='ltr'><strong>sua</strong></span> <span class='ocrx_word' id='word_1_627' title='bbox 2788 4769 3070 4827; x_wconf 88' lang='lat' dir='ltr'><strong>desideria</strong></span> <span class='ocrx_word' id='word_1_628' title='bbox 3118 4769 3521 4826; x_wconf 88' lang='lat' dir='ltr'><strong>coacervahunt</strong></span> 
     </span>
    </p>
   </div>
   <div class='ocr_carea' id='block_1_95' title="bbox 1942 4865 2463 4936">
    <p class='ocr_par' dir='ltr' id='par_1_95' title="bbox 1942 4865 2463 4936">
     <span class='ocr_line' id='line_1_96' title="bbox 1942 4865 2463 4936; baseline -0.012 -14"><span class='ocrx_word' id='word_1_629' title='bbox 1942 4866 2048 4922; x_wconf 86' lang='lat' dir='ltr'><strong>sibi</strong></span> <span class='ocrx_word' id='word_1_630' title='bbox 2080 4865 2400 4936; x_wconf 81' lang='lat' dir='ltr'><strong>magistros,</strong></span> <span class='ocrx_word' id='word_1_631' title='bbox 2444 4883 2463 4916; x_wconf 75' lang='grc' dir='ltr'><strong>ι</strong></span> 
     </span>
    </p>
   </div>
   <div class='ocr_carea' id='block_1_96' title="bbox 311 4946 1840 5019">
    <p class='ocr_par' dir='ltr' id='par_1_96' title="bbox 311 4946 1840 5019">
     <span class='ocr_line' id='line_1_97' title="bbox 311 4946 1840 5019; baseline 0 -17"><span class='ocrx_word' id='word_1_632' title='bbox 311 4950 368 5002; x_wconf 84' lang='grc' dir='ltr'>Τ</span> <span class='ocrx_word' id='word_1_633' title='bbox 369 4947 648 5010; x_wconf 85' lang='grc' dir='ltr'>ουτέστιν,</span> <span class='ocrx_word' id='word_1_634' title='bbox 680 4946 771 5016; x_wconf 80' lang='grc' dir='ltr'><strong>Μὴ</strong></span> <span class='ocrx_word' id='word_1_635' title='bbox 800 4948 892 5018; x_wconf 73' lang='grc' dir='ltr'><strong>ἔχε</strong></span> <span class='ocrx_word' id='word_1_636' title='bbox 924 4946 1335 5018; x_wconf 82' lang='grc' dir='ltr'>κεχωρισμένον</span> <span class='ocrx_word' id='word_1_637' title='bbox 1367 4946 1590 5019; x_wconf 74' lang='grc' dir='ltr'>καιρόνο</span> <span class='ocrx_word' id='word_1_638' title='bbox 1625 4946 1713 5002; x_wconf 85' lang='grc' dir='ltr'>ἀεί</span> <span class='ocrx_word' id='word_1_639' title='bbox 1758 4965 1840 5002; x_wconf 88' lang='grc' dir='ltr'><strong>σοι</strong></span> 
     </span>
    </p>
   </div>
   <div class='ocr_carea' id='block_1_97' title="bbox 221 5038 1839 5113">
    <p class='ocr_par' dir='ltr' id='par_1_97' title="bbox 221 5038 1839 5113">
     <span class='ocr_line' id='line_1_98' title="bbox 221 5038 1839 5113; baseline -0.001 -18"><span class='ocrx_word' id='word_1_640' title='bbox 221 5042 404 5096; x_wconf 71' lang='lat' dir='ltr'><strong>Em</strong></span> <span class='ocrx_word' id='word_1_641' title='bbox 451 5039 662 5108; x_wconf 73' lang='grc' dir='ltr'>καιρὸς,</span> <span class='ocrx_word' id='word_1_642' title='bbox 715 5038 806 5108; x_wconf 80' lang='grc' dir='ltr'>Μὴ</span> <span class='ocrx_word' id='word_1_643' title='bbox 851 5039 910 5091; x_wconf 84' lang='grc' dir='ltr'>ὲν</span> <span class='ocrx_word' id='word_1_644' title='bbox 938 5040 1149 5111; x_wconf 77' lang='grc' dir='ltr'>είρήνῃ,</span> <span class='ocrx_word' id='word_1_645' title='bbox 1200 5039 1333 5110; x_wconf 85' lang='grc' dir='ltr'>μηδὲ</span> <span class='ocrx_word' id='word_1_646' title='bbox 1383 5039 1441 5091; x_wconf 80' lang='grc' dir='ltr'>ἐν</span> <span class='ocrx_word' id='word_1_647' title='bbox 1482 5039 1715 5113; x_wconf 71' lang='grc' dir='ltr'>εὐθυμία</span> <span class='ocrx_word' id='word_1_648' title='bbox 1741 5038 1839 5106; x_wconf 81' lang='grc' dir='ltr'>ὢν,</span> 
     </span>
    </p>
   </div>
   <div class='ocr_carea' id='block_1_98' title="bbox 227 5127 1842 5204">
    <p class='ocr_par' dir='ltr' id='par_1_98' title="bbox 227 5127 1842 5204">
     <span class='ocr_line' id='line_1_99' title="bbox 227 5127 1842 5204; baseline 0.001 -21"><span class='ocrx_word' id='word_1_649' title='bbox 227 5129 404 5204; x_wconf 77' lang='grc' dir='ltr'>μηδὲ</span> <span class='ocrx_word' id='word_1_650' title='bbox 434 5129 491 5181; x_wconf 73' lang='grc' dir='ltr'>ὲν</span> <span class='ocrx_word' id='word_1_651' title='bbox 538 5128 836 5199; x_wconf 71' lang='grc' dir='ltr'>Ἐκκλησία</span> <span class='ocrx_word' id='word_1_652' title='bbox 868 5127 1180 5198; x_wconf 81' lang='grc' dir='ltr'>καθήμενος</span> <span class='ocrx_word' id='word_1_653' title='bbox 1223 5129 1382 5199; x_wconf 80' lang='grc' dir='ltr'>μόνον</span> <span class='ocrx_word' id='word_1_654' title='bbox 1427 5129 1665 5202; x_wconf 72' lang='grc' dir='ltr'>διδάξῃς,</span> <span class='ocrx_word' id='word_1_655' title='bbox 1701 5133 1758 5184; x_wconf 81' lang='grc' dir='ltr'>ὲν</span> <span class='ocrx_word' id='word_1_656' title='bbox 1784 5131 1842 5184; x_wconf 80' lang='grc' dir='ltr'>δὲ</span> 
     </span>
    </p>
   </div>
   <div class='ocr_carea' id='block_1_99' title="bbox 221 5220 1843 5294">
    <p class='ocr_par' dir='ltr' id='par_1_99' title="bbox 221 5220 1843 5294">
     <span class='ocr_line' id='line_1_100' title="bbox 221 5220 1843 5294; baseline -0.001 -16"><span class='ocrx_word' id='word_1_657' title='bbox 221 5227 368 5286; x_wconf 76' lang='grc' dir='ltr'>τοῖς</span> <span class='ocrx_word' id='word_1_658' title='bbox 410 5221 678 5285; x_wconf 83' lang='grc' dir='ltr'>κινδύνοις</span> <span class='ocrx_word' id='word_1_659' title='bbox 709 5220 1065 5293; x_wconf 79' lang='grc' dir='ltr'>περισταλῇς,</span> <span class='ocrx_word' id='word_1_660' title='bbox 1097 5222 1233 5277; x_wconf 68' lang='grc' dir='ltr'>ἀλλὰ</span> <span class='ocrx_word' id='word_1_661' title='bbox 1260 5222 1368 5275; x_wconf 75' lang='grc' dir='ltr'><strong>κᾶν</strong></span> <span class='ocrx_word' id='word_1_662' title='bbox 1398 5224 1456 5276; x_wconf 87' lang='grc' dir='ltr'>ἐν</span> <span class='ocrx_word' id='word_1_663' title='bbox 1485 5223 1843 5294; x_wconf 85' lang='grc' dir='ltr'>δεσμωτηρίῳ</span> 
     </span>
    </p>
   </div>
   <div class='ocr_carea' id='block_1_100' title="bbox 222 5307 1844 5386">
    <p class='ocr_par' dir='ltr' id='par_1_100' title="bbox 222 5307 1844 5386">
     <span class='ocr_line' id='line_1_101' title="bbox 222 5307 1844 5386; baseline 0.003 -24"><span class='ocrx_word' id='word_1_664' title='bbox 222 5307 334 5386; x_wconf 79' lang='grc' dir='ltr'><strong>ᾗς,</strong></span> <span class='ocrx_word' id='word_1_665' title='bbox 385 5307 494 5362; x_wconf 84' lang='grc' dir='ltr'>κᾶν</span> <span class='ocrx_word' id='word_1_666' title='bbox 525 5307 712 5363; x_wconf 74' lang='grc' dir='ltr'>ἅλυσιν</span> <span class='ocrx_word' id='word_1_667' title='bbox 758 5309 1165 5380; x_wconf 86' lang='grc' dir='ltr'>περικείμενος,</span> <span class='ocrx_word' id='word_1_668' title='bbox 1203 5309 1278 5382; x_wconf 79' lang='grc' dir='ltr'>μὴ</span> <span class='ocrx_word' id='word_1_669' title='bbox 1317 5311 1500 5382; x_wconf 79' lang='grc' dir='ltr'>παύσῃ</span> <span class='ocrx_word' id='word_1_670' title='bbox 1545 5311 1640 5366; x_wconf 88' lang='grc' dir='ltr'><strong>τοῦ</strong></span> <span class='ocrx_word' id='word_1_671' title='bbox 1673 5312 1844 5384; x_wconf 81' lang='grc' dir='ltr'>κηρύ-</span> 
     </span>
    </p>
   </div>
   <div class='ocr_carea' id='block_1_101' title="bbox 220 5418 501 5476">
    <p class='ocr_par' dir='ltr' id='par_1_101' title="bbox 220 5418 501 5476">
     <span class='ocr_line' id='line_1_102' title="bbox 220 5418 501 5476; baseline 0 0"><span class='ocrx_word' id='word_1_672' title='bbox 220 5418 501 5476; x_wconf 79' lang='grc' dir='ltr'>τματος·</span> 
     </span>
    </p>
   </div>
   <div class='ocr_carea' id='block_1_102' title="bbox 319 5493 1844 5568">
    <p class='ocr_par' dir='ltr' id='par_1_102' title="bbox 319 5493 1844 5568">
     <span class='ocr_line' id='line_1_103' title="bbox 319 5493 1844 5568; baseline 0.002 -20"><span class='ocrx_word' id='word_1_673' title='bbox 319 5513 345 5548; x_wconf 75' lang='grc' dir='ltr'><strong>ι</strong></span> <span class='ocrx_word' id='word_1_674' title='bbox 395 5493 739 5565; x_wconf 76' lang='grc' dir='ltr'>Κνηθόμενοι</span> <span class='ocrx_word' id='word_1_675' title='bbox 762 5493 859 5565; x_wconf 78' lang='grc' dir='ltr'>τὴν</span> <span class='ocrx_word' id='word_1_676' title='bbox 889 5493 1078 5565; x_wconf 79' lang='grc' dir='ltr'>ἀκοὴν,</span> <span class='ocrx_word' id='word_1_677' title='bbox 1098 5494 1190 5548; x_wconf 78' lang='grc' dir='ltr'>καὶ</span> <span class='ocrx_word' id='word_1_678' title='bbox 1211 5493 1322 5548; x_wconf 80' lang='grc' dir='ltr'><strong>ἀπὸ</strong></span> <span class='ocrx_word' id='word_1_679' title='bbox 1347 5495 1446 5565; x_wconf 83' lang='grc' dir='ltr'>μὲν</span> <span class='ocrx_word' id='word_1_680' title='bbox 1466 5499 1566 5567; x_wconf 78' lang='grc' dir='ltr'>τῆς</span> <span class='ocrx_word' id='word_1_681' title='bbox 1588 5496 1844 5568; x_wconf 84' lang='grc' dir='ltr'>ἀληθείας</span> 
     </span>
    </p>
   </div>
   <div class='ocr_carea' id='block_1_103' title="bbox 217 5585 1832 5662">
    <p class='ocr_par' dir='ltr' id='par_1_103' title="bbox 217 5585 1832 5662">
     <span class='ocr_line' id='line_1_104' title="bbox 217 5585 1832 5662; baseline -0.001 -17"><span class='ocrx_word' id='word_1_682' title='bbox 217 5592 347 5661; x_wconf 79' lang='grc' dir='ltr'>τὴν</span> <span class='ocrx_word' id='word_1_683' title='bbox 385 5587 563 5658; x_wconf 82' lang='grc' dir='ltr'>ἀκοὴν</span> <span class='ocrx_word' id='word_1_684' title='bbox 584 5585 1041 5658; x_wconf 71' lang='grc' dir='ltr'>ἀποστρέψουσιν,</span> <span class='ocrx_word' id='word_1_685' title='bbox 1071 5587 1163 5640; x_wconf 75' lang='grc' dir='ltr'><strong>ἐπὶ</strong></span> <span class='ocrx_word' id='word_1_686' title='bbox 1183 5587 1239 5640; x_wconf 77' lang='grc' dir='ltr'>δὲ</span> <span class='ocrx_word' id='word_1_687' title='bbox 1260 5589 1385 5650; x_wconf 80' lang='grc' dir='ltr'>τοὺς</span> <span class='ocrx_word' id='word_1_688' title='bbox 1417 5588 1620 5658; x_wconf 87' lang='grc' dir='ltr'>μύθους</span> <span class='ocrx_word' id='word_1_689' title='bbox 1647 5592 1832 5662; x_wconf 75' lang='grc' dir='ltr'>ἐκτρα-</span> 
     </span>
    </p>
   </div>
   <div class='ocr_carea' id='block_1_104' title="bbox 220 5679 1843 5755">
    <p class='ocr_par' dir='ltr' id='par_1_104' title="bbox 220 5679 1843 5755">
     <span class='ocr_line' id='line_1_105' title="bbox 220 5679 1843 5755; baseline 0.001 -21"><span class='ocrx_word' id='word_1_690' title='bbox 220 5683 553 5753; x_wconf 76' lang='grc' dir='ltr'>πήσονται.</span> <span class='ocrx_word' id='word_1_691' title='bbox 586 5681 659 5734; x_wconf 81' lang='grc' dir='ltr'><strong>Σὺ</strong></span> <span class='ocrx_word' id='word_1_692' title='bbox 691 5680 748 5734; x_wconf 81' lang='grc' dir='ltr'>δὲ</span> <span class='ocrx_word' id='word_1_693' title='bbox 782 5679 919 5750; x_wconf 76' lang='grc' dir='ltr'>νῆφε</span> <span class='ocrx_word' id='word_1_694' title='bbox 956 5682 1014 5732; x_wconf 82' lang='grc' dir='ltr'>ὲν</span> <span class='ocrx_word' id='word_1_695' title='bbox 1044 5682 1198 5744; x_wconf 74' lang='grc' dir='ltr'>πᾶσι,</span> <span class='ocrx_word' id='word_1_696' title='bbox 1235 5681 1644 5754; x_wconf 79' lang='grc' dir='ltr'>κακοπὰθησον,</span> <span class='ocrx_word' id='word_1_697' title='bbox 1680 5685 1843 5755; x_wconf 78' lang='grc' dir='ltr'>ἔργον</span> 
     </span>
    </p>
   </div>
   <div class='ocr_carea' id='block_1_105' title="bbox 217 5768 1837 5847">
    <p class='ocr_par' dir='ltr' id='par_1_105' title="bbox 217 5768 1837 5847">
     <span class='ocr_line' id='line_1_106' title="bbox 217 5768 1837 5847; baseline 0.002 -21"><span class='ocrx_word' id='word_1_698' title='bbox 217 5768 494 5840; x_wconf 78' lang='grc' dir='ltr'>ποίησον</span> <span class='ocrx_word' id='word_1_699' title='bbox 521 5768 932 5839; x_wconf 79' lang='grc' dir='ltr'>εὐαγγελιστοῦ,</span> <span class='ocrx_word' id='word_1_700' title='bbox 967 5769 1066 5839; x_wconf 80' lang='grc' dir='ltr'>τὴν</span> <span class='ocrx_word' id='word_1_701' title='bbox 1097 5769 1373 5828; x_wconf 68' lang='grc' dir='ltr'>διακονίαν</span> <span class='ocrx_word' id='word_1_702' title='bbox 1423 5792 1540 5828; x_wconf 86' lang='grc' dir='ltr'>σου.</span> <span class='ocrx_word' id='word_1_703' title='bbox 1565 5775 1837 5847; x_wconf 60' lang='lat' dir='ltr'><strong>nim-909d:</strong></span> 
     </span>
    </p>
   </div>
   <div class='ocr_carea' id='block_1_106' title="bbox 2017 4954 3518 5032">
    <p class='ocr_par' dir='ltr' id='par_1_106' title="bbox 2017 4954 3518 5032">
     <span class='ocr_line' id='line_1_107' title="bbox 2017 4954 3518 5032; baseline -0.003 -22"><span class='ocrx_word' id='word_1_704' title='bbox 2017 4957 2132 5013; x_wconf 89' lang='lat' dir='ltr'><strong>Hoc</strong></span> <span class='ocrx_word' id='word_1_705' title='bbox 2167 4965 2273 5022; x_wconf 90' lang='lat' dir='ltr'><strong>est,</strong></span> <span class='ocrx_word' id='word_1_706' title='bbox 2301 4954 2524 5012; x_wconf 76' lang='lat' dir='ltr'><strong>Nullum</strong></span> <span class='ocrx_word' id='word_1_707' title='bbox 2570 4964 2790 5027; x_wconf 85' lang='lat' dir='ltr'><strong>tempus</strong></span> <span class='ocrx_word' id='word_1_708' title='bbox 2833 4955 3119 5032; x_wconf 84' lang='lat' dir='ltr'><strong>deﬁnitum</strong></span> <span class='ocrx_word' id='word_1_709' title='bbox 3149 4955 3290 5011; x_wconf 87' lang='lat' dir='ltr'><strong>habe</strong></span> <span class='ocrx_word' id='word_1_710' title='bbox 3327 4973 3341 5009; x_wconf 88' lang='lat'><strong>:</strong></span> <span class='ocrx_word' id='word_1_711' title='bbox 3376 4970 3518 5012; x_wconf 54' lang='lat' dir='ltr'><strong>sem-</strong></span> 
     </span>
    </p>
   </div>
   <div class='ocr_carea' id='block_1_107' title="bbox 1944 5049 3523 5121">
    <p class='ocr_par' dir='ltr' id='par_1_107' title="bbox 1944 5049 3523 5121">
     <span class='ocr_line' id='line_1_108' title="bbox 1944 5049 3523 5121; baseline -0.003 -16"><span class='ocrx_word' id='word_1_712' title='bbox 1944 5066 2042 5121; x_wconf 89' lang='lat' dir='ltr'><strong>per</strong></span> <span class='ocrx_word' id='word_1_713' title='bbox 2075 5051 2171 5105; x_wconf 79' lang='lat' dir='ltr'><strong>tibi</strong></span> <span class='ocrx_word' id='word_1_714' title='bbox 2203 5058 2420 5119; x_wconf 87' lang='lat' dir='ltr'><strong>tempus</strong></span> <span class='ocrx_word' id='word_1_715' title='bbox 2449 5051 2614 5115; x_wconf 86' lang='lat' dir='ltr'><strong>adsit,</strong></span> <span class='ocrx_word' id='word_1_716' title='bbox 2657 5059 2717 5104; x_wconf 90' lang='lat' dir='ltr'><strong>ut</strong></span> <span class='ocrx_word' id='word_1_717' title='bbox 2767 5064 2876 5104; x_wconf 86' lang='lat' dir='ltr'><strong>non</strong></span> <span class='ocrx_word' id='word_1_718' title='bbox 2925 5049 3088 5106; x_wconf 82' lang='lat' dir='ltr'><strong>modo</strong></span> <span class='ocrx_word' id='word_1_719' title='bbox 3133 5049 3186 5103; x_wconf 91' lang='lat' dir='ltr'><strong>in</strong></span> <span class='ocrx_word' id='word_1_720' title='bbox 3222 5063 3379 5119; x_wconf 87' lang='lat' dir='ltr'><strong>pace,</strong></span> <span class='ocrx_word' id='word_1_721' title='bbox 3424 5055 3523 5101; x_wconf 87' lang='lat' dir='ltr'><strong>aut</strong></span> 
     </span>
    </p>
   </div>
   <div class='ocr_carea' id='block_1_108' title="bbox 1942 5124 3519 5213">
    <p class='ocr_par' dir='ltr' id='par_1_108' title="bbox 1942 5124 3519 5213">
     <span class='ocr_line' id='line_1_109' title="bbox 1942 5124 3519 5213; baseline -0.004 -16"><span class='ocrx_word' id='word_1_722' title='bbox 1942 5143 2166 5213; x_wconf 89' lang='lat' dir='ltr'><strong>quando</strong></span> <span class='ocrx_word' id='word_1_723' title='bbox 2217 5143 2364 5197; x_wconf 85' lang='lat' dir='ltr'><strong>bono</strong></span> <span class='ocrx_word' id='word_1_724' title='bbox 2412 5158 2472 5198; x_wconf 90' lang='lat' dir='ltr'><strong>es</strong></span> <span class='ocrx_word' id='word_1_725' title='bbox 2520 5143 2731 5207; x_wconf 85' lang='lat' dir='ltr'><strong>animo,</strong></span> <span class='ocrx_word' id='word_1_726' title='bbox 2788 5124 2884 5197; x_wconf 81' lang='lat' dir='ltr'><strong>aut</strong></span> <span class='ocrx_word' id='word_1_727' title='bbox 2932 5141 3153 5213; x_wconf 89' lang='lat' dir='ltr'><strong>quando</strong></span> <span class='ocrx_word' id='word_1_728' title='bbox 3187 5141 3240 5195; x_wconf 92' lang='lat' dir='ltr'><strong>in</strong></span> <span class='ocrx_word' id='word_1_729' title='bbox 3272 5139 3519 5194; x_wconf 84' lang='lat' dir='ltr'><strong>Ecclesia</strong></span> 
     </span>
    </p>
   </div>
   <div class='ocr_carea' id='block_1_109' title="bbox 1943 5227 3522 5304">
    <p class='ocr_par' dir='ltr' id='par_1_109' title="bbox 1943 5227 3522 5304">
     <span class='ocr_line' id='line_1_110' title="bbox 1943 5227 3522 5304; baseline -0.003 -15"><span class='ocrx_word' id='word_1_730' title='bbox 1943 5235 2214 5298; x_wconf 88' lang='lat' dir='ltr'><strong>versaris.</strong></span> <span class='ocrx_word' id='word_1_731' title='bbox 2245 5242 2378 5290; x_wconf 89' lang='lat' dir='ltr'><strong>tunc</strong></span> <span class='ocrx_word' id='word_1_732' title='bbox 2414 5234 2594 5290; x_wconf 91' lang='lat' dir='ltr'><strong>solum</strong></span> <span class='ocrx_word' id='word_1_733' title='bbox 2626 5227 2866 5300; x_wconf 71' lang='lat' dir='ltr'><strong>doceas:</strong></span> <span class='ocrx_word' id='word_1_734' title='bbox 2893 5234 3135 5304; x_wconf 90' lang='lat' dir='ltr'><strong>dumque</strong></span> <span class='ocrx_word' id='word_1_735' title='bbox 3173 5231 3416 5303; x_wconf 82' lang='lat' dir='ltr'><strong>pericula</strong></span> <span class='ocrx_word' id='word_1_736' title='bbox 3439 5232 3522 5294; x_wconf 89' lang='lat' dir='ltr'><strong>in-</strong></span> 
     </span>
    </p>
   </div>
   <div class='ocr_carea' id='block_1_110' title="bbox 1943 5323 3518 5403">
    <p class='ocr_par' dir='ltr' id='par_1_110' title="bbox 1943 5323 3518 5403">
     <span class='ocr_line' id='line_1_111' title="bbox 1943 5323 3518 5403; baseline -0.003 -22"><span class='ocrx_word' id='word_1_737' title='bbox 1943 5333 2169 5400; x_wconf 87' lang='lat' dir='ltr'><strong>gruunt,</strong></span> <span class='ocrx_word' id='word_1_738' title='bbox 2215 5326 2456 5383; x_wconf 77' lang='lat' dir='ltr'><strong>desistas</strong></span> <span class='ocrx_word' id='word_1_739' title='bbox 2501 5346 2520 5383; x_wconf 82' lang='lat'><strong>:</strong></span> <span class='ocrx_word' id='word_1_740' title='bbox 2560 5326 2659 5384; x_wconf 90' lang='lat' dir='ltr'><strong>sed</strong></span> <span class='ocrx_word' id='word_1_741' title='bbox 2707 5326 2824 5384; x_wconf 87' lang='lat' dir='ltr'><strong>sive</strong></span> <span class='ocrx_word' id='word_1_742' title='bbox 2861 5342 3086 5383; x_wconf 90' lang='lat' dir='ltr'><strong>carcere</strong></span> <span class='ocrx_word' id='word_1_743' title='bbox 3131 5326 3383 5403; x_wconf 86' lang='lat' dir='ltr'><strong>inclusus</strong></span> <span class='ocrx_word' id='word_1_744' title='bbox 3419 5323 3518 5389; x_wconf 88' lang='lat' dir='ltr'><strong>sis,</strong></span> 
     </span>
    </p>
   </div>
   <div class='ocr_carea' id='block_1_111' title="bbox 1947 5418 3446 5490">
    <p class='ocr_par' dir='ltr' id='par_1_111' title="bbox 1947 5418 3446 5490">
     <span class='ocr_line' id='line_1_112' title="bbox 1947 5418 3446 5490; baseline -0.001 -16"><span class='ocrx_word' id='word_1_745' title='bbox 1947 5419 2063 5475; x_wconf 87' lang='lat' dir='ltr'><strong>sive</strong></span> <span class='ocrx_word' id='word_1_746' title='bbox 2091 5431 2285 5475; x_wconf 90' lang='lat' dir='ltr'><strong>catena</strong></span> <span class='ocrx_word' id='word_1_747' title='bbox 2311 5422 2552 5486; x_wconf 87' lang='lat' dir='ltr'><strong>vinctus,</strong></span> <span class='ocrx_word' id='word_1_748' title='bbox 2589 5435 2702 5475; x_wconf 88' lang='lat' dir='ltr'><strong>non</strong></span> <span class='ocrx_word' id='word_1_749' title='bbox 2735 5435 2925 5476; x_wconf 88' lang='lat' dir='ltr'><strong>cesses</strong></span> <span class='ocrx_word' id='word_1_750' title='bbox 2963 5435 2992 5473; x_wconf 89' lang='lat' dir='ltr'><strong>a</strong></span> <span class='ocrx_word' id='word_1_751' title='bbox 3028 5418 3446 5490; x_wconf 67' lang='lat' dir='ltr'><strong>praedicatione.</strong></span> 
     </span>
    </p>
   </div>
   <div class='ocr_carea' id='block_1_112' title="bbox 2021 5511 3514 5582">
    <p class='ocr_par' dir='ltr' id='par_1_112' title="bbox 2021 5511 3514 5582">
     <span class='ocr_line' id='line_1_113' title="bbox 2021 5511 3514 5582; baseline 0 -19"><span class='ocrx_word' id='word_1_752' title='bbox 2021 5531 2040 5563; x_wconf 73' lang='grc' dir='ltr'><strong>ι</strong></span> <span class='ocrx_word' id='word_1_753' title='bbox 2077 5512 2399 5571; x_wconf 85' lang='lat' dir='ltr'><strong>Prurientes</strong></span> <span class='ocrx_word' id='word_1_754' title='bbox 2441 5514 2716 5578; x_wconf 87' lang='lat' dir='ltr'><strong>auditum,</strong></span> <span class='ocrx_word' id='word_1_755' title='bbox 2750 5523 2804 5570; x_wconf 89' lang='lat' dir='ltr'><strong>et</strong></span> <span class='ocrx_word' id='word_1_756' title='bbox 2835 5529 2865 5568; x_wconf 92' lang='lat' dir='ltr'><strong>a</strong></span> <span class='ocrx_word' id='word_1_757' title='bbox 2897 5512 3128 5569; x_wconf 87' lang='lat' dir='ltr'><strong>veritate</strong></span> <span class='ocrx_word' id='word_1_758' title='bbox 3168 5511 3390 5582; x_wconf 87' lang='lat' dir='ltr'><strong>quidem</strong></span> <span class='ocrx_word' id='word_1_759' title='bbox 3418 5526 3514 5564; x_wconf 90' lang='lat' dir='ltr'><strong>au-</strong></span> 
     </span>
    </p>
   </div>
   <div class='ocr_carea' id='block_1_113' title="bbox 1945 5605 3519 5672">
    <p class='ocr_par' dir='ltr' id='par_1_113' title="bbox 1945 5605 3519 5672">
     <span class='ocr_line' id='line_1_114' title="bbox 1945 5605 3519 5672; baseline -0.001 -13"><span class='ocrx_word' id='word_1_760' title='bbox 1945 5605 2121 5660; x_wconf 89' lang='lat' dir='ltr'><strong>ditum</strong></span> <span class='ocrx_word' id='word_1_761' title='bbox 2171 5615 2441 5672; x_wconf 86' lang='lat' dir='ltr'><strong>avertent,</strong></span> <span class='ocrx_word' id='word_1_762' title='bbox 2498 5607 2566 5662; x_wconf 90' lang='lat' dir='ltr'><strong>ad</strong></span> <span class='ocrx_word' id='word_1_763' title='bbox 2618 5607 2834 5664; x_wconf 84' lang='lat' dir='ltr'><strong>fabulas</strong></span> <span class='ocrx_word' id='word_1_764' title='bbox 2869 5615 3054 5664; x_wconf 88' lang='lat' dir='ltr'><strong>autem</strong></span> <span class='ocrx_word' id='word_1_765' title='bbox 3103 5612 3519 5661; x_wconf 85' lang='lat' dir='ltr'><strong>convertentur.</strong></span> 
     </span>
    </p>
   </div>
   <div class='ocr_carea' id='block_1_114' title="bbox 1947 5692 3518 5769">
    <p class='ocr_par' dir='ltr' id='par_1_114' title="bbox 1947 5692 3518 5769">
     <span class='ocr_line' id='line_1_115' title="bbox 1947 5692 3518 5769; baseline -0.001 -21"><span class='ocrx_word' id='word_1_766' title='bbox 1947 5693 2160 5768; x_wconf 79' lang='lat' dir='ltr'><strong>[Vsss.-</strong></span> <span class='ocrx_word' id='word_1_767' title='bbox 2196 5697 2250 5762; x_wconf 82' lang='lat'><strong>5,</strong></span> <span class='ocrx_word' id='word_1_768' title='bbox 2306 5696 2382 5767; x_wconf 87' lang='grc'><strong>6.)</strong></span> <span class='ocrx_word' id='word_1_769' title='bbox 2435 5698 2517 5753; x_wconf 88' lang='grc' dir='ltr'><strong>Τιι</strong></span> <span class='ocrx_word' id='word_1_770' title='bbox 2556 5713 2687 5754; x_wconf 85' lang='lat' dir='ltr'><strong>vero</strong></span> <span class='ocrx_word' id='word_1_771' title='bbox 2713 5698 2900 5769; x_wconf 84' lang='lat' dir='ltr'><strong>vigila,</strong></span> <span class='ocrx_word' id='word_1_772' title='bbox 2933 5699 2994 5753; x_wconf 88' lang='lat' dir='ltr'><strong>in</strong></span> <span class='ocrx_word' id='word_1_773' title='bbox 3021 5696 3281 5753; x_wconf 86' lang='lat' dir='ltr'><strong>omnibus</strong></span> <span class='ocrx_word' id='word_1_774' title='bbox 3307 5692 3518 5759; x_wconf 79' lang='lat' dir='ltr'><strong>labora,</strong></span> 
     </span>
    </p>
   </div>
   <div class='ocr_carea' id='block_1_115' title="bbox 1947 5783 3515 5859">
    <p class='ocr_par' dir='ltr' id='par_1_115' title="bbox 1947 5783 3515 5859">
     <span class='ocr_line' id='line_1_116' title="bbox 1947 5783 3515 5859; baseline -0.003 -17"><span class='ocrx_word' id='word_1_775' title='bbox 1947 5803 2084 5854; x_wconf 86' lang='lat' dir='ltr'><strong>opus</strong></span> <span class='ocrx_word' id='word_1_776' title='bbox 2125 5787 2210 5845; x_wconf 75' lang='lat' dir='ltr'><strong>fac</strong></span> <span class='ocrx_word' id='word_1_777' title='bbox 2263 5791 2634 5859; x_wconf 69' lang='lat' dir='ltr'><strong>evangelistw,</strong></span> <span class='ocrx_word' id='word_1_778' title='bbox 2677 5791 3068 5849; x_wconf 85' lang='lat' dir='ltr'><strong>ministerium</strong></span> <span class='ocrx_word' id='word_1_779' title='bbox 3129 5798 3287 5845; x_wconf 89' lang='lat' dir='ltr'><strong>tuum</strong></span> <span class='ocrx_word' id='word_1_780' title='bbox 3329 5783 3515 5841; x_wconf 75' lang='lat' dir='ltr'><strong>imnle.</strong></span> 
     </span>
    </p>
   </div>
  </div>
