3970 6294
289 335 428 404 1029

1327 334 1410 397 IN
1450 332 1691 395 EPIST.
1733 333 1834 394 AD
1857 332 2397 398 PHILEMONEM.

3409 316 3547 394 i030

364 454 429 509 Εί
460 452 571 527 γάρ
604 434 1414 526 συμϐαίνειυγυναῖκαμπιστὴν
1447 448 1665 520 ἀπίστῳ
1704 464 1861 503 συνοι

2046 448 2182 505 Nam
2207 451 2253 507 si
2309 451 2585 525 contingit
2618 463 2677 509 ut
2709 472 2850 513 uxor
2880 455 3078 520 ﬁdelis,
3110 466 3235 525 qum
3263 465 3389 507 eum
3426 449 3546 503 vim

285 543 511 613 κοῦσαν,
543 547 620 619 μὴ
647 542 787 602 εἶναι
805 546 1083 620 ἐνάρετον,
1112 546 1147 617 ἡ
1171 542 1491 617 βλασφημία
1508 542 1601 596 ἐπὶ
1622 540 1714 595 τὸν
1733 540 1866 596 Θεδν

284 635 582 693 διαϐαίνειν
610 638 823 697 εἷωθεν.
1813 632 1826 638 ’

359 746 382 784 ι
421 731 523 795 ’ος
560 730 762 787 ἔδωκεν
805 731 998 787 ἐαυτὸν
1028 731 1170 803 ὑπὲρ
1203 727 1380 803 ἡμῶν,
1405 729 1495 784 ἵνα
1516 727 1864 801 λυτρώσηται

287 820 565 894 ῦμᾶςάπδ
591 824 776 896 πάσης
803 826 1061 897 ἀνομίας,
1085 825 1180 880 καὶ
1216 822 1498 896 καθαρίσῃ
1527 819 1708 894 ἑαυτῷ
1735 820 1865 875 λαὸν

286 914 621 985 περιούσιον,
664 913 917 989 ζηλωτὴν
968 916 1155 971 καλῶν
1208 915 1408 989 ἔργων.
1454 914 1641 969 Ταῦτα
1689 912 1861 979 λάλει,

286 1006 383 1087 καὶ
429 1007 763 1080 παρακάλει,
800 1010 896 1064 καὶ
944 1009 1133 1082 ἔλεγχε
1187 1007 1327 1080 μετά
1364 1007 1549 1079 πάσης
1571 997 1860 1085 ἐπιταγῆς.

286 1099 495 1170 Μηδείς
527 1117 623 1155 σου
658 1102 1081 1174 περιφρονείτω.
1120 1121 1141 1155 ι

920 1195 1174 1252 ΚΕΦΔΛ.
1208 1194 1283 1250 Γ’.

363 1305 383 1339 ι
416 1285 835 1358 Ὑπομίμνησκε
866 1289 1061 1361 αὐτοὺς
1084 1290 1298 1361 ἀρχαῖς,
1329 1287 1424 1343 καὶ
1446 1287 1718 1354 ἐξουσίαις
1739 1287 1865 1341 ὑπο-

250 1386 252 1389 ’
286 1376 603 1443 τάσσεσθαι,
627 1360 983 1451 πειθαρχεῖν,
1001 1360 1139 1450 πρὸς
1162 1381 1272 1434 πᾶν
1299 1380 1461 1452 ἔργον
1485 1379 1693 1448 ἀγαθὸν
1720 1377 1862 1433 ἑτοί-

290 1486 424 1539 μους
456 1465 618 1537 εἶναι,
654 1469 856 1541 μηδένα
878 1472 1241 1543 βλασφημεῖν,
1265 1472 1516 1544 ἀμάχους
1541 1469 1703 1541 εἶναι,
1734 1474 1861 1527 ἐπι-

286 1565 472 1629 εικείς,
524 1562 706 1617 πᾶσαν
740 1562 1185 1635 ἐνδεικνυμένους
1216 1564 1503 1637 πραότητα
1553 1563 1692 1637 πρὸς
1726 1562 1865 1619 πάν-

284 1672 384 1720 τας
408 1654 753 1726 ἀνθρώπους.
792 1650 981 1727 Ἦμεν
1010 1656 1119 1727 γάρ
1147 1672 1279 1710 ποτε
1297 1656 1393 1711 καὶ
1424 1658 1589 1728 ἡμεῖς
1617 1653 1860 1729 ἀνόητοι,

251 1746 555 1814 ιάπειθεῖς,
600 1745 970 1818 πλανώμενοι,
1018 1746 1368 1814 δουλεύοντες
1408 1750 1731 1824 ἐπιθυμίαις
1766 1738 1863 1806 καίΙ

1976 539 2181 597 inﬁdeli
2216 542 2450 613 habitat,
2482 546 2674 601 virtuti
2709 564 2817 604 non
2848 549 2939 605 det
2964 560 3222 617 operam,
3264 544 3549 597 obtrecta-

1973 633 2048 688 tio
2074 643 2127 689 et
2157 633 2500 708 blasphemia
2531 639 2586 693 in
2614 637 2782 696 Deum
2817 641 2992 711 ipsum
3023 636 3335 696 redundare
3363 634 3526 690 solet.

2047 724 2212 784 νεεδ.
2246 729 2437 797 H,l5.
2478 750 2496 782 ι
2536 731 2639 799 Qui
2672 733 2820 789 dedit
2853 733 3212 804 semetipsum
3240 745 3342 802 pro
3367 727 3553 797 nobis,

1968 824 2032 873 ut
2064 820 2361 878 redimeret
2400 838 2503 879 nos
2534 823 2603 877 ab
2632 824 2782 879 omni
2809 824 3125 896 iniquitate,
3161 834 3215 879 et
3246 821 3546 876 mundaret

1970 911 2073 968 sibi
2123 915 2386 987 populum
2426 916 2846 987 acceptabiiem,
2894 923 3227 973 sectatorem
3274 914 3552 968 bonorum

1969 1020 2219 1076 operum.
2255 1005 2385 1064 Haec
2412 1008 2662 1080 loquere,
2692 1018 2747 1065 et
2777 1010 3098 1074 exhortare,
3124 1016 3179 1063 et
3209 1021 3386 1077 argue
3420 1020 3547 1061 cum

1905 1106 1911 1124 ⁵
1961 1103 2118 1157 'omni
2163 1101 2418 1174 imperio.
2458 1102 2629 1159 Nemo
2662 1112 2714 1159 te
2752 1108 3092 1159 contemnat.
3137 1119 3158 1154 ι

2667 1198 2826 1254 CAP.
2862 1198 2945 1255 ill.

2040 1288 2208 1348 Vens.
2244 1291 2396 1349 1-15.
2432 1283 2710 1349 «Admone
2748 1292 2873 1348 illos
2908 1289 3335 1364 principibus'et
3390 1294 3548 1359 pote-

1971 1384 2212 1440 statibus
2249 1380 2502 1441 subditos
2525 1400 2673 1451 esse,
2696 1384 2848 1441 dicto
2867 1384 3115 1449 obedire,
3146 1382 3213 1439 ad
3230 1395 3393 1436 omne
3408 1376 3546 1450 opus

1969 1465 2183 1532 bonum
2217 1486 2442 1548 paratos
2473 1493 2618 1545 esse,
2670 1477 2949 1534 neminem
2978 1476 3386 1547 biasphemare,
3434 1486 3544 1527 non

1968 1567 2249 1645 litigiosos
2286 1584 2433 1637 esse,
2467 1571 2562 1627 sed
2597 1568 2899 1639 modestos,
2930 1583 3149 1626 omnem
3188 1565 3549 1624 ostendentes

1968 1661 2446 1718 mansuetudinem
2479 1662 2547 1719 ad
2578 1678 2769 1720 omnes
2800 1661 3073 1718 homines.
3126 1658 3363 1714 Eramus
3390 1657 3543 1713 enim

1969 1751 2271 1823 aliquando
2301 1760 2356 1809 et
2388 1768 2490 1809 nos
2518 1753 2875 1825 insipientes,
2908 1751 3202 1820 increduli,
3256 1744 3537 1815 errantes,

285 1838 504 1910 ἡδοναῖς
541 1837 835 1905 ποικίλαις,
876 1840 937 1893 ἐν
980 1840 1170 1913 κακίᾳ,
1209 1841 1305 1895 καὶ
1353 1840 1534 1915 φθόνῳ
1563 1841 1861 1912 διάγοντες,

1969 1845 2277 1902 servientes
2329 1846 2625 1904 desideriis
2676 1854 2731 1903 et
2794 1845 3177 1917 voluptatibus
3228 1842 3427 1907 variis,
3485 1841 3543 1896 in

287 1932 568 2000 στυγητοὶ,
612 1931 896 2001 μισοῦντες
931 1931 1213 2004 ἀλλήλους.
1248 1932 1382 1988 Ὅτε
1408 1932 1465 1988 δέ
1496 1935 1530 2005 ὴ
1558 1934 1865 2006 χρηστότης

284 2023 384 2079 καὶ
401 2024 433 2095 ἡ
452 2022 835 2094 φιλανθρωπία
862 2024 1109 2095 ἐπεφάνη
1129 2022 1225 2078 τοῦ
1250 2021 1505 2098 Σωτῆρος
1522 2025 1683 2098 ἡμῶν
1703 2025 1864 2093 Θεοῦ,

280 2119 386 2174 οὐκ
431 2119 494 2184 ἐξ
536 2117 716 2190 ἔργων
760 2118 870 2172 τῶν
925 2119 984 2172 ἐν
1033 2118 1352 2192 δικαιοσύνῃ
1402 2114 1477 2175 ὧν
1525 2121 1866 2192 ἐποιήσαμεν

284 2212 470 2284 ἡμεῖς,
504 2209 642 2265 ἀλλά
680 2211 822 2267 κατά
851 2210 914 2264 τὸ
939 2210 1135 2265 ἐαυτοῦ
1170 2212 1319 2276 ἔλεος
1343 2211 1549 2267 ἔσωσεν
1575 2212 1745 2284 ἡμᾶς,
1775 2213 1865 2267 διὰ

280 2294 513 2377 λουτροῦ
545 2304 988 2374 παλιγγενεσίας,
1021 2304 1118 2359 καὶ
1164 2305 1588 2371 ἀνακαινώσεως
1614 2305 1867 2378 Πνεῦμα-

282 2414 377 2462 τος
404 2396 584 2466 ἁγίου,
615 2388 677 2450 οὗ
697 2396 912 2470 ἐξέχεεν
944 2399 1029 2469 ἐφ’
1057 2398 1206 2469 ἡμᾶς
1248 2398 1519 2464 πλουσίως
1557 2398 1647 2455 διὰ
1689 2398 1865 2473 Ἰησοῦ

283 2486 524 2560 Χριστοῦ
572 2485 669 2542 τοῦ
707 2486 964 2560 Σωτῆρος
1004 2488 1185 2561 ἡμῶν,
1228 2489 1317 2543 ῖνα
1359 2489 1747 2556 δικαιωθέντες
1796 2493 1863 2563 τῇ

282 2582 496 2637 ἐκείνου
537 2581 741 2654 χάριτι,
789 2582 1121 2657 κληρονόμοι
1185 2580 1479 2654 γενώμεθα
1521 2581 1642 2636 κατ’
1670 2582 1867 2639 ἐλπίδα

283 2674 433 2748 ζωῆς
483 2677 727 2731 αἰωνίου.
784 2677 987 2743 Πιστὸς
1014 2678 1044 2730 ὁ
1082 2676 1239 2747 λόγος
1266 2694 1283 2710 ο
1323 2677 1418 2731 καὶ
1472 2676 1601 2749 περὶ
1656 2677 1866 2731 τούτων

285 2770 548 2843 βούλομαί
575 2787 636 2824 σε
669 2769 1043 2841 βεσαιοῦσθαι,
1070 2770 1159 2825 ἵνα
1205 2769 1536 2843 φροντίζωσι
1563 2768 1746 2823 καλῶν
1767 2769 1863 2841 ἕρ-

279 2878 397 2933 γων
430 2860 794 2935 προΐστασθαι
825 2863 875 2916 οἱ
916 2861 1341 2925 πεπιστευκότες
1366 2858 1507 2932 Θεῷ.
1534 2859 1722 2915 Ταῦτά
1747 2861 1866 2914 ἐστι

278 2953 427 3017 καλά
453 2953 550 3008 καὶ
580 2952 835 3025 ὠφέλιμα
862 2955 976 3018 τοῖς
1006 2951 1582 3025 ἀνθρὼποις.Μωράς
1610 2952 1668 3006 δέ
1702 2952 1867 3025 ζητήο

275 3058 400 3107 ost;
420 3042 515 3097 καὶ
537 3041 919 3113 γενεαλογίας,
952 3044 1053 3098 καὶ
1082 3042 1252 3116 ἕρεις,
1282 3043 1379 3098 καὶ
1410 3044 1590 3117 μάχας
1610 3043 1862 3116 νομικὰς

276 3133 633 3207 περιίστασο.
657 3133 782 3189 Εἰσὶ
810 3136 920 3207 γὰρ
945 3133 1246 3204 ἀνωφελεῖς
1286 3135 1381 3189 καὶ
1413 3135 1654 3206 μάταιοι.
1694 3135 1860 3207 Δερε-

1969 1937 2177 1993 malitia
2207 1946 2265 1995 et
2295 1938 2501 1994 invidia
2536 1945 2785 2011 agentes,
2827 1938 3084 2001 odibiles,
3116 1937 3371 1995 edientes
3404 1923 3548 2006 invié,

1967 2047 2108 2088 cem.
2144 2021 2281 2105 cum
2334 2028 2519 2090 autem
2560 2032 2875 2103 benignitas
2922 2038 2976 2087 et
3010 2031 3333 2099 immanitas
3374 2045 3545 2100 appa-

1968 2123 2081 2177 ruit
2122 2120 2430 2179 Salvatoris
2481 2122 2659 2178 nostri
2689 2120 2783 2178 Dei
2810 2136 2920 2177 non
2950 2137 3016 2178 ex
3045 2120 3548 2193 operibusju‘sutiae

1966 2227 2091 2283 quae
2140 2213 2373 2271 fecimus
2410 2229 2534 2281 nos,
2577 2215 2674 2270 sed
2739 2214 3042 2270 secundum
3109 2212 3545 2268 misericordiam

1967 2323 2122 2363 suam
2154 2307 2335 2364 salvos
2358 2322 2461 2363 nos
2482 2306 2611 2364 fecit
2640 2322 2738 2378 per
2772 2306 3050 2362 lavacrum
3106 2305 3546 2379 regenerationis

1973 2409 2028 2453 et
2091 2397 2469 2455 reno’Vationis
2518 2396 2755 2470 Spiritus
2788 2398 2987 2464 sancti,
3023 2413 3185 2470 quem
3256 2397 3451 2453 effudit
3490 2399 3545 2453 in

1966 2502 2070 2543 nos
2102 2488 2319 2544 abunde
2366 2503 2465 2559 per
2515 2487 2696 2545 Iesum
2730 2489 3008 2547 Christum
3047 2489 3387 2548 Salvatorem
3434 2506 3547 2546 no-

1966 2590 2166 2647 strum,
2220 2588 2277 2635 ut
2303 2580 2592 2652 iustiﬁcati
2634 2581 2809 2654 gratia
2842 2580 3034 2652 ipsius,
3073 2582 3317 2639 hzeredes
3370 2583 3545 2640 simus

1965 2672 2269 2728 secundum
2304 2688 2459 2744 spem
2490 2672 2616 2729 vita:
2674 2681 2915 2729 aeterna.
2974 2673 3178 2730 Fidelis
3203 2685 3385 2731 sermo
3417 2681 3543 2741 est;

1963 2775 2019 2820 et
2050 2762 2117 2820 de
2151 2764 2235 2820 his
2268 2754 2391 2820 volo
2421 2774 2477 2822 te
2498 2767 2852 2831 coniirmare,
2888 2772 2950 2821 ut
2976 2764 3172 2822 eurent
3199 2766 3361 2823 bonis
3401 2780 3536 2838 ope-

1963 2858 2119 2914 ribus
2145 2872 2403 2929 pracesse,
2426 2857 2528 2929 qui
2555 2844 2813 2915 credunt.
2844 2857 2974 2915 Deo.
3006 2859 3135 2914 Haec
3167 2858 3458 2915 suntbona
3488 2867 3545 2914 et

1972 2951 2130 3006 utilia
2163 2951 2500 3008 hominibus.
2525 2950 2729 3008 Stultas
2763 2958 2946 3009 autem
2978 2952 3337 3024 quaestiones,
3369 2963 3424 3008 et
3455 2968 3547 3025 ge-

1964 3044 2269 3115 ncalogias,
2305 3052 2361 3101 et
2388 3044 2796 3118 contentiones,
2831 3051 2886 3102 et
2911 3060 3125 3117 pugnas
3171 3046 3304 3118 legis
3330 3046 3542 3115 devita;

1966 3144 2097 3192 sunt
2149 3137 2294 3192 enim
2328 3135 2553 3194 inutiles
2579 3144 2634 3194 et
2652 3152 2833 3210 vanas.
2888 3135 3214 3194 Haereticum
3264 3132 3544 3196 hominem

272 3225 432 3308 τικδν
455 3225 745 3299 ἄνθρωπον
783 3227 922 3298 μετά
960 3227 1093 3298 μίαν
1134 3228 1234 3284 καὶ
1273 3226 1537 3300 δευτέραν
1574 3227 1861 3283 νουθεσίαν

1969 3237 2093 3303 post
2152 3244 2319 3284 unam
2371 3235 2428 3284 et
2478 3208 2778 3287 secundam
2840 3230 3245 3302 correptionem
3306 3231 3541 3289 devita:

273 3319 573 3392 παραιτοῦ,
632 3319 791 3386 εἰδὼς
818 3321 900 3375 ὅτι
952 3319 1319 3393 ἐξέστραπται
1369 3321 1399 3375 δ
1436 3320 1701 3385 τοιοῦτος,
1766 3321 1863 3375 καὶ

270 3412 608 3484 ἁμαρτάνει,
641 3409 720 3467 ὣν
757 3412 1245 3486 αὐτοκατάκριτος.
1279 3414 1447 3468 Ὅταν
1480 3406 1683 3486 πέμψω
1732 3414 1862 3486 Ἀρ-

271 3508 455 3578 τεμᾶν
501 3505 639 3577 πρὸς
668 3504 749 3573 σὲ,
786 3505 820 3580 ἢ
855 3506 1113 3578 Τυχικδν,
1158 3507 1466 3563 σπούδασον
1515 3505 1694 3563 ἐλθεῖν
1722 3506 1862 3580 πρός

273 3616 352 3670 με
373 3597 454 3663 είς
481 3596 796 3654 Νικόπολιν.
831 3594 981 3651 Ἐκεῖ
1008 3597 1119 3670 γάρ
1145 3597 1379 3669 κέκρικα
1413 3599 1857 3671 παραχειμάσαι.

269 3694 459 3764 Ζηνᾶν
509 3692 603 3747 τὸν
639 3692 871 3765 νομικὸν
922 3694 1018 3747 καὶ
1063 3692 1309 3748 ’Δπολλὼ
1356 3692 1665 3757 σπουδαίως
1719 3692 1859 3765 πρό-

270 3786 519 3858 πεμψον,
560 3786 651 3841 ῖνα
691 3785 859 3859 μηδὲν
898 3785 1082 3852 αὐτοῖς
1119 3785 1305 3863 λείπῃ.
1336 3787 1776 3843 Μανθανέτωσαν
1802 3787 1861 3841 δὲ

268 3880 389 3940 καὶ,
410 3865 467 3933 οῖ’
510 3879 775 3953 ἡμέτεροι
818 3880 1002 3960 καλῷν
1032 3880 1212 3953 ἔργων
1241 3868 1610 3953 προῒστασθαι
1648 3883 1731 3947 είς
1760 3881 1864 3947 τὰς

269 3972 589 4040 ἀναγκαίας
646 3972 860 4045 χρείας,
897 3974 985 4027 ἵνα
1045 3974 1120 4044 μὴ
1166 3968 1301 4028 ὦσιν
1335 3974 1603 4047 ἄκαρποι.
1652 3974 1865 4030 Ἀσπά-’

268 4065 465 4132 ζονταί
497 4080 559 4118 σε
586 4066 637 4119 oi
673 4065 792 4137 μετ’
820 4065 957 4138 ἐμοῦ
1004 4068 1230 4130 πάντες.
1266 4068 1551 4121 ’Ἄσπασαι
1592 4069 1717 4131 τοὺς
1772 4084 1861 4137 φι-

264 4156 665 4229 λώνταςὴμᾶς
689 4158 749 4212 ἐν
771 4157 974 4215 πίστει.
1010 4157 1074 4213 Ἢ
1092 4159 1252 4231 χάρις
1276 4159 1416 4231 μετά
1431 4160 1651 4216 πάντων
1677 4160 1707 4213 ὑ
1716 4158 1854 4231 μῶν.

278 4248 487 4319 ’Δμήν.

264 4341 435 4412 Πρὸς
467 4342 661 4408 Τίτον,
690 4340 802 4411 τῆς
830 4341 1081 4410 Κρητῶν
1105 4341 1445 4410 ἐκκλησίας
1477 4339 1716 4412 πρῶτον
1730 4343 1860 4398 ἐπιδ

311 4411 589 4483 Ῑσκοπονξ
625 4411 1139 4482 χειροτονηθέντα,
1173 4412 1405 4483 ἐγιοάερη
1451 4411 1573 4471 ἀπὸ
1599 4416 1858 4470 Νικοπό-

342 4486 503 4550 λεως
522 4482 635 4555 τῆς
658 4483 1058 4551 Μακεδονίας.
1083 4482 1448 4553 Στίχωνίιιζκ

1965 3324 2149 3379 sciens
2180 3322 2312 3395 quia
2363 3323 2679 3380 subversus
2732 3332 2841 3389 est,
2878 3323 2975 3395 qui
3032 3324 3307 3395 ejusmodi
3351 3337 3454 3391 est,
3490 3334 3548 3384 et

1964 3416 2254 3487 delinquit,
2291 3432 2419 3472 cum
2461 3416 2534 3473 sit
2560 3417 2789 3489 proprio
2842 3410 3072 3489 judicio
3119 3417 3541 3476 condemnatus.

1961 3509 2101 3566 Cum
2133 3508 2340 3565 misero
2364 3508 2437 3563 ad
2473 3516 2528 3565 te
2550 3508 2838 3573 Artemam
2868 3516 2961 3563 aut
2986 3508 3311 3582 Tychicum,
3332 3509 3543 3583 iestina

1963 3599 2031 3656 ad
2059 3615 2145 3657 me
2173 3599 2365 3657 venire
2396 3598 2703 3671 Nicopolim
2737 3617 2753 3654 :
2795 3597 2871 3655 ibi
2895 3598 3043 3657 enim
3077 3599 3245 3679 statui
3275 3600 3542 3658 hiemare.

1963 3692 2168 3749 Zenam
2224 3693 2602 3765 iegisperitum
2636 3694 2705 3749 et‘
2752 3692 2951 3764 Apollo
2982 3691 3221 3751 sollicite
3245 3696 3542 3766 praemitte,

1962 3796 2023 3843 ut
2048 3786 2187 3841 nihil
2231 3786 2343 3849 illis
2374 3784 2537 3842 desit.
2584 3784 2805 3841 Discant
2847 3797 3031 3841 autem
3064 3793 3119 3842 et
3150 3788 3328 3843 nostri
3366 3787 3527 3846 bonis

1960 3879 2224 3952 cperibus
2292 3895 2531 3955 praeesse
2559 3880 2627 3935 ad
2671 3896 2806 3937 usus
2849 3879 3217 3948 necessarios,
3256 3880 3370 3937 non
3431 3882 3544 3939 sint

1967 3972 2327 4031 infructuosi.
2387 3972 2645 4028 Salutant
2678 3980 2731 4028 to
2762 3971 2859 4044 qui
2882 3986 3102 4029 mecum
3135 3962 3268 4029 sunt
3323 3988 3537 4031 omnes.

1963 4064 2155 4121 Saluta
2189 4080 2287 4123 eos
2324 4066 2421 4138 qui
2447 4080 2554 4122 nos
2584 4072 2773 4121 amant
2801 4064 2857 4122 in
2892 4063 3019 4122 ﬁde.
3048 4062 3240 4121 Gratia
3271 4062 3367 4124 Dei
3399 4082 3528 4125 cum

1959 4159 2215 4215 omnibus
2255 4156 2441 4216 vobis.
2472 4160 2670 4215 Amen.
2707 4176 2727 4212 ι

2000 4318 2005 4321 Δ
2031 4340 2339 4413 ΑιίίΤίιιιηι,
2364 4342 2455 4413 qui
2478 4343 2681 4412 primus
2708 4342 2880 4400 Cretae
2926 4342 3221 4413 episcopus
3255 4346 3539 4399 ordinatus

1961 4412 2086 4483 fuit,
2116 4410 2643 4483 ΕρὶςιοιαΝἰοοροίὶ
2673 4430 2739 4471 ατ
2769 4410 2980 4470 civitath
3029 4410 3538 4473 Hdeedoniw’scri«

1958 4494 2053 4553 pta
2084 4494 2183 4541 est.
2226 4484 2474 4541 Versibus
2514 4486 2604 4541 97.

925 4856 1098 4944 ΕΙΣ
1173 4854 1814 4944 ΕΠΙΣΤΟΑΗΝ
1878 4855 2168 4943 ΠΡΟΣ
2269 4856 2895 4949 ΦΙΛΗΜΟΝΑ.

1876 5065 1950 5079 ξ.-
1968 5078 1971 5079 ,

820 5162 965 5303 lN'
1066 5194 1760 5312 'EPISTOLAM
1893 5210 2044 5302 AD
2180 5212 3039 5309 PHILEMONEM.

344 5533 368 5569 ι
404 5512 615 5577 Παῦλος
643 5510 864 5585 δέσμιος
902 5491 1080 5586 Ἰησοῦ
1129 5512 1394 5586 Χριστοῦ,
1446 5513 1544 5570 καὶ
1582 5515 1851 5589 Τιμόθεος

2024 5520 2187 5594 273
2210 5519 2379 5580 Vens.
2409 5523 2536 5579 1-5.
2562 5541 2582 5575 ι
2600 5522 2804 5581 Paulus
2820 5525 3037 5583 vinctus
3062 5526 3267 5584 Christi
3291 5526 3442 5592 Jesu,
3478 5536 3532 5583 et

248 5611 286 5664 ὁ
311 5605 562 5676 ἀδελφὸς,
581 5604 843 5676 Φιλήμονι
863 5603 942 5677 τῷ
964 5605 1234 5678 ἀγαπητῷ
1262 5606 1357 5661 καὶ
1382 5607 1631 5680 συνεργῷ
1665 5611 1698 5680 ή
1708 5609 1845 5681 μῶν,

251 5700 367 5757 καὶ
408 5698 613 5771 Ἀπφίᾳ
631 5700 697 5772 τῇ
727 5700 1010 5772 ἀγαπητῇ,
1034 5698 1125 5753 καὶ
1168 5698 1457 5772 Ἀρχίππῳ
1498 5699 1578 5771 τῷ
1607 5718 1871 5773 συστραοη

183 5844 187 5845 ,
252 5789 438 5866 τιώτῃ
470 5792 644 5865 ἡμῶν,
680 5793 774 5848 καὶ
834 5795 901 5866 τῇ
962 5793 1295 5867 κατοικοῦσῃ
1344 5794 1661 5869 Ἐκκλησία,
1684 5796 1849 5869 χάρις

1957 5611 2279 5671 Timotheus
2307 5614 2493 5680 frater,
2517 5614 2826 5672 Philemoni
2858 5617 3059 5674 dilecto
3088 5628 3142 5675 et
3164 5619 3404 5691 adjutor’i
3435 5636 3535 5676 no-

1917 5762 1921 5766 .
1952 5715 2090 5773 stro,
2119 5705 2414 5778 etApphiae
2432 5706 2612 5763 sorori
2632 5706 3059 5774 charissimte,et
3078 5709 3357 5784 Archippo
3383 5725 3532 5765 com-

1954 5798 2189 5855 militoni
2235 5808 2449 5867 nostro,
2481 5807 2535 5857 et
2564 5798 2824 5859 Ecclesiae
2854 5817 2978 5874 qua
3009 5803 3065 5859 in
3098 5802 3262 5860 domo
3293 5813 3383 5874 tua
3426 5809 3530 5866 est.
