3970 6294
469 329 605 403 1031

1660 327 1722 387 S.
1762 326 2083 388 JOANNIS
2109 325 2545 389 DAMASCENI

3590 315 3726 385 1032

462 446 638 520 gratia
689 444 848 503 vobis
907 450 963 499 et
1015 458 1118 515 pax
1154 458 1185 498 a
1241 441 1351 498 Deo
1388 441 1549 497 Patre
1579 451 1632 497 et
1662 441 1889 497 Domino
1918 440 2041 497 .lcsu

2152 439 2286 528 ὑμῖν
2318 440 2415 494 καὶ¹
2436 439 2629 511 εἰρήνη
2659 436 2768 494 ἀπὸ
2795 435 2931 493 Θεοῦ
2961 435 3176 508 Πατρὸς
3217 433 3312 489 καὶ
3334 430 3546 505 Κυρίου
3574 434 3728 504 ἡμῶν

463 539 711 596 Christo.
768 557 787 591 ι

533 630 652 688 Non
680 630 837 686 initio
851 629 1037 685 statim
1054 627 1283 700 gratiam
1297 626 1563 700 postulat,
1586 627 1680 684 sed
1698 628 1874 685 virum
1894 625 2048 699 prius

464 718 823 774 admiratione
853 716 1211 787 prosequitur
1243 727 1299 771 et
1325 715 1513 771 laudat
1535 716 1605 771 ob
1634 715 1886 786 egregias
1942 729 2049 769 ac-

464 812 667 869 tiones.
714 809 1041 864 cbaritatcm
1088 808 1234 863 illius
1272 808 1598 879 praedicans,
1633 814 1688 863 et
1710 806 1870 862 fidem
1917 820 2047 877 erga

463 902 779 967 Dominum,
854 914 964 973 qua
1022 900 1240 955 cunctis
1311 901 1521 957 sanctis
1578 899 2043 956 communicaret.

530 1085 700 1143 Vitas.
724 1085 884 1141 4-20.
932 1101 955 1137 ι
985 1083 1181 1142 Gratia
1210 1098 1315 1156 ago
1367 1082 1478 1141 Deo
1529 1097 1655 1139 meo
1683 1097 1903 1154 semper
1933 1097 2049 1140 me-

458 1178 697 1234 moriam
736 1177 821 1233 tui
881 1175 1093 1233 faciens
1150 1176 1205 1231 in
1240 1175 1589 1231 orationibus
1618 1174 1784 1238 meis.
1815 1174 2045 1229 audiens

455 1270 784 1327 charitatem
823 1275 975 1325 tuam
1008 1278 1065 1325 et
1093 1267 1282 1333 iidem,
1311 1283 1478 1340 quam
1507 1267 1681 1324 babes
1722 1268 1778 1321 iu
1810 1265 2045 1323 Domino

454 1361 612 1432 Jesu,
638 1361 776 1419 etin
814 1377 1009 1419 omnes
1039 1370 1303 1426 sanctos;
1341 1368 1403 1415 ut
1438 1358 1872 1414 communicatio
1916 1357 2043 1414 fidei

457 1462 567 1510 tua:
598 1453 828 1511 evidens
867 1452 963 1508 liat
1026 1449 1082 1507 in
1117 1450 1401 1523 agnitione
1453 1448 1636 1505 omnis
1676 1452 1861 1513 operis
1890 1447 2043 1515 boni,

455 1546 606 1619 quod
643 1554 731 1604 est
758 1546 819 1602 in
865 1543 1023 1601 vobis
1060 1544 1117 1598 in
1148 1541 1373 1601 Christo
1402 1540 1555 1599 Iesu.
1589 1540 1863 1596 Gaudium
1893 1541 2040 1596 enim

457 1653 721 1710 magnum
748 1637 916 1693 babui
948 1644 1002 1692 et
1040 1635 1475 1691 consolationem
1509 1632 1565 1688 in
1596 1634 1871 1689 charitate
1899 1640 1992 1688 tua
2019 1647 2039 1689 :

456 1730 589 1804 quia
624 1729 841 1786 viscera
886 1737 1206 1785 sanctorum
1240 1727 1641 1798 requieverunt
1694 1741 1793 1797 per
1822 1734 1899 1793 te,
1935 1724 2041 1780 ira.

2164 534 2339 605 Ἰησοῦ
2367 532 2628 605 Χριστοῦ.
2655 550 2674 584 ι

2221 626 2335 680 Οὐκ
2362 625 2565 688 εὐθέως
2590 625 2657 678 ἐκ
2711 621 3016 695 προοιμίων
3056 621 3204 676 αἰτεῖ
3252 619 3353 691 τὴν
3379 618 3564 693 χάριν,
3592 616 3731 674 ἀλλὰ

2147 717 2417 790 πρότερον
2444 717 2538 772 τὸν
2563 716 2734 789 ἄνδρα
2770 714 3044 787 θαυμάζει
3093 716 3191 770 καὶ
3241 715 3459 768 ἐπαινεῖ
3492 712 3588 767 ἐπὶ
3618 714 3731 776 τοῖς

2145 810 2538 881 κατορθώμασι
2603 810 2701 881 τὴν
2749 808 2975 879 ἀγάπην
3038 805 3227 874 αὑτοῦ,
3280 806 3380 861 καὶ
3420 806 3521 877 τὴν
3546 804 3732 858 πίστιν

2144 904 2248 973 τὴν
2272 903 2409 977 πρὸς
2433 902 2525 958 τὸν
2551 900 2761 973 Κύριον
2796 899 3059 966 ἐπαινῶν,
3099 898 3161 966 ἐξ
3203 895 3273 973 ἧς
3324 899 3425 955 καὶ
3456 899 3594 955 πᾶσι
3617 901 3733 962 τοῖς

2145 996 2322 1066 ἁγίοις
2353 990 2671 1060 κοινωνικὸς
2704 991 2795 1067 ἦν.

2220 1109 2239 1143 ι
2288 1088 2613 1161 Εὑχαριστῶ
2637 1088 2716 1160 τῷ
2742 1085 2863 1159 Θεῷ
2886 1086 3139 1153 πάντοτε,
3173 1085 3368 1157 μνείαν
3416 1101 3513 1139 σου
3546 1080 3731 1139 ποιού-

2146 1198 2308 1254 μενος
2364 1184 2459 1236 ἐπὶ
2508 1181 2618 1235 τῶν
2671 1180 2993 1252 προσευχῶν
3050 1197 3175 1251 μου,
3213 1177 3428 1233 ἀκούων
3476 1194 3575 1231 σου
3620 1176 3725 1251 τὴν

2142 1274 2386 1347 ἀγάπην,
2414 1272 2513 1329 καὶ
2558 1271 2658 1345 τὴν
2687 1273 2892 1340 πίστιν,
2929 1272 2997 1342 ὴν
3026 1272 3171 1341 ἔχεις
3206 1270 3345 1343 πρὸς
3382 1266 3477 1325 τὸν
3521 1267 3731 1341 Κύριον

2152 1366 2387 1433 Ἰησοῦν,
2419 1366 2515 1421 καὶ
2548 1366 2629 1431 είς
2649 1365 2861 1429 πάντας
2892 1365 3016 1428 τοὺς
3048 1363 3258 1433 ἁγίους,
3292 1363 3443 1428 ὅπως
3470 1364 3505 1436 η
3543 1361 3733 1415 διακο-

2138 1457 2228 1514 νία
2257 1459 2358 1530 τῆς
2418 1458 2657 1522 πίστεώς
2692 1474 2787 1511 σου
2811 1456 3039 1529 ἐνεργὴς
3066 1456 3295 1527 γένηται
3344 1456 3403 1511 ὲν
3433 1453 3734 1524 ἐπιγνώσει

2140 1551 2344 1616 παντὸς
2389 1551 2599 1620 ἀγαθοῦ
2651 1550 2745 1606 τοῦ
2813 1551 2871 1605 ὲν
2929 1552 3063 1621 ἡμῖν
3092 1551 3172 1614 είς
3197 1548 3437 1619 Χριστὸν
3492 1545 3727 1618 Ἰησοῦν.

2139 1643 2318 1715 Χάριν
2374 1643 2484 1714 γάρ
2533 1640 2731 1713 ἔχομεν
2766 1640 2971 1713 πολλὴν
2999 1641 3096 1694 καὶ
3144 1638 3492 1711 παράκλησιν
3535 1638 3631 1692 ἐπὶ
3660 1636 3729 1708 τῇ

2139 1740 2331 1814 άγάπῃ
2354 1756 2468 1803 σου,
2493 1739 2576 1793 ὃτι
2612 1738 2681 1793 τὰ
2701 1736 2994 1808 σπλάγχνα
3014 1736 3124 1790 τῶν
3144 1732 3314 1805 ἁγίων
3342 1733 3732 1789 ἀναπέπαυται

455 1834 565 1881 ter.
644 1821 875 1894 Propter
932 1821 1084 1894 quod
1152 1821 1383 1875 multam
1439 1819 1692 1875 ﬁduciam
1738 1820 1951 1875 habens
1983 1821 2039 1875 in

2148 1832 2228 1887 διὰ
2252 1810 2369 1899 σοῦ,
2402 1830 2623 1901 ἀδελφέ.
2663 1829 2753 1885 Διὸ
2804 1829 3010 1901 πολλὴν
3054 1829 3113 1882 ιν
3152 1827 3375 1901 Χριστῷ
3399 1826 3725 1900 παρρησίαν

454 1916 679 1973 Christo
704 1913 834 1972 Jesu
869 1913 1176 1985 imperandi
1204 1912 1305 1968 tibi
1338 1912 1484 1983 quod
1510 1913 1577 1968 ad
1610 1928 1725 1968 rem
1756 1913 1994 1984 pertinet
2021 1931 2036 1968 :

458 2016 688 2080 propter
730 2005 1063 2064 charitatem
1110 2006 1290 2077 magis
1322 2007 1579 2070 obsecro,
1615 2020 1745 2062 cum
1770 2006 1851 2063 sis
1882 2004 2035 2073 talis,

458 2110 519 2158 ut
547 2099 754 2158 Paulus
777 2113 972 2166 senex,
994 2114 1143 2154 nunc
1169 2107 1355 2154 autem
1377 2106 1433 2153 et
1462 2097 1684 2154 vinctus
1711 2095 1841 2154 Jesu
1878 2095 2043 2153 Chria

454 2194 554 2252 sti.
590 2193 842 2251 Obsecro
873 2202 928 2248 te
961 2206 1061 2262 pro
1090 2204 1213 2248 meo
1251 2188 1387 2255 lilio,
1422 2204 1587 2261 quem
1635 2186 1802 2261 genui
1826 2189 1883 2245 in
1912 2187 2038 2245 vin-

456 2285 625 2354 culis,
671 2283 954 2350 Onesimo,
990 2279 1086 2355 qui
1146 2282 1245 2338 tibi
1307 2282 1608 2354 aliquando
1656 2279 1871 2337 inutilis
1908 2279 2036 2351 fuit,

453 2395 608 2438 nunc
664 2386 845 2434 autem
875 2384 931 2435 et
967 2376 1101 2433 mihi
1135 2385 1192 2433 et
1243 2375 1342 2432 tibi
1399 2374 1575 2442 utilis,
1625 2390 1789 2448 quem
1844 2374 2037 2432 remisi

454 2470 581 2528 tibi.
613 2464 698 2526 Tu
729 2474 915 2525 autem
940 2466 1120 2533 illum,
1151 2466 1210 2521 id
1236 2474 1320 2525 est
1347 2466 1561 2521 viscera
1593 2479 1737 2530 mea,
1772 2464 1994 2536 suscipe
2015 2481 2036 2521 ι

455 2576 623 2635 quem
658 2575 763 2633 ego
807 2560 1093 2615 volueram
1151 2571 1368 2614 mecum
1412 2556 1683 2623 detinere,
1740 2564 1803 2612 ut
1837 2571 1939 2631 pro
1984 2564 2039 2612 te

459 2654 598 2710 mihi
628 2650 976 2710 ministraret
1006 2649 1065 2706 in
1096 2648 1340 2706 vinculis
1388 2647 1696 2723 Evangelii.
1739 2646 1872 2705 Sine
1898 2662 2035 2705 eou-

456 2743 586 2804 silio
615 2750 802 2799 autem
844 2749 947 2798 tuo
976 2740 1119 2797 nihil
1147 2738 1297 2795 volui
1340 2738 1551 2808 facere,
1581 2739 1664 2795 uti
1694 2754 1764 2796 ne
1791 2738 1942 2797 velut
1967 2753 2036 2795 ex

456 2835 797 2893 necessitate
839 2833 1048 2890 bonum
1105 2839 1263 2888 tuum
1310 2842 1478 2898 esset,
1508 2828 1606 2888 sed
1637 2828 2034 2889 voluntarium.

455 2927 721 2987 Forsitan
773 2927 923 2984 enim
983 2926 1106 2982 ideo
1152 2923 1420 2981 discessit
1466 2923 1534 2979 ad
1571 2926 1764 2981 horam
1796 2936 1828 2979 a
1868 2932 1945 2993 te,
1979 2936 2039 2982 ut

454 3028 726 3078 aternum
758 3019 912 3075 illum
945 3018 1219 3089 reciperes
1247 3036 1262 3071 :
1291 3017 1406 3087 jam
1436 3031 1546 3072 non
1570 3025 1631 3072 ut
1661 3031 1913 3083 servum,
1942 3014 2040 3075 sed

2138 1922 2278 1996 ἔχων
2306 1922 2625 1978 ἐπιτάσσειν
2654 1938 2738 1976 σοι
2768 1922 2830 1977 τὸ
2857 1921 3061 1992 ἀνῆκον
3082 1918 3296 1990 διὰλτὴν
3320 1918 3568 1989 ἀγάπην,
3585 1919 3728 1989 μᾶλ-

2136 2016 2230 2073 λον
2263 2014 2589 2090 παρακαλῶ,
2612 2013 2855 2079 τοιοῦτος
2898 2013 2976 2069 ὢν
3006 2012 3082 2079 ώς
3131 2011 3342 2077 Παῦλος
3382 2012 3728 2086 πρισεύτης,

2137 2108 2263 2164 νυνὶ
2283 2109 2342 2163 δὲ
2375 2109 2472 2165 καὶ
2493 2108 2718 2181 δέσμιος
2757 2105 2939 2178 Ἰησοῦ
2996 2103 3257 2178 Χριστοῦ.
3301 2104 3622 2178 Παρακαλῶ
3670 2121 3733 2160 σι

2138 2200 2272 2273 περὶ
2317 2198 2414 2254 τοῦ
2446 2198 2582 2271 ἐμοῦ
2629 2198 2846 2263 τέκνου,
2874 2198 2935 2253 ὃν
2966 2198 3234 2269 ἐγέννησα
3261 2197 3320 2252 ὲν
3350 2198 3469 2262 τοῖς
3503 2196 3735 2271 δεσμοῖς

2139 2309 2269 2365 μου,
2316 2291 2610 2364 Ὀνήσιμον
2634 2289 2728 2346 τόν
2752 2290 2886 2344 ποτέ
2921 2306 3004 2345 σοι
3056 2288 3363 2362 ἄχρηστον,
3394 2288 3534 2354 νυνὶ,
3557 2289 3617 2344 δὲ
3648 2289 3737 2344 σοὶ

2136 2382 2235 2440 καὶ
2264 2384 2389 2457 ἐμοὶ
2412 2382 2814 2457 εῦχρηστον,δν
2833 2381 3149 2455 ἀνέπεμψα.
3178 2382 3253 2437 Σὺ
3284 2381 3341 2436 δὲ
3360 2380 3550 2448 αὐτὸν,
3570 2399 3734 2438 τουτ-

2139 2476 2257 2534 έστι
2285 2477 2361 2534 τά
2398 2476 2509 2549 ἐμὰ
2539 2476 2847 2546 σπλάγχνα,
2902 2472 3233 2548 προσλαϐοῦ,
3263 2474 3323 2528 δν
3362 2474 3477 2545 ἑγὼ
3508 2474 3736 2531 ἐϐουλό-

2141 2586 2250 2644 μην
2279 2570 2419 2643 πρὸς
2471 2568 2713 2640 έμαυτδν
2765 2567 3037 2639 κατέχειν,
3070 2566 3161 2622 ἵνα
3202 2565 3348 2640 ὑπὲρ
3377 2566 3476 2623 σοῦ
3503 2568 3739 2641 διακονῇ

2142 2679 2234 2736 μοι
2257 2662 2320 2719 έν
2356 2662 2474 2727 τοῖς
2529 2659 2754 2731 δεσμοῖς
2783 2658 2881 2715 τοῦ
2909 2658 3267 2729 Εὐαγγελίου.
3306 2659 3494 2733 Χωρὶς
3533 2661 3591 2715 δὲ
3630 2663 3739 2734 τῆς

2138 2756 2371 2830 γνώμης
2418 2756 2575 2811 οὐδὲν
2631 2754 2879 2827 ⁴Ιιθέλησα
2936 2752 3185 2827 ποιῆσαι,
3245 2754 3336 2811 ίνα
3384 2756 3463 2829 μὴ
3506 2757 3584 2821 ώς
3607 2756 3735 2811 κατ’

2138 2848 2390 2921 ἀνάγκην
2414 2847 2476 2903 τὸ
2496 2847 2701 2918 ἀγαθόν
2726 2864 2821 2902 σου
2849 2843 2910 2921 ᾖ,
2941 2846 3080 2903 ἀλλὰ
3106 2847 3250 2902 κατά
3277 2846 3550 2904 ἑκούσιον.
3575 2847 3744 2914 Τάχα

2139 2941 2251 3015 γάρ
2272 2940 2363 2996 διὰ
2388 2939 2550 2995 τοῦτο
2580 2935 2864 3017 ἐχωρίσθη
2883 2933 3021 3011 πρὸς
3047 2931 3225 3011 ὥραν,
3248 2938 3338 2995 ίνα
3382 2939 3606 2994 αἰώνιον
3630 2939 3740 2995 31‘:-

2136 3035 2233 3092 τδν
2285 3034 2518 3107 ἀπέχῃς,
2573 3033 2763 3087 οὐκέτι
2816 3030 2890 3096 rb;
2929 3029 3134 3097 δοῦλον,
3184 3030 3304 3087 ἀλλ’
3332 3031 3475 3105 ὑπὲρ
3515 3029 3737 3100 δοῦλον,

456 3127 625 3185 supra
650 3125 871 3169 servum
897 3108 1293 3171 citatissimum
1316 3107 1572 3174 fratrem,
1599 3109 1839 3165 maxime
1865 3109 2036 3166 mihi:

459 3211 664 3227 ----_...
699 3210 881 3227 .,..|-...
933 3199 1109 3227 κ.--τ-
1152 3198 1253 3227 HL:
1316 3206 1365 3227 ..ι
1417 3200 1475 3227 1...
1517 3215 1682 3227 ,ιιι-...ι
1753 3208 1802 3227 Α.
1834 3202 1887 3227 ι...
1932 3202 2039 3227 la-‘

2148 3127 2369 3197 ἀδελφὸν
2428 3124 2751 3209 ἀγαπητὸν,
2776 3122 3029 3197 μάλιστα
3054 3122 3206 3195 ἐμοὶ.
3235 3122 3388 3194 eadem
3434 3123 3497 3180 ἃ
3525 3113 3739 3197 μᾶλλον

456 3211 667 3275 quanto
696 3210 881 3257 autem
933 3199 1112 3271 magis
1152 3198 1278 3266 tibi,
1314 3206 1371 3255 et
1417 3200 1477 3255 in
1516 3215 1706 3268 carne,
1751 3208 1807 3257 et
1833 3202 1889 3257 in
1932 3202 2039 3258 Do-'

456 3297 646 3354 mino!
674 3294 737 3352 Si
774 3309 909 3367 ergo
953 3292 1128 3350 babes
1178 3308 1269 3349 me
1320 3294 1557 3361 socium,
1610 3293 1837 3364 suscipe
1886 3292 2040 3349 illum

460 3389 607 3446 sicut
641 3403 748 3445 me.
779 3386 837 3442 Si
870 3394 1057 3441 autem
1091 3383 1305 3455 aliquid
1334 3383 1529 3440 nocuit
1561 3382 1684 3447 tibi.
1722 3391 1820 3439 aut
1857 3383 2039 3451 debet,

461 3479 569 3536 hoc
599 3477 749 3535 mihi.
778 3478 1015 3551 imputa.
1058 3475 1174 3548 Ego
1204 3474 1411 3533 Paulus
1438 3474 1640 3546 scripsi
1672 3488 1795 3531 mea
1829 3490 1993 3532 manu
2019 3494 2039 3535 :

458 3587 563 3644 ego
588 3570 853 3638 reddam;
897 3581 959 3629 ut
1003 3584 1113 3626 non
1144 3569 1328 3626 dicam
1379 3569 1504 3635 tibi,
1532 3569 1683 3643 quod
1715 3577 1773 3625 et
1802 3569 2040 3643 teipsum

459 3662 601 3719 mihi
630 3662 821 3719 debes.
854 3659 955 3727 ita,
997 3659 1192 3727 frater,
1225 3676 1333 3732 ego
1361 3668 1415 3717 te
1443 3661 1602 3718 fruar
1640 3662 1696 3717 in
1730 3662 1984 3720 Domino.
2016 3680 2037 3717 ι

530 3756 641 3814 Pro
666 3770 832 3813 servo
857 3752 1079 3829 quidem
1108 3755 1373 3811 scribitur
1402 3754 1669 3826 Epistola,
1708 3755 1874 3826 idque
1914 3770 2039 3812 cum

460 3848 557 3903 ille
583 3844 917 3917 aufugisset,
947 3846 1063 3901 imo
1108 3854 1162 3901 et
1189 3844 1409 3902 furatus
1448 3854 1632 3915 esset;
1680 3845 1778 3903 sed
1804 3860 1870 3902 ex
1900 3845 2045 3916 Apo-

456 3940 593 4023 stoli
649 3938 911 3997 doctrina
965 3937 1205 3994 fructum
1253 3937 1563 3996 retulisset.
1605 3940 1776 4010 Atqui
1823 3955 1893 3995 ex
1937 3940 2042 3996 bac

461 4032 626 4089 utilia
653 4030 826 4088 multa
855 4029 1156 4105 percipias.
1190 4028 1371 4087 Unum
1412 4030 1659 4103 quidem,
1694 4042 1750 4088 et
1777 4033 2041 4104 primum,

460 4131 721 4197 oportere
762 4132 825 4181 ut
864 4138 927 4180 se
968 4116 1155 4194 aliqui‘
1181 4121 1449 4179 sollicitos
1487 4139 1618 4195 erga
1659 4138 1855 4179 omnes
1897 4138 2044 4194 prae-

458 4218 652 4275 beant.
681 4212 823 4272 Nam
854 4216 904 4273 si
943 4215 1152 4272 Paulus
1197 4229 1297 4289 pro
1331 4230 1492 4273 servo
1542 4216 1777 4289 fugitivo
1804 4224 1861 4273 et
1892 4214 2041 4295 fure,

458 4322 592 4364 cum
616 4308 667 4365 is
698 4306 1051 4381 resipuisset,
1080 4314 1300 4362 tantum
1346 4306 1745 4364 sollicitudinis
1773 4307 2041 4375 ostendit,

462 4407 677 4476 quanto
711 4400 891 4473 magis
945 4398 1224 4456 incumbit
1269 4398 1431 4455 nobis
1478 4398 1695 4457 desides
1751 4415 1863 4455 non
1897 4415 2043 4467 esse,

2144 3220 2249 3288 σοὶ,
2282 3218 2377 3273 καὶ
2411 3218 2470 3271 ὲν
2517 3218 2707 3288 σαρκὶ,
2728 3206 2733 3209 ’
2757 3215 2854 3270 καὶ
2906 3216 2965 3269 ἰν
3015 3215 3229 3287 Κυρίῳ.
3256 3213 3320 3270 El
3349 3210 3446 3270 οῦν
3472 3233 3544 3287 με
3583 3215 3738 3287 ἔχεις

2142 3308 2423 3373 κοινωνὸν,
2458 3305 2774 3378 προσλαϐοῦ
2800 3305 2964 3360 αὑτὸν
2990 3302 3066 3370 ὡς
3097 3304 3225 3377 ἒμέ.
3256 3306 3320 3361 El
3342 3305 3401 3363 δέ
3440 3324 3494 3361 τι
3530 3307 3736 3381 ἠδίκη-

2143 3402 2206 3458 σέ
2246 3418 2329 3471 σε,
2365 3400 2400 3474 ἢ
2431 3399 2660 3467 ὀφείλει,
2699 3396 2861 3453 τοῦτο
2883 3397 3009 3470 ἐμοὶ
3061 3395 3299 3467 ἐλλόγει.
3345 3396 3490 3470 Ἐγὼ
3517 3397 3739 3468 Παῦλος

2140 3491 2358 3564 ἔγραψα
2389 3492 2458 3561 τῇ
2496 3491 2608 3562 ἐμῇ
2664 3488 2833 3560 χειρὶ,
2868 3487 2981 3558 ἑγὼ
3010 3487 3294 3543 ἀποτίσω·
3327 3488 3416 3543 {va
3461 3488 3544 3561 μὴ
3587 3489 3740 3561 λέγω

2142 3602 2247 3651 σοι,
2281 3585 2367 3639 ὅτι
2396 3584 2493 3639 καὶ
2534 3583 2728 3639 ἑαυτὸν
2762 3599 2857 3655 μοι
2908 3579 3315 3654 προσοφείλεις.
3338 3580 3471 3648 Ναὶ.
3495 3580 3724 3655 άδιλφὶ,

2140 3675 2255 3748 ἐγώ
2288 3694 2375 3732 σοι
2400 3676 2636 3750 ὀναίμην
2668 3677 2727 3731 ἰν
2752 3672 2964 3748 Κυρίῳ.
2996 3692 3019 3729 ι
3304 3665 3310 3671 ’

2222 3770 2397 3843 ’Υπὲρ
2411 3767 2599 3825 δούλου
2627 3768 2728 3841 μὲν
2747 3767 3020 3841 γράφεται
3046 3768 3079 3839 ἡ
3108 3765 3423 3839 Ἐπιστολὴ,
3448 3764 3739 3824 καὶταῦτα

2140 3862 2576 3935 ἀποδράσαντος,
2599 3860 2694 3916 καὶ
2746 3857 2832 3915 tu
2861 3861 2958 3914 καὶ
2991 3857 3320 3929 κλέψαντος,
3346 3858 3735 3930 ὠφεληθέντας

2140 3955 2201 4011 δὲ
2231 3955 2323 4011 διὰ
2343 3956 2443 4028 τῆς
2475 3950 2828 4019 διδασκαλίας
2876 3950 2974 4006 τοῦ
3036 3950 3390 4007 ’Δποστόλου.
3436 3952 3622 4007 Πολλὰ
3677 3948 3761 4009 δὲ’

2142 4049 2242 4105 καὶ
2269 4030 2335 4102 ὲκ
2356 4046 2560 4117 ταύτης
2580 4045 2653 4101 τά
2680 4044 2953 4119 χρήσιμα.
2997 4043 3095 4099 Ἐν
3119 4043 3219 4115 μὲν
3255 4044 3353 4100 καὶ
3398 4042 3643 4117 πρῶτον,
3666 4043 3737 4102 sub

2144 4138 2433 4197 σπουδαῖον
2455 4135 2596 4192 εἷναί
2624 4153 2781 4203 τινας
2813 4136 2954 4209 πρὸς
3006 4136 3236 4200 πάντας.
3280 4135 3344 4190 Et
3373 4136 3483 4208 γὰρ
3511 4136 3734 4203 Παῦλος

2144 4232 2284 4305 ὑπὲρ
2310 4230 2582 4307 δραπέτου
2605 4230 2701 4285 καὶ
2733 4227 2971 4284 κλέπτου
3024 4227 3420 4300 μετανοοῦντος
3456 4230 3735 4302 τοσαύτην

2142 4326 2380 4379 ποιεῖται
2409 4320 2667 4394 σπουδὴν,
2693 4317 2876 4393 πολλῷ
2907 4307 3110 4392 μᾶλλον
3135 4319 3260 4374 οῦτε
3277 4321 3428 4392 ἡμᾶς
3458 4321 3736 4395 προσήκει

2145 4412 2428 4486 ῥᾳθύμους
2450 4410 2589 4467 εἶναι
2631 4411 2758 4482 περί
2796 4427 2947 4475 τινας
2976 4409 3089 4466 τῶν
3136 4410 3403 4480 ἀδελφῶν.
3443 4412 3733 4486 Δεύτερον,

465 4498 561 4555 ubi
590 4498 660 4555 de
686 4497 959 4554 fratribus
1004 4495 1337 4569 quibusdam
1393 4497 1601 4567 agitur.
1650 4498 1901 4553 Alterum
1935 4504 2040 4566 est,

2148 4507 2229 4559 ὅτι
2264 4504 2326 4559 τὸ
2350 4502 2597 4559 δουλικὸν
2624 4504 2781 4572 γένος
2819 4503 2883 4557 οὐ
2933 4501 3016 4556 δεῖ
3038 4500 3470 4572 ἀπογινώσκειν,
3503 4504 3613 4559 κᾶν
3648 4503 3732 4571 εις

466 4593 537 4649 de
579 4592 767 4649 servili
816 4590 1136 4646 conditione
1184 4589 1412 4645 minime
1448 4589 1856 4661 desperandum
1890 4605 2036 4656 esse,

468 4684 687 4741 tametsi
710 4683 778 4740 ad
810 4691 1113 4740 extremam
1144 4696 1319 4753 usque
1352 4682 1652 4754 nequitiam
1681 4685 2038 4753 processerit.

470 4774 572 4833 Hic
602 4775 752 4833 enim
789 4775 1055 4847 fugitivus
1090 4784 1147 4830 ct
1179 4775 1267 4829 fur
1290 4789 1419 4831 cum
1465 4774 1689 4839 fuisset,
1722 4774 1790 4830 ad
1828 4782 2041 4831 tantum

468 4869 622 4927 istud
669 4870 893 4925 virtutis
953 4866 1232 4938 fastigium
1295 4866 1567 4937 pervenit.
1626 4865 1901 4935 Tertium,
1960 4866 2047 4921 fas

471 4965 698 5019 minime
730 4978 853 5018 esse
885 4977 1074 5017 servos
1105 4978 1135 5014 a
1167 4960 1409 5015 dominis
1441 4961 1764 5015 abstrahere
1794 4979 1806 5013 :
1846 4975 1971 5015 nam
2000 4962 2044 5016 si

473 5057 704 5123 Paulus,
763 5059 857 5127 qui
904 5062 1058 5111 tanta
1098 5054 1242 5126 apud
1292 5052 1668 5109 Philemonem
1718 5054 2049 5111 auctoritate

472 5153 730 5225 pollebat,
798 5151 1119 5207 Onesimum
1182 5158 1391 5213 tamen,
1459 5151 1619 5220 cujus
1675 5150 2046 5207 ministerium

474 5246 581 5303 sibi
616 5244 911 5300 admodum
964 5242 1097 5296 utile
1127 5248 1294 5306 esset,
1346 5240 1592 5297 detinere
1638 5242 1815 5296 noluit
1846 5252 2050 5314 praeter

474 5338 595 5394 lteri
630 5336 959 5392 sententiam
989 5350 1051 5391 ac
1080 5334 1448 5397 voluntatem,
1484 5348 1511 5387 a
1545 5334 1761 5390 fortiori
1812 5335 1917 5391 hoc
1948 5351 2048 5392 no-

474 5433 560 5488 bis
594 5430 773 5486 facere
806 5446 918 5484 non
964 5428 1113 5483 licet.
1150 5427 1209 5481 Si
1248 5428 1391 5481 enim
1432 5426 1674 5481 famulus
1704 5428 1919 5485 eximiae
1948 5431 2047 5485 vir-

2145 4600 2382 4671 ἐσχάτην
2414 4595 2583 4670 ἐλάσῃ
2614 4596 2835 4651 κακίαν.
2885 4596 2948 4649 '0
2974 4594 3086 4666 γάρ
3117 4594 3363 4667 κλέπτης
3386 4596 3489 4651 καὶ
3530 4595 3738 4667 δραπέ-

2147 4708 2244 4760 της
2276 4688 2422 4745 οῦτω
2456 4688 2681 4759 γέγονεν
2710 4688 2987 4759 ἐνάρετος.
3015 4685 3236 4760 Τρίτον,
3262 4686 3347 4743 δτι
3370 4686 3499 4751 τοὺς
3511 4686 3735 4755 δούλους

2148 4784 2405 4857 ἀποσπᾷν
2433 4782 2544 4837 τῶν
2560 4781 2840 4837 δεσπότων
2866 4779 2930 4834 οὐ
2965 4781 3255 4851 προσήκει.
3286 4774 3353 4833 El
3383 4778 3495 4851 γὰρ
3522 4773 3737 4847 Παῦλος

2149 4877 2291 4931 οῦτω
2353 4874 2574 4949 θαρρῶν
2617 4874 2699 4946 τῷ
2748 4874 3016 4946 Φιλήμονι
3074 4871 3171 4927 τὸν
3213 4869 3509 4945 Ὀνήσιμον
3558 4870 3736 4940 οὕτως

2153 4970 2476 5041 εὐχάριστον
2539 4966 2689 5040 αύτῷ
2718 4968 2850 5022 δντα
2903 4966 3039 5038 πρὸς
3066 4964 3345 5023 διακονίαν
3369 4968 3471 5020 οὐκ
3501 4967 3737 5039 ἠθέλησα

2154 5061 2447 5131 κατασχεῖν
2478 5060 2634 5129 παρὰ
2665 5057 2893 5128 γνώμην
2920 5055 3015 5111 τοῦ
3043 5054 3342 5122 Δεσπδτου,
3378 5055 3567 5128 πολλῷ
3597 5058 3727 5130 μᾶλ-

2153 5152 2244 5206 λον
2277 5152 2427 5223 ἡμᾶς
2458 5149 2619 5204 τοῦτο
2672 5153 2847 5204 ποιεῖν
2887 5149 2949 5203 οὐ
3000 5148 3132 5222 χρή.
3164 5148 3226 5201 Εί
3266 5146 3376 5220 γάρ
3420 5147 3739 5219 θαυμαστός

2154 5249 2302 5300 ἐστιν
2332 5249 2360 5299 ὁ
2390 5244 2635 5313 οἰκέτης,
2661 5241 2837 5316 ταύτῃ
2874 5243 3113 5314 μάλιστα
3154 5242 3357 5312 πρέπει
3396 5240 3564 5295 αὑτὸν
3594 5242 3650 5294 ἐν
3669 5243 3736 5312 τῇ

2155 5338 2369 5409 δουλείᾳ
2387 5338 2595 5408 μένειν,
2625 5337 2723 5392 καὶ
2751 5334 2849 5408 τὴν
2869 5334 3189 5389 δεσποτείαν
3210 5332 3629 5403 ἐπιγινώσκειν,
3651 5331 3736 5384 ἶνα

2156 5431 2623 5502 εὔχρηστος¹πᾶσι
2650 5431 2766 5492 τοῖς
2795 5430 2853 5481 ὲν
2877 5429 3026 5499 οἰκίᾳ
3057 5427 3306 5496 γένηται.

473 5530 611 5584 tutis
639 5537 743 5594 est,
778 5516 903 5581 idco
937 5540 1166 5597 prorsus
1204 5528 1466 5580 convenit
1509 5522 1671 5595 274
1700 5533 1760 5578 ιιι
1817 5526 1870 5579 in
1941 5528 2210 5583 servitute
2261 5536 2503 5595 maneat,
2570 5537 2624 5583 ct
2671 5525 2845 5581 herile
2927 5525 3015 5596 ius
3064 5529 3355 5596 agnoscat,
3412 5530 3476 5578 ut
3520 5521 3737 5579 cunctis

475 5620 570 5695 qui
601 5619 747 5677 domi
780 5628 927 5688 sunt,
961 5620 1248 5675 commodo
1269 5629 1322 5675 et
1357 5618 1578 5673 utilitati
1602 5634 1725 5674 esse
1749 5620 1940 5687 possit.

1757 5710 1995 5767 VAle
2038 5713 2439 5770 LECTIONES.

561 5810 585 5843 ⁸
612 5806 751 5876 Lege
777 5821 843 5861 ex
882 5804 1165 5876 Cbrysost.
1199 5803 1518 5876 εὔχρηστον.
