  <div class='ocr_page' id='page_1' title='image "/cluster/home/n/w/nwhite01/storage/ocr_20150623/95/mdp.39015004289776/547.png"; bbox 0 0 3970 6294; ppageno 0'>
   <div class='ocr_carea' id='block_1_1' title="bbox 543 329 674 399">
    <p class='ocr_par' dir='ltr' id='par_1_1' title="bbox 543 329 674 399">
     <span class='ocr_line' id='line_1_1' title="bbox 543 329 674 399; baseline -0.038 0"><span class='ocrx_word' id='word_1_1' title='bbox 543 329 674 399; x_wconf 74' lang='grc'><strong>1071</strong></span> 
     </span>
    </p>
   </div>
   <div class='ocr_carea' id='block_1_2' title="bbox 1708 327 2597 394">
    <p class='ocr_par' dir='ltr' id='par_1_2' title="bbox 1708 327 2597 394">
     <span class='ocr_line' id='line_1_2' title="bbox 1708 327 2597 394; baseline 0.007 -6"><span class='ocrx_word' id='word_1_2' title='bbox 1708 331 1768 390; x_wconf 94' lang='lat' dir='ltr'><strong>S.</strong></span> <span class='ocrx_word' id='word_1_3' title='bbox 1811 327 2131 391; x_wconf 78' lang='lat' dir='ltr'><strong>JOANNIS</strong></span> <span class='ocrx_word' id='word_1_4' title='bbox 2161 327 2597 394; x_wconf 76' lang='lat' dir='ltr'><strong>DAMASCENI</strong></span> 
     </span>
    </p>
   </div>
   <div class='ocr_carea' id='block_1_3' title="bbox 3663 331 3800 403">
    <p class='ocr_par' dir='ltr' id='par_1_3' title="bbox 3663 331 3800 403">
     <span class='ocr_line' id='line_1_3' title="bbox 3663 331 3800 403; baseline 0.007 -1"><span class='ocrx_word' id='word_1_5' title='bbox 3663 331 3800 403; x_wconf 76' lang='lat'><strong>1012</strong></span> 
     </span>
    </p>
   </div>
   <div class='ocr_carea' id='block_1_4' title="bbox 611 441 2108 521">
    <p class='ocr_par' dir='ltr' id='par_1_4' title="bbox 611 441 2108 514">
     <span class='ocr_line' id='line_1_4' title="bbox 611 441 2108 514; baseline -0.001 -15"><span class='ocrx_word' id='word_1_6' title='bbox 611 445 760 503; x_wconf 74' lang='grc' dir='ltr'>ρωι.</span> <span class='ocrx_word' id='word_1_7' title='bbox 782 459 916 512; x_wconf 82' lang='lat' dir='ltr'><strong>xvn,</strong></span> <span class='ocrx_word' id='word_1_8' title='bbox 950 445 1042 502; x_wconf 71' lang='lat'><strong>&#39;51.</strong></span> <span class='ocrx_word' id='word_1_9' title='bbox 1072 473 1144 489; x_wconf 87' lang='lat'><strong>——</strong></span> <span class='ocrx_word' id='word_1_10' title='bbox 1175 461 1192 496; x_wconf 86' lang='grc' dir='ltr'><strong>ι</strong></span> <span class='ocrx_word' id='word_1_11' title='bbox 1236 442 1371 510; x_wconf 85' lang='lat' dir='ltr'><strong>Quis</strong></span> <span class='ocrx_word' id='word_1_12' title='bbox 1407 443 1550 501; x_wconf 84' lang='lat' dir='ltr'><strong>Deus</strong></span> <span class='ocrx_word' id='word_1_13' title='bbox 1594 454 1794 514; x_wconf 60' lang='lat' dir='ltr'><strong>praeter</strong></span> <span class='ocrx_word' id='word_1_14' title='bbox 1823 441 2108 498; x_wconf 86' lang='lat' dir='ltr'><strong>Dominum</strong></span> 
     </span>
    </p>
   </div>
   <div class='ocr_carea' id='block_1_5' title="bbox 2238 441 3798 521">
    <p class='ocr_par' dir='ltr' id='par_1_5' title="bbox 2298 443 3798 521">
     <span class='ocr_line' id='line_1_5' title="bbox 2298 443 3798 521; baseline 0.005 -25"><span class='ocrx_word' id='word_1_15' title='bbox 2298 461 2318 496; x_wconf 86' lang='grc' dir='ltr'><strong>ι</strong></span> <span class='ocrx_word' id='word_1_16' title='bbox 2351 443 2447 508; x_wconf 76' lang='grc' dir='ltr'><strong>Τις</strong></span> <span class='ocrx_word' id='word_1_17' title='bbox 2491 443 2624 508; x_wconf 87' lang='grc' dir='ltr'>Θεὸς</span> <span class='ocrx_word' id='word_1_18' title='bbox 2657 444 2831 518; x_wconf 76' lang='grc' dir='ltr'>πάρεξ</span> <span class='ocrx_word' id='word_1_19' title='bbox 2873 444 2968 501; x_wconf 84' lang='grc' dir='ltr'><strong>τοῦ</strong></span> <span class='ocrx_word' id='word_1_20' title='bbox 3004 446 3214 519; x_wconf 83' lang='grc' dir='ltr'><strong>Κυρίου</strong></span> <span class='ocrx_word' id='word_1_21' title='bbox 3266 448 3444 520; x_wconf 79' lang='grc' dir='ltr'>ἡμῶν,</span> <span class='ocrx_word' id='word_1_22' title='bbox 3482 447 3517 521; x_wconf 76' lang='grc' dir='ltr'><strong>ἦ</strong></span> <span class='ocrx_word' id='word_1_23' title='bbox 3547 448 3636 516; x_wconf 74' lang='grc' dir='ltr'><strong>τις</strong></span> <span class='ocrx_word' id='word_1_24' title='bbox 3667 451 3798 516; x_wconf 81' lang='grc' dir='ltr'>Θεὸς</span> 
     </span>
    </p>
   </div>
   <div class='ocr_carea' id='block_1_6' title="bbox 538 533 2116 606">
    <p class='ocr_par' dir='ltr' id='par_1_6' title="bbox 538 533 2116 606">
     <span class='ocr_line' id='line_1_6' title="bbox 538 533 2116 606; baseline -0.002 -12"><span class='ocrx_word' id='word_1_25' title='bbox 538 537 830 594; x_wconf 72' lang='lat' dir='ltr'><strong>nostrum?</strong></span> <span class='ocrx_word' id='word_1_26' title='bbox 864 544 954 592; x_wconf 88' lang='lat' dir='ltr'><strong>aut</strong></span> <span class='ocrx_word' id='word_1_27' title='bbox 983 536 1113 606; x_wconf 88' lang='lat' dir='ltr'><strong>quis</strong></span> <span class='ocrx_word' id='word_1_28' title='bbox 1142 533 1290 591; x_wconf 83' lang='lat' dir='ltr'><strong>Deus</strong></span> <span class='ocrx_word' id='word_1_29' title='bbox 1339 544 1537 605; x_wconf 68' lang='lat' dir='ltr'><strong>prazter</strong></span> <span class='ocrx_word' id='word_1_30' title='bbox 1570 534 1741 591; x_wconf 88' lang='lat' dir='ltr'><strong>Deum</strong></span> <span class='ocrx_word' id='word_1_31' title='bbox 1777 534 2064 591; x_wconf 80' lang='lat' dir='ltr'><strong>nostrum?</strong></span> <span class='ocrx_word' id='word_1_32' title='bbox 2095 552 2116 591; x_wconf 75' lang='grc' dir='ltr'><strong>ι</strong></span> 
     </span>
    </p>
   </div>
   <div class='ocr_carea' id='block_1_7' title="bbox 607 624 2122 705">
    <p class='ocr_par' dir='ltr' id='par_1_7' title="bbox 607 624 2122 705">
     <span class='ocr_line' id='line_1_7' title="bbox 607 624 2122 705; baseline -0.002 -22"><span class='ocrx_word' id='word_1_33' title='bbox 607 627 762 705; x_wconf 61' lang='lat' dir='ltr'><strong>Paul.</strong></span> <span class='ocrx_word' id='word_1_34' title='bbox 793 644 966 696; x_wconf 85' lang='lat' dir='ltr'><strong>xxxtt,</strong></span> <span class='ocrx_word' id='word_1_35' title='bbox 997 627 1054 684; x_wconf 87' lang='lat'><em>6.</em></span> <span class='ocrx_word' id='word_1_36' title='bbox 1075 658 1146 671; x_wconf 92' lang='lat'><strong>——</strong></span> <span class='ocrx_word' id='word_1_37' title='bbox 1179 647 1200 681; x_wconf 86' lang='grc' dir='ltr'><strong>ι</strong></span> <span class='ocrx_word' id='word_1_38' title='bbox 1246 626 1429 686; x_wconf 78' lang='lat' dir='ltr'><strong>Verbo</strong></span> <span class='ocrx_word' id='word_1_39' title='bbox 1464 625 1686 684; x_wconf 87' lang='lat' dir='ltr'><strong>Domini</strong></span> <span class='ocrx_word' id='word_1_40' title='bbox 1744 626 1870 683; x_wconf 89' lang='lat' dir='ltr'><strong>coeli</strong></span> <span class='ocrx_word' id='word_1_41' title='bbox 1921 624 2122 682; x_wconf 77' lang='lat' dir='ltr'><strong>ﬁrmati</strong></span> 
     </span>
    </p>
   </div>
   <div class='ocr_carea' id='block_1_8' title="bbox 531 717 2012 792">
    <p class='ocr_par' dir='ltr' id='par_1_8' title="bbox 531 717 2012 792">
     <span class='ocr_line' id='line_1_8' title="bbox 531 717 2012 792; baseline -0.003 -15"><span class='ocrx_word' id='word_1_42' title='bbox 531 727 687 785; x_wconf 80' lang='lat' dir='ltr'><strong>sunt,</strong></span> <span class='ocrx_word' id='word_1_43' title='bbox 720 725 777 778; x_wconf 88' lang='lat' dir='ltr'><strong>et</strong></span> <span class='ocrx_word' id='word_1_44' title='bbox 806 719 1005 792; x_wconf 85' lang='lat' dir='ltr'><strong>spiritu</strong></span> <span class='ocrx_word' id='word_1_45' title='bbox 1034 718 1149 774; x_wconf 82' lang='lat' dir='ltr'><strong>oris</strong></span> <span class='ocrx_word' id='word_1_46' title='bbox 1176 717 1300 790; x_wconf 87' lang='lat' dir='ltr'><strong>ejus</strong></span> <span class='ocrx_word' id='word_1_47' title='bbox 1322 720 1505 774; x_wconf 89' lang='lat' dir='ltr'><strong>omnis</strong></span> <span class='ocrx_word' id='word_1_48' title='bbox 1537 718 1714 775; x_wconf 81' lang='lat' dir='ltr'><strong>virtus</strong></span> <span class='ocrx_word' id='word_1_49' title='bbox 1741 731 1954 775; x_wconf 89' lang='lat' dir='ltr'><strong>eorum.</strong></span> <span class='ocrx_word' id='word_1_50' title='bbox 1984 734 2012 771; x_wconf 72' lang='grc' dir='ltr'><strong>ι</strong></span> 
     </span>
    </p>
   </div>
   <div class='ocr_carea' id='block_1_9' title="bbox 602 890 2122 957">
    <p class='ocr_par' dir='ltr' id='par_1_9' title="bbox 602 890 2122 957">
     <span class='ocr_line' id='line_1_9' title="bbox 602 890 2122 957; baseline 0.002 -11"><span class='ocrx_word' id='word_1_51' title='bbox 602 891 758 948; x_wconf 67' lang='lat' dir='ltr'><strong>Paul.</strong></span> <span class='ocrx_word' id='word_1_52' title='bbox 784 906 977 957; x_wconf 82' lang='lat' dir='ltr'><strong>uxnt,</strong></span> <span class='ocrx_word' id='word_1_53' title='bbox 1005 891 1089 946; x_wconf 76' lang='lat' dir='ltr'><strong>l2.</strong></span> <span class='ocrx_word' id='word_1_54' title='bbox 1109 921 1174 934; x_wconf 88' lang='lat'><strong>--</strong></span> <span class='ocrx_word' id='word_1_55' title='bbox 1206 907 1229 944; x_wconf 80' lang='grc' dir='ltr'><strong>ι</strong></span> <span class='ocrx_word' id='word_1_56' title='bbox 1263 890 1410 947; x_wconf 89' lang='lat' dir='ltr'><strong>Deus</strong></span> <span class='ocrx_word' id='word_1_57' title='bbox 1438 898 1622 946; x_wconf 89' lang='lat' dir='ltr'><strong>autem</strong></span> <span class='ocrx_word' id='word_1_58' title='bbox 1655 905 1747 946; x_wconf 85' lang='lat' dir='ltr'><strong>rex</strong></span> <span class='ocrx_word' id='word_1_59' title='bbox 1784 898 1978 948; x_wconf 85' lang='lat' dir='ltr'><strong>noster</strong></span> <span class='ocrx_word' id='word_1_60' title='bbox 1995 899 2122 949; x_wconf 86' lang='lat' dir='ltr'><strong>ante</strong></span> 
     </span>
    </p>
   </div>
   <div class='ocr_carea' id='block_1_10' title="bbox 535 987 817 1042">
    <p class='ocr_par' dir='ltr' id='par_1_10' title="bbox 535 987 817 1042">
     <span class='ocr_line' id='line_1_10' title="bbox 535 987 817 1042; baseline -0.007 0"><span class='ocrx_word' id='word_1_61' title='bbox 535 987 757 1042; x_wconf 69' lang='lat' dir='ltr'><strong>saacula.</strong></span> <span class='ocrx_word' id='word_1_62' title='bbox 794 1003 817 1040; x_wconf 73' lang='grc' dir='ltr'><strong>ι</strong></span> 
     </span>
    </p>
   </div>
   <div class='ocr_carea' id='block_1_11' title="bbox 605 1100 2117 1172">
    <p class='ocr_par' dir='ltr' id='par_1_11' title="bbox 605 1100 2117 1172">
     <span class='ocr_line' id='line_1_11' title="bbox 605 1100 2117 1172; baseline 0.003 -17"><span class='ocrx_word' id='word_1_63' title='bbox 605 1100 757 1157; x_wconf 79' lang='lat' dir='ltr'><strong>Psal.</strong></span> <span class='ocrx_word' id='word_1_64' title='bbox 786 1117 988 1172; x_wconf 73' lang='lat' dir='ltr'><strong>Lxxxv,</strong></span> <span class='ocrx_word' id='word_1_65' title='bbox 1019 1101 1075 1158; x_wconf 87' lang='lat'><strong>8.</strong></span> <span class='ocrx_word' id='word_1_66' title='bbox 1101 1133 1179 1148; x_wconf 89' lang='lat'><strong>--</strong></span> <span class='ocrx_word' id='word_1_67' title='bbox 1209 1119 1230 1155; x_wconf 80' lang='grc' dir='ltr'><strong>ι</strong></span> <span class='ocrx_word' id='word_1_68' title='bbox 1261 1100 1380 1158; x_wconf 81' lang='lat' dir='ltr'><strong>Non</strong></span> <span class='ocrx_word' id='word_1_69' title='bbox 1421 1109 1504 1158; x_wconf 84' lang='lat' dir='ltr'><strong>est</strong></span> <span class='ocrx_word' id='word_1_70' title='bbox 1533 1101 1733 1160; x_wconf 82' lang='lat' dir='ltr'><strong>similis</strong></span> <span class='ocrx_word' id='word_1_71' title='bbox 1789 1101 1869 1158; x_wconf 91' lang='lat' dir='ltr'><strong>tui</strong></span> <span class='ocrx_word' id='word_1_72' title='bbox 1902 1102 1968 1158; x_wconf 79' lang='lat' dir='ltr'><strong>in</strong></span> <span class='ocrx_word' id='word_1_73' title='bbox 1989 1100 2117 1170; x_wconf 86' lang='lat' dir='ltr'><strong>diis,</strong></span> 
     </span>
    </p>
   </div>
   <div class='ocr_carea' id='block_1_12' title="bbox 535 1193 1838 1265">
    <p class='ocr_par' dir='ltr' id='par_1_12' title="bbox 535 1193 1838 1265">
     <span class='ocr_line' id='line_1_12' title="bbox 535 1193 1838 1265; baseline -0.001 -18"><span class='ocrx_word' id='word_1_74' title='bbox 535 1193 788 1259; x_wconf 85' lang='lat' dir='ltr'><strong>Domine,</strong></span> <span class='ocrx_word' id='word_1_75' title='bbox 819 1203 874 1248; x_wconf 92' lang='lat' dir='ltr'><strong>et</strong></span> <span class='ocrx_word' id='word_1_76' title='bbox 896 1208 1005 1249; x_wconf 89' lang='lat' dir='ltr'><strong>non</strong></span> <span class='ocrx_word' id='word_1_77' title='bbox 1026 1201 1112 1250; x_wconf 88' lang='lat' dir='ltr'><strong>est</strong></span> <span class='ocrx_word' id='word_1_78' title='bbox 1141 1193 1444 1250; x_wconf 83' lang='lat' dir='ltr'><strong>secundum</strong></span> <span class='ocrx_word' id='word_1_79' title='bbox 1471 1208 1637 1265; x_wconf 84' lang='lat' dir='ltr'><strong>opera</strong></span> <span class='ocrx_word' id='word_1_80' title='bbox 1661 1200 1778 1248; x_wconf 85' lang='lat' dir='ltr'><strong>tua.</strong></span> <span class='ocrx_word' id='word_1_81' title='bbox 1817 1211 1838 1246; x_wconf 80' lang='grc' dir='ltr'><strong>ι</strong></span> 
     </span>
    </p>
   </div>
   <div class='ocr_carea' id='block_1_13' title="bbox 603 1283 2120 1357">
    <p class='ocr_par' dir='ltr' id='par_1_13' title="bbox 603 1283 2120 1357">
     <span class='ocr_line' id='line_1_13' title="bbox 603 1283 2120 1357; baseline 0.001 -19"><span class='ocrx_word' id='word_1_82' title='bbox 603 1283 755 1339; x_wconf 81' lang='grc' dir='ltr'>ΡειιΙ.</span> <span class='ocrx_word' id='word_1_83' title='bbox 775 1298 1002 1350; x_wconf 75' lang='lat' dir='ltr'><strong>Lxxxtx,</strong></span> <span class='ocrx_word' id='word_1_84' title='bbox 1029 1284 1082 1340; x_wconf 78' lang='grc' dir='ltr'><strong>Ι.</strong></span> <span class='ocrx_word' id='word_1_85' title='bbox 1105 1314 1176 1326; x_wconf 89' lang='grc'><strong><em>-</em></strong></span> <span class='ocrx_word' id='word_1_86' title='bbox 1205 1303 1224 1338; x_wconf 78' lang='grc' dir='ltr'><strong>ι</strong></span> <span class='ocrx_word' id='word_1_87' title='bbox 1250 1284 1506 1353; x_wconf 86' lang='lat' dir='ltr'><strong>Domine,</strong></span> <span class='ocrx_word' id='word_1_88' title='bbox 1537 1283 1818 1357; x_wconf 78' lang='lat' dir='ltr'><strong>refugium</strong></span> <span class='ocrx_word' id='word_1_89' title='bbox 1846 1283 2038 1344; x_wconf 69' lang='lat' dir='ltr'><strong>factu</strong></span> <span class='ocrx_word' id='word_1_90' title='bbox 2058 1299 2120 1342; x_wconf 86' lang='lat' dir='ltr'><strong>es</strong></span> 
     </span>
    </p>
   </div>
   <div class='ocr_carea' id='block_1_14' title="bbox 531 1376 1721 1449">
    <p class='ocr_par' dir='ltr' id='par_1_14' title="bbox 531 1376 1721 1449">
     <span class='ocr_line' id='line_1_14' title="bbox 531 1376 1721 1449; baseline -0.001 -18"><span class='ocrx_word' id='word_1_91' title='bbox 531 1379 713 1442; x_wconf 87' lang='lat' dir='ltr'><strong>nobis,</strong></span> <span class='ocrx_word' id='word_1_92' title='bbox 747 1376 802 1432; x_wconf 88' lang='lat' dir='ltr'><strong>in</strong></span> <span class='ocrx_word' id='word_1_93' title='bbox 836 1377 1194 1449; x_wconf 77' lang='lat' dir='ltr'><strong>generatione</strong></span> <span class='ocrx_word' id='word_1_94' title='bbox 1213 1386 1269 1434; x_wconf 90' lang='lat' dir='ltr'><strong>et</strong></span> <span class='ocrx_word' id='word_1_95' title='bbox 1290 1378 1665 1449; x_wconf 73' lang='lat' dir='ltr'><strong>generatione.</strong></span> <span class='ocrx_word' id='word_1_96' title='bbox 1702 1397 1721 1430; x_wconf 76' lang='grc' dir='ltr'><strong>ι</strong></span> 
     </span>
    </p>
   </div>
   <div class='ocr_carea' id='block_1_15' title="bbox 605 1469 2121 1544">
    <p class='ocr_par' dir='ltr' id='par_1_15' title="bbox 605 1469 2121 1544">
     <span class='ocr_line' id='line_1_15' title="bbox 605 1469 2121 1544; baseline 0.002 -19"><span class='ocrx_word' id='word_1_97' title='bbox 605 1470 755 1526; x_wconf 73' lang='grc' dir='ltr'>Ριαι.</span> <span class='ocrx_word' id='word_1_98' title='bbox 794 1486 907 1535; x_wconf 76' lang='lat' dir='ltr'><strong>xiv,</strong></span> <span class='ocrx_word' id='word_1_99' title='bbox 952 1470 1040 1528; x_wconf 76' lang='grc'><strong>18.</strong></span> <span class='ocrx_word' id='word_1_100' title='bbox 1065 1500 1131 1513; x_wconf 92' lang='lat'><em>-</em></span> <span class='ocrx_word' id='word_1_101' title='bbox 1184 1489 1204 1524; x_wconf 85' lang='grc' dir='ltr'><strong>ι</strong></span> <span class='ocrx_word' id='word_1_102' title='bbox 1244 1469 1494 1543; x_wconf 77' lang='lat' dir='ltr'><strong>Regnum</strong></span> <span class='ocrx_word' id='word_1_103' title='bbox 1525 1479 1706 1538; x_wconf 85' lang='lat' dir='ltr'><strong>tuum,</strong></span> <span class='ocrx_word' id='word_1_104' title='bbox 1739 1486 1969 1544; x_wconf 79' lang='lat' dir='ltr'><strong>regnum</strong></span> <span class='ocrx_word' id='word_1_105' title='bbox 2000 1485 2121 1528; x_wconf 74' lang='lat' dir='ltr'><strong>01n-</strong></span> 
     </span>
    </p>
   </div>
   <div class='ocr_carea' id='block_1_16' title="bbox 522 1566 1247 1630">
    <p class='ocr_par' dir='ltr' id='par_1_16' title="bbox 522 1566 1247 1630">
     <span class='ocr_line' id='line_1_16' title="bbox 522 1566 1247 1630; baseline 0.006 -15"><span class='ocrx_word' id='word_1_106' title='bbox 522 1566 681 1619; x_wconf 77' lang='lat' dir='ltr'><strong>nium</strong></span> <span class='ocrx_word' id='word_1_107' title='bbox 715 1566 1065 1630; x_wconf 74' lang='lat' dir='ltr'><strong>saeculorum,</strong></span> <span class='ocrx_word' id='word_1_108' title='bbox 1093 1584 1112 1618; x_wconf 82' lang='grc' dir='ltr'><strong>ι</strong></span> <span class='ocrx_word' id='word_1_109' title='bbox 1133 1573 1247 1621; x_wconf 88' lang='lat' dir='ltr'><strong>etc.</strong></span> 
     </span>
    </p>
   </div>
   <div class='ocr_carea' id='block_1_17' title="bbox 601 1655 2120 1728">
    <p class='ocr_par' dir='ltr' id='par_1_17' title="bbox 601 1655 2120 1728">
     <span class='ocr_line' id='line_1_17' title="bbox 601 1655 2120 1728; baseline 0 -16"><span class='ocrx_word' id='word_1_110' title='bbox 601 1656 718 1713; x_wconf 75' lang='grc' dir='ltr'>Ιειι.</span> <span class='ocrx_word' id='word_1_111' title='bbox 747 1672 825 1722; x_wconf 71' lang='grc' dir='ltr'><strong>τι,</strong></span> <span class='ocrx_word' id='word_1_112' title='bbox 857 1656 975 1715; x_wconf 74' lang='grc'><strong>1-5.</strong></span> <span class='ocrx_word' id='word_1_113' title='bbox 1003 1684 1077 1698; x_wconf 90' lang='lat'><strong>-</strong></span> <span class='ocrx_word' id='word_1_114' title='bbox 1109 1673 1129 1708; x_wconf 81' lang='grc' dir='ltr'><strong>ι</strong></span> <span class='ocrx_word' id='word_1_115' title='bbox 1171 1655 1403 1712; x_wconf 87' lang='lat' dir='ltr'><strong>Factum</strong></span> <span class='ocrx_word' id='word_1_116' title='bbox 1442 1664 1529 1713; x_wconf 88' lang='lat' dir='ltr'><strong>est</strong></span> <span class='ocrx_word' id='word_1_117' title='bbox 1567 1656 1625 1712; x_wconf 90' lang='lat' dir='ltr'><strong>in</strong></span> <span class='ocrx_word' id='word_1_118' title='bbox 1656 1671 1803 1715; x_wconf 88' lang='lat' dir='ltr'><strong>anno</strong></span> <span class='ocrx_word' id='word_1_119' title='bbox 1835 1671 1946 1728; x_wconf 72' lang='lat' dir='ltr'><strong>quo</strong></span> <span class='ocrx_word' id='word_1_120' title='bbox 1972 1671 2120 1712; x_wconf 83' lang='lat' dir='ltr'><strong>mor-</strong></span> 
     </span>
    </p>
   </div>
   <div class='ocr_carea' id='block_1_18' title="bbox 533 1748 2115 1820">
    <p class='ocr_par' dir='ltr' id='par_1_18' title="bbox 533 1748 2115 1820">
     <span class='ocr_line' id='line_1_18' title="bbox 533 1748 2115 1820; baseline 0.002 -19"><span class='ocrx_word' id='word_1_121' title='bbox 533 1758 785 1806; x_wconf 88' lang='lat' dir='ltr'><strong>tuus-est</strong></span> <span class='ocrx_word' id='word_1_122' title='bbox 823 1765 921 1805; x_wconf 92' lang='lat' dir='ltr'><strong>rex</strong></span> <span class='ocrx_word' id='word_1_123' title='bbox 968 1749 1163 1820; x_wconf 85' lang='lat' dir='ltr'><strong>Ozias,</strong></span> <span class='ocrx_word' id='word_1_124' title='bbox 1218 1749 1334 1806; x_wconf 73' lang='lat' dir='ltr'><strong>vidi</strong></span> <span class='ocrx_word' id='word_1_125' title='bbox 1387 1749 1678 1805; x_wconf 88' lang='lat' dir='ltr'><strong>Dominum</strong></span> <span class='ocrx_word' id='word_1_126' title='bbox 1739 1749 2025 1807; x_wconf 67' lang='lat' dir='ltr'><strong>sedentem</strong></span> <span class='ocrx_word' id='word_1_127' title='bbox 2061 1748 2115 1804; x_wconf 90' lang='lat' dir='ltr'><strong>in</strong></span> 
     </span>
    </p>
   </div>
   <div class='ocr_carea' id='block_1_19' title="bbox 531 1841 2118 1914">
    <p class='ocr_par' dir='ltr' id='par_1_19' title="bbox 531 1841 2118 1914">
     <span class='ocr_line' id='line_1_19' title="bbox 531 1841 2118 1914; baseline -0.001 -16"><span class='ocrx_word' id='word_1_128' title='bbox 531 1845 670 1898; x_wconf 90' lang='lat' dir='ltr'><strong>solio</strong></span> <span class='ocrx_word' id='word_1_129' title='bbox 701 1842 921 1898; x_wconf 86' lang='lat' dir='ltr'><strong>excelso</strong></span> <span class='ocrx_word' id='word_1_130' title='bbox 938 1851 992 1898; x_wconf 93' lang='lat' dir='ltr'><strong>et</strong></span> <span class='ocrx_word' id='word_1_131' title='bbox 1019 1843 1232 1899; x_wconf 70' lang='lat' dir='ltr'><strong>elevato</strong></span> <span class='ocrx_word' id='word_1_132' title='bbox 1257 1859 1272 1896; x_wconf 89' lang='lat'><strong>:</strong></span> <span class='ocrx_word' id='word_1_133' title='bbox 1300 1850 1354 1898; x_wconf 87' lang='lat' dir='ltr'><strong>et</strong></span> <span class='ocrx_word' id='word_1_134' title='bbox 1387 1843 1550 1914; x_wconf 87' lang='lat' dir='ltr'><strong>plena</strong></span> <span class='ocrx_word' id='word_1_135' title='bbox 1573 1848 1692 1897; x_wconf 89' lang='lat' dir='ltr'><strong>erat</strong></span> <span class='ocrx_word' id='word_1_136' title='bbox 1722 1841 1919 1898; x_wconf 78' lang='lat' dir='ltr'><strong>domus</strong></span> <span class='ocrx_word' id='word_1_137' title='bbox 1940 1843 2118 1914; x_wconf 79' lang='lat' dir='ltr'><strong>gloria</strong></span> 
     </span>
    </p>
   </div>
   <div class='ocr_carea' id='block_1_20' title="bbox 529 1929 2108 2002">
    <p class='ocr_par' dir='ltr' id='par_1_20' title="bbox 529 1929 2108 2002">
     <span class='ocr_line' id='line_1_20' title="bbox 529 1929 2108 2002; baseline 0 -15"><span class='ocrx_word' id='word_1_138' title='bbox 529 1933 672 2000; x_wconf 79' lang='lat' dir='ltr'><strong>eius.</strong></span> <span class='ocrx_word' id='word_1_139' title='bbox 703 1932 768 1985; x_wconf 89' lang='lat' dir='ltr'><strong>Et</strong></span> <span class='ocrx_word' id='word_1_140' title='bbox 795 1930 1082 2002; x_wconf 85' lang='lat' dir='ltr'><strong>Seraphim</strong></span> <span class='ocrx_word' id='word_1_141' title='bbox 1111 1930 1338 1987; x_wconf 87' lang='lat' dir='ltr'><strong>stabant</strong></span> <span class='ocrx_word' id='word_1_142' title='bbox 1361 1930 1512 1985; x_wconf 83' lang='lat' dir='ltr'><strong>circa</strong></span> <span class='ocrx_word' id='word_1_143' title='bbox 1543 1929 1676 1987; x_wconf 90' lang='lat' dir='ltr'><strong>illud</strong></span> <span class='ocrx_word' id='word_1_144' title='bbox 1712 1950 1725 1987; x_wconf 92' lang='lat'><strong>:</strong></span> <span class='ocrx_word' id='word_1_145' title='bbox 1759 1947 1854 1988; x_wconf 86' lang='lat' dir='ltr'><strong>sex</strong></span> <span class='ocrx_word' id='word_1_146' title='bbox 1883 1932 1986 1987; x_wconf 72' lang='lat' dir='ltr'><strong>ala:</strong></span> <span class='ocrx_word' id='word_1_147' title='bbox 2011 1931 2108 1987; x_wconf 87' lang='lat' dir='ltr'><strong>uni</strong></span> 
     </span>
    </p>
   </div>
   <div class='ocr_carea' id='block_1_21' title="bbox 529 2023 2114 2093">
    <p class='ocr_par' dir='ltr' id='par_1_21' title="bbox 529 2023 2114 2093">
     <span class='ocr_line' id='line_1_21' title="bbox 529 2023 2114 2093; baseline 0.001 -13"><span class='ocrx_word' id='word_1_148' title='bbox 529 2035 582 2082; x_wconf 82' lang='lat' dir='ltr'><strong>et</strong></span> <span class='ocrx_word' id='word_1_149' title='bbox 615 2041 710 2082; x_wconf 86' lang='lat' dir='ltr'><strong>sex</strong></span> <span class='ocrx_word' id='word_1_150' title='bbox 742 2025 843 2080; x_wconf 74' lang='lat' dir='ltr'><strong>ala:</strong></span> <span class='ocrx_word' id='word_1_151' title='bbox 881 2024 1077 2093; x_wconf 88' lang='lat' dir='ltr'><strong>alteri;</strong></span> <span class='ocrx_word' id='word_1_152' title='bbox 1111 2031 1170 2081; x_wconf 87' lang='lat' dir='ltr'><strong>et</strong></span> <span class='ocrx_word' id='word_1_153' title='bbox 1203 2023 1426 2082; x_wconf 86' lang='lat' dir='ltr'><strong>duabus</strong></span> <span class='ocrx_word' id='word_1_154' title='bbox 1460 2023 1720 2081; x_wconf 85' lang='lat' dir='ltr'><strong>velabant</strong></span> <span class='ocrx_word' id='word_1_155' title='bbox 1749 2025 1920 2082; x_wconf 81' lang='lat' dir='ltr'><strong>facies</strong></span> <span class='ocrx_word' id='word_1_156' title='bbox 1962 2040 2114 2092; x_wconf 87' lang='lat' dir='ltr'><strong>suas,</strong></span> 
     </span>
    </p>
   </div>
   <div class='ocr_carea' id='block_1_22' title="bbox 528 2117 2114 2189">
    <p class='ocr_par' dir='ltr' id='par_1_22' title="bbox 528 2117 2114 2189">
     <span class='ocr_line' id='line_1_22' title="bbox 528 2117 2114 2189; baseline 0.003 -19"><span class='ocrx_word' id='word_1_157' title='bbox 528 2128 582 2173; x_wconf 64' lang='lat' dir='ltr'><strong>ul</strong></span> <span class='ocrx_word' id='word_1_158' title='bbox 604 2118 819 2176; x_wconf 89' lang='lat' dir='ltr'><strong>duabus</strong></span> <span class='ocrx_word' id='word_1_159' title='bbox 847 2118 1106 2174; x_wconf 79' lang='lat' dir='ltr'><strong>velabant</strong></span> <span class='ocrx_word' id='word_1_160' title='bbox 1137 2117 1306 2189; x_wconf 86' lang='lat' dir='ltr'><strong>pedes</strong></span> <span class='ocrx_word' id='word_1_161' title='bbox 1325 2131 1478 2183; x_wconf 85' lang='lat' dir='ltr'><strong>suos,</strong></span> <span class='ocrx_word' id='word_1_162' title='bbox 1509 2126 1562 2173; x_wconf 88' lang='lat' dir='ltr'><strong>et</strong></span> <span class='ocrx_word' id='word_1_163' title='bbox 1590 2117 1811 2173; x_wconf 81' lang='lat' dir='ltr'><strong>duabus</strong></span> <span class='ocrx_word' id='word_1_164' title='bbox 1835 2117 2114 2174; x_wconf 73' lang='lat' dir='ltr'><strong>volabant.</strong></span> 
     </span>
    </p>
   </div>
   <div class='ocr_carea' id='block_1_23' title="bbox 530 2207 2116 2279">
    <p class='ocr_par' dir='ltr' id='par_1_23' title="bbox 530 2207 2116 2279">
     <span class='ocr_line' id='line_1_23' title="bbox 530 2207 2116 2279; baseline 0 -15"><span class='ocrx_word' id='word_1_165' title='bbox 530 2213 594 2266; x_wconf 76' lang='lat' dir='ltr'><strong>Et</strong></span> <span class='ocrx_word' id='word_1_166' title='bbox 632 2211 947 2267; x_wconf 87' lang='lat' dir='ltr'><strong>clamabant</strong></span> <span class='ocrx_word' id='word_1_167' title='bbox 983 2210 1124 2265; x_wconf 87' lang='lat' dir='ltr'><strong>alter</strong></span> <span class='ocrx_word' id='word_1_168' title='bbox 1147 2209 1216 2265; x_wconf 85' lang='lat' dir='ltr'><strong>ad</strong></span> <span class='ocrx_word' id='word_1_169' title='bbox 1257 2209 1518 2277; x_wconf 86' lang='lat' dir='ltr'><strong>alterum,</strong></span> <span class='ocrx_word' id='word_1_170' title='bbox 1549 2223 1608 2279; x_wconf 85' lang='lat' dir='ltr'><strong>et</strong></span> <span class='ocrx_word' id='word_1_171' title='bbox 1642 2208 1904 2265; x_wconf 87' lang='lat' dir='ltr'><strong>dicebant</strong></span> <span class='ocrx_word' id='word_1_172' title='bbox 1933 2227 1946 2263; x_wconf 91' lang='lat'>:</span> <span class='ocrx_word' id='word_1_173' title='bbox 1978 2207 2116 2264; x_wconf 83' lang='lat' dir='ltr'><strong>San-</strong></span> 
     </span>
    </p>
   </div>
   <div class='ocr_carea' id='block_1_24' title="bbox 527 2299 2112 2376">
    <p class='ocr_par' dir='ltr' id='par_1_24' title="bbox 527 2299 2112 2376">
     <span class='ocr_line' id='line_1_24' title="bbox 527 2299 2112 2376; baseline -0.001 -20"><span class='ocrx_word' id='word_1_174' title='bbox 527 2316 671 2376; x_wconf 79' lang='lat' dir='ltr'><strong>ctus,</strong></span> <span class='ocrx_word' id='word_1_175' title='bbox 731 2311 981 2370; x_wconf 90' lang='lat' dir='ltr'><strong>sanctus,</strong></span> <span class='ocrx_word' id='word_1_176' title='bbox 1046 2310 1298 2369; x_wconf 86' lang='lat' dir='ltr'><strong>sanctus,</strong></span> <span class='ocrx_word' id='word_1_177' title='bbox 1351 2299 1619 2357; x_wconf 88' lang='lat' dir='ltr'><strong>Dominus</strong></span> <span class='ocrx_word' id='word_1_178' title='bbox 1655 2300 1800 2357; x_wconf 90' lang='lat' dir='ltr'><strong>Deus</strong></span> <span class='ocrx_word' id='word_1_179' title='bbox 1849 2300 2112 2359; x_wconf 79' lang='lat' dir='ltr'><strong>Sabaoth.</strong></span> 
     </span>
    </p>
   </div>
   <div class='ocr_carea' id='block_1_25' title="bbox 519 2392 1651 2464">
    <p class='ocr_par' dir='ltr' id='par_1_25' title="bbox 519 2392 1651 2464">
     <span class='ocr_line' id='line_1_25' title="bbox 519 2392 1651 2464; baseline -0.002 -15"><span class='ocrx_word' id='word_1_180' title='bbox 519 2395 692 2451; x_wconf 77' lang='lat' dir='ltr'><strong>Plena</strong></span> <span class='ocrx_word' id='word_1_181' title='bbox 727 2403 812 2452; x_wconf 83' lang='lat' dir='ltr'><strong>est</strong></span> <span class='ocrx_word' id='word_1_182' title='bbox 844 2395 1026 2451; x_wconf 87' lang='lat' dir='ltr'><strong>omnis</strong></span> <span class='ocrx_word' id='word_1_183' title='bbox 1053 2400 1204 2451; x_wconf 88' lang='lat' dir='ltr'><strong>terra</strong></span> <span class='ocrx_word' id='word_1_184' title='bbox 1241 2393 1414 2464; x_wconf 86' lang='lat' dir='ltr'><strong>gloria</strong></span> <span class='ocrx_word' id='word_1_185' title='bbox 1449 2392 1592 2464; x_wconf 84' lang='lat' dir='ltr'><strong>ejus.</strong></span> <span class='ocrx_word' id='word_1_186' title='bbox 1633 2412 1651 2447; x_wconf 80' lang='grc' dir='ltr'><strong>ι</strong></span> 
     </span>
    </p>
   </div>
   <div class='ocr_carea' id='block_1_26' title="bbox 596 2573 2116 2648">
    <p class='ocr_par' dir='ltr' id='par_1_26' title="bbox 596 2573 2116 2648">
     <span class='ocr_line' id='line_1_26' title="bbox 596 2573 2116 2648; baseline -0.001 -16"><span class='ocrx_word' id='word_1_187' title='bbox 596 2575 714 2632; x_wconf 79' lang='lat' dir='ltr'><strong>Isa.</strong></span> <span class='ocrx_word' id='word_1_188' title='bbox 737 2591 850 2643; x_wconf 77' lang='lat' dir='ltr'><strong>xu,</strong></span> <span class='ocrx_word' id='word_1_189' title='bbox 869 2573 924 2632; x_wconf 79' lang='grc'><strong>4.</strong></span> <span class='ocrx_word' id='word_1_190' title='bbox 942 2605 1010 2618; x_wconf 88' lang='lat'><strong>--</strong></span> <span class='ocrx_word' id='word_1_191' title='bbox 1041 2594 1061 2629; x_wconf 85' lang='grc' dir='ltr'><strong>ι</strong></span> <span class='ocrx_word' id='word_1_192' title='bbox 1097 2573 1215 2648; x_wconf 84' lang='lat' dir='ltr'><strong>Ego</strong></span> <span class='ocrx_word' id='word_1_193' title='bbox 1237 2573 1523 2645; x_wconf 83' lang='lat' dir='ltr'><strong>Dominus,</strong></span> <span class='ocrx_word' id='word_1_194' title='bbox 1544 2582 1601 2632; x_wconf 89' lang='lat' dir='ltr'><strong>et</strong></span> <span class='ocrx_word' id='word_1_195' title='bbox 1631 2574 1686 2629; x_wconf 87' lang='lat' dir='ltr'><strong>in</strong></span> <span class='ocrx_word' id='word_1_196' title='bbox 1719 2589 1782 2632; x_wconf 91' lang='lat' dir='ltr'><strong>ea</strong></span> <span class='ocrx_word' id='word_1_197' title='bbox 1808 2589 1926 2646; x_wconf 75' lang='lat' dir='ltr'><strong>qute</strong></span> <span class='ocrx_word' id='word_1_198' title='bbox 1950 2589 2116 2633; x_wconf 75' lang='lat' dir='ltr'><strong>even-</strong></span> 
     </span>
    </p>
   </div>
   <div class='ocr_carea' id='block_1_27' title="bbox 526 2677 1189 2744">
    <p class='ocr_par' dir='ltr' id='par_1_27' title="bbox 526 2677 1189 2744">
     <span class='ocr_line' id='line_1_27' title="bbox 526 2677 1189 2744; baseline -0.003 -21"><span class='ocrx_word' id='word_1_199' title='bbox 526 2679 646 2724; x_wconf 80' lang='lat' dir='ltr'><strong>tura</strong></span> <span class='ocrx_word' id='word_1_200' title='bbox 676 2677 827 2738; x_wconf 88' lang='lat' dir='ltr'><strong>sunt,</strong></span> <span class='ocrx_word' id='word_1_201' title='bbox 853 2684 956 2744; x_wconf 85' lang='lat' dir='ltr'><strong>ego</strong></span> <span class='ocrx_word' id='word_1_202' title='bbox 985 2683 1130 2725; x_wconf 87' lang='lat' dir='ltr'><strong>sum.</strong></span> <span class='ocrx_word' id='word_1_203' title='bbox 1168 2685 1189 2721; x_wconf 74' lang='grc' dir='ltr'><strong>ι</strong></span> 
     </span>
    </p>
   </div>
   <div class='ocr_carea' id='block_1_28' title="bbox 594 2756 2115 2826">
    <p class='ocr_par' dir='ltr' id='par_1_28' title="bbox 594 2756 2115 2826">
     <span class='ocr_line' id='line_1_28' title="bbox 594 2756 2115 2826; baseline 0 -11"><span class='ocrx_word' id='word_1_204' title='bbox 594 2759 714 2816; x_wconf 75' lang='grc' dir='ltr'>ιω.</span> <span class='ocrx_word' id='word_1_205' title='bbox 748 2775 911 2826; x_wconf 72' lang='grc' dir='ltr'>ιιιιι,</span> <span class='ocrx_word' id='word_1_206' title='bbox 942 2759 1028 2816; x_wconf 82' lang='grc' dir='ltr'>ιθ.</span> <span class='ocrx_word' id='word_1_207' title='bbox 1057 2789 1130 2803; x_wconf 87' lang='lat'><strong>--</strong></span> <span class='ocrx_word' id='word_1_208' title='bbox 1161 2778 1181 2813; x_wconf 85' lang='grc' dir='ltr'><strong>ι</strong></span> <span class='ocrx_word' id='word_1_209' title='bbox 1215 2757 1461 2826; x_wconf 87' lang='lat' dir='ltr'><strong>Scitote,</strong></span> <span class='ocrx_word' id='word_1_210' title='bbox 1501 2765 1558 2815; x_wconf 88' lang='lat' dir='ltr'><strong>et</strong></span> <span class='ocrx_word' id='word_1_211' title='bbox 1601 2758 1815 2815; x_wconf 85' lang='lat' dir='ltr'><strong>credite</strong></span> <span class='ocrx_word' id='word_1_212' title='bbox 1857 2756 2027 2824; x_wconf 74' lang='lat' dir='ltr'><strong>milii,</strong></span> <span class='ocrx_word' id='word_1_213' title='bbox 2058 2763 2115 2815; x_wconf 85' lang='lat' dir='ltr'><strong>et</strong></span> 
     </span>
    </p>
   </div>
   <div class='ocr_carea' id='block_1_29' title="bbox 516 2851 2115 2926">
    <p class='ocr_par' dir='ltr' id='par_1_29' title="bbox 516 2851 2115 2926">
     <span class='ocr_line' id='line_1_29' title="bbox 516 2851 2115 2926; baseline -0.001 -19"><span class='ocrx_word' id='word_1_214' title='bbox 516 2853 838 2926; x_wconf 81' lang='lat' dir='ltr'><strong>.intelligite,</strong></span> <span class='ocrx_word' id='word_1_215' title='bbox 866 2853 1001 2926; x_wconf 80' lang='lat' dir='ltr'><strong>quia</strong></span> <span class='ocrx_word' id='word_1_216' title='bbox 1051 2868 1156 2924; x_wconf 89' lang='lat' dir='ltr'><strong>ego</strong></span> <span class='ocrx_word' id='word_1_217' title='bbox 1195 2853 1312 2924; x_wconf 83' lang='lat' dir='ltr'><strong>ipse</strong></span> <span class='ocrx_word' id='word_1_218' title='bbox 1345 2867 1492 2908; x_wconf 88' lang='lat' dir='ltr'><strong>sum.</strong></span> <span class='ocrx_word' id='word_1_219' title='bbox 1537 2851 1684 2908; x_wconf 80' lang='lat' dir='ltr'><strong>Ante</strong></span> <span class='ocrx_word' id='word_1_220' title='bbox 1734 2866 1820 2907; x_wconf 90' lang='lat' dir='ltr'><strong>me</strong></span> <span class='ocrx_word' id='word_1_221' title='bbox 1875 2865 1989 2907; x_wconf 92' lang='lat' dir='ltr'><strong>non</strong></span> <span class='ocrx_word' id='word_1_222' title='bbox 2028 2856 2115 2907; x_wconf 84' lang='lat' dir='ltr'><strong>est</strong></span> 
     </span>
    </p>
   </div>
   <div class='ocr_carea' id='block_1_30' title="bbox 516 2942 2110 3015">
    <p class='ocr_par' dir='ltr' id='par_1_30' title="bbox 516 2942 2110 3015">
     <span class='ocr_line' id='line_1_30' title="bbox 516 2942 2110 3015; baseline 0.001 -18"><span class='ocrx_word' id='word_1_223' title='bbox 516 2946 796 3001; x_wconf 71' lang='lat' dir='ltr'><strong>formatus</strong></span> <span class='ocrx_word' id='word_1_224' title='bbox 830 2944 975 3003; x_wconf 87' lang='lat' dir='ltr'><strong>Deus</strong></span> <span class='ocrx_word' id='word_1_225' title='bbox 1000 2944 1170 3012; x_wconf 79' lang='lat' dir='ltr'><strong>alius,</strong></span> <span class='ocrx_word' id='word_1_226' title='bbox 1191 2952 1247 3000; x_wconf 94' lang='lat' dir='ltr'><strong>et</strong></span> <span class='ocrx_word' id='word_1_227' title='bbox 1279 2959 1497 3001; x_wconf 90' lang='lat' dir='ltr'><strong>mecum</strong></span> <span class='ocrx_word' id='word_1_228' title='bbox 1523 2960 1630 3000; x_wconf 89' lang='lat' dir='ltr'><strong>non</strong></span> <span class='ocrx_word' id='word_1_229' title='bbox 1659 2945 1788 3000; x_wconf 89' lang='lat' dir='ltr'><strong>erit.</strong></span> <span class='ocrx_word' id='word_1_230' title='bbox 1821 2942 1932 3015; x_wconf 85' lang='lat' dir='ltr'><strong>Ego</strong></span> <span class='ocrx_word' id='word_1_231' title='bbox 1963 2957 2110 3010; x_wconf 90' lang='lat' dir='ltr'><strong>sum,</strong></span> 
     </span>
    </p>
   </div>
   <div class='ocr_carea' id='block_1_31' title="bbox 512 3023 1968 3110">
    <p class='ocr_par' dir='ltr' id='par_1_31' title="bbox 512 3023 1968 3110">
     <span class='ocr_line' id='line_1_31' title="bbox 512 3023 1968 3110; baseline -0.003 -16"><span class='ocrx_word' id='word_1_232' title='bbox 512 3023 626 3110; x_wconf 84' lang='lat' dir='ltr'><strong>ego</strong></span> <span class='ocrx_word' id='word_1_233' title='bbox 653 3054 776 3095; x_wconf 89' lang='lat' dir='ltr'><strong>sum</strong></span> <span class='ocrx_word' id='word_1_234' title='bbox 801 3037 969 3103; x_wconf 85' lang='lat' dir='ltr'><strong>Deus.</strong></span> <span class='ocrx_word' id='word_1_235' title='bbox 1004 3047 1060 3096; x_wconf 85' lang='lat' dir='ltr'><strong>et</strong></span> <span class='ocrx_word' id='word_1_236' title='bbox 1091 3053 1201 3094; x_wconf 89' lang='lat' dir='ltr'><strong>non</strong></span> <span class='ocrx_word' id='word_1_237' title='bbox 1237 3045 1323 3095; x_wconf 90' lang='lat' dir='ltr'><strong>est</strong></span> <span class='ocrx_word' id='word_1_238' title='bbox 1348 3041 1501 3094; x_wconf 79' lang='lat' dir='ltr'><strong>extr‘a</strong></span> <span class='ocrx_word' id='word_1_239' title='bbox 1537 3053 1626 3095; x_wconf 87' lang='lat' dir='ltr'><strong>me</strong></span> <span class='ocrx_word' id='word_1_240' title='bbox 1664 3038 1910 3095; x_wconf 79' lang='lat' dir='ltr'><strong>salvans.</strong></span> <span class='ocrx_word' id='word_1_241' title='bbox 1946 3055 1968 3090; x_wconf 76' lang='grc' dir='ltr'><strong>ι</strong></span> 
     </span>
    </p>
   </div>
   <div class='ocr_carea' id='block_1_32' title="bbox 2226 533 2978 610">
    <p class='ocr_par' dir='ltr' id='par_1_32' title="bbox 2226 533 2978 610">
     <span class='ocr_line' id='line_1_32' title="bbox 2226 533 2978 610; baseline 0.005 -23"><span class='ocrx_word' id='word_1_242' title='bbox 2226 533 2367 606; x_wconf 70' lang='grc' dir='ltr'>πλὴν</span> <span class='ocrx_word' id='word_1_243' title='bbox 2399 533 2496 590; x_wconf 87' lang='grc' dir='ltr'><strong>τοῦ</strong></span> <span class='ocrx_word' id='word_1_244' title='bbox 2529 535 2665 590; x_wconf 87' lang='grc' dir='ltr'>Θεοῦ</span> <span class='ocrx_word' id='word_1_245' title='bbox 2698 537 2885 610; x_wconf 74' lang='grc' dir='ltr'>ήμῶνς</span> <span class='ocrx_word' id='word_1_246' title='bbox 2919 557 2938 591; x_wconf 78' lang='grc' dir='ltr'><strong>ι</strong></span> <span class='ocrx_word' id='word_1_247' title='bbox 2973 566 2978 571; x_wconf 36' lang='grc' dir='ltr'>β</span> 
     </span>
    </p>
   </div>
   <div class='ocr_carea' id='block_1_33' title="bbox 2301 626 3803 706">
    <p class='ocr_par' dir='ltr' id='par_1_33' title="bbox 2301 626 3803 706">
     <span class='ocr_line' id='line_1_33' title="bbox 2301 626 3803 706; baseline 0.005 -26"><span class='ocrx_word' id='word_1_248' title='bbox 2301 645 2320 680; x_wconf 88' lang='grc' dir='ltr'><strong>ι</strong></span> <span class='ocrx_word' id='word_1_249' title='bbox 2358 626 2447 698; x_wconf 84' lang='grc' dir='ltr'><strong>Τῷ</strong></span> <span class='ocrx_word' id='word_1_250' title='bbox 2470 626 2618 701; x_wconf 79' lang='grc' dir='ltr'>λόγῳ</span> <span class='ocrx_word' id='word_1_251' title='bbox 2647 629 2858 702; x_wconf 75' lang='grc' dir='ltr'>Κυρίου</span> <span class='ocrx_word' id='word_1_252' title='bbox 2893 632 2943 685; x_wconf 82' lang='grc' dir='ltr'><strong>οι</strong></span> <span class='ocrx_word' id='word_1_253' title='bbox 2973 631 3194 704; x_wconf 70' lang='grc' dir='ltr'>οὐρανοὶ</span> <span class='ocrx_word' id='word_1_254' title='bbox 3227 627 3668 706; x_wconf 67' lang='grc' dir='ltr'><strong>ἐστερεώθησαν,</strong></span> <span class='ocrx_word' id='word_1_255' title='bbox 3708 637 3803 693; x_wconf 76' lang='grc' dir='ltr'>καὶ</span> 
     </span>
    </p>
   </div>
   <div class='ocr_carea' id='block_1_34' title="bbox 2223 710 3804 797">
    <p class='ocr_par' dir='ltr' id='par_1_34' title="bbox 2223 710 3804 797">
     <span class='ocr_line' id='line_1_34' title="bbox 2223 710 3804 797; baseline 0.006 -25"><span class='ocrx_word' id='word_1_256' title='bbox 2223 718 2301 791; x_wconf 83' lang='grc' dir='ltr'><strong>τῷ</strong></span> <span class='ocrx_word' id='word_1_257' title='bbox 2333 720 2608 794; x_wconf 83' lang='grc' dir='ltr'>πνεύματι</span> <span class='ocrx_word' id='word_1_258' title='bbox 2652 722 2749 778; x_wconf 88' lang='grc' dir='ltr'><strong>τοῦ</strong></span> <span class='ocrx_word' id='word_1_259' title='bbox 2803 723 3074 796; x_wconf 88' lang='grc' dir='ltr'>στόματος</span> <span class='ocrx_word' id='word_1_260' title='bbox 3099 725 3265 779; x_wconf 79' lang='grc' dir='ltr'>αὐτοῦ</span> <span class='ocrx_word' id='word_1_261' title='bbox 3311 726 3464 780; x_wconf 78' lang='grc' dir='ltr'>πᾶσα</span> <span class='ocrx_word' id='word_1_262' title='bbox 3502 728 3537 797; x_wconf 64' lang='lat' dir='ltr'><strong>ﬁ</strong></span> <span class='ocrx_word' id='word_1_263' title='bbox 3565 710 3804 797; x_wconf 82' lang='grc' dir='ltr'>δύναμις</span> 
     </span>
    </p>
   </div>
   <div class='ocr_carea' id='block_1_35' title="bbox 2221 827 2471 867">
    <p class='ocr_par' dir='ltr' id='par_1_35' title="bbox 2221 827 2471 867">
     <span class='ocr_line' id='line_1_35' title="bbox 2221 827 2471 867; baseline 0 -3"><span class='ocrx_word' id='word_1_264' title='bbox 2221 827 2422 867; x_wconf 89' lang='grc' dir='ltr'>αυτων.</span> <span class='ocrx_word' id='word_1_265' title='bbox 2452 832 2471 864; x_wconf 78' lang='grc' dir='ltr'><strong>ι</strong></span> 
     </span>
    </p>
   </div>
   <div class='ocr_carea' id='block_1_36' title="bbox 2299 903 3604 981">
    <p class='ocr_par' dir='ltr' id='par_1_36' title="bbox 2299 903 3604 981">
     <span class='ocr_line' id='line_1_36' title="bbox 2299 903 3604 981; baseline 0.005 -25"><span class='ocrx_word' id='word_1_266' title='bbox 2299 922 2316 955; x_wconf 86' lang='grc' dir='ltr'><strong>ι</strong></span> <span class='ocrx_word' id='word_1_267' title='bbox 2348 903 2410 958; x_wconf 83' lang='grc'><strong>’0</strong></span> <span class='ocrx_word' id='word_1_268' title='bbox 2444 903 2498 959; x_wconf 69' lang='grc' dir='ltr'>δὲ</span> <span class='ocrx_word' id='word_1_269' title='bbox 2533 904 2665 972; x_wconf 87' lang='grc' dir='ltr'>Θεὸς</span> <span class='ocrx_word' id='word_1_270' title='bbox 2700 906 2958 978; x_wconf 78' lang='grc' dir='ltr'>βασιλεὺς</span> <span class='ocrx_word' id='word_1_271' title='bbox 2987 907 3145 981; x_wconf 73' lang='grc' dir='ltr'>ἡμῶν</span> <span class='ocrx_word' id='word_1_272' title='bbox 3177 908 3285 980; x_wconf 87' lang='grc' dir='ltr'><strong>πρὸ</strong></span> <span class='ocrx_word' id='word_1_273' title='bbox 3315 907 3549 964; x_wconf 74' lang='grc' dir='ltr'>αἰώνων.</span> <span class='ocrx_word' id='word_1_274' title='bbox 3583 927 3604 962; x_wconf 74' lang='grc' dir='ltr'><strong>ι</strong></span> 
     </span>
    </p>
   </div>
   <div class='ocr_carea' id='block_1_37' title="bbox 2299 1106 3810 1183">
    <p class='ocr_par' dir='ltr' id='par_1_37' title="bbox 2299 1106 3810 1183">
     <span class='ocr_line' id='line_1_37' title="bbox 2299 1106 3810 1183; baseline 0.003 -22"><span class='ocrx_word' id='word_1_275' title='bbox 2299 1127 2317 1161; x_wconf 85' lang='grc' dir='ltr'><strong>ι</strong></span> <span class='ocrx_word' id='word_1_276' title='bbox 2355 1109 2469 1163; x_wconf 83' lang='grc' dir='ltr'>Οὐκ</span> <span class='ocrx_word' id='word_1_277' title='bbox 2514 1108 2662 1165; x_wconf 77' lang='grc' dir='ltr'>ἔστιν</span> <span class='ocrx_word' id='word_1_278' title='bbox 2689 1109 2876 1180; x_wconf 84' lang='grc' dir='ltr'>ὅμοιός</span> <span class='ocrx_word' id='word_1_279' title='bbox 2905 1127 2988 1165; x_wconf 87' lang='grc' dir='ltr'><strong>σοι</strong></span> <span class='ocrx_word' id='word_1_280' title='bbox 3035 1109 3095 1164; x_wconf 71' lang='grc' dir='ltr'>ἐν</span> <span class='ocrx_word' id='word_1_281' title='bbox 3138 1109 3304 1177; x_wconf 81' lang='grc' dir='ltr'><strong>θεοῖς,</strong></span> <span class='ocrx_word' id='word_1_282' title='bbox 3337 1106 3539 1183; x_wconf 75' lang='grc' dir='ltr'>Κύριε,</span> <span class='ocrx_word' id='word_1_283' title='bbox 3577 1108 3679 1166; x_wconf 74' lang='grc' dir='ltr'>καὶ</span> <span class='ocrx_word' id='word_1_284' title='bbox 3706 1109 3810 1166; x_wconf 76' lang='grc' dir='ltr'>οὐκ</span> 
     </span>
    </p>
   </div>
   <div class='ocr_carea' id='block_1_38' title="bbox 2222 1199 3461 1272">
    <p class='ocr_par' dir='ltr' id='par_1_38' title="bbox 2222 1199 3461 1272">
     <span class='ocr_line' id='line_1_38' title="bbox 2222 1199 3461 1272; baseline 0.001 -16"><span class='ocrx_word' id='word_1_285' title='bbox 2222 1201 2338 1256; x_wconf 77' lang='grc' dir='ltr'>ἔστι</span> <span class='ocrx_word' id='word_1_286' title='bbox 2369 1199 2514 1256; x_wconf 80' lang='grc' dir='ltr'>κατὰ</span> <span class='ocrx_word' id='word_1_287' title='bbox 2542 1199 2612 1255; x_wconf 84' lang='grc' dir='ltr'>τὰ</span> <span class='ocrx_word' id='word_1_288' title='bbox 2641 1199 2781 1272; x_wconf 76' lang='grc' dir='ltr'>ἔργα</span> <span class='ocrx_word' id='word_1_289' title='bbox 2808 1218 2927 1257; x_wconf 90' lang='grc' dir='ltr'>σου.</span> <span class='ocrx_word' id='word_1_290' title='bbox 2957 1218 2980 1256; x_wconf 69' lang='grc' dir='ltr'><strong>ι</strong></span> <span class='ocrx_word' id='word_1_291' title='bbox 3457 1259 3461 1263; x_wconf 11' lang='grc' dir='ltr'>ξ</span> 
     </span>
    </p>
   </div>
   <div class='ocr_carea' id='block_1_39' title="bbox 2297 1291 3810 1368">
    <p class='ocr_par' dir='ltr' id='par_1_39' title="bbox 2297 1291 3810 1368">
     <span class='ocr_line' id='line_1_39' title="bbox 2297 1291 3810 1368; baseline -0.001 -20"><span class='ocrx_word' id='word_1_292' title='bbox 2297 1311 2318 1348; x_wconf 83' lang='grc' dir='ltr'><strong>ι</strong></span> <span class='ocrx_word' id='word_1_293' title='bbox 2348 1291 2544 1365; x_wconf 82' lang='grc' dir='ltr'>Κύριε,</span> <span class='ocrx_word' id='word_1_294' title='bbox 2601 1293 2897 1366; x_wconf 79' lang='grc' dir='ltr'>καταφυγὴ</span> <span class='ocrx_word' id='word_1_295' title='bbox 2932 1293 3199 1368; x_wconf 81' lang='grc' dir='ltr'>ὲγενήθης</span> <span class='ocrx_word' id='word_1_296' title='bbox 3229 1294 3385 1365; x_wconf 75' lang='grc' dir='ltr'>ἡμῖν,</span> <span class='ocrx_word' id='word_1_297' title='bbox 3418 1294 3474 1347; x_wconf 70' lang='grc' dir='ltr'>ἐν</span> <span class='ocrx_word' id='word_1_298' title='bbox 3507 1294 3676 1366; x_wconf 74' lang='grc' dir='ltr'>γενεᾷ</span> <span class='ocrx_word' id='word_1_299' title='bbox 3714 1292 3810 1346; x_wconf 80' lang='grc' dir='ltr'>καὶ</span> 
     </span>
    </p>
   </div>
   <div class='ocr_carea' id='block_1_40' title="bbox 2220 1385 2467 1456">
    <p class='ocr_par' dir='ltr' id='par_1_40' title="bbox 2220 1385 2467 1456">
     <span class='ocr_line' id='line_1_40' title="bbox 2220 1385 2467 1456; baseline -0.008 -16"><span class='ocrx_word' id='word_1_300' title='bbox 2220 1385 2408 1456; x_wconf 77' lang='grc' dir='ltr'>γενεᾷ.</span> <span class='ocrx_word' id='word_1_301' title='bbox 2446 1402 2467 1438; x_wconf 75' lang='grc' dir='ltr'><strong>ι</strong></span> 
     </span>
    </p>
   </div>
   <div class='ocr_carea' id='block_1_41' title="bbox 2293 1476 3800 1549">
    <p class='ocr_par' dir='ltr' id='par_1_41' title="bbox 2293 1476 3800 1549">
     <span class='ocr_line' id='line_1_41' title="bbox 2293 1476 3800 1549; baseline 0.001 -20"><span class='ocrx_word' id='word_1_302' title='bbox 2293 1495 2313 1529; x_wconf 85' lang='grc' dir='ltr'><strong>ι</strong></span> <span class='ocrx_word' id='word_1_303' title='bbox 2350 1476 2414 1530; x_wconf 85' lang='grc' dir='ltr'><strong>Ἦ</strong></span> <span class='ocrx_word' id='word_1_304' title='bbox 2446 1476 2691 1549; x_wconf 83' lang='grc' dir='ltr'>βασιλεία</span> <span class='ocrx_word' id='word_1_305' title='bbox 2718 1494 2837 1542; x_wconf 91' lang='grc' dir='ltr'>σου,</span> <span class='ocrx_word' id='word_1_306' title='bbox 2863 1477 3110 1549; x_wconf 70' lang='grc' dir='ltr'>βασιλεία</span> <span class='ocrx_word' id='word_1_307' title='bbox 3141 1477 3358 1534; x_wconf 81' lang='grc' dir='ltr'>πάντων</span> <span class='ocrx_word' id='word_1_308' title='bbox 3379 1478 3491 1533; x_wconf 85' lang='grc' dir='ltr'><strong>τῶν</strong></span> <span class='ocrx_word' id='word_1_309' title='bbox 3520 1477 3749 1535; x_wconf 72' lang='grc' dir='ltr'>αἰώνων</span> <span class='ocrx_word' id='word_1_310' title='bbox 3783 1499 3800 1530; x_wconf 74' lang='grc' dir='ltr'><strong>ι</strong></span> 
     </span>
    </p>
   </div>
   <div class='ocr_carea' id='block_1_42' title="bbox 2225 1565 2645 1622">
    <p class='ocr_par' dir='ltr' id='par_1_42' title="bbox 2225 1565 2645 1622">
     <span class='ocr_line' id='line_1_42' title="bbox 2225 1565 2645 1622; baseline 0.007 -3"><span class='ocrx_word' id='word_1_311' title='bbox 2225 1567 2320 1620; x_wconf 66' lang='grc' dir='ltr'>καὶ</span> <span class='ocrx_word' id='word_1_312' title='bbox 2346 1566 2408 1620; x_wconf 87' lang='grc' dir='ltr'><strong>τὸ</strong></span> <span class='ocrx_word' id='word_1_313' title='bbox 2439 1565 2645 1622; x_wconf 83' lang='grc' dir='ltr'>λοιπόν.</span> 
     </span>
    </p>
   </div>
   <div class='ocr_carea' id='block_1_43' title="bbox 2296 1649 3812 1729">
    <p class='ocr_par' dir='ltr' id='par_1_43' title="bbox 2296 1649 3812 1729">
     <span class='ocr_line' id='line_1_43' title="bbox 2296 1649 3812 1729; baseline 0.001 -16"><span class='ocrx_word' id='word_1_314' title='bbox 2296 1677 2316 1713; x_wconf 86' lang='grc' dir='ltr'><strong>ι</strong></span> <span class='ocrx_word' id='word_1_315' title='bbox 2359 1657 2608 1729; x_wconf 81' lang='grc' dir='ltr'><strong>Ἐγένετο</strong></span> <span class='ocrx_word' id='word_1_316' title='bbox 2649 1656 2745 1714; x_wconf 86' lang='grc' dir='ltr'><strong>τοῦ</strong></span> <span class='ocrx_word' id='word_1_317' title='bbox 2800 1657 3082 1724; x_wconf 71' lang='grc' dir='ltr'>ἐνιαυτοῦ,</span> <span class='ocrx_word' id='word_1_318' title='bbox 3115 1649 3178 1713; x_wconf 84' lang='grc' dir='ltr'><strong>οῦ</strong></span> <span class='ocrx_word' id='word_1_319' title='bbox 3224 1657 3499 1714; x_wconf 67' lang='grc' dir='ltr'>ἀπέθανεν</span> <span class='ocrx_word' id='word_1_320' title='bbox 3543 1658 3741 1726; x_wconf 78' lang='grc' dir='ltr'>Ὀζίας</span> <span class='ocrx_word' id='word_1_321' title='bbox 3786 1662 3812 1715; x_wconf 92' lang='lat'><strong>6</strong></span> 
     </span>
    </p>
   </div>
   <div class='ocr_carea' id='block_1_44' title="bbox 2217 1746 3812 1824">
    <p class='ocr_par' dir='ltr' id='par_1_44' title="bbox 2217 1746 3812 1824">
     <span class='ocr_line' id='line_1_44' title="bbox 2217 1746 3812 1824; baseline -0.001 -18"><span class='ocrx_word' id='word_1_322' title='bbox 2217 1749 2498 1822; x_wconf 79' lang='grc' dir='ltr'>βασιλεὺς,</span> <span class='ocrx_word' id='word_1_323' title='bbox 2536 1746 2677 1806; x_wconf 80' lang='grc' dir='ltr'>εἶδον</span> <span class='ocrx_word' id='word_1_324' title='bbox 2727 1751 2820 1806; x_wconf 86' lang='grc' dir='ltr'><strong>τὸν</strong></span> <span class='ocrx_word' id='word_1_325' title='bbox 2872 1749 3078 1824; x_wconf 80' lang='grc' dir='ltr'>Κύριον</span> <span class='ocrx_word' id='word_1_326' title='bbox 3113 1749 3428 1821; x_wconf 76' lang='grc' dir='ltr'>καθήμενον</span> <span class='ocrx_word' id='word_1_327' title='bbox 3477 1751 3572 1806; x_wconf 72' lang='grc' dir='ltr'><strong>ἐπὶ</strong></span> <span class='ocrx_word' id='word_1_328' title='bbox 3608 1750 3812 1824; x_wconf 72' lang='grc' dir='ltr'>θρόνου</span> 
     </span>
    </p>
   </div>
   <div class='ocr_carea' id='block_1_45' title="bbox 2220 1838 3812 1917">
    <p class='ocr_par' dir='ltr' id='par_1_45' title="bbox 2220 1838 3812 1917">
     <span class='ocr_line' id='line_1_45' title="bbox 2220 1838 3812 1917; baseline 0.001 -20"><span class='ocrx_word' id='word_1_329' title='bbox 2220 1843 2427 1915; x_wconf 76' lang='grc' dir='ltr'>ὑψηλοῦ</span> <span class='ocrx_word' id='word_1_330' title='bbox 2458 1843 2554 1898; x_wconf 77' lang='grc' dir='ltr'>καὶ</span> <span class='ocrx_word' id='word_1_331' title='bbox 2584 1843 2925 1916; x_wconf 69' lang='grc' dir='ltr'>ἐπηρμένου,</span> <span class='ocrx_word' id='word_1_332' title='bbox 2957 1844 3054 1898; x_wconf 76' lang='grc' dir='ltr'>καὶ</span> <span class='ocrx_word' id='word_1_333' title='bbox 3081 1843 3296 1917; x_wconf 83' lang='grc' dir='ltr'>πλήρης</span> <span class='ocrx_word' id='word_1_334' title='bbox 3323 1843 3352 1896; x_wconf 91' lang='lat'><strong>6</strong></span> <span class='ocrx_word' id='word_1_335' title='bbox 3389 1838 3539 1908; x_wconf 69' lang='grc' dir='ltr'>οἶκος</span> <span class='ocrx_word' id='word_1_336' title='bbox 3572 1843 3679 1914; x_wconf 80' lang='grc' dir='ltr'>τῆς</span> <span class='ocrx_word' id='word_1_337' title='bbox 3719 1845 3812 1899; x_wconf 81' lang='grc' dir='ltr'>δό-</span> 
     </span>
    </p>
   </div>
   <div class='ocr_carea' id='block_1_46' title="bbox 2220 1932 3811 2008">
    <p class='ocr_par' dir='ltr' id='par_1_46' title="bbox 2220 1932 3811 2008">
     <span class='ocr_line' id='line_1_46' title="bbox 2220 1932 3811 2008; baseline -0.003 -17"><span class='ocrx_word' id='word_1_338' title='bbox 2220 1934 2314 2007; x_wconf 81' lang='grc' dir='ltr'>ξης</span> <span class='ocrx_word' id='word_1_339' title='bbox 2340 1932 2530 1991; x_wconf 80' lang='grc' dir='ltr'>αὑτοῦ.</span> <span class='ocrx_word' id='word_1_340' title='bbox 2562 1936 2674 1991; x_wconf 88' lang='lat' dir='ltr'><strong>Kal</strong></span> <span class='ocrx_word' id='word_1_341' title='bbox 2702 1935 2956 2008; x_wconf 74' lang='grc' dir='ltr'>Σεραφὶμ</span> <span class='ocrx_word' id='word_1_342' title='bbox 2996 1934 3346 2006; x_wconf 69' lang='grc' dir='ltr'>εἶστήκεισαν</span> <span class='ocrx_word' id='word_1_343' title='bbox 3374 1934 3542 1991; x_wconf 83' lang='grc' dir='ltr'>αὐτοῦ</span> <span class='ocrx_word' id='word_1_344' title='bbox 3577 1937 3778 2008; x_wconf 78' lang='grc' dir='ltr'>κύκλῳ</span> <span class='ocrx_word' id='word_1_345' title='bbox 3797 1955 3811 1969; x_wconf 89' lang='grc'><strong>·</strong></span> 
     </span>
    </p>
   </div>
   <div class='ocr_carea' id='block_1_47' title="bbox 2217 2025 3812 2099">
    <p class='ocr_par' dir='ltr' id='par_1_47' title="bbox 2217 2025 3812 2099">
     <span class='ocr_line' id='line_1_47' title="bbox 2217 2025 3812 2099; baseline 0.001 -19"><span class='ocrx_word' id='word_1_346' title='bbox 2217 2026 2278 2094; x_wconf 77' lang='grc' dir='ltr'><strong>ἒξ</strong></span> <span class='ocrx_word' id='word_1_347' title='bbox 2307 2025 2580 2099; x_wconf 79' lang='grc' dir='ltr'><strong>πτέρυγες</strong></span> <span class='ocrx_word' id='word_1_348' title='bbox 2617 2025 2699 2099; x_wconf 85' lang='grc' dir='ltr'><strong>τῷ</strong></span> <span class='ocrx_word' id='word_1_349' title='bbox 2743 2026 2848 2092; x_wconf 74' lang='grc' dir='ltr'>ἑνὶ,</span> <span class='ocrx_word' id='word_1_350' title='bbox 2878 2026 2974 2080; x_wconf 71' lang='grc' dir='ltr'>καὶ</span> <span class='ocrx_word' id='word_1_351' title='bbox 3005 2025 3067 2092; x_wconf 81' lang='grc' dir='ltr'><strong>ἒξ</strong></span> <span class='ocrx_word' id='word_1_352' title='bbox 3114 2026 3382 2099; x_wconf 81' lang='grc' dir='ltr'><strong>πτέρυγες</strong></span> <span class='ocrx_word' id='word_1_353' title='bbox 3421 2025 3498 2098; x_wconf 83' lang='grc' dir='ltr'>τῷ</span> <span class='ocrx_word' id='word_1_354' title='bbox 3545 2027 3659 2082; x_wconf 72' lang='grc' dir='ltr'><strong>ἑνί·</strong></span> <span class='ocrx_word' id='word_1_355' title='bbox 3713 2030 3812 2082; x_wconf 77' lang='grc' dir='ltr'>καὶ</span> 
     </span>
    </p>
   </div>
   <div class='ocr_carea' id='block_1_48' title="bbox 2215 2117 3814 2190">
    <p class='ocr_par' dir='ltr' id='par_1_48' title="bbox 2215 2117 3814 2190">
     <span class='ocr_line' id='line_1_48' title="bbox 2215 2117 3814 2190; baseline 0 -16"><span class='ocrx_word' id='word_1_356' title='bbox 2215 2121 2336 2184; x_wconf 82' lang='grc' dir='ltr'>ταῖς</span> <span class='ocrx_word' id='word_1_357' title='bbox 2371 2125 2474 2190; x_wconf 75' lang='grc' dir='ltr'>μὲν</span> <span class='ocrx_word' id='word_1_358' title='bbox 2504 2117 2659 2174; x_wconf 78' lang='grc' dir='ltr'>δυσὶν</span> <span class='ocrx_word' id='word_1_359' title='bbox 2699 2118 3006 2174; x_wconf 68' lang='grc' dir='ltr'>ἐκάλυπτον</span> <span class='ocrx_word' id='word_1_360' title='bbox 3030 2117 3100 2173; x_wconf 84' lang='grc' dir='ltr'><strong>τὰ</strong></span> <span class='ocrx_word' id='word_1_361' title='bbox 3134 2119 3410 2190; x_wconf 86' lang='grc' dir='ltr'>πρόσωπα</span> <span class='ocrx_word' id='word_1_362' title='bbox 3441 2119 3678 2185; x_wconf 72' lang='grc' dir='ltr'>ἑαυτῶν,</span> <span class='ocrx_word' id='word_1_363' title='bbox 3712 2123 3814 2175; x_wconf 74' lang='grc' dir='ltr'>καὶ</span> 
     </span>
    </p>
   </div>
   <div class='ocr_carea' id='block_1_49' title="bbox 2214 2204 3813 2280">
    <p class='ocr_par' dir='ltr' id='par_1_49' title="bbox 2214 2204 3813 2280">
     <span class='ocr_line' id='line_1_49' title="bbox 2214 2204 3813 2280; baseline 0 -14"><span class='ocrx_word' id='word_1_364' title='bbox 2214 2213 2336 2276; x_wconf 75' lang='grc' dir='ltr'>ταῖς</span> <span class='ocrx_word' id='word_1_365' title='bbox 2367 2204 2520 2267; x_wconf 80' lang='grc' dir='ltr'>δυσὶν</span> <span class='ocrx_word' id='word_1_366' title='bbox 2569 2211 2877 2266; x_wconf 77' lang='grc' dir='ltr'>ἐκάλυπτον</span> <span class='ocrx_word' id='word_1_367' title='bbox 2905 2212 3032 2277; x_wconf 81' lang='grc' dir='ltr'>τοὺς</span> <span class='ocrx_word' id='word_1_368' title='bbox 3061 2213 3232 2278; x_wconf 87' lang='grc' dir='ltr'>πόδας</span> <span class='ocrx_word' id='word_1_369' title='bbox 3269 2212 3502 2279; x_wconf 77' lang='grc' dir='ltr'>ἑαυτῶν,</span> <span class='ocrx_word' id='word_1_370' title='bbox 3533 2214 3634 2268; x_wconf 75' lang='grc' dir='ltr'>καὶ</span> <span class='ocrx_word' id='word_1_371' title='bbox 3680 2218 3813 2280; x_wconf 82' lang='grc' dir='ltr'>ταῖς</span> 
     </span>
    </p>
   </div>
   <div class='ocr_carea' id='block_1_50' title="bbox 2212 2303 3811 2378">
    <p class='ocr_par' dir='ltr' id='par_1_50' title="bbox 2212 2303 3811 2378">
     <span class='ocr_line' id='line_1_50' title="bbox 2212 2303 3811 2378; baseline 0.001 -20"><span class='ocrx_word' id='word_1_372' title='bbox 2212 2303 2371 2369; x_wconf 72' lang='grc' dir='ltr'>δυσὶν</span> <span class='ocrx_word' id='word_1_373' title='bbox 2399 2305 2684 2360; x_wconf 77' lang='grc' dir='ltr'>ὲπέταντο.</span> <span class='ocrx_word' id='word_1_374' title='bbox 2733 2304 2846 2361; x_wconf 88' lang='lat' dir='ltr'><strong>Kal</strong></span> <span class='ocrx_word' id='word_1_375' title='bbox 2891 2303 3126 2377; x_wconf 78' lang='grc' dir='ltr'>ἔκραζον</span> <span class='ocrx_word' id='word_1_376' title='bbox 3174 2304 3364 2378; x_wconf 74' lang='grc' dir='ltr'>Ξτερος</span> <span class='ocrx_word' id='word_1_377' title='bbox 3408 2305 3542 2377; x_wconf 87' lang='grc' dir='ltr'>πρὸς</span> <span class='ocrx_word' id='word_1_378' title='bbox 3583 2306 3811 2377; x_wconf 70' lang='grc' dir='ltr'>ἕτερον,</span> 
     </span>
    </p>
   </div>
   <div class='ocr_carea' id='block_1_51' title="bbox 2213 2396 3807 2470">
    <p class='ocr_par' dir='ltr' id='par_1_51' title="bbox 2213 2396 3807 2470">
     <span class='ocr_line' id='line_1_51' title="bbox 2213 2396 3807 2470; baseline 0.003 -18"><span class='ocrx_word' id='word_1_379' title='bbox 2213 2396 2309 2452; x_wconf 72' lang='grc' dir='ltr'>καὶ</span> <span class='ocrx_word' id='word_1_380' title='bbox 2333 2396 2518 2467; x_wconf 74' lang='grc' dir='ltr'>ἔλεγον</span> <span class='ocrx_word' id='word_1_381' title='bbox 2541 2411 2554 2425; x_wconf 83' lang='grc'>⁶</span> <span class='ocrx_word' id='word_1_382' title='bbox 2592 2396 2805 2468; x_wconf 70' lang='grc' dir='ltr'>Ἄγιος,</span> <span class='ocrx_word' id='word_1_383' title='bbox 2841 2396 3020 2467; x_wconf 73' lang='grc' dir='ltr'>ἅγιος,</span> <span class='ocrx_word' id='word_1_384' title='bbox 3054 2397 3232 2467; x_wconf 74' lang='grc' dir='ltr'>ἅγιος,</span> <span class='ocrx_word' id='word_1_385' title='bbox 3279 2396 3486 2470; x_wconf 82' lang='grc' dir='ltr'>Κύριος</span> <span class='ocrx_word' id='word_1_386' title='bbox 3528 2397 3807 2456; x_wconf 75' lang='grc' dir='ltr'>Σαϐαὼθ.</span> 
     </span>
    </p>
   </div>
   <div class='ocr_carea' id='block_1_52' title="bbox 2214 2488 3365 2562">
    <p class='ocr_par' dir='ltr' id='par_1_52' title="bbox 2214 2488 3365 2562">
     <span class='ocr_line' id='line_1_52' title="bbox 2214 2488 3365 2562; baseline 0 -20"><span class='ocrx_word' id='word_1_387' title='bbox 2214 2488 2431 2560; x_wconf 84' lang='grc' dir='ltr'>πλήρης</span> <span class='ocrx_word' id='word_1_388' title='bbox 2467 2490 2615 2542; x_wconf 82' lang='grc' dir='ltr'>πᾶσα</span> <span class='ocrx_word' id='word_1_389' title='bbox 2644 2488 2680 2562; x_wconf 72' lang='grc' dir='ltr'><strong>ἡ</strong></span> <span class='ocrx_word' id='word_1_390' title='bbox 2710 2489 2783 2560; x_wconf 80' lang='grc' dir='ltr'>γῆ</span> <span class='ocrx_word' id='word_1_391' title='bbox 2810 2489 2912 2562; x_wconf 81' lang='grc' dir='ltr'>τῆς</span> <span class='ocrx_word' id='word_1_392' title='bbox 2937 2489 3097 2562; x_wconf 78' lang='grc' dir='ltr'>δόξης</span> <span class='ocrx_word' id='word_1_393' title='bbox 3120 2488 3310 2545; x_wconf 78' lang='grc' dir='ltr'>αὐτοῦ.</span> <span class='ocrx_word' id='word_1_394' title='bbox 3343 2507 3365 2542; x_wconf 77' lang='grc' dir='ltr'><strong>ι</strong></span> 
     </span>
    </p>
   </div>
   <div class='ocr_carea' id='block_1_53' title="bbox 2288 2578 3810 2656">
    <p class='ocr_par' dir='ltr' id='par_1_53' title="bbox 2288 2578 3810 2656">
     <span class='ocr_line' id='line_1_53' title="bbox 2288 2578 3810 2656; baseline 0.003 -23"><span class='ocrx_word' id='word_1_395' title='bbox 2288 2598 2308 2633; x_wconf 87' lang='grc' dir='ltr'><strong>ι</strong></span> <span class='ocrx_word' id='word_1_396' title='bbox 2348 2578 2491 2650; x_wconf 85' lang='grc' dir='ltr'>Ἐγὼ</span> <span class='ocrx_word' id='word_1_397' title='bbox 2518 2580 2651 2647; x_wconf 83' lang='grc' dir='ltr'>Θεὸς</span> <span class='ocrx_word' id='word_1_398' title='bbox 2691 2581 2930 2654; x_wconf 84' lang='grc' dir='ltr'>πρῶτος,</span> <span class='ocrx_word' id='word_1_399' title='bbox 2956 2582 3054 2637; x_wconf 81' lang='grc' dir='ltr'>καὶ</span> <span class='ocrx_word' id='word_1_400' title='bbox 3083 2583 3164 2648; x_wconf 71' lang='grc' dir='ltr'>εἰς</span> <span class='ocrx_word' id='word_1_401' title='bbox 3191 2582 3260 2638; x_wconf 78' lang='grc' dir='ltr'><strong>τὰ</strong></span> <span class='ocrx_word' id='word_1_402' title='bbox 3288 2581 3659 2656; x_wconf 72' lang='grc' dir='ltr'>ἐπερχόμενα,</span> <span class='ocrx_word' id='word_1_403' title='bbox 3688 2581 3810 2655; x_wconf 74' lang='grc' dir='ltr'>ιγώ</span> 
     </span>
    </p>
   </div>
   <div class='ocr_carea' id='block_1_54' title="bbox 2213 2673 2413 2744">
    <p class='ocr_par' dir='ltr' id='par_1_54' title="bbox 2213 2673 2413 2744">
     <span class='ocr_line' id='line_1_54' title="bbox 2213 2673 2413 2744; baseline 0.005 -18"><span class='ocrx_word' id='word_1_404' title='bbox 2213 2673 2353 2744; x_wconf 76' lang='grc' dir='ltr'>εἰμι.</span> <span class='ocrx_word' id='word_1_405' title='bbox 2392 2691 2413 2727; x_wconf 71' lang='grc' dir='ltr'><strong>ι</strong></span> 
     </span>
    </p>
   </div>
   <div class='ocr_carea' id='block_1_55' title="bbox 2293 2766 3808 2840">
    <p class='ocr_par' dir='ltr' id='par_1_55' title="bbox 2293 2766 3808 2840">
     <span class='ocr_line' id='line_1_55' title="bbox 2293 2766 3808 2840; baseline 0.003 -21"><span class='ocrx_word' id='word_1_406' title='bbox 2293 2783 2314 2819; x_wconf 81' lang='grc' dir='ltr'><strong>ι</strong></span> <span class='ocrx_word' id='word_1_407' title='bbox 2348 2766 2552 2835; x_wconf 83' lang='grc' dir='ltr'>Γνῶτε,</span> <span class='ocrx_word' id='word_1_408' title='bbox 2609 2768 2708 2823; x_wconf 80' lang='grc' dir='ltr'>καὶ</span> <span class='ocrx_word' id='word_1_409' title='bbox 2751 2766 3080 2824; x_wconf 78' lang='grc' dir='ltr'>πιστεύσατέ</span> <span class='ocrx_word' id='word_1_410' title='bbox 3127 2784 3242 2840; x_wconf 84' lang='grc' dir='ltr'>μοι,</span> <span class='ocrx_word' id='word_1_411' title='bbox 3287 2767 3385 2824; x_wconf 75' lang='grc' dir='ltr'>καὶ</span> <span class='ocrx_word' id='word_1_412' title='bbox 3434 2767 3665 2840; x_wconf 73' lang='grc' dir='ltr'>συνῆτε,</span> <span class='ocrx_word' id='word_1_413' title='bbox 3719 2768 3808 2825; x_wconf 72' lang='grc' dir='ltr'><strong>δτι</strong></span> 
     </span>
    </p>
   </div>
   <div class='ocr_carea' id='block_1_56' title="bbox 2211 2858 3808 2932">
    <p class='ocr_par' dir='ltr' id='par_1_56' title="bbox 2211 2858 3808 2932">
     <span class='ocr_line' id='line_1_56' title="bbox 2211 2858 3808 2932; baseline 0.002 -19"><span class='ocrx_word' id='word_1_414' title='bbox 2211 2859 2368 2932; x_wconf 77' lang='grc' dir='ltr'>εἰμί·</span> <span class='ocrx_word' id='word_1_415' title='bbox 2407 2858 2721 2932; x_wconf 75' lang='grc' dir='ltr'>ἔμπροσθέν</span> <span class='ocrx_word' id='word_1_416' title='bbox 2751 2877 2856 2932; x_wconf 86' lang='grc' dir='ltr'><strong>μου</strong></span> <span class='ocrx_word' id='word_1_417' title='bbox 2888 2860 2994 2916; x_wconf 77' lang='grc' dir='ltr'>οὐκ</span> <span class='ocrx_word' id='word_1_418' title='bbox 3036 2860 3261 2931; x_wconf 69' lang='grc' dir='ltr'>ἐγένετο</span> <span class='ocrx_word' id='word_1_419' title='bbox 3311 2859 3473 2926; x_wconf 68' lang='grc' dir='ltr'>ἄλλος</span> <span class='ocrx_word' id='word_1_420' title='bbox 3514 2860 3673 2930; x_wconf 84' lang='grc' dir='ltr'>Θεὸς,</span> <span class='ocrx_word' id='word_1_421' title='bbox 3708 2864 3808 2916; x_wconf 79' lang='grc' dir='ltr'>καὶ</span> 
     </span>
    </p>
   </div>
   <div class='ocr_carea' id='block_1_57' title="bbox 2217 2951 3806 3027">
    <p class='ocr_par' dir='ltr' id='par_1_57' title="bbox 2217 2951 3806 3027">
     <span class='ocr_line' id='line_1_57' title="bbox 2217 2951 3806 3027; baseline 0.003 -21"><span class='ocrx_word' id='word_1_422' title='bbox 2217 2953 2336 3024; x_wconf 85' lang='grc' dir='ltr'>μετ’</span> <span class='ocrx_word' id='word_1_423' title='bbox 2371 2951 2509 3025; x_wconf 72' lang='grc' dir='ltr'>εμοῦ</span> <span class='ocrx_word' id='word_1_424' title='bbox 2549 2953 2650 3008; x_wconf 82' lang='grc' dir='ltr'>οὐκ</span> <span class='ocrx_word' id='word_1_425' title='bbox 2676 2952 2852 3010; x_wconf 76' lang='grc' dir='ltr'>ἔσται.</span> <span class='ocrx_word' id='word_1_426' title='bbox 2887 2952 3030 3026; x_wconf 83' lang='grc' dir='ltr'><strong>Ἐγώ</strong></span> <span class='ocrx_word' id='word_1_427' title='bbox 3080 2955 3202 3027; x_wconf 72' lang='grc' dir='ltr'>εἰμι</span> <span class='ocrx_word' id='word_1_428' title='bbox 3231 2953 3387 3026; x_wconf 81' lang='grc' dir='ltr'>Θεὸς,</span> <span class='ocrx_word' id='word_1_429' title='bbox 3417 2955 3515 3010; x_wconf 70' lang='grc' dir='ltr'><strong>καὶ</strong></span> <span class='ocrx_word' id='word_1_430' title='bbox 3549 2957 3652 3011; x_wconf 76' lang='grc' dir='ltr'>οὐκ</span> <span class='ocrx_word' id='word_1_431' title='bbox 3683 2956 3806 3010; x_wconf 73' lang='grc' dir='ltr'>ἔστι</span> 
     </span>
    </p>
   </div>
   <div class='ocr_carea' id='block_1_58' title="bbox 2215 3044 2862 3117">
    <p class='ocr_par' dir='ltr' id='par_1_58' title="bbox 2215 3044 2862 3117">
     <span class='ocr_line' id='line_1_58' title="bbox 2215 3044 2862 3117; baseline -0.003 -17"><span class='ocrx_word' id='word_1_432' title='bbox 2215 3045 2394 3117; x_wconf 79' lang='grc' dir='ltr'>πάρεξ</span> <span class='ocrx_word' id='word_1_433' title='bbox 2421 3044 2560 3117; x_wconf 66' lang='grc' dir='ltr'>ἐμοῦ</span> <span class='ocrx_word' id='word_1_434' title='bbox 2599 3045 2810 3111; x_wconf 79' lang='grc' dir='ltr'>σώζων.</span> <span class='ocrx_word' id='word_1_435' title='bbox 2842 3065 2862 3098; x_wconf 72' lang='grc' dir='ltr'><strong>ι</strong></span> 
     </span>
    </p>
   </div>
   <div class='ocr_carea' id='block_1_59' title="bbox 592 3125 2108 3217">
    <p class='ocr_par' dir='ltr' id='par_1_59' title="bbox 592 3125 2108 3217">
     <span class='ocr_line' id='line_1_59' title="bbox 592 3125 2108 3217; baseline 0.001 -35"><span class='ocrx_word' id='word_1_436' title='bbox 592 3125 710 3184; x_wconf 77' lang='lat' dir='ltr'><strong>ha.</strong></span> <span class='ocrx_word' id='word_1_437' title='bbox 734 3143 882 3217; x_wconf 67' lang='grc' dir='ltr'>χιιι,</span> <span class='ocrx_word' id='word_1_438' title='bbox 918 3127 970 3184; x_wconf 84' lang='grc'><strong>7.</strong></span> <span class='ocrx_word' id='word_1_439' title='bbox 992 3158 1064 3173; x_wconf 86' lang='grc'><strong>--</strong></span> <span class='ocrx_word' id='word_1_440' title='bbox 1101 3145 1123 3181; x_wconf 81' lang='grc' dir='ltr'><strong>ι</strong></span> <span class='ocrx_word' id='word_1_441' title='bbox 1167 3127 1320 3217; x_wconf 7' lang='lat' dir='ltr'><strong>illaesi</strong></span> <span class='ocrx_word' id='word_1_442' title='bbox 1345 3129 1482 3184; x_wconf 85' lang='lat' dir='ltr'><strong>dicit</strong></span> <span class='ocrx_word' id='word_1_443' title='bbox 1515 3129 1782 3186; x_wconf 82' lang='lat' dir='ltr'><strong>Dominus</strong></span> <span class='ocrx_word' id='word_1_444' title='bbox 1817 3128 1983 3193; x_wconf 88' lang='lat' dir='ltr'><strong>Deus.</strong></span> <span class='ocrx_word' id='word_1_445' title='bbox 2015 3144 2108 3185; x_wconf 91' lang='lat' dir='ltr'><strong>rex</strong></span> 
     </span>
    </p>
   </div>
   <div class='ocr_carea' id='block_1_60' title="bbox 2238 3125 3805 3217">
    <p class='ocr_par' dir='ltr' id='par_1_60' title="bbox 2291 3137 3805 3217">
     <span class='ocr_line' id='line_1_60' title="bbox 2291 3137 3805 3217; baseline 0.003 -25"><span class='ocrx_word' id='word_1_446' title='bbox 2291 3157 2311 3192; x_wconf 82' lang='grc' dir='ltr'><strong>ι</strong></span> <span class='ocrx_word' id='word_1_447' title='bbox 2343 3138 2532 3205; x_wconf 79' lang='grc' dir='ltr'>Οὕτως</span> <span class='ocrx_word' id='word_1_448' title='bbox 2557 3137 2708 3211; x_wconf 75' lang='grc' dir='ltr'>λέγει</span> <span class='ocrx_word' id='word_1_449' title='bbox 2737 3138 2963 3211; x_wconf 75' lang='grc' dir='ltr'>Κύριος,</span> <span class='ocrx_word' id='word_1_450' title='bbox 2987 3140 3122 3207; x_wconf 82' lang='grc' dir='ltr'>Θεὸς</span> <span class='ocrx_word' id='word_1_451' title='bbox 3146 3139 3405 3213; x_wconf 75' lang='grc' dir='ltr'>βασιλεὺς</span> <span class='ocrx_word' id='word_1_452' title='bbox 3436 3141 3683 3217; x_wconf 75' lang='grc' dir='ltr'>Ἰσραὴλ,</span> <span class='ocrx_word' id='word_1_453' title='bbox 3709 3144 3805 3198; x_wconf 74' lang='grc' dir='ltr'>καὶ</span> 
     </span>
    </p>
   </div>
   <div class='ocr_carea' id='block_1_61' title="bbox 514 3216 2112 3291">
    <p class='ocr_par' dir='ltr' id='par_1_61' title="bbox 514 3216 2112 3291">
     <span class='ocr_line' id='line_1_61' title="bbox 514 3216 2112 3291; baseline 0.003 -20"><span class='ocrx_word' id='word_1_454' title='bbox 514 3217 691 3272; x_wconf 71' lang='lat' dir='ltr'><strong>Israel</strong></span> <span class='ocrx_word' id='word_1_455' title='bbox 717 3223 775 3274; x_wconf 81' lang='lat' dir='ltr'><strong>et</strong></span> <span class='ocrx_word' id='word_1_456' title='bbox 794 3216 1108 3290; x_wconf 82' lang='lat' dir='ltr'><strong>redemptor</strong></span> <span class='ocrx_word' id='word_1_457' title='bbox 1127 3216 1272 3288; x_wconf 80' lang='lat' dir='ltr'><strong>ejus,</strong></span> <span class='ocrx_word' id='word_1_458' title='bbox 1301 3216 1570 3276; x_wconf 86' lang='lat' dir='ltr'><strong>Dominus</strong></span> <span class='ocrx_word' id='word_1_459' title='bbox 1600 3219 1963 3275; x_wconf 82' lang='lat' dir='ltr'><strong>exercituum.</strong></span> <span class='ocrx_word' id='word_1_460' title='bbox 1999 3217 2112 3291; x_wconf 84' lang='lat' dir='ltr'><strong>Ego</strong></span> 
     </span>
    </p>
   </div>
   <div class='ocr_carea' id='block_1_62' title="bbox 518 3309 2113 3384">
    <p class='ocr_par' dir='ltr' id='par_1_62' title="bbox 518 3309 2113 3384">
     <span class='ocr_line' id='line_1_62' title="bbox 518 3309 2113 3384; baseline 0.003 -21"><span class='ocrx_word' id='word_1_461' title='bbox 518 3309 758 3379; x_wconf 83' lang='lat' dir='ltr'><strong>primus,</strong></span> <span class='ocrx_word' id='word_1_462' title='bbox 792 3318 845 3367; x_wconf 89' lang='lat' dir='ltr'><strong>et</strong></span> <span class='ocrx_word' id='word_1_463' title='bbox 871 3325 977 3383; x_wconf 89' lang='lat' dir='ltr'><strong>ego</strong></span> <span class='ocrx_word' id='word_1_464' title='bbox 1014 3311 1377 3378; x_wconf 81' lang='lat' dir='ltr'><strong>novissimus,</strong></span> <span class='ocrx_word' id='word_1_465' title='bbox 1420 3320 1475 3367; x_wconf 90' lang='lat' dir='ltr'><strong>et</strong></span> <span class='ocrx_word' id='word_1_466' title='bbox 1519 3312 1732 3384; x_wconf 87' lang='lat' dir='ltr'><strong>absque</strong></span> <span class='ocrx_word' id='word_1_467' title='bbox 1766 3328 1990 3370; x_wconf 89' lang='lat' dir='ltr'><strong>menon</strong></span> <span class='ocrx_word' id='word_1_468' title='bbox 2026 3320 2113 3369; x_wconf 88' lang='lat' dir='ltr'><strong>est</strong></span> 
     </span>
    </p>
   </div>
   <div class='ocr_carea' id='block_1_63' title="bbox 520 3401 2107 3476">
    <p class='ocr_par' dir='ltr' id='par_1_63' title="bbox 520 3401 2107 3476">
     <span class='ocr_line' id='line_1_63' title="bbox 520 3401 2107 3476; baseline 0.003 -20"><span class='ocrx_word' id='word_1_469' title='bbox 520 3401 688 3458; x_wconf 84' lang='lat' dir='ltr'><strong>Deus.</strong></span> <span class='ocrx_word' id='word_1_470' title='bbox 711 3402 848 3470; x_wconf 83' lang='lat' dir='ltr'><strong>Quis</strong></span> <span class='ocrx_word' id='word_1_471' title='bbox 910 3404 1058 3461; x_wconf 82' lang='lat' dir='ltr'><strong>sicut</strong></span> <span class='ocrx_word' id='word_1_472' title='bbox 1083 3404 1227 3476; x_wconf 73' lang='lat' dir='ltr'><strong>ego!</strong></span> <span class='ocrx_word' id='word_1_473' title='bbox 1252 3402 1392 3473; x_wconf 88' lang='lat' dir='ltr'><strong>Stet,</strong></span> <span class='ocrx_word' id='word_1_474' title='bbox 1420 3414 1476 3461; x_wconf 89' lang='lat' dir='ltr'><strong>et</strong></span> <span class='ocrx_word' id='word_1_475' title='bbox 1505 3412 1683 3471; x_wconf 81' lang='lat' dir='ltr'><strong>vocet,</strong></span> <span class='ocrx_word' id='word_1_476' title='bbox 1712 3417 1766 3461; x_wconf 92' lang='lat' dir='ltr'><strong>et</strong></span> <span class='ocrx_word' id='word_1_477' title='bbox 1795 3405 2107 3471; x_wconf 85' lang='lat' dir='ltr'><strong>annuntiet,</strong></span> 
     </span>
    </p>
   </div>
   <div class='ocr_carea' id='block_1_64' title="bbox 516 3496 2106 3577">
    <p class='ocr_par' dir='ltr' id='par_1_64' title="bbox 516 3496 2106 3577">
     <span class='ocr_line' id='line_1_64' title="bbox 516 3496 2106 3577; baseline -0.001 -25"><span class='ocrx_word' id='word_1_478' title='bbox 516 3503 574 3552; x_wconf 89' lang='lat' dir='ltr'><strong>et</strong></span> <span class='ocrx_word' id='word_1_479' title='bbox 610 3503 884 3567; x_wconf 70' lang='lat' dir='ltr'><strong>praeparet</strong></span> <span class='ocrx_word' id='word_1_480' title='bbox 915 3496 1075 3561; x_wconf 86' lang='lat' dir='ltr'><strong>mihi,</strong></span> <span class='ocrx_word' id='word_1_481' title='bbox 1104 3512 1174 3553; x_wconf 88' lang='lat' dir='ltr'><strong>ex</strong></span> <span class='ocrx_word' id='word_1_482' title='bbox 1199 3512 1312 3568; x_wconf 79' lang='lat' dir='ltr'><strong>quo</strong></span> <span class='ocrx_word' id='word_1_483' title='bbox 1340 3496 1444 3554; x_wconf 76' lang='lat' dir='ltr'><strong>feci</strong></span> <span class='ocrx_word' id='word_1_484' title='bbox 1491 3497 1770 3577; x_wconf 85' lang='lat' dir='ltr'><strong>hominem</strong></span> <span class='ocrx_word' id='word_1_485' title='bbox 1795 3497 1850 3554; x_wconf 90' lang='lat' dir='ltr'><strong>in</strong></span> <span class='ocrx_word' id='word_1_486' title='bbox 1885 3497 2106 3564; x_wconf 65' lang='lat' dir='ltr'><strong>saecula,</strong></span> 
     </span>
    </p>
   </div>
   <div class='ocr_carea' id='block_1_65' title="bbox 519 3587 2109 3663">
    <p class='ocr_par' dir='ltr' id='par_1_65' title="bbox 519 3587 2109 3663">
     <span class='ocr_line' id='line_1_65' title="bbox 519 3587 2109 3663; baseline 0.003 -20"><span class='ocrx_word' id='word_1_487' title='bbox 519 3599 572 3644; x_wconf 88' lang='lat' dir='ltr'><strong>et</strong></span> <span class='ocrx_word' id='word_1_488' title='bbox 599 3604 722 3659; x_wconf 58' lang='lat' dir='ltr'><strong>qute</strong></span> <span class='ocrx_word' id='word_1_489' title='bbox 746 3597 982 3644; x_wconf 78' lang='lat' dir='ltr'><strong>ventura</strong></span> <span class='ocrx_word' id='word_1_490' title='bbox 1016 3596 1171 3658; x_wconf 85' lang='lat' dir='ltr'><strong>sunt,</strong></span> <span class='ocrx_word' id='word_1_491' title='bbox 1200 3587 1495 3663; x_wconf 82' lang='lat' dir='ltr'><strong>antequam</strong></span> <span class='ocrx_word' id='word_1_492' title='bbox 1528 3592 1773 3657; x_wconf 84' lang='lat' dir='ltr'><strong>veniant,</strong></span> <span class='ocrx_word' id='word_1_493' title='bbox 1818 3591 2109 3648; x_wconf 86' lang='lat' dir='ltr'><strong>annuntiet</strong></span> 
     </span>
    </p>
   </div>
   <div class='ocr_carea' id='block_1_66' title="bbox 521 3681 743 3737">
    <p class='ocr_par' dir='ltr' id='par_1_66' title="bbox 521 3681 743 3737">
     <span class='ocr_line' id='line_1_66' title="bbox 521 3681 743 3737; baseline 0 -1"><span class='ocrx_word' id='word_1_494' title='bbox 521 3681 678 3737; x_wconf 84' lang='lat' dir='ltr'><strong>mihi.</strong></span> <span class='ocrx_word' id='word_1_495' title='bbox 722 3701 743 3736; x_wconf 73' lang='grc' dir='ltr'><strong>ι</strong></span> 
     </span>
    </p>
   </div>
   <div class='ocr_carea' id='block_1_67' title="bbox 599 3773 2104 3850">
    <p class='ocr_par' dir='ltr' id='par_1_67' title="bbox 599 3773 2104 3850">
     <span class='ocr_line' id='line_1_67' title="bbox 599 3773 2104 3850; baseline 0.001 -19"><span class='ocrx_word' id='word_1_496' title='bbox 599 3775 714 3831; x_wconf 78' lang='grc' dir='ltr'>Ιεα.</span> <span class='ocrx_word' id='word_1_497' title='bbox 744 3791 874 3844; x_wconf 64' lang='lat' dir='ltr'><strong>seu,</strong></span> <span class='ocrx_word' id='word_1_498' title='bbox 904 3773 957 3829; x_wconf 89' lang='lat'><strong>8.</strong></span> <span class='ocrx_word' id='word_1_499' title='bbox 986 3801 1060 3818; x_wconf 73' lang='grc' dir='ltr'><strong>-ι</strong></span> <span class='ocrx_word' id='word_1_500' title='bbox 1087 3793 1108 3828; x_wconf 88' lang='grc' dir='ltr'><strong>ι</strong></span> <span class='ocrx_word' id='word_1_501' title='bbox 1143 3775 1258 3847; x_wconf 81' lang='lat' dir='ltr'><strong>Ego</strong></span> <span class='ocrx_word' id='word_1_502' title='bbox 1298 3773 1568 3832; x_wconf 88' lang='lat' dir='ltr'><strong>Dominus</strong></span> <span class='ocrx_word' id='word_1_503' title='bbox 1621 3773 1766 3832; x_wconf 86' lang='lat' dir='ltr'><strong>Deus</strong></span> <span class='ocrx_word' id='word_1_504' title='bbox 1818 3791 1834 3830; x_wconf 92' lang='lat'><strong>:</strong></span> <span class='ocrx_word' id='word_1_505' title='bbox 1871 3775 2104 3850; x_wconf 80' lang='lat' dir='ltr'><strong>gloriam</strong></span> 
     </span>
    </p>
   </div>
   <div class='ocr_carea' id='block_1_68' title="bbox 521 3866 2107 3940">
    <p class='ocr_par' dir='ltr' id='par_1_68' title="bbox 521 3866 2107 3940">
     <span class='ocr_line' id='line_1_68' title="bbox 521 3866 2107 3940; baseline 0.001 -16"><span class='ocrx_word' id='word_1_506' title='bbox 521 3885 694 3924; x_wconf 88' lang='lat' dir='ltr'><strong>meam</strong></span> <span class='ocrx_word' id='word_1_507' title='bbox 729 3867 889 3923; x_wconf 88' lang='lat' dir='ltr'><strong>alteri</strong></span> <span class='ocrx_word' id='word_1_508' title='bbox 926 3880 1037 3922; x_wconf 89' lang='lat' dir='ltr'><strong>non</strong></span> <span class='ocrx_word' id='word_1_509' title='bbox 1067 3866 1233 3934; x_wconf 86' lang='lat' dir='ltr'><strong>dabo,</strong></span> <span class='ocrx_word' id='word_1_510' title='bbox 1279 3881 1386 3925; x_wconf 84' lang='lat' dir='ltr'><strong>nec</strong></span> <span class='ocrx_word' id='word_1_511' title='bbox 1415 3868 1652 3926; x_wconf 76' lang='lat' dir='ltr'><strong>virtutes</strong></span> <span class='ocrx_word' id='word_1_512' title='bbox 1679 3882 1828 3924; x_wconf 38' lang='lat' dir='ltr'><strong>mtas</strong></span> <span class='ocrx_word' id='word_1_513' title='bbox 1877 3869 2107 3940; x_wconf 84' lang='lat' dir='ltr'><strong>sculpti-</strong></span> 
     </span>
    </p>
   </div>
   <div class='ocr_carea' id='block_1_69' title="bbox 518 3962 2104 4123">
    <p class='ocr_par' dir='ltr' id='par_1_69' title="bbox 518 3962 2104 4123">
     <span class='ocr_line' id='line_1_69' title="bbox 670 3978 742 4013; baseline -0.014 0"><span class='ocrx_word' id='word_1_514' title='bbox 670 3999 686 4013; x_wconf 85' lang='lat'><strong>.</strong></span> <span class='ocrx_word' id='word_1_515' title='bbox 720 3978 742 4012; x_wconf 74' lang='grc' dir='ltr'><strong>ι</strong></span> 
     </span>
     <span class='ocr_line' id='line_1_70' title="bbox 518 3962 2104 4123; baseline 0.002 -17"><span class='ocrx_word' id='word_1_516' title='bbox 518 3962 782 4108; x_wconf 48' lang='lat' dir='ltr'><strong>“brium.</strong></span> <span class='ocrx_word' id='word_1_517' title='bbox 818 4065 875 4115; x_wconf 91' lang='lat' dir='ltr'><strong>x,</strong></span> <span class='ocrx_word' id='word_1_518' title='bbox 908 4049 997 4105; x_wconf 82' lang='grc'><strong>10.</strong></span> <span class='ocrx_word' id='word_1_519' title='bbox 1033 4078 1099 4093; x_wconf 89' lang='lat'><strong>--</strong></span> <span class='ocrx_word' id='word_1_520' title='bbox 1139 4050 1312 4123; x_wconf 65' lang='lat'><strong>298</strong></span> <span class='ocrx_word' id='word_1_521' title='bbox 1345 4068 1365 4104; x_wconf 85' lang='grc' dir='ltr'><strong>ι</strong></span> <span class='ocrx_word' id='word_1_522' title='bbox 1399 4048 1670 4108; x_wconf 86' lang='lat' dir='ltr'><strong>Dominus</strong></span> <span class='ocrx_word' id='word_1_523' title='bbox 1723 4059 1907 4107; x_wconf 88' lang='lat' dir='ltr'><strong>autem</strong></span> <span class='ocrx_word' id='word_1_524' title='bbox 1959 4051 2104 4109; x_wconf 87' lang='lat' dir='ltr'><strong>Deus</strong></span> 
     </span>
    </p>
   </div>
   <div class='ocr_carea' id='block_1_70' title="bbox 465 4141 2103 4213">
    <p class='ocr_par' dir='ltr' id='par_1_70' title="bbox 465 4141 2103 4213">
     <span class='ocr_line' id='line_1_71' title="bbox 465 4141 2103 4213; baseline 0 -12"><span class='ocrx_word' id='word_1_525' title='bbox 465 4145 468 4148; x_wconf 79' lang='grc'><strong>’</strong></span> <span class='ocrx_word' id='word_1_526' title='bbox 516 4160 679 4202; x_wconf 79' lang='lat' dir='ltr'><strong>verus</strong></span> <span class='ocrx_word' id='word_1_527' title='bbox 711 4155 795 4201; x_wconf 85' lang='lat' dir='ltr'><strong>est</strong></span> <span class='ocrx_word' id='word_1_528' title='bbox 833 4159 848 4198; x_wconf 89' lang='lat'><strong>:</strong></span> <span class='ocrx_word' id='word_1_529' title='bbox 896 4143 1014 4213; x_wconf 88' lang='lat' dir='ltr'><strong>ipse</strong></span> <span class='ocrx_word' id='word_1_530' title='bbox 1050 4141 1196 4200; x_wconf 82' lang='lat' dir='ltr'><strong>Deus</strong></span> <span class='ocrx_word' id='word_1_531' title='bbox 1237 4145 1561 4211; x_wconf 73' lang='lat' dir='ltr'><strong>viventium,</strong></span> <span class='ocrx_word' id='word_1_532' title='bbox 1622 4153 1676 4202; x_wconf 90' lang='lat' dir='ltr'><strong>et</strong></span> <span class='ocrx_word' id='word_1_533' title='bbox 1719 4160 1816 4202; x_wconf 86' lang='lat' dir='ltr'><strong>rex</strong></span> <span class='ocrx_word' id='word_1_534' title='bbox 1866 4146 2103 4201; x_wconf 79' lang='lat' dir='ltr'><strong>saeculo-</strong></span> 
     </span>
    </p>
   </div>
   <div class='ocr_carea' id='block_1_71' title="bbox 512 4255 717 4294">
    <p class='ocr_par' dir='ltr' id='par_1_71' title="bbox 512 4255 717 4294">
     <span class='ocr_line' id='line_1_72' title="bbox 512 4255 717 4294; baseline -0.02 0"><span class='ocrx_word' id='word_1_535' title='bbox 512 4255 660 4294; x_wconf 73' lang='lat' dir='ltr'><strong>l‘llm.</strong></span> <span class='ocrx_word' id='word_1_536' title='bbox 699 4256 717 4290; x_wconf 70' lang='grc' dir='ltr'><strong>θ</strong></span> 
     </span>
    </p>
   </div>
   <div class='ocr_carea' id='block_1_72' title="bbox 585 4328 2104 4397">
    <p class='ocr_par' dir='ltr' id='par_1_72' title="bbox 585 4328 2104 4397">
     <span class='ocr_line' id='line_1_73' title="bbox 585 4328 2104 4397; baseline 0.001 -11"><span class='ocrx_word' id='word_1_537' title='bbox 585 4331 798 4386; x_wconf 71' lang='lat' dir='ltr'><strong>Barac}:</strong></span> <span class='ocrx_word' id='word_1_538' title='bbox 842 4347 936 4397; x_wconf 90' lang='grc' dir='ltr'>ιιι,</span> <span class='ocrx_word' id='word_1_539' title='bbox 985 4331 1078 4388; x_wconf 77' lang='lat'><strong>53.</strong></span> <span class='ocrx_word' id='word_1_540' title='bbox 1108 4360 1177 4372; x_wconf 91' lang='lat'>—</span> <span class='ocrx_word' id='word_1_541' title='bbox 1224 4348 1244 4383; x_wconf 88' lang='grc' dir='ltr'><strong>ι</strong></span> <span class='ocrx_word' id='word_1_542' title='bbox 1280 4328 1382 4387; x_wconf 78' lang='lat' dir='ltr'><strong>Hic</strong></span> <span class='ocrx_word' id='word_1_543' title='bbox 1431 4341 1516 4388; x_wconf 84' lang='lat' dir='ltr'><strong>est</strong></span> <span class='ocrx_word' id='word_1_544' title='bbox 1568 4329 1715 4390; x_wconf 86' lang='lat' dir='ltr'><strong>Deus</strong></span> <span class='ocrx_word' id='word_1_545' title='bbox 1775 4340 2015 4390; x_wconf 88' lang='lat' dir='ltr'><strong>noster:</strong></span> <span class='ocrx_word' id='word_1_546' title='bbox 2048 4341 2104 4390; x_wconf 90' lang='lat' dir='ltr'><strong>et</strong></span> 
     </span>
    </p>
   </div>
   <div class='ocr_carea' id='block_1_73' title="bbox 512 4422 1693 4480">
    <p class='ocr_par' dir='ltr' id='par_1_73' title="bbox 512 4422 1693 4480">
     <span class='ocr_line' id='line_1_74' title="bbox 512 4422 1693 4480; baseline 0 -1"><span class='ocrx_word' id='word_1_547' title='bbox 512 4440 622 4479; x_wconf 86' lang='lat' dir='ltr'><strong>non</strong></span> <span class='ocrx_word' id='word_1_548' title='bbox 659 4422 1022 4480; x_wconf 70' lang='lat' dir='ltr'><strong>aestimabitur</strong></span> <span class='ocrx_word' id='word_1_549' title='bbox 1064 4425 1210 4479; x_wconf 87' lang='lat' dir='ltr'><strong>alius</strong></span> <span class='ocrx_word' id='word_1_550' title='bbox 1241 4423 1505 4479; x_wconf 77' lang='lat' dir='ltr'><strong>adversus</strong></span> <span class='ocrx_word' id='word_1_551' title='bbox 1545 4439 1693 4480; x_wconf 91' lang='lat' dir='ltr'><strong>eum.</strong></span> 
     </span>
    </p>
   </div>
   <div class='ocr_carea' id='block_1_74' title="bbox 2211 3231 3803 3310">
    <p class='ocr_par' dir='ltr' id='par_1_74' title="bbox 2211 3231 3803 3310">
     <span class='ocr_line' id='line_1_75' title="bbox 2211 3231 3803 3310; baseline 0.002 -24"><span class='ocrx_word' id='word_1_552' title='bbox 2211 3233 2241 3286; x_wconf 98' lang='lat'><strong>6</strong></span> <span class='ocrx_word' id='word_1_553' title='bbox 2270 3232 2577 3304; x_wconf 81' lang='grc' dir='ltr'>ῥυσάμενος</span> <span class='ocrx_word' id='word_1_554' title='bbox 2617 3232 2800 3301; x_wconf 80' lang='grc' dir='ltr'>αὑτὸν,</span> <span class='ocrx_word' id='word_1_555' title='bbox 2836 3231 3038 3305; x_wconf 78' lang='grc' dir='ltr'>Κύριος</span> <span class='ocrx_word' id='word_1_556' title='bbox 3077 3232 3332 3290; x_wconf 76' lang='grc' dir='ltr'>Σαϐαὼθ.</span> <span class='ocrx_word' id='word_1_557' title='bbox 3368 3233 3511 3305; x_wconf 86' lang='grc' dir='ltr'><strong>Ἐγὼ</strong></span> <span class='ocrx_word' id='word_1_558' title='bbox 3555 3235 3803 3310; x_wconf 82' lang='grc' dir='ltr'>πρῶτος,</span> 
     </span>
    </p>
   </div>
   <div class='ocr_carea' id='block_1_75' title="bbox 2212 3324 3801 3400">
    <p class='ocr_par' dir='ltr' id='par_1_75' title="bbox 2212 3324 3801 3400">
     <span class='ocr_line' id='line_1_76' title="bbox 2212 3324 3801 3400; baseline 0.006 -22"><span class='ocrx_word' id='word_1_559' title='bbox 2212 3324 2308 3378; x_wconf 79' lang='grc' dir='ltr'>καὶ</span> <span class='ocrx_word' id='word_1_560' title='bbox 2330 3324 2441 3393; x_wconf 75' lang='grc' dir='ltr'><strong>ἐγὼ</strong></span> <span class='ocrx_word' id='word_1_561' title='bbox 2478 3324 2619 3398; x_wconf 79' lang='grc' dir='ltr'>μετὰ</span> <span class='ocrx_word' id='word_1_562' title='bbox 2661 3325 2859 3392; x_wconf 85' lang='grc' dir='ltr'>ταῦτα,</span> <span class='ocrx_word' id='word_1_563' title='bbox 2889 3327 2986 3381; x_wconf 78' lang='grc' dir='ltr'>καὶ</span> <span class='ocrx_word' id='word_1_564' title='bbox 3019 3325 3163 3400; x_wconf 77' lang='grc' dir='ltr'>πλὴν</span> <span class='ocrx_word' id='word_1_565' title='bbox 3188 3326 3327 3400; x_wconf 75' lang='grc' dir='ltr'>ἐμοῦ</span> <span class='ocrx_word' id='word_1_566' title='bbox 3365 3329 3466 3385; x_wconf 79' lang='grc' dir='ltr'>οὐκ</span> <span class='ocrx_word' id='word_1_567' title='bbox 3495 3329 3616 3384; x_wconf 72' lang='grc' dir='ltr'>ἔστι</span> <span class='ocrx_word' id='word_1_568' title='bbox 3638 3330 3801 3394; x_wconf 80' lang='grc' dir='ltr'>Θεός.</span> 
     </span>
    </p>
   </div>
   <div class='ocr_carea' id='block_1_76' title="bbox 2211 3419 3802 3494">
    <p class='ocr_par' dir='ltr' id='par_1_76' title="bbox 2211 3419 3802 3494">
     <span class='ocr_line' id='line_1_77' title="bbox 2211 3419 3802 3494; baseline 0.004 -22"><span class='ocrx_word' id='word_1_569' title='bbox 2211 3421 2308 3484; x_wconf 80' lang='grc' dir='ltr'><strong>Τίς</strong></span> <span class='ocrx_word' id='word_1_570' title='bbox 2336 3419 2525 3492; x_wconf 85' lang='grc' dir='ltr'>ὥσπερ</span> <span class='ocrx_word' id='word_1_571' title='bbox 2545 3419 2690 3489; x_wconf 78' lang='grc' dir='ltr'>ἐγώς</span> <span class='ocrx_word' id='word_1_572' title='bbox 2717 3420 2928 3493; x_wconf 78' lang='grc' dir='ltr'>Στήτω,</span> <span class='ocrx_word' id='word_1_573' title='bbox 2951 3420 3048 3476; x_wconf 77' lang='grc' dir='ltr'>καὶ</span> <span class='ocrx_word' id='word_1_574' title='bbox 3078 3422 3384 3490; x_wconf 76' lang='grc' dir='ltr'>καλεσάτω,</span> <span class='ocrx_word' id='word_1_575' title='bbox 3408 3423 3506 3480; x_wconf 78' lang='grc' dir='ltr'>καὶ</span> <span class='ocrx_word' id='word_1_576' title='bbox 3531 3424 3802 3494; x_wconf 79' lang='grc' dir='ltr'>ἀναγγει-</span> 
     </span>
    </p>
   </div>
   <div class='ocr_carea' id='block_1_77' title="bbox 2209 3507 3801 3590">
    <p class='ocr_par' dir='ltr' id='par_1_77' title="bbox 2209 3507 3801 3590">
     <span class='ocr_line' id='line_1_78' title="bbox 2209 3507 3801 3590; baseline 0.005 -26"><span class='ocrx_word' id='word_1_577' title='bbox 2209 3511 2378 3576; x_wconf 80' lang='grc' dir='ltr'>λάτω,</span> <span class='ocrx_word' id='word_1_578' title='bbox 2397 3512 2493 3566; x_wconf 74' lang='grc' dir='ltr'>καὶ</span> <span class='ocrx_word' id='word_1_579' title='bbox 2518 3512 2863 3583; x_wconf 79' lang='grc' dir='ltr'>ἑτοιμασάτω</span> <span class='ocrx_word' id='word_1_580' title='bbox 2895 3528 3006 3585; x_wconf 86' lang='grc' dir='ltr'>μοι,</span> <span class='ocrx_word' id='word_1_581' title='bbox 3039 3512 3135 3583; x_wconf 78' lang='grc' dir='ltr'><strong>ἀφ’</strong></span> <span class='ocrx_word' id='word_1_582' title='bbox 3157 3507 3220 3570; x_wconf 76' lang='grc' dir='ltr'><strong>οῦ</strong></span> <span class='ocrx_word' id='word_1_583' title='bbox 3244 3515 3478 3586; x_wconf 72' lang='grc' dir='ltr'>ἐποίησα</span> <span class='ocrx_word' id='word_1_584' title='bbox 3504 3514 3801 3590; x_wconf 71' lang='grc' dir='ltr'>ἄνθρωπον</span> 
     </span>
    </p>
   </div>
   <div class='ocr_carea' id='block_1_78' title="bbox 2209 3603 3801 3683">
    <p class='ocr_par' dir='ltr' id='par_1_78' title="bbox 2209 3603 3801 3683">
     <span class='ocr_line' id='line_1_79' title="bbox 2209 3603 3801 3683; baseline 0.008 -26"><span class='ocrx_word' id='word_1_585' title='bbox 2209 3604 2290 3668; x_wconf 75' lang='grc' dir='ltr'><strong>εἰς</strong></span> <span class='ocrx_word' id='word_1_586' title='bbox 2318 3605 2411 3658; x_wconf 89' lang='grc' dir='ltr'><strong>τὸν</strong></span> <span class='ocrx_word' id='word_1_587' title='bbox 2437 3603 2634 3670; x_wconf 72' lang='grc' dir='ltr'>αἰῶνα,</span> <span class='ocrx_word' id='word_1_588' title='bbox 2652 3606 2750 3660; x_wconf 75' lang='grc' dir='ltr'>καὶ</span> <span class='ocrx_word' id='word_1_589' title='bbox 2771 3605 2839 3661; x_wconf 81' lang='grc' dir='ltr'><strong>τὰ</strong></span> <span class='ocrx_word' id='word_1_590' title='bbox 2862 3607 3136 3679; x_wconf 72' lang='grc' dir='ltr'>ἐρχόμενα</span> <span class='ocrx_word' id='word_1_591' title='bbox 3154 3607 3263 3682; x_wconf 80' lang='grc' dir='ltr'><strong>πρὸ</strong></span> <span class='ocrx_word' id='word_1_592' title='bbox 3286 3608 3382 3666; x_wconf 85' lang='grc' dir='ltr'><strong>τοῦ</strong></span> <span class='ocrx_word' id='word_1_593' title='bbox 3407 3609 3586 3666; x_wconf 69' lang='grc' dir='ltr'>ίλθεϊν</span> <span class='ocrx_word' id='word_1_594' title='bbox 3611 3612 3801 3683; x_wconf 74' lang='grc' dir='ltr'>ἀπαγ-</span> 
     </span>
    </p>
   </div>
   <div class='ocr_carea' id='block_1_79' title="bbox 2209 3698 2647 3770">
    <p class='ocr_par' dir='ltr' id='par_1_79' title="bbox 2209 3698 2647 3770">
     <span class='ocr_line' id='line_1_80' title="bbox 2209 3698 2647 3770; baseline 0.002 -19"><span class='ocrx_word' id='word_1_595' title='bbox 2209 3698 2444 3766; x_wconf 82' lang='grc' dir='ltr'>γειλάτω</span> <span class='ocrx_word' id='word_1_596' title='bbox 2478 3717 2591 3770; x_wconf 87' lang='grc' dir='ltr'>μοι.</span> <span class='ocrx_word' id='word_1_597' title='bbox 2628 3716 2647 3752; x_wconf 73' lang='grc' dir='ltr'><strong>ι</strong></span> 
     </span>
    </p>
   </div>
   <div class='ocr_carea' id='block_1_80' title="bbox 2284 3790 3796 3872">
    <p class='ocr_par' dir='ltr' id='par_1_80' title="bbox 2284 3790 3796 3872">
     <span class='ocr_line' id='line_1_81' title="bbox 2284 3790 3796 3872; baseline 0.008 -29"><span class='ocrx_word' id='word_1_598' title='bbox 2284 3809 2303 3843; x_wconf 89' lang='grc' dir='ltr'><strong>ι</strong></span> <span class='ocrx_word' id='word_1_599' title='bbox 2338 3790 2478 3861; x_wconf 86' lang='grc' dir='ltr'><strong>Ἐγὼ</strong></span> <span class='ocrx_word' id='word_1_600' title='bbox 2524 3790 2730 3864; x_wconf 80' lang='grc' dir='ltr'>Κύριος</span> <span class='ocrx_word' id='word_1_601' title='bbox 2758 3796 2786 3848; x_wconf 88' lang='lat'><strong>6</strong></span> <span class='ocrx_word' id='word_1_602' title='bbox 2823 3794 2977 3863; x_wconf 86' lang='grc' dir='ltr'>Θεὸς,</span> <span class='ocrx_word' id='word_1_603' title='bbox 3009 3795 3110 3870; x_wconf 77' lang='grc' dir='ltr'>τὴν</span> <span class='ocrx_word' id='word_1_604' title='bbox 3164 3797 3325 3865; x_wconf 77' lang='grc' dir='ltr'>δόξαν</span> <span class='ocrx_word' id='word_1_605' title='bbox 3356 3814 3461 3869; x_wconf 90' lang='grc' dir='ltr'><strong>μου</strong></span> <span class='ocrx_word' id='word_1_606' title='bbox 3511 3798 3690 3872; x_wconf 65' lang='grc' dir='ltr'>ἑτέρῳ</span> <span class='ocrx_word' id='word_1_607' title='bbox 3731 3801 3796 3855; x_wconf 80' lang='grc' dir='ltr'>οὗ</span> 
     </span>
    </p>
   </div>
   <div class='ocr_carea' id='block_1_81' title="bbox 2207 3879 3531 3958">
    <p class='ocr_par' dir='ltr' id='par_1_81' title="bbox 2207 3879 3531 3958">
     <span class='ocr_line' id='line_1_82' title="bbox 2207 3879 3531 3958; baseline 0.006 -24"><span class='ocrx_word' id='word_1_608' title='bbox 2207 3879 2385 3945; x_wconf 85' lang='grc' dir='ltr'>δώσω,</span> <span class='ocrx_word' id='word_1_609' title='bbox 2422 3881 2544 3937; x_wconf 78' lang='grc' dir='ltr'>οὐδὲ</span> <span class='ocrx_word' id='word_1_610' title='bbox 2572 3882 2670 3947; x_wconf 81' lang='grc' dir='ltr'>τὰς</span> <span class='ocrx_word' id='word_1_611' title='bbox 2694 3885 2897 3954; x_wconf 80' lang='grc' dir='ltr'>ἀρετάς</span> <span class='ocrx_word' id='word_1_612' title='bbox 2928 3902 3032 3958; x_wconf 85' lang='grc' dir='ltr'><strong>μου</strong></span> <span class='ocrx_word' id='word_1_613' title='bbox 3057 3888 3174 3953; x_wconf 82' lang='grc' dir='ltr'>τοῖς</span> <span class='ocrx_word' id='word_1_614' title='bbox 3199 3886 3482 3958; x_wconf 79' lang='grc' dir='ltr'>γλυπτοῖς.</span> <span class='ocrx_word' id='word_1_615' title='bbox 3511 3907 3531 3942; x_wconf 78' lang='grc' dir='ltr'><strong>ι</strong></span> 
     </span>
    </p>
   </div>
   <div class='ocr_carea' id='block_1_82' title="bbox 2279 4059 3792 4140">
    <p class='ocr_par' dir='ltr' id='par_1_82' title="bbox 2279 4059 3792 4140">
     <span class='ocr_line' id='line_1_83' title="bbox 2279 4059 3792 4140; baseline 0.009 -28"><span class='ocrx_word' id='word_1_616' title='bbox 2279 4079 2299 4112; x_wconf 84' lang='grc' dir='ltr'><strong>ι</strong></span> <span class='ocrx_word' id='word_1_617' title='bbox 2337 4059 2542 4133; x_wconf 84' lang='grc' dir='ltr'>Κύριος</span> <span class='ocrx_word' id='word_1_618' title='bbox 2581 4059 2833 4132; x_wconf 80' lang='grc' dir='ltr'>ἀληθινός</span> <span class='ocrx_word' id='word_1_619' title='bbox 2883 4063 3022 4130; x_wconf 79' lang='grc' dir='ltr'>ἐστι,</span> <span class='ocrx_word' id='word_1_620' title='bbox 3047 4061 3182 4128; x_wconf 82' lang='grc' dir='ltr'>Θεὸς</span> <span class='ocrx_word' id='word_1_621' title='bbox 3215 4060 3457 4134; x_wconf 77' lang='grc' dir='ltr'>ζώντων,</span> <span class='ocrx_word' id='word_1_622' title='bbox 3491 4067 3588 4123; x_wconf 77' lang='grc' dir='ltr'>καὶ</span> <span class='ocrx_word' id='word_1_623' title='bbox 3630 4068 3792 4140; x_wconf 81' lang='grc' dir='ltr'>βασι-</span> 
     </span>
    </p>
   </div>
   <div class='ocr_carea' id='block_1_83' title="bbox 2205 4151 2646 4218">
    <p class='ocr_par' dir='ltr' id='par_1_83' title="bbox 2205 4151 2646 4218">
     <span class='ocr_line' id='line_1_84' title="bbox 2205 4151 2646 4218; baseline -0.002 -12"><span class='ocrx_word' id='word_1_624' title='bbox 2205 4151 2330 4218; x_wconf 78' lang='grc' dir='ltr'>λεὺς</span> <span class='ocrx_word' id='word_1_625' title='bbox 2365 4152 2596 4206; x_wconf 79' lang='grc' dir='ltr'>αἰώνων.</span> <span class='ocrx_word' id='word_1_626' title='bbox 2627 4172 2646 4205; x_wconf 76' lang='grc' dir='ltr'><strong>ι</strong></span> 
     </span>
    </p>
   </div>
   <div class='ocr_carea' id='block_1_84' title="bbox 2275 4325 3788 4414">
    <p class='ocr_par' dir='ltr' id='par_1_84' title="bbox 2275 4325 3788 4414">
     <span class='ocr_line' id='line_1_85' title="bbox 2275 4325 3788 4414; baseline 0.008 -30"><span class='ocrx_word' id='word_1_627' title='bbox 2275 4349 2297 4382; x_wconf 79' lang='grc' dir='ltr'><strong>ι</strong></span> <span class='ocrx_word' id='word_1_628' title='bbox 2333 4325 2500 4396; x_wconf 73' lang='grc' dir='ltr'>Οὗτος</span> <span class='ocrx_word' id='word_1_629' title='bbox 2522 4333 2550 4386; x_wconf 88' lang='lat'><strong>6</strong></span> <span class='ocrx_word' id='word_1_630' title='bbox 2575 4329 2706 4397; x_wconf 86' lang='grc' dir='ltr'>Θεὸς</span> <span class='ocrx_word' id='word_1_631' title='bbox 2730 4332 2908 4406; x_wconf 84' lang='grc' dir='ltr'>ἡμῶν,</span> <span class='ocrx_word' id='word_1_632' title='bbox 2937 4335 2998 4387; x_wconf 82' lang='grc' dir='ltr'>οὐ</span> <span class='ocrx_word' id='word_1_633' title='bbox 3026 4334 3410 4409; x_wconf 78' lang='grc' dir='ltr'>λογισθήσεται</span> <span class='ocrx_word' id='word_1_634' title='bbox 3436 4337 3624 4412; x_wconf 74' lang='grc' dir='ltr'>ἔτερος</span> <span class='ocrx_word' id='word_1_635' title='bbox 3649 4343 3788 4414; x_wconf 63' lang='grc' dir='ltr'>πρὸς</span> 
     </span>
    </p>
   </div>
   <div class='ocr_carea' id='block_1_85' title="bbox 2204 4424 2446 4479">
    <p class='ocr_par' dir='ltr' id='par_1_85' title="bbox 2204 4424 2446 4479">
     <span class='ocr_line' id='line_1_86' title="bbox 2204 4424 2446 4479; baseline -0.004 0"><span class='ocrx_word' id='word_1_636' title='bbox 2204 4424 2388 4479; x_wconf 72' lang='grc' dir='ltr'>αὐτόν.</span> <span class='ocrx_word' id='word_1_637' title='bbox 2427 4445 2446 4478; x_wconf 78' lang='grc'><strong>›</strong></span> 
     </span>
    </p>
   </div>
   <div class='ocr_carea' id='block_1_86' title="bbox 582 4507 2108 4600">
    <p class='ocr_par' dir='ltr' id='par_1_86' title="bbox 582 4515 2100 4590">
     <span class='ocr_line' id='line_1_87' title="bbox 582 4515 2100 4590; baseline 0.003 -19"><span class='ocrx_word' id='word_1_638' title='bbox 582 4517 724 4572; x_wconf 87' lang='lat' dir='ltr'><strong>Dan.</strong></span> <span class='ocrx_word' id='word_1_639' title='bbox 767 4532 853 4583; x_wconf 87' lang='grc' dir='ltr'>ιιι,</span> <span class='ocrx_word' id='word_1_640' title='bbox 895 4517 1017 4572; x_wconf 81' lang='grc'>100.</span> <span class='ocrx_word' id='word_1_641' title='bbox 1051 4535 1172 4570; x_wconf 68' lang='grc' dir='ltr'>-ι</span> <span class='ocrx_word' id='word_1_642' title='bbox 1215 4517 1462 4590; x_wconf 82' lang='lat' dir='ltr'><strong>Regnum</strong></span> <span class='ocrx_word' id='word_1_643' title='bbox 1508 4515 1654 4586; x_wconf 90' lang='lat' dir='ltr'><strong>ejus,</strong></span> <span class='ocrx_word' id='word_1_644' title='bbox 1688 4531 1914 4588; x_wconf 88' lang='lat' dir='ltr'><strong>regnum</strong></span> <span class='ocrx_word' id='word_1_645' title='bbox 1955 4533 2100 4575; x_wconf 81' lang='lat' dir='ltr'><strong>sem-</strong></span> 
     </span>
    </p>
   </div>
   <div class='ocr_carea' id='block_1_87' title="bbox 2238 4507 3787 4600">
    <p class='ocr_par' dir='ltr' id='par_1_87' title="bbox 2278 4518 3787 4600">
     <span class='ocr_line' id='line_1_88' title="bbox 2278 4518 3787 4600; baseline 0.006 -29"><span class='ocrx_word' id='word_1_646' title='bbox 2278 4536 2298 4571; x_wconf 87' lang='grc' dir='ltr'><strong>ι</strong></span> <span class='ocrx_word' id='word_1_647' title='bbox 2342 4518 2405 4573; x_wconf 86' lang='grc' dir='ltr'><strong><em>Ἥ</em></strong></span> <span class='ocrx_word' id='word_1_648' title='bbox 2445 4518 2691 4591; x_wconf 73' lang='grc' dir='ltr'>βασιλεία</span> <span class='ocrx_word' id='word_1_649' title='bbox 2721 4520 2911 4587; x_wconf 78' lang='grc' dir='ltr'>αὑτοῦ,</span> <span class='ocrx_word' id='word_1_650' title='bbox 2950 4520 3199 4593; x_wconf 79' lang='grc' dir='ltr'>βασιλεία</span> <span class='ocrx_word' id='word_1_651' title='bbox 3233 4521 3468 4593; x_wconf 77' lang='grc' dir='ltr'>αἰώνιος,</span> <span class='ocrx_word' id='word_1_652' title='bbox 3505 4527 3604 4580; x_wconf 70' lang='grc' dir='ltr'>καὶ</span> <span class='ocrx_word' id='word_1_653' title='bbox 3701 4529 3787 4593; x_wconf 77' lang='grc' dir='ltr'><strong>ἐξ·</strong></span> 
     </span>
    </p>
   </div>
   <div class='ocr_carea' id='block_1_88' title="bbox 511 4609 2100 4684">
    <p class='ocr_par' dir='ltr' id='par_1_88' title="bbox 511 4609 2100 4684">
     <span class='ocr_line' id='line_1_89' title="bbox 511 4609 2100 4684; baseline 0.001 -20"><span class='ocrx_word' id='word_1_654' title='bbox 511 4611 788 4682; x_wconf 83' lang='lat' dir='ltr'><strong>piternum</strong></span> <span class='ocrx_word' id='word_1_655' title='bbox 817 4629 831 4665; x_wconf 91' lang='lat'><strong>:</strong></span> <span class='ocrx_word' id='word_1_656' title='bbox 857 4618 910 4665; x_wconf 89' lang='lat' dir='ltr'><strong>et</strong></span> <span class='ocrx_word' id='word_1_657' title='bbox 937 4618 1186 4684; x_wconf 83' lang='lat' dir='ltr'><strong>potestas</strong></span> <span class='ocrx_word' id='word_1_658' title='bbox 1212 4609 1333 4681; x_wconf 80' lang='lat' dir='ltr'><strong>ejus</strong></span> <span class='ocrx_word' id='word_1_659' title='bbox 1363 4611 1419 4667; x_wconf 88' lang='lat' dir='ltr'><strong>in</strong></span> <span class='ocrx_word' id='word_1_660' title='bbox 1459 4610 1816 4681; x_wconf 84' lang='lat' dir='ltr'><strong>generatione</strong></span> <span class='ocrx_word' id='word_1_661' title='bbox 1845 4619 1899 4666; x_wconf 91' lang='lat' dir='ltr'><strong>et</strong></span> <span class='ocrx_word' id='word_1_662' title='bbox 1933 4624 2100 4683; x_wconf 84' lang='lat' dir='ltr'><strong>gene-</strong></span> 
     </span>
    </p>
   </div>
   <div class='ocr_carea' id='block_1_89' title="bbox 515 4701 873 4758">
    <p class='ocr_par' dir='ltr' id='par_1_89' title="bbox 515 4701 873 4758">
     <span class='ocr_line' id='line_1_90' title="bbox 515 4701 873 4758; baseline -0.017 0"><span class='ocrx_word' id='word_1_663' title='bbox 515 4701 811 4758; x_wconf 84' lang='lat' dir='ltr'><strong>rationem.</strong></span> <span class='ocrx_word' id='word_1_664' title='bbox 855 4719 873 4753; x_wconf 79' lang='grc' dir='ltr'><strong>ι</strong></span> 
     </span>
    </p>
   </div>
   <div class='ocr_carea' id='block_1_90' title="bbox 581 4811 2097 4882">
    <p class='ocr_par' dir='ltr' id='par_1_90' title="bbox 581 4811 2097 4882">
     <span class='ocr_line' id='line_1_91' title="bbox 581 4811 2097 4882; baseline 0.001 -14"><span class='ocrx_word' id='word_1_665' title='bbox 581 4812 781 4869; x_wconf 77' lang='lat' dir='ltr'><strong>Matth.</strong></span> <span class='ocrx_word' id='word_1_666' title='bbox 817 4828 898 4878; x_wconf 88' lang='grc' dir='ltr'>ιιι,</span> <span class='ocrx_word' id='word_1_667' title='bbox 959 4812 1044 4868; x_wconf 84' lang='lat' dir='ltr'><strong>l6.</strong></span> <span class='ocrx_word' id='word_1_668' title='bbox 1087 4842 1159 4855; x_wconf 90' lang='lat'><strong>-</strong></span> <span class='ocrx_word' id='word_1_669' title='bbox 1209 4831 1229 4865; x_wconf 87' lang='grc' dir='ltr'><strong>ι</strong></span> <span class='ocrx_word' id='word_1_670' title='bbox 1279 4812 1603 4882; x_wconf 85' lang='lat' dir='ltr'><strong>Baptizatus</strong></span> <span class='ocrx_word' id='word_1_671' title='bbox 1661 4821 1842 4870; x_wconf 88' lang='lat' dir='ltr'><strong>autem</strong></span> <span class='ocrx_word' id='word_1_672' title='bbox 1905 4811 2097 4880; x_wconf 68' lang='lat' dir='ltr'><strong>Iesus,</strong></span> 
     </span>
    </p>
   </div>
   <div class='ocr_carea' id='block_1_91' title="bbox 506 4905 2100 4978">
    <p class='ocr_par' dir='ltr' id='par_1_91' title="bbox 506 4905 2100 4978">
     <span class='ocr_line' id='line_1_92' title="bbox 506 4905 2100 4978; baseline -0.002 -13"><span class='ocrx_word' id='word_1_673' title='bbox 506 4907 804 4965; x_wconf 79' lang='lat' dir='ltr'><strong>confestim</strong></span> <span class='ocrx_word' id='word_1_674' title='bbox 839 4907 1089 4962; x_wconf 80' lang='lat' dir='ltr'><strong>ascendit</strong></span> <span class='ocrx_word' id='word_1_675' title='bbox 1143 4905 1211 4962; x_wconf 92' lang='lat' dir='ltr'><strong>de</strong></span> <span class='ocrx_word' id='word_1_676' title='bbox 1240 4921 1384 4978; x_wconf 86' lang='lat' dir='ltr'><strong>aqua</strong></span> <span class='ocrx_word' id='word_1_677' title='bbox 1428 4924 1443 4961; x_wconf 89' lang='lat'><strong>:</strong></span> <span class='ocrx_word' id='word_1_678' title='bbox 1478 4914 1532 4962; x_wconf 89' lang='lat' dir='ltr'><strong>et</strong></span> <span class='ocrx_word' id='word_1_679' title='bbox 1564 4921 1694 4963; x_wconf 89' lang='lat' dir='ltr'><strong>ecce</strong></span> <span class='ocrx_word' id='word_1_680' title='bbox 1747 4908 1921 4977; x_wconf 86' lang='lat' dir='ltr'><strong>aperti</strong></span> <span class='ocrx_word' id='word_1_681' title='bbox 1970 4915 2100 4964; x_wconf 89' lang='lat' dir='ltr'><strong>sunt</strong></span> 
     </span>
    </p>
   </div>
   <div class='ocr_carea' id='block_1_92' title="bbox 511 4999 2100 5072">
    <p class='ocr_par' dir='ltr' id='par_1_92' title="bbox 511 4999 2100 5072">
     <span class='ocr_line' id='line_1_93' title="bbox 511 4999 2100 5072; baseline 0 -14"><span class='ocrx_word' id='word_1_682' title='bbox 511 5001 637 5058; x_wconf 65' lang='lat' dir='ltr'><strong>caeli</strong></span> <span class='ocrx_word' id='word_1_683' title='bbox 664 5020 678 5056; x_wconf 92' lang='lat'><strong>:</strong></span> <span class='ocrx_word' id='word_1_684' title='bbox 714 5010 767 5056; x_wconf 88' lang='lat' dir='ltr'><strong>et</strong></span> <span class='ocrx_word' id='word_1_685' title='bbox 793 5000 932 5057; x_wconf 85' lang='lat' dir='ltr'><strong>vidit</strong></span> <span class='ocrx_word' id='word_1_686' title='bbox 958 4999 1228 5072; x_wconf 85' lang='lat' dir='ltr'><strong>Spiritum</strong></span> <span class='ocrx_word' id='word_1_687' title='bbox 1257 4999 1685 5057; x_wconf 86' lang='lat' dir='ltr'><strong>descendentem</strong></span> <span class='ocrx_word' id='word_1_688' title='bbox 1719 5001 1861 5059; x_wconf 86' lang='lat' dir='ltr'><strong>sicut</strong></span> <span class='ocrx_word' id='word_1_689' title='bbox 1888 5003 2100 5058; x_wconf 87' lang='lat' dir='ltr'><strong>colum-</strong></span> 
     </span>
    </p>
   </div>
   <div class='ocr_carea' id='block_1_93' title="bbox 512 5094 2099 5166">
    <p class='ocr_par' dir='ltr' id='par_1_93' title="bbox 512 5094 2099 5166">
     <span class='ocr_line' id='line_1_94' title="bbox 512 5094 2099 5166; baseline 0.001 -15"><span class='ocrx_word' id='word_1_690' title='bbox 512 5096 660 5160; x_wconf 81' lang='lat' dir='ltr'><strong>bam,</strong></span> <span class='ocrx_word' id='word_1_691' title='bbox 686 5101 742 5149; x_wconf 89' lang='lat' dir='ltr'><strong>et</strong></span> <span class='ocrx_word' id='word_1_692' title='bbox 764 5094 1071 5150; x_wconf 82' lang='lat' dir='ltr'><strong>venientem</strong></span> <span class='ocrx_word' id='word_1_693' title='bbox 1100 5109 1269 5166; x_wconf 90' lang='lat' dir='ltr'><strong>super</strong></span> <span class='ocrx_word' id='word_1_694' title='bbox 1303 5110 1383 5150; x_wconf 90' lang='lat' dir='ltr'><strong>se.</strong></span> <span class='ocrx_word' id='word_1_695' title='bbox 1420 5094 1488 5149; x_wconf 85' lang='lat' dir='ltr'><strong>Et</strong></span> <span class='ocrx_word' id='word_1_696' title='bbox 1517 5110 1648 5152; x_wconf 89' lang='lat' dir='ltr'><strong>ecce</strong></span> <span class='ocrx_word' id='word_1_697' title='bbox 1689 5111 1794 5152; x_wconf 79' lang='lat' dir='ltr'><strong>vox</strong></span> <span class='ocrx_word' id='word_1_698' title='bbox 1840 5097 1907 5152; x_wconf 90' lang='lat' dir='ltr'><strong>de</strong></span> <span class='ocrx_word' id='word_1_699' title='bbox 1958 5098 2099 5153; x_wconf 70' lang='lat' dir='ltr'><strong>coelo</strong></span> 
     </span>
    </p>
   </div>
   <div class='ocr_carea' id='block_1_94' title="bbox 510 5181 2099 5258">
    <p class='ocr_par' dir='ltr' id='par_1_94' title="bbox 510 5181 2099 5258">
     <span class='ocr_line' id='line_1_95' title="bbox 510 5181 2099 5258; baseline 0.004 -22"><span class='ocrx_word' id='word_1_700' title='bbox 510 5181 704 5238; x_wconf 83' lang='lat' dir='ltr'><strong>dicens</strong></span> <span class='ocrx_word' id='word_1_701' title='bbox 733 5199 747 5236; x_wconf 90' lang='lat'><strong>:</strong></span> <span class='ocrx_word' id='word_1_702' title='bbox 787 5181 891 5236; x_wconf 81' lang='lat' dir='ltr'><strong>Hic</strong></span> <span class='ocrx_word' id='word_1_703' title='bbox 919 5191 1004 5236; x_wconf 89' lang='lat' dir='ltr'><strong>est</strong></span> <span class='ocrx_word' id='word_1_704' title='bbox 1033 5181 1210 5238; x_wconf 86' lang='lat' dir='ltr'><strong>Filius</strong></span> <span class='ocrx_word' id='word_1_705' title='bbox 1242 5199 1396 5241; x_wconf 89' lang='lat' dir='ltr'><strong>meus</strong></span> <span class='ocrx_word' id='word_1_706' title='bbox 1427 5185 1685 5254; x_wconf 88' lang='lat' dir='ltr'><strong>dilectus,</strong></span> <span class='ocrx_word' id='word_1_707' title='bbox 1715 5186 1771 5242; x_wconf 89' lang='lat' dir='ltr'><strong>in</strong></span> <span class='ocrx_word' id='word_1_708' title='bbox 1811 5202 1920 5258; x_wconf 91' lang='lat' dir='ltr'><strong>quo</strong></span> <span class='ocrx_word' id='word_1_709' title='bbox 1964 5186 2099 5242; x_wconf 87' lang='lat' dir='ltr'><strong>mihi</strong></span> 
     </span>
    </p>
   </div>
   <div class='ocr_carea' id='block_1_95' title="bbox 510 5269 1046 5342">
    <p class='ocr_par' dir='ltr' id='par_1_95' title="bbox 510 5269 1046 5342">
     <span class='ocr_line' id='line_1_96' title="bbox 510 5269 1046 5342; baseline -0.002 -15"><span class='ocrx_word' id='word_1_710' title='bbox 510 5269 649 5327; x_wconf 87' lang='lat' dir='ltr'><strong>bene</strong></span> <span class='ocrx_word' id='word_1_711' title='bbox 673 5271 998 5342; x_wconf 87' lang='lat' dir='ltr'><strong>complacul.</strong></span> <span class='ocrx_word' id='word_1_712' title='bbox 1026 5291 1046 5325; x_wconf 78' lang='grc' dir='ltr'><strong>ι</strong></span> 
     </span>
    </p>
   </div>
   <div class='ocr_carea' id='block_1_96' title="bbox 581 5363 2098 5438">
    <p class='ocr_par' dir='ltr' id='par_1_96' title="bbox 581 5363 2098 5438">
     <span class='ocr_line' id='line_1_97' title="bbox 581 5363 2098 5438; baseline 0.006 -21"><span class='ocrx_word' id='word_1_713' title='bbox 581 5364 698 5418; x_wconf 79' lang='lat' dir='ltr'><strong>Act.</strong></span> <span class='ocrx_word' id='word_1_714' title='bbox 739 5381 835 5427; x_wconf 76' lang='lat' dir='ltr'><strong>vn,</strong></span> <span class='ocrx_word' id='word_1_715' title='bbox 872 5363 960 5421; x_wconf 75' lang='grc'><strong>15.</strong></span> <span class='ocrx_word' id='word_1_716' title='bbox 993 5396 1066 5407; x_wconf 90' lang='grc'><strong><em>-</em></strong></span> <span class='ocrx_word' id='word_1_717' title='bbox 1099 5383 1119 5417; x_wconf 84' lang='grc' dir='ltr'><strong>ι</strong></span> <span class='ocrx_word' id='word_1_718' title='bbox 1165 5365 1480 5438; x_wconf 77' lang='lat' dir='ltr'><strong>Stephanus</strong></span> <span class='ocrx_word' id='word_1_719' title='bbox 1512 5375 1696 5424; x_wconf 86' lang='lat' dir='ltr'><strong>autem</strong></span> <span class='ocrx_word' id='word_1_720' title='bbox 1719 5408 1734 5436; x_wconf 91' lang='lat'><strong>,</strong></span> <span class='ocrx_word' id='word_1_721' title='bbox 1778 5385 1902 5426; x_wconf 91' lang='lat' dir='ltr'><strong>cum</strong></span> <span class='ocrx_word' id='word_1_722' title='bbox 1951 5381 2098 5429; x_wconf 88' lang='lat' dir='ltr'><strong>esset</strong></span> 
     </span>
    </p>
   </div>
   <div class='ocr_carea' id='block_1_97' title="bbox 511 5454 2098 5528">
    <p class='ocr_par' dir='ltr' id='par_1_97' title="bbox 511 5454 2098 5528">
     <span class='ocr_line' id='line_1_98' title="bbox 511 5454 2098 5528; baseline 0.007 -21"><span class='ocrx_word' id='word_1_723' title='bbox 511 5454 708 5526; x_wconf 77' lang='lat' dir='ltr'><strong>plenus</strong></span> <span class='ocrx_word' id='word_1_724' title='bbox 759 5455 970 5528; x_wconf 86' lang='lat' dir='ltr'><strong>Spiritu</strong></span> <span class='ocrx_word' id='word_1_725' title='bbox 1023 5468 1242 5527; x_wconf 85' lang='lat' dir='ltr'><strong>sancto,</strong></span> <span class='ocrx_word' id='word_1_726' title='bbox 1297 5459 1589 5517; x_wconf 84' lang='lat' dir='ltr'><strong>intendens</strong></span> <span class='ocrx_word' id='word_1_727' title='bbox 1640 5461 1694 5516; x_wconf 91' lang='lat' dir='ltr'><strong>in</strong></span> <span class='ocrx_word' id='word_1_728' title='bbox 1723 5463 1924 5517; x_wconf 71' lang='lat' dir='ltr'><strong>emittm</strong></span> <span class='ocrx_word' id='word_1_729' title='bbox 1962 5463 2098 5518; x_wconf 79' lang='lat' dir='ltr'><strong>vidit</strong></span> 
     </span>
    </p>
   </div>
   <div class='ocr_carea' id='block_1_98' title="bbox 509 5545 2098 5620">
    <p class='ocr_par' dir='ltr' id='par_1_98' title="bbox 509 5545 2098 5620">
     <span class='ocr_line' id='line_1_99' title="bbox 509 5545 2098 5620; baseline 0.008 -22"><span class='ocrx_word' id='word_1_730' title='bbox 509 5545 737 5616; x_wconf 86' lang='lat' dir='ltr'><strong>gloriam</strong></span> <span class='ocrx_word' id='word_1_731' title='bbox 779 5547 897 5613; x_wconf 87' lang='lat' dir='ltr'><strong>Dei,</strong></span> <span class='ocrx_word' id='word_1_732' title='bbox 942 5559 996 5604; x_wconf 89' lang='lat' dir='ltr'><strong>et</strong></span> <span class='ocrx_word' id='word_1_733' title='bbox 1050 5547 1240 5605; x_wconf 84' lang='lat' dir='ltr'><strong>Jesum</strong></span> <span class='ocrx_word' id='word_1_734' title='bbox 1290 5560 1526 5606; x_wconf 83' lang='lat' dir='ltr'><strong>stantem</strong></span> <span class='ocrx_word' id='word_1_735' title='bbox 1565 5569 1595 5606; x_wconf 86' lang='lat' dir='ltr'><strong>a</strong></span> <span class='ocrx_word' id='word_1_736' title='bbox 1630 5552 1841 5609; x_wconf 88' lang='lat' dir='ltr'><strong>dextris</strong></span> <span class='ocrx_word' id='word_1_737' title='bbox 1891 5553 2010 5620; x_wconf 88' lang='lat' dir='ltr'><strong>Dei,</strong></span> <span class='ocrx_word' id='word_1_738' title='bbox 2043 5561 2098 5611; x_wconf 88' lang='lat' dir='ltr'><strong>et</strong></span> 
     </span>
    </p>
   </div>
   <div class='ocr_carea' id='block_1_99' title="bbox 509 5639 2097 5714">
    <p class='ocr_par' dir='ltr' id='par_1_99' title="bbox 509 5639 2097 5714">
     <span class='ocr_line' id='line_1_100' title="bbox 509 5639 2097 5714; baseline 0.006 -21"><span class='ocrx_word' id='word_1_739' title='bbox 509 5639 645 5694; x_wconf 77' lang='lat' dir='ltr'><strong>dixit</strong></span> <span class='ocrx_word' id='word_1_740' title='bbox 675 5658 690 5696; x_wconf 88' lang='lat'><strong>:</strong></span> <span class='ocrx_word' id='word_1_741' title='bbox 717 5639 857 5697; x_wconf 85' lang='lat' dir='ltr'><strong>Ecce</strong></span> <span class='ocrx_word' id='word_1_742' title='bbox 879 5640 1041 5698; x_wconf 81' lang='lat' dir='ltr'><strong>video</strong></span> <span class='ocrx_word' id='word_1_743' title='bbox 1069 5642 1242 5698; x_wconf 71' lang='lat' dir='ltr'><strong>cmlos</strong></span> <span class='ocrx_word' id='word_1_744' title='bbox 1270 5651 1513 5714; x_wconf 82' lang='lat' dir='ltr'><strong>apertos,</strong></span> <span class='ocrx_word' id='word_1_745' title='bbox 1537 5651 1591 5700; x_wconf 88' lang='lat' dir='ltr'><strong>et</strong></span> <span class='ocrx_word' id='word_1_746' title='bbox 1619 5642 1816 5701; x_wconf 82' lang='lat' dir='ltr'><strong>Filium</strong></span> <span class='ocrx_word' id='word_1_747' title='bbox 1858 5643 2097 5704; x_wconf 81' lang='lat' dir='ltr'><strong>hominis</strong></span> 
     </span>
    </p>
   </div>
   <div class='ocr_carea' id='block_1_100' title="bbox 515 5736 1245 5795">
    <p class='ocr_par' dir='ltr' id='par_1_100' title="bbox 515 5736 1245 5795">
     <span class='ocr_line' id='line_1_101' title="bbox 515 5736 1245 5795; baseline 0.001 -5"><span class='ocrx_word' id='word_1_748' title='bbox 515 5741 746 5790; x_wconf 80' lang='lat' dir='ltr'><strong>stantem</strong></span> <span class='ocrx_word' id='word_1_749' title='bbox 783 5751 810 5788; x_wconf 76' lang='grc' dir='ltr'><strong>ο</strong></span> <span class='ocrx_word' id='word_1_750' title='bbox 837 5736 1046 5795; x_wconf 87' lang='lat' dir='ltr'><strong>dextris</strong></span> <span class='ocrx_word' id='word_1_751' title='bbox 1081 5737 1194 5794; x_wconf 90' lang='lat' dir='ltr'><strong>Dei.</strong></span> <span class='ocrx_word' id='word_1_752' title='bbox 1225 5756 1245 5791; x_wconf 78' lang='grc' dir='ltr'><strong>ι</strong></span> 
     </span>
    </p>
   </div>
   <div class='ocr_carea' id='block_1_101' title="bbox 585 5822 2085 5895">
    <p class='ocr_par' dir='ltr' id='par_1_101' title="bbox 585 5822 2085 5895">
     <span class='ocr_line' id='line_1_102' title="bbox 585 5822 2085 5895; baseline 0.007 -13"><span class='ocrx_word' id='word_1_753' title='bbox 585 5823 617 5882; x_wconf 84' lang='grc'><strong><em>1</em></strong></span> <span class='ocrx_word' id='word_1_754' title='bbox 645 5825 773 5884; x_wconf 85' lang='lat' dir='ltr'><strong>Cor.</strong></span> <span class='ocrx_word' id='word_1_755' title='bbox 800 5845 916 5895; x_wconf 77' lang='lat' dir='ltr'><strong>vni,</strong></span> <span class='ocrx_word' id='word_1_756' title='bbox 943 5822 1006 5886; x_wconf 72' lang='grc'><strong>’4.</strong></span> <span class='ocrx_word' id='word_1_757' title='bbox 1035 5860 1102 5872; x_wconf 89' lang='grc'><strong>-</strong></span> <span class='ocrx_word' id='word_1_758' title='bbox 1139 5850 1158 5883; x_wconf 84' lang='grc' dir='ltr'><strong>ι</strong></span> <span class='ocrx_word' id='word_1_759' title='bbox 1189 5829 1386 5888; x_wconf 82' lang='lat' dir='ltr'><strong>Nullus</strong></span> <span class='ocrx_word' id='word_1_760' title='bbox 1432 5841 1520 5889; x_wconf 83' lang='lat' dir='ltr'><strong>est</strong></span> <span class='ocrx_word' id='word_1_761' title='bbox 1569 5833 1713 5892; x_wconf 86' lang='lat' dir='ltr'><strong>Deus</strong></span> <span class='ocrx_word' id='word_1_762' title='bbox 1761 5832 1871 5892; x_wconf 84' lang='lat' dir='ltr'><strong>nisi</strong></span> <span class='ocrx_word' id='word_1_763' title='bbox 1923 5851 2085 5893; x_wconf 87' lang='lat' dir='ltr'><strong>unus.</strong></span> 
     </span>
    </p>
   </div>
   <div class='ocr_carea' id='block_1_102' title="bbox 2206 4609 3330 4683">
    <p class='ocr_par' dir='ltr' id='par_1_102' title="bbox 2206 4609 3330 4683">
     <span class='ocr_line' id='line_1_103' title="bbox 2206 4609 3330 4683; baseline 0.004 -20"><span class='ocrx_word' id='word_1_764' title='bbox 2206 4610 2368 4666; x_wconf 81' lang='grc' dir='ltr'>ουσία</span> <span class='ocrx_word' id='word_1_765' title='bbox 2396 4609 2561 4668; x_wconf 77' lang='grc' dir='ltr'>αὐτοῦ</span> <span class='ocrx_word' id='word_1_766' title='bbox 2594 4614 2674 4676; x_wconf 72' lang='grc' dir='ltr'><strong>εἰς</strong></span> <span class='ocrx_word' id='word_1_767' title='bbox 2702 4612 2896 4681; x_wconf 80' lang='grc' dir='ltr'>γενεὰν</span> <span class='ocrx_word' id='word_1_768' title='bbox 2930 4614 3025 4669; x_wconf 82' lang='grc' dir='ltr'>καὶ</span> <span class='ocrx_word' id='word_1_769' title='bbox 3055 4614 3270 4683; x_wconf 81' lang='grc' dir='ltr'>γενεάν.</span> <span class='ocrx_word' id='word_1_770' title='bbox 3310 4633 3330 4668; x_wconf 75' lang='grc' dir='ltr'><strong>ι</strong></span> 
     </span>
    </p>
   </div>
   <div class='ocr_carea' id='block_1_103' title="bbox 2279 4808 3780 4886">
    <p class='ocr_par' dir='ltr' id='par_1_103' title="bbox 2279 4808 3780 4886">
     <span class='ocr_line' id='line_1_104' title="bbox 2279 4808 3780 4886; baseline 0.006 -24"><span class='ocrx_word' id='word_1_771' title='bbox 2279 4828 2298 4862; x_wconf 83' lang='grc' dir='ltr'><strong>ι</strong></span> <span class='ocrx_word' id='word_1_772' title='bbox 2334 4809 2445 4864; x_wconf 86' lang='lat' dir='ltr'><strong>Kal</strong></span> <span class='ocrx_word' id='word_1_773' title='bbox 2468 4808 2787 4881; x_wconf 74' lang='grc' dir='ltr'>βαπτισθεὶς</span> <span class='ocrx_word' id='word_1_774' title='bbox 2809 4813 2837 4865; x_wconf 93' lang='lat'><strong>6</strong></span> <span class='ocrx_word' id='word_1_775' title='bbox 2881 4809 3106 4884; x_wconf 80' lang='grc' dir='ltr'>Κύριος,</span> <span class='ocrx_word' id='word_1_776' title='bbox 3143 4813 3311 4886; x_wconf 79' lang='grc' dir='ltr'>ἀνέϐη</span> <span class='ocrx_word' id='word_1_777' title='bbox 3343 4814 3510 4881; x_wconf 80' lang='grc' dir='ltr'>εὐθὺς</span> <span class='ocrx_word' id='word_1_778' title='bbox 3542 4816 3656 4873; x_wconf 82' lang='grc' dir='ltr'>ἀπὸ</span> <span class='ocrx_word' id='word_1_779' title='bbox 3685 4818 3780 4874; x_wconf 74' lang='grc' dir='ltr'>τοῦ</span> 
     </span>
    </p>
   </div>
   <div class='ocr_carea' id='block_1_104' title="bbox 2201 4901 3783 4983">
    <p class='ocr_par' dir='ltr' id='par_1_104' title="bbox 2201 4901 3783 4983">
     <span class='ocr_line' id='line_1_105' title="bbox 2201 4901 3783 4983; baseline 0.008 -28"><span class='ocrx_word' id='word_1_780' title='bbox 2201 4901 2415 4967; x_wconf 80' lang='grc' dir='ltr'>ὓδατος.</span> <span class='ocrx_word' id='word_1_781' title='bbox 2447 4904 2557 4956; x_wconf 86' lang='lat' dir='ltr'><strong>Kal</strong></span> <span class='ocrx_word' id='word_1_782' title='bbox 2606 4904 2714 4957; x_wconf 75' lang='grc' dir='ltr'>ἰδοὺ</span> <span class='ocrx_word' id='word_1_783' title='bbox 2747 4905 3102 4979; x_wconf 76' lang='grc' dir='ltr'>ἀνεῴχθησαν</span> <span class='ocrx_word' id='word_1_784' title='bbox 3138 4908 3289 4980; x_wconf 81' lang='grc' dir='ltr'><strong>αὐτῷ</strong></span> <span class='ocrx_word' id='word_1_785' title='bbox 3312 4911 3363 4962; x_wconf 85' lang='lat' dir='ltr'><strong>oi</strong></span> <span class='ocrx_word' id='word_1_786' title='bbox 3400 4911 3650 4983; x_wconf 74' lang='grc' dir='ltr'>οὐρανοὶ,</span> <span class='ocrx_word' id='word_1_787' title='bbox 3688 4916 3783 4969; x_wconf 75' lang='grc' dir='ltr'>καὶ</span> 
     </span>
    </p>
   </div>
   <div class='ocr_carea' id='block_1_105' title="bbox 2200 4991 3779 5078">
    <p class='ocr_par' dir='ltr' id='par_1_105' title="bbox 2200 4991 3779 5078">
     <span class='ocr_line' id='line_1_106' title="bbox 2200 4991 3779 5078; baseline 0.007 -29"><span class='ocrx_word' id='word_1_788' title='bbox 2200 4991 2342 5049; x_wconf 74' lang='grc' dir='ltr'>εἶδεν</span> <span class='ocrx_word' id='word_1_789' title='bbox 2370 4997 2429 5050; x_wconf 87' lang='grc' dir='ltr'><strong>τὸ</strong></span> <span class='ocrx_word' id='word_1_790' title='bbox 2471 4995 2696 5068; x_wconf 77' lang='grc' dir='ltr'>Πνεῦμα</span> <span class='ocrx_word' id='word_1_791' title='bbox 2727 4997 2821 5052; x_wconf 87' lang='grc' dir='ltr'><strong>τοῦ</strong></span> <span class='ocrx_word' id='word_1_792' title='bbox 2868 4997 3003 5052; x_wconf 76' lang='grc' dir='ltr'>Θεοῦ</span> <span class='ocrx_word' id='word_1_793' title='bbox 3039 4999 3392 5065; x_wconf 76' lang='grc' dir='ltr'>καταϐαῖνον,</span> <span class='ocrx_word' id='word_1_794' title='bbox 3435 5001 3575 5056; x_wconf 73' lang='grc' dir='ltr'>ὡσεὶ</span> <span class='ocrx_word' id='word_1_795' title='bbox 3622 5023 3779 5078; x_wconf 80' lang='grc' dir='ltr'>περι-</span> 
     </span>
    </p>
   </div>
   <div class='ocr_carea' id='block_1_106' title="bbox 2206 5087 3779 5170">
    <p class='ocr_par' dir='ltr' id='par_1_106' title="bbox 2206 5087 3779 5170">
     <span class='ocr_line' id='line_1_107' title="bbox 2206 5087 3779 5170; baseline 0.008 -29"><span class='ocrx_word' id='word_1_796' title='bbox 2206 5089 2427 5160; x_wconf 82' lang='grc' dir='ltr'>στερὰν,</span> <span class='ocrx_word' id='word_1_797' title='bbox 2467 5089 2564 5143; x_wconf 73' lang='grc' dir='ltr'>καὶ</span> <span class='ocrx_word' id='word_1_798' title='bbox 2593 5087 2887 5160; x_wconf 72' lang='grc' dir='ltr'>ἐρχόμενον</span> <span class='ocrx_word' id='word_1_799' title='bbox 2917 5091 3004 5143; x_wconf 76' lang='grc' dir='ltr'><strong>ἐπ’</strong></span> <span class='ocrx_word' id='word_1_800' title='bbox 3038 5093 3222 5147; x_wconf 82' lang='grc' dir='ltr'>αὐτόν.</span> <span class='ocrx_word' id='word_1_801' title='bbox 3253 5093 3361 5151; x_wconf 85' lang='lat' dir='ltr'><strong>Kal</strong></span> <span class='ocrx_word' id='word_1_802' title='bbox 3400 5094 3508 5150; x_wconf 75' lang='grc' dir='ltr'>ἰδοὺ</span> <span class='ocrx_word' id='word_1_803' title='bbox 3538 5097 3692 5170; x_wconf 72' lang='grc' dir='ltr'>φωνὴ</span> <span class='ocrx_word' id='word_1_804' title='bbox 3720 5103 3779 5153; x_wconf 81' lang='grc' dir='ltr'>ὲκ</span> 
     </span>
    </p>
   </div>
   <div class='ocr_carea' id='block_1_107' title="bbox 2199 5177 3779 5259">
    <p class='ocr_par' dir='ltr' id='par_1_107' title="bbox 2199 5177 3779 5259">
     <span class='ocr_line' id='line_1_108' title="bbox 2199 5177 3779 5259; baseline 0.007 -26"><span class='ocrx_word' id='word_1_805' title='bbox 2199 5180 2293 5234; x_wconf 86' lang='grc' dir='ltr'><strong>τοῦ</strong></span> <span class='ocrx_word' id='word_1_806' title='bbox 2325 5180 2553 5253; x_wconf 72' lang='grc' dir='ltr'>οὐρανοῦ</span> <span class='ocrx_word' id='word_1_807' title='bbox 2579 5182 2812 5251; x_wconf 83' lang='grc' dir='ltr'>λέγουσα</span> <span class='ocrx_word' id='word_1_808' title='bbox 2832 5201 2844 5215; x_wconf 90' lang='grc'><strong>·</strong></span> <span class='ocrx_word' id='word_1_809' title='bbox 2889 5177 3056 5247; x_wconf 69' lang='grc' dir='ltr'>Οὗτός</span> <span class='ocrx_word' id='word_1_810' title='bbox 3090 5185 3238 5239; x_wconf 78' lang='grc' dir='ltr'>ἐστιν</span> <span class='ocrx_word' id='word_1_811' title='bbox 3279 5187 3309 5242; x_wconf 87' lang='grc' dir='ltr'>ὁ</span> <span class='ocrx_word' id='word_1_812' title='bbox 3341 5185 3469 5251; x_wconf 82' lang='grc' dir='ltr'>Υἱός</span> <span class='ocrx_word' id='word_1_813' title='bbox 3494 5205 3620 5257; x_wconf 86' lang='grc' dir='ltr'>μου,</span> <span class='ocrx_word' id='word_1_814' title='bbox 3651 5193 3710 5243; x_wconf 78' lang='grc' dir='ltr'>ὲν</span> <span class='ocrx_word' id='word_1_815' title='bbox 3738 5185 3779 5259; x_wconf 79' lang='grc' dir='ltr'>ᾧ</span> 
     </span>
    </p>
   </div>
   <div class='ocr_carea' id='block_1_108' title="bbox 2199 5273 2766 5347">
    <p class='ocr_par' dir='ltr' id='par_1_108' title="bbox 2199 5273 2766 5347">
     <span class='ocr_line' id='line_1_109' title="bbox 2199 5273 2766 5347; baseline 0.009 -21"><span class='ocrx_word' id='word_1_816' title='bbox 2199 5273 2498 5347; x_wconf 82' lang='grc' dir='ltr'>ηὑδόκησα.</span> <span class='ocrx_word' id='word_1_817' title='bbox 2534 5293 2552 5328; x_wconf 79' lang='grc' dir='ltr'><strong>ι</strong></span> <span class='ocrx_word' id='word_1_818' title='bbox 2761 5335 2766 5340; x_wconf 89' lang='lat'><em>_</em></span> 
     </span>
    </p>
   </div>
   <div class='ocr_carea' id='block_1_109' title="bbox 2281 5369 3774 5448">
    <p class='ocr_par' dir='ltr' id='par_1_109' title="bbox 2281 5369 3774 5448">
     <span class='ocr_line' id='line_1_110' title="bbox 2281 5369 3774 5448; baseline 0.005 -27"><span class='ocrx_word' id='word_1_819' title='bbox 2281 5387 2300 5421; x_wconf 85' lang='grc' dir='ltr'><strong>ι</strong></span> <span class='ocrx_word' id='word_1_820' title='bbox 2327 5369 2601 5439; x_wconf 80' lang='grc' dir='ltr'>Στέφανος</span> <span class='ocrx_word' id='word_1_821' title='bbox 2628 5369 2686 5424; x_wconf 81' lang='grc' dir='ltr'>δὲ</span> <span class='ocrx_word' id='word_1_822' title='bbox 2713 5370 2977 5444; x_wconf 80' lang='grc' dir='ltr'>ὑπάρχων</span> <span class='ocrx_word' id='word_1_823' title='bbox 3006 5373 3222 5447; x_wconf 79' lang='grc' dir='ltr'>πλήρης</span> <span class='ocrx_word' id='word_1_824' title='bbox 3251 5374 3574 5445; x_wconf 75' lang='grc' dir='ltr'>Πνεῦματος</span> <span class='ocrx_word' id='word_1_825' title='bbox 3599 5377 3774 5448; x_wconf 72' lang='grc' dir='ltr'>ἁγίου,</span> 
     </span>
    </p>
   </div>
   <div class='ocr_carea' id='block_1_110' title="bbox 2204 5461 3778 5542">
    <p class='ocr_par' dir='ltr' id='par_1_110' title="bbox 2204 5461 3778 5542">
     <span class='ocr_line' id='line_1_111' title="bbox 2204 5461 3778 5542; baseline 0.004 -23"><span class='ocrx_word' id='word_1_826' title='bbox 2204 5463 2459 5528; x_wconf 78' lang='grc' dir='ltr'>ἀτενίσας</span> <span class='ocrx_word' id='word_1_827' title='bbox 2509 5467 2590 5529; x_wconf 86' lang='grc' dir='ltr'><strong>εἰς</strong></span> <span class='ocrx_word' id='word_1_828' title='bbox 2640 5464 2733 5520; x_wconf 88' lang='grc' dir='ltr'><strong>τὸν</strong></span> <span class='ocrx_word' id='word_1_829' title='bbox 2782 5466 3030 5540; x_wconf 81' lang='grc' dir='ltr'>οὐρανὸν,</span> <span class='ocrx_word' id='word_1_830' title='bbox 3074 5464 3214 5523; x_wconf 76' lang='grc' dir='ltr'>εἶδεν</span> <span class='ocrx_word' id='word_1_831' title='bbox 3258 5469 3419 5535; x_wconf 83' lang='grc' dir='ltr'>δόξαν</span> <span class='ocrx_word' id='word_1_832' title='bbox 3462 5461 3634 5542; x_wconf 55' lang='grc' dir='ltr'>ὑοῦ,</span> <span class='ocrx_word' id='word_1_833' title='bbox 3687 5474 3778 5527; x_wconf 63' lang='lat' dir='ltr'><strong>tul</strong></span> 
     </span>
    </p>
   </div>
   <div class='ocr_carea' id='block_1_111' title="bbox 2213 5557 3773 5631">
    <p class='ocr_par' dir='ltr' id='par_1_111' title="bbox 2213 5557 3773 5631">
     <span class='ocr_line' id='line_1_112' title="bbox 2213 5557 3773 5631; baseline 0.008 -21"><span class='ocrx_word' id='word_1_834' title='bbox 2213 5557 2421 5629; x_wconf 87' lang='grc' dir='ltr'>Ἰησοῦν</span> <span class='ocrx_word' id='word_1_835' title='bbox 2442 5558 2659 5613; x_wconf 75' lang='grc' dir='ltr'>ἑστῶτα</span> <span class='ocrx_word' id='word_1_836' title='bbox 2693 5561 2760 5615; x_wconf 73' lang='grc' dir='ltr'>ὲκ</span> <span class='ocrx_word' id='word_1_837' title='bbox 2789 5559 2981 5627; x_wconf 80' lang='grc' dir='ltr'>δεξιῶν</span> <span class='ocrx_word' id='word_1_838' title='bbox 3004 5562 3097 5617; x_wconf 88' lang='grc' dir='ltr'><strong>τοῦ</strong></span> <span class='ocrx_word' id='word_1_839' title='bbox 3114 5562 3272 5631; x_wconf 88' lang='grc' dir='ltr'>Θεοῦ,</span> <span class='ocrx_word' id='word_1_840' title='bbox 3296 5565 3391 5618; x_wconf 76' lang='grc' dir='ltr'>καὶ</span> <span class='ocrx_word' id='word_1_841' title='bbox 3413 5560 3601 5626; x_wconf 75' lang='grc' dir='ltr'>εἱπεν·</span> <span class='ocrx_word' id='word_1_842' title='bbox 3647 5568 3773 5623; x_wconf 63' lang='grc' dir='ltr'><strong>ἰὼὸ</strong></span> 
     </span>
    </p>
   </div>
   <div class='ocr_carea' id='block_1_112' title="bbox 2198 5651 3794 5728">
    <p class='ocr_par' dir='ltr' id='par_1_112' title="bbox 2198 5651 3794 5728">
     <span class='ocr_line' id='line_1_113' title="bbox 2198 5651 3794 5728; baseline 0.006 -22"><span class='ocrx_word' id='word_1_843' title='bbox 2198 5651 2390 5726; x_wconf 87' lang='grc' dir='ltr'>θεωρῶ</span> <span class='ocrx_word' id='word_1_844' title='bbox 2419 5654 2549 5719; x_wconf 75' lang='grc' dir='ltr'>τοὺς</span> <span class='ocrx_word' id='word_1_845' title='bbox 2568 5654 2836 5725; x_wconf 76' lang='grc' dir='ltr'>οὐρανοὺς</span> <span class='ocrx_word' id='word_1_846' title='bbox 2861 5655 3263 5728; x_wconf 77' lang='grc' dir='ltr'>ἀνεῳγμένους,</span> <span class='ocrx_word' id='word_1_847' title='bbox 3292 5657 3387 5711; x_wconf 75' lang='grc' dir='ltr'>καὶ</span> <span class='ocrx_word' id='word_1_848' title='bbox 3413 5656 3655 5715; x_wconf 61' lang='lat' dir='ltr'><strong>mm</strong></span> <span class='ocrx_word' id='word_1_849' title='bbox 3685 5653 3794 5715; x_wconf 67' lang='grc' dir='ltr'><strong>τῶ-</strong></span> 
     </span>
    </p>
   </div>
   <div class='ocr_carea' id='block_1_113' title="bbox 2201 5747 3400 5818">
    <p class='ocr_par' dir='ltr' id='par_1_113' title="bbox 2201 5747 3400 5818">
     <span class='ocr_line' id='line_1_114' title="bbox 2201 5747 3400 5818; baseline 0.003 -14"><span class='ocrx_word' id='word_1_850' title='bbox 2201 5747 2493 5818; x_wconf 83' lang='grc' dir='ltr'>ἀνθρώπου</span> <span class='ocrx_word' id='word_1_851' title='bbox 2528 5749 2590 5802; x_wconf 82' lang='grc' dir='ltr'>ὲκ</span> <span class='ocrx_word' id='word_1_852' title='bbox 2612 5748 2802 5815; x_wconf 82' lang='grc' dir='ltr'>δεξιῶν</span> <span class='ocrx_word' id='word_1_853' title='bbox 2833 5749 3045 5804; x_wconf 70' lang='grc' dir='ltr'>ἑστῶτα</span> <span class='ocrx_word' id='word_1_854' title='bbox 3070 5748 3165 5804; x_wconf 89' lang='grc' dir='ltr'><strong>τοῦ</strong></span> <span class='ocrx_word' id='word_1_855' title='bbox 3185 5749 3346 5807; x_wconf 86' lang='grc' dir='ltr'>Θεοῦ.</span> <span class='ocrx_word' id='word_1_856' title='bbox 3377 5768 3400 5807; x_wconf 70' lang='grc' dir='ltr'><em>θ</em></span> 
     </span>
    </p>
   </div>
   <div class='ocr_carea' id='block_1_114' title="bbox 2272 5837 3772 5929">
    <p class='ocr_par' dir='ltr' id='par_1_114' title="bbox 2272 5837 3772 5929">
     <span class='ocr_line' id='line_1_115' title="bbox 2272 5837 3772 5929; baseline 0.007 -36"><span class='ocrx_word' id='word_1_857' title='bbox 2272 5858 2292 5893; x_wconf 82' lang='grc' dir='ltr'><strong>ι</strong></span> <span class='ocrx_word' id='word_1_858' title='bbox 2329 5838 2520 5906; x_wconf 65' lang='grc' dir='ltr'>Οὐδεὶς</span> <span class='ocrx_word' id='word_1_859' title='bbox 2548 5839 2680 5916; x_wconf 81' lang='grc' dir='ltr'>Θεὸς</span> <span class='ocrx_word' id='word_1_860' title='bbox 2705 5845 2754 5896; x_wconf 79' lang='grc' dir='ltr'>εἰ</span> <span class='ocrx_word' id='word_1_861' title='bbox 2779 5842 2858 5918; x_wconf 79' lang='grc' dir='ltr'>μὴ</span> <span class='ocrx_word' id='word_1_862' title='bbox 2891 5837 2990 5908; x_wconf 80' lang='grc' dir='ltr'>εἷς.</span> <span class='ocrx_word' id='word_1_863' title='bbox 3015 5843 3140 5898; x_wconf 76' lang='grc' dir='ltr'><strong>’Καὶ</strong></span> <span class='ocrx_word' id='word_1_864' title='bbox 3166 5843 3275 5917; x_wconf 82' lang='grc' dir='ltr'><strong>γάρ</strong></span> <span class='ocrx_word' id='word_1_865' title='bbox 3305 5845 3416 5900; x_wconf 75' lang='grc' dir='ltr'>εισι</span> <span class='ocrx_word' id='word_1_866' title='bbox 3455 5845 3574 5904; x_wconf 82' lang='grc' dir='ltr'>θεοὶ</span> <span class='ocrx_word' id='word_1_867' title='bbox 3619 5846 3772 5929; x_wconf 62' lang='grc' dir='ltr'>λιγέα</span> 
     </span>
    </p>
   </div>
  </div>
