3970 6294
206 369 333 440 1073

1449 366 1688 430 SACRA
1721 362 2185 426 PARALLELA.

3317 348 3453 416 1076

205 499 368 555 μενοι,
397 463 510 537 εἴτε
538 479 596 537 ἓν
635 479 872 553 οὐρανῷ,
901 480 1013 536 εἴτε
1054 479 1146 537 ἰπὶ
1177 481 1279 552 τῆς
1316 480 1439 553 γῆς,
1474 480 1589 535 ἀλλ’
1626 478 1764 551 ,ἡμῖν

1871 471 2002 527 Nam
2032 471 2138 528 etsi
2180 477 2311 527 sunt
2336 465 2430 542 qui
2458 467 2722 526 dicuntur
2751 465 2855 531 dii,
2893 464 3010 522 sive
3053 461 3106 518 in
3143 460 3303 529 cmlo,
3337 462 3453 517 sive
3497 494 3501 497 -

202 571 277 639 εἷς
301 573 433 639 Θεὸς
460 576 488 629 6
517 573 711 647 Datim
739 573 800 642 ιε
826 567 888 630 οῦ
910 576 979 629 τὰ
1001 569 1205 642 πάντα,
1241 573 1340 628 καὶ
1367 574 1528 645 ἡμεῖς
1556 573 1635 636 εἰς
1670 569 1766 625 αὐ-

199 668 314 722 τόν’
343 667 440 722 καὶ
464 659 544 732 εἷς
559 665 763 738 Κύριος
799 667 1004 739 Ἰησοῦς
1029 664 1286 739 Χριστὸς,
1302 665 1369 720 δι’
1392 657 1454 719 οῦ
1472 663 1542 717 τὰ
1565 663 1764 729 πάντα,

201 761 291 815 καὶ
324 761 487 831 ἡμεῖς
518 757 591 814 δι’
609 758 775 814 αὐτοῦ
795 775 812 793 ο
844 759 944 815 καὶ
973 758 1032 814 ἓν
1062 756 1291 833 Πνεῦμα
1331 757 1508 829 ἅγιον,
1541 757 1601 812 ὲν
1627 750 1672 826 ᾧ
1698 756 1768 811 τά

201 853 394 914 πάντα.
420 853 516 906 καὶ
543 850 706 924 ἡμεῖς
738 850 799 918 ἐξ
827 845 1015 908 αὐτοῦ.
1041 869 1061 904 ι

266 943 591 1016 Διαδραμὼν
631 943 702 998 τά
752 943 1072 1015 σύμπαντα,
1120 942 1245 1020 καὶ,
1273 941 1416 1016 ὑπὲρ
1451 941 1632 996 πᾶσαν
1668 937 1766 1012 τὴν

200 1035 373 1091 κτίσιν
404 1034 705 1104 ἀνανεόσας
741 1039 854 1102 τοῖς
878 1036 1186 1108 λογισμοῖς,
1231 1033 1489 1091 ιπέκεινα
1521 1034 1612 1089 τὸν
1639 1030 1768 1088 νοῦν

197 1126 528 1200 ἀνυψώσας,
580 1129 836 1202 ιννόησον
891 1129 994 1202 τὴν
1061 1129 1240 1186 θείαν
1267 1128 1465 1201 φύσιν,
1520 1126 1765 1186 ἑστῶσαν

197 1221 486 1295 ἄτρεπτον,
525 1220 909 1291 ἀναλλοίωτον,
940 1221 1155 1296 ἀπαθῆ,
1193 1222 1394 1296 ἁπλῆν,
1444 1221 1789 1302 ἀσύνθετον..

196 1312 516 1386 ἀδιαίρετον,
542 1311 660 1385 φῶς
678 1313 997 1393 ἀπρόσιτον,
1020 1314 1252 1388 δύναμιν
1275 1315 1502 1387 ἄφατον,
1535 1311 1767 1387 μέγεθος

195 1407 597 1480 ἀπεριόριστον,
631 1407 790 1475 δόξαν
824 1407 1415 1482 ὕπεραστράπτουσαν,
1451 1408 1766 1481 ἀγαθότητα

197 1499 560 1572 ἐπιθυμητὴν,
587 1499 786 1567 κάλλος
810 1497 1117 1575 ἀμήχανον,
1144 1500 1387 1574 σφοδρῶς
1425 1499 1524 1575 μὲν
1546 1501 1647 1571 τῆς
1671 1516 1765 1556 τε-

195 1591 483 1664 τρωμένης
505 1588 687 1665 ’ψυχῆς
723 1592 1158 1666 καθαπτόμενον,
1187 1594 1330 1667 λόγῳ
1366 1592 1425 1648 δὲ
1456 1592 1766 1665 δηλωθῆναι

196 1683 332 1755 πρὸς
363 1681 523 1750 ἀξίαν
553 1683 835 1740 ἀδύνατον.
857 1685 1020 1745 ,Ἐκεῖ
1056 1685 1269 1757 Πατὴρ,
1314 1686 1433 1738 ἐκεῖ
1469 1683 1617 1752 Υἰδς,
1647 1684 1766 1739 ἔχει

199 1775 356 1845 ἀγιον
383 1775 630 1848 Πνεῦμα,
655 1778 688 1849 ἠ
713 1776 966 1843 ἀκτιστος
982 1777 1242 1846 φύσις,τὺ
1263 1778 1592 1832 Δεσποτικδν
1609 1775 1765 1843 ἀξίω⁴

196 1831 291 1940 μα,
321 1870 355 1940 ὴ
381 1831 583 1943 φυσικὴ
617 1831 1166 1943 ἀγαθότηςουΠατὴρ
1196 1871 1229 1943 ἡ
1265 1831 1489 1925 πάντων
1524 1831 1690 1942 ἀρχῆ.
1729 1871 1764 1942 ὴ
1795 1831 1838 1888 Β

192 1961 343 2015 αἰτία
365 1959 458 2015 τοῦ
483 1955 626 2018 εἶναι
654 1963 768 2027 τοῖς
793 1957 965 2030 οὖσιν,
995 1963 1029 2034 ἡ
1064 1961 1191 2035 ῥίζα
1224 1959 1336 2016 τῶν
1374 1959 1616 2029 ζώντων,
1644 1959 1769 2017 ὅθεν

191 2053 461 2127 προῆλθεν
479 2055 511 2127 ἡ
527 2055 681 2127 πηγὴ
696 2055 794 2128 τῆς
810 2052 974 2128 ζωῆς,
993 2057 1029 2129 ἡ
1046 2055 1226 2126 σοφία,
1242 2056 1276 2128 ἠ
1291 2053 1542 2126 δύναμις,
1557 2055 1590 2127 ή
1606 2052 1770 2110 εἰκὼν

190 2144 614 2216 ἀπαράλλακτος
640 2146 736 2201 τοῦ
763 2147 996 2220 ἀοράτου
1018 2145 1174 2213 Θεοῦ,
1187 2149 1216 2203 6
1231 2149 1294 2204 ὲκ
1308 2145 1402 2202 τοῦ
1415 2145 1628 2219 Πατρός
1645 2162 1766 2217 γενο

187 2235 374 2309 νηθεὶς
393 2235 544 2301 Υἰδς,
559 2237 589 2290 6
604 2233 713 2301 ζῶν
731 2236 924 2307 Λόγος,
938 2237 966 2291 6
986 2237 1119 2302 Θεὸς
1139 2235 1238 2304 ὢν,
1258 2237 1354 2291 καὶ
1376 2235 1510 2308 πρὸς
1525 2235 1616 2290 τὸν
1634 2234 1769 2290 Θεὸν

186 2328 280 2384 ὧν·
298 2329 425 2402 οὐχὶ
444 2330 905 2403 προσγενόμενος,
936 2328 1201 2403 ὑπάρχων
1229 2321 1338 2403 πρὸ
1364 2331 1475 2385 τῶν
1507 2327 1720 2384 αἰώνων
1741 2343 1758 2360 ο

185 2420 305 2493 οὐχὶ
339 2420 706 2494 προητηθείς
725 2420 985 2494 ὕστερονο
1013 2421 1170 2487 Υἰδς,
1202 2421 1324 2496 οὐχὶ
1346 2420 1566 2493 κτῆμα·
1602 2435 1763 2492 ποιη-

185 2511 305 2584 τὴς,
346 2513 470 2584 οὐχὶ
504 2512 748 2586 ποίημαο
781 2511 1028 2582 κτίστης,
1065 2511 1187 2585 οὐχὶ
1221 2511 1280 2567 δδ
1314 2509 1553 2583 κτίσμαο
1581 2511 1761 2566 πάντα

184 2601 261 2657 ὢν
291 2604 401 2660 ὃσα
426 2604 576 2659 εστὶν
601 2605 633 2659 6
658 2604 877 2677 Πατήρ·
912 2602 1041 2668 Υἰδς
1067 2598 1221 2656 εἶπον
1249 2601 1347 2656 καί.
1391 2600 1584 2673 Πατήρ
1607 2618 1624 2634 ·
1657 2597 1761 2670 φύε-

185 2693 356 2750 λασσι
395 2712 488 2768 μοι
516 2693 724 2761 ταύτας
751 2695 853 2761 τὰς
909 2694 1200 2767 ἰδιότητας.
1231 2694 1426 2751 Μένων
1458 2691 1554 2749 οῦν
1577 2695 1637 2748 ιν
1681 2690 1760 2766 τῷ

186 2785 330 2844 εἶναι
352 2789 508 2855 Υἱδς,
535 2790 716 2847 πάντα
741 2787 890 2844 ἔστιν
909 2789 1011 2843 ὅσα
1040 2788 1186 2844 ἐστὶν
1206 2789 1234 2843 6
1262 2788 1472 2860 Πατὴρ,
1496 2783 1640 2842 κατά
1662 2783 1762 2856 τὴν

184 2881 350 2937 αὐτοῦ
377 2882 563 2955 φωνὴν
587 2877 684 2938 τοῦ
711 2881 944 2955 Κυρίου,
967 2880 1238 2946 εἰπόντος’
1272 2899 1291 2932 ι
1311 2879 1498 2934 Πάντα
1523 2879 1625 2933 δσα
1647 2875 1762 2949 ἔχει

183 2973 214 3026 6
246 2974 467 3046 Πατὴρ,
497 2974 606 3046 ἰμά
639 2975 806 3028 ἐστιν.
827 2992 848 3027 ›
885 2971 977 3046 Τῷ
997 2972 1112 3028 όντι
1142 2972 1249 3045 γὰρ
1277 2971 1377 3045 τῆς
1406 2971 1616 3035 εἰκόνος
1643 2970 1765 3026 ἐστὶ

179 3065 369 3122 πάντα
393 3067 495 3122 ὃσα
521 3067 642 3122 tati.
669 3069 737 3141 τῇ
765 3065 1108 3140 πρωτοτύπῳ
1138 3067 1345 3138 μορφῇ.

1870 563 1926 619 in
1964 572 2132 631 terra,
2175 563 2336 620 nobis
2385 572 2572 618 tamen
2612 574 2758 617 unus
2809 555 2951 614 Deus
3002 555 3184 622 Pater,
3234 567 3299 610 ex
3342 569 3452 624 quo

1867 657 2079 722 omnia,
2105 650 2160 712 et
2207 669 2307 711 nos
2337 656 2393 711 in
2449 655 2604 711 illum
2643 669 2658 708 :
2693 659 2749 708 et
2777 664 2923 707 unus
2963 647 3126 704 Jesus
3163 646 3446 711 Christus,

1867 765 1964 822 per
1991 765 2152 822 quem
2176 748 2382 816 omnia,
2405 753 2459 803 et
2489 760 2591 801 nos
2629 759 2725 816 per
2754 743 2936 817 ipsum
2965 758 2980 795 :
3017 749 3072 797 et
3095 754 3242 796 unus
3273 737 3448 809 Spiri-

1866 852 1959 900 tus
1978 855 2222 910 sanctus,
2253 843 2309 898 in
2339 857 2448 914 quo
2472 838 2678 904 omnia,
2710 844 2766 894 et
2797 852 2900 894 nos
2931 851 2996 892 ex
3026 835 3169 905 ipso.
3202 852 3222 887 ι

1939 935 2203 1003 Basilius,
2231 934 2306 990 De
2328 935 2453 1006 ﬁde.
2479 964 2548 976 -—
2577 930 2849 988 Universa
2893 925 3259 1000 peragrando,
3293 933 3452 995 teque

1867 1033 2047 1106 ipsum
2088 1031 2422 1105 cogitatione
2479 1045 2648 1102 supra
2706 1042 2797 1085 res
2850 1024 3111 1094 conditas
3165 1020 3451 1094 crigendo,

1867 1134 2105 1184 mentem
2143 1124 2375 1181 ulterius
2397 1123 2676 1188 attollens,
2699 1121 2942 1177 divinam
2962 1123 3218 1175 naturam
3245 1113 3445 1185 cogita,

1867 1219 2144 1285 stabilem,
2195 1219 2265 1274 ab
2291 1218 2441 1274 omni
2483 1213 2810 1280 mutatione,
2844 1209 3207 1269 conversione
3244 1217 3296 1263 et
3330 1222 3454 1278 per—

1866 1312 2126 1386 pessione
2162 1317 2456 1375 remotam,
2504 1305 2829 1377 simplicem,
2861 1307 3145 1373 expertem
3170 1297 3450 1369 composi-

1865 1404 2035 1462 tionis
2071 1411 2125 1462 et
2156 1401 2488 1470 divisionis;
2539 1401 2722 1456 lumen
2769 1398 3136 1460 inaccessum,
3187 1391 3449 1450 virtutem

1865 1496 2311 1559 inenarrabilem,
2344 1493 2688 1549 indelinitam
2715 1485 3179 1557 magnitudinem,
3210 1481 3451 1554 gloriam

1865 1589 2007 1645 ultra
2041 1587 2264 1643 modum
2309 1583 2655 1646 rutilantem,
2707 1575 3072 1650 expetendam
3119 1571 3447 1635 bonitatem,

1863 1676 2332 1753 pulchritudinem
2394 1673 2729 1744 singularem
2761 1707 2781 1736 ,
2852 1680 3088 1740 quisque
3150 1661 3448 1721 sauciatam

1865 1771 2081 1845 quidem
2111 1768 2354 1825 animam
2383 1766 2740 1823 vehementer
2765 1757 3113 1832 perstringit,
3163 1754 3297 1826 quin
3350 1766 3450 1807 nec

1867 1865 2053 1922 verbis
2107 1863 2236 1918 ullis
2286 1874 2388 1932 pro
2435 1859 2702 1931 dignitate
2751 1853 2930 1926 possit
2978 1849 3269 1906 declarari.
3333 1845 3451 1899 Illic

1861 1956 2047 2025 Pater,
2095 1955 2210 2012 illic
2248 1953 2448 2021 Filius,
2492 1950 2606 2006 illic
2633 1946 2877 2020 Spiritus
2907 1953 3157 2008 sanctus,
3199 1940 3448 1996 incrcata

1864 2057 2084 2116 natura,
2113 2046 2304 2104 herilis
2335 2042 2661 2107 auctoritas,
2699 2039 2921 2096 bonitas
2954 2034 3252 2092 naturalis.
3285 2031 3449 2086 Pater

1862 2141 2109 2196 omnium
2135 2147 2219 2196 est
2246 2137 2426 2207 origo,
2452 2140 2507 2191 et
2536 2132 2816 2190 universis
2837 2145 2959 2202 qua:
2995 2136 3125 2186 sunt
3147 2124 3448 2183 exsistendi

1865 2245 2056 2296 causa,
2104 2243 2319 2285 necnon
2354 2226 2654 2284 viventium
2680 2223 2863 2292 radix,
2904 2222 3050 2279 unde
3083 2221 3287 2294 prodiit
3324 2217 3445 2273 fons

1867 2325 2018 2392 vitm,
2078 2321 2372 2396 sapientia,
2423 2318 2692 2391 potentia,
2750 2316 2936 2387 imago
2967 2327 3200 2386 prorsus
3252 2311 3448 2368 similis

1868 2416 2168 2474 invisibilis
2227 2413 2360 2480 Dei,
2419 2411 2592 2467 Filius
2629 2424 2698 2466 ex
2749 2405 2915 2464 Patre
2957 2406 3200 2478 genitus,
3259 2405 3447 2459 vivens

1867 2509 2131 2572 Verbum,
2162 2505 2257 2578 qui
2310 2503 2460 2561 Deus
2506 2511 2611 2569 est,
2659 2509 2715 2559 et
2761 2511 2846 2557 est
2889 2499 3034 2570 apud
3092 2497 3282 2562 Deum,
3333 2511 3442 2551 non

1867 2599 2236 2665 adventitius;
2265 2605 2392 2653 ante
2431 2595 2635 2652 saecula
2677 2594 2919 2667 genitus,
2950 2608 3056 2648 non
3091 2587 3443 2662 postmodum

1862 2693 2085 2749 tandem
2121 2689 2429 2762 acquisitus
2453 2704 2471 2756 ;
2493 2684 2690 2753 Filius,
2715 2700 2829 2742 non
2862 2682 3144 2756 possessio
3172 2678 3444 2752 quaedam,

1862 2783 2063 2849 Faster,
2117 2796 2232 2837 non
2279 2778 2554 2835 iactitium
2606 2776 2856 2850 aliquid;
2906 2782 3144 2839 creator,
3196 2784 3307 2828 non
3357 2785 3448 2826 res

1859 2887 2066 2940 creata,
2097 2871 2280 2928 omnia
2304 2885 2428 2945 quae
2449 2867 2613 2926 Pater
2635 2876 2741 2938 est,
2773 2868 3073 2925 exsistens.
3108 2863 3249 2930 Dixi,
3273 2861 3450 2919 Filius

1862 2978 1917 3028 et
1947 2967 2110 3024 Pater
2138 2984 2154 3023 :
2187 2964 2275 3022 l'ac
2305 2963 2442 3021 istas
2486 2962 2852 3034 proprietates
2892 2972 3101 3017 serves.
3142 2954 3446 3012 Filietatem

1860 3063 2029 3137 igitur
2062 3061 2329 3126 retinens,
2383 3063 2585 3114 cuncta
2624 3064 2708 3111 est
2750 3068 2875 3125 quae
2913 3050 3100 3119 Pater,
3130 3046 3446 3107 secundum

184 3162 480 3233 ipsammet
520 3159 735 3219 Domini
786 3176 1000 3228 vocem,
1029 3161 1125 3233 qui
1171 3160 1293 3216 ait:
1347 3177 1366 3212 ι
1403 3156 1598 3215 Omnia
1636 3171 1761 3232 qua
1796 3157 1961 3215 Pater
1987 3156 2152 3212 habet
2182 3168 2301 3210 mea
2335 3159 2465 3211 sunt
2493 3149 2675 3224 (Iaan.
2726 3163 2839 3216 xvi,
2872 3147 2987 3220 l5).
3033 3165 3055 3200 ι
3116 3145 3254 3203 Nam
3321 3158 3446 3217 pro-

183 3257 273 3313 cul
302 3256 475 3313 dubio
515 3257 768 3330 imaginis
813 3264 942 3315 sunt
989 3271 1055 3314 ea
1095 3257 1279 3314 omnia
1311 3270 1436 3328 quas
1482 3255 1758 3328 primariae
1793 3254 1986 3321 format
2021 3249 2378 3308 conveniunt.

253 3353 404 3409 Μίαν
433 3352 617 3426 φωνὴν
640 3353 739 3426 τὴν
767 3351 957 3424 αὐτὴν,
989 3350 1401 3425 καῖ’σύμφωνος
1430 3351 1753 3426 φθέγξομαι.

1934 3346 2092 3422 Greg.
2130 3346 2274 3403 Naz.
2335 3355 2475 3403 orat.
2539 3344 2626 3400 l3.
2657 3373 2729 3388 —-
2760 3340 2933 3399 Unam
2978 3340 3338 3412 eamdemque
3388 3347 3444 3396 et

184 3439 359 3520 Τριάς
401 3443 478 3510 ὡς
524 3441 741 3516 ἀληθῶς
772 3445 806 3515 ἡ
842 3442 1033 3516 Τριάς,
1071 3441 1328 3512 ἀδελφοί·
1363 3441 1536 3515 Τριάς
1574 3441 1654 3510 δὲ,
1699 3441 1763 3498 οὒ

181 3538 533 3612 πραγμάτων
553 3537 756 3594 ἀνίσων
781 3536 1182 3609 ἀπαρίθμησις,
1204 3533 1323 3593 ἀλλ’
1356 3536 1488 3591 ἴσων
1516 3536 1612 3591 καὶ
1635 3538 1767 3608 δμο-

182 3631 364 3703 τίμων
393 3629 690 3704 σύλληψις,
719 3630 948 3702 ἰνούσης
979 3632 1080 3702 τῆς
1111 3629 1487 3704 προσηγορίας
1520 3629 1592 3685 τά
1625 3630 1767 3704 ήνω-

187 3716 328 3788 μένα
355 3721 424 3774 εκ
452 3717 690 3790 φύσεως,
717 3720 812 3774 καί⁵
833 3720 936 3774 οὐκ
953 3716 1133 3791 ἐώσης
1159 3718 1523 3792 σκεδασθῆναι
1544 3719 1766 3794 ἀριθμῷ

181 3810 468 3886 λελυμένῳ
503 3811 574 3870 τὰ
605 3812 682 3887 μὴ
713 3811 971 3884 λυόμενα.

264 3991 439 4066 Ἦμῖν
466 3988 547 4059 εἷς
578 3993 711 4060 Θεδς
738 3993 768 4048 6
796 3992 1010 4066 Πατὴρ,
1041 3991 1102 4060 ἐξ
1127 3987 1188 4049 οῦ
1212 3992 1284 4048 τά
1311 3991 1522 4048 πάνταο
1554 3991 1651 4047 καὶ
1683 3986 1766 4058 εἷς

181 4083 213 4139 6
241 4083 402 4150 Υἱὸς,
435 4081 505 4139 δι’
539 4077 604 4138 οὗ
663 4083 735 4140 τά
768 4085 976 4140 πάντα·
1007 4085 1104 4140 καὶ
1148 4083 1210 4140 ἓν
1243 4084 1469 4158 Πνεῦμα
1498 4082 1676 4154 ἅγιον,
1707 4084 1766 4139 tv

180 4170 226 4246 ᾧ
254 4177 325 4234 τά
358 4179 560 4234 πάντα.

251 4357 394 4423 Θιδς
439 4355 538 4431 μιν
571 4357 695 4412 test
718 4356 780 4411 τδ
818 4355 1123 4429 ἀκρότατον
1150 4353 1248 4413 καὶ
1297 4355 1620 4428 ἀπρόσιτον,
1663 4357 1766 4414 καὶ

180 4449 430 4522 ἀῤῥητον
457 4446 597 4520 φῶς,
654 4448 783 4508 οὔτε
831 4445 912 4503 νοῒ
933 4446 1167 4516 ληπτὸν,
1209 4445 1334 4502 οὔτε
1381 4448 1526 4520 λόγῳ
1578 4449 1762 4521 ῥητὸν,

184 4539 374 4612 πάσης
396 4536 725 4610 φωτιστικδν
748 4535 976 4610 λογικῆς
998 4535 1241 4609 φύσεως⁸
1265 4536 1422 4593 τοῦτο
1452 4540 1511 4593 tv
1531 4541 1762 4612 νοητοῖς,

181 4630 324 4704 ὅπερ
353 4632 414 4686 ιν
443 4630 722 4703 αἰσθητοῖς
759 4630 789 4685 6
833 4628 1008 4703 ἣλιος.
1051 4630 1216 4685 Ὅσον
1245 4631 1312 4685 ἂν
1371 4617 1760 4702 καθαρώμεθα,

1863 3442 2084 3500 brevem
2114 3454 2303 3497 vocem
2330 3438 2583 3510 eloquar.
2613 3433 2860 3492 Trinitas
2901 3448 3030 3491 vere
3061 3431 3305 3490 Trinitas
3337 3440 3442 3501 est,

1865 3530 2089 3590 fratres.
2122 3528 2369 3587 Trinitas
2399 3542 2569 3602 porro
2597 3541 2708 3584 non
2751 3525 3055 3598 disparium
3087 3541 3276 3582 rerum
3303 3514 3446 3582 enué

1863 3623 2096 3682 meratlo
2118 3630 2223 3689 est,
2261 3621 2357 3679 sed
2389 3619 2704 3692 aequalium,
2731 3625 2785 3675 et
2820 3617 3084 3689 aqualem
3117 3615 3442 3689 dignitatem

1864 3716 2190 3775 habentium
2244 3714 2534 3780 collectio;
2592 3709 2870 3768 vocabulo
2916 3709 3181 3765 nimirum
3224 3723 3291 3766 ea
3346 3725 3446 3765 co-

1865 3811 2112 3883 putante,
2146 3822 2268 3888 quae
2293 3816 2491 3870 natura
2516 3810 2649 3862 sunt
2673 3802 2952 3874 copulata,
2983 3815 3087 3858 nec
3115 3817 3212 3874 per
3238 3801 3443 3858 ﬂuxum

1866 3915 2158 3958 numerum
2187 3914 2252 3956 ea
2291 3898 2461 3956 dilabi
2496 3897 2736 3963 sinente,
2777 3909 2900 3966 qua:
2942 3894 3083 3951 solvi
3137 3901 3444 3966 nequeant.

1940 3993 2096 4049 Orat.
2136 3992 2190 4047 in
2219 3989 2322 4049 SS.
2348 3989 2601 4046 Lumina.
2624 4017 2698 4031 —
2723 3985 2894 4044 Nobis
2919 4003 3064 4044 unus
3083 3985 3229 4043 Deus
3257 3986 3440 4054 Pater,

1865 4102 1930 4144 ex
1956 4101 2066 4158 quo
2094 4086 2313 4152 omnia;
2354 4091 2409 4139 et
2448 4098 2594 4141 unus
2639 4080 2907 4138 Dominus
2950 4078 3114 4137 Jesus
3162 4079 3440 4147 Christus,

1867 4193 1963 4248 per
1993 4191 2156 4248 quem
2182 4175 2367 4231 omnia
2395 4191 2411 4243 ;
2449 4183 2500 4231 et
2532 4189 2678 4233 unus
2712 4173 2951 4245 Spiritus
2977 4182 3222 4240 sanctus,
3251 4173 3307 4228 in
3331 4187 3442 4243 quo

1865 4268 2071 4324 omnia.

1939 4358 2095 4416 Orat.
2124 4360 2179 4415 in
2211 4357 2272 4415 S.
2309 4357 2541 4428 Baptist.
2565 4356 2795 4414 --Deus
2825 4357 3012 4413 lumen
3051 4370 3327 4412 summum
3359 4364 3443 4411 est

1865 4462 1921 4510 et
1961 4452 2326 4518 inaccessum,
2359 4450 2505 4521 quod
2539 4448 2704 4521 299
2730 4463 2833 4505 nec
2859 4456 3042 4505 mente
3075 4448 3305 4520 percipi,
3338 4462 3440 4504 nec

1869 4545 2058 4602 verbis
2088 4542 2353 4614 explicari
2385 4551 2602 4614 potest;
2643 4551 2896 4598 naturam
2942 4557 3161 4598 omnem
3202 4541 3442 4597 rationa-

1869 4638 1974 4694 lem
2029 4637 2367 4694 illuminans.
2398 4634 2552 4704 Quod
2591 4636 2674 4693 sol
2725 4637 2782 4691 in
2841 4635 3141 4692 sensilibus
3181 4643 3287 4700 est,
3333 4635 3438 4690 hoc

184 4723 618 4799 φανταζόμενον,
664 4722 758 4779 καὶ
784 4723 909 4778 ὅσον
962 4721 1028 4776 ἂν
1073 4721 1494 4794 φαπασθῶμεν,
1536 4724 1764 4795 ἀγαπώ-

1871 4730 1960 4787 ille
1986 4731 2038 4785 in
2063 4728 2558 4794 intellectualibus;
2587 4743 2654 4785 eo
2675 4743 2735 4784 se
2754 4731 2928 4801 magis
2955 4726 3436 4799 contemplandum

187 4833 376 4886 μενον,
408 4816 504 4870 καὶ
541 4812 667 4871 ὅσον
700 4813 767 4871 ἀν
811 4815 1211 4886 ἀγαπήσωμεν,
1243 4810 1401 4880 αὖθις
1433 4816 1723 4888 νοούμενον
1746 4834 1759 4849 ’

185 4907 324 4964 αὐτὸ
353 4908 552 4963 ἑαυτοῦ
582 4908 918 4981 θεωρητικόν
945 4925 1004 4962 τε
1028 4906 1123 4963 καί
1146 4908 1582 4979 καταληπτικόν·
1608 4909 1765 4980 όλίγα

182 5003 301 5067 τοῖς
323 5000 435 5070 ἔξω
459 5001 743 5074 χεόμενον.

245 5273 434 5345 Ὅπερ
464 5269 616 5328 ἐστὶν
638 5275 752 5340 τοῖς
774 5273 1050 5345 αἰσθητοῖς
1063 5273 1236 5348 ἥλιος,
1251 5276 1410 5332 τοῦτο
1425 5280 1537 5349 τοῖς
1558 5282 1770 5354 νοητοῖς

185 5358 348 5424 Θιός.
372 5357 436 5411 ⁸0
465 5362 564 5432 μὲν
594 5358 703 5434 γάρ
724 5361 816 5416 τὸν
851 5362 1130 5434 δρώμενον
1159 5365 1383 5437 φωτίζει
1404 5366 1626 5440 κόσμον,
1654 5371 1682 5425 6
1707 5369 1767 5425 δὲ

183 5451 280 5506 τὸν
294 5449 554 5524 ἀόρατον.
566 5453 676 5508 Καὶ
688 5457 714 5508 6
732 5452 834 5525 μὲν
847 5455 948 5519 τὰς
964 5457 1394 5530 σωματικὰς.δψε
1402 5477 1448 5524 ις
1463 5461 1764 5532 ήλιοειδεῖς,

183 5546 217 5598 6
238 5541 301 5598 δδ
331 5541 438 5608 τὰς
471 5543 667 5617 νοεράς
696 5544 888 5615 φύσεις
925 5546 1179 5612 θεοειδεῖς
1214 5549 1609 5621 ἀπεργάζεται.
1653 5552 1766 5608 Καὶ

181 5635 384 5708 ὥσπερ
415 5630 568 5703 οὗτος
597 5639 712 5703 τοῖς
732 5655 792 5693 τε
815 5638 1008 5711 δρῶσι,
1032 5641 1130 5695 καὶ
1165 5642 1279 5705 τοῖς
1306 5642 1625 5717 δρωμένοις,
1653 5649 1766 5711 τοῖς

184 5730 294 5800 μὲν
318 5729 427 5802 τὴν
450 5730 543 5785 τοῦ
567 5730 724 5804 όρᾷν,
752 5732 865 5797 τοῖς
895 5731 954 5786 δὲ
984 5732 1085 5803 τὴν
1111 5733 1204 5788 τοῦ
1232 5735 1466 5806 δρᾶσθαι
1501 5737 1761 5810 παρέχων

184 5822 452 5892 δύναμιν,
483 5821 647 5885 αὐτός
690 5822 800 5878 τῶν
830 5823 1122 5896 δρωμένων
1166 5827 1286 5883 tesi
1329 5827 1391 5883 τὸ
1433 5827 1753 5887 κάλλιστον’

1869 4823 2140 4895 praebens,
2173 4836 2283 4894 quo
2311 4821 2520 4893 puriori
2554 4820 2737 4876 animo
2765 4835 2999 4888 sumus;
3045 4828 3102 4878 et
3142 4835 3208 4875 eo
3247 4835 3440 4876 rursus

1868 4914 2164 4971 amandum
2217 4914 2413 4984 magis.
2460 4927 2572 4984 quo
2627 4912 2891 4968 attentius
2929 4927 3054 4968 eum
3094 4914 3438 4983 contempla-

1871 5023 2029 5075 mur;
2057 5015 2112 5063 et
2131 5021 2198 5062 eo
2225 5007 2458 5076 denique
2484 5003 2658 5076 magis
2673 5005 3047 5077 cognoscitur,
3065 5021 3178 5076 quo
3203 5007 3440 5076 amplius

1871 5099 2049 5170 ipsum
2073 5113 2324 5154 amamus
2349 5117 2361 5154 :
2387 5098 2504 5169 ipse
2524 5114 2581 5154 se
2599 5099 2983 5169 speculaturet
3002 5096 3438 5168 comprehendit,

1870 5200 1926 5248 et
1965 5191 2256 5262 perexigue
2277 5190 2344 5246 ad
2374 5199 2603 5246 externa
2633 5188 2985 5245 diﬁunditur.

1941 5282 2093 5338 Orat.
2116 5283 2169 5337 in
2194 5280 2254 5338 S.
2279 5282 2474 5338 Athan.
2497 5311 2570 5323 —
2597 5281 2753 5348 Quod
2783 5280 3141 5337 sensibilibus
3168 5282 3332 5338 rebus
3356 5291 3435 5338 est

1867 5377 1952 5432 sol
1982 5385 2190 5441 noster,
2235 5376 2338 5431 hoc
2390 5373 2533 5431 Deus
2565 5382 2649 5432 est
2692 5375 2759 5430 iis
2794 5391 2919 5445 qua:
2971 5381 3154 5430 mente
3209 5374 3435 5446 praedita

1865 5474 2014 5524 sunt.
2057 5468 2156 5523 Ille
2198 5468 2346 5523 enim
2378 5466 2646 5523 mundum
2700 5466 2848 5522 hunc
2900 5465 3289 5537 aspectabilem
3323 5468 3435 5522 colo

1867 5561 2106 5629 lustrat;
2162 5560 2252 5616 hic
2299 5560 2650 5616 invisibilem.
2706 5558 2805 5615 ille
2834 5557 3089 5629 corporis
3123 5558 3318 5614 oculos
3361 5557 3434 5613 ita

1869 5655 2052 5718 allicit,
2083 5663 2142 5708 ut
2170 5653 2304 5710 solis
2334 5653 2568 5723 speciem
2601 5652 2843 5708 referant
2873 5671 2889 5709 :
2923 5652 3012 5708 hic
3060 5660 3273 5707 mentes
3317 5651 3433 5706 dei-

1865 5743 2069 5798 formes
2102 5743 2250 5798 facit.
2275 5742 2454 5814 Atque
2482 5754 2538 5800 ut
2580 5743 2693 5809 ille,
2721 5749 2832 5798 tam
2862 5742 2932 5800 iis
2971 5743 3174 5815 quibus
3215 5743 3430 5797 vivendi

1861 5831 2095 5889 facultas
2145 5833 2301 5891 adest
2347 5849 2511 5901 quam
2549 5833 2617 5891 iis
2663 5849 2786 5901 qua:
2818 5833 3093 5900 videntur,
3141 5833 3284 5889 hanc
3323 5832 3430 5887 vim
