3970 6294
529 344 666 408 1079

1656 332 1716 390 S.
1759 326 2078 392 JOANNIS
2117 322 2548 386 DAMASCENI

3651 315 3782 384 1080

519 463 718 533 ipsius,
750 470 807 515 ut
838 460 888 514 ei
923 457 1162 522 libuerit,
1197 455 1353 525 301
1389 453 1471 507 sic
1528 451 1692 504 homo
1745 447 1799 502 in
1846 460 2011 500 manu
2041 443 2101 499 il—

2238 443 2454 499 ὐδοκίαν
2484 438 2675 510 αὐτοῦ,
2710 438 2885 506 οὕτως
2907 437 3197 512 ἄνθρωπος
3230 435 3290 491 ἒν
3312 433 3462 508 χειρὶ
3491 433 3589 489 τοῦ
3624 436 3782 506 ποιή-

523 555 638 614 lius
668 551 760 626 qui
792 567 853 608 se
888 550 1038 615 fecit,
1086 555 1147 603 ut
1189 546 1384 602 reddat
1435 541 1568 598 illud
1615 538 1915 598 secundum
1953 534 2103 608 judi-

526 649 696 704 cium.
735 662 755 697 ι

599 736 887 819 Ijiccliav,
924 732 1015 790 19.
1076 747 1192 783 --¢
1254 726 1421 783 Multa
1503 732 1589 782 est
1639 721 1909 796 sapientia
1966 716 2100 776 Dei-

527 812 688 885 fortis
727 834 812 884 est
853 827 911 882 in
939 823 1182 895 potentia
1218 838 1236 878 :
1275 819 1474 874 videns
1527 830 1724 872 omnes
1758 813 1881 872 sine
1935 812 2107 868 inter-

525 918 834 975 missione:
886 921 945 972 et
974 913 1097 988 ipse
1146 918 1410 984 agnoscet
1468 922 1689 966 omnem
1743 920 1968 979 operam
2001 904 2107 958 hoc

524 1011 715 1071 minis.
757 1027 782 1063 ι

596 1099 763 1157 Hebr.
797 1115 872 1166 iv,
937 1095 1026 1166 12,
1081 1096 1173 1155 13.
1199 1125 1271 1140 --
1296 1113 1317 1149 ι
1353 1093 1530 1151 Vivus
1561 1100 1651 1150 est
1694 1104 1880 1149 sermo
1919 1085 2013 1144 Dei
2048 1093 2105 1142 et

524 1194 740 1258 edicax,
793 1200 850 1247 ct
905 1186 1303 1263 penetrabilior
1337 1186 1488 1243 omni
1531 1181 1717 1257 gladio
1768 1178 2015 1251 ancipiti,
2047 1184 2103 1234 ct

525 1285 848 1356 pertingens
876 1297 1055 1353 usque
1094 1283 1162 1336 ad
1217 1279 1546 1337 divisionem
1604 1277 1803 1332 anima:
1835 1282 1888 1329 et
1941 1272 2106 1343 spiri-

526 1387 639 1439 tus,
687 1391 1016 1448 compagum
1077 1389 1324 1446 quoque.
1369 1381 1425 1427 et
1468 1369 1859 1433 medullarum,
1910 1373 1966 1420 et
2015 1363 2103 1419 di-

520 1478 755 1537 scretor,
796 1467 1190 1540 cogitationum
1223 1464 1430 1520 cordis.
1484 1463 1550 1517 Et
1586 1478 1695 1516 non
1731 1472 1817 1516 est
1844 1463 2104 1514 creatura

526 1560 824 1617 invisibilis
879 1573 1065 1615 coram
1134 1559 1308 1628 ipso:
1372 1554 1554 1611 omnia
1606 1562 1789 1608 autem
1843 1550 1990 1606 nuda
2050 1559 2106 1604 et

527 1661 720 1724 aperta
747 1651 928 1708 oculis
959 1652 1103 1722 ejus,
1146 1649 1214 1704 ad
1246 1663 1409 1720 quem
1444 1647 1609 1703 nobis
1647 1655 1730 1702 est
1765 1660 1967 1701 sermo.
2006 1662 2025 1696 i

2209 554 2402 601 σαντος
2433 535 2620 603 αὑτὸν,
2647 533 2940 592 ἀποδοῦναι
2973 531 3124 604 αὐτῷ
3153 528 3298 586 κατὰ
3324 529 3533 603 κρίσιν.
3559 546 3579 580 ι

2282 732 2303 766 ι
2332 710 2509 783 Πολλὴ
2557 714 2592 782 ἡ
2658 710 2821 782 σοφία
2857 707 3055 766 αὐτοῦ’
3093 704 3316 780 ἰσχυρὸς
3361 704 3420 759 ἒν
3462 703 3774 774 δυναστείᾳ,

2208 803 2427 878 βλέπων
2456 803 2525 859 τὰ
2549 802 2754 870 πάντα,
2782 801 2881 857 καὶ
2900 799 3064 866 αὐτὸς
3086 799 3459 869 ἐπιγνώσεται
3483 798 3593 852 πᾶν
3620 795 3783 868 ἔργον

2206 896 2521 972 ἀνθρώπου.
2564 915 2587 952 ι

2282 1126 2304 1159 ι
2341 1105 2461 1162 Ζῶν
2484 1107 2515 1161 6
2541 1104 2702 1174 λόγος
2733 1101 2830 1160 τοῦ
2857 1102 2997 1158 Θεοῦ
3015 1144 3032 1170 ,
3067 1102 3162 1161 καὶ
3186 1101 3440 1176 ἑνεργὴςι
3472 1098 3788 1174 τομώτερος

2207 1200 2352 1274 ὑπὲρ
2387 1202 2571 1254 πᾶσαν
2609 1198 2887 1270 μάχαιραν
2939 1197 3219 1268 δίστομον,
3267 1195 3366 1250 καί
3409 1193 3792 1263 διῖκνοὺμενος

2208 1297 2337 1367 ἄχρι
2369 1292 2640 1367 μερισμοῦ
2675 1291 2854 1363 ψυχῆς
2888 1291 2980 1344 καὶ
3011 1287 3349 1361 πνεύματος,
3384 1286 3579 1361 ἁρμῶν
3606 1301 3670 1340 τε
3697 1285 3794 1339 καὶ

2214 1388 2448 1462 μυελῶν,
2471 1388 2567 1442 καὶ
2596 1386 2844 1459 κριτικὸς
2864 1383 3218 1456 ἐνθυμήσεων
3255 1381 3514 1455 καρδίας.
3545 1379 3660 1433 Καὶ
3691 1376 3793 1430 οὐκ

2211 1483 2328 1538 ἐστι
2363 1482 2542 1546 κτίσις
2571 1479 2784 1553 ἀφανὴς
2804 1475 3034 1532 ἐνώπιον
3060 1473 3230 1530 αὐτοῦ
3253 1491 3269 1506 ·
3302 1473 3484 1528 πάντα
3518 1471 3577 1524 δὲ
3608 1469 3794 1540 γυμνὰ

2213 1580 2307 1634 καὶ
2336 1576 2809 1650 τετραχηλισμένα
2840 1575 2957 1638 τοῖς
3001 1571 3304 1644 ὀφθαλμοῖς
3332 1567 3524 1634 αὐτοῦ,
3559 1565 3701 1639 πρὸς
3735 1564 3793 1617 ὃν

2209 1677 2344 1747 ἡμῖν
2371 1677 2400 1729 6
2422 1672 2600 1743 λόγος.
2642 1691 2661 1723 ι

599 1745 770 1801 ΒαείΙ.
830 1745 886 1800 in
937 1741 1073 1797 "ex.
1101 1741 1195 1798 lib.
1232 1757 1330 1797 vn.
1362 1769 1432 1782 -—-
1460 1757 1478 1790 ι
1527 1737 1675 1792 Nihil
1705 1747 1864 1793 extra
1908 1733 2102 1790 Pravis

643 1839 678 1856 ,ο
759 1855 766 1856 ,
821 1853 831 1856 -
876 1847 892 1856 .
988 1836 1125 1856 -ειμει
1168 1851 1187 1856 -
1228 1835 1331 1856 h--
1365 1833 1672 1856 _-..I-..u......
1742 1826 1935 1856 Ληκηξιι
1974 1840 2072 1856 ...Α-

2238 1733 2264 1747 ”
2288 1766 2457 1823 Οὐδὲν
2481 1733 2840 1839 ἀπρονόητον,
2872 1761 3026 1816 οὐδὲν
3055 1759 3328 1832 ἀμέλητον
3356 1754 3616 1830 nepam?)
3647 1752 3795 1825 Θεῷ.

528 1839 776 1897 dentiam
810 1847 897 1896 est
929 1856 945 1894 :
988 1836 1126 1892 nihil
1165 1851 1195 1889 a
1227 1835 1336 1891 Deo
1365 1833 1698 1904 neglectum.
1742 1826 1938 1885 Omnia
1974 1840 2102 1901 pcr-

526 1934 662 2005 vigil
705 1932 798 1988 ille
839 1931 1034 1987 oculus
1079 1927 1364 1984 intuetur:
1419 1923 1680 1982 omnibus
1739 1929 1942 1994 praesto
1996 1928 2104 1986 est,

528 2028 760 2084 salutem
798 2023 1099 2094 unicuique
1147 2018 1598 2075 subministrans.
1651 2013 1708 2068 Si
1746 2013 2106 2069 herinaceum

528 2119 675 2176 Deus
719 2133 750 2173 a
787 2131 886 2173 sua
919 2111 1268 2188 providentia
1309 2125 1417 2165 non
1455 2106 1719 2172 excludit,
1764 2121 1832 2160 an
1863 2113 1956 2161 tua
1992 2119 2106 2162 non

528 2211 898 2284 inspectabit?
1683 2215 1688 2218 ·

602 2305 794 2378 Ejusd.
853 2306 910 2360 in
955 2301 1068 2359 Isa.
1101 2329 1172 2343 —
1216 2298 1365 2354 Nihil
1432 2296 1538 2368 ipsi
1596 2293 1888 2365 praeteriit,
1967 2289 2108 2346 nihil

529 2399 642 2473 ipsi
692 2398 940 2454 futurum
991 2406 1109 2463 est;
1169 2392 1266 2451 sed
1296 2389 1590 2464 praesentia
1622 2387 1808 2444 omnia
1853 2391 2019 2450 sunt;
2053 2389 2110 2438 et

528 2506 655 2564 qua
695 2505 726 2546 a
774 2489 934 2547 nobis
981 2488 1143 2560 longe
1192 2493 1320 2546 ante
1395 2487 1802 2552 exspectantur,
1844 2491 1946 2534 ceu
1993 2475 2108 2548 jam

531 2581 857 2657 praesentia,
885 2594 917 2634 a
945 2578 1132 2637 divino
1171 2576 1334 2632 oculo
1374 2572 1806 2646 perspiciuntur.

602 2675 710 2744 Qui
742 2672 950 2746 ubique
977 2679 1083 2738 est,
1120 2669 1269 2726 nulla
1309 2674 1462 2740 parte
1494 2663 1750 2738 privatim
1781 2660 2110 2734 percipitur,

533 2777 596 2826 ut
624 2769 718 2840 qui
751 2767 1070 2824 universum
1099 2779 1253 2835 :equc
1287 2760 1718 2832 complectatur.
1906 2749 1915 2758 ”

603 2861 802 2919 [remi
839 2860 932 2915 lib.
976 2875 1055 2916 iv.
1107 2873 1230 2929 cap.
1267 2857 1321 2912 8.
1361 2885 1426 2896 --
1507 2852 1650 2908 Deus
1717 2851 1907 2908 omnia
1957 2864 2114 2906 men-

535 2972 666 3016 sua
697 2963 865 3027 atque
900 2953 1096 3011 ordine
1139 2950 1314 3006 facit:
1367 2964 1546 3020 neque
1584 2945 1726 3018 apud
1775 2947 1956 3017 ipsum
2014 2944 2117 3000 ali-

536 3049 668 3122 quid
696 3049 840 3105 ultra
886 3058 1202 3102 mensuram
1232 3052 1338 3108 est,
1385 3041 1648 3113 quoniam
1684 3038 1823 3095 nihil
1855 3038 1973 3094 sine
2001 3054 2113 3093 nu-

534 3157 687 3200 mero
716 3147 824 3198 est.

603 3230 930 3311 Didymi.“
961 3233 1149 3291 Solius
1200 3229 1510 3289 divinitatis
1552 3237 1638 3285 est
1682 3225 1854 3282 animi
1897 3223 2110 3297 cogita-

539 3333 743 3388 tionem
777 3327 1008 3386 intueri.

612 3423 871 3481 Philonis.
895 3451 966 3466 -—
986 3419 1184 3476 Omnia
1221 3416 1369 3472 Dens
1425 3413 1695 3486 implevit,
1725 3420 1892 3483 atque
1923 3411 2113 3467 omnia

538 3517 782 3592 pervasit
815 3532 827 3568 :
861 3526 965 3568 nec
995 3509 1297 3582 quidquam
1325 3506 1487 3561 inane
1515 3514 1677 3574 atque
1699 3511 1965 3559 remotum
1996 3515 2026 3555 a
2056 3516 2115 3557 se

541 3607 824 3681 relinquit.
855 3604 1095 3674 Ecquem
1132 3600 1278 3656 enim
1324 3597 1510 3653 locum
1552 3596 1848 3666 quisquam
1898 3600 2106 3658 teneat,

539 3724 568 3756 ιι
603 3717 712 3775 quo
741 3699 888 3755 Deus
915 3693 1091 3752 absit?
1126 3692 1259 3746 Nam
1285 3701 1413 3745 ante
1438 3704 1526 3746 res
1560 3703 1751 3744 omnes
1777 3702 1897 3757 quae
1919 3694 2116 3741 creatae

543 3806 694 3863 sunt,
747 3794 890 3851 Deus
921 3799 1025 3853 est,
1063 3793 1117 3842 et
1151 3784 1357 3854 ubique
1394 3781 1687 3854 reperitur.
1742 3780 2002 3836 Nefarius
2033 3785 2116 3832 at-

543 3904 648 3962 que
680 3886 883 3957 impius
939 3888 1045 3944 est,
1102 3875 1364 3948 quisquis
1412 3891 1441 3929 a
1477 3875 1666 3929 divino
1712 3873 1876 3929 oculo
1907 3869 2116 3943 aliquid

542 3979 746 4056 negligi
773 3984 950 4056 putat.

543 4121 651 4175 Tit.
677 4118 771 4174 lll.
825 4144 901 4159 --
949 4113 1106 4182 Quod
1137 4112 1276 4168 Deus
1326 4109 1596 4182 ipsiusque
1668 4120 1825 4182 opera
1883 4116 2118 4182 compre-

612 4171 767 4246 hendi
815 4205 920 4242 non
954 4171 1204 4254 "possint,
1259 4171 1358 4237 πεδ’
1400 4171 1743 4254 inquirenda,
1791 4171 2117 4228 curiosiusve

607 4251 994 4331 perscrutanda
1019 4257 1124 4312 sint
1155 4268 1357 4309 arcana
1394 4251 1565 4304 illius.

617 4374 790 4430 Exod.
824 4384 1020 4438 xum,
1047 4369 1140 4425 ‘20.
1167 4397 1238 4412 —-
1262 4385 1282 4419 ι
1351 4364 1494 4419 Dixit
1545 4361 1812 4417 Dominus
1858 4359 1924 4415 ad
1959 4358 2116 4430 Moy-

543 4488 638 4527 sen
671 4469 827 4525 :l\'on
863 4465 1069 4536 poteris
1115 4463 1305 4518 videre
1347 4457 1543 4513 faciem
1585 4468 1788 4511 meam.
1813 4451 1933 4508 Non
1965 4451 2111 4505 enim

542 4564 751 4620 videbit
783 4573 870 4616 me
901 4560 1089 4624 homo,
1126 4564 1179 4611 et
1208 4553 1376 4610 vivet.
1421 4570 1438 4602 ι

610 4654 768 4710 Pul.
797 4665 1067 4713 cnxvm,
1098 4645 1154 4702 6.
1181 4674 1251 4686 -
1276 4661 1294 4694 ι
1329 4638 1593 4696 Mirabilis
1641 4635 1784 4691 facta
1816 4641 1900 4689 cst
1930 4631 2114 4688 scien-

543 4750 618 4802 tia
650 4754 741 4800 tua
780 4759 848 4799 ex
886 4757 972 4797 me
1004 4757 1020 4793 :
1066 4735 1380 4794 confortata
1430 4741 1536 4798 est,
1586 4735 1640 4785 et
1680 4741 1791 4782 non
1821 4732 2013 4797 potero
2046 4721 2112 4778 ad

576 4853 680 4891 am.
722 4855 740 4887 ι

576 4855 601 4891 a
641 4855 680 4891 ι.
722 4855 740 4887 ι

540 4856 571 4893 e
611 4855 786 4982 ἓεειε.
820 4944 858 4991 ι,
894 4923 983 4977 18.
1014 4946 1070 4963 -ι
1105 4938 1124 4972 ι
1163 4916 1268 4985 Qui
1303 4914 1454 4971 addit
1486 4911 1803 4976 scientiam,
1836 4908 1987 4965 addit
2015 4908 2115 4964 do-

539 5025 734 5079 lorem.
776 5037 793 5070 ι

609 5115 728 5170 Ιεα.
755 5112 854 5174 τι,
889 5108 977 5173 l8,
1010 5106 1098 5161 l9.
1124 5133 1194 5144 ——
1221 5123 1239 5155 ι
1268 5100 1366 5155 Cui
1405 5098 1642 5155 similem
1681 5095 1890 5152 fecistis
1927 5093 2115 5148 Domi-

539 5205 713 5264 num?
744 5212 844 5258 "aut
875 5199 972 5255 cui
1010 5191 1365 5252 similitudini
1397 5189 1748 5246 assimilastis
1777 5187 1937 5244 eum?
1961 5185 2111 5241 Nun-

539 5300 674 5372 quid
730 5294 1024 5366 imaginem
1076 5287 1207 5345 fecit
1261 5285 1443 5347 faber.
1493 5293 1589 5338 aut
1643 5281 1858 5337 aurifex
1916 5295 2110 5335 aurum

539 5370 811 5451 conﬂant.
866 5397 1005 5440 auro
1057 5377 1290 5436 obduxit
1344 5390 1508 5441 eam,
1563 5381 1655 5429 aut
1691 5370 2110 5428 similitudinem

537 5485 658 5553 ejus
692 5473 1019 5536 fabricavit?
1057 5491 1074 5524 ι

609 5573 810 5627 Jerem.
840 5579 897 5636 ε,
946 5566 1033 5620 M.
1074 5582 1094 5616 ι
1143 5561 1358 5617 Stultus
1408 5559 1586 5614 factus
1613 5564 1698 5611 est
1735 5554 1916 5609 omnis
1948 5551 2111 5606 homo

539 5686 567 5722 a
602 5664 852 5724 scientia.
891 5681 909 5712 ι
1402 5724 1411 5735 ἱ

611 5762 738 5828 Sap.
772 5772 848 5819 ix,
878 5750 1064 5808 lli-l6.
1091 5780 1160 5789 —
1206 5766 1224 5799 ι
1282 5743 1655 5816 Cogitationes
1689 5739 2005 5794 mortalium
2039 5739 2108 5792 ti-

541 5853 698 5911 mida:
729 5845 1082 5921 providentia:
1121 5850 1344 5898 nostra.
1371 5836 1596 5892 Diﬂicilc
1619 5833 1955 5890 aestimamus
1987 5846 2106 5902 quae

2211 1862 2399 1918 Πάντα
2440 1859 2702 1914 σκοπεύει
2738 1859 2765 1912 ὁ
2798 1854 3099 1926 ἀκοίμητος
3129 1851 3410 1924 ὀφθαλμός
3431 1867 3448 1883 ο
3483 1851 3615 1904 πᾶσι
3651 1848 3798 1917 πάρ-

2208 1973 2380 2022 εστιν,
2418 1954 2724 2024 ἐκπορίζων
2767 1950 2984 2020 ἑκάστῳ
3026 1947 3128 2020 τὴν
3165 1945 3466 2017 σωτηρίαν.
3509 1943 3574 1997 Et
3609 1941 3797 2013 ἔχινον

2210 2050 2316 2116 ἔξω
2346 2047 2450 2120 τῆς
2497 2045 2664 2104 αὑτοῦ
2701 2044 3009 2116 ἐπισκοπῆς
3029 2045 3057 2098 6
3085 2041 3224 2107 Θεὸς
3254 2040 3358 2095 οὐκ
3389 2037 3593 2110 ἀφῆκε,
3625 2035 3705 2090 τὰ
3729 2034 3800 2088 σὰ

2209 2143 2311 2199 οὐκ
2338 2143 2668 2205 ἔπισκοπεῖς

2283 2321 2450 2378 οὐδὲν
2474 2320 2638 2376 αὐτὸν
2671 2317 2972 2394 παρῆλθεν,
3016 2315 3139 2371 οὐδὲ
3195 2311 3404 2386 μέλλει,
3428 2306 3564 2364 ἀλλά
3609 2305 3800 2361 πάντα

2213 2416 2496 2489 ἐνέστηκε,
2526 2415 2623 2471 καὶ
2649 2414 2718 2469 τὰ
2740 2412 3028 2487 πόρρωθεν
3077 2411 3214 2482 ἡμῖν
3245 2399 3679 2479 προσδοκώμενα
3723 2400 3803 2464 ὡς

2212 2511 2316 2586 ήδη
2353 2510 2600 2585 παρόντα
2627 2509 2736 2564 ὑπὸ
2762 2507 2856 2563 τοῦ
2886 2506 3030 2562 θείου
3056 2499 3338 2575 ὀφθαλμοῦ
3366 2497 3703 2570 καθορᾶται.

2294 2690 2355 2746 ’0
2380 2684 2659 2759 πανταχοῦ
2688 2685 2765 2741 ὥν
2796 2680 2921 2740 κατ’
2948 2683 3103 2739 οὐδὲν
3140 2682 3307 2756 μέρος
3344 2676 3667 2743 ἰδιαζόντως
3693 2690 3799 2730 κι-

2214 2782 2652 2856 ταλαμϐἁνεται,
2687 2779 2886 2851 ἐπίσης
2916 2777 3189 2851 περιέχων
3215 2774 3277 2829 τὸ
3303 2774 3433 2828 πᾶν.

2288 2875 2545 2933 ’Λπαντα
2571 2874 2759 2949 μέτρῳ
2782 2873 2883 2928 καὶ
2905 2869 3057 2938 τάξει
3094 2871 3240 2926 ποιεί
3266 2870 3295 2923 6
3317 2866 3472 2930 Θεὸς,
3507 2863 3604 2919 καὶ
3635 2861 3806 2919 οὐδὲν

2215 2972 2458 3043 ἄμετρον
2491 2966 2626 3040 παρ’
2648 2963 2819 3038 αὐτῷ,
2845 2965 2930 3019 ὅτι
2975 2960 3145 3036 μηδὲν
3172 2956 3566 3034 ἀναρίθμητον.

2291 3239 2479 3310 Μόνης
2511 3235 2612 3310 τῆς
2644 3230 2900 3306 θεότητός
2921 3232 3041 3286 ἐστι
3068 3224 3132 3285 τὸ
3147 3227 3247 3300 τῆς
3279 3223 3517 3288 διανοίας
3547 3221 3693 3295 ὀρᾷν

2285 3418 2474 3474 Πάντα
2501 3413 2864 3485 πεπλήρωκεν
2900 3409 2929 3462 6
2952 3407 3104 3472 Θεὸς,
3138 3405 3232 3461 καὶ
3265 3403 3354 3459 διὰ
3380 3401 3600 3457 πάντων
3628 3400 3800 3470 διῆλ-

2217 3511 2332 3576 θεν,
2353 3510 2450 3565 καὶ
2479 3507 2637 3563 κενὸν
2659 3505 2834 3572 οὐδὲν,
2861 3502 2983 3558 οὐδὲ
3001 3500 3099 3574 ερη
3109 3516 3206 3572 μον
3224 3495 3584 3552 ἀπολέλοιπεν
3601 3490 3801 3545 αὐτοῦ.

2217 3605 2378 3658 Ποῖον
2407 3600 2517 3672 γάρ
2545 3617 2626 3663 τις
2658 3597 2824 3652 τόπον
2865 3595 3093 3665 ἐφέξει,
3119 3593 3177 3647 ὲν
3201 3581 3246 3658 ᾧ
3275 3590 3378 3660 οὐχ
3399 3587 3428 3641 6
3455 3584 3589 3649 Θεός
3636 3585 3805 3650 ter-rt;

2217 3695 2333 3768 Πρὸ
2368 3695 2480 3765 γὰρ
2507 3684 2970 3758 παντὸςγενητοῦ
3003 3685 3032 3738 6
3076 3682 3210 3747 Θεός
3232 3682 3371 3747 ἐστι,
3409 3679 3504 3732 καὶ
3540 3675 3805 3749 εὑρίσκε-

2217 3810 2307 3848 ται
2337 3788 2638 3860 πανταχοῦ.
2675 3786 2987 3856 Ἐκθεσμος
3026 3780 3178 3844 ἄπας
3208 3778 3306 3834 καὶ
3339 3775 3598 3846 ἔκφυλος,
3630 3774 3664 3826 6
3712 3772 3808 3826 τὸν

2215 3880 2312 3936 τοῦ
2343 3877 2480 3933 Θεοῦ
2507 3875 2788 3949 ὀφθαλμὸν
2815 3871 3063 3945 οἰόμενός
3087 3888 3142 3925 τι
3168 3868 3440 3942 παρορᾷν.

2195 4105 2424 4165 Τίτλ.Γ’.
2447 4135 2516 4146 ——
2541 4102 2680 4172 Περὶ
2708 4101 2816 4155 τοῦ
2851 4097 3279 4172 ἀκατάληπτον
3303 4087 3457 4172 εἶναι
3477 4088 3595 4172 ξόγ
3624 4087 3802 4172 ρεὼς,

2289 4156 2387 4232 ibi:
2410 4156 2495 4229 *τὰ
2736 4169 2921 4244 αὐτοῦ
2943 4187 2956 4200 ’
3017 4156 3366 4244 καῖ-ἔτηού
3407 4160 3501 4216 δεῖ
3533 4156 3698 4230 ἡμᾶς
3734 4165 3807 4218 τὰ

2289 4247 2524 4318 κρυπτὰ
2554 4236 2770 4312 ζητεῖν,
2799 4243 2837 4313 ἢ
2871 4236 3376 4309 περιεργάζεσθαι.

2293 4383 2311 4413 ι
2349 4358 2515 4416 Εἶπεν
2546 4360 2575 4412 6
2607 4355 2738 4419 Θεὸς
2765 4354 2901 4426 πρὸς
2929 4351 3194 4421 Μωῢσῆν⁶
3221 4347 3299 4402 06
3336 4345 3547 4418 δυνήσῃ
3583 4342 3722 4396 ἰδεῖν
3745 4341 3804 4396 τὸ

2218 4454 2514 4530 πρόσωπόν
2543 4467 2665 4524 μου·
2693 4450 2754 4503 o6
2772 4448 2880 4518 γὰρ
2907 4444 2984 4518 μὴ
3007 4443 3090 4516 ίδῃ
3106 4440 3388 4514 ἄνθρωπος
3412 4438 3476 4493 τὸ
3501 4436 3804 4510 πρόσωπόν

2219 4566 2344 4622 μου,
2372 4545 2466 4600 καὶ
2497 4545 2744 4615 ζήσεται.
2788 4559 2807 4593 ι

2292 4661 2310 4694 ι
2354 4633 2785 4709 Ἐθαυμαστώθη
2830 4634 2864 4703 ὴ
2917 4627 3118 4700 γνῶσίς
3168 4641 3262 4680 σου
3308 4621 3368 4689 ἐξ
3416 4620 3584 4694 ἐμοῦ·
3623 4621 3799 4694 ἐκρα-

2214 4732 2446 4803 ταιὼθη,
2478 4731 2574 4784 καὶ
2606 4728 2667 4782 o6
2695 4726 2771 4799 μὴ
2795 4724 3030 4794 δύναμαι
3057 4719 3194 4793 πρὸς
3211 4717 3405 4789 αὑτήν.
3437 4733 3458 4768 ι

2300 4938 2318 4971 ι
2377 4918 2437 4971 '0
2471 4911 2784 4987 προστιθεὶς
2815 4908 3037 4980 γνῶσιν,
3070 4901 3430 4978 προστίθησιν
3458 4898 3710 4970 ἄλγημα.
3740 4915 3763 4952 ι

2290 5123 2309 5157 ι
2333 5101 2453 5157 Τίνι
2479 5097 2800 5172 ὼμοιὼσατε
2825 5093 3050 5165 Κύριον,
3068 5090 3102 5162 ἢ
3122 5086 3546 5160 τίνιὸμειὼματι
3569 5083 3792 5155 ὡμοιώ-

2216 5214 2346 5251 σατε
2377 5194 2569 5260 αὐτόν;
2597 5189 2689 5262 Μὴ
2723 5188 2909 5242 εἰκόνα
2952 5183 3176 5254 ἐποίησε
3212 5181 3458 5247 τέκτων,
3492 5177 3790 5250 χρυσοχόος

2212 5289 2490 5362 χωνεύσας
2518 5283 2761 5357 χρυσίον,
2788 5276 3235 5353 περιεχρῦσωσεν
3253 5271 3496 5345 αὑτὸν,ῆ
3524 5271 3786 5343 ὁμοίωμα

2217 5381 2625 5438 κατεσκεύασεν
2653 5373 2832 5447 αὺτῷ;
2883 5393 2900 5425 ι

2288 5579 2306 5613 ι
2352 5554 2676 5630 Ἐμωράνθη
2711 5555 2821 5616 πᾶς
2851 5551 2880 5605 6
2899 5548 3185 5618 ἄνθρωπος
3208 5542 3319 5599 ἀπὸ
3345 5539 3625 5613 γνώσεως.
3666 5556 3688 5594 ι

2287 5751 2306 5786 ι
2345 5731 2611 5800 Λογισμοὶ
2633 5695 2842 5797 θνητῶν
2864 5725 3052 5789 δειλοὶ,
3097 5723 3192 5776 καὶ
3213 5717 3543 5790 ἐπισφαλεῖς
3569 5718 3637 5771 ἀί
3661 5714 3782 5770 trt-

2213 5838 2354 5882 νοιαι
2387 5825 2546 5898 ἡμῶν
2580 5840 2594 5855 ο
2630 5823 2784 5895 μόλις
2814 5819 2924 5892 γὰρ
2955 5814 3247 5887 εἰκάζομεν
3277 5812 3347 5870 τὰ
3378 5813 3476 5867 ἐπὶ
3504 5810 3609 5884 τῆς
3655 5809 3773 5880 τῆς,
