3970 6294
253 380 375 448 1081

1527 386 1768 449 SACRA
1805 387 2271 452 PARALLELA.

3313 446 3316 451 .
3381 381 3520 451 1082

242 505 334 557 aui
367 503 439 558 τα
469 505 529 560 ιν
569 506 760 579 χερσὶν
802 505 1134 579 εὑρίσκομεν
1164 504 1305 576 μετά
1336 503 1502 558 πόνου
1529 520 1544 536 ⁸
1572 505 1642 559 τά
1679 503 1736 558 δὲ
1767 504 1825 557 ὲν

1949 519 1982 559 n
2015 515 2160 561 terra
2196 514 2366 562 sunt:
2399 514 2454 564 et
2501 523 2624 581 quae
2655 507 2711 564 in
2744 513 3041 580 prospectu
3091 511 3244 570 sunt,
3291 501 3508 561 inveni-

241 599 515 670 οὐρανοῖς,
541 599 625 665 τίς
651 600 987 672 ἑξιχνίασενς
1021 619 1040 653 ι

317 796 336 830 ι
374 777 752 851 Χαλεπὼτερά
794 797 890 834 σου
926 778 1001 854 μὴ
1029 779 1205 853 ζήτει,
1234 780 1329 835 καὶ
1387 779 1701 853 ὑψηλότερά
1729 797 1826 836 σου

250 871 322 943 μὴ
353 873 726 945 περιεργάζου
747 891 765 907 ο
789 873 848 934 ἃ,
872 873 1190 946 προσετάγη
1241 893 1346 940 σοι,
1381 875 1555 930 ταῦτα
1585 874 1824 932 διανοοῦ.

248 963 320 1019 Οὐ
349 965 460 1036 γάρ
481 966 601 1021 ὲστί
631 983 714 1023 σοι
743 966 905 1042 χρεία
929 967 1039 1023 τῶν
1066 967 1347 1039 κρυπτῶν.
1384 969 1474 1022 Ἑν
1507 971 1830 1042 τοῖςπερισ-

249 1060 358 1123 σοῖς
389 1058 498 1114 τῶν
524 1059 706 1133 ἔργων
755 1079 851 1117 σου
888 1061 964 1134 μὴ
1011 1061 1406 1136 περιεργάζου.
1439 1063 1671 1117 Πλείονα
1716 1061 1828 1136 γάρ

250 1152 517 1219 συνέσεως
571 1152 878 1228 ἀνθρώπων
925 1153 1223 1227 ὑπεδείχθη
1276 1172 1394 1210 σοι·
1459 1155 1690 1220 πολλοὺς
1722 1156 1829 1229 γὰρ

248 1244 530 1301 ἀπώλεσεν
571 1247 606 1319 ἡ
637 1247 909 1323 ὑπόληψις
955 1247 1166 1317 αὐτῶν,
1202 1253 1300 1305 καὶ
1352 1248 1831 1322 ὑπόνοια,πονηρά

249 1338 517 1413 ὠλίσθησε
558 1340 802 1398 διάνοιαν
845 1340 1065 1412 αὐτῶνς
1113 1342 1258 1397 καὶὸ
1296 1341 1530 1413 ἀγαπῶν
1579 1341 1828 1397 κίνδυνον

250 1434 308 1490 ἐν
333 1431 482 1507 αὐτῷ
506 1435 812 1490 ἀπολεῖται.
849 1454 869 1489 ι

328 1677 347 1711 ι
391 1658 532 1731 Περὶ
552 1650 984 1732 πράγματος,οῦ
1013 1658 1115 1714 οὐκ
1146 1658 1266 1714 εστι
1293 1675 1378 1713 σοι
1404 1657 1587 1731 χρεία,
1623 1655 1700 1729 μὴ
1731 1673 1830 1710 τῖεν

255 1753 568 1828 ριεργάζου.
602 1773 624 1807 ι

323 1867 344 1900 ι
377 1844 682 1919 Θαυμαστὰ
709 1847 779 1900 τὰ
799 1844 938 1917 ἔργα
964 1843 1196 1918 Κυρίου,
1225 1844 1321 1898 καὶ
1342 1841 1564 1916 κρυπτά
1589 1841 1660 1897 τά
1691 1838 1831 1911 ἔργα

248 1937 415 1994 αὐτοῦ
444 1935 542 1994 ἀνθ
552 1940 780 2011 ρώποις.
818 1958 837 1991 ι

317 2055 338 2090 ι
374 2033 475 2101 Τίς
504 2034 804 2106 ἑξιχνιάσει
858 2033 930 2088 τὰ
966 2033 1228 2106 μεγαλεῖα
1276 2029 1371 2086 τοῦ
1417 2027 1592 2094 Θεοῦ;
1625 2024 1833 2099 κράτος

245 2129 347 2198 τῆς
388 2125 768 2200 μεγαλοσύνης
798 2124 965 2183 αὐτοῦ
1007 2126 1092 2192 τίς
1119 2123 1587 2198 ὲξαριθμήσεταις
1616 2123 1712 2178 καὶ
1748 2119 1834 2186 τίς

245 2222 549 2295 προσθήσει
582 2221 1021 2294 ἐκδιηγήσασθαι
1054 2220 1127 2275 τὰ
1153 2219 1280 2292 ὲλέη
1313 2216 1516 2287 αὐτοῦ;
1555 2217 1656 2270 οῦκ
1681 2214 1832 2269 εστιν

245 2316 575 2379 ἐλαττῶσαι,
604 2315 731 2371 οὐδὲ
757 2313 1081 2388 προσθεῖναι
1104 2329 1118 2344 ο
1150 2311 1246 2368 καὶ
1280 2311 1385 2366 οὐκ
1409 2309 1558 2365 ἔστιν
1588 2307 1832 2381 ἐξιχνιά-
1898 2352 1901 2356 .

246 2428 340 2468 σαι
361 2409 433 2468 τὰ
445 2409 707 2483 θαύματα
723 2409 960 2482 Κυρίου*
990 2408 1120 2461 ὅταν
1144 2404 1446 2479 συντελέσῃ
1465 2405 1495 2457 ὁ
1521 2400 1617 2458 ἀνθ
1627 2416 1830 2474 ρωπος,

242 2499 366 2555 τότε
401 2499 664 2573 ἄρχεται·
708 2498 806 2553 καὶ
844 2498 974 2552 ὅταν
1003 2493 1211 2568 παύσῃ,
1256 2491 1380 2547 τότε
1414 2487 1831 2562 ἐξαπορηθήσεο

158 2649 160 2651 ,
242 2611 356 2648 ται.
409 2611 430 2646 ι

319 2707 338 2740 ι
373 2685 508 2742 Θεὸν
533 2684 728 2754 οὐδεὶς,
750 2681 967 2757 ἑώρακε
1003 2679 1250 2738 πώποτε.
1286 2700 1305 2734 ι

317 2801 339 2834 ι
387 2780 447 2834 '0
469 2761 729 2850 βασιλεὺς
756 2777 868 2834 τῶν
892 2776 1317 2850 βασιλευόντων,
1346 2773 1444 2830 καὶ
1473 2769 1684 2844 Κύριος
1722 2769 1833 2824 τῶν

242 2873 646 2947 κυριευόντωνο
676 2873 706 2927 ό
755 2871 917 2942 μόνος
948 2869 1090 2941 ἔχων
1119 2865 1427 2924 ἀθανασίαν
1447 2882 1462 2898 ·
1496 2863 1614 2936 φῶς
1660 2863 1832 2918 οἰκῶν

241 2966 572 3039 ἀπρόσιτον,
623 2961 686 3020 όν
719 2960 863 3019 εἶδεν
895 2962 1075 3028 οὐδεὶς
1129 2957 1460 3035 ἀνθρώπων,
1513 2953 1637 3012 οὐδὲ
1699 2954 1833 3010 ἰδεῖν

238 3055 494 3113 δύναται.
527 3074 548 3108 ι

310 3151 379 3206 Εί
415 3148 596 3220 βούλει
628 3147 760 3219 περὶ
781 3146 920 3203 Θεοῦ
948 3147 1132 3218 λέγειν
1161 3163 1238 3210 τι,
1263 3144 1298 3217 ἢ
1329 3139 1578 3207 ἀκούειν,
1605 3140 1740 3211 ἄφες
1768 3140 1835 3194 τὸ

240 3244 405 3316 σῶμα
425 3241 623 3299 ἑαυτοῦ
642 3258 659 3274 ο
693 3241 834 3314 ἄφες
863 3241 963 3306 τάς
988 3237 1309 3314 σωματικὰς
1326 3235 1632 3305 αἰσθήσεις·
1659 3231 1828 3288 κατά·
1856 3255 1902 3320 c

236 3336 366 3392 λιπε
407 3336 508 3409 τὴν
530 3335 637 3408 γῆν
655 3349 675 3368 ⁸
707 3335 980 3390 κατάλιπε
1007 3333 1108 3404 τὴν
1139 3331 1418 3385 Θάλασσαν
1439 3345 1455 3360 ο
1488 3327 1640 3384 κάτω
1669 3343 1829 3380 σεαυ-

234 3428 334 3484 τοῦ
380 3428 613 3499 ποίησον
661 3425 754 3482 τὸν
784 3426 924 3499 ἀέρα
951 3437 969 3457 ⁸
1003 3423 1334 3496 παρὰδραμε
1383 3418 1559 3492 ὥρας,
1617 3415 1828 3490 καιρῶν

237 3521 524 3588 εὐταξίας,
581 3520 684 3586 τὰς
739 3521 869 3592 περὶ
893 3519 1001 3591 γῆν
1031 3517 1445 3587 διακοσμήσεις.
1519 3511 1691 3585 ’Υπὲρ
1733 3510 1827 3564 τὸν

238 3615 448 3689 αίθέρα
477 3613 684 3686 γενοῦ·
727 3612 946 3685 διάϐηθι
979 3611 1109 3675 τοὺς
1158 3609 1416 3680 ἀστέρας,
1453 3605 1523 3660 τὰ
1558 3606 1688 3677 περὶ
1731 3603 1831 3659 αὑ-

237 3710 352 3765 τῶν
385 3708 670 3780 θαύματα,
704 3706 806 3778 τὴν
855 3705 1154 3774 εὐκοσμίαν
1203 3700 1424 3765 αὐτῶν,
1469 3699 1540 3752 τὰ
1591 3697 1826 3770 μεγέθη,

237 3802 340 3868 τὰς
414 3800 641 3877 χρείας,
694 3798 796 3872 τὴν
862 3796 1262 3871 λαμπρότητα,
1331 3793 1434 3864 τὴν
1493 3789 1664 3858 θέσιν,
1728 3789 1830 3861 τὴν

236 3895 446 3951 κτίσιν.

307 3990 406 4063 Μὴ
434 3983 589 4062 ζήτει
615 3985 686 4042 τά
713 3982 1081 4058 ἀνερεύνηταο
1113 3982 1238 4038 οὐδὲ
1263 3980 1372 4054 γὰρ
1390 3977 1690 4050 εὑρίσκεις.
1711 3976 1831 4031 Ἵνα

235 4083 350 4155 γὰρ
373 4083 431 4138 τί
468 4083 562 4138 καὶ
590 4081 814 4154 (quiq;
849 4079 1009 4151 Παρά
1049 4077 1197 4142 τίνος
1227 4075 1372 4146 ἔχεις
1405 4073 1636 4146 μαθεῖν;
1667 4068 1830 4141 Παρά

235 4174 380 4246 γῆςς
428 4173 530 4229 οὒκ
584 4172 930 4243 ὕφειστηκει.
972 4168 1136 4240 ’Παρά
1188 4165 1493 4236 θαλάσσης;
1536 4161 1641 4216 οὒκ
1685 4155 1756 4233 ἧν
1792 4159 1826 4231 ἢ

237 4262 412 4334 ὑγρά.
449 4261 610 4334 Παρά
632 4259 906 4336 οὐρανοῦς
939 4259 1044 4314 οὐκ
1069 4253 1137 4331 ἦν
1167 4254 1454 4330 ἐπαρθείς.
1486 4251 1648 4325 Παρά
1673 4248 1827 4322 ἡλίου

233 4359 336 4412 καὶ
363 4355 632 4429 σελήνηςς
687 4354 904 4409 οὐδέπω
947 4349 1442 4425 δεδημιούργηντο.
1491 4345 1657 4400 Ἀλλά
1691 4342 1829 4418 παρ’

235 4447 490 4514 αἰώνωνς
514 4447 624 4518 πρὸ
643 4446 857 4500 αἰώνων
877 4447 905 4500 ό
928 4445 1265 4515 Μονογενής.
1295 4439 1390 4516 Μὴ
1411 4438 1632 4506 ιξέταζε
1657 4438 1726 4493 τά
1753 4437 1828 4509 μὴ

235 4542 326 4595 ἀεὶ
361 4540 520 4602 ὂντα,
555 4540 697 4611 ὑπὲρ
724 4536 821 4593 τοῦ
849 4539 936 4593 ἀεὶ
962 4537 1135 4601 ὄντος.
1162 4537 1229 4592 Εἰ
1252 4535 1311 4590 δὲ
1336 4536 1414 4607 μὴ
1445 4532 1647 4599 θέλεις,
1692 4529 1830 4588 ἀλλὰ

1935 613 2060 654 mus
2092 613 2217 654 cum
2267 600 2476 658 labore.
2529 602 2663 670 Quae
2713 611 2896 658 autem
2943 599 2999 655 in
3029 598 3185 656 caelis
3214 605 3366 662 sunt,
3391 596 3518 670 quis

1936 693 2337 767 investigabit?
2372 715 2392 751 ι

2007 786 2181 845 Eccli.
2233 805 2319 858 ιιι,
2361 789 2554 846 22-27.
2588 820 2658 833 «-
2687 809 2707 844 ‹
2755 788 2969 846 Altiora
3017 797 3072 846 te
3100 801 3172 843 ne
3208 785 3520 858 quaesieris,

1936 891 1992 940 et
2020 882 2250 939 fortiora
2286 891 2344 940 te
2373 897 2442 941 ne
2474 891 2756 943 scrutatus
2790 883 2962 940 fueris
2988 898 3003 936 :
3034 883 3133 941 sed
3159 897 3282 955 qua:
3306 870 3519 953 praece-

1935 978 2018 1050 pit
2070 979 2170 1035 tibi
2222 978 2390 1048 Deus,
2433 978 2526 1034 illa
2575 979 2758 1051 cogita
2811 993 3054 1050 semper.
3087 976 3210 1035 Non
3261 977 3409 1033 enim
3439 981 3525 1030 est

1938 1070 2035 1127 tibi
2069 1071 2446 1129 necessarium
2496 1085 2617 1144 quae
2647 1069 2980 1129 abscondita
3029 1077 3184 1137 sunt,
3216 1067 3425 1125 videre.
3461 1065 3522 1120 In

1938 1165 2296 1236 supervacuis
2345 1165 2606 1235 Operibus
2687 1163 2801 1221 tuis
2859 1179 2929 1221 ne
3007 1160 3183 1218 fueris
3237 1157 3520 1216 curiosus.

1937 1254 2183 1311 Plurima
2231 1256 2374 1311 enim
2433 1272 2599 1328 super
2654 1270 2884 1313 sensum
2947 1253 3235 1310 hominum
3295 1258 3525 1308 ostensa

1938 1358 2071 1406 sunt
2108 1349 2229 1406 tibi.
2281 1349 2482 1407 Multos
2535 1351 2680 1406 enim
2727 1348 2972 1422 perdidit
3013 1346 3258 1418 suspicio
3293 1358 3520 1401 eorum:

1937 1454 1993 1501 et
2041 1443 2097 1499 in
2131 1445 2380 1499 vanitate
2441 1445 2687 1501 detinuit
2742 1458 2944 1500 sensus
3011 1441 3274 1497 illorum:
3322 1444 3380 1495 et
3426 1437 3523 1509 qui

1939 1545 2086 1592 amat
2116 1537 2451 1608 periculum,
2484 1539 2537 1592 in
2566 1553 2632 1593 eo
2667 1537 2888 1609 peribit.

2010 1629 2185 1687 Eccli.
2209 1647 2288 1697 χι,
2321 1631 2377 1687 9.
2399 1662 2469 1671 —-
2495 1651 2513 1683 ι
2557 1629 2631 1688 De
2658 1648 2719 1688 ea
2752 1647 2832 1700 re,
2871 1645 2994 1703 qua:
3018 1636 3073 1686 te
3101 1644 3213 1685 non
3238 1625 3519 1689 molestat,

1939 1739 2009 1780 ne
2040 1725 2367 1782 certaveris.
2397 1745 2416 1779 ι

2013 1814 2157 1872 Ibid.
2187 1817 2378 1874 ι,-‹
2436 1816 2713 1873 Mirabilia
2775 1830 2944 1888 opera
3000 1813 3274 1871 Altissimi
3325 1813 3513 1870 solius.

1863 1898 1905 1954 Β
1935 1911 2178 1983 gloriosa
2207 1920 2262 1968 et
2303 1911 2602 1975 absconsa,
2639 1922 2693 1967 et
2731 1910 2913 1966 invisa
2954 1924 3124 1982 opera
3157 1909 3333 1965 illius.
3365 1929 3384 1961 1

2003 2005 2165 2077 302
2203 2003 2375 2059 Εεειίι
2427 2020 2587 2072 XVIII,
2622 2003 2677 2060 ὅ.
2707 2033 2778 2046 --
2807 2020 2827 2057 ι
2852 2001 2989 2069 Quis
3017 2002 3371 2074 investigabit
3406 2016 3525 2057 ma.

1933 2099 2113 2172 gnalia
2146 2098 2278 2155 Dei?
2311 2098 2570 2154 virtutem
2601 2105 2783 2154 autem
2809 2095 3214 2169 magnitudinis
3246 2097 3369 2167 ejus
3395 2099 3524 2166 quis

1935 2191 2294 2248 enuntiabit?
2343 2201 2438 2246 aut
2471 2191 2599 2263 quis
2652 2191 2874 2263 adiiciet
2905 2205 3170 2248 enarrare
3199 2189 3525 2247 misericor-

1935 2284 2082 2342 diam
2109 2285 2278 2358 ejus?
2318 2285 2437 2342 Non
2489 2295 2575 2342 est
2610 2285 2887 2354 minuere,
2935 2300 3038 2342 nec
3089 2284 3334 2356 adjicere
3367 2300 3382 2337 :
3420 2300 3525 2341 nec

1935 2387 2024 2437 est
2077 2380 2328 2438 invenire
2362 2381 2639 2453 magnalia
2692 2378 2816 2437 Dei.
2862 2377 3000 2435 Cum
3051 2379 3526 2436 consummaverit

1935 2473 2124 2542 homo,
2179 2483 2310 2532 tunc
2360 2474 2635 2547 incipiet:
2695 2482 2750 2532 et
2796 2489 2925 2530 cum
2975 2472 3279 2545 quieverit,
3325 2486 3524 2546 opera-

1933 2566 2105 2626 bitur.
2141 2587 2161 2620 ι

2002 2658 2168 2715 Joan.
2206 2660 2368 2728 1,18.
2397 2689 2467 2702 --
2499 2679 2518 2712 ι
2560 2658 2731 2716 Deum
2784 2671 2948 2719 nemo
2996 2655 3140 2716 vidit
3183 2671 3455 2733 unquam.
3499 2675 3518 2709 ι

2006 2749 2038 2806 1
2072 2751 2211 2808 Tim.
2261 2768 2339 2815 vr.
2378 2751 2467 2807 i5.
2494 2779 2548 2790 —-
2587 2769 2606 2804 ι
2633 2749 2748 2807 Rex
2790 2766 3006 2823 regum,
3045 2749 3317 2808 Dominus
3349 2749 3527 2806 domi-

1933 2844 2212 2908 nantium,
2258 2845 2352 2916 qui
2386 2845 2539 2901 solus
2567 2843 2740 2899 habet
2784 2843 3284 2909 immortalitatem,
3338 2852 3394 2900 et
3437 2841 3524 2898 lu-

1932 2948 2055 2993 cem
2110 2936 2322 2994 habitat
2369 2937 2854 2994 inaccessibilem:
2909 2952 3073 3009 quem
3115 2936 3307 2992 nullus
3341 2935 3523 2992 homi-

1932 3046 2066 3087 num
2097 3029 2264 3098 vidit,
2303 3029 2400 3089 sed
2435 3047 2540 3088 nec
2570 3030 2758 3087 videre
2786 3037 2987 3100 potest.

2004 3119 2179 3176 Basit.
2207 3119 2284 3176 De
2317 3121 2445 3193 ﬁde.
2477 3150 2547 3162 —
2571 3121 2632 3176 Si
2673 3121 2741 3176 de
2769 3119 2880 3176 Deo
2912 3119 3196 3194 quidpiam
3236 3118 3387 3192 loqui
3427 3121 3524 3174 an’t

1935 3214 2132 3273 audire
2160 3213 2378 3283 studes,
2433 3215 2668 3272 missum
2721 3213 2809 3270 fac
2859 3230 3063 3286 corpus
3113 3222 3293 3280 tuum,
3322 3212 3527 3269 missos

1933 3307 2020 3364 l'ac
2050 3322 2350 3380 corporeos
2371 3323 2594 3366 sensus.
2632 3309 2836 3366 Desere
2863 3319 3094 3376 terram,
3121 3307 3317 3366 desere
3347 3323 3518 3376 mare,

1931 3417 2100 3474 supra
2135 3417 2316 3460 aerem
2354 3418 2605 3477 assurge,
2647 3403 2778 3458 artni
2803 3415 2990 3475 partes
3024 3403 3270 3475 praeteri,
3310 3411 3524 3474 tempo-

1931 3512 2057 3553 rum
2089 3496 2340 3564 ordines,
2386 3505 2714 3554 ornamenta
2765 3507 2965 3560 terrae:
3013 3498 3218 3554 aethere
3265 3497 3524 3568 superior

1931 3590 2052 3656 tias,
2093 3590 2371 3663 pertransi
2422 3591 2638 3658 stellas,
2675 3606 2739 3647 ea
2775 3607 2898 3662 quze
2948 3591 3098 3646 circa
3133 3590 3257 3647 illas
3288 3590 3522 3647 mirifica

1930 3692 2084 3752 sunt,
2148 3693 2405 3739 ornatum
2489 3699 2702 3746 earum.
2791 3684 3253 3756 magnitudinem,
3334 3698 3520 3751 usum,

1928 3777 2307 3851 splendorem,
2335 3777 2528 3844 situm,
2568 3776 3041 3848 procreationem.

2001 3953 2282 4026 Ejusdem.
2310 3984 2381 3995 —
2406 3952 2487 4013 Ne
2526 3955 2624 4011 illa
2663 3971 2884 4028 quzeras
2928 3971 3051 4029 quae
3108 3955 3365 4028 indagari
3424 3972 3523 4015 που

1933 4058 2187 4120 queunt:
2227 4065 2408 4121 neque
2457 4051 2605 4108 enim
2658 4051 2931 4108 invenies.
2989 4049 3202 4124 Ecquid
3253 4052 3402 4109 enim
3457 4066 3523 4108 ea

1931 4143 2251 4214 quaerisiA
2300 4158 2542 4216 quonam
2603 4159 2794 4201 eorum
2864 4143 3096 4202 haurire
3150 4144 3524 4216 cognitionem

1930 4235 2152 4308 possis?
2201 4237 2248 4292 A
2293 4237 2488 4294 terra?
2519 4245 2578 4293 at
2631 4252 2743 4294 non
2794 4237 3120 4294 exsistebat.
3173 4238 3221 4292 Α
3259 4237 3523 4292 mari?at

1931 4327 2177 4384 nondum
2228 4329 2380 4386 unda
2430 4335 2573 4387 erat.
2614 4329 2655 4385 Δ
2691 4329 2879 4387 οωιοῖ
2927 4329 3174 4386 nondum
3226 4338 3522 4387 extensum

1932 4428 2075 4479 erat.
2129 4422 2174 4477 Δ
2229 4422 2350 4479 sole
2398 4429 2454 4478 et
2489 4422 2663 4479 luna?
2705 4413 2950 4479 nonduin
3006 4422 3214 4479 conditi
3272 4428 3521 4480 erant.A

1934 4514 2201 4570 saeculis?
2249 4529 2439 4570 verum
2473 4525 2602 4569 ante
2648 4516 2850 4572 saecula
2874 4516 3130 4573 exstabat
3168 4514 3516 4587 Unigenitus.

236 4627 594 4698 φιλονεικεῖς,
627 4606 918 4696 καταγελῶ
976 4644 1070 4681 σου
1103 4628 1207 4698 τῆς
1249 4606 1501 4696 ἀγνοίας,
1535 4621 1739 4695 μᾶλλον
1772 4621 1829 4674 δὲ

1947 4607 2042 4664 Pro
2077 4608 2172 4664 illo
2204 4609 2298 4676 qui
2334 4610 2708 4679 sempiternus
2759 4614 2868 4672 est,
2901 4624 2971 4665 ne
3001 4623 3066 4663 ea
3117 4623 3240 4679 quae
3291 4608 3520 4665 minime

239 4719 422 4775 κλαίω
463 4737 561 4774 σου
593 4719 692 4792 τὴν
720 4720 949 4792 τόλμαν.

308 4986 441 5049 Τοῖς
469 4982 883 5056 γεγραμμένοις
917 4980 1150 5036 πίστευε
1174 4996 1190 5014 ο
1236 4980 1307 5036 τὰ
1343 4980 1419 5053 μὴ
1454 4977 1827 5052 γεγραμμένα

239 5078 319 5154 μὴ
365 5079 544 5148 ζήτει.
603 5075 820 5130 Είδέναι
869 5076 1035 5146 ἡμεῖς
1069 5073 1362 5145 ὀφείλομεν
1406 5073 1444 5130 ἆ
1474 5074 1581 5146 χρὴ
1612 5073 1820 5140 λαλεῖν,

235 5172 335 5228 καὶ
360 5171 399 5226 ἀ
430 5169 541 5244 χρὴ
564 5171 795 5242 σιωπᾷν.
824 5169 920 5241 Μὴ
946 5168 1130 5223 πάντα
1151 5168 1220 5222 τὰ
1239 5169 1460 5241 ῥήματα
1486 5169 1551 5240 τῇ
1583 5165 1826 5237 γλώσσῃ,

236 5263 328 5317 ἵνα
355 5262 437 5336 μὴ
490 5261 695 5335 πάθῃς,
744 5259 996 5332 καθάπερ
1034 5261 1064 5315 ὁ
1110 5260 1414 5332 ὀφθαλμὸς,
1473 5260 1534 5325 ὃς
1585 5259 1706 5314 ὅλον
1737 5257 1829 5311 τὸν

236 5357 396 5433 ηλιον
428 5355 771 5429 ἀποϐλέψας,
804 5355 1000 5409 ἀπολεῖ
1027 5357 1127 5409 καὶ
1169 5355 1197 5408 ὃ
1223 5354 1339 5426 ἔχει
1371 5353 1511 5423 φῶς.

311 5629 504 5694 Πόσος
539 5629 568 5685 ό
615 5627 773 5695 Θεδς,
805 5628 901 5682 καὶ
943 5627 996 5682 τί
1047 5628 1109 5681 τὸ
1158 5629 1360 5699 μέτρον
1405 5625 1500 5681 τοῦ
1536 5625 1695 5692 Θεοῦ,
1735 5627 1829 5681 καὶ

241 5725 506 5787 ποταπὸς
545 5722 645 5796 τὴν
694 5721 919 5788 οὐσίαεη
957 5719 1030 5774 τὰ
1059 5718 1305 5786 τοιαῦτα,
1355 5719 1676 5774 ἐπικίνδυνα
1728 5721 1827 5789 μὲν

237 5815 550 5889 ἐρωτῶντι,
595 5815 803 5889 ἀπορία
849 5813 908 5867 δὲ
944 5811 1021 5886 τῷ
1075 5813 1459 5888 ιρωτωμὲνῳο
1516 5815 1694 5888 σιωπὴ
1747 5816 1822 5879 δὲ,

247 5907 520 5980 θεραπεία
540 5909 648 5967 τῶν
675 5907 946 5966 τοιούτων.

1934 4711 2138 4758 αξιοι-ηε
2173 4710 2326 4767 sunt,
2361 4703 2593 4773 cogites.
2619 4701 2780 4768 Quod
2807 4702 2855 4758 si
2883 4699 3016 4755 mihi
3043 4716 3152 4756 non
3182 4715 3392 4756 morem
3422 4715 3520 4771 ge-

1932 4799 2033 4861 ris,
2064 4794 2158 4850 sed
2211 4796 2550 4850 contendere
2606 4794 2791 4866 cupis,
2863 4792 3143 4850 inscitiam
3191 4803 3340 4850 tuam
3389 4795 3518 4848 irri-

1933 4888 2058 4953 deo,
2096 4887 2210 4941 imo
2243 4887 2425 4957 potius
2455 4886 2824 4942 temeritatem
2863 4885 3111 4958 deploro.

2005 4980 2366 5051 Ejusdem.—-
2388 4980 2462 5036 lis
2491 4996 2614 5052 quae
2647 4982 2857 5051 scripta
2891 4989 3044 5048 sunt,
3075 4980 3234 5037 fidem
3269 4979 3470 5036 adhibe
3500 4993 3517 5034 :

1932 5091 2059 5148 quae
2092 5074 2302 5146 scripto
2353 5075 2582 5131 minime
2628 5072 2852 5144 prodita
2894 5082 3046 5138 sunt,
3083 5089 3154 5130 ne
3198 5072 3513 5142 quaesieris.

1933 5169 2050 5225 Hoc
2107 5169 2254 5225 scire
2293 5169 2544 5232 interest,
2597 5166 2730 5238 quid
2776 5165 2928 5235 loqui
2958 5173 3230 5236 oporteat,
3277 5164 3407 5235 quid
3439 5164 3518 5220 si-

1931 5263 2067 5320 lere.
2093 5259 2213 5317 Non
2253 5262 2444 5316 omnia
2486 5260 2654 5316 verba
2682 5260 2884 5332 lingua:
2910 5257 3308 5314 committenda
3336 5263 3469 5312 sunt
3498 5273 3514 5312 :

1932 5371 2003 5412 ne
2030 5355 2237 5426 alioqui
2276 5354 2418 5409 idem
2451 5352 2550 5409 tibi
2586 5353 2736 5424 quod
2783 5354 2946 5409 oculo
2988 5352 3226 5417 accidat,
3253 5351 3348 5422 qui
3385 5350 3516 5406 dum

1931 5448 2102 5504 solem
2137 5457 2310 5502 totum
2342 5448 2546 5504 intueri
2582 5449 2802 5514 nititur,
2837 5463 2955 5504 eam
2985 5464 3206 5519 quoque
3231 5462 3340 5518 qua
3373 5462 3515 5519 pra:-

1930 5541 2083 5597 ditus
2112 5549 2218 5609 est,
2243 5542 2418 5596 lucem
2451 5541 2680 5596 amittit.

2011 5633 2168 5705 Ejus.
2204 5637 2259 5691 in
2296 5633 2355 5690 S.
2382 5634 2971 5702 Mamant.-—-Quantus
3000 5635 3073 5690 sit
3104 5633 3273 5700 Deus,
3304 5644 3511 5705 quanta

1932 5725 2106 5799 ipsius
2129 5726 2387 5783 essentia:
2431 5741 2717 5793 mensura,
2747 5727 2968 5798 aliaque
3004 5724 3060 5780 id
3082 5739 3294 5797 genus;
3335 5725 3512 5780 inter-

1929 5816 2147 5888 roganti
2180 5817 2404 5887 quidem
2449 5820 2764 5890 pcriculosa
2801 5829 2931 5877 sunt
2961 5839 2975 5876 :
3004 5820 3054 5875 ei
3087 5830 3269 5875 autem
3302 5819 3396 5890 qui
3430 5819 3516 5876 in-

1933 5919 2271 5982 terrogatur,
2306 5913 2562 5982 perplexa
2599 5928 2848 5983 prorsus.
2893 5913 3183 5972 Silentium
3213 5929 3340 5971 vero
3368 5913 3516 5986 ejus-

1937 6005 2084 6062 modi
2125 6020 2310 6062 rcrum
2343 6006 2614 6063 medicina
2651 6016 2732 6056 est
