3970 6294
496 350 523 414 1
534 351 641 420 088

495 574 599 612 nec
651 557 719 612 ad
768 557 1137 614 imitationem
1184 559 1436 630 Apostoli
1501 560 1678 618 dicit:
1738 581 1757 615 ι
1814 559 2074 631 Fratres;

494 665 607 721 ego
655 650 927 722 meipsum
977 651 1223 708 nondum
1284 654 1530 713 arbitror
1590 656 2076 728 comprehendisse

496 741 774 816 (Philipp.
810 744 1067 816 ιιι,15)τ
1110 763 1129 798 ι
1188 760 1380 802 verum
1427 749 1685 804 essentise
1732 749 1932 806 divina:
1981 764 2078 806 co-

495 836 804 907 gnitionem
837 839 1092 907 rimatur,
1120 846 1175 896 et
1206 840 1558 912 cogitationis
1583 858 1699 899 suae
1727 843 1953 900 modulo
1985 858 2072 912 ea,

495 945 618 996 quae
666 931 1063 1002 comprehendi
1098 948 1209 988 non
1260 945 1515 1004 possunt,
1550 937 1797 1004 metitur,
1831 945 2078 993 tantum-

495 1024 731 1094 demque
763 1025 1052 1091 duntaxat,
1093 1036 1361 1098 quantum
1409 1028 1526 1100 ipse
1559 1043 1663 1084 suo
1710 1030 1896 1087 animo
1923 1045 2078 1089 com-

498 1115 692 1185 plexus
721 1124 827 1183 est,
855 1114 1026 1173 Deum
1071 1133 1196 1175 esse
1227 1127 1439 1189 censet,
1474 1134 1540 1176 ac
1567 1120 1804 1194 denique
1838 1129 2079 1178 mentem

498 1223 656 1266 suam
691 1224 880 1266 eorum
913 1226 1036 1282 qua:
1065 1211 1349 1268 exsistunt
1391 1227 1711 1268 mensuram
1765 1213 2078 1278 constituit,

500 1313 562 1357 ut
613 1318 716 1359 nec
772 1303 908 1359 illud
943 1319 1132 1360 secum
1182 1314 1399 1377 reputet
1453 1306 1676 1362 facilius
1704 1323 1830 1364 esse
1855 1308 2078 1364 vasculo

497 1396 697 1467 exiguo
741 1403 920 1450 totum
976 1411 1129 1454 mare
1162 1398 1368 1465 metiri,
1409 1415 1574 1469 quam
1605 1401 1848 1456 humana
1894 1410 2078 1457 mente

499 1485 594 1542 Dei
634 1487 978 1558 maiestatem
1027 1491 1178 1545 omni
1221 1507 1476 1548 sermone
1523 1493 1956 1562 praestantiorem
1986 1507 2076 1548 ar-

499 1583 681 1653 ripere
733 1591 789 1639 ct
822 1583 1077 1655 amplecti
1113 1604 1126 1642 :
1169 1584 1281 1650 ille,
1321 1600 1448 1640 cum
1499 1601 1787 1657 perperam
1847 1585 2070 1644 inﬂatus

1689 356 1751 419 S.
1792 355 2116 421 IOANNIS
2135 358 2567 424 DAMASCENI
2652 403 2654 406 τ

569 464 635 520 In
666 463 806 534 psal.
832 479 958 521 ειν.
992 494 1060 506 --
1087 461 1194 534 Qui
1243 480 1354 536 non
1386 466 1578 540 dejicit
1607 467 1852 524 animum
1885 484 2072 534 suum,
2103 473 2151 534 Α

3620 354 3751 424 1084

2280 473 2321 526 0
2352 471 2429 544 μὴ
2464 468 2742 527 ταπεινῶν
2781 467 2975 524 ἑαυτοῦ
3017 466 3116 541 τὴν
3146 452 3407 530 διάνοιαν,
3446 467 3584 539 μηδὲ
3615 471 3750 524 κατὰ

2186 561 2416 636 μίμησιν
2440 561 2536 617 τοῦ
2580 561 2906 617 Ἀποστόλου
2952 560 3128 630 λέγων
3157 559 3242 628 τὸ,
3281 577 3300 613 ε
3348 558 3617 631 ’Δδελφοὶ,
3649 560 3753 630 ἐγὼ

2182 652 2419 724 ἐμαυτὸν
2451 652 2597 708 οὕτω
2647 649 2938 723 λογίζομαι
2979 649 3370 722 κατειληφέναι
3393 667 3479 704 τι·
3545 669 3565 704 ι
3621 651 3753 707 ἀλλὰ

2181 747 2448 818 περινοῶν
2483 746 2674 812 οὐσίας
2703 745 2840 800 Θεοῦ
2876 742 3202 817 κατάληψιν,
3230 743 3326 798 καὶ
3355 744 3435 814 τῷ
3467 743 3581 816 ίδίῳ
3610 746 3754 816 λογι-

2184 838 2308 911 σμῷ
2340 839 2630 914 ἑκμετρῶν
2654 838 2724 895 τὰ
2757 837 3048 909 ἀνέφικτα,
3080 837 3176 892 καὶ
3204 836 3447 891 τοιοῦτον
3497 832 3639 892 εἶναι
3667 838 3756 893 λο-

2184 929 2474 1003 γιζόμενος
2520 931 2612 988 τόν
2661 932 2817 996 Θεὸν,
2870 931 2994 986 ὅσον
3033 929 3196 993 αὐτὸς
3223 928 3302 1000 τῷ
3356 927 3471 1001 ίδίῳ
3517 929 3758 1002 λογισμῷ

2181 1025 2532 1097 περιέλαϐεν,
2572 1027 2669 1080 καὶ
2713 1025 2852 1092 ὅλως
2899 1025 2992 1080 τὸν
3028 1025 3228 1079 οἰκεῖον
3261 1023 3387 1078 νοῦν
3429 1023 3628 1097 μέτρον
3653 1025 3760 1079 τῶν

2179 1117 2351 1173 δντων
2405 1118 2754 1191 ποιούμενος,
2811 1118 2908 1173 καὶ
2943 1116 3020 1190 μὴ
3048 1115 3422 1188 λογιζόμενος,
3479 1116 3565 1170 ὅτι
3629 1117 3761 1188 ῥᾷον

2183 1211 2303 1266 ἐστὶ
2335 1210 2538 1284 κοτύλῃ
2594 1211 2769 1284 μικρᾷ
2809 1211 2907 1283 τὴν
2946 1211 3128 1265 πᾶσαν
3178 1208 3456 1263 θάλασσαν
3485 1207 3764 1280 ἐκμετρῆ-

2186 1320 2299 1370 σαι,
2333 1304 2366 1375 ἢ
2405 1293 2485 1375 τῷ
2518 1304 2847 1378 ἀνθρωπίνῳ
2878 1303 2952 1377 νῷ
2976 1307 3080 1377 τῆς
3099 1304 3307 1374 ἀφὰτου
3342 1303 3763 1376 μεγαλειότητος

2186 1395 2282 1452 τοῦ
2337 1399 2473 1453 Θεοῦ
2524 1399 2982 1472 περιδράξασθαι,
3043 1402 3187 1473 εικῆ.
3219 1400 3605 1472 φυσιούμενος,
3670 1401 3764 1454 καὶ

2188 1493 2557 1564 ἐπαιρόμενος
2584 1496 2650 1565 τῇ
2691 1493 3019 1564 ματαιότητι
3069 1493 3163 1547 τοῦ
3187 1495 3307 1557 νοὸς
3339 1493 3530 1560 αὐτοῦ,
3557 1494 3618 1550 οὐ
3669 1493 3763 1548 δύ-

2176 1601 2336 1640 ναται
2377 1585 2557 1656 λέγειν
2587 1586 2670 1652 τὸ,
2717 1604 2736 1637 ι
2777 1587 3126 1654 Ἐπίστευσα,
3155 1588 3237 1641 διὸ
3271 1587 3531 1658 ἐλάλησα.
3562 1607 3583 1640 ι

498 1683 555 1728 ει
584 1675 761 1732 elatus
794 1679 1034 1734 vanitate
1062 1694 1263 1735 sensus
1291 1680 1378 1734 sui
1403 1680 1499 1747 sit,
1522 1679 1708 1736 dicere
1737 1694 2084 1752 nequaquam
2156 1688 2338 1750 potest
2377 1701 2392 1735 ε
2459 1700 2477 1734 ι
2539 1680 2759 1738 Credidi
2817 1689 3040 1754 propter
3084 1681 3233 1754 quod
3292 1682 3514 1740 locutus
3561 1697 3686 1738 sum
3739 1701 3760 1733 ο

499 1764 676 1837 (Ptol.
703 1783 828 1833 cxv,
865 1768 990 1843 10).

572 1903 848 1974 Ejusdem.
877 1937 948 1947 -—
978 1908 1056 1962 Ex
1094 1907 1379 1979 Scriptura
1426 1908 1613 1964 divina
1647 1908 1826 1964 edocti
1856 1924 2070 1977 sumus,

2249 1912 2623 1984 Δεδιδάγμεθα
2673 1912 2824 1985 παρὰ
2854 1913 2953 1984 τῆς
3001 1911 3152 1976 θείας
3176 1911 3406 1986 Γραφῆς
3443 1913 3608 1985 μηδὲν
3637 1908 3765 1968 ἐπι-

498 1999 671 2054 menti
737 2010 943 2059 nostra
1001 2005 1432 2074 permittendum
1478 2018 1597 2059 non
1630 2019 1776 2071 esse,
1823 2013 1884 2059 ut
1913 2003 2074 2075 quid-

498 2105 665 2159 quam
698 2101 896 2162 praeter
929 2108 992 2149 ea
1026 2109 1149 2166 qum
1174 2109 1441 2150 concessa
1473 2103 1625 2162 sunt,
1666 2095 2027 2168 imaginetur.

569 2225 762 2296 Ejusd.
807 2228 948 2286 hom;
992 2229 1069 2286 De
1112 2232 1239 2302 ﬁde.
1275 2263 1345 2274 --
1379 2232 1477 2290 Dei
1526 2233 1749 2305 quidem
1796 2249 2077 2306 nunquam

497 2336 608 2377 non
634 2323 950 2380 meminisse
975 2325 1128 2396 pium
1161 2334 1272 2394 est,
1301 2328 1468 2397 atque
1495 2325 1798 2398 ejusmodi,
1836 2335 1897 2383 ut
1924 2343 2082 2384 mens

496 2433 687 2476 amore
715 2419 906 2478 divino
934 2422 1185 2494 praedita,
1218 2424 1380 2496 303
1414 2425 1645 2480 minime
1668 2425 1863 2481 satiari
1894 2433 2078 2496 queat.

495 2515 568 2568 At
601 2529 688 2569 res
740 2514 960 2572 divinas
1011 2531 1268 2573 sermone
1315 2518 1580 2590 prosequi
1635 2517 1814 2574 audax
1862 2516 2083 2574 facinus

493 2617 579 2664 est
610 2627 625 2666 :
658 2610 859 2682 quippe
905 2625 1030 2668 cum
1078 2613 1198 2683 ipsa
1253 2627 1477 2685 quoque
1526 2627 1684 2670 mens
1713 2627 1745 2668 a
1779 2628 1964 2669 rerum
1998 2611 2083 2666 di—

495 2701 706 2773 gnitate
735 2705 929 2774 procul
968 2705 1210 2771 excidat,
1245 2715 1299 2762 et
1343 2721 1467 2777 qua!
1513 2705 1571 2762 in
1630 2705 1878 2762 animum
1944 2705 2079 2762 sub-

494 2795 685 2862 ierint,
724 2798 964 2854 tenuiter
1013 2809 1070 2856 et
1125 2799 1365 2855 obscure
1409 2813 1665 2856 sermone
1702 2799 2075 2856 declarentur.

493 2889 630 2946 Cum
664 2890 833 2962 igitur
859 2904 911 2948 et
935 2908 1087 2951 mens
1120 2901 1318 2950 nostra
1346 2909 1530 2950 rerum
1557 2892 1887 2950 celsitudine
1917 2893 2076 2964 longe

495 2982 572 3038 sit
599 2983 853 3050 inferior,
890 2996 944 3040 at
982 3000 1178 3042 rursus
1216 2986 1322 3058 ipsi
1372 3001 1598 3058 quoque
1633 2984 1954 3056 cogitationi
1981 2999 2076 3041 ce-

495 3074 590 3130 dat
623 3076 838 3144 oratio;
889 3077 1023 3148 quid
1079 3077 1304 3135 tandem
1340 3076 1523 3134 aﬂ‘erri
1576 3078 1773 3149 possit,
1811 3077 1944 3149 quin
1976 3094 2078 3132 ne-

2182 2009 2405 2078 τρέπειν
2433 2005 2596 2077 ἡμῶν
2626 2005 2706 2079 τῷ
2761 2004 2838 2077 νῷ
2895 2005 3047 2082 παρὰ
3097 2002 3206 2060 τῶν
3249 2005 3768 2080 συγκεχωρημένων

2184 2099 2634 2172 φαντασιοῦσθαι.

2255 2235 2392 2289 Θεοῦ
2418 2234 2734 2307 μεμνῆσθαι
2768 2235 2866 2306 μὲν
2903 2233 3170 2305 διηνεκῶς
3197 2235 3441 2301 εὐσεϐὲς,
3471 2234 3567 2290 καὶ⁵
3601 2235 3768 2310 κόρον

2183 2326 2285 2381 οὐκ
2314 2326 2437 2398 ἕχον
2468 2328 2533 2399 τῇ
2563 2324 2796 2397 φιλοθέῳ
2819 2324 2964 2398 ψυχῇ
2987 2345 2998 2358 ·
3020 2326 3166 2398 λόγῳ
3186 2325 3243 2380 δὲ
3266 2325 3518 2393 διεξιέναι
3546 2327 3617 2381 τὰ
3633 2326 3769 2400 περὶ

2181 2419 2321 2475 Θεοῦ
2352 2419 2629 2493 τολμηρόν
2650 2436 2669 2453 ο
2719 2421 2826 2491 τῆς
2866 2420 2967 2491 μὲν
2995 2420 3232 2485 διανοίας
3268 2420 3449 2493 πολλῷ
3476 2421 3558 2493 τῷ
3580 2423 3769 2495 μέτρῳ

2181 2515 2285 2586 τῆς
2319 2515 2476 2580 ἀξίας
2507 2513 2617 2569 τῶν
2647 2515 2991 2587 πραγμάτων
3021 2513 3484 2588 ἀποπιπτούσηςο
3507 2516 3674 2571 πάλιν
3711 2515 3768 2569 ει

2181 2607 2277 2663 τοῦ
2325 2608 2487 2678 λόγου
2523 2607 2783 2680 ἀμυδρῶς
2831 2606 3207 2680 παριστῶντος
3249 2608 3318 2663 τὰ
3355 2607 3642 2680 νοηθέντα.
3702 2605 3766 2662 El

2184 2697 2279 2757 οῦν
2315 2704 2347 2775 ἡ
2396 2702 2496 2774 μὲν
2542 2702 2750 2758 διάνοια
2798 2699 2958 2773 ἡμῶν
3001 2701 3152 2770 παρὰ
3202 2701 3338 2768 πολύ
3362 2701 3459 2757 τοῦ
3497 2701 3766 2773 μεγέθους

2185 2795 2296 2850 τῶν
2326 2797 2671 2868 πραγμάτων
2699 2797 3162 2869 ἀπολιμπάνεται,
3198 2801 3226 2854 δ
3255 2801 3312 2855 δὲ
3345 2801 3504 2871 λόγος
3526 2801 3766 2856 ἐλάττων

2185 2888 2308 2942 ἐστὶ
2337 2887 2434 2942 καὶ
2471 2889 2646 2960 αὐτῆς
2672 2889 2775 2960 τῆς
2813 2878 3073 2960 διανοίας,
3111 2893 3230 2958 πῶς
3271 2895 3372 2949 οὐκ
3416 2894 3700 2966 ἀναγκαία
3731 2896 3765 2966 ἡ

2189 2981 2410 3052 σιωπὴ,
2442 2982 2655 3054 μήποτε
2691 2983 2750 3036 ὲν
2793 2985 2861 3056 τῇ
2890 2983 3000 3038 τῶν
3033 2986 3299 3057 ῥημάτων
3344 2988 3592 3062 εὐτελείᾳ
3638 2988 3766 3062 δόξῃ

2186 3077 2516 3136 κινδυνεύειν
2537 3081 2634 3152 τῆς
2658 3079 2940 3150 θεολογίας
2973 3079 3034 3134 τὸ
3062 3079 3280 3152 θαῦμα;

495 3169 801 3224 cessarium
834 3171 1116 3227 silentium
1147 3170 1240 3240 sit,
1266 3187 1336 3229 ne
1369 3173 1442 3230 ob
1479 3173 1755 3230 sermonis
1787 3173 2077 3239 vilitatem,
2117 3173 2323 3228 eximia
2351 3182 2405 3231 et
2439 3173 2761 3230 admiranda
2803 3174 3121 3232 divinarum
3188 3185 3373 3233 rerum
3442 3177 3767 3249 magnitudo

495 3263 797 3334 periclitari
822 3265 1104 3321 videatur?

567 3375 726 3448 (ἶνες.
773 3375 826 3432 Ν
833 3394 914 3432 az.
975 3387 1116 3434 orat.
1141 3377 1236 3436 '59.
1259 3376 1567 3451 mLingua
1611 3384 1782 3450 atque
1807 3377 1990 3432 anima
2020 3383 2077 3434 et

2250 3377 2462 3450 Φρίττω
2488 3377 2582 3431 καὶ
2603 3376 2881 3446 γλῶσσαν,
2911 3377 3005 3434 καὶ
3019 3376 3282 3447 διάνοιαν,
3310 3380 3442 3436 ὅταν
3471 3398 3539 3435 πε
3549 3381 3604 3452 pl.
3626 3381 3765 3438 Θεοῦ

497 3479 684 3526 mente
713 3470 1010 3538 horresco,
1045 3485 1172 3526 cum
1211 3470 1281 3527 de
1323 3470 1438 3527 Deo
1486 3484 1798 3526 sermonem
1857 3470 2034 3525 habeo
2059 3485 2078 3524 :

499 3564 761 3635 huncque
813 3563 999 3636 ipsum
1052 3563 1387 3621 laudabilem
1441 3571 1497 3621 et
1543 3563 1764 3621 beatum
1822 3561 2078 3619 allectum

500 3657 659 3713 vobis
689 3665 912 3729 exopto.

571 3767 662 3826 1d.
718 3781 860 3827 orat.
908 3769 1000 3827 26.
1035 3799 1099 3813 --
1136 3769 1374 3828 Humilis
1423 3785 1550 3828 meo
1594 3769 1818 3843 quidem
1865 3769 2077 3840 judicio

500 3863 812 3920 censendus
841 3872 948 3931 est,
979 3879 1090 3921 non
1131 3865 1228 3936 qui
1267 3879 1438 3936 parva
1471 3863 1540 3921 de
1576 3864 1757 3934 seipso
1803 3863 2119 3934 loquitur,

501 3957 667 4029 idque
714 3957 860 4029 apud
904 3973 1112 4029 paucos
1169 3967 1228 4016 et
1276 3973 1438 4026 raro;
1475 3973 1577 4014 nec
1603 3957 1697 4028 qui
1729 3956 2076 4027 dejectiorem

499 4051 786 4107 humiliter
845 4052 1197 4123 alloquitur:
1245 4050 1342 4108 sed
1393 4051 1488 4121 qui
1543 4050 1612 4106 de
1667 4049 1778 4105 Deo
1830 4049 2080 4105 modeste

500 4147 793 4216 loquitur:
847 4145 943 4216 qui
988 4145 1096 4200 alia
1144 4145 1351 4210 dicere,
1389 4145 1496 4200 alia
1553 4143 1775 4200 silentio
1806 4158 2076 4215 premere,

500 4242 738 4296 aliorum
784 4241 1024 4310 denique
1065 4239 1341 4297 inscitiam
1385 4239 1638 4294 conﬁteri
1697 4239 1873 4305 novit,
1918 4239 2081 4309 eique

499 4331 670 4398 cedit,
701 4331 793 4387 cui
833 4333 1104 4389 sermonis
1148 4347 1280 4386 cura
1321 4331 1622 4387 commissa
1686 4333 1926 4401 estzqui
1968 4333 2082 4402 spi-

502 4425 844 4480 ritualiorem
891 4439 1018 4480 esse
1066 4424 1310 4495 aliquem
1354 4439 1514 4496 aequo
1545 4424 1733 4480 animo
1780 4424 1906 4490 fert,
1937 4434 1993 4481 et
2023 4425 2078 4480 in

500 4516 968 4586 contemplatione
994 4517 1422 4586 provectiorem.

577 4630 719 4686 Ibid.
747 4629 972 4686 ——Cum
1002 4620 1187 4686 earinis
1225 4632 1408 4687 oratio
1450 4639 1644 4702 suapte
1674 4641 1867 4688 natura
1905 4633 2078 4688 imbe-

503 4725 644 4781 cillis
705 4725 800 4791 sit,
847 4724 1122 4794 facileque
1167 4725 1363 4797 agitari
1394 4734 1580 4796 queat,
1615 4735 1669 4780 et
1703 4737 1930 4797 propter
1959 4741 2078 4782 ser-

503 4830 722 4869 monem
774 4830 843 4868 ex
888 4814 1125 4870 adverso
1167 4820 1503 4885 pugnantem
1544 4812 1800 4868 libertate
1845 4821 2072 4869 careat:

501 4913 618 4959 tum
645 4920 776 4960 vero
807 4919 871 4959 ca
896 4918 1020 4974 quae
1045 4903 1113 4959 de
1129 4903 1245 4958 Deo
1276 4903 1603 4974 suscipitur,
1638 4909 1792 4958 tanto
1821 4904 1945 4975 plus
1977 4903 2076 4957 ha-

502 5000 595 5053 bet
622 4996 982 5063 diﬂicultatis,
1014 5005 1232 5067 quanto
1259 4996 1440 5065 majus
1477 5006 1864 5066 argumentum
1891 5005 1997 5060 est,
2024 5003 2080 5050 et

503 5093 654 5149 zelus
695 5091 1002 5157 ardentior,
1026 5099 1082 5146 et
1118 5090 1424 5161 periculum
1463 5089 1705 5161 gravius.
1739 5090 1924 5160 Ecqua
1957 5098 2069 5143 tan-

501 5185 624 5240 dem
665 5183 887 5240 subnixi
919 5182 1119 5237 fiducia
1166 5191 1374 5237 metum
1411 5181 1558 5236 hunc
1587 5181 1974 5251 dispellemus?
2006 5195 2073 5235 an

503 5275 802 5338 sermonis,
845 5290 913 5330 an
961 5275 1225 5330 auditus?
1287 5273 1729 5345 quandoquidem
1783 5274 1838 5327 in
1889 5274 2070 5329 tribus

501 5371 628 5447 istis
675 5369 980 5439 periculum
1019 5377 1292 5422 versatur.
1347 5365 1480 5420 Nam
1536 5377 1590 5420 et
1639 5365 1926 5420 intellectu
1984 5381 2075 5421 res

2108 4774 2156 4830 ι)

2178 3473 2525 3542 φθέγγωμαι,
2557 3473 2653 3526 καὶ
2682 3473 2814 3543 ὑμῖν
2842 3473 2901 3526 τὸ
2935 3471 3069 3528 αὐτὸ
3120 3472 3476 3547 συνεύχομαι,
3500 3473 3563 3530 τδ
3602 3477 3764 3531 ἐπαι-

2177 3565 2328 3620 νετὸν
2359 3566 2528 3630 πάθος
2570 3567 2663 3620 καὶ
2693 3566 2985 3637 μακάριον.

2251 3769 2648 3840 Ταπεινόφρων
2685 3769 2838 3839 ἐμὸς,
2870 3771 2970 3844 οὐχ
3001 3773 3153 3838 ὅστις
3199 3773 3324 3846 περὶ
3356 3774 3554 3831 ἑαυτοῦ
3591 3777 3765 3848 μικρὰ

2177 3861 2506 3931 διαλέγεται,
2555 3862 2652 3916 καὶ
2692 3862 2852 3918 τοῦτο
2897 3863 3036 3938 πρὸς
3080 3865 3299 3936 ὀλίγους
3346 3868 3444 3923 καὶ
3492 3868 3762 3938 ὀλιγάκις,

2177 3955 2300 4008 οὐδὲ
2348 3957 2497 4020 ὅστις
2525 3957 2802 4022 ταπεινῶς
2839 3955 3238 4031 προσαγορεύει
3277 3959 3369 4014 τὸν
3413 3961 3760 4034 ἀτιμότερον,

2177 4044 2295 4102 ἀλλ’
2349 4046 2499 4110 ὅστις
2543 4049 2670 4117 περὶ
2710 4046 2847 4102 Θεοῦ
2904 4047 3141 4121 μετρίως
3181 4051 3520 4121 φθέγγεταιο
3570 4053 3664 4107 καὶ
3697 4055 3765 4108 τὰ

2183 4140 2283 4212 μὲν
2311 4140 2486 4196 εἰπεῖν
2516 4135 2681 4208 οἷδεν,
2710 4143 2778 4195 τὰ
2804 4141 2861 4195 δὲ
2891 4143 3167 4215 κατέχειν,
3203 4144 3314 4200 τῶν
3346 4143 3404 4200 δὲ
3428 4145 3763 4218 ὁμολογῆσαι

2179 4232 2278 4303 τὴν
2310 4233 2568 4302 ἄγνοιαν·
2631 4234 2723 4288 καὶ
2769 4237 3186 4307 παραχωρεῖται
3234 4235 3332 4290 τοῦ
3371 4235 3532 4307 λόγου
3561 4237 3639 4310 τῷ
3671 4257 3761 4293 πι-

2183 4325 2478 4389 στευθέντι,
2507 4327 2600 4380 καὶ
2637 4321 2780 4381 εἷναί
2819 4344 2941 4381 τινα
2972 4329 3489 4405 πνευματικώτερον
3523 4330 3764 4406 δέχεται,

2182 4418 2278 4473 καὶ
2301 4417 2666 4490 διαόεϐηκότα
2703 4417 2904 4489 μᾶλλον
2934 4420 2997 4473 ὲν
3027 4419 3257 4494 θεωρίᾳ.

2249 4621 2413 4674 ⁴ῐιύσει
2443 4620 2543 4693 μὲν
2567 4623 2709 4685 ἄπας
2737 4622 2894 4690 λόγος
2929 4623 3150 4695 σαθρὸς,
3190 4623 3287 4677 καὶ
3317 4622 3631 4698 εὐκίνητος,
3665 4629 3761 4682 καὶ

2182 4714 2270 4768 διὰ
2303 4715 2395 4769 τὸν
2421 4716 2724 4787 ἀντίμαχον
2755 4717 2912 4785 λόγον
2934 4716 3253 4787 ἐλευθερίαν
3276 4717 3380 4772 οὐκ
3409 4717 3574 4790 ἔχων.
3620 4716 3682 4774 '0
3706 4719 3760 4774 δὲ

2183 4808 2309 4878 περὶ
2341 4806 2500 4872 Θεοῦ,
2544 4807 2784 4879 τοσούτῳ
2819 4809 3039 4880 μᾶλλον,
3071 4811 3183 4881 ὅσῳ
3210 4809 3395 4882 μεῖζον
3428 4811 3490 4864 τὸ
3535 4812 3754 4866 ὐποκεί·

2185 4918 2365 4973 μενον,
2399 4901 2496 4956 καὶ
2526 4904 2554 4956 ό
2588 4902 2744 4971 ζῆλος
2774 4901 2996 4971 πλείων,
3030 4903 3126 4959 καὶ
3157 4905 3188 4957 ό
3230 4903 3476 4967 κίνδυνος
3506 4905 3756 4975 χαλεπώ-

2179 5011 2357 5064 τερος.
2400 4995 2512 5049 Καὶ
2566 4996 2620 5048 τί
2662 4995 3016 5066 φοϐηθέντες,
3066 4996 3122 5051 τί
3153 4995 3534 5069 θαρῤήσομενς
3565 4997 3693 5051 νοῦν
3727 5000 3756 5067 ἢ

2179 5087 2360 5156 λόγον,
2392 5087 2424 5158 ἦ
2459 5089 2666 5158 ἀκοὴνξ
2700 5090 2757 5142 ἐν
2785 5088 2936 5159 τρισὶ¹
2969 5085 3188 5152 τούτοις
3224 5087 3471 5142 κινδύνου
3503 5089 3757 5144 σαλεύονο

2177 5193 2290 5240 τος.
2327 5177 2437 5232 Καὶ
2467 5178 2577 5249 γὰρ
2605 5179 2800 5248 νοῆσαι
2836 5177 3072 5249 χαλεπὸν
3106 5178 3201 5233 καὶ
3231 5177 3570 5250 ἑρμηνεῦσαι
3620 5181 3758 5252 ἁμή·

2183 5287 2346 5342 χανον
2371 5309 2386 5338 ,
2439 5272 2532 5325 καὶ
2587 5271 2758 5342 ἁκοῆς
2815 5270 3239 5344 κεκαθαρμένης
3276 5274 3463 5344 τυχεῖν
3523 5274 3753 5346 ἔργωδέ-

2187 5383 2398 5438 στερον.

504 5425 724 5518 dirinas
758 5460 1048 5532 percipere
1114 5460 1348 5515 arduum
1414 5467 1517 5525 est,
1557 5467 1612 5515 et
1673 5473 1936 5515 enarrare
2010 5425 2349 5531 perdifﬁcile,
2416 5458 2756 5533 maiorisque
2812 5457 3039 5516 tandem
3097 5456 3440 5517 difﬁcultatis
3493 5425 3764 5534 purgatas.

505 5571 671 5613 aures
696 5556 965 5612 nancisci.

577 5673 719 5728 Ibid.
746 5704 813 5714 -
842 5673 981 5739 Quid
1018 5681 1124 5739 est,
1159 5671 1522 5742 quamobrem
1563 5671 1852 5744 quisquam
1887 5671 2074 5726 lauda-

505 5765 672 5821 bilem
725 5780 1018 5821 ascensum
1077 5766 1320 5836 cuipiam
1382 5765 1663 5820 iuvideat?
1726 5766 1805 5820 Ac
1854 5781 2070 5830 rursus,

507 5855 636 5929 quis
677 5855 903 5925 perinde
949 5855 1127 5926 gravis
1169 5869 1353 5920 casus,
1394 5862 1556 5924 alque
1605 5853 1838 5907 elatione
1891 5863 2074 5908 trans--

2249 5666 2346 5731 Τίς
2385 5664 2578 5736 φθόνος
2620 5662 2916 5734 ἐπαινετῆς
2936 5661 3300 5728 ἀνασάπωςς
3326 5660 3442 5718 Καὶ
3469 5661 3525 5719 τί
3556 5661 3745 5731 πτῶμα

2183 5760 2448 5824 τοιοῦτον,
2474 5753 2587 5813 οἷον
2617 5758 2852 5830 ἱπάρσει
2895 5756 3287 5829 περιπαρῆναι,
3321 5757 3416 5810 καὶ
3456 5757 3534 5827 μὴ
3557 5755 3746 5824 γνῶναι

2181 5857 2276 5923 τῆς
2311 5852 2654 5922 ἀνθρωπίνης
2680 5850 2995 5914 ἀναϐάσεως
3015 5850 3114 5912 τὴν
3141 5847 3495 5908 ταπείνωσιν.
3517 5848 3609 5902 καί
3637 5847 3747 5901 ὅσον
