3970 6294
257 339 394 408 1085

1517 357 1762 418 SACRA
1793 357 2257 426 PARALLELA.
2313 393 2317 398 ν

3376 365 3523 429 1086

256 461 333 518 (et
379 456 629 514 λείπεται
674 456 772 516 τοῦ
827 459 1086 534 ἀληθινοῦ
1151 460 1324 534 ῦψους
1369 465 1402 521 ό
1441 466 1663 524 πάντων
1706 467 1843 526 ἀνώο

1962 470 2060 544 igi,
2091 489 2194 530 nec
2225 474 2454 533 humani
2477 491 2744 537 ascensus
2775 490 3110 550 compertam
3155 477 3522 536 humilitatem

253 571 446 629 τερος;

324 741 593 812 Κρεῖσσον
617 743 818 814 καμεῖν
851 743 912 798 ἒν
933 743 1051 808 τοῖς
1076 743 1366 819 λογισμοῖς
1404 745 1547 819 μετά
1573 746 1675 820 τῆς
1711 746 1840 823 όδη·

254 843 377 912 γίας
397 843 492 898 τοῦ
518 842 856 917 Πνεύματος,
877 843 916 920 ἢ
937 846 1245 920 προχείρως
1262 846 1482 904 ἀσεϐεῖν
1499 846 1602 921 τὴν
1627 849 1842 923 pacati)-

255 956 353 1008 νην
382 939 670 997 διώκοντα.

325 1028 462 1085 Οὔτε
489 1031 630 1104 ἀέρα
657 1031 889 1089 ἔπνευσέ
919 1051 1007 1100 τις
1045 1035 1167 1091 ὅλον
1197 1035 1444 1102 πώποτε,
1488 1034 1617 1091 οὒτε
1648 1035 1844 1089 οὐσίαν

258 1124 542 1190 παντελῶς
563 1125 721 1194 Θεοῦ,
749 1127 786 1202 ἢ
825 1126 948 1192 νοῦς
985 1128 1286 1203 ἐχώρησεν,
1321 1127 1356 1201 ἥ
1385 1127 1540 1200 φωνὴ
1575 1125 1838 1201 περιέλα-

257 1216 372 1271 σεν.

333 1307 505 1380 ’Δλλη
559 1308 666 1381 μιν
708 1311 823 1377 τοῖς
874 1313 1381 1386 ἐκκεκαθαρμένοις
1417 1313 1699 1381 παντελῶς
1743 1316 1842 1388 τὴν

256 1397 501 1456 διάνοιαν
543 1401 777 1475 ἁρμόζει
822 1405 856 1477 ἡ
916 1405 1188 1475 θεολογία,
1233 1409 1266 1480 ἡ
1316 1409 1555 1479 μάλιστα
1588 1410 1840 1483 ἀληθήςο

257 1492 394 1565 ἄλλη
415 1493 473 1549 δὲ
504 1499 620 1561 τοῖς
649 1497 888 1562 πολλοῖς,
913 1502 947 1571 ἡ
970 1501 1243 1574 δυναμένη
1273 1503 1371 1574 τὴν
1394 1503 1633 1558 διάνοιαν
1662 1504 1842 1559 αὐτῶν

259 1591 339 1655 είς
386 1591 669 1648 εὐσέϐειαν
701 1593 1058 1650 ἐκκαλεῖσθαι
1108 1597 1202 1651 καὶ
1239 1595 1662 1668 δικαιοπραγίαν
1688 1598 1746 1652 ἐν
1772 1601 1841 1670 τῇ

258 1688 395 1759 πρὸς
427 1687 696 1760 ἀλλήλους
730 1690 1003 1765 κοινωνίᾳ,
1033 1690 1455 1748 ἀπαλλάττουσα
1500 1691 1595 1746 τοῦ
1643 1691 1846 1766 θηριώ-

254 1778 381 1847 δους
413 1781 554 1853 βίου.

1946 562 2173 633 habere,
2208 574 2265 622 et
2314 575 2588 639 quantum
2638 571 2820 630 adhuc
2850 588 2884 630 a
2910 588 3044 631 vero
3094 570 3317 642 fastigio
3350 570 3518 635 absit,

1944 657 2039 729 qui
2064 660 2285 717 cunctis
2315 669 2403 718 est
2439 663 2772 721 sublimior?

2029 747 2116 807 Id.
2149 764 2288 810 orat.
2321 754 2414 811 25.
2438 785 2511 798 -—-
2533 757 2766 816 Praestat
2808 755 3196 815 ratiocinando
3231 749 3370 812 duce
3403 752 3529 827 Spi-

1949 846 2063 903 ritu
2095 847 2582 920 laborare,quam,
2609 851 2743 907 dum
2779 850 2956 907 otium
2985 859 3041 907 et
3067 849 3527 921 tranquillitatem

1946 951 2364 1009 consectamur,
2405 943 2673 1014 praecipiti
2705 958 2840 1000 casu
2871 943 2928 998 in
2961 943 3302 1014 impietatem
3339 955 3524 997 ruere.

2016 1027 2108 1091 Id.
2157 1041 2299 1090 orat.
2351 1033 2389 1089 2
2433 1034 2513 1090 De
2561 1032 2965 1092 Filio.-—-Nec
3000 1049 3184 1090 aerem
3233 1033 3529 1105 quisquam

1948 1130 2126 1181 totum
2211 1140 2455 1198 unquam
2532 1127 2802 1200 spiravit;
2883 1142 2992 1184 nec
3068 1125 3164 1183 Dei
3225 1126 3530 1183 essentiam

1948 1217 2212 1290 perfecte,
2241 1229 2338 1276 aut
2367 1235 2525 1276 mens
2553 1223 2833 1292 concepit,
2858 1211 2953 1277 aut
2980 1236 3086 1277 vox
3114 1221 3401 1293 complexa
3423 1230 3528 1277 est.

1951 1371 1954 1374 ,
2020 1309 2245 1368 Incerti.
2275 1338 2347 1353 -ο
2369 1311 2492 1369 Alia
2527 1312 2805 1384 theologia
2833 1312 2951 1369 illis
2980 1313 3265 1380 convenit,
3292 1326 3531 1385 quorum

1950 1409 2170 1464 animus
2211 1407 2440 1464 omnino
2479 1413 2746 1480 purgatus
2791 1414 2901 1474 est,
2958 1421 3087 1476 quae
3137 1405 3184 1462 si
3232 1405 3531 1462 admodum

1947 1516 2111 1571 vera;
2142 1501 2250 1557 aiia
2277 1515 2404 1573 qua:
2426 1500 2595 1571 vulgo
2620 1499 2892 1572 quadret;
2921 1513 3048 1571 quae
3080 1497 3346 1556 nimirum
3379 1513 3536 1554 men-

1951 1598 2060 1650 tem
2096 1607 2289 1650 eorum
2315 1593 2385 1649 ad
2413 1593 2670 1665 pietatem
2700 1601 2757 1648 ct
2781 1590 3056 1664 justitiam
3085 1591 3264 1663 possit
3286 1590 3532 1654 allicere,

1950 1704 2049 1760 per
2101 1696 2354 1744 mutuum
2395 1686 2789 1745 commercium
2831 1700 2930 1745 eos
2975 1699 3008 1741 a
3059 1685 3172 1741 vita
3198 1684 3377 1742 ferina
3403 1683 3535 1741 abs-

1950 1781 2202 1837 trahens.

325 1875 395 1931 Τί
421 1893 553 1931 ποτε
584 1878 692 1950 ἄρα
721 1878 839 1934 ἐστὶ
858 1879 922 1935 τὸ
951 1878 1090 1952 φῶς,
1184 1881 1248 1935 τὸ
1273 1881 1514 1952 ζοφῶδες
1551 1885 1713 1940 τοῦτο
1740 1884 1841 1956 τῆς

2015 1867 2174 1945 Greg.
2217 1858 2383 1946 Nysi.
2418 1874 2476 1930 in
2502 1873 2539 1931 3
2558 1871 2816 1930 6eatit.—-
2840 1873 2984 1942 Quid
3011 1873 3237 1930 tandem
3265 1871 3402 1928 illud
3425 1878 3533 1937 est,

255 1967 605 2042 ἀνθρωπίνης
657 1969 879 2041 φύσεως
922 1971 1192 2030 σπήλαιον
1233 1973 1295 2026 ἐν
1338 1973 1419 2047 τῷ
1469 1976 1704 2048 παρόντι
1743 1976 1845 2050 βίῳ

254 2058 354 2113 οὐκ
382 2058 796 2128 ἀπαυγάζεταις
825 2062 898 2116 Ἦ
918 2062 1061 2134 τάχα
1078 2064 1214 2135 πρὺς
1239 2063 1558 2137 ἀνήνυστον,
1595 2069 1688 2122 καὶ
1709 2067 1849 2125 ἀκα-

252 2151 529 2223 τάληπτον
551 2154 584 2224 ἡ
609 2153 876 2223 ἐπιθυμία
900 2154 1124 2226 βλέπεις
1157 2156 1257 2223 Τίς
1285 2157 1396 2232 γάρ
1421 2161 1481 2214 ἑν
1509 2162 1644 2232 ἡμῖν
1687 2161 1848 2232 λόγος

252 2241 522 2308 τοιοῦτος,
554 2243 630 2309 ὡς
657 2245 983 2316 ἀνιχνεῦσαι
1015 2247 1114 2303 τοῦ
1143 2249 1485 2322 ζητουμένου
1515 2253 1616 2324 τὴν
1645 2254 1844 2324 φύσινς

251 2337 350 2403 Τίς
410 2336 626 2410 ἐξεύροι
680 2339 963 2412 ὀνομάτων
1009 2358 1072 2396 τε
1116 2343 1212 2398 καὶ
1265 2346 1532 2418 ῥημάτων
1568 2349 1848 2420 σημασίαν

249 2428 534 2501 τοιαύτην,
565 2431 643 2496 ὡς
683 2431 841 2498 ἀξίαν
873 2435 1008 2506 ἡμῖν
1046 2433 1257 2492 ἔννοιαν
1299 2435 1394 2493 τοῦ
1441 2438 1844 2512 ὑπερκειμένου

251 2516 434 2588 φωτὸς
488 2519 890 2590 ἐμποιεῖσθαι;
942 2524 1071 2590 Πῶς
1123 2527 1380 2598 ὀνομάσω
1416 2529 1478 2584 τὸ
1530 2530 1844 2600 ἀθάνατον;

249 2609 374 2676 πῶς
404 2613 745 2685 παραστήσω
773 2617 836 2670 τὸ
863 2615 1061 2687 ἀῦλον;
1090 2618 1208 2684 πῶς
1237 2619 1296 2675 δὲ
1327 2621 1486 2690 δείξω
1512 2623 1574 2677 τὸ
1615 2623 1827 2693 ἀειδές;

247 2700 370 2767 πῶς
400 2705 643 2762 διαλάϐο)
668 2706 731 2761 τὺ
758 2701 1054 2780 ἀμέῒεθες,
1089 2712 1152 2766 τὺ
1181 2713 1408 2784 ἀποσον,
1447 2715 1512 2771 τὸ
1540 2716 1756 2785 ἄποιον,
1786 2718 1849 2773 τὸ

245 2795 688 2868 ἀσχημάτιστον,
720 2798 782 2855 τδ
812 2802 953 2874 μήτε
977 2802 1149 2874 τόπῳ,
1199 2805 1338 2878 μήτε
1379 2807 1559 2882 χρόνῳ
1588 2809 1846 2884 εὑρισκό-

249 2905 441 2960 μενον,
494 2890 559 2945 τὺ
611 2891 883 2965 ἐξώτερον
936 2896 1138 2961 παντὸς
1172 2899 1491 2972 πειρασμοῦ
1537 2904 1635 2958 καὶ
1665 2903 1848 2971 πάσης

246 2981 542 3053 ὁριοτικῆς
583 2986 921 3054 φαντασίας;
962 2983 1024 3044 οῦ
1063 2988 1226 3062 ἔργον
1270 2991 1407 3064 ζωὴ,
1433 2992 1532 3048 καὶ
1560 2996 1595 3068 ἡ
1625 2997 1849 3053 πάντων

248 3075 361 3130 τῶν
398 3077 545 3131 κατά
590 3078 654 3131 τδ
697 3078 905 3149 ἀγαθὸν
938 3080 1251 3154 νοουμένων
1302 3083 1645 3153 ὐπόστασις;
1701 3086 1849 3145 Ἀλλ’

1945 1984 2055 2040 quo
2088 1969 2442 2026 tenebrosum
2458 1968 2565 2026 hoc
2590 1970 2844 2026 humana:
2863 1975 3072 2025 natura:
3092 1980 3312 2025 antrum
3348 1967 3406 2022 in
3430 1966 3536 2022 hac

1947 2062 2059 2118 vita
2093 2063 2507 2119 collustratur?
2535 2065 2621 2119 An
2651 2063 2894 2141 fortasse
2936 2062 2990 2118 id
3032 2063 3136 2119 sibi
3178 2063 3393 2121 frustra
3432 2076 3538 2116 no-

1946 2163 2064 2212 stra
2125 2156 2408 2227 cupiditas
2473 2159 2740 2231 proponit
2807 2156 3162 2224 intuendum,
3231 2156 3379 2228 quod
3440 2170 3539 2212 nec

1949 2249 2249 2321 permeari,
2312 2265 2414 2307 nec
2465 2251 2676 2323 percipi
2731 2251 2942 2323 queat?
2990 2249 3254 2317 Quaenam
3297 2248 3443 2304 enim
3479 2247 3538 2302 in

1953 2342 2118 2400 nobis
2174 2351 2333 2399 tanta
2389 2341 2628 2400 facultas
2666 2342 2740 2400 sit
2806 2343 3070 2411 rationis,
3120 2348 3180 2397 ut
3222 2338 3349 2412 ejus
3393 2336 3539 2412 quod

1963 2437 2255 2509 quaeritur,
2301 2444 2560 2494 naturam
2611 2437 2986 2511 pervestigare
3026 2435 3244 2508 possit?
3271 2433 3541 2502 Quisnam

1949 2539 2162 2589 tantam
2205 2530 2499 2599 nominum
2529 2540 2584 2587 et
2613 2531 3019 2587 vocabulorum
3075 2526 3540 2600 signiﬁcationem

1954 2623 2436 2691 comminiscetur,
2480 2631 2542 2679 ut
2577 2623 2782 2680 summi
2813 2623 2963 2679 illius
2998 2619 3231 2677 luminis
3253 2621 3540 2678 notionem

1951 2713 2116 2771 nobis
2147 2729 2252 2787 pro
2289 2728 2359 2771 eo
2391 2728 2459 2769 ac
2486 2714 2715 2788 dignum
2748 2720 2857 2781 est,
2893 2711 3134 2772 efferat?
3158 2711 3283 2780 Quo
3313 2709 3543 2764 nomine

1949 2807 2007 2865 id
2038 2807 2189 2880 quod
2242 2807 2563 2864 immortale
2618 2815 2730 2874 est,
2770 2807 3086 2880 appellem?
3140 2801 3425 2878 quomodo
3485 2800 3543 2857 id

1949 2899 2100 2974 quod
2141 2902 2404 2971 materia,
2439 2909 2496 2957 et
2533 2902 2682 2973 quod
2731 2900 2916 2958 forma
2961 2907 3148 2966 vacat,
3203 2895 3541 2963 ostendero,

1949 2996 2049 3066 qui
2079 2994 2304 3051 demum
2347 2995 2403 3051 id
2443 2996 2701 3052 oratione
2735 2992 3097 3065 complectar,
3139 2991 3291 3064 quod
3327 2990 3544 3061 magni-

1949 3085 2165 3152 tudine,
2195 3087 2533 3158 quantitate,
2571 3085 2737 3159 304
2759 3085 3034 3158 qualitate
3062 3095 3116 3142 et
3139 3085 3316 3155 ﬁgura
3348 3081 3544 3139 caret?

246 3168 328 3236 ὡς
365 3168 446 3243 μὴ
474 3171 656 3244 μάτην
687 3173 717 3227 ό
758 3171 918 3242 λόγος
945 3173 1123 3249 κάμῃ,
1155 3177 1268 3241 τοῖς
1307 3176 1619 3251 άχωρήτοις
1653 3179 1844 3235 ἑαυτὸν

1962 3177 2101 3250 quod
2126 3194 2228 3237 nec
2251 3179 2306 3235 in
2346 3181 2489 3246 loco,
2519 3195 2624 3235 nec
2656 3179 2711 3234 in
2743 3187 2996 3252 tempore
3044 3178 3362 3244 invenitur;
3391 3175 3538 3248 quod

245 3231 626 3322 ιτὲεὲτέἱνωνέ
682 3231 962 3341 ἀμήχανον
1020 3231 1132 3341 ὶέἰρ
1170 3231 1282 3325 ea
1329 3231 1844 3346 cautelae

1962 3274 2024 3330 ab
2079 3273 2231 3330 omni
2283 3273 2508 3330 termini
2560 3281 2618 3329 et
2670 3231 3015 3330 deﬁnitionis
3048 3269 3239 3343 specie
3293 3269 3540 3328 alienum

245 3356 432 3413 ἐλθεῖν
453 3375 470 3392 ·
520 3358 1115 3434 πολυπραγμονοῦντες
1171 3362 1543 3435 παυσώμεθα,
1588 3367 1844 3422 τοσοῦτον

1962 3381 2073 3440 est;
2104 3372 2270 3443 cujus
2309 3386 2480 3444 opera
2517 3373 2631 3430 vita
2670 3378 2780 3435 est,
2810 3375 2978 3442 atque
3008 3367 3259 3424 omnium
3290 3382 3413 3439 quae
3446 3380 3538 3422 sev

250 3451 421 3523 μόνον
480 3452 547 3507 ἐκ
592 3452 702 3509 τῶν
761 3451 1112 3528 ζητηθέντων
1170 3457 1555 3530 κερδάναντες,
1601 3462 1727 3517 ὅσον
1778 3461 1844 3516 δι’

1962 3465 2194 3521 cundum
2230 3463 2436 3522 bonum
2468 3463 2881 3536 intelliguntur,
2919 3462 3131 3517 creatio
3165 3468 3221 3518 et
3249 3465 3540 3516 sustenta-

243 3545 435 3602 αὐτῶν
457 3545 669 3603 ἔννοιάν
691 3566 814 3607 τινα
843 3550 1110 3622 μεγέθους
1136 3550 1418 3624 ἄφραστον
1469 3553 1842 3610 ἀνατυπὼσα-

1962 3558 2176 3616 culum?
2204 3555 2408 3614 Verum
2441 3571 2513 3614 ne
2546 3571 2734 3613 sermo
2765 3563 2960 3613 noster
2987 3553 3269 3610 incassum
3297 3550 3537 3615 laboret,

246 3635 403 3694 σθαι.
441 3638 606 3694 Ὅσον
628 3637 687 3694 δὲ
710 3641 810 3713 τῆς
847 3642 1106 3711 γνώσεως
1146 3642 1304 3716 ήμῶν
1344 3643 1680 3717 ὑψηλότερον
1701 3640 1844 3703 εἶναι

1962 3651 2086 3705 dum
2129 3650 2194 3705 ad
2230 3663 2296 3706 ea
2322 3662 2447 3721 quae
2486 3646 2608 3719 capi
2640 3661 2752 3704 nou
2783 3653 3045 3718 possunt,
3078 3658 3207 3699 sese
3231 3639 3540 3712 exporrigit

241 3732 307 3789 τὸ
334 3731 549 3803 ἀγαθὸν
575 3735 643 3807 τῇ
668 3733 830 3806 φύσει
860 3735 1218 3807 πιστεύομεν,
1250 3737 1508 3793 τοσοῦτον
1538 3739 1744 3809 μᾶλλον
1783 3739 1844 3794 τὸ

1962 3741 2173 3814 {neque
2214 3741 2365 3798 enim
2411 3741 2529 3797 ﬂeri
2567 3747 2753 3811 potest
2785 3747 2847 3794 ut
2881 3739 2986 3794 hoc
3016 3737 3124 3794 sub
3155 3733 3533 3806 cognitionem

243 3826 454 3894 πένθος
479 3829 695 3894 ἑαυτοῖς
723 3829 1102 3903 ιέπιτείνομεν⁸
1134 3833 1219 3886 ὅτι
1246 3831 1440 3887 τούτου
1477 3831 1573 3888 τοῦ
1604 3834 1841 3906 ὑπεραί-

1962 3837 2172 3907 cadat),
2237 3837 2462 3893 curiose
2510 3836 2617 3891 ista
2647 3895 2649 3898 ς
2684 3834 2972 3906 inquirere
3025 3830 3378 3897 desinamus,
3431 3825 3538 3882 hoc

242 3938 444 3994 ροντος
503 3925 686 3978 πᾶσαν
723 3924 953 3997 δύναμιν
1002 3925 1423 3999 καταληπτικὴν
1469 3929 1529 3984 ὲν
1580 3927 1843 4003 μετουσίᾳ

1962 3938 2165 3986 tantum
2199 3945 2265 3986 ex
2296 3929 2384 3987 bis
2407 3944 2532 4000 quae
2563 3944 2595 3984 a
2627 3926 2792 3984 nobis
2824 3925 3058 3997 quaesita
3088 3932 3240 3993 sunt,
3273 3919 3538 3977 utilitatis

245 4015 388 4071 ποτὲ
418 4011 564 4089 ἦμεν
595 4019 647 4071 οι
667 4017 969 4090 ἅνθρωποι.
1266 4037 1269 4041 '

1962 4021 2270 4086 consecuti,
2313 4022 2458 4093 quod
2510 4035 2610 4091 per
2659 4035 2722 4076 ea
2771 4019 3054 4075 notionem
3094 4016 3390 4088 quamdam
3419 4027 3538 4068 ma-

241 4110 565 4183 gnitudinis
630 4110 1073 4183 inexplicabilem
1125 4114 1314 4170 animo
1365 4115 1528 4174 nobis
1571 4115 1907 4174 eﬂinximus.
1973 4116 2148 4173 Porro
2207 4131 2318 4188 quo
2381 4115 2584 4172 bonum
2653 4112 2791 4169 illud
2859 4118 3054 4184 suapte
3121 4117 3321 4165 natura
3386 4106 3538 4177 cogi-

247 4206 473 4263 tatione
513 4213 706 4262 nostra
753 4221 879 4263 esse
921 4207 1219 4264 sublimius
1275 4209 1580 4276 credimus,
1614 4225 1684 4269 eo
1725 4211 1935 4282 majore
1961 4211 2118 4269 luctu
2143 4207 2450 4279 aﬂicimur;
2515 4208 2782 4280 quoniam
2845 4221 2952 4264 nos
3012 4202 3294 4277 quondam
3360 4200 3538 4258 homi-

247 4314 352 4355 nes
379 4297 484 4353 illo
511 4297 1065 4368 incomprehensibili
1093 4299 1242 4355 bono
1275 4299 1623 4358 fruebamur.

335 4392 675 4463 ’Δκράτητος
718 4391 815 4446 καὶ
844 4390 1249 4464 ούρανοόρόμος
1294 4394 1328 4464 ή
1371 4391 1492 4449 θεία
1516 4393 1703 4465 φύσις,
1737 4396 1838 4450 ἀν-

245 4483 484 4554 έφικτος
508 4484 622 4548 τοῖς
646 4481 959 4550 διώκουσιν,
983 4483 1282 4554 ἐγγίζουσα
1314 4486 1432 4550 τοῖς
1461 4485 1834 4544 πιστεύουσιν.

333 4768 709 4842 ’Ᾱνθρὼπιναι
737 4771 914 4840 λέξεις
958 4772 1094 4828 Θεοῦ
1147 4772 1341 4833 οὐσίαν
1393 4773 1736 4847 ἑρμηνεῦσαι
1782 4775 1846 4833 οὐ

243 4859 532 4916 δύνανται.

325 4952 630 5007 Ἐστινότε
662 4951 751 5006 καὶ
783 4952 1052 5022 θεολογεῖν
1079 4953 1470 5028 ἐπιχειροῦσιν,
1501 4959 1640 5014 ὃπου
1678 4960 1774 5015 καὶ
1812 4962 1845 5033 ἡ

245 5045 484 5120 ἀλήθεια
508 5044 820 5116 ἀνέφικτος,
851 5061 947 5100 και
971 5049 998 5100 ὁ
1020 5049 1326 5122 στοχασμὸς
1351 5051 1720 5117 ἐπικίνδυνος.

317 5227 392 5388 ΕΞ
420 5228 607 5294 ζητεῖς
633 5225 790 5294 θεὸν,
813 5220 862 5283 ὧ
886 5228 1119 5298 διάνοια,
1163 5231 1460 5299 ἐξελθοῦσα
1502 5234 1611 5291 ἀπὸ
1638 5234 1846 5307 σαυτῆς

317 5339 354 5376 α
393 5319 546 5388 qut.
1253 5373 1256 5377 ,

243 5319 524 5392 ἀναζήτει
536 5357 546 5368 ι

243 5459 455 5516 ΤίτλοΔ
479 5501 495 5517 .
517 5491 586 5504 -
608 5461 751 5532 Περὶ
780 5461 1021 5534 ἀγάπης
1059 5461 1160 5518 καὶ
1194 5463 1382 5534 φόϐου
1411 5464 1593 5522 Θεοῦο
1628 5465 1727 5521 καὶ
1755 5466 1843 5523 ὅτι

573 5535 801 5602 παντὸς
831 5534 1057 5605 ἀγαθοῦ
1084 5535 1516 5605 ὑπερέχουσιν.

321 5689 345 5725 ε
389 5669 688 5726 Ἑκάλεσεν
711 5671 940 5740 ἄγγελος
969 5673 1174 5743 Κυρίου
1205 5671 1296 5726 τὸν
1330 5671 1584 5744 Ἀϐραὰμ
1605 5674 1665 5740 ἐξ
1689 5675 1846 5743 ούρα-

243 5759 368 5825 νοῦ,
401 5761 504 5815 καὶ
537 5756 689 5815 εἶπεν
735 5762 915 5833 αὐτῷ·
959 5763 1229 5834 ’Δσραάμ.
1277 5763 1337 5816 '0
1379 5762 1438 5816 δὲ
1479 5759 1671 5820 εἶπεν-
1709 5766 1840 5820 Ἰδοὺ

245 5855 384 5926 ιγώ.
409 5849 557 5908 Eiet;
579 5854 654 5909 δέ·
675 5856 764 5924 Μὴ
797 5856 1058 5927 ἐπιθάλῃς
1077 5856 1173 5928 τὴν
1194 5857 1350 5927 χεῖρά
1378 5873 1473 5912 σου
1499 5858 1587 5913 ἐπὶ
1612 5857 1670 5913 τδ
1703 5875 1834 5916 παι-
1878 5933 1881 5935 Α

2016 4393 2216 4466 Chrys.
2277 4393 2334 4449 in
2379 4390 2443 4450 S.
2507 4390 2687 4462 Steph.
2725 4386 3014 4445 ~Divina
3062 4393 3262 4443 natura
3309 4392 3535 4458 captum

1941 4503 2168 4546 omnem
2201 4487 2442 4547 excedit.
2480 4494 2648 4557 atque
2680 4487 2734 4540 in
2772 4485 2974 4540 caelum
3003 4483 3274 4546 excurrit,
3320 4491 3381 4536 ut
3418 4497 3533 4537 non

1875 4561 1922 4620 ί)
1952 4598 1982 4636 a
2016 4579 2488 4653 persequentibus
2535 4587 2706 4651 queat
2747 4578 2894 4649 capi,
2927 4585 2984 4633 et
3015 4577 3086 4634 iis
3124 4577 3219 4648 qui
3254 4575 3362 4633 tide
3392 4589 3535 4648 prae-

1947 4671 2050 4728 diti
2088 4679 2246 4738 sunt,
2273 4673 2530 4743 proxima
2567 4671 2659 4726 sit.

2017 4764 2254 4836 Didymi.
2287 4792 2356 4805 --
2380 4761 2633 4818 Humana
2678 4761 2849 4820 verba
2896 4761 2989 4817 Dei
3021 4759 3325 4817 essentiam
3354 4775 3534 4815 enun-

1947 4857 2090 4915 tiare
2113 4867 2418 4927 nequeunt.

2021 4948 2163 5007 Nili.
2198 4949 2580 5007 winterdum
2605 4949 2771 5005 etiam
2807 4949 2877 5004 de
2909 4948 3119 5004 divinis
3160 4944 3326 5003 rebus
3355 4945 3533 5001 disse-

1947 5060 2072 5101 rere
2101 5051 2420 5112 conantur;
2475 5043 2570 5100 ubi
2625 5058 2731 5100 nec
2783 5041 3341 5118 veritatemlassequi
3375 5040 3534 5112 quis-

1945 5154 2112 5211 quam
2141 5139 2346 5212 possit,
2387 5149 2443 5195 et
2468 5137 2808 5210 coniecturis
2833 5137 2915 5192 uti
2948 5135 3324 5209 periculosum
3354 5141 3460 5189 est.

2019 5231 2287 5290 Philonis.
2316 5230 2463 5288 -Si
2497 5231 2668 5288 Deum
2700 5230 2928 5304 quaeris,
2959 5245 2995 5286 ο
3025 5243 3207 5296 mens,
3240 5241 3308 5285 ex
3345 5226 3523 5298 teipsa

1943 5325 2147 5382 excede
2171 5333 2234 5382 ut
2262 5337 2505 5399 quaeras.

1945 5462 2053 5522 Τὶι.
2097 5461 2191 5520 Π.
2221 5495 2293 5508 -ρ
2313 5464 2393 5522 De
2437 5481 2621 5520 amore
2647 5473 2697 5522 et
2730 5467 2914 5520 timore
2946 5463 3067 5533 Dei,
3095 5473 3148 5521 et
3193 5464 3342 5535 quod
3381 5475 3532 5517 omne

2487 5537 2679 5592 bonum
2703 5546 2985 5606 superent.

2017 5669 2145 5726 Gen.
2175 5686 2312 5737 xm,
2349 5669 2440 5738 ll,
2471 5671 2564 5729 i2.
2585 5701 2654 5712 -—
2689 5691 2709 5724 r
2748 5669 2816 5727 Et
2847 5673 3064 5729 vocavit
3092 5671 3326 5743 angelus
3350 5670 3531 5730 Abra-

1943 5767 2072 5823 ham
2100 5765 2168 5823 de
2198 5767 2361 5832 coelo,
2390 5765 2586 5824 dicens
2616 5769 2702 5825 ei:
2730 5767 3036 5848 abnuant.
3062 5767 3168 5835 Qui
3197 5766 3524 5846 respondit:

1944 5861 2189 5922 Adsum;
2230 5859 2478 5921 dixituuc
2517 5861 2608 5918 ei:
2654 5860 2732 5919 Ne
2781 5863 3052 5936 extendas
3098 5877 3320 5918 manum
3368 5868 3520 5918 tuam
