3970 6294
254 346 386 415 1089

1510 343 1743 402 SACRA
1784 339 2246 402 PARALLELA.

3369 327 3506 395 1090

315 491 338 527 0
383 468 608 543 Πνεῦμα
655 468 1009 542 φοϐουμένων
1061 464 1268 538 Κύριον
1318 461 1580 536 ζήσεται⁶
1630 458 1665 529 ἡ
1703 458 1797 531 τὰς

1995 452 2169 510 Batti.
2221 467 2409 520 xxxw,
2465 452 2556 515 14,
2607 450 2696 506 19.
2736 480 2803 493 -
2831 468 2851 502 0
2899 447 3144 521 Spiritus
3189 445 3505 504 timentium

243 567 394 630 ἐλπὶς
437 563 618 620 αὐτῶν
663 563 756 619 ἰπὶ
801 561 894 617 τὸν
925 559 1168 625 σώζοντα
1222 555 1444 620 αὐτούς.
1514 553 1814 624 Ὀφθαλμοὶ

241 659 448 731 Κυρίου
485 656 579 710 ἐπὶ
623 655 756 718 τοὺς
795 652 1131 723 ἀγαπῶντας
1172 649 1367 707 αὐτόν·
1399 646 1668 720 ὀφθαλμοὶ
1697 647 1816 702 Κυ-

240 749 356 823 ρίου
379 748 472 804 ἰπὶ
498 748 628 813 τοὺς
650 745 1019 818 φοϐουμόνους
1044 745 1230 801 αὐτόν.
1278 763 1299 798 0

314 858 334 892 0
379 839 446 895 Οί
494 837 823 910 φοϐούμενοι
871 835 1113 910 Κύριον,
1172 835 1506 908 ἀναμείνατε
1553 834 1618 889 τὸ
1665 832 1813 898 ἔλεος

239 930 424 999 αὐτοῦ,
461 931 556 986 καὶ
589 929 665 1004 μὴ
689 929 997 997 ὲκκλίνατε,
1028 929 1114 984 ἵνα
1142 929 1219 1003 μὴ
1250 928 1478 1000 πέσητε.
1519 926 1584 980 Οἱ
1616 923 1815 996 φοϐού-

241 1041 393 1095 μενοι
460 1023 666 1096 Κύριον
717 1023 819 1078 οὐκ
887 1021 1248 1095 ἀπειθήσουσι
1309 1020 1574 1094 ῥημάτων
1620 1015 1813 1074 αὑτοῦ·

237 1117 332 1171 καὶ
373 1117 422 1171 οί
474 1113 799 1188 ἀγαπῶντες
850 1114 1048 1184 αὐτὸν,
1093 1113 1474 1170 συντελέσουσι
1515 1111 1616 1177 τάς
1660 1109 1814 1176 ὁδοὺς

234 1209 422 1266 αὐτοῦ.
471 1229 491 1264 ι

309 1321 328 1355 0
374 1301 466 1374 Τῷ
486 1299 807 1373 φοϐουμένῳ
831 1299 921 1355 τὸν
941 1299 1147 1372 Κύριον
1165 1298 1267 1354 οὒκ
1295 1297 1598 1369 ἀπαντήσει
1619 1295 1810 1360 κακὸν,

233 1393 348 1450 ἀλλ’
375 1397 436 1450 δν
468 1393 761 1466 πειρασμῷ
793 1392 889 1448 καί⁸
917 1393 1067 1468 πάλῃ
1095 1393 1380 1460 ὲξελεϊται.
1406 1392 1681 1464 Χρήματα
1715 1389 1812 1444 καὶ

232 1484 264 1553 ἡ
294 1482 448 1552 ἰσχὺς
481 1481 747 1554 ἀνυψοῦσι
782 1480 1034 1554 καρδίαν,
1072 1482 1168 1536 καὶ
1215 1481 1356 1552 ὑπὲρ
1381 1481 1671 1553 ἀμφότερα
1711 1480 1811 1550 φό-

231 1574 323 1636 ϐος
357 1573 586 1647 Κυρίου.
634 1592 656 1626 0

305 1684 325 1717 0
381 1665 440 1722 ὀ
475 1665 812 1739 φοϐούμενος
835 1664 1041 1741 Κύριον
1081 1661 1297 1720 εὐθύνει
1327 1663 1514 1734 φίλους
1549 1661 1736 1718 αὑτοῦ.
1783 1680 1804 1716 ι

303 1864 323 1898 0
380 1845 471 1900 'Ev
500 1845 651 1919 φόϐῳ
679 1843 887 1917 Κυρίου
920 1843 1065 1900 ἔστω
1100 1842 1160 1897 τὸ
1196 1841 1462 1915 καύχημά
1506 1858 1623 1897 σου.
1671 1859 1690 1894 ι

303 2044 322 2078 0
364 2025 596 2096 Σπέρμα
625 2024 845 2096 ἔντιμον
890 2025 1079 2090 ποῖον;
1111 2024 1174 2078 Οί
1207 2021 1534 2095 φοϐούμενοι
1563 2018 1658 2074 τὸν
1690 2019 1805 2073 Κύ-

231 2136 363 2192 ριον.
395 2117 657 2184 Πλούσιως
696 2119 794 2174 καὶ
834 2118 1066 2187 ἔνδοξος,
1095 2117 1189 2172 καὶ
1230 2117 1420 2190 πένης,
1451 2115 1513 2170 τὸ
1540 2113 1805 2186 καύχημα

225 2213 426 2280 αὐτῶν,
462 2211 625 2283 φόϐος
654 2211 884 2285 Κυρίου.
935 2229 954 2264 ι

300 2323 320 2359 ι
367 2307 432 2361 Ol
475 2305 802 2377 φοϐούμενοι
843 2305 1070 2379 Κύριον,
1106 2304 1433 2360 πιστεύσατε
1480 2303 1653 2376 αὐτῷ,
1704 2304 1803 2358 καὶ

222 2399 282 2453 οὐ
321 2399 401 2473 μὴ
438 2399 584 2472 πέσῃ
614 2398 644 2452 ό
677 2399 871 2469 μισθὸς
899 2398 1075 2472 ὑμῶν.
1109 2399 1174 2452 Ol
1203 2397 1530 2470 φοϐούμενοι
1574 2397 1801 2469 Κύριον,

220 2492 480 2547 ελπίσατε
519 2493 601 2557 είς
628 2489 831 2563 ἀγαθὰ,
860 2492 953 2546 καὶ
976 2491 1057 2559 είς
1079 2490 1422 2563 εὐφροσύνην
1457 2488 1678 2545 αίώνιον
1708 2487 1804 2544 καί⁷

219 2583 391 2648 ἕλεος.
439 2602 460 2635 0
1559 2639 1561 2641 ,

294 2696 315 2730 0
360 2677 642 2747 Μεγιστάν
663 2676 760 2731 καὶ
789 2674 1006 2748 κριτὴς,
1029 2675 1127 2729 καὶ
1160 2671 1432 2745 δυνάστης
1458 2671 1799 2742 δοξασθήσε-

216 2786 329 2836 ται,
366 2770 462 2824 καὶ⁸
491 2770 595 2824 οὐκ
619 2767 766 2825 ἐστιν
788 2767 968 2825 αὐτῶν
998 2785 1083 2834 τις
1119 2767 1318 2840 μείζων
1341 2765 1436 2822 τοῦ
1463 2764 1800 2838 φοϐουμένου

216 2862 310 2918 τὸν
343 2862 577 2936 Κύριον.
622 2881 644 2916 0

294 2975 314 3010 0
363 2955 524 3010 Πᾶσα
549 2953 710 3023 σοφία
736 2952 898 3031 φόϐος
922 2950 1150 3024 Κυρίου.
1172 2949 1340 3006 Οὐδὲν
1361 2950 1608 3021 κρεῖττον
1633 2947 1802 3018 φόϐου

214 3048 452 3122 Κυρίου,
484 3047 582 3102 καὶ
620 3046 774 3102 οὐδὲν
801 3041 1134 3118 γλυκύτερον
1184 3041 1280 3099 τοῦ
1317 3041 1611 3117 προσέχειν
1651 3042 1801 3095 ἐντο-

212 3143 335 3207 λαῖς
359 3141 594 3215 Κυρίου.
641 3157 660 3192 ι

287 3347 305 3379 0
362 3325 426 3378 '0
460 3323 800 3395 φοϐούμενος
847 3321 1080 3392 Κύριον,
1127 3318 1284 3372 οὐδὲν
1330 3314 1795 3389 εὐλαϐηθήσεται.

208 3418 555 3490 Φοϐουμένου
597 3414 823 3488 Κύριον,
861 3413 1109 3485 μακαρία
1138 3413 1172 3484 ἡ
1200 3411 1369 3483 ψυχή.
1417 3428 1436 3462 0

284 3531 307 3567 ι
365 3512 429 3567 '0
466 3509 797 3581 φοϐούμενος
824 3505 1052 3578 Κύριον,
1084 3503 1360 3571 ἐκδέξεται
1385 3501 1657 3558 παιδείαν.
1699 3519 1720 3578 0

283 3711 304 3744 0
352 3692 419 3746 Ol
446 3688 772 3762 φοϐούμενοι
809 3686 1037 3759 Κύριον,
1071 3686 1359 3759 εὑρήσουσι
1389 3687 1565 3758 κρῖμα
1592 3683 1688 3740 καὶ
1711 3685 1796 3741 δι..

207 3783 526 3858 καιώματα,
568 3782 665 3838 καὶ
692 3782 769 3847 ὡς
800 3780 918 3852 φῶς
946 3778 1336 3851 ἐκλάμψουσιν.
1381 3796 1401 3832 ι

283 3983 301 4016 0
351 3962 470 4019 οὐκ
525 3963 672 4016 ἔστιν
720 3961 780 4015 ὲν
826 3958 977 4032 φόϐῳ
1027 3959 1234 4032 Κυρίου
1277 3959 1594 4024 ἐλάττωσις,
1628 3960 1792 4030 φόϐος

207 4058 440 4128 Κυρίου,
467 4054 542 4121 ὡς
579 4054 910 4124 παράδεισος
941 4052 1220 4123 εὐλογίας.
1268 4071 1289 4106 ι

280 4273 300 4307 ι
344 4253 441 4324 Μὴ
479 4250 735 4322 φοϐεῖσθε
763 4248 872 4305 ἀπὸ
901 4247 1013 4304 τῶν
1044 4249 1476 4307 ἀποκτεινόντων
1503 4249 1564 4304 τὸ
1601 4248 1787 4322 σῶμα,

203 4347 302 4419 τὴν
332 4347 392 4400 δὲ
423 4345 602 4418 ψυχὴν
636 4343 711 4417 μὴ
743 4344 1059 4415 δυναμένων
1103 4344 1460 4400 ἀποκτεῖναιο
1508 4343 1788 4417 φοϐήθητε

201 4438 257 4491 δὲ
291 4438 496 4511 μᾶλλον
526 4435 618 4491 τὸν
639 4435 939 4506 δυνάμενον
968 4435 1064 4490 καὶ
1111 4435 1293 4508 ψυχὴν
1320 4436 1417 4491 καὶ
1445 4435 1605 4508 σῶμα
1644 4437 1786 4494 ἀπο-

202 4531 356 4586 λέσαι
387 4533 447 4586 ὲν
477 4531 690 4602 γεέννῃ.
738 4549 759 4583 ι

277 4644 298 4676 0
342 4621 546 4688 Καθὼς
602 4624 855 4697 ἠγάπησέ
905 4639 974 4694 με
1022 4623 1052 4677 ό
1082 4621 1296 4694 Πατὴρ,
1326 4621 1485 4692 κάγὼ
1518 4621 1782 4694 ἠγάπησα

205 4718 373 4788 ὑμᾶς.
407 4717 650 4773 Μείνατε
679 4717 738 4769 ὲν
760 4719 828 4788 τῇ
863 4716 1053 4788 ἀγάπῃ
1083 4718 1150 4788 τῇ
1179 4715 1310 4786 ἐμῇ.
1353 4715 1479 4769 Ἐὰν
1505 4715 1606 4779 τάς
1634 4715 1784 4768 ἐντο-

201 4809 301 4874 λάς
326 4826 432 4880 μου
464 4808 764 4881 τηρήσητε,
804 4810 1015 4878 μενεῖτε
1044 4809 1103 4861 ὲν
1136 4810 1202 4879 τῇ
1234 4807 1422 4879 ἀγάπη
1453 4825 1577 4877 μου,
1602 4806 1786 4872 καθὼς

202 4903 312 4970 ἐγὼ
333 4905 436 4968 τὰς
459 4901 678 4966 ἐντολὰς
703 4901 800 4956 τοῦ
831 4902 1042 4974 Πατρός
1069 4919 1169 4972 μου
1192 4902 1489 4974 τετήρηκα,
1515 4902 1610 4956 καὶ
1641 4900 1786 4958 μένω

203 4996 370 5050 αὑτοῦ
401 4999 460 5050 ὲν
488 5000 554 5067 τῇ
585 4995 795 5070 ἀγάπῃ.
844 5015 862 5047 ι

277 5107 301 5141 Δι
355 5087 603 5154 Ἀνοίξας
641 5088 846 5159 Πέτρος
875 5088 936 5142 τὸ
967 5088 1142 5159 στόμα
1171 5081 1325 5142 εἶπεν
1345 5103 1359 5119 ·
1400 5087 1524 5141 Ἐπὶ
1555 5085 1784 5158 ἀληθείᾳ

204 5177 723 5248 καταλαμϐάνομαι,
780 5179 863 5232 ὅτι
918 5179 1021 5232 οὐκ
1072 5179 1188 5233 ἐστι
1237 5178 1711 5249 προσωπολήπτης
1755 5177 1784 5228 ὁ

205 5269 360 5336 Θεὸς,
392 5268 530 5323 ἀλλά
559 5269 617 5323 ἐν
664 5271 828 5325 παντὶ
871 5269 1014 5324 ἔθνει
1048 5272 1077 5326 ό
1108 5269 1443 5342 φοϐούμενος
1472 5271 1651 5333 αὐτὸν,
1689 5269 1782 5324 καὶ

205 5361 572 5433 ἐργαζόμενος
607 5361 972 5435 δικαιοσύνην,
1002 5363 1189 5428 δεκτὸς
1217 5362 1370 5435 αύτῷ
1405 5363 1571 5418 ἔστιν.
1619 5382 1638 5415 0

279 5474 299 5507 0
347 5455 587 5528 Οἴδαμεν
613 5457 696 5510 ὅτι
726 5459 838 5523 τοῖς
864 5458 1120 5526 ἀγαπῶσι
1146 5457 1238 5511 τὸν
1265 5456 1400 5511 Θεὸν
1446 5456 1624 5511 πάντα
1654 5473 1783 5510 συν·

205 5549 360 5621 εργεῖ
390 5547 472 5612 είς
501 5547 726 5619 ἀγαθόν.
773 5568 794 5604 0

273 5659 303 5693 0
350 5639 421 5693 Et
463 5657 549 5706 τις
602 5642 796 5716 ἀγαπᾷ
842 5642 934 5698 τὸν
977 5643 1132 5712 Θεὸν,
1179 5635 1334 5707 οὗτος
1381 5643 1652 5715 ἔγνωσται
1689 5644 1780 5699 ὕπ’

201 5732 402 5789 αὐτοῦ.
439 5753 470 5788 Δι
548 5782 551 5783 ,

275 5827 447 5893 Φόϐος
474 5828 698 5905 Κυρίου,
730 5830 1029 5905 καθάρσιον
1059 5831 1259 5904 ψυχῆς,
1301 5834 1443 5888 κατά
1471 5833 1570 5907 τὴν
1614 5833 1779 5909 εὐχὴν

1919 545 2090 601 Deum
2141 544 2290 600 vivet
2337 563 2352 599 :
2405 558 2533 615 spes
2587 541 2738 597 enim
2791 540 3016 596 illorum
3059 539 3116 595 in
3150 538 3412 603 salutem,
3450 545 3506 592 et

1916 637 2067 694 oculi
2095 635 2191 692 Dei
2223 639 2279 692 in
2302 635 2599 707 diligentes
2629 650 2710 690 se.
2737 633 2896 691 Oculi
2938 632 3159 689 Domini
3186 645 3355 704 super
3388 644 3503 687 me-

1916 734 2142 785 tuentes
2161 743 2309 784 eum.
2348 744 2367 779 0
3178 770 3184 775 .

1988 819 2161 876 Eccli.
2195 835 2258 884 ιι,
2288 815 2347 884 7,
2391 817 2480 874 l8.
2510 847 2575 858 α-
2600 835 2620 868 ι
2658 815 2963 872 Metuentes
2997 812 3502 881 Dominum,susti-

1915 922 2045 972 nete
2104 909 2547 970 misericordiam
2602 910 2744 981 ejus,
2788 920 2844 964 et
2899 923 3011 964 non
3065 898 3397 974 dellectatis,
3433 923 3502 963 ne

1903 989 2153 1064 "cedatis.
2181 1005 2289 1073 Qui
2319 1005 2522 1061 timent
2557 1003 2878 1067 Dominum,
2914 1015 3027 1058 non
3055 1006 3223 1058 erunt
3259 999 3500 1057 incredi-

1915 1099 2059 1157 biles
2087 1099 2273 1155 verbis
2297 1097 2484 1165 illius;
2519 1103 2574 1153 et
2600 1095 2698 1168 qui
2727 1093 2968 1166 diligunt
2994 1093 3174 1162 illum,
3210 1108 3500 1150 conserva-

1914 1193 2056 1250 bunt
2080 1195 2194 1252 vias
2223 1194 2396 1250 illius.
2426 1212 2446 1247 0

1987 1287 2150 1344 Eccti.
2184 1304 2375 1355 xum,
2409 1287 2461 1343 1.
2486 1316 2558 1330 --
2584 1301 2605 1339 0
2649 1282 2888 1340 Timenti
2920 1281 3214 1338 Dominum
3247 1298 3359 1338 non
3400 1298 3496 1338 oc-

1911 1387 2138 1438 current
2181 1381 2347 1446 mala,
2383 1378 2480 1437 sed
2515 1379 2572 1434 in
2603 1376 2909 1434 tentatione
2951 1383 3007 1431 et
3041 1375 3192 1432 lucta
3233 1375 3496 1432 liberabit

1911 1488 2060 1530 eum.
2086 1472 2402 1528 Facultates
2428 1478 2485 1528 et
2515 1471 2695 1526 virtus
2733 1467 2983 1525 exaltant
3018 1482 3117 1524 cor
3147 1467 3300 1549 :_sed
3329 1483 3497 1540 super
3567 1518 3571 1522 .

1911 1565 2026 1621 haec
2049 1566 2219 1621 timor
2255 1563 2494 1620 Domini.
2526 1581 2546 1616 0

1981 1658 2154 1713 Eccli.
2197 1673 2292 1726 ιι,
2339 1657 2430 1712 26.
2476 1686 2548 1698 --
2591 1673 2612 1710 ι
2645 1654 2752 1724 Qui
2800 1654 2956 1711 timet
3001 1652 3315 1721 Dominum,
3353 1653 3496 1711 diri-

1912 1752 1992 1823 git
2019 1751 2233 1807 amicos
2261 1765 2416 1808 suos.
2449 1767 2471 1802 0

1842 1841 1883 1896 Β
1981 1843 2152 1898 Eccli.
2183 1858 2259 1909 ιτ,
2287 1841 2378 1898 22.
2416 1871 2488 1884 -
2523 1860 2543 1895 0
2571 1840 2633 1898 ln
2669 1841 2870 1900 timore
2915 1838 3136 1898 Domini
3178 1839 3252 1896 sit
3289 1838 3494 1911 gloria-

1843 1955 1846 1958 '
1906 1937 1985 1994 tio
2018 1944 2136 1991 tua.
2180 1955 2200 1991 0

1977 2027 2150 2083 Eccli.
2182 2044 2239 2093 ι,
2264 2028 2360 2094 25,
2392 2027 2485 2084 25.
2520 2057 2588 2069 —
2617 2047 2636 2081 0
2680 2029 2881 2084 Semen
2929 2022 3257 2083 honorabile
3287 2021 3492 2094 quale?

1905 2121 1998 2194 qui
2035 2123 2232 2178 timent
2265 2122 2582 2179 Dominum.
2618 2122 2800 2188 Dives,
2841 2128 2897 2178 et
2927 2120 3236 2192 gloriosus,
3269 2128 3324 2175 et
3353 2134 3490 2190 pau-

1905 2230 2028 2288 per,
2054 2215 2316 2286 gloriatio
2337 2230 2530 2271 eorum
2555 2216 2723 2272 timor
2759 2214 2998 2271 Domini.
3041 2231 3062 2266 0

1970 2307 2136 2361 Eccli.
2175 2322 2234 2371 ιι,
2270 2308 2324 2372 8,
2360 2306 2415 2362 9.
2449 2340 2501 2351 -
2540 2325 2559 2360 0
2596 2306 2701 2374 Qui
2743 2306 2952 2363 timetis
2992 2305 3314 2372 Dominum,
3365 2321 3490 2361 cre-

1905 2394 2020 2451 dite
2062 2395 2177 2464 illi;
2219 2405 2274 2452 et
2323 2411 2434 2452 non
2485 2398 2850 2454 evacuabitur
2881 2409 3095 2452 merces
3121 2404 3326 2453 vestra.
3379 2396 3483 2463 Qui

1904 2486 2114 2542 timetis
2152 2487 2467 2556 Dominum,
2506 2498 2730 2561 sperate
2763 2490 2931 2554 bona,
2961 2495 3016 2544 et
3046 2487 3301 2547 laetitiam
3337 2506 3486 2548 sem-

1901 2579 2199 2650 piternam,
2229 2590 2287 2637 et
2315 2583 2779 2642 misericordiam.
2807 2567 2835 2638 '0
2998 2639 3004 2645 .

1975 2669 2145 2728 Eccli.
2175 2688 2235 2740 ιι,
2264 2671 2361 2730 27.
2390 2704 2462 2716 --
2505 2693 2525 2728 0
2562 2676 2816 2748 Magnus,
2853 2685 2908 2733 et
2944 2677 3137 2749 judex,
3187 2684 3242 2734 et
3287 2686 3484 2748 potens

1903 2762 2007 2817 erit
2035 2763 2089 2817 in
2131 2764 2346 2822 honore
2386 2783 2402 2821 :
2446 2775 2502 2823 et
2535 2781 2646 2823 non
2681 2775 2767 2824 est
2814 2769 2993 2842 major
3046 2769 3143 2825 illo
3188 2769 3285 2841 qui
3328 2769 3485 2825 timet

1903 2852 2222 2910 Dominum.
2265 2874 2286 2910 0

1971 2944 2142 3002 Eccli.
2174 2965 2290 3017 xix,
2325 2949 2420 3016 28,
2461 2950 2554 3008 l8.
2590 2981 2660 2994 --
2705 2970 2725 3005 0
2749 2950 2944 3011 Omnis
2988 2954 3262 3027 sapientia
3312 2955 3483 3012 timor

1901 3037 2142 3096 Domini.
2201 3039 2353 3098 Nihil
2405 3044 2607 3102 melius
2651 3059 2814 3116 quam
2871 3047 3038 3104 timor
3102 3046 3320 3123 Domini
3362 3064 3377 3104 :
3426 3059 3483 3105 et

1901 3131 2042 3187 nihil
2087 3132 2331 3204 dulcius,
2380 3151 2553 3208 quam
2601 3138 2882 3210 respicere
2933 3137 2993 3195 in
3047 3140 3326 3197 mandatis
3368 3139 3483 3198 Do-

1823 3191 1872 3254 Ο
1905 3223 2062 3280 mini.
2104 3244 2126 3278 0

1976 3315 2146 3374 Eccli.
2175 3335 2334 3388 mn,
2361 3319 2454 3377 57.
2486 3353 2556 3365 —-
2589 3342 2609 3376 0
2640 3324 2746 3392 Qui
2779 3325 2939 3384 timet
2983 3325 3298 3395 Dominum,
3335 3329 3477 3386 nihil

1903 3409 2226 3482 trepidabit.
2266 3413 2539 3472 Timentis
2572 3415 2865 3474 Dominum
2892 3419 3054 3476 beata
3089 3429 3177 3477 est
3203 3421 3409 3478 anima.
3451 3444 3470 3478 0

1973 3502 2144 3560 Εειιὶ.
2176 3522 2367 3577 xxxiv,
2393 3508 2483 3564 l7.
2510 3539 2583 3551 —
2618 3527 2637 3564 0
2670 3508 2776 3580 Qui
2809 3511 2968 3568 timet
2993 3511 3310 3584 Dominum,
3336 3519 3477 3573 acci-

1901 3597 2010 3668 piet
2039 3598 2416 3671 disciplinam.
2450 3620 2470 3654 0
2570 3666 2574 3670 ι

1971 3688 2143 3748 Eccli.
2173 3709 2344 3761 xxxii,
2381 3694 2466 3751 l6.
2509 3724 2578 3738 —
2623 3716 2642 3750 0
2675 3696 2780 3766 Qui
2819 3699 3017 3759 timent
3053 3701 3347 3759 Dominum
3385 3705 3474 3758 in-

1898 3785 2121 3842 venient
2145 3786 2415 3857 judicium
2452 3789 2976 3864 etjustilicationes,
2999 3805 3054 3853 et
3086 3797 3256 3853 utlux
3294 3795 3470 3870 fulge-

1896 3876 2055 3933 bunt.
2097 3897 2117 3931 0

1966 3969 2136 4026 Eccli.
2179 3987 2268 4040 ιιι,
2304 3973 2396 4039 26,
2421 3973 2513 4040 27,
2550 4005 2621 4015 -
2673 3994 2693 4028 0
2726 3975 2846 4034 Non
2885 3990 2970 4036 est
3018 3980 3073 4038 in
3120 3983 3320 4040 timore
3364 3986 3468 4041 Do-

1896 4062 2030 4116 mini
2057 4062 2392 4122 imminutio.
2421 4063 2614 4122 Timor
2643 4065 2858 4124 Domini
2889 4071 3036 4128 sicut
3063 4073 3352 4144 paradisus
3374 4075 3468 4132 be—

1896 4155 2252 4212 nedictionis.
2287 4175 2306 4209 0

1966 4245 2162 4304 Hau/0.
2187 4265 2242 4316 ιι,
2265 4250 2358 4307 28.
2388 4281 2461 4292 -
2491 4273 2509 4306 0
2533 4251 2712 4311 Nolite
2743 4256 2936 4313 timere
2963 4272 3058 4315 eos
3078 4258 3170 4330 qui
3205 4260 3466 4318 occidunt

1893 4355 2121 4413 corpus,
2160 4345 2396 4400 animam
2425 4352 2751 4404 autemnon
2787 4360 3023 4421 possunt
3048 4353 3340 4411 occidere:
3368 4356 3463 4412 sed

1892 4437 2079 4508 potius
2110 4452 2234 4494 eum
2267 4439 2476 4505 timete,
2529 4440 2621 4512 qui
2673 4451 2856 4515 potest
2886 4459 3091 4518 corpus
3133 4456 3189 4504 et
3221 4451 3459 4506 animam
3490 4513 3493 4516 ,

1813 4566 1860 4626 D
1891 4529 2126 4603 perdere
2162 4529 2214 4585 in
2247 4530 2584 4602 gehennam.

1958 4621 2120 4678 Joan.
2155 4639 2247 4693 xv,
2288 4625 2341 4689 9,
2370 4625 2457 4681 l0.
2481 4658 2552 4669 —
2588 4648 2606 4682 0
2649 4628 2805 4687 Sicut
2829 4631 3027 4689 dilexit
3057 4649 3143 4690 me
3183 4623 3364 4700 Pater,
3399 4648 3460 4694 ‘et

1886 4729 1986 4785 ego
2026 4715 2194 4771 dilexi
2235 4734 2354 4774 vos.
2378 4718 2594 4776 Manete
2625 4721 2680 4776 in
2709 4721 3008 4780 dilectione
3048 4742 3189 4782 mea.
3229 4728 3288 4781 bi
3323 4745 3458 4800 pne-

1886 4814 2042 4876 cepta
2080 4823 2202 4864 mea
2249 4811 2627 4878 servaveritis,
2673 4813 2837 4887 306
2886 4817 3178 4874 manebitis
3224 4820 3280 4875 in
3321 4821 3461 4877 dile-

1885 4899 2068 4954 ctione
2105 4914 2245 4968 mea,
2290 4902 2435 4958 sicut
2465 4914 2519 4958 et
2557 4919 2657 4975 ego
2690 4904 2870 4964 Patris
2906 4909 3008 4964 mei
3051 4910 3308 4968 mandata
3344 4929 3459 4968 ser-

1886 4991 2033 5054 vavi,
2069 4999 2122 5046 et
2146 5007 2342 5049 maneo
2366 4993 2422 5049 in
2449 4995 2567 5065 ejus
2593 4997 2915 5056 dilectione.
2944 5021 2963 5054 ε

1955 5085 2073 5139 Act.
2105 5100 2162 5151 ι,
2186 5086 2276 5142 54.
2307 5112 2381 5128 --
2414 5107 2434 5141 0
2461 5090 2732 5161 Aperiens
2764 5094 2967 5150 Petrus
3002 5111 3063 5151 os
3093 5113 3255 5153 suum
3279 5098 3455 5159 dixit:

1886 5174 1943 5230 ln
1974 5177 2208 5233 veritate
2237 5181 2504 5251 comperi,
2535 5185 2680 5252 quod
2715 5200 2825 5240 non
2853 5195 2936 5244 est
2965 5203 3331 5258 personarum
3364 5209 3457 5247 ac-

1885 5276 2080 5338 ceptor
2110 5267 2277 5337 Deus,
2305 5270 2405 5328 scd
2430 5273 2486 5328 in
2517 5276 2668 5330 omni
2695 5288 2878 5347 gente.
2913 5280 3006 5351 qni
3036 5280 3193 5336 timet
3219 5296 3368 5350 eum,
3401 5293 3457 5340 et

1883 5359 2020 5414 facit
2046 5359 2346 5430 justitiam,
2381 5376 2646 5437 acceptus
2681 5378 2764 5426 est
2781 5370 2881 5429 illi.
2920 5390 2941 5425 0

1954 5451 2106 5509 Rom.
2148 5470 2267 5520 vm,
2320 5457 2415 5515 28.
2447 5489 2517 5500 —
2575 5481 2592 5513 0
2640 5460 2862 5521 Scimus
2906 5467 3039 5539 quia
3099 5469 3456 5546 diligentibus

1883 5545 2052 5602 Deum
2086 5549 2270 5603 omnia
2303 5564 2677 5621 cooperantur
2701 5557 2755 5611 in
2787 5558 3016 5617 bonum.
3059 5581 3080 5616 0

1955 5640 1984 5696 1
2017 5639 2142 5698 Cor.
2179 5659 2294 5709 vm,
2321 5643 2374 5698 5.
2402 5677 2468 5686 -
2506 5666 2524 5699 0
2556 5649 2612 5704 Si
2640 5651 2766 5721 quis
2788 5653 2967 5725 diligit
2998 5655 3192 5725 Dettm,
3226 5658 3316 5717 hic
3362 5678 3458 5720 co-

1885 5737 2074 5808 gnitus
2105 5745 2190 5791 est
2225 5737 2296 5792 ab
2321 5753 2404 5793 co.
2439 5759 2457 5791 0

1953 5830 2124 5887 Basil.
2179 5829 2232 5884 in
2285 5831 2402 5889 ἱηὶι.
2448 5833 2606 5894 Prov.
2643 5871 2714 5883 —-
2752 5839 2964 5899 Domini
2999 5841 3183 5912 timor,
3216 5848 3455 5917 expiatio
