3970 6294
469 315 605 384 1091

1671 317 1736 380 S.
1772 317 2096 382 JOANNIS
2133 318 2532 387 DAMASCEN
2541 323 2568 382 Ι

3595 327 3728 394 1092

465 442 553 492 est
578 425 771 502 animi,
796 432 1098 490 secundum
1129 431 1276 488 hanc
1306 432 1595 507 Prophetas
1623 436 2052 508 postulationem

2170 436 2252 492 τοῦ
2283 437 2572 511 Προφήτου
2610 439 2882 510 λέγοντος-⁸
2923 461 2941 494 ι
2984 443 3316 515 Καθήλωσον
3347 445 3409 499 ἐκ
3438 445 3535 499 τοῦ
3573 446 3729 516 φόϐου

468 527 711 584 dicentis
740 542 754 580 :
789 541 810 578 ι
841 525 1067 598 Conlige
1088 525 1286 582 timore
1322 528 1418 581 tuo
1451 541 1652 585 carnes
1684 543 1838 585 meas
1864 525 2047 600 (Paul.

465 633 658 685 cxvnt,
696 617 822 686 120)
855 637 874 670 ι
907 637 923 674 ι
960 627 1222 689 tanquam
1248 619 1353 675 hac
1378 620 1617 688 ratione,
1646 620 1900 692 improba
1929 635 2050 675 omn

467 711 557 768 nis
601 719 658 767 et
706 708 982 780 ﬂagitiosa
1046 710 1194 766 actio
1253 711 1555 784 profugiat,
1598 713 1692 769 ubi
1745 712 1912 770 timor
1961 729 2053 769 se-

454 802 593 860 dem
644 803 762 857 fixit
792 817 807 854 :
837 803 1043 874 quippe
1080 817 1211 858 cum
1244 803 1500 874 corporis
1549 804 1795 860 membra
1829 818 1947 859 eam
1979 805 2052 860 ob

464 910 695 953 causam
727 896 796 951 ad
825 895 1009 966 turpia
1041 894 1250 967 ﬂagitia
1281 896 1491 952 moveri
1519 905 1816 969 nequeant,
1852 896 1946 953 ubi
1981 897 2054 952 ti-

467 1004 622 1045 more
643 1005 745 1047 ceu
769 989 943 1046 clavis
971 989 1188 1045 confixa
1218 999 1368 1046 sunt.
1399 987 1874 1056 Quemadmodum
1900 990 2053 1045 enim

467 1082 564 1152 qui
598 1095 804 1153 corpus
845 1082 1019 1137 clavis
1063 1082 1392 1138 transfixum
1442 1080 1631 1147 habet,
1666 1080 1725 1137 in
1777 1081 2050 1152 ejusmodi

466 1175 722 1230 cruciatu
762 1183 1044 1242 versatur,
1075 1184 1135 1229 ut
1170 1174 1311 1228 nihil
1357 1174 1539 1230 valeat
1578 1189 1748 1245 agere
1787 1192 1802 1230 :
1845 1174 1928 1230 sic
1956 1174 2053 1246 qui

470 1268 672 1323 timore
717 1266 811 1322 Dei
857 1267 1200 1323 constrictus
1235 1274 1483 1333 tenetur,
1531 1282 1644 1322 non
1688 1265 1856 1321 oculo
1887 1264 1956 1321 ad
1988 1280 2051 1322 ea

469 1373 592 1432 quae
633 1360 860 1415 minime
900 1375 1044 1431 opus
1087 1367 1196 1425 est,
1235 1359 1357 1424 uti,‘
1395 1375 1502 1415 non
1539 1373 1739 1416 manus
1770 1357 1842 1414 ad
1881 1359 2056 1414 inter-

416 1493 424 1497 -
470 1453 648 1510 dictas
689 1453 936 1509 actiones
979 1467 1235 1517 movere;
1270 1451 1409 1506 nihil
1453 1451 1756 1522 quidquam
1793 1451 2057 1522 denique,

469 1546 559 1602 vel
594 1560 850 1617 parvum,
878 1545 964 1601 vel
1000 1560 1284 1616 magnum,
1322 1552 1690 1616 praeterquam
1740 1545 2057 1610 conveniat.

2154 546 2252 583 σου
2288 530 2387 596 τὰς
2431 532 2641 604 σάρκας
2675 551 2778 606 μου
2799 551 2814 564 ·
2858 554 2877 588 ι
2906 535 2981 601 ὼς
3008 536 3146 591 ὅπου
3192 537 3355 607 φόϐος
3383 538 3606 606 ἐνοικεῖ,
3635 540 3731 594 πά-

2153 638 2257 692 σης
2304 626 2546 696 πονηρᾶς
2594 627 2694 679 καὶ
2736 626 2962 690 ἀνοσίας
3003 627 3258 701 πράξεως
3292 631 3732 702 άποφευγούσης,

2150 715 2260 770 τῶν
2313 715 2410 771 τοῦ
2454 717 2706 790 σώματος
2758 721 2938 792 μελῶν
2981 722 3271 794 κινηθῆναι
3319 729 3460 797 πρὸς
3505 728 3735 792 ἀτόπους

2152 806 2436 878 ἐνεργείας
2462 809 2556 865 διὰ
2580 809 2642 866 τὸ
2671 812 2750 884 τῷ
2785 813 2937 886 φόϐῳ
2975 814 3352 886 καθηλῶσθαι,
3385 817 3459 888 μὴ
3501 818 3735 890 δυναμέ-

2152 916 2279 955 νων.
2328 901 2542 976 Ὠσπερ
2584 903 2694 978 γὰρ
2743 907 2774 960 6
2820 909 3218 982 ἐμπεπηγότας
3267 910 3407 983 ἔχων
3454 915 3513 966 ὲν
3560 913 3737 984 ἑαυτῷ

2149 994 2278 1058 τοὺς
2301 999 2651 1068 σωματικούς
2677 1000 2862 1072 ἥλους,
2893 1003 3260 1075 ἀνενέργητός
3292 1005 3465 1072 ἐστιν,
3497 1005 3603 1059 ὐπὸ
3631 1006 3737 1059 τῶν

2152 1083 2355 1140 ὀδυνῶν
2383 1089 2772 1162 κατεχόμενος,
2806 1093 2982 1161 οὕτως
3009 1096 3040 1149 ὁ
3065 1095 3146 1170 τῷ
3179 1096 3334 1168 φόϐῳ
3369 1096 3506 1150 Θεοῦ
3551 1114 3738 1152 κατει-

2152 1176 2455 1251 λημμένος,
2483 1183 2586 1239 οὐκ
2634 1186 2904 1262 ὀφθαλμῷ
2949 1191 3263 1264 χρήσασθαι
3303 1192 3442 1266 πρὸς
3469 1193 3508 1248 ἃ
3532 1193 3607 1266 μὴ
3637 1194 3738 1257 δεῖ.

2160 1269 2222 1362 οὐ
2249 1273 2438 1345 χεῖρας
2463 1275 2688 1347 κινῆσαι
2711 1280 2848 1362 πρὸς
2879 1282 3341 1356 ἁπηγορευμὲνας
3370 1285 3618 1358 πράξεις,
3642 1288 3740 1356 οὐχ

2159 1360 2298 1427 ὅλως
2336 1367 2534 1439 μικρὸν
2583 1368 2616 1441 ἢ
2651 1360 2839 1441 μεῖζον
2885 1375 3180 1448 ἐνεργῆσαι
3214 1376 3367 1448 παρὰ
3406 1379 3472 1432 τὸ
3500 1377 3740 1448 καθῆκον

2161 1453 2415 1512 δύναται·
2449 1454 2561 1515 οἷον
2605 1463 2766 1537 ὀδύνῃ
2797 1466 2908 1522 τινὶ
2939 1470 3006 1541 τῇ
3035 1469 3338 1544 προσδοκίᾳ
3373 1471 3484 1527 τῶν
3510 1471 3741 1543 ἀπειλη-

2166 1545 2366 1604 θέντων
2396 1569 2460 1606 συ
2467 1557 2887 1628 μπεπαρμένος.

471 1643 698 1706 patrare
741 1641 964 1705 potest;
1022 1636 1176 1690 velut
1236 1648 1436 1704 nempe
1477 1633 1879 1707 suppliciorum
1933 1646 2058 1706 qua:
2094 1632 2242 1694 Deus
2281 1642 2653 1702 comminatus
2682 1651 3060 1714 est,cruciatu
3130 1655 3396 1725 quodam,
3457 1665 3742 1729 exspecta-

473 1730 626 1786 tione
660 1730 1041 1802 transfigatur.

543 1821 631 1877 Ex
656 1820 867 1879 Conon.
909 1822 1202 1880 Constitut.
1235 1821 1362 1896 Reg.
1399 1825 1508 1896 fus.
1541 1821 1651 1879 Im.
1672 1822 1728 1879 2.
1755 1854 1828 1865 -
1864 1822 2056 1880 Chari-

2244 1827 2570 1901 ’Δναγκαῖον
2622 1833 2843 1907 ὄφλημα
2875 1836 2976 1910 τὴν
3015 1838 3097 1904 είς
3144 1839 3280 1894 Θεὸν
3312 1841 3534 1916 ἀγάπην
3579 1847 3745 1903 ἀπαι-

471 1923 560 1971 tas
589 1930 721 1987 erga
756 1914 929 1970 Deum
961 1917 1287 1987 exposcitur
1313 1931 1343 1969 a
1378 1915 1544 1972 nobis
1587 1925 1854 1988 tanquam
1901 1914 2056 1971 debi-

472 2011 588 2062 tum
619 2006 1032 2074 necessarium;
1060 2007 1210 2078 quod
1239 2005 1369 2062 dum
1395 2009 1617 2065 animus
1648 2009 1916 2066 solvendo
1942 2023 2057 2064 non

471 2110 580 2167 est,
601 2099 710 2154 hoc
725 2100 887 2155 malis
910 2098 1175 2154 omnibus
1195 2108 1279 2154 est
1303 2101 1733 2157 intolerabilius.
1767 2101 2055 2173 Siquidem

475 2192 716 2247 alienum
748 2205 876 2247 esse
917 2199 971 2248 et
1008 2207 1264 2247 aversum
1303 2206 1334 2245 a
1365 2191 1496 2257 Deo,
1534 2191 1672 2261 ipsis
1717 2208 1943 2263 quoque
1966 2209 2059 2263 ge-

475 2285 669 2340 hennae
691 2283 895 2340 futuris
921 2284 1293 2360 cruciatibus,
1329 2283 1588 2353 asperius
1611 2292 1718 2350 est,
1746 2292 1802 2338 et
1835 2286 2058 2358 gravius

475 2375 558 2430 illi
587 2374 680 2446 qui
710 2374 974 2430 damnum
1011 2373 1116 2430 hoc
1145 2373 1381 2444 patitur;
1436 2373 1589 2430 velut
1641 2375 1804 2431 oculo
1847 2376 2060 2433 lumine

471 2469 684 2537 orbari,
715 2467 842 2524 licet
867 2467 1056 2524 nullus
1084 2463 1290 2537 alioqui
1316 2465 1475 2521 dolor
1496 2467 1745 2523 accedat.

546 2559 736 2616 Timor
777 2560 996 2616 Domini
1032 2559 1349 2616 omnimoda
1382 2566 1530 2616 recte
1559 2559 1706 2617 facta
1752 2560 1922 2618 animi
1957 2575 2056 2622 su-

474 2663 658 2728 perat.
1179 2667 1188 2675 ’

544 2747 805 2806 Charitas
845 2763 976 2820 erga
1026 2749 1191 2803 Deum
1240 2749 1297 2804 in
1344 2749 1450 2807 hoc
1480 2751 1583 2808 sita
1613 2758 1718 2820 est,
1745 2759 1806 2805 ut
1834 2749 2057 2810 animus

477 2844 730 2916 quotidie
769 2860 830 2900 se
855 2858 1025 2914 supra
1049 2845 1196 2898 vires
1226 2845 1510 2900 extendat.

548 2936 674 3009 Reg.
717 2937 858 2994 brae.
893 2947 1082 3008 quaest.
1107 2936 1236 2992 2l2.
1266 2967 1339 2979 ——-
1360 2935 1833 3011 Quemadmodum
1866 2936 1969 2993 bos
2003 2944 2057 2993 et

473 3033 671 3089 asinus
703 3047 772 3088 ex
809 3030 1079 3088 beneﬁcio
1099 3032 1245 3103 quod
1287 3032 1358 3087 ab
1387 3033 1573 3088 alente
1607 3031 1943 3102 suscipiunt,
1989 3030 2059 3084 tio

2156 1919 2417 1990 τούμεθα,
2453 1922 2481 1977 δ
2511 1927 2576 1996 τῇ
2605 1925 2899 2002 ὲλλιπούσῃ
2939 1929 3084 2002 ψυχῇ
3122 1931 3341 1988 πάντων
3377 1936 3565 1990 κακῶν
3594 1941 3744 1994 ἐστιν

2157 2013 2582 2086 ἀφορητότατον.
2611 2019 2746 2073 Θεοῦ
2773 2021 2882 2093 γὰρ
2915 2023 3268 2096 ἁλλοτρίωσις
3286 2029 3379 2082 καὶ
3398 2030 3741 2104 ἀποστροφὴ,

2159 2105 2258 2159 καὶ
2309 2106 2418 2160 τῶν
2473 2109 2532 2162 ἑν
2584 2113 2651 2183 τῇ
2691 2111 2885 2185 γεέννῃ
2936 2114 3406 2189 προσδοκωμένων
3461 2120 3741 2177 κολάσεων

2158 2195 2560 2273 ἁφορητότερὸν
2594 2203 2710 2258 ἐστι
2760 2204 2853 2259 καὶ
2887 2205 3195 2281 βαρύτερον
3232 2208 3312 2282 τῷ
3360 2211 3608 2281 παθόντι,
3666 2217 3744 2281 ὡς

2159 2289 2435 2366 ὁφθαλμίίιι¹
2448 2295 2629 2364 φωτὸς
2660 2297 2936 2371 στέρησις,
2967 2299 3071 2354 κᾶν
3098 2301 3176 2372 μὴ
3204 2301 3368 2377 ὀδύνη
3393 2307 3594 2378 προσῇ.

2229 2556 2398 2622 Φόϐος
2425 2558 2634 2633 Κυρίου
2666 2562 2937 2619 παντοίων
2967 2565 3410 2640 κατορθωμάτων
3439 2567 3545 2640 τῆς
3565 2569 3746 2643 ψυχῆς

2160 2651 2523 2722 περιγίνεται.
3571 2704 3577 2712 .

2242 2744 2306 2798 Ἡ
2340 2748 2418 2810 εἰς
2449 2748 2584 2803 Θεὸν
2614 2749 2804 2822 ἀγάπη
2856 2751 2995 2826 αὐτη
3043 2753 3214 2822 ἐστὶν,
3248 2755 3312 2810 τὸ
3343 2757 3484 2831 ὑπὲρ
3513 2758 3743 2832 δύναμιν

2159 2837 2246 2893 ἀεὶ
2272 2838 2371 2910 τὴν
2395 2839 2572 2912 ψυχὴν
2600 2842 2934 2900 ἐπεκτεῖναι.

2227 2932 2443 3005 ⁴Ὠσπερ
2464 2933 2541 3005 τῷ
2561 2933 2648 3007 βοῒ
2678 2937 2772 2991 καὶ
2801 2937 2879 3010 τῷ
2911 2939 3026 3012 ὄνῳ
3065 2942 3130 2997 ἐκ
3157 2941 3256 3014 τῆς
3303 2945 3455 3018 παρὰ
3491 2945 3588 3000 τοῦ
3627 2949 3746 3020 τρέ-

2161 3041 2354 3094 φοντος
2391 3027 2734 3096 εὐεργεσίας,
2767 3031 2800 3100 ὴ
2834 3031 2972 3103 πρὸς
3005 3032 3169 3088 αὐτὸν
3195 3034 3384 3108 ἀγάπη
3409 3038 3746 3108 αὐτομάτως

475 3139 683 3180 morem
735 3137 867 3194 erga
915 3121 1088 3178 Deum
1149 3131 1348 3193 sponte
1393 3122 1780 3194 concipimus;
1841 3123 1887 3177 si
1943 3137 2051 3177 non

2170 3117 2456 3186 ἐγγίνεται,
2497 3118 2639 3173 οὕτω
2685 3123 2779 3174 καὶ
2811 3123 2997 3195 ἡμεῖς,
3025 3126 3118 3182 ἐὰν
3142 3127 3482 3201 εὐαισθήτως
3524 3131 3619 3186 καὶ
3651 3134 3745 3186 εὐ-

475 3218 700 3290 stupido
752 3217 1082 3290 ingratoque
1128 3218 1314 3274 animo
1349 3215 1620 3273 beneficia
1653 3216 2048 3286 suscipiamus.

2170 3211 2461 3280 γνωμόνως
2494 3213 2593 3278 τὰς
2633 3185 3286 3292 εὐεργεσίαςνδεξώμεθα.
3342 3185 3747 3280 ὠὸν-τοσούτων

474 3312 584 3381 Qui
619 3312 737 3368 ﬁeri
779 3311 977 3383 possit,
1011 3318 1071 3366 ut
1109 3317 1190 3365 tot
1231 3318 1627 3382 tantorumque
1652 3309 2051 3365 beneﬁciorum

475 3417 755 3462 auctorem
803 3404 974 3461 Deum
1029 3420 1138 3460 non
1186 3405 1576 3473 redamemus;
1631 3403 1858 3476 quando
1900 3403 2054 3471 ejus-

476 3500 624 3556 modi
670 3497 901 3554 affectus
953 3497 1220 3564 naturali,
1278 3505 1340 3552 ut
1385 3499 1459 3552 ita
1506 3497 1708 3559 dicam,
1756 3496 2051 3560 instinctu,

476 3593 630 3649 nullo
665 3593 921 3658 docente,
952 3590 1157 3646 animis
1181 3591 1396 3646 nostris
1433 3589 1645 3645 inditus
1681 3589 1802 3646 fuit.

549 3683 696 3740 Naz.
748 3692 889 3741 orat.
945 3683 1002 3736 Ξ.
1033 3682 1352 3738 -—-lnitium
1413 3682 1700 3751 sapientia:
1750 3690 1836 3737 est
1889 3682 2057 3740 timor

477 3778 717 3846 Domini,
754 3776 929 3832 veluti
974 3776 1164 3848 primae
1213 3773 1464 3846 quaedam
1510 3773 1698 3829 fascia:
1740 3774 1912 3831 illius.
1956 3775 2056 3831 Sa-

476 3871 688 3944 pientia
754 3877 940 3925 autem
1009 3869 1265 3923 timorem
1333 3876 1652 3938 exsuperat,
1710 3882 1924 3937 nosque
1989 3869 2056 3924 ad

478 3979 729 4022 amorem
775 3963 1111 4035 provehcns,
1155 3960 1250 4017 Dei
1297 3961 1507 4017 amicos
1539 3969 1592 4017 et
1623 3961 1769 4018 ﬁlios
1810 3978 1908 4032 pro
1935 3977 2057 4019 ser-

479 4060 564 4115 vis
597 4058 749 4113 facit.

552 4148 830 4220 Ejusdem,
877 4158 1016 4204 orat.
1077 4177 1215 4203 ι.--
1257 4147 1466 4204 Bonum
1523 4156 1610 4205 est
1657 4149 2061 4222 aliquantisper

474 4247 640 4300 etiam
703 4243 983 4310 secedere,
1031 4244 1499 4314 quemadmodum
1557 4245 1692 4298 olim
1733 4243 1970 4317 Moyses,
2003 4253 2059 4302 et

480 4337 828 4408 postmodum
875 4335 1169 4404 Jeremias,
1215 4352 1283 4392 ac
1326 4330 1581 4408 prompte
1617 4347 1784 4408 atque
1829 4339 2060 4411 impigre

478 4431 544 4486 ad
577 4444 862 4486 vocantem
891 4440 1303 4496 accurrere,-ut
1332 4432 1401 4487 de
1434 4432 1654 4487 Aarone
1681 4441 1734 4488 et
1756 4430 1898 4488 Isaia
1924 4447 2060 4502 pro-

2155 3305 2248 3357 καὶ
2271 3305 2604 3374 τηλικούτων
2629 3308 2927 3382 εὐεργέτην
2951 3311 3084 3368 Θεὸν
3118 3313 3235 3379 πῶς
3255 3314 3354 3368 οὐκ
3384 3316 3746 3391 ἀγαπήσομν

2156 3399 2296 3453 κατὰ
2341 3399 2520 3469 φύσιν,
2559 3401 2626 3455 ἵν’
2651 3402 2826 3468 οὕτως
2848 3401 3007 3473 εἴπω,
3031 3407 3330 3474 ἀδιδάκτως
3351 3410 3455 3481 τῆς
3487 3413 3744 3486 τοιαύτης

2156 3491 2449 3557 διαθέσεως
2485 3497 2552 3568 τῇ
2585 3496 2888 3572 ὐγιανούσῃ
2908 3500 3054 3574 ψυχῇ
3085 3502 3483 3578 ἐγγινομένης

2211 3665 2223 3678 ’
2241 3676 2410 3749 ’Δρχὴ
2441 3678 2635 3747 σοφίας
2665 3679 2830 3748 φόϐος
2856 3681 3082 3752 Κυρίου,
3117 3679 3232 3739 οἷόν
3251 3702 3304 3739 τι
3338 3687 3557 3759 πρῶτον
3575 3692 3745 3764 σπάρ-

2157 3787 2324 3839 γανον
2345 3785 2359 3800 ·
2390 3770 2482 3824 καὶ
2511 3768 2674 3842 σοφία
2703 3771 2796 3827 τὸν
2844 3773 3012 3842 φόϐον
3055 3775 3367 3848 ὐπερϐἄσα,
3400 3783 3494 3836 καὶ
3523 3787 3607 3849 εἰς
3644 3785 3744 3856 τὴν

2160 3865 2382 3935 ἀγάπην
2422 3863 2825 3932 ἁναϐιϐἀσασα,
2870 3866 3007 3922 Θεοῦ
3041 3870 3233 3941 φίλους
3265 3874 3414 3946 ἡμᾶς
3462 3877 3561 3933 καὶ
3593 3881 3744 3946 υἱοὺς

2158 3955 2282 4011 ἀντὶ
2305 3953 2511 4010 δούλων
2540 3955 2857 4031 ἐργάζεται.

2244 4141 2477 4213 Ἀγαθὸν
2521 4145 2616 4200 καὶ
2648 4144 3007 4220 ὑποχωρῆσαί
3036 4166 3092 4203 τι
3126 4151 3348 4224 μικρὸν,
3388 4152 3466 4221 ὡς
3497 4139 3742 4232 Mai-361‘};

2163 4236 2372 4301 ἐκεῖνος
2421 4238 2482 4291 τὸ
2525 4238 2790 4305 παλαιὸν,
2849 4241 2945 4294 καὶ
3011 4240 3283 4316 Ἱερεμίας
3331 4245 3598 4321 ὕστερον,
3647 4255 3744 4307 καὶ

2162 4331 2536 4404 προσδραμεῖν
2593 4333 2832 4406 ἑτοίμως
2857 4333 2936 4406 τῷ
2969 4335 3248 4406 καλοῦντι,
3292 4339 3372 4406 ὡς
3426 4342 3644 4417 ’Δαρών
3683 4363 3742 4400 τι

2163 4426 2258 4480 καὶ
2303 4426 2554 4502 Ἡσαΐας,
2591 4428 2751 4500 μόνον
2779 4429 3022 4496 εὐσεϐῶς
3059 4432 3382 4509 ἀμφότεραο
3412 4437 3476 4492 τὸ
3522 4439 3628 4512 μὲν
3654 4443 3743 4497 διὰ

477 4527 651 4580 (litum
682 4535 767 4580 est
805 4540 819 4577 :
850 4523 1151 4580 dummodo
1179 4537 1479 4597 utrumque
1518 4527 1605 4596 pie
1644 4526 1739 4581 fiat
1770 4541 1786 4580 :
1819 4497 2053 4583 alterum

2170 4519 2263 4592 τὴν
2296 4497 2502 4576 οἰκείαν
2533 4497 2838 4591 ἀσθένειαν,
2865 4522 2926 4576 τὸ
2957 4523 3012 4578 δὲ
3042 4497 3132 4580 διά
3153 4497 3293 4598 ’τῆν’
3321 4525 3415 4583 τοῦ
3448 4497 3743 4597 καλοῦντος

478 4617 869 4689 obpropriam
922 4616 1322 4687 inﬁrmitatem,
1379 4619 1616 4676 alterum
1664 4620 1738 4675 ob
1800 4619 2050 4678 vocantis

482 4714 808 4783 potentiam.

550 4804 740 4878 Chrys.
782 4814 921 4860 orat.
951 4805 1017 4860 15
1049 4805 1124 4859 De
1161 4816 1290 4862 stat.
1315 4834 1387 4846 --
1417 4805 1536 4862 Non
1577 4814 1792 4862 tantum
1834 4807 2058 4866 virtutis

480 4900 646 4955 habet
683 4899 882 4966 oratio,
907 4909 1172 4970 quantum
1202 4899 1367 4955 etlicit
1401 4901 1586 4954 timor.
1639 4898 1786 4966 Quid
1811 4902 2057 4959 atrocius

481 4993 767 5064 gehenna?
796 5004 850 5045 at
869 4994 1000 5047 nihil
1028 4996 1150 5063 ejus
1183 4995 1381 5048 timore
1405 4994 1621 5048 utilius.
1653 4992 1828 5049 Metus
1856 4995 2056 5067 quippe

480 5086 741 5157 gehennae
767 5085 928 5140 nobis
961 5086 1111 5156 regni
1134 5084 1375 5139 ccelestis
1397 5099 1659 5138 coronam
1689 5084 1849 5140 aﬂ'ert
1875 5104 1889 5140 :
1915 5085 2061 5141 haud

481 5193 644 5235 secus
683 5193 747 5234 ac
769 5179 823 5233 in
863 5178 1061 5233 militis
1099 5193 1318 5246 semper
1341 5177 1540 5231 armati
1577 5177 1766 5244 domo,
1799 5193 1907 5232 non
1930 5193 2064 5248 praav

480 5273 570 5338 do,
615 5288 724 5326 non
773 5269 1004 5326 elfossor
1042 5286 1351 5338 murorum,
1377 5286 1486 5324 non
1522 5271 1797 5341 quispiam
1831 5272 1970 5326 alius
1995 5286 2061 5326 ex

478 5367 568 5423 his
599 5366 695 5438 qui
738 5364 1011 5436 ejusmodi
1070 5363 1316 5418 facinora
1366 5365 1779 5435 aggrediuntur,
1824 5364 2054 5433 pr0pius

477 5461 682 5516 audeat
707 5474 1010 5529 apparere:
1043 5458 1238 5512 timore
1257 5460 1338 5512 sic
1356 5460 1572 5514 animos
1597 5459 1902 5519 obtinente.
1928 5457 2066 5513 nihil

481 5553 835 5608 illiberalium
859 5549 1020 5620 307
1048 5547 1404 5604 allectionum
1439 5549 1601 5604 facile
1632 5549 1791 5604 nubis
1825 5549 2060 5617 accedit,

483 5647 578 5703 sed
619 5661 811 5701 omnes
865 5662 984 5700 sese
1023 5643 1362 5719 proripiunt,
1411 5652 1466 5697 et
1511 5642 1694 5713 fugam
1737 5649 2062 5710 capessunt,

487 5739 704 5795 timoris
745 5739 795 5792 vi
845 5747 898 5796 et
929 5737 1171 5809 potentia
1215 5736 1458 5805 undique
1495 5734 1629 5790 fusae
1657 5743 1709 5789 et
1742 5734 2062 5806 proﬂigatae.

487 5832 598 5891 Nec
628 5847 756 5889 vero
788 5836 891 5888 hoc
933 5831 1111 5887 solum
1145 5830 1282 5886 lucri
1317 5845 1380 5885 ex
1414 5829 1615 5886 timore
1649 5830 1942 5900 capimus;
1967 5827 2062 5887 sed

2157 4612 2408 4685 δύναμιν.

2232 4798 2308 4851 Οὐ
2327 4796 2581 4851 τοσοῦτον
2610 4795 2941 4868 ἐργάζεσθαι
2972 4798 3263 4871 δυνήσεται
3291 4799 3474 4870 λόγος,
3494 4802 3625 4858 ὅσον
3656 4807 3746 4876 ὲρ·

2161 4889 2391 4960 γάζεται
2432 4890 2614 4960 φόϐος.
2643 4891 2707 4943 Τί
2733 4889 2956 4961 γεέννης
2989 4890 3406 4965 χαλεπώτερονς
3445 4894 3564 4952 ἀλλ’
3591 4898 3744 4954 οὐδὲν

2161 4983 2256 5037 τοῦ
2286 4985 2490 5055 ταύτης
2519 4982 2933 5057 χρησιμώτερον
2967 4984 3155 5055 φόϐου.
3206 4986 3264 5040 '0
3305 4988 3414 5060 γάρ
3457 4993 3560 5061 τῆς
3590 4994 3744 5060 γεέν.

2162 5095 2259 5146 νης
2294 5076 2459 5148 φόϐος
2491 5077 2583 5129 τὸν
2612 5078 2709 5147 τῆς
2740 5076 3016 5146 βασιλείας
3047 5079 3177 5148 ἡμῖν
3194 5079 3409 5152 κομίζει
3455 5083 3740 5153 στέφανον.

2164 5170 2434 5242 Καθάπερ
2462 5169 2685 5242 ενοίκξᾳ
2713 5169 3048 5240 στρατιώτου
3076 5171 3342 5242 διηνεκῶς
3370 5173 3740 5248 ὡπλισμένου,

2163 5267 2227 5322 οὐ
2275 5265 2503 5339 λῃστὴς,
2547 5265 2610 5318 οὐ
2669 5265 3020 5337 τοιχωρύχος,
3072 5266 3173 5321 οὐκ
3209 5267 3368 5332 ἄλλος
3400 5285 3488 5333 τις
3529 5271 3639 5324 τῶν
3681 5269 3746 5326 τά

2165 5361 2394 5416 τοιαῦτα
2421 5361 2901 5432 κακουργούντων,
2921 5360 3185 5431 τολμήσει
3208 5361 3446 5433 φανῆναι
3475 5364 3706 5436 πλησίον
3725 5378 3738 5396 ⁸

2168 5453 2312 5507 οὕτω
2354 5451 2520 5522 φόϐου
2567 5452 2893 5522 κατέχοντος
2936 5451 3034 5517 τὰς
3077 5452 3278 5524 ψυχὰς,
3327 5455 3483 5509 οὐδὲν
3514 5457 3623 5511 τῶν
3661 5460 3743 5512 ἀν·

2173 5546 2475 5619 ελευθέρων
2510 5545 2699 5601 παθῶν
2736 5546 3117 5618 ἐπεισέρχεται
3149 5538 3355 5619 ῥᾳδίως
3397 5552 3558 5623 ἡμῖν,
3612 5553 3744 5606 ἀλλὰ

2172 5640 2494 5712 δραπετεύει
2517 5640 2611 5693 καὶ
2642 5639 3026 5710 φυγαδεύεται,
3056 5642 3124 5713 τῇ
3154 5641 3430 5713 τυραννίδι
3453 5645 3547 5700 τοῦ
3583 5647 3741 5715 φόϐου

2175 5735 2443 5790 πάντοθεν
2481 5734 2895 5804 ἐξελαυνόμενα.
2932 5735 3039 5788 Καὶ
3071 5736 3130 5789 οὐ
3158 5736 3316 5790 τοῦτό
3349 5738 3502 5792 ἐστιν
3549 5740 3576 5794 ὃ
3609 5756 3745 5812 καρο

2177 5825 2428 5898 πούμεθα
2481 5827 2589 5882 ἀπὸ
2645 5827 2738 5881 τοῦ
2790 5828 2958 5898 φόϐου
2997 5828 3177 5899 μόνον,
3239 5829 3391 5908 ἀλλὰ-
3421 5832 3522 5889 καὶ
3566 5833 3743 5903 ἕτερον
