3970 6294
467 324 609 389 1095

1658 320 1718 380 S.
1755 317 1996 379 JOANN
2010 318 2081 378 IS
2113 319 2546 382 DAMASCENI

3594 322 3720 390 1096

469 431 704 488 manus?
736 436 790 486 et
823 442 933 484 non
961 425 1318 499 respondebit
1348 425 1672 497 ﬁgmentum
1700 426 1769 482 ad
1796 442 1922 484 eum
1949 427 2046 498 qui

2172 429 2209 482 rb
2242 431 2468 503 πλάσμα
2498 430 2634 502 πρὸς
2660 434 2754 487 τὸν
2788 432 3068 491 πλάσαντα
3098 435 3294 503 αὑτόνς
3327 435 3360 506 ἢ
3395 438 3423 490 ὁ
3454 434 3627 506 λέγων
3651 438 3724 512 τῷ

470 542 530 582 se
564 524 722 580 tinxit
741 563 756 583 .
780 531 875 576 aut
905 522 999 592 qui
1029 519 1167 576 dicit
1190 517 1365 588 Patri,
1402 537 1503 576 cur
1524 519 1760 594 genuit?
1783 528 1838 576 et
1862 519 2049 586 matri,

470 621 585 675 Cur
608 617 892 690 parturis?
928 636 946 669 ι

545 715 680 782 Sap.
723 728 804 778 ιιι,
859 711 948 764 14.
978 740 1050 752 »-
1078 729 1097 762 ι
1133 709 1238 777 Qui
1301 725 1408 766 non
1465 706 1734 778 cogitavit
1779 705 2052 762 adversus

473 806 764 860 Dominum
818 803 1183 874 nequissima,
1233 804 1365 859 huic
1415 803 1638 859 dabitur
1672 801 1879 857 donum
1927 797 2052 857 ﬁdei

470 898 732 954 electum.
777 913 796 947 ι

543 991 710 1062 308
753 989 920 1046 Eccli.
971 1005 1069 1058 vn,
1123 989 1178 1047 5.
1221 1019 1292 1033 --
1332 1009 1350 1044 ι
1391 988 1473 1046 Ne
1519 1000 1570 1047 te
1605 990 1880 1062 justiﬁees
1925 1001 2054 1052 ante

474 1081 667 1138 Deum.
702 1102 720 1135 ι

542 1163 698 1230 Rom.
733 1191 810 1240 rx,
832 1175 923 1238 20,
950 1175 1129 1230 2L—
1151 1195 1168 1228 ι
1198 1174 1243 1232 Ο
1277 1177 1460 1242 homo,
1505 1185 1560 1230 tu
1597 1176 1722 1247 quis
1741 1179 1935 1249 es,qui
1959 1195 2047 1236 re-

476 1270 753 1338 spondeas
781 1266 931 1323 Deo?
958 1269 1040 1323 An
1077 1269 1223 1324 dicet
1253 1269 1568 1340 ﬁgmentum
1591 1270 1638 1324 ei
1659 1271 1752 1340 qui
1772 1286 1832 1326 se
1857 1272 2050 1328 ﬁnxit:

477 1362 622 1428 Quid
657 1378 742 1416 me
783 1361 960 1417 fecisti
991 1361 1119 1417 sic?
1159 1362 1360 1417 Annon
1411 1363 1574 1418 habet
1609 1372 1940 1434 potestatem
1990 1365 2054 1421 ﬁ-

477 1455 636 1523 gulus
682 1453 780 1507 luti
833 1469 900 1509 ex
934 1453 1124 1509 eadem
1175 1469 1359 1510 massa
1391 1453 1592 1519 facere,
1641 1457 1790 1511 aliud
1825 1457 2052 1527 quidem

479 1563 574 1603 vas
596 1547 649 1601 iu
683 1547 978 1613 honorem;
1011 1546 1164 1602 aliud
1215 1557 1397 1603 autem
1438 1550 1492 1601 in
1519 1549 1952 1604 contumeliam?
1987 1569 2007 1602 ι

548 1637 577 1692 I
612 1638 736 1693 Cor.
772 1655 826 1703 ι,
858 1637 914 1693 9.
961 1669 1016 1680 -
1046 1657 1066 1692 ι
1097 1639 1215 1695 Non
1255 1648 1535 1696 tentemus
1562 1640 1876 1708 Dominum,
1910 1644 2056 1699 sicut

477 1732 702 1804 quidam
747 1747 942 1788 eorum
974 1740 1344 1800 tentaverunt,
1375 1743 1428 1789 et
1464 1748 1494 1788 a
1532 1734 1886 1805 serpentibus
1919 1752 2047 1808 per-

477 1825 682 1880 ierunt.
720 1842 732 1874 ι

507 1916 720 1974 ._..Basil.
755 1917 905 1983 Quod
939 1916 1077 1972 Deus
1109 1927 1312 1975 nonest
1341 1927 1529 1974 auctor
1555 1921 1842 1978 malorum.
1862 1922 2055 1991 ——Qui

482 2009 592 2065 Deo
637 2009 896 2064 reluctari
949 2011 1172 2076 audent,
1227 2011 1313 2068 his
1358 2013 1545 2068 verbis
1591 2023 1873 2070 utuntur:
1912 2014 2056 2081 Quid

478 2112 582 2168 est,
609 2104 970 2175 quamobrem
1019 2105 1074 2158 in
1125 2105 1239 2175 ipsa
1277 2112 1559 2160 structura
1601 2122 1709 2161 non
1767 2107 2057 2170 habemus.

477 2207 538 2253 ut
567 2208 722 2253 extra
771 2196 1040 2267 peccandi
1077 2197 1252 2252 aleam
1283 2199 1484 2264 simus,
1527 2207 1585 2253 ut
1615 2215 1704 2265 ne,
1739 2202 1785 2257 si
1822 2202 2058 2259 velimus

476 2291 719 2360 quidem,
761 2304 991 2361 peccare
1025 2291 1185 2347 nobis
1219 2291 1416 2345 liceat?
1447 2292 1717 2360 Quoniam
1744 2301 1801 2348 tu
1835 2310 2054 2366 quoque

477 2398 689 2450 servos,
709 2398 843 2450 non,
872 2399 998 2438 cum
1035 2399 1131 2440 eos
1161 2384 1219 2438 in
1255 2384 1492 2443 vinculis
1519 2389 1852 2444 constrictos
1875 2397 2050 2456 tenes,

475 2476 770 2534 benevolos
799 2477 895 2532 tibi
923 2477 1236 2542 existimas;
1265 2479 1358 2534 sed
1403 2496 1527 2535 cum
1568 2495 1664 2538 eos
1698 2489 1897 2552 sponte
1928 2497 2053 2536 mu-

475 2582 608 2623 nere
637 2582 740 2623 suo
772 2565 923 2636 fungi
958 2567 1248 2636 perapicis.
1276 2567 1420 2634 Quin
1448 2568 1560 2626 Deo
1591 2585 1812 2642 quoque
1833 2579 2050 2644 gratum

474 2666 578 2723 est,
610 2672 720 2712 non
755 2656 902 2728 quod
939 2657 988 2710 vi
1014 2665 1401 2729 extorquetur,
1437 2660 1533 2716 sed
1558 2660 1705 2730 quod
1738 2676 1802 2717 ex
1847 2661 2053 2717 virtute

475 2749 704 2818 geritur.
750 2747 942 2804 Virtus
978 2763 1145 2819 porro
1175 2763 1206 2802 a
1245 2749 1554 2815 voluntate,
1585 2766 1697 2806 non
1720 2767 1786 2805 ex
1806 2751 2052 2808 necessi-

474 2849 590 2898 tate
641 2843 843 2898 oritur.
903 2841 1091 2913 Itaque
1134 2843 1230 2913 qui
1279 2841 1627 2899 conditorem
1674 2844 1779 2900 hoc
1831 2845 2053 2902 nomine

475 2920 855 3009 reprehendit,
910 2939 1056 3010 quod
1098 2956 1204 2995 nos
1252 2948 1454 2995 natura
1502 2941 1895 3014 impeccabiles
1946 2958 2055 2998 non

474 3030 809 3099 condiderit,
858 3033 995 3088 nihil
1045 3035 1194 3091 aliud
1238 3051 1402 3106 quam
1435 3035 1654 3090 brutam
1696 3047 1954 3091 naturam
2006 3037 2056 3092 ei

2153 527 2344 596 πατρὶ,
2373 525 2425 580 τί
2457 525 2749 609 ἐγέννησε;
2780 527 2875 589 καὶ
2903 531 2971 601 τῇ
3004 529 3195 603 μητρὶ,
3218 530 3285 584 Τί
3315 530 3562 600 ὠδίνειςζ
3602 549 3622 584 ι

2228 727 2249 762 ι
2307 709 2365 762 Ὀ
2393 708 2470 781 μὴ
2494 708 2822 782 ἐνθυμηθεὶς
2858 710 3000 768 κατὰ
3020 710 3115 766 τοῦ
3147 709 3614 783 Κυρίουκπονηρᾶ,
3641 710 3729 765 δο-

2154 801 2382 875 θήσεται
2415 802 2563 875 αὐτῷ
2589 807 2687 876 τῆς
2714 805 2951 869 πίστεως
2994 805 3156 878 χάρις
3186 805 3440 878 ὲκλεκτή.
3492 823 3514 859 ι

2236 1007 2254 1042 ι
2302 989 2396 1063 Μὴ
2414 988 2626 1044 δικαιοῦ
2653 990 2898 1045 ἐναντίον
2931 989 3159 1064 Κυρίου.
3209 1009 3230 1044 ι

2235 1188 2254 1222 ι
2295 1164 2368 1225 Ὦ
2424 1169 2698 1243 ἄνθρωπε,
2749 1169 2943 1242 μενοῦν
2973 1188 3059 1241 γε,
3116 1171 3180 1226 σὺ
3221 1171 3304 1236 τίς
3335 1166 3391 1226 εἴ
3428 1172 3458 1226 ὁ
3495 1171 3731 1228 ἀνταποο

2157 1263 2479 1337 κρινόμενος
2514 1263 2594 1335 τῷ
2632 1263 2784 1334 Θεῷ;
2837 1264 2929 1335 Μὴ
2977 1266 3094 1337 ὲρεῖ
3128 1265 3190 1318 τὸ
3223 1265 3450 1337 πλάσμα
3493 1265 3570 1337 τῷ
3598 1265 3732 1321 stlti-

2160 1371 2346 1411 σαντι“
2396 1355 2461 1408 Τί
2491 1373 2559 1426 με
2586 1357 2849 1427 ἐποίησας
2889 1357 3098 1422 οὖτωςς
3134 1357 3293 1428 ἢούκ
3333 1357 3446 1428 ἔχει
3486 1357 3733 1424 ἐξουσίαν

2155 1450 2186 1502 ὀ
2236 1449 2517 1520 κεραμεὺς
2564 1449 2659 1502 τοῦ
2712 1449 2887 1522 πηλοῦ
2941 1452 3005 1505 ὲκ
3053 1451 3144 1504 τοῦ
3198 1450 3366 1506 αὑτοῦ
3413 1453 3732 1524 φυράματος

2159 1541 2406 1612 ποιῆσαι,
2434 1539 2463 1594 ὃ
2491 1541 2589 1610 μὲν
2611 1542 2691 1605 εἰς
2721 1542 2886 1614 τιμὴν
2918 1543 3132 1609 σκεῦος,
3159 1543 3189 1598 ὃ
3215 1545 3272 1599 δὲ
3299 1546 3381 1610 είς
3405 1546 3668 1617 ἀτιμίαν;
3706 1565 3726 1599 ι

2236 1653 2254 1686 ι
2304 1637 2396 1707 Μὴ
2425 1635 2778 1708 πειράζωμεν
2804 1637 2895 1690 τὸν
2909 1637 3147 1708 ιΚύριον,
3175 1637 3360 1702 καθώς
3381 1656 3526 1704 τινες
3552 1640 3732 1694 αὐτῶν

2159 1730 2480 1801 ἐπείρασαν,
2505 1730 2600 1784 καὶ
2627 1729 2731 1784 ὑπὸ
2762 1729 2868 1784 τῶν
2901 1731 3076 1802 ὄφεων
3113 1731 3413 1788 ἀπώλοντο.
3460 1752 3481 1786 ι

2227 1911 2289 1964 Οἱ
2324 1911 2630 1982 τολμῶντες
2668 1911 2786 1983 Θεῷ
2830 1913 3148 1982 ἀντιλέγειν,
3198 1915 3395 1983 φασίν·
3425 1916 3528 1973 Διὰ
3574 1916 3625 1970 τί
3676 1918 3734 1972 ὲν

2157 2007 2226 2074 τῇ
2277 2007 2587 2076 κατασκευῇ
2635 2005 2698 2057 τὸ
2738 2006 3122 2076 ἀναμάρτητον
3176 2008 3278 2062 οὐκ
3325 2008 3545 2080 ἔχομεν,
3593 2009 3736 2064 ὥστε

2161 2102 2281 2156 οὐδὲ
2305 2102 2647 2174 βουλομένοις
2672 2104 2804 2173 ἡμῖν
2831 2103 3100 2174 ὑπάρχειν
3125 2105 3184 2158 τὺ
3210 2106 3581 2177 ἁμαρτάνειν;
3611 2106 3736 2160 Ὀτι

2162 2196 2256 2250 καὶ
2294 2197 2357 2250 σὺ
2381 2197 2507 2259 τοὺς
2530 2195 2772 2260 οἰκέτας,
2797 2199 2894 2267 οὐχ
2918 2196 3044 2250 ὅταν
3065 2197 3321 2270 δεσμίους
3351 2197 3481 2271 ἔχῃς
3500 2240 3514 2264 ,
3545 2199 3736 2264 εὔνους

2162 2287 2586 2360 ὑπολαμϐάνεις,
2609 2288 2723 2342 ἀλλ’
2750 2290 2879 2344 ὅταν
2913 2290 3027 2364 τδῃς
3058 2293 3323 2356 ἑκουσίως
3348 2293 3737 2366 ἀποπληροῦν-

2160 2380 2259 2445 τάς
2293 2396 2377 2435 σοι
2404 2380 2474 2434 τὰ
2499 2379 2836 2452 καθήκοντα.
2872 2383 2983 2436 Καὶ⁵
3020 2382 3139 2456 Θεῷ
3173 2384 3346 2454 φίλον,
3387 2385 3449 2440 οὐ
3481 2385 3542 2440 τὸ
3565 2387 3736 2456 ἡναγ-

2160 2475 2455 2546 κασμένον,
2483 2473 2620 2528 ἀλλὰ
2651 2475 2712 2529 τὸ
2741 2476 2800 2542 ἐξ
2828 2477 3027 2549 ἀρετῆς
3050 2478 3507 2552 κατορθούμενον.
3542 2479 3738 2552 ’Λρετὴ

2159 2567 2216 2625 δὲ
2269 2568 2336 2624 ὲκ
2385 2569 2780 2643 προαιρέσεως,
2829 2572 2922 2625 καὶ
2957 2572 3057 2626 οὐκ
3103 2572 3352 2645 ἀνάγκης
3396 2573 3629 2644 γίνεται.
3679 2575 3738 2630 '0

2160 2663 2340 2718 τοίνυν
2389 2663 2737 2737 μεμφόμενος
2792 2663 2884 2720 τὸν
2937 2666 3190 2739 ποιητὴν,
3231 2665 3309 2732 ὡς
3357 2665 3435 2739 μὴ
3489 2668 3738 2739 φυσικῶς

2159 2759 2652 2814 κατασκευάσαντα
2693 2760 2843 2830 ἡμᾶς
2890 2759 3335 2834 ἀναμαρτήτους,
3363 2759 3517 2816 οὐδὲν
3550 2762 3738 2835 ἕτερον

2160 2851 2193 2921 ἢ
2225 2851 2326 2920 τὴν
2364 2851 2560 2921 ἄλογον
2590 2849 2754 2922 φύσιν
2782 2851 2885 2922 τῆς
2927 2851 3153 2922 λογικῆς
3195 2853 3459 2926 προτιμᾷ,
3492 2852 3589 2906 καὶ
3640 2852 3738 2926 τὴν

2161 2942 2418 3014 ἀκίνητον
2461 2942 2553 2997 καὶ
2581 2943 2893 3015 ἀνὸρμητον
2916 2943 3022 3016 τῆς
3051 2947 3445 3018 προαιρετικῆς
3490 2946 3590 3000 καὶ
3633 2947 3739 3017 ἐμ.

2163 3035 2432 3109 πράκτου.

473 3143 598 3202 quae
636 3130 926 3188 rationalis
962 3139 1048 3188 est
1084 3134 1407 3204 anteponit;
1448 3139 1502 3189 et
1538 3132 1689 3188 illam
1730 3147 1853 3205 qua:
1900 3133 2055 3190 nullo
2093 3148 2158 3190 ex
2219 3149 2279 3190 se
2331 3142 2485 3190 motu
2529 3135 2726 3202 cietur,
2792 3134 2845 3191 ei
2919 3133 3012 3192 cui
3069 3133 3216 3193 inest
3297 3135 3496 3192 electio
3549 3145 3600 3192 et
3657 3136 3741 3191 vis

479 3223 702 3294 agendi.

547 3312 640 3370 Id.
671 3316 823 3384 epist.
855 3316 946 3373 41.
976 3347 1040 3358 -
1069 3315 1149 3374 Ne
1175 3319 1328 3391 quis,
1361 3318 1549 3387 velim,
1575 3317 1855 3390 corrigere
1883 3317 2051 3374 Deum

2231 3316 2458 3387 Μηδεὶς,
2495 3313 2823 3386 παρακαλῶ.
2855 3313 3186 3388 διορθούσθω
3221 3313 3313 3370 τὸν
3341 3315 3572 3389 Κύριον,
3601 3319 3740 3389 μηδὲ

475 3416 668 3471 tentet,
711 3414 765 3462 et
801 3406 1136 3465 dicatzﬂoc
1181 3410 1345 3466 nobis
1373 3414 1598 3466 omnino
1641 3410 1802 3467 debet
1840 3410 2058 3466 contin-

479 3516 626 3572 gere.
661 3515 770 3556 non
814 3511 996 3558 autem
1045 3504 1203 3560 illud.
1233 3524 1251 3556 ι
1288 3503 1424 3572 Quis
1457 3507 1604 3561 enim
1649 3504 1804 3559 novit
1831 3517 2056 3560 sensum

479 3592 726 3659 Domini;
767 3603 862 3648 aut
884 3595 1009 3666 quis
1031 3597 1380 3653 consiliarius
1414 3597 1533 3668 ejus
1559 3597 1709 3652 fuit?
1740 3617 1757 3652 ι
1783 3595 1956 3669 (Rom.
1979 3611 2055 3663 ιι,

477 3690 569 3760 31)
625 3687 684 3744 ln
753 3689 986 3760 caligine
1023 3691 1298 3761 siquidem
1357 3691 1590 3764 iudicat,
1640 3700 1701 3747 ut
1743 3690 1868 3747 Jobi
1935 3705 2056 3747 ser-

479 3782 738 3838 monibus
785 3790 931 3848 utar,
968 3791 1022 3838 et
1068 3785 1245 3842 nubes
1295 3785 1588 3842 absconsio
1632 3784 1756 3856 ejus
1800 3791 1907 3849 est,
1954 3798 2059 3840 nec

477 3875 873 3944 conspicietur.
910 3876 1208 3947 Explorata
1242 3877 1610 3934 medicamina
1650 3876 1837 3943 habet,
1870 3892 1992 3948 quae
2025 3890 2057 3933 a

480 3969 614 4023 vitio
636 3968 702 4024 ad
734 3970 1022 4036 virtutem,
1052 3979 1105 4026 et
1128 3972 1195 4027 ab
1219 3971 1572 4043 ignoratione
1591 3971 1657 4027 ad
1683 3971 2056 4044 cognitionem

477 4061 574 4118 Dei
609 4063 826 4118 animos
856 4065 1120 4120 excitant.

550 4155 743 4224 CyriIIi
771 4155 1032 4210 Alexand.
1049 4187 1116 4196 —
1137 4156 1368 4213 Demitte
1391 4157 1770 4228 supercilium,
1790 4173 1822 4212 ο
1843 4157 2010 4213 homo
2037 4175 2054 4213 :

479 4246 798 4316 repagulum
845 4255 898 4300 ct
927 4247 1154 4316 januam
1185 4263 1404 4318 impone.
1441 4249 1662 4321 lingua.
1698 4247 1782 4303 Ab
1819 4249 1922 4305 hoc
1943 4257 2054 4304 tam

482 4337 680 4407 frigido
732 4339 1048 4408 vaniloquio
1113 4343 1522 4411 quamprimum
1596 4341 1853 4398 abscede.
1923 4342 2055 4398 Siue

481 4429 648 4486 Deum
681 4443 733 4484 ct
761 4433 926 4495 scire,
951 4441 1005 4486 et
1045 4431 1244 4499 iaeerc,
1269 4450 1389 4504 quae
1420 4435 1596 4504 ipsum
1632 4434 1883 4490 deceant.

523 4566 623 4623 Tit.
663 4565 748 4620 Vl.
779 4597 845 4608 -
880 4567 953 4622 De
1005 4570 1202 4640 angelis
1226 4587 1255 4652 ἐ
1284 4581 1331 4625 et
1363 4572 1501 4642 quod
1534 4575 1769 4628 admisso
1807 4584 2020 4644 peccato

1109 4652 1419 4710 puniantur.

551 4755 652 4811 Job
694 4775 843 4823 τινι,
893 4759 978 4814 15.
1019 4789 1087 4800 -
1129 4778 1146 4811 ‹
1191 4761 1470 4833 Praecepto
1530 4763 1810 4819 interfecit
1863 4765 2056 4821 draco-

482 4866 603 4904 nem
634 4858 960 4920 apostatam.
1004 4871 1022 4904 ι

555 4941 616 4996 11
662 4943 809 4997 Ρειτ.
857 4962 918 5009 n,
971 4946 1026 4999 4.
1070 4975 1142 4986 ——
1194 4965 1211 4998 ι
1249 4945 1389 5003 Deus
1435 4949 1646 5022 angelis
1692 4955 2053 5022 peccantibus

483 5053 592 5092 non
628 5038 891 5105 pepercit,
940 5037 1033 5091 sed
1077 5038 1402 5093 rudentibus
1433 5041 1634 5096 inferni
1677 5043 1961 5100 detractos
1995 5046 2050 5100 in

483 5140 750 5186 tartarum
787 5130 1012 5185 tradidit
1057 5133 1409 5198 cruciandos,
1467 5135 1519 5189 in
1551 5138 1820 5207 judicium
1869 5154 2050 5194 reser-

447 5227 619 5279 '\'ari.
663 5244 681 5277 ι

557 5318 716 5375 Ιαάα»
768 5321 820 5375 6.
877 5353 947 5364 —-
1022 5341 1040 5374 ι
1097 5322 1334 5394 Angelos
1378 5324 1473 5391 qui
1528 5339 1637 5378 non
1687 5336 2050 5382 servaverunt

486 5429 644 5470 suum
683 5415 1074 5487 principatum,
1106 5416 1201 5473 sed
1229 5415 1642 5487 dereliquerunt
1683 5433 1843 5474 suum
1876 5419 2051 5475 domi-

2158 3411 2419 3481 λεγέσθω,
2453 3411 2533 3464 ὄτι
2563 3409 2724 3464 τοῦτο
2753 3410 2886 3481 ἡμῖν
2915 3408 3118 3480 ὠφελεί
3165 3410 3463 3484 συμϐῆναι,
3510 3413 3607 3467 καὶ
3639 3413 3738 3465 οὐκ

2160 3508 2336 3561 ἐκεῖνο
2365 3504 2603 3567 πάντως.
2638 3522 2658 3556 ι
2701 3503 2799 3567 Τίς
2824 3501 2937 3575 γὰρ
2969 3502 3110 3573 ἔγνω
3137 3504 3267 3559 νοῦν
3305 3505 3552 3578 κυρίους
3584 3504 3616 3575 ἢ
3656 3509 3736 3571 τις

2161 3596 2466 3667 σύμϐουλος
2510 3593 2676 3648 αὐτοῦ
2711 3594 2969 3664 Ξγένετο;
3006 3615 3027 3649 ι
3065 3597 3124 3652 ὲν
3163 3597 3347 3670 γνόφῳ
3395 3597 3504 3670 γὰρ
3538 3600 3736 3672 κρίνει,

2160 3690 2299 3746 κατὰ
2349 3689 2442 3744 τὸν
2485 3687 2626 3758 Ἰὼϐ,
2680 3691 2774 3744 καὶ
2802 3689 2998 3760 νεφέλη
3045 3689 3342 3764 ἀποκρυφὴ
3395 3691 3588 3755 αὐτοῦ,
3645 3694 3736 3746 καὶ

2158 3785 2256 3856 οὐχ
2281 3783 2634 3856 ὀραθήσεται.
2683 3779 2840 3839 Εἶδεν
2876 3781 3089 3838 caena
3133 3783 3334 3848 κακίας
3380 3783 3475 3838 ἐπὶ
3511 3784 3736 3856 ἀρετὴν,

2159 3877 2254 3934 καὶ
2282 3876 2389 3933 ἀπὸ
2414 3876 2691 3947 ἀγνωσίας
2719 3877 2800 3943 εἰς
2829 3877 3125 3946 ιπίγνωσιν
3152 3876 3289 3932 Θεοῦ
3315 3878 3742 3950 προτρειιιόμενσ⁹

2159 3971 2448 4044 φάρμακα.
3454 3986 3456 3989 '

2297 4173 2500 4236 Κάθες,
2527 4171 2802 4246 ἄνθρωπε,
2825 4174 2924 4245 τὴν
2958 4174 3138 4247 ὁρμήν
3157 4191 3173 4207 ο
3201 4175 3390 4240 ἐπίθες
3419 4178 3488 4248 τῇ
3522 4177 3733 4251 γλώττῃ

2159 4266 2357 4338 μοχλὸν
2391 4265 2484 4317 καὶ
2513 4263 2700 4334 θύραν,
2735 4264 3087 4336 ἀποπήδησον
3113 4264 3214 4336 τῆς
3237 4263 3378 4319 οὕτω
3410 4265 3624 4338 ψυχρᾶς
3655 4271 3734 4321 εί-

2156 4357 2484 4428 καιομυθίας
2538 4358 2720 4427 Πάρες
2769 4359 2862 4411 ἐπὶ
2907 4357 3090 4412 πάντα
3137 4356 3256 4428 Θεῷ
3285 4357 3346 4413 τὸ
3395 4359 3489 4412 καὶ
3538 4359 3735 4415 εἰδέναι

2157 4451 2250 4504 καὶ
2275 4451 2409 4522 δρᾷν
2439 4450 2583 4522 ἆπερ
2618 4448 2683 4504 ἂν
2713 4449 2861 4522 αὐτῷ
2888 4449 3110 4522 πρέπει.

2155 4585 2304 4642 Τίτλ.
2373 4589 2466 4656 ς’.
2522 4617 2601 4666 ς-
2653 4588 2792 4666 Περὶ
2843 4587 3296 4666 ἀγγέλων-ηὸτι
3341 4592 3442 4649 καὶ
3493 4593 3733 4666 ἄγγελοι

2501 4658 2960 4729 ἀμαρτήσαντες
3007 4660 3378 4723 κολάζονται.

2233 4793 2253 4826 ι
2328 4775 2720 4847 Προστάγματι
2791 4775 3101 4832 ἐθανάτωσε
3153 4777 3426 4850 δράκοντα
3487 4782 3732 4839 ἀποστάο

2155 4883 2274 4937 την.
2338 4886 2356 4917 ι

2235 4980 2252 5012 ι
2312 4962 2369 5015 '0
2421 4961 2552 5026 Θεὸς
2607 4962 3042 5034 αμαρτησᾶντων
3097 4964 3198 5018 οὐκ
3248 4965 3537 5035 ἐφείσατο·
3599 4969 3730 5022 ἀλλὰ

2157 5056 2368 5125 σειραῖς
2420 5053 2585 5124 ζόφου
2643 5054 3022 5129 ταρταρώσας,
3063 5059 3380 5130 παρέδωκεν
3422 5063 3503 5125 εἰς
3553 5063 3729 5135 κρίσιν

2161 5145 2552 5216 κολαζομένους
2590 5145 2891 5218 τηρεῖσθαι.
2945 5165 2964 5198 ι

2236 5347 2254 5377 ‹
2317 5326 2606 5395 Ἀγγέλους
2639 5328 2763 5391 τοὺς
2792 5328 2866 5400 μὴ
2893 5330 3240 5403 τηρήσαντας
3266 5333 3364 5405 τὴν
3391 5335 3603 5391 ἑαυτῶν
3630 5339 3724 5408 ὀρ-

2161 5419 2282 5491 χὴν,
2319 5417 2455 5472 ἀλλὰ
2485 5418 2850 5486 ἀπολιπόντας
2887 5421 2948 5474 τὸ
2975 5422 3105 5478 ίδιον
3129 5425 3471 5500 οἰκητήριον,
3502 5431 3581 5495 είς
3617 5425 3722 5497 κρί-

1746 5612 1981 5669 νΑιιιλΕ
2025 5615 2428 5675 LECTIONES.

566 5725 595 5766 δ
618 5725 738 5814 llaec
772 5742 1057 5814 perperam
1095 5731 1148 5784 in
1182 5729 1555 5814 [inpudicitur
1591 5743 1910 5814 acceptae:
1953 5733 2046 5788 lib.
2077 5751 2206 5791 xvni
2251 5735 2451 5794 Contra
2471 5737 2850 5807 Julian.,cum
2887 5706 3123 5814 Cyrillus
3158 5741 3348 5799 decem
3393 5745 3565 5808 libros
3590 5749 3717 5806 dun-

486 5807 657 5865 taxat,
703 5814 808 5853 non
842 5803 1047 5871 plures,
1092 5801 1282 5859 contra
1315 5801 1591 5858 Julianum
1617 5804 1864 5859 ediderit.
