3970 6294
512 501 515 507 ,
541 405 678 475 1099

1741 414 1801 475 S.
1844 414 2164 481 JOANNIS
2199 415 2630 480 DAMASCENI

3665 414 3804 478 1100

524 525 602 587 in
647 523 954 587 mulierem,
996 531 1046 579 ct
1102 523 1332 581 adduxit
1379 537 1517 582 eam'
1552 523 1626 582 ad
1659 525 1852 583 Adam.
1892 527 1958 582 Et
1984 527 2119 584 dixit

2252 528 2322 603 ’ὴν
2347 532 2428 596 είς
2464 532 2720 601 γυναῖκα,
2763 529 2857 586 διοή
2882 531 3087 604 ἢγαγεν
3117 529 3286 606 αὐτὴν
3313 528 3450 600 πρὸς
3477 528 3569 585 τδν
3611 530 3794 604 Ἀδάμ.

537 617 710 694 Adam
752 635 767 672 :
803 616 915 671 Hoc
941 632 1087 674 nunc
1115 626 1198 676 est
1218 621 1593 678 osexossibtts
1631 621 1793 690 meis,
1822 629 1875 677 et
1903 635 2032 678 caro
2061 623 2129 679 de

536 726 702 790 carne
731 727 868 767 mea.
922 712 1045 768 "LUC
1077 713 1369 771 vocabitur
1407 714 1606 770 mulier
1657 715 1775 786 (seu
1806 716 1968 788 vira),
1998 717 2126 789 quia

537 805 616 860 de
634 804 754 864 .viro
797 821 900 862 suo
931 815 1148 878 sumpta
1179 814 1264 864 est
1292 808 1435 880 ipsa.
1464 808 1695 881 Propter
1719 809 1822 866 hoc
1853 811 2129 882 relinquet

538 898 706 953 homo
733 905 940 966 patrem
974 908 1030 957 et
1066 907 1318 965 matrem,
1357 907 1414 957 et
1450 900 1747 958 adhaerebit
1783 904 1942 959 uxori
1991 919 2126 974 suae,

536 999 591 1063 et
619 1003 780 1050 erunt
813 994 926 1050 duo
957 995 1016 1051 in
1051 1009 1274 1051 carnem
1321 1011 1506 1051 unam.
1538 1015 1559 1050 ι

607 1174 712 1230 Job
765 1192 818 1242 ι,
851 1175 907 1244 8,
941 1173 1031 1240 ii,
1054 1173 1108 1231 9.
1147 1203 1218 1215 --
1253 1192 1272 1226 ι
1313 1173 1508 1232 Manus
1563 1182 1673 1233 tua;
1728 1174 1983 1235 iecerunt
2015 1193 2124 1246 me,

535 1276 593 1326 et
627 1270 1041 1342 plasmavcrunt
1083 1283 1193 1325 tne.
1225 1266 1375 1325 Pelle
1421 1276 1476 1325 et
1514 1282 1685 1326 carne
1725 1271 1947 1328 vestisti
2004 1287 2126 1342 me;

535 1362 759 1436 ossibus
803 1368 858 1418 et
906 1359 1092 1417 nervis
1147 1359 1477 1433 compegisli
1525 1377 1634 1418 me.
1685 1361 1959 1421 Memento
1997 1365 2126 1437 quia

537 1446 681 1511 sicut
711 1453 885 1510 lutum
928 1452 1134 1511 tinxisti
1167 1469 1288 1524 me;
1333 1463 1390 1510 et
1427 1469 1623 1512 rursus
1652 1455 1707 1512 in
1731 1465 1932 1514 terram
1959 1461 2127 1518 redu-

537 1561 632 1602 ces
662 1560 749 1602 me
755 1586 770 1601 .
807 1562 829 1598 ὓ

607 1638 764 1696 Poni.
794 1654 1027 1704 ιηνηι,
1062 1638 1122 1709 6,
1163 1637 1221 1696 7.
1260 1667 1322 1682 σο·
1367 1660 1388 1695 ι
1423 1640 1821 1700 Verumtamen
1866 1646 2128 1705 universa

533 1743 789 1805 vanitas,
861 1735 1043 1795 omnis
1107 1731 1277 1789 homo
1349 1735 1560 1796 vivens.
1616 1739 2006 1798 Verumtamen
2072 1742 2126 1799 in

535 1832 775 1907 imagine
797 1829 1098 1904 pertransit
1138 1829 1344 1899 homo;
1394 1828 1493 1886 sed
1531 1839 1586 1886 et
1638 1831 1846 1891 frustra
1893 1845 2124 1893 contur-

535 1931 719 1984 batur.
762 1944 782 1978 ι

581 2018 762 2080 Paul.
793 2031 909 2085 cm,
939 2015 1124 2074 29.—-
1174 2035 1192 2070 ι
1234 2017 1467 2075 Auferes
1517 2018 1770 2091 spiritum
1813 2036 2025 2092 eorum,
2075 2031 2130 2081 et

534 2111 793 2170 deﬁcient
827 2128 842 2168 :
886 2121 940 2167 et
966 2111 1020 2165 in
1049 2109 1328 2180 pulverem
1359 2126 1518 2168 suum
1554 2124 1965 2172 convertentur.
2009 2136 2028 2170 ι
2110 2122 2114 2125 ’

603 2205 785 2263 Εεειε.
817 2221 903 2272 ιιι,
930 2204 1020 2259 20.
1055 2233 1127 2247 --
1166 2223 1186 2257 ι
1225 2205 1422 2260 Omnia
1452 2205 1523 2262 de
1571 2215 1719 2265 terra
1778 2208 1925 2268 facta
1955 2220 2126 2277 sunt;

521 2314 590 2362 et
615 2305 796 2362 omnia
833 2306 890 2362 in
918 2313 1120 2362 terram
1157 2310 1524 2360 revertentur.
1560 2321 1581 2357 ι

610 2398 740 2468 Sap.
775 2414 837 2466 tt,
865 2398 958 2456 23.
987 2428 1062 2440 --
1086 2397 1251 2470 310
1285 2415 1304 2449 ι
1338 2397 1484 2453 Deus
1515 2395 1724 2454 creavit
1750 2395 1818 2454 de
1849 2405 1995 2454 terra
2030 2398 2129 2456 ho-

535 2491 744 2548 minem
781 2489 1336 2560 inexterminahilem,
1374 2501 1432 2547 et
1455 2489 1523 2546 ad
1564 2491 1860 2564 imaginem
1904 2493 2128 2550 αξιοι-ηἰ-

537 2585 665 2643 tatis
699 2601 816 2642 sua:
842 2583 975 2643 fecit
1010 2585 1192 2641 illum.
1233 2603 1255 2639 ι

605 2678 737 2751 Sep.
765 2695 843 2746 ιι,
871 2680 923 2747 1,
947 2679 1098 2735 2.-
1131 2696 1151 2732 ι
1184 2678 1288 2747 Qui
1322 2677 1499 2736 fecisti
1531 2679 1716 2736 omnia
1742 2678 1908 2737 verbo
1935 2688 2050 2750 tuo,
2073 2691 2128 2740 et

537 2771 806 2844 sapientia
829 2777 922 2826 tua
955 2770 1302 2828 constituisti
1331 2770 1634 2837 hominem,
1661 2779 1717 2826 ut
1748 2771 2129 2830 dominaretur

536 2875 828 2933 creaturae,
880 2880 1002 2938 quat
1029 2881 1060 2922 a
1115 2875 1168 2921 te
1209 2863 1352 2921 facta
1382 2875 1490 2933 est,
1539 2875 1598 2921 ut
1630 2865 1885 2937 disponat
1934 2868 2125 2925 orbem

529 2970 702 3032 terrae
732 2962 788 3018 in
811 2960 1071 3033 aequitate
1105 2964 1166 3016 et
1186 2958 1427 3030 justitia,
1458 2966 1512 3017 et
1537 2961 1590 3016 in
1613 2961 1917 3020 directione
1940 2964 2126 3020 θυι-ἀίει

533 3052 1078 3126 judicium'judicet.
1119 3071 1140 3106 ι

608 3145 742 3220 Sap.
775 3163 873 3215 vn,
909 3147 959 3203 i.
988 3177 1053 3189 -——
1104 3164 1125 3200 t
1160 3145 1226 3202 Et
1262 3156 1366 3220 ego
1399 3145 1621 3220 quidem
1651 3148 1902 3206 mortalis
1936 3149 2122 3215 homo,

2229 623 2342 679 Καὶ
2389 621 2543 679 εἶπεν
2586 625 2790 696 Ἀδάμ’
2850 624 3023 680 Τοῦτο
3059 623 3154 680 νῦν
3188 626 3335 680 ἐστιν
3365 624 3559 679 ὀστοῦν
3596 627 3670 697 ,ἐκ
3693 629 3790 684 τῶν

2228 717 2429 772 ὀστέων
2454 735 2579 789 μου,
2612 718 2706 774 καὶ
2738 717 2873 790 σὰρξ
2893 719 2956 773 ὲκ
2981 717 3081 790 τῆς
3111 718 3314 790 σαρκός
3350 733 3474 789 μου.
3497 715 3647 789 Αὕτη
3674 720 3798 786 κλη-

2231 808 2455 884 Θησεται
2484 813 2647 885 γυνὴ,
2669 812 2752 866 ὅτι
2773 812 2837 866 ἐκ
2868 809 2965 866 τοῦ
2996 811 3187 884 ἀνδρὸς
3207 811 3377 883 αὐτῆς
3405 809 3619 882 ἐλήφθη
3643 807 3798 880 αύτήο

2229 905 2416 961 ἕνεκεν
2447 906 2636 961 τούτου
2657 904 2973 979 καταλείψει
2991 904 3278 979 ἄνθρωπος
3295 904 3387 959 τὸν
3406 903 3620 974 πατέρα
3643 900 3804 959 αὐτοῦ

2229 999 2324 1056 καὶ
2349 999 2448 1073 τὴν
2465 999 2677 1075 μητέρα
2691 998 2878 1066 αὐτοῦ,
2895 998 2989 1054 καὶ
3011 996 3544 1072 προσκολληθήσεται
3563 999 3694 1068 πρὸς
3711 997 3808 1067 τὴν

2228 1096 2464 1165 γυναῖκα
2483 1092 2676 1151 αὐτοῦ·
2704 1092 2799 1151 καὶ
2826 1092 3039 1148 ἔσονται
3067 1093 3116 1147 oi
3140 1091 3235 1148 δύο
3270 1092 3352 1156 είς
3386 1091 3565 1162 σάρκα
3594 1088 3746 1162 μίαν.
3783 1107 3801 1140 ι

2305 1207 2326 1243 ι
2360 1190 2427 1244 Δί
2453 1189 2637 1262 χεῖρές
2673 1206 2766 1244 σου
2788 1185 3054 1261 ἐποίησάν
3084 1204 3176 1262 με,
3211 1187 3307 1241 καὶ
3326 1185 3603 1242 ἔπλασαν·
3635 1183 3808 1257 δέρμα

2229 1281 2326 1338 καὶ
2350 1281 2519 1354 κρέας
2542 1281 2816 1350 ἑνέδυσας,
2847 1280 3060 1347 ὀστέοις
3083 1265 3152 1336 ’δὲ
3177 1282 3272 1335 καὶ
3301 1277 3515 1350 νεύροις
3552 1296 3620 1350 με
3673 1279 3806 1332 ὲνεῑο

2234 1394 2350 1449 ρας.
2373 1368 2659 1448 Μνήσθ-ητι
2685 1377 2767 1432 ὁτι
2792 1376 2963 1450 πηλόν
3004 1393 3072 1451 με
3121 1374 3387 1444 ἔπλασας,
3413 1376 3495 1439 εἰς
3515 1374 3574 1429 δὲ
3607 1373 3716 1444 γῆν
3746 1391 3808 1444 με

2230 1471 2394 1527 πάλιν
2424 1469 2815 1544 ἀποστρέφεις.
2847 1491 2868 1526 ι

2305 1672 2326 1706 ι
2364 1652 2512 1728 Πλὴν
2554 1653 2625 1710 τά
2682 1650 2974 1726 σύμπαντα
3006 1654 3330 1728 ματαιότης,
3384 1653 3495 1717 πᾶς
3527 1651 3809 1724 ἄνθρωπος

2230 1748 2380 1815 (ὤν’
2409 1747 2593 1822 μέντοι
2639 1764 2704 1820 γε
2757 1749 2816 1802 ὲν
2869 1749 3037 1804 εικόνι
3066 1747 3448 1822 διαπορεύεται
3500 1748 3809 1821 ἄνθρωπος,

2231 1842 2372 1917 πλὴν
2399 1841 2576 1916 μάτην
2596 1841 2950 1916 ταράσσεται.
2985 1859 3005 1896 ι

2303 2039 2327 2074 ιι
2374 2018 2710 2086 Ἀντανελεϊς
2751 2018 2818 2076 τὸ
2853 2018 3073 2093 πνεῦμα
3095 2020 3300 2087 αὐτῶν,
3349 2020 3446 2076 καὶ
3473 2019 3809 2094 ἐπιλείψουσι,

2229 2113 2326 2168 καὶ
2355 2114 2434 2177 ας
2458 2112 2550 2167 τὸν
2581 2113 2708 2186 χοῦν
2729 2111 2911 2169 αὐτῶν
2942 2112 3384 2187 ἐπιστρέφουσιν.
3429 2133 3450 2168 ι

2307 2226 2327 2260 σ
2358 2208 2445 2264 Td
2474 2208 2651 2263 πάντα
2681 2205 2901 2278 ἐγένετο
2949 2208 3013 2262 ἐκ
3055 2206 3152 2262 τοῦ
3178 2207 3324 2280 χοὸς,
3373 2208 3470 2262 καὶ
3514 2207 3586 2263 τὰ
3637 2209 3812 2264 πάντα

2230 2302 2549 2376 ἐπιστρέψει
2585 2303 2665 2368 είς
2707 2302 2807 2375 τὴν
2842 2302 2968 2376 γῆν.
3010 2321 3030 2356 ι

2304 2415 2323 2450 ι
2372 2397 2431 2453 ’0
2459 2397 2596 2464 Θεὸς
2655 2397 2837 2453 ἔκτισε
2889 2398 2984 2454 τὸν
3039 2396 3332 2471 ἄνθρωπον
3384 2395 3480 2453 επὶ
3507 2396 3810 2468 ἀφθαρσίᾳ,

2229 2492 2324 2546 καὶ
2371 2491 2495 2546 κατ’
2536 2491 2721 2546 είκόνα
2763 2490 2864 2564 τῆς
2909 2491 3396 2566 ίδίαςνάἶδιὸτητος
3421 2491 3684 2563 ἐποίησεν
3715 2491 3812 2545 αὖ·

2227 2585 2340 2644 τόν.
2387 2604 2409 2642 ι
3534 2624 3539 2629 -

2306 2701 2326 2736 ι
2369 2682 2428 2737 '0
2458 2681 2689 2756 ποιήσας
2714 2680 2786 2738 τά
2816 2682 2995 2738 πάντα
3022 2681 3080 2737 ὲν
3111 2679 3257 2754 λόγῳ
3289 2696 3384 2735 σου
3412 2679 3510 2735 καὶ
3541 2680 3608 2752 τῇ
3653 2673 3814 2749 σοφίᾳ

2231 2801 2324 2839 σου
2357 2784 2778 2845 κατασκευάσας
2805 2778 3113 2851 ἄνθρωπον,
3152 2777 3242 2832 ἰνα
3288 2774 3528 2847 δεσπόζῃ
3550 2773 3668 2830 τῶν
3713 2771 3816 2828 ὑπὸ

2230 2877 2325 2933 σοῦ
2378 2876 2691 2950 γενομένων
2744 2876 3082 2948 κτισμάτων,
3128 2872 3225 2928 καὶ
3277 2870 3440 2945 διέπῃ
3471 2869 3565 2924 τὸν
3605 2868 3814 2941 κόσμον

2229 2976 2291 3029 ἐν
2325 2972 2564 3044 ὁσιότητι
2594 2970 2689 3025 καὶ
2717 2968 3030 3042 δικαιοσύνῃ
3049 3008 3063 3035 ,
3109 2967 3205 3022 καὶ
3229 2967 3287 3021 ἐν
3335 2964 3598 3036 εύθύτητι
3629 2962 3814 3037 κρίσιν

2229 3066 2412 3140 κρίνῃ.
2445 3085 2463 3119 ο

2305 3178 2323 3212 t
2359 3160 2492 3233 Εἰμὶ
2540 3157 2641 3231 μὲν
2674 3154 2832 3227 κάγὼ
2881 3154 3073 3226 Θνητὸς
3102 3155 3410 3226 ἄνθρωπος,
3461 3151 3574 3218 ίσος
3608 3151 3814 3207 ῑπασιν

539 3241 742 3300 similis
791 3241 1072 3307 omnibus,
1113 3248 1168 3297 et
1212 3257 1278 3297 ex
1323 3256 1523 3312 genere
1581 3249 1804 3298 terreno
1854 3245 2124 3301 oriundus

2252 3255 2325 3313 ta‘t
2351 3252 2616 3329 γηγενοῦς
2655 3253 2922 3325 ἀπόγονος
2949 3251 3399 3328 πρωτοπλάστου,
3429 3250 3527 3304 καὶ
3552 3251 3612 3304 ὲν
3635 3248 3813 3320 κοιλίᾳ

542 3336 694 3394 illius
715 3336 808 3410 qui
840 3335 992 3408 prior
1019 3335 1199 3392 iactus
1226 3342 1330 3402 est,
1360 3342 1415 3392 et
1443 3336 1498 3392 iu
1534 3344 1723 3393 ventre
1755 3339 1949 3395 matris
1985 3339 2124 3411 [igu-

539 3437 699 3487 ratus
725 3445 847 3485 sunt
874 3443 1030 3497 caro,
1060 3427 1246 3486 decem
1285 3429 1559 3486 mensium
1591 3439 1840 3503 tempore
1869 3433 2126 3505 coagula-

541 3533 634 3581 tus
662 3538 784 3579 sum
812 3523 866 3578 in
888 3523 1179 3596 sanguine,
1196 3537 1262 3580 ex
1286 3522 1498 3580 semine
1521 3521 1784 3591 hominis,
1803 3530 1858 3581 et
1888 3525 2125 3582 delecta-

541 3625 733 3675 mento
781 3616 962 3674 somni
1014 3615 1398 3673 conveniente.
1457 3614 1522 3670 Et
1556 3630 1662 3687 ego
1716 3625 1889 3674 natus
1935 3619 2125 3690 accepi

531 3718 891 3767 communem
948 3724 1152 3776 aerem,
1195 3709 1346 3767 etin
1379 3707 1638 3766 similiter
1696 3709 1897 3767 iactam
1951 3712 2125 3770 decidi

546 3813 783 3873 terram;
813 3809 868 3859 et
893 3801 1126 3876 primam
1163 3818 1350 3860 vocem
1381 3802 1620 3859 similem
1672 3805 1932 3863 omnibus
1962 3806 2124 3862 emisi

529 3898 792 3970 plorans.
844 3895 905 3953 In
950 3895 1344 3954 involumentis
1401 3897 1645 3954 nutritus
1687 3914 1832 3964 sum,
1867 3906 1922 3956 et
1951 3901 2125 3959 curis.

543 3990 714 4048 Nemo
742 3989 891 4046 enim
927 4004 993 4046 ex
1025 3990 1252 4062 regibus
1279 3989 1423 4047 aliud
1458 3988 1648 4046 habuit
1678 3991 1986 4049 nativitatis
2016 3994 2125 4050 ini-

531 4084 702 4140 tium.
726 4081 883 4141 Unus
910 4097 1044 4157 ergo
1070 4081 1329 4141 introitus
1360 4093 1442 4141 est
1467 4086 1727 4143 omnibus
1758 4087 1824 4142 ad
1854 4088 2043 4159 vitam,
2073 4100 2126 4146 et

531 4178 743 4234 similis
770 4177 973 4234 exitus.
1015 4195 1036 4230 ›

605 4264 788 4323 Εσείὶ.
815 4283 949 4333 xvn,
986 4269 1037 4331 1,
1074 4265 1128 4321 2.
1163 4296 1231 4306 -
1265 4285 1286 4318 ε
1323 4265 1590 4326 Dominus
1621 4272 1830 4328 creavit
1871 4271 1939 4329 de
1979 4281 2124 4330 terra

531 4363 841 4420 hominem.
898 4360 1201 4417 Numerum
1250 4360 1464 4418 dierum
1500 4373 1552 4419 et
1594 4371 1810 4437 tempus
1842 4367 1992 4421 dedit
2026 4369 2122 4436 illi,

543 4464 600 4513 et
624 4463 948 4528 potestatem
979 4470 1147 4526 super
1189 4468 1327 4510 eam.
1361 4455 1442 4510 Ad
1480 4455 1772 4528 imaginem
1805 4472 1960 4514 suam
1995 4460 2126 4515 fecit

538 4547 699 4604 illum
733 4565 750 4604 :
784 4554 839 4602 et
869 4545 1050 4618 posuit
1081 4547 1333 4602 timorem
1367 4547 1539 4617 ipsius
1563 4563 1726 4620 super
1756 4566 1973 4607 omnem
2007 4567 2126 4608 caro

2235 3350 2444 3423 μητρδς
2469 3348 2710 3421 ὲγλύφην
2726 3346 2884 3420 σὰρξ,
2913 3345 3288 3419 δεκαμηνιαίῳ
3325 3343 3502 3417 χρόνῳ
3529 3342 3733 3413 παγεὶς
3759 3343 3812 3396 ἐν

2231 3445 2444 3518 αἵματι,
2477 3444 2543 3499 ἐκ
2573 3443 2886 3518 σπέρματος
2907 3440 3124 3514 ἀνδρὸς,
3154 3443 3250 3496 καὶ
3284 3437 3480 3513 ἡδονῆς
3507 3436 3666 3510 ὕπνῳ
3692 3455 3814 3491 συν-

2231 3537 2515 3609 ελθούσης.
2541 3536 2652 3592 Καὶ
2675 3533 2785 3606 ἐγὼ
2810 3534 2867 3588 δὲ
2896 3533 3186 3606 γενόμενος
3232 3531 3449 3594 ἔσπασα
3496 3529 3591 3585 τὸν
3637 3530 3814 3586 κοινὸν

2231 3628 2391 3702 ἀέρα,
2420 3628 2515 3684 καὶ
2544 3627 2637 3681 ἐπὶ
2664 3624 2763 3698 τὴν
2786 3622 3090 3697 ὁμοιοπαθῆ
3115 3621 3392 3708 κατέπεσα
3421 3619 3560 3692 γῆν,
3591 3617 3814 3692 πρώτην

2233 3721 2418 3793 φωνὴν
2447 3719 2544 3792 τὴν
2568 3717 2762 3791 ὁμοίαν
2793 3717 2958 3771 πᾶσιν
2992 3715 3085 3770 ίσα
3108 3713 3309 3770 κλαίων
3330 3728 3345 3744 °
3382 3714 3443 3768 ὲν
3476 3713 3815 3784 σπαργάνοις

2233 3813 2543 3887 ἀνετράφην
2573 3811 2671 3867 καὶ
2720 3812 2780 3866 ἐν
2823 3809 3122 3882 φροντίσιν.
3163 3807 3357 3873 Οὐδεὶς
3395 3805 3506 3878 γὰρ
3560 3804 3816 3878 βασιλεὺς

2232 3909 2426 3981 ἑτέραν
2447 3907 2573 3981 ἔσχε
2605 3907 2870 3978 γενέσεως
2897 3905 3107 3978 ἀρχήν·
3139 3903 3239 3976 μία
3267 3902 3324 3958 δὲ
3360 3903 3580 3959 πάντων
3610 3900 3812 3964 εἴσοδος

2233 4002 2310 4066 είς
2337 4001 2428 4055 τὸν
2460 4000 2685 4072 κόσμον,
2716 3998 2894 4068 ἔξοδος
2923 3999 3034 4071 ἴση.
3063 4016 3084 4052 ι

2309 4302 2327 4334 ε
2367 4280 2570 4355 Κύριος
2630 4279 2813 4335 ἔκτισε
2841 4279 2906 4335 ἐκ
2941 4279 3044 4352 γῆς
3074 4277 3397 4351 ἄνθρωπον
3441 4277 3663 4350 ἡμέρας
3694 4277 3813 4347 dpr-

2233 4373 2405 4446 θμοὺς
2453 4375 2548 4430 καὶ
2579 4374 2767 4447 καιρὸν
2826 4371 3024 4428 ἔδωκεν
3069 4372 3240 4443 αὐτῷ,
3287 4370 3385 4426 καὶ
3414 4370 3618 4424 ἔδωκεν
3664 4369 3814 4439 αύτῴ

2233 4471 2478 4540 ἐξουσίαν
2507 4470 2594 4524 ἐπ’
2617 4469 2807 4541 αὐτῆς.
2843 4470 2981 4523 Κατ’
3006 4468 3190 4523 εἰκόνα
3227 4467 3392 4522 αὑτοῦ
3427 4466 3690 4538 ἐποίησεν
3724 4467 3813 4520 αὗ-

2232 4566 2344 4629 τὸν,
2374 4564 2468 4619 καὶ
2492 4564 2688 4637 έθηκεν
2715 4563 2807 4618 τὸν
2831 4561 2995 4633 φόϐον
3027 4559 3193 4615 αὐτοῦ
3240 4560 3332 4614 ἐπὶ
3365 4559 3551 4631 πάσης
3585 4559 3812 4633 σαρκὸς,

546 4652 690 4706 ncm,
739 4647 795 4693 et
842 4637 1163 4696 dominatus
1209 4646 1295 4694 est
1355 4639 1656 4697 bestiarum
1709 4651 1763 4698 et
1818 4644 2118 4715 reptilium.

2252 4657 2646 4730 ιατακυριεύειν
2675 4655 2881 4728 θηρίων
2909 4654 3003 4710 καὶ
3031 4653 3295 4728 ἑρπετῶν.
3333 4651 3681 4718 Διαδούλιον,
3725 4655 3812 4707 καὶ

544 4732 813 4796 Consilio,
845 4739 900 4788 et
951 4734 1246 4801 sententia,
1289 4743 1342 4790 ct
1391 4735 1593 4806 oculis,
1617 4747 1670 4793 et
1718 4737 2013 4809 disciplina
2043 4740 2123 4796 in-

544 4824 862 4897 telligentia
889 4825 1120 4898 replevit
1151 4842 1277 4883 eum
1313 4848 1325 4884 :
1363 4839 1417 4884 et
1448 4830 1590 4886 bona
1619 4843 1674 4890 et
1710 4833 1852 4889 mula
1882 4838 2126 4894 ostendit

541 4918 614 4972 ei.
653 4934 672 4969 ι

561 5003 784 5066 "‘Eccli.
816 5026 932 5076 nt,
964 5012 1045 5067 15.
1071 5042 1141 5052 -ο
1172 5031 1192 5066 ‹
1235 5012 1427 5069 Omnia
1451 5032 1574 5086 quae
1605 5017 1671 5073 de
1702 5025 1852 5075 terra
1883 5032 2031 5089 sunt,
2067 5022 2122 5080 in

541 5112 744 5158 terram
777 5113 1137 5161 revertentur.
1175 5125 1194 5158 )

613 5197 805 5266 Ephes.
843 5215 903 5266 il,
937 5199 988 5254 8.
1024 5231 1090 5244 --
1125 5218 1144 5251 ι
1178 5199 1354 5273 Ipsius
1379 5201 1585 5260 factura
1619 5221 1831 5268 sumus.
1859 5212 2027 5268 creati
2065 5213 2117 5269 in

538 5288 756 5346 Christo
795 5288 925 5348 Iesu
970 5291 1022 5345 in
1073 5293 1336 5362 operibus
1391 5295 1568 5364 bonis,
1614 5314 1736 5372 qua:
1795 5307 2117 5375 praeparavit

540 5381 704 5450 Deus,
740 5393 796 5437 ut
823 5385 876 5439 in
910 5383 1044 5454 ipsis
1073 5385 1437 5445 ambulemus.
1475 5410 1494 5443 ι

602 5471 724 5528 Jac.
759 5490 796 5541 ι,
824 5474 909 5529 i8.
932 5504 1000 5516 —-
1036 5495 1054 5527 ι
1099 5474 1420 5539 Voluntarie
1464 5485 1654 5554 genuit
1690 5503 1790 5544 nos
1822 5495 1988 5550 verbo
2018 5512 2109 5553 ve-

2222 4755 2418 4821 δὸξαν,
2469 4753 2565 4808 καὶ
2622 4749 2975 4825 ὀφθαλμοὺς,
3029 4750 3124 4805 καὶ
3179 4749 3493 4820 ἐπιστήμην
3541 4747 3806 4808 συνέσεως

2225 4849 2523 4921 ἐνέπλησεν
2567 4847 2770 4914 αὐτὸν,
2818 4846 2914 4902 καὶ
2964 4846 3146 4916 ἀγαθά
3195 4847 3289 4901 καὶ
3335 4843 3482 4900 κακὰ
3529 4842 3807 4909 ὑπέδειξεν

2225 4943 2396 5015 αὐτῷ.
2439 4963 2458 4997 ο

2303 5052 2320 5089 t
2368 5035 2553 5092 Πάντα
2582 5035 2681 5089 ὅσα
2706 5032 2815 5088 ἀπὸ
2845 5033 2972 5105 γῆς,
3001 5033 3080 5098 είς
3107 5033 3207 5104 τὴν
3231 5031 3334 5104 γῆν
3357 5028 3740 5087 ἐπελεύσεται.
3782 5050 3797 5083 ι

2301 5237 2318 5270 ι
2360 5215 2538 5272 Αὐτοῦ
2567 5218 2734 5288 ἐσμεν
2759 5214 2993 5287 ποίημα,
3027 5213 3342 5280 κτισθέντες
3368 5215 3427 5268 ὲν
3451 5213 3637 5288 ἔργοις
3666 5215 3800 5285 ἀγα-

2223 5312 2334 5376 θοῖς
2365 5313 2420 5367 ὲν
2450 5310 2673 5385 Χριστῷ
2720 5308 2914 5380 Ἰησοῦ,
2942 5303 3024 5374 οἷς
3049 5309 3456 5382 προητοίμασεν
3483 5313 3510 5365 ὁ
3541 5311 3696 5376 Θεὸς,
3720 5315 3798 5365 ἵνα

2221 5405 2279 5457 ὲν
2305 5401 2454 5474 αὐτῷ
2483 5403 2970 5475 περιπατήσωμεν.
3009 5420 3030 5456 ι

2296 5512 2314 5545 ι
2351 5493 2641 5566 Βουληοεὶς
2694 5492 3004 5564 ἀπεκύησεν
3050 5493 3199 5565 ἡμᾶς
3224 5493 3372 5564 λόγῳ
3405 5495 3683 5567 ἀληθείας,
3723 5498 3792 5560 si;

536 5562 737 5628 ritatis,
788 5572 849 5617 ut
889 5564 1063 5620 simus
1094 5567 1312 5624 initium
1346 5572 1568 5645 aliquod
1602 5589 1871 5638 creaturae
1900 5585 2037 5656 ejus.
2085 5609 2102 5642 ι

2252 5586 2275 5640 ὁ
2300 5581 2437 5640 εἶναι
2459 5588 2607 5658 ἡμᾶς
2628 5589 2885 5659 ἀπαρχήν
2909 5604 3031 5641 τινα
3049 5586 3160 5641 τῶν
3189 5587 3383 5643 ἑαυτοῦ
3412 5592 3745 5662 κτισμάτων.
3770 5611 3786 5643 ε

602 5653 880 5712 Clementis
913 5674 1082 5730 papae,
1113 5663 1265 5733 epist.
1302 5667 1352 5720 i.
1383 5697 1451 5708 —-—
1474 5668 1611 5725 Cum
1643 5673 1758 5744 ipsc
1792 5681 1864 5734 sit
1892 5653 2109 5739 creator

2285 5682 2456 5746 Αὐτὸς
2489 5683 2518 5736 ὁ
2547 5681 2893 5755 Δημιουργδς
2946 5681 3044 5738 καὶ
3087 5683 3364 5755 Δεσπότης
3403 5683 3514 5738 τῶν
3545 5685 3791 5740 ἁπάντων

1852 5789 2081 5849 νΑίίΙιΕ
2116 5793 2510 5854 LECTIONES.

640 5874 665 5904 ο
708 5863 844 5922 illnc
875 5871 1101 5926 emenda
1141 5873 1430 5933 editionem

526 5934 656 6000 τούς
676 5953 689 5966 θ
718 5940 823 6009 γῆν
849 5957 909 5994 τε
935 5941 1262 6014 διεμέρισεν.

1473 5877 1704 5948 Usserii,
1739 5885 1831 5954 qui
1873 5902 1937 5944 ex
1977 5891 2379 5961 conjectationc
2413 5892 2486 5949 ita
2516 5893 2857 5965 restituerat,
2897 5893 3064 5952 αὑτοῦ
3115 5895 3278 5971 copia
3327 5897 3638 5972 ἐκόσμησεν
3691 5898 3779 5952 σύ-
