3970 6294
247 374 380 443 iiOl

1578 377 1821 438 SACRA
1860 377 1949 436 PA
1963 376 2298 437 RAIJELA
2319 423 2331 436 .

3364 361 3504 426 1102

241 500 329 554 ἐπὶ
359 498 472 563 τοῖς
501 497 684 569 ἔργοις
728 495 892 552 αύτοῦ
931 498 1250 574 ἀγάλλεται.
1280 495 1372 571 Τῷ
1393 497 1501 569 γὰρ
1531 513 1793 567 παμμεγε

1920 501 1974 549 et
2016 491 2280 548 Dominus
2310 489 2578 559 animum,
2628 489 2685 544 in
2730 486 2992 559 cperibns
3023 481 3350 544 delectatur,
3400 479 3498 534 Et-

238 587 418 661 στάτῳ
438 586 604 645 αύτοῦ
633 588 821 661 κράτει
847 575 1112 661 ούρᾶνοὸς
1135 589 1438 663 ἐστήριξεν,
1471 587 1562 642 καὶ
1592 590 1657 660 τῇ
1684 589 1820 641 ἀκαο

237 683 497 757 ταλήπτῳ
524 686 688 740 αὑτοῦ
728 685 943 741 συνέσει
968 685 1331 759 διεκόσμησεν
1371 684 1600 751 αὐτούς·
1629 689 1732 757 γῆν
1760 683 1819 738 δὲ

240 768 502 850 ἐχώρισεν
541 778 650 832 ἀπὸ
710 776 802 834 τοῦ
845 778 1193 851 περιέχοντος
1243 778 1416 850 αὐτὴν
1451 778 1665 845 ὕδατος,
1723 777 1817 832 καὶ

235 869 467 942 ἧόρασεν
507 868 598 922 ἐπὶ
633 868 726 924 τὸν
770 869 992 941 ἀσφαλῆ
1023 869 1121 926 τοῦ
1157 870 1290 925 ἰδίου
1321 867 1626 941 θελήματος
1655 866 1817 939 θεμέ-

233 962 370 1016 λιον.
414 961 539 1016 Ἐπὶ
569 962 781 1028 τούτοις
825 962 918 1017 τὸν
968 961 1303 1034 ἑξοχώτατον
1337 960 1433 1017 καὶ
1480 959 1814 1033 παμμεγέθη

234 1036 519 1129 ἄνθρωπον
572 1057 693 1118 ταῖς
741 1055 903 1119 ἰδίαις
957 1054 1124 1112 αὑτοῦ
1173 1055 1270 1112 καὶ
1308 1052 1566 1126 ἀμώμοις
1623 1053 1826 1125 χερσὶν.

235 1146 489 1212 ἔπλασεν,
522 1148 622 1221 τῆς
650 1145 845 1204 ἑαυτοῦ
871 1146 1080 1213 εἰκόνος
1110 1149 1454 1221 χαρακτῆρα.
1487 1145 1675 1211 Οὕτως
1701 1143 1812 1219 γάρ

234 1257 397 1310 φησιν
429 1241 457 1293 ὁ
478 1238 612 1303 Θεός
633 1257 647 1271 '
683 1256 704 1293 ι
761 1239 1088 1312 Ποιήσωμεν
1126 1237 1415 1310 ἄνθρωπον
1449 1238 1573 1293 κατ’
1627 1237 1812 1292 εἰκόνα

232 1329 525 1400 ἡμετέραν,
568 1330 662 1384 καὶ
695 1327 818 1384 καθ’
839 1329 1120 1401 ὁμοίωσιν.
1168 1326 1281 1385 Καὶ
1318 1328 1580 1402 ἐποίησεν
1618 1329 1648 1383 ό
1677 1327 1811 1394 Θεὸς

229 1423 320 1477 τὸν
370 1421 679 1496 ἄνθρωπον,
734 1422 903 1494 ἄρσεν
944 1422 1039 1479 καὶ
1067 1422 1205 1495 θῆλυ
1242 1423 1499 1496 ἐποίησεν
1529 1421 1746 1488 αύτούς.
1783 1442 1803 1476 ι

228 1510 416 1566 Ταῦτα
437 1508 534 1566 οὖν
553 1513 735 1568 πάντα
761 1511 1074 1580 τελειώσας,
1115 1514 1370 1587 ἐποίησεν
1395 1513 1556 1583 αὐτὰ,
1581 1515 1677 1571 καὶ
1707 1515 1810 1587 ηύ-

227 1603 447 1677 λόγησε,
483 1605 578 1660 καὶ
608 1601 762 1660 εἶπεν
785 1623 803 1640 ο
838 1625 858 1660 ι
887 1605 1194 1675 Λύξάνεσθε
1222 1605 1317 1663 καὶ
1346 1606 1705 1679 πληθύνεσθε.
1744 1627 1764 1663 ο

297 1699 395 1764 Τίς
419 1699 624 1755 ὀστέων
643 1698 874 1772 ἐξῆπται
893 1699 1133 1770 ἀτηκτον
1150 1700 1212 1756 ού
1221 1699 1372 1770 σίαν;
1395 1699 1478 1766 τίς
1498 1698 1556 1756 δὲ
1581 1700 1805 1772 συνέδηη

223 1810 319 1850 σιν
347 1792 715 1849 ἱπιτείνεσθαι
745 1792 980 1866 νεύροις,
1015 1793 1112 1850 καὶ
1137 1793 1385 1849 ἀνίεσθαι
1417 1795 1547 1867 περὶ
1571 1793 1673 1859 τὰς
1702 1794 1804 1866 ἀρ-

1918 588 2061 644 enim
2114 584 2502 659 ingentissimo
2545 583 2746 639 robore
2798 597 2901 640 suo
2947 579 3119 636 cmlos
3171 574 3406 642 fulcivit,
3443 583 3500 630 et

1920 679 2459 752 incomprehensibili
2493 676 2768 735 industria
2820 691 2920 733 sua
2966 673 3186 730 ornavit
3233 689 3252 730 ι
3292 678 3499 726 terram

1916 784 2097 829 autem
2135 772 2387 828 distinxit
2432 771 2501 825 ab
2542 783 2686 842 aqua
2734 783 2854 826 eam
2901 766 3200 832 ambienle,
3231 772 3287 820 et
3334 779 3501 836 super

1917 874 2035 922 tuto
2066 865 2366 922 voluntatis
2397 878 2513 921 suae
2563 859 2922 918 fundamento
2960 857 3248 917 stabilivit.
3291 853 3522 912 Deinde.

1915 958 2437 1016 excellentissimum
2469 964 2523 1012 et
2577 954 2897 1029 praecelsum
2949 967 3176 1023 prorsus
3222 948 3498 1006 hominem

1916 1052 2149 1108 suismet
2174 1050 2548 1105 immaculatis
2589 1048 2849 1106 manibus
2896 1047 3074 1112 tinxit,
3113 1045 3210 1115 qui
3238 1040 3498 1114 imaginis

1915 1160 2029 1200 sua:
2063 1142 2292 1215 etiigiem
2320 1142 2572 1199 referret.
2607 1139 2699 1197 Sic
2725 1141 2872 1196 enim
2915 1138 3056 1193 Deus
3087 1134 3169 1192 ait
3201 1154 3214 1191 :
3249 1153 3266 1188 ι
3304 1132 3500 1188 Facia-

1913 1251 2034 1293 mus
2063 1235 2339 1292 hominem
2369 1234 2435 1290 ad
2473 1233 2763 1307 imaginem
2804 1240 3048 1287 nostram
3087 1237 3142 1285 et
3180 1229 3499 1286 similitudi-

1913 1346 2038 1388 nem
2077 1339 2346 1388 nostram.
2380 1329 2447 1385 Et
2495 1327 2626 1384 fecit
2655 1327 2801 1383 Deus
2832 1317 3109 1380 hominem
3137 1341 3151 1379 :
3187 1322 3496 1378 masculum

1911 1432 1968 1482 et
2000 1425 2260 1480 feminam
2294 1422 2422 1478 fecit
2451 1437 2549 1478 eos
2577 1418 2730 1492 (Gen.
2763 1434 2805 1484 ι,
2834 1418 2927 1482 9.6,
2959 1416 3073 1490 27).
3102 1436 3120 1469 ι
3153 1417 3285 1484 Quae
3310 1416 3495 1471 omnia

1911 1531 2037 1573 cum
2077 1514 2408 1579 absolveret,
2444 1512 2639 1569 isthazc
2680 1512 2827 1575 fecit,
2874 1510 3264 1582 lsenedixitque
3294 1517 3346 1565 ct
3374 1508 3491 1562 ait:

1916 1627 1936 1663 ι
1973 1609 2222 1665 Crescite
2250 1615 2306 1665 et
2349 1605 2791 1678 multiplicamini
2834 1603 2988 1677 (ibid.
3022 1604 3137 1676 28).
3179 1623 3200 1657 ι

1978 1702 2040 1760 S.
2078 1702 2335 1760 Hethodti
2387 1701 2452 1757 de
2496 1717 2756 1760 resurrec.
2780 1729 2848 1741 -—
2877 1698 3017 1767 Quis
3046 1698 3241 1754 duram
3281 1698 3504 1774 ossium

1910 1798 2278 1870 substantiam
2309 1795 2623 1868 compegit?
2661 1795 2788 1869 quis
2815 1793 3059 1849 membra
3098 1791 3403 1864 colligavit,
3437 1803 3492 1848 ut

224 1885 403 1957 μογάς
423 1886 785 1959 καμπτόμενα
805 1888 874 1943 τὰ
907 1888 1046 1961 μέλη
1066 1905 1081 1956 ;
1114 1888 1199 1954 τίς
1222 1887 1282 1955 ὃς
1301 1888 1554 1961 ὲξύμωσε
1573 1889 1798 1962 χυμοὺς,

1910 1897 2095 1954 nervis
2117 1893 2499 1958 tenderentur,
2523 1901 2578 1948 et
2609 1891 3074 1962 circajuncturas
3109 1887 3309 1946 inﬂexa
3345 1887 3496 1945 laxa-

217 1981 419 2045 δεύσας
464 1981 676 2052 αἵματι,
841 1982 1127 2058 μαλθακὴν
1165 1986 1301 2056 ἡμῖν
1330 1985 1396 2040 ἐκ
1429 1983 1553 2057 χοὸς
1585 1984 1802 2057 σάρκα;

219 2076 398 2143 Μόνος
443 2076 471 2130 ό
503 2077 897 2150 ἀριστοτέχνης
932 2079 1031 2152 τὴν
1064 2078 1440 2152 λογικωτάτην
1480 2079 1666 2134 εἰκόνα
1709 2078 1804 2134 καὶ

217 2167 466 2241 ἔμψυχον
484 2169 579 2223 τὸν
597 2168 909 2241 ἄνθρωπον,
941 2171 1091 2242 ἡμᾶς
1129 2171 1326 2226 ἑαυτοῦ
1358 2174 1802 2244 τεκταινόμενος,

107 2262 112 2268 ’
217 2260 317 2318 καὶ
342 2259 739 2334 κηῳπλαστῶν
759 2262 820 2330 ἐξ
841 2263 1024 2335 ὑγρῶν
1052 2262 1148 2319 καὶ
1176 2262 1535 2336 βραχυτάτων
1560 2265 1805 2338 σπερμά-

213 2372 329 2411 των
357 2355 416 2409 ἐν
445 2355 652 2427 μήτρᾳ.
689 2354 786 2422 Τίς
826 2355 934 2428 γάρ
984 2357 1135 2411 ἐστιν
1170 2355 1200 2410 ό
1227 2354 1679 2429 προμηθούμενος
1729 2354 1804 2426 μὴ

217 2446 627 2520 συμπνίγεσθαι
659 2447 738 2521 τῷ
768 2448 938 2522 ὑγρῷ,
979 2450 1074 2506 καὶ
1104 2450 1171 2523 τῇ
1201 2451 1402 2522 συνοχῇ
1434 2448 1546 2503 τῶν
1568 2449 1804 2520 ἀγγείων

215 2541 666 2613 ὲπικλειζόμενον
719 2540 829 2596 ἔσω
869 2542 930 2596 τὸ
978 2541 1255 2615 ἓμδρυον;
1306 2540 1341 2612 ἦ
1387 2539 1472 2606 τίς
1518 2541 1547 2597 ό
1578 2540 1717 2614 μετά
1744 2540 1806 2594 τὸ

212 2634 566 2709 λοχευθῆναι,
600 2633 697 2692 καὶ
726 2636 807 2700 εἰς
841 2635 955 2706 φῶς
994 2634 1260 2701 ἀνελθεῖν,
1307 2635 1386 2702 είς
1414 2633 1665 2709 μέγεθος,
1706 2633 1803 2689 καὶ

213 2730 438 2799 κάλλος,
469 2729 566 2785 καὶ
600 2727 818 2804 ῥώμην,
850 2728 912 2796 ἐξ
938 2727 1201 2793 ἀσθενοῦς
1232 2727 1326 2783 καὶ
1358 2727 1591 2801 βραχέος
1637 2743 1805 2800 μετα-

211 2822 452 2888 ϐάλλων,
483 2824 533 2878 εί
564 2824 639 2895 μὴ
666 2823 829 2888 αὐτὸς
853 2817 1006 2889 οὗτος
1032 2823 1062 2877 ὁ
1090 2821 1504 2896 ἀριστοτέχνης,
1531 2821 1608 2888 ῶς
1640 2819 1800 2894 ἔφην,

209 2915 372 2983 θεὸς,
421 2917 489 2990 τῇ
544 2918 802 2989 ποιητικῇ
861 2914 1091 2988 δυνάμει
1144 2913 1667 2987 μετασχηματίζων,
1707 2913 1802 2969 καὶ

212 3009 671 3083 μεταζωγραφῶν
715 3009 816 3074 τὰς
850 3007 1036 3077 ἰδέαςς
1080 3007 1142 3062 ὐ
1173 3008 1305 3072 Θεὸς
1339 3007 1611 3063 ἀθανασία
1661 3007 1799 3073 ἐστὶ,

206 3104 308 3159 καὶ
338 3103 478 3177 ζωὴ,
533 3103 628 3159 καὶ
658 3101 968 3174 ἀφθαρσίαδ
998 3099 1162 3173 ἔργον
1194 3099 1254 3156 δὲ
1309 3099 1594 3172 ἄνθρωπος
1622 3097 1757 3154 Θεοῦ
1781 3114 1797 3131 ο

208 3199 320 3252 πᾶν
358 3195 419 3251 δὲ
459 3194 520 3252 τὸ
556 3196 664 3250 ὑπὸ
704 3193 1005 3259 ἀθανασίας
1043 3191 1336 3265 ὲργασθὲν,
1385 3191 1672 3248 ἀθάνατον.
1706 3193 1799 3246 Διὸ
1827 3234 1867 3291 C

199 3292 301 3347 τὸν
333 3291 437 3358 μὲν
462 3289 752 3366 ἄνθρωπον
777 3288 1155 3363 ηὐτούργησεν
1196 3285 1394 3351 αύτός·
1430 3285 1500 3341 τά
1527 3285 1584 3340 δὲ
1609 3286 1798 3341 -λοιπά

200 3384 343 3458 γένη
365 3381 476 3439 τῶν
500 3382 679 3451 ζώων,
732 3384 879 3458 ἀέρι,
915 3381 1010 3436 καὶ
1035 3384 1129 3455 γῇ,
1171 3381 1266 3435 καὶ
1301 3378 1454 3434 ὓδατι
1494 3378 1799 3453 προσέταξε

201 3477 422 3550 φέρειν,
459 3495 481 3532 ι
522 3473 895 3547 Ἐξαγαγέτω,
923 3472 1124 3544 λέγων,
1160 3471 1229 3527 τὰ.
1258 3470 1425 3526 ὕδατα
1449 3471 1658 3544 ἑρπετά
1691 3467 1799 3535 ζω-

202 3568 320 3622 σῶν
349 3566 560 3640 ψυχῶν,
585 3567 682 3621 καὶ
720 3563 943 3621 πετεινά
969 3563 1241 3635 πετόμενα
1268 3563 1363 3617 ἐπὶ
1387 3564 1486 3634 τῆς
1509 3563 1634 3636 γῆς,
1653 3561 1798 3618 κατά

197 3662 265 3717 τὸ
289 3660 582 3733 στερέωμα
606 3658 700 3715 τοῦ
720 3657 974 3732 ούρανοῦ.
999 3675 1020 3712 ι
1050 3657 1181 3723 Καὶ,
1219 3673 1238 3708 ι
1285 3655 1633 3726 Ἐξαγαγέτω
1665 3656 1794 3728 ήγῆ

196 3751 388 3825 ψυχὴν
407 3752 590 3832 ζῶσαν
611 3749 755 3807 κατά
776 3751 953 3821 γένος’
975 3749 1305 3824 τετράποδα,
1325 3751 1419 3805 καὶ
1445 3751 1673 3824 ἑρπετὰ,
1699 3751 1795 3806 καί⁹

195 3847 378 3920 θηρία
407 3846 512 3920 τῆς
534 3845 639 3918 γῆς
659 3845 803 3901 κατὰ
830 3843 1012 3916 γένος.
1051 3863 1073 3897 ο
1121 3845 1248 3899 Ἐπὶ
1286 3843 1347 3899 δὲ
1371 3843 1468 3899 τοῦ
1500 3843 1793 3917 ἀνθρώπου

195 3941 305 3995 οὐκ
334 3939 478 4008 huc
499 3937 900 4010 Ἑξαγαγὲτω,›
927 3935 1088 4005 ἀλλά,
1123 3938 1481 4010 «Ποιήσωμεν
1506 3936 1795 4009 ἄνθρωπον

193 4035 325 4089 κατ’
372 4032 561 4088 εἰκόνα
614 4031 896 4105 ἡμετέραν
945 4033 1043 4088 καὶ
1091 4028 1212 4087 καθ’
1262 4029 1546 4102 ὁμοίωσιν.
1583 4048 1604 4084 ι
1645 4028 1755 4085 Καὶ
1775 4071 1792 4097 ,

196 4147 221 4182 ι
265 4125 504 4185 Ἔλαὸεν
536 4127 565 4180 ό
589 4125 722 4192 Θεὸς
749 4124 878 4198 χοῦν
896 4123 1009 4182 ’ἀπὸ
1038 4125 1138 4198 τῆς
1172 4123 1296 4196 γῆς,
1323 4123 1418 4179 καὶ
1437 4121 1676 4179 ἔπλασεν
1697 4122 1795 4179 αύ-

191 4223 317 4279 τόν.
350 4241 370 4276 ι

1907 1988 2135 2048 rentur?
2153 1988 2290 2057 Quis
2320 1986 2580 2043 humores
2610 1983 2940 2054 mollemque
2963 1997 3029 2039 ex
3055 1981 3226 2038 humo
3249 1998 3495 2045 carnem,

1910 2085 2180 2157 sanguine
2237 2097 2358 2138 eam
2418 2077 2831 2153 perfundendo,
2893 2073 3286 2132 fcrmentavit?
3341 2075 3497 2132 solus

1909 2179 2071 2252 plane
2104 2175 2594 2251 praestantissimus
2623 2172 2820 2229 artifex
2860 2170 3029 2237 Dens,
3062 2169 3159 2242 qui
3191 2170 3495 2234 hominem,

1908 2266 1961 2322 id
2007 2277 2094 2324 est
2143 2266 2358 2322 ratione
2410 2263 2699 2336 prmditam
2733 2269 2790 2318 et
2841 2260 3141 2318 animatam
3197 2260 3495 2334 imaginem

1908 2372 2086 2426 suam,
2142 2371 2269 2423 nos,
2323 2351 2914 2428 inquam,fabricavit,
2956 2360 3015 2408 et
3067 2368 3130 2409 ex
3171 2352 3401 2410 humido
3445 2365 3501 2410 et

1906 2451 2206 2523 perexiguo
2256 2450 2466 2508 semine
2505 2450 2561 2504 in
2605 2448 2768 2504 vulva
2823 2447 3038 2514 matris,
3092 2448 3242 2505 velut
3287 2464 3318 2506 e
3367 2465 3498 2506 cera

1905 2543 2293 2601 conformavit.
2328 2541 2530 2614 Ecquis
2558 2543 2704 2600 enim
2727 2542 2925 2614 estqui
2949 2541 3223 2613 providet,
3249 2557 3320 2599 ne
3347 2542 3495 2600 fetus

1906 2637 2160 2694 humoris
2189 2636 2370 2708 copia,
2404 2643 2460 2692 et
2486 2635 2903 2708 compressione
2932 2646 3190 2690 vasorum
3235 2635 3497 2700 obrutus,

1906 2727 2056 2785 intus
2106 2725 2473 2801 praefocetur?
2536 2732 2634 2780 aut
2690 2725 2852 2796 quis,
2905 2732 3201 2797 postquam
3251 2733 3500 2797 gestatus

1907 2828 2068 2878 utero
2095 2827 2203 2888 est,
2247 2827 2306 2876 et
2335 2817 2558 2874 tandem
2589 2817 2645 2873 in
2677 2816 2855 2875 lucem
2888 2817 3095 2886 editus,
3128 2832 3196 2873 ex
3235 2817 3497 2874 imbecilli

1902 2921 1961 2971 et
1995 2913 2199 2987 pusillo
2232 2928 2518 2986 magnum,
2559 2911 2856 2983 pulchrum
2885 2918 2942 2967 et
2969 2909 3283 2967 robustum
3318 2910 3500 2967 reddi-

1903 3005 2005 3070 dit,
2037 3004 2142 3062 nisi
2180 3004 2324 3061 idem
2352 3003 2491 3076 ipse,
2533 3019 2699 3075 quem
2733 3001 2896 3060 modo
2919 3001 3194 3070 dicebam,
3226 3011 3498 3074 praestan-

1905 3097 2154 3156 tissimus
2203 3095 2463 3152 conditor
2511 3095 2697 3161 Deus,
2750 3095 2846 3166 qui
2898 3095 3159 3166 potentia:
3191 3111 3307 3153 sua:
3332 3095 3492 3167 311

1900 3189 2244 3256 eilicacitate,
2289 3189 2466 3244 instar
2521 3187 2757 3260 pictoris
2807 3187 3125 3258 cujusdam,
3182 3186 3392 3248 formas
3442 3192 3495 3246 in

1902 3282 2184 3339 diversum
2242 3289 2452 3336 mutat:
2494 3279 2641 3337 Deus
2691 3280 3081 3338 immortalitas
3125 3286 3242 3350 est',
3292 3282 3401 3339 vita
3441 3292 3499 3339 ct

1901 3373 2254 3445 incorruptio
2299 3391 2314 3428 :
2363 3386 2505 3444 opus
2562 3382 2749 3428 autem
2785 3370 2906 3437 Dei,
2965 3373 3153 3430 homo.
3212 3372 3494 3446 Quidquid

1900 3483 2069 3541 porro
2098 3467 2170 3523 ab
2198 3465 2618 3523 immortalitate
2663 3463 2868 3522 factum
2919 3473 3028 3534 est,
3075 3467 3385 3528 immortale
3423 3470 3493 3527 sit

1900 3567 2139 3633 oportet.
2171 3559 2249 3615 Ac
2279 3558 2519 3634 proinde
2543 3557 2764 3630 quidem
2798 3558 3076 3617 hominem
3100 3561 3337 3633 ipsemet
3365 3563 3497 3620 επε-

1899 3655 2016 3709 cit:
2045 3650 2256 3722 reliqua
2278 3658 2461 3706 autem
2493 3648 2859 3704 animantium
2891 3665 3114 3721 genera,
3139 3652 3278 3718 aeri,
3312 3659 3492 3720 terrae,

1901 3756 1957 3804 et
1987 3745 2148 3818 aquis
2177 3742 2532 3817 producenda
2570 3739 2869 3798 mandavit.
2907 3761 2928 3796 ι
2967 3743 3282 3802 Producant
3317 3745 3491 3812 cnim,

1902 3839 2104 3912 inquit,
2135 3853 2293 3910 aquae
2341 3837 2558 3908 reptilia
2591 3836 2896 3893 viventium
2931 3838 3268 3909 animarum,
3304 3848 3360 3898 ct
3394 3856 3491 3898 vo-

1903 3933 2076 3989 latilia
2117 3932 2362 3989 volantia
2421 3946 2590 4002 super
2646 3941 2874 4000 terram,
2930 3947 3028 4002 per
3079 3933 3487 3992 firmamentum

1903 4028 2026 4084 cmli
2060 4025 2216 4102 (Gen.
2251 4042 2290 4092 ι,
2319 4025 2433 4096 20).
2466 4044 2485 4078 ι
2519 4021 2587 4079 Et
2619 4043 2632 4081 :
2673 4044 2694 4079 ι
2741 4024 3017 4083 Produeat
3057 4035 3206 4084 terra
3243 4028 3486 4085 animam

1902 4122 2174 4179 viventem
2214 4121 2517 4178 secundum
2564 4135 2740 4192 genus
2776 4121 2930 4192 (ibid.
2962 4121 3076 4194 21).
3117 4141 3136 4176 ι
3172 4125 3242 4178 At
3286 4123 3354 4181 de
3384 4123 3487 4180 ho-

1900 4217 2047 4272 mine
2077 4230 2185 4271 non
2224 4215 2354 4270 item
2386 4213 2549 4280 dixit,
2583 4214 2889 4280 Producat;
2947 4216 3043 4271 sed
3073 4234 3086 4271 :
3129 4232 3148 4268 ι
3192 4215 3486 4274 Faciamus

193 4316 486 4373 hominem
535 4315 602 4370 ad
637 4311 936 4385 imaginem
965 4320 1214 4370 nostram
1257 4317 1313 4367 et
1347 4306 1765 4366 similitudinem
1832 4304 1898 4361 Et
1943 4305 2247 4378 assumpsit
2304 4304 2447 4362 Deus
2495 4305 2778 4378 pulverem
2814 4306 2882 4363 de
2913 4317 3083 4377 terra,
3158 4315 3214 4365 et
3277 4309 3488 4368 cliinxit

188 4426 353 4468 01110.
392 4430 412 4464 1

268 4503 449 4577 Σῶμα
505 4501 720 4556 ἔκτισεν
767 4501 796 4555 ό
832 4498 988 4564 Θεὸς,
1040 4497 1166 4570 ούχί
1213 4497 1410 4552 νόσον
1460 4493 1558 4552 καῖ
1609 4493 1790 4566 ψυχὴν

190 4597 464 4670 ἐποίησεν
500 4595 529 4649 ὁ
556 4595 708 4660 Θεὸς,
747 4592 867 4664 οὐχὶ
912 4592 970 4646 δὲ
1018 4590 1332 4663 ἁμαρτίαν·
1381 4587 1638 4661 ἐκακώθη
1667 4588 1724 4642 δὲ
1754 4589 1787 4660 ἡ

187 4690 353 4765 ψυχὴ
381 4690 808 4762 παρατραπεῖσα
833 4687 930 4743 τοῦ
951 4685 1097 4743 κατά
1123 4688 1304 4760 φύσιν.
1329 4683 1438 4742 Ἦν
1473 4703 1601 4740 ποτε
1617 4685 1790 4760 Ἀδὰμ

186 4785 338 4852 ἄνω,
365 4784 426 4838 ού
458 4784 628 4856 τόπῳ,
649 4782 786 4838 ἀλλά
810 4785 874 4854 τῇ
901 4779 1242 4855 προαιρέσει.
1268 4779 1367 4835 Διά
1393 4781 1445 4834 τί
1465 4780 1564 4834 οὐκ
1587 4777 1788 4844 εὐθέως

186 4877 357 4950 αὐτῷ
395 4875 914 4949 συγκατεσκευάσθη
954 4874 1050 4931 καὶ
1094 4874 1164 4931 τὰ
1184 4874 1488 4948 ὲνδύματα;
1515 4874 1637 4929 Ὅτι
1667 4871 1790 4927 οὕτε

188 4969 414 5041 φυσικὰ
442 4969 683 5041 ἔπρεπεν
702 4964 844 5022 εἶναι
869 4966 1066 5036 ταῦτα,
1093 4965 1220 5023 οὔτε
1245 4968 1311 5022 ἐκ
1338 4966 1553 5038 τέχνης.
1582 4965 1663 5019 Τὰ
1690 4964 1791 5036 μὲν

181 5065 312 5137 γὰρ
351 5063 556 5134 φυσικά
586 5062 690 5117 ἴδια
735 5061 844 5116 τῶν
877 5061 1090 5132 ἀλόγων
1127 5061 1302 5127 ἐστὶν,
1347 5055 1458 5115 οἷον
1490 5060 1664 5133 πτερά
1695 5060 1788 5116 καὶ

182 5156 409 5232 τρίχες,
433 5156 530 5210 καί⁸
559 5156 850 5229 δερμάτων
881 5155 1153 5228 παχύτης,
1189 5154 1404 5226 στέγειν
1446 5153 1544 5224 μὲν
1582 5154 1787 5227 χειμῶ-

182 5269 321 5317 νας,
360 5249 546 5324 φέρειν
590 5249 648 5304 δὲ
702 5248 992 5314 καύσωνας
1037 5247 1386 5321 δυναμένων·
1421 5247 1694 5321 ἀνθρώπῳ
1728 5246 1788 5302 δὲ

182 5342 418 5417 ἔπρεπε
446 5341 591 5398 κατὰ
621 5341 721 5415 τὴν
753 5339 1048 5410 ἀναλογίαν
1098 5337 1200 5411 τῆς
1229 5338 1366 5411 πρὸς
1393 5337 1526 5392 Θεὸν
1563 5339 1787 5410 ἀγάπης

181 5433 672 5508 παρηλλαγμένας
704 5430 812 5488 τῶν
851 5429 1075 5502 ἀγαθῶν
1119 5429 1219 5494 τὰς
1259 5428 1559 5492 ἀντιδόσεις
1604 5426 1784 5500 ύπάρο

181 5546 340 5605 χειν.

261 5705 494 5772 Σκόπει,
526 5706 608 5770 τίς
641 5706 676 5777 ἡ
707 5704 817 5779 ἀπὸ
844 5703 1026 5775 ψυχῆς
1053 5704 1119 5775 τῇ
1161 5700 1326 5774 σαρκὶ
1349 5697 1662 5770 ὲνδιδομένη
1690 5693 1785 5750 δύ·-

175 5813 392 5871 ναμις,
417 5797 511 5853 καὶ
532 5796 615 5862 τίς
647 5797 682 5868 ἡ
713 5793 819 5851 ἀπὸ
855 5794 1058 5867 σαρκὸς
1099 5793 1234 5866 πρὸς
1276 5789 1454 5863 ψυχὴν
1485 5788 1783 5844 ἐπανιοῦσα

182 5891 558 5969 συμπάθεια*
601 5891 716 5965 πῶς
749 5890 963 5964 δέχεται
999 5889 1098 5963 μὲν
1150 5888 1249 5960 τὴν
1282 5885 1426 5959 ζωὴν
1455 5885 1518 5940 ὲκ
1550 5883 1649 5956 τῆς
1673 5881 1778 5955 ψυ-

1969 4485 2142 4541 Basil.
2180 4481 2337 4541 Hom.
2368 4481 2508 4553 quod
2536 4482 2675 4537 Deus
2721 4498 2824 4536 non
2872 4491 2952 4538 est
2996 4493 3182 4540 auctor
3232 4486 3382 4543 mali.
3413 4514 3484 4528 --

1895 4577 2039 4636 Deus
2071 4592 2270 4647 corpus
2296 4575 2514 4648 quidem
2549 4575 2820 4643 condidit,
2880 4577 2976 4634 sed
3023 4594 3132 4634 non
3188 4581 3480 4650 morbum;

1896 4671 1977 4727 sic
2007 4685 2226 4742 quoque
2257 4670 2494 4723 animam
2529 4668 2678 4733 fecit,
2722 4670 2814 4726 sed
2846 4687 2953 4727 non
2992 4680 3296 4744 peccatum.
3336 4672 3483 4730 Vitio

1895 4773 2078 4822 autem
2123 4763 2334 4819 imbuta
2395 4764 2577 4819 anima
2608 4774 2721 4828 est,
2758 4749 3054 4837 postquam
3103 4767 3174 4824 ab
3223 4780 3290 4824 eo
3332 4769 3481 4839 quod

1895 4866 2103 4913 natura:
2123 4861 2552 4910 consentaneum
2587 4862 2730 4922 erat,
2761 4851 3008 4912 deﬂexit.
3051 4855 3180 4913 Erat
3200 4861 3479 4930 quondam

1894 4950 2134 5006 Adamus
2165 4962 2412 5011 sursum,
2445 4962 2552 5003 non
2583 4948 2731 5016 loco,
2766 4949 2862 5006 sed
2893 4950 3062 5007 animi
3085 4950 3478 5009 destinatione.

1892 5045 2003 5098 Cur
2044 5049 2225 5097 autem
2276 5038 2601 5096 indumenta
2626 5041 2790 5097 simul
2827 5042 2931 5114 ipsi
2962 5051 3152 5115 parata
3182 5058 3292 5100 non
3312 5045 3482 5099 sunt?

1891 5135 2152 5192 nimirum
2181 5133 2310 5204 quia
2342 5149 2442 5190 nec
2473 5134 2769 5197 naturalia,
2792 5149 2893 5192 nec
2913 5144 3032 5191 arte
3055 5136 3336 5192 elaborata
3356 5151 3481 5193 esse

1889 5225 2274 5285 conveniebat.
2309 5226 2590 5282 Naturalia
2612 5228 2759 5282 enim
2793 5228 2973 5284 brutis
3005 5230 3303 5302 peculiaria
3323 5241 3475 5296 sunt,

1889 5331 1950 5378 ut
1982 5322 2204 5394 plumae,
2238 5320 2355 5393 pili,
2388 5336 2590 5377 crassa:
2616 5323 2790 5394 pelles
2824 5340 2838 5377 :
2876 5324 3080 5397 quippe
3109 5339 3232 5397 qum
3259 5326 3477 5398 algorcs

1888 5427 1943 5472 et
1971 5414 2397 5487 aestus-perinde
2448 5414 2596 5472 ferre
2626 5424 2857 5488 queant.
2888 5419 2959 5473 At
2998 5418 3277 5476 hominem
3310 5420 3476 5477 dcce-
3527 5419 3529 5422 ⁴

1890 5511 1983 5566 bat
2007 5519 2108 5582 pro
2157 5524 2259 5566 sua
2298 5523 2427 5584 erga
2459 5509 2630 5566 Deum
2672 5510 2967 5579 charitate,
3009 5512 3227 5570 diversa
3255 5531 3476 5587 quoque

1891 5601 2159 5659 bonorum
2188 5601 2409 5673 praemia
2444 5601 2675 5660 referre.

1957 5693 2150 5766 Ejusd.
2175 5696 2320 5750 hom.
2354 5697 2409 5751 in
2443 5696 2577 5754 illud
2601 5713 2618 5750 :
2642 5695 2870 5759 Attende
2897 5698 2992 5754 tibi
3030 5699 3152 5770 ipsi.
3183 5731 3254 5744 --
3279 5701 3476 5756 Consi-

1884 5789 2018 5846 dera
2054 5805 2310 5863 quamam
2357 5790 2430 5847 sit
2468 5806 2532 5847 ca
2587 5794 2853 5864 potentia,
2881 5809 3046 5866 quam
3083 5796 3265 5851 anima
3317 5797 3472 5852 carni

1884 5881 2162 5957 impertit,
2192 5889 2247 5940 ct
2273 5882 2512 5941 vicissim
2538 5900 2794 5958 quamam
2828 5902 2858 5942 a
2901 5903 3072 5946 carne
3115 5888 3183 5946 ad
3232 5888 3470 5946 animam
