3970 6294
533 362 676 432 1103

1685 364 1747 427 S.
1784 363 2102 430 IOANNIS
2124 367 2556 435 DAMASCENI

3636 382 3771 451 ΠΜ

529 478 835 555 sympathia
858 476 1173 536 reflectatur
1207 497 1218 534 :
1250 490 1314 534 ac
1345 490 1569 534 rursum
1591 480 1868 551 quomodo
1897 494 2087 552 corpus

2203 482 2306 555 χῆς
2327 485 2389 540 τδ
2408 485 2566 558 σῶμα
2580 528 2596 555 ,
2620 484 2832 560 δέχεται
2852 486 2908 542 δὲ
2940 486 3242 562 ἀλγηδόνας
3268 490 3378 548 ἀπὸ
3398 491 3495 550 τοῦ
3525 495 3770 569 σώματος

524 577 695 631 vitam
723 572 952 646 accipiat
979 571 1052 627 ab
1083 571 1287 637 anima,
1316 572 1499 627 anima
1527 586 1659 627 vero
1683 570 1903 628 dolores
1925 586 1956 626 a
1976 587 2098 629 cor.

524 680 661 737 pore
688 664 999 721 contrahat.
1027 661 1291 730 Quaenam
1324 663 1490 719 veluti
1522 664 1899 735 promptuaria
1926 663 2097 720 disci-

526 759 801 830 plinarum
844 755 1043 812 habeat
1077 775 1092 812 :
1125 756 1222 830 qui
1274 755 1391 821 fiat,
1443 766 1505 813 ut
1554 770 1738 812 rerum
1772 756 1929 828 prius
1972 772 2100 827 per-

521 860 810 925 ceptarum
839 848 1172 921 cognitioni,
1198 848 1563 920 posteriorum
1602 850 1847 905 accessio
1877 850 2100 904 minime

522 947 781 1002 tenebras
815 944 1092 1008 effundat,
1142 958 1334 999 verum
1393 943 1673 999 memoriae
1726 958 1917 999 earum
1978 942 2099 999 sine

518 1040 889 1107 confusione,
946 1052 1011 1093 ac
1068 1037 1387 1105 distinctae,
1455 1036 1512 1091 in
1574 1036 1864 1109 principali
1927 1036 2098 1092 animi

516 1138 695 1202 parte,
713 1138 975 1201 tanquam
998 1130 1052 1186 in
1070 1143 1222 1185 aenea
1237 1126 1476 1199 quadam
1502 1128 1781 1198 columna,
1811 1129 2098 1200 insculpta:

517 1232 938 1281 consanentur.
976 1223 1227 1292 Quonam
1286 1221 1453 1278 modo
1498 1222 1741 1292 animus,
1794 1222 1865 1279 ad
1910 1223 2097 1280 carnis

516 1317 846 1375 an‘eetiones
892 1315 1251 1389 provolutus,
1331 1314 1803 1387 pulchritudinem
1879 1317 2097 1373 amittat

516 1426 707 1479 suam;
739 1421 796 1467 et
826 1425 1041 1475 rursus,
1065 1416 1385 1465 contractas
1416 1407 1536 1465 vitii
1560 1408 1755 1466 sordes
1788 1425 1886 1480 per
1912 1409 2096 1485 virtu-

514 1510 627 1557 tem
655 1501 1001 1573 abstergens,
1023 1498 1089 1555 ad
1118 1498 1399 1555 Creatoris
1431 1498 1852 1556 similitudinem
1888 1500 2093 1556 redeat.

2202 576 2237 648 ἡ
2272 575 2459 651 ψυχή·
2496 577 2653 643 ποίας
2680 577 2966 650 ἀποθήκας
2996 579 3106 635 τῶν
3140 581 3480 656 μαθημάτων
3507 585 3620 658 εχει
3642 588 3771 645 ιδιά

2199 667 2253 721 τί
2274 669 2375 723 οὐκ
2401 670 2683 725 ἐπισκοτεῖ
2703 672 2768 743 τῇ
2796 669 2996 741 γνώσει
3018 671 3132 727 τῶν
3178 674 3567 744 προλαϐόντων
3602 679 3638 750 η
3664 678 3771 733 τῶν

2198 761 2595 834 ἐπιγινομένων
2624 762 2930 837 προσθήκη,
2952 765 3088 820 ἀλλά
3109 765 3365 837 σύγχυτοι
3385 768 3481 824 καὶ
3505 771 3773 843 εὐκρινείς

2199 854 2257 906 αἱ
2285 852 2519 925 μνῆμαι,
2555 848 2667 909 οἷον
2688 856 2869 929 χαλκῆ
2893 874 2977 922 τις
3006 856 3180 931 στήλη
3223 858 3300 931 τῷ
3328 860 3647 936 ἡγεμονικῷ
3669 862 3775 932 τῆς

2196 943 2379 1017 ψυχῆς
2430 946 2911 1021 ἑγκεχαραγμέναι
2965 949 3452 1022 διαφυλάττονταιο
3508 954 3629 1025 πῶς
3674 957 3774 1029 μὲν

2198 1037 2337 1111 πρὸς
2367 1039 2437 1095 τὰ
2462 1038 2563 1111 τῆς
2584 1040 2789 1114 σαρκὸς
2818 1042 3276 1102 ύπολισθαίνουσα
3300 1048 3449 1123 πάθη
3472 1048 3535 1104 τὸ
3572 1052 3774 1105 οἰκεῖον

2195 1131 2459 1188 ἀπόλλυσι
2489 1134 2721 1199 κάλλος⁹
2755 1135 2869 1200 πῶς
2897 1136 2957 1192 δὲ
2994 1137 3156 1193 πάλιν
3198 1139 3259 1195 τὸ
3294 1142 3403 1196 ἀπὸ
3434 1143 3631 1209 κακίας
3686 1137 3773 1199 αἷ-

2199 1240 2328 1299 σχος
2356 1226 2733 1302 καθαιρομένη
2749 1229 2819 1285 δι’
2834 1231 3061 1306 ἀρετῆς,
3080 1233 3218 1307 πρὸς
3242 1236 3339 1308 τὴν
3358 1237 3622 1307 ὁμοίωσιν
3644 1238 3776 1292 ἀνα-

2190 1318 2380 1390 τρέχει
2410 1318 2506 1375 τοῦ
2541 1321 2860 1387 Κτίσαντος.
2898 1324 3145 1396 Πρὸσχες
3164 1366 3180 1391 ,
3207 1328 3257 1381 εί
3286 1328 3455 1395 δοκεῖ,
3510 1329 3652 1401 μετά
3675 1330 3773 1403 τὴν

2194 1404 2295 1479 τῆς
2308 1406 2491 1481 ψυχῆς
2506 1407 2742 1482 θεωρίαν
2768 1411 2866 1466 καὶ
2886 1413 2987 1485 τὴν
3008 1413 3104 1468 τοῦ
3123 1414 3375 1487 σώματος
3404 1423 3769 1494 κατασκευήν·

2195 1497 2292 1555 καὶ
2325 1499 2626 1572 θαύμασον,
2660 1504 2809 1569 ὅπως
2835 1504 3045 1578 πρέπον
3069 1507 3130 1563 ἐν
3156 1508 3307 1582 αύτῷ
3336 1512 3683 1583 καταγώγιον
3704 1517 3773 1586 τῇ

511 1593 635 1650 Jam
664 1607 798 1650 vero
828 1599 955 1665 post
1007 1590 1207 1647 anima:
1251 1589 1808 1662 contemplationem,
1845 1590 2087 1663 corporis

2201 1592 2384 1666 λογικῇ
2420 1593 2568 1669 ψυχῇ
2600 1597 2629 1650 ό
2658 1599 3048 1673 ἀριστοτέχνης
3077 1600 3774 1680 ἑδημιούργησεν.’ορθιον

514 1702 739 1761 quoque
769 1692 1129 1751 structuram,
1168 1684 1216 1741 si
1256 1684 1412 1753 libet,
1457 1683 1836 1740 animadverte
1869 1701 1884 1739 :
1918 1690 1973 1740 et
2001 1682 2087 1739 mi

2201 1685 2359 1757 μόνον
2387 1686 2625 1744 ἔπλασεν
2652 1690 2761 1745 τῶν
2794 1691 2951 1757 ζώων
2991 1693 3084 1749 τὸν
3125 1694 3433 1768 ἄνθρωπον,
3465 1699 3551 1753 ἴνα
3583 1701 3651 1754 ὲκ
3676 1702 3773 1755 τοῦ

511 1796 659 1849 rare,
690 1794 803 1853 quo
833 1786 993 1852 pacto
1018 1776 1251 1835 eximius
1286 1776 1379 1833 ille
1423 1774 1622 1833 artifex
1672 1776 2087 1832 accommodum

2201 1779 2477 1853 σχήματος
2510 1782 2660 1849 ίδοις,
2684 1784 2768 1840 ὅτι
2802 1786 2866 1840 ὲκ
2900 1787 2999 1860 τῆς
3024 1789 3231 1846 ἄνωθεν
3269 1794 3592 1862 συγγενείας
3626 1795 3773 1849 ἐστὶν

511 1879 569 1932 in
609 1890 676 1932 co
724 1872 1065 1931 domicilium
1128 1869 1386 1927 rationali
1417 1870 1633 1957 .animaa
1664 1873 1958 1927 exstruxit.
2007 1870 2084 1927 Ex

2201 1871 2366 1946 ἠζωή
2398 1891 2511 1933 σου.
2554 1875 2637 1931 Τά
2668 1877 2766 1949 μὲν
2797 1878 2907 1951 γὰρ
2943 1854 3252 1951 τετράποδα
3295 1854 3474 1941 πάντα
3508 1854 3647 1957 πρὸς
3675 1886 3773 1959 τήν

510 1969 772 2027 omnibus
797 1964 1172 2022 animantibus
1199 1963 1376 2020 solum
1404 1961 1678 2018 hominem
1699 1971 1907 2019 rectum
1940 1962 2087 2031 fecit,

2201 1965 2440 2041 γαστέρα
2473 1968 2746 2039 νένευκεν,
2787 1971 3062 2045 ἀνθρώπῳ
3094 1974 3151 2030 δὲ
3198 1976 3389 2049 ἑτοίμη
3418 1978 3557 2052 πρὸς
3603 1979 3777 2052 οὖρα-

509 2072 572 2118 ιιι
601 2076 671 2119 ex
704 2061 823 2132 ipsa
854 2057 1029 2130 ﬁgura
1059 2056 1386 2129 perspicias,
1424 2055 1591 2111 vitam
1635 2062 1786 2111 tuam
1842 2070 2087 2127 supernae

2201 2058 2323 2123 νοὺς
2373 2061 2408 2130 ἠ
2453 2061 2771 2133 ἀνάϐλεψις,
2801 2062 2943 2119 ὥστε
2998 2066 3074 2139 μὴ
3105 2068 3388 2139 σχολάζειν
3438 2072 3505 2143 τῇ
3549 2072 3773 2145 γαστρὶ,

509 2151 860 2228 cognationis
927 2165 1072 2207 esse.
1127 2148 1426 2205 Enimvero
1472 2146 1853 2219 quadrupedia
1907 2148 2087 2204 omnia

2201 2151 2337 2226 μηᾶ
2362 2155 2478 2219 τοῖς
2508 2155 2897 2230 ὑπογαστρίοις
2927 2157 3177 2227 πάθεσιν,
3210 2161 3326 2216 ἀλλ’
3355 2162 3485 2235 ὅλην
3511 2162 3777 2236 ἔχειντὴν

510 2247 817 2304 animantia
876 2245 933 2301 in
1003 2254 1254 2300 ventrem
1301 2257 1473 2312 prona
1530 2248 1659 2296 sunt
1713 2261 1727 2297 :
1779 2247 1835 2297 at
1891 2240 2087 2300 homini

2201 2242 2373 2317 θρμην
2403 2242 2499 2301 τοῦ
2551 2248 2665 2304 ἀνω
2714 2250 3069 2322 πορεύεσθαι.
3104 2253 3338 2310 Ἔπειτα
3390 2256 3493 2328 τὴν
3530 2256 3775 2329 κεφαλὴν

508 2351 802 2415 promptus
836 2346 925 2395 est
951 2338 1008 2392 in
1038 2336 1241 2392 cmlum
1264 2343 1622 2406 prospectus;
1653 2333 1733 2389 uti
1762 2348 1865 2389 nec
1898 2334 2087 2400 ventriI

2201 2334 2290 2391 Eni.
2319 2336 2383 2393 τὸ
2401 2336 2735 2411 ὑψηλότατον
2764 2342 2900 2410 θεὶς,
2930 2345 2990 2397 δν
3024 2344 3162 2420 αὐτῇ
3194 2346 3295 2413 τὰς
3328 2347 3584 2405 πλείστου
3615 2349 3775 2419 ἀξίας

508 2449 614 2491 nec
660 2434 741 2489 eis
767 2444 893 2503 quae
920 2429 1026 2488 sub
1061 2436 1253 2484 ventre
1311 2437 1469 2493 sunt,
1520 2424 1769 2492 studeat,
1804 2426 1895 2482 sed
1949 2426 2087 2482 omni

2201 2427 2307 2483 τῶν
2335 2429 2643 2505 αἰσθήσεων
2674 2433 3061 2509 καθιδρύσατο.
3105 2436 3255 2493 Ἐκεῖ
3280 2437 3424 2510 Mne,
3463 2440 3560 2495 καὶ
3609 2441 3775 2513 ἀκοὴ,

503 2523 866 2582 contentione
913 2518 1084 2575 animi
1147 2517 1219 2573 ad
1280 2533 1481 2589 supera
1537 2516 1940 2589 proﬁciscatur.
1990 2516 2087 2575 De-

2201 2521 2288 2578 καὶ
2337 2522 2570 2592 γεῦσις,
2611 2526 2707 2581 καὶ
2756 2526 3061 2601 ὄσφρησις,
3104 2532 3277 2586 πᾶσαι
3328 2532 3496 2604 ἐγγὺς
3524 2532 3775 2605 ἀλλήλων

505 2618 636 2675 inde
666 2618 847 2688 capite
901 2614 1078 2686 ipsius
1113 2611 1381 2668 altissima
1421 2611 1477 2665 in
1520 2610 1653 2667 sede
1705 2610 1910 2683 posito,
1963 2611 2087 2682 plu-

2201 2616 2625 2690 κατῳκισμέναι,
2646 2619 2743 2676 καὶ
2772 2619 2916 2677 οὕτω
2948 2622 3080 2698 περὶ
3102 2623 3166 2679 τὸ
3192 2623 3368 2698 βραχὺ
3400 2627 3617 2700 ’χωρίον
3648 2643 3773 2682 στε-

504 2713 679 2769 rimos
709 2722 914 2779 eosque
936 2707 1223 2777 digniores
1249 2718 1449 2760 sensus
1485 2703 1542 2757 in
1574 2702 1693 2773 ipso
1726 2702 1933 2759 deﬁxit.
1968 2702 2086 2762 lllic

2201 2708 2622 2783 νοχωρούμεναι,
2652 2713 2807 2769 οὐδὲν
2830 2714 3035 2790 ἑκάστη
3071 2718 3469 2792 παρεμποδίζει
3490 2720 3592 2794 τὴν
3620 2714 3775 2797 ἐνέρ-

503 2807 679 2871 visus,
716 2803 964 2868 auditus,
996 2809 1215 2871 gustus,
1268 2798 1523 2861 olfactus,
1560 2811 1751 2852 omnes
1780 2797 1976 2854 vicinis
2006 2798 2085 2856 si—

2201 2819 2347 2873 γειαν
2373 2805 2479 2882 τῆς
2497 2806 2759 2877 γείτονος.

503 2897 617 2953 mul
651 2894 875 2951 sedibus
912 2891 1165 2948 collocati
1209 2906 1225 2949 :
1258 2897 1312 2945 et
1362 2901 1673 2961 quanquam
1723 2898 1954 2958 angusta
1992 2887 2213 2961 regione
2267 2903 2581 2958 arctentur.
2632 2899 2818 2956 nullus
2854 2907 3040 2959 tamen
3087 2904 3251 2961 vicini
3312 2904 3396 2962 sui
3429 2906 3636 2963 actioni
3674 2911 3776 2963 ιω.

502 2986 822 3061 pedimento
860 2992 965 3040 est.

596 3080 877 3152 Ejusdem.
897 3107 965 3118 ι-
1000 3076 1073 3132 Ex
1101 3075 1278 3132 nihilo
1304 3073 1553 3146 producti
1587 3090 1798 3141 sumus,
1830 3081 1995 3145 atque
2023 3074 2087 3132 ad

2270 3080 2638 3155 Παρήχθημεν
2661 3087 2741 3151 εἰς
2766 3087 2829 3143 τὸ
2847 3083 2988 3145 εἶναι
3018 3089 3095 3164 μὴ
3115 3091 3288 3159 ὄντες,
3311 3094 3407 3148 καὶ
3430 3093 3557 3149 κατ’
3583 3095 3771 3154 εἰκόνα

504 3176 804 3245 imaginem
843 3171 1122 3229 Creatoris
1145 3167 1348 3224 eﬂ‘ecti.
1381 3166 1619 3222 Mentem
1653 3175 1707 3222 et
1753 3182 2087 3234 sermonem,

2201 3172 2286 3229 τοῦ
2302 3175 2379 3230 Κ*
2392 3176 2475 3230 ἶσα
2485 3194 2601 3243 ντος
2609 3179 2842 3254 ἐγενήθη
2850 3183 3097 3253 μεν,νοῦν
3111 3184 3204 3239 καὶ
3220 3185 3373 3255 λόγον
3389 3188 3773 3265 συμπληροῦνο

502 3270 707 3340 quibus
753 3274 943 3323 nostra
977 3273 1176 3319 natura
1225 3262 1470 3318 numeris
1504 3262 1621 3318 suis
1640 3259 1963 3326 absolvitur,
1988 3259 2093 3316 ha.

506 3364 732 3429 bemus;
751 3374 983 3432 quorum
1002 3372 1165 3428 Opera
1190 3354 1283 3413 Dei
1299 3355 1662 3425 cognitionem
1680 3353 1858 3424 adepti
1874 3369 2085 3412 sumus.

577 3453 856 3525 Ejusdem.
904 3481 955 3496 -
1001 3448 1241 3504 Mundus
1299 3446 1409 3513 hic,
1466 3454 1521 3504 et
1578 3446 1827 3503 mortalis
1884 3456 1989 3514 est,
2033 3457 2089 3504 et

506 3544 862 3604 morientium
933 3543 1103 3617 regio.
1176 3542 1447 3610 Quoniam
1516 3541 1663 3596 enim
1720 3554 1785 3596 ea
1844 3557 1965 3613 qua:
2030 3542 2087 3597 in

508 3650 790 3710 aspectum
810 3636 1036 3700 cadunt,
1069 3641 1343 3691 concretae
1363 3631 1695 3688 conditionis
1720 3644 1885 3701 sunt;
1914 3626 2086 3706 atque

505 3735 581 3788 ita
600 3742 975 3803 comparatum
1006 3729 1168 3801 312
1197 3738 1299 3794 est,
1329 3734 1389 3782 ut
1417 3725 1688 3799 quidquid
1719 3728 2085 3797 compositum

500 3829 611 3887 est,
642 3820 893 3876 solvatur
924 3819 1168 3881 tandem,
1199 3826 1255 3879 et
1279 3816 1547 3871 intereat:
1581 3812 1828 3885 profecto
1858 3830 2087 3872 necesse

503 3924 611 3983 est,
652 3924 711 3969 ut
746 3928 849 3969 nos
887 3913 979 3993 qui
1013 3913 1066 3964 in
1116 3908 1324 3965 mundo
1350 3908 1604 3973 vivimus,
1648 3917 1700 3964 et
1731 3925 1858 3980 pars
1892 3910 2085 3965 mundi

504 4023 719 4073 sumus,
754 4015 966 4061 natura:
996 4018 1216 4076 quoque
1264 4000 1512 4057 universi
1555 4002 1851 4073 participes
1886 4004 2079 4060 simus.

582 4101 753 4156 Basit.
809 4098 949 4153 hom.
981 4097 1007 4151 1
1062 4098 1117 4151 in
1174 4094 1430 4150 Hexaem.
1472 4124 1543 4136 —
1574 4093 1706 4161 Qua:
1749 4110 1778 4149 a
1839 4105 2084 4169 tempore

507 4196 725 4251 initium
767 4191 1067 4255 duxerunt,
1115 4204 1180 4245 ea
1212 4203 1435 4259 quoque
1468 4196 1714 4259 tempore
1744 4186 1886 4242 finiri
1915 4204 2081 4261 opor-

508 4297 605 4347 tet.
635 4290 694 4344 Si
750 4288 992 4344 mundus
1044 4285 1343 4356 temporale
1398 4283 1616 4338 initium
1667 4282 1850 4350 habet,
1882 4284 1949 4341 de
1976 4282 2082 4339 ﬁne

505 4383 644 4441 nihil
676 4392 762 4439 est
792 4395 892 4436 cur
924 4379 1167 4435 dubites.

578 4475 734 4547 (ἐι-ες.
774 4469 920 4529 Nae.
960 4482 1102 4527 orat.
1137 4471 1188 4526 l.
1226 4497 1294 4512 --
1318 4469 1586 4537 Quisnam
1620 4476 1706 4526 est
1734 4470 1827 4541 qui
1871 4483 1967 4540 per
1993 4482 2081 4523 sa-

2194 3283 2264 3323 τα
2291 3268 2448 3342 ήμῶν
2462 3270 2563 3343 τὴν
2585 3272 2746 3343 φύσιν
2764 3273 2992 3346 ἔχοντες,
3014 3271 3154 3332 διὀῦ
3172 3278 3303 3334 Θεὸν
3335 3281 3741 3356 ἐγνωρίσαμεν.

2275 3447 2335 3503 '0
2357 3449 2555 3524 κόσμος
2584 3447 2739 3520 οὗτος
2764 3454 2929 3523 αὐτός
2958 3458 3021 3512 τέ
3056 3457 3174 3511 ἐστι
3204 3458 3420 3530 θνητὸς,
3451 3460 3547 3515 καὶ
3567 3462 3773 3535 χωρίον

2193 3539 2666 3612 ἀποθνησκόντων.
2704 3545 2921 3620 Ἐπειδὴ
2950 3547 3060 3622 γὰρ
3080 3548 3337 3617 σύνθετός
3363 3554 3479 3608 ἔστι
3495 3553 3607 3609 τῶν
3631 3556 3771 3629 ἀρω-

2193 3634 2371 3706 μένων
2403 3638 2438 3710 η
2491 3637 2772 3705 σύστασις,
2803 3641 2865 3695 τὸ
2898 3641 2953 3698 δὲ
2984 3642 3237 3699 σύνθετον
3276 3645 3424 3702 ἀπαν
3450 3647 3769 3705 διαλύεσθαι

2192 3726 2473 3799 πέφυκεν,
2507 3730 2557 3784 oi
2595 3731 2654 3785 ἑν
2677 3732 2761 3805 ίτῷ
2792 3733 2983 3808 κόσμῳ
3012 3733 3236 3803 ζῶντες,
3290 3738 3437 3812 μέρη
3488 3740 3646 3807 ιντες
3673 3744 3769 3799 τοῦ

2191 3819 2419 3893 κόσμου,
2443 3824 2756 3895 ἀναγκαίως
2781 3826 2883 3898 τῆς
2914 3827 3009 3883 τοῦ
3036 3830 3233 3897 παντὸς
3262 3831 3478 3904 φύσεως
3495 3833 3770 3893 ἀπολαῦο-

2192 3932 2312 3986 μεν.

2259 4103 2341 4159 Τά
2372 4104 2480 4158 ἀπὸ
2508 4107 2700 4177 χρόνου
2734 4107 3040 4181 ἀρξάμενα,
3069 4110 3283 4189 ἀνάγκη
3332 4116 3553 4183 πάντως
3577 4120 3678 4175 καὶ
3710 4121 3769 4177 ἐν

2189 4195 2364 4269 χρόνῳ
2394 4198 2799 4257 συστέλλεσθαι.
2824 4203 2887 4257 El
2913 4205 3086 4278 ἀρχὴν
3106 4203 3219 4279 ἔχει
3249 4211 3531 4280 χρονικὴν,
3561 4212 3639 4286 μὴ
3661 4214 3767 4284 ἀμ-

2188 4288 2425 4365 φιϐάλῃς
2460 4292 2589 4364 περὶ
2617 4292 2711 4347 τοῦ
2742 4295 2951 4362 τέλους.

2259 4471 2357 4535 Τίς
2384 4472 2414 4529 ὸ
2441 4476 2508 4546 τῇ
2537 4475 2697 4549 σοφίᾳ
2728 4482 3151 4547 κατασκευάσας
3201 4482 3295 4540 τὸν
3329 4484 3641 4557 ἄνθρωπον,
3674 4488 3767 4544 καὶ

504 4568 769 4639 pientiam
791 4580 950 4623 suam
980 4563 1255 4621 hominem
1284 4563 1548 4631 condidit,
1579 4573 1633 4619 et
1673 4578 1739 4619 ea
1767 4577 1889 4635 qua:
1918 4562 2083 4619 dissi-

2201 4564 2267 4628 είς
2305 4563 2361 4617 ἓν
2390 4564 2615 4634 ἀγαγὼν
2652 4566 2720 4620 τά
2742 4566 3027 4634 διεστῶτα,
3064 4570 3160 4625 καὶ⁸
3205 4571 3366 4643 μίξας
3388 4556 3484 4629 τον
3526 4576 3659 4647 χοῦν
3692 4578 3764 4651 τῷ

503 4663 728 4727 dcbant,
780 4658 1082 4731 copulavit,
1132 4665 1192 4713 ut
1244 4658 1467 4729 pulvere
1512 4671 1636 4711 cum
1676 4655 1873 4727 spiritu
1932 4670 2084 4710 com-

506 4756 693 4823 misto,
729 4752 937 4809 animal
970 4751 1190 4808 visibile
1245 4750 1412 4803 simul
1461 4757 1513 4803 et
1556 4747 1835 4803 invisibile
1868 4762 2083 4819 compo-

506 4846 705 4908 suerit,
759 4832 1267 4913 temporarium'et
1304 4840 1636 4906 immortale,
1698 4848 1977 4893 terrenum
2028 4844 2082 4893 et

506 4939 767 5004 caeleste;
822 4935 969 5007 quod
1021 4936 1188 4989 Deum
1223 4934 1529 5003 attingeret,
1583 4946 1683 4986 nec
1719 4930 2080 5003 comprehen-

506 5031 683 5095 deret,
716 5028 878 5099 eique
906 5025 1220 5097 proximum
1256 5031 1402 5078 esset
1427 5031 1480 5077 et
1507 5019 1819 5076 remotum?

576 5120 850 5194 Ejusdem,
884 5127 1023 5173 orat.
1066 5117 1149 5173 15.
1178 5146 1249 5159 --
1287 5116 1408 5183 Quo
1458 5122 1617 5187 pacto
1676 5129 1799 5168 cum
1852 5127 2084 5183 corpore

511 5215 612 5273 sim
663 5214 1019 5283 conjunctus,
1079 5210 1316 5266 nescio:
1363 5224 1465 5265 nec
1518 5222 1625 5279 qua
1666 5208 1881 5263 ratione
1916 5206 2082 5263 simul

508 5311 689 5378 imago
715 5308 818 5361 sim
856 5304 971 5369 Dei,
1015 5318 1078 5359 ac
1110 5303 1328 5358 volutor
1357 5301 1409 5358 in
1437 5316 1620 5357 coeno.
1654 5299 1810 5367 Quod
1862 5299 1908 5356 si
1943 5300 2081 5355 bene

506 5402 709 5467 valeat,
736 5399 937 5455 bellum
976 5406 1157 5453 movet
1197 5411 1212 5451 :
1246 5396 1331 5453 sin
1360 5410 1492 5452 vero
1524 5396 1847 5460 debellatur,
1882 5410 2081 5449 excru-

509 5493 653 5561 ciat;
688 5490 834 5563 quod
871 5500 925 5546 et
960 5489 1040 5543 uti
1064 5504 1392 5545 conservum
1431 5502 1576 5552 amo,
1607 5496 1661 5543 et
1702 5496 1761 5541 ut
1799 5486 2078 5542 inimicum

508 5588 748 5643 detestor
777 5602 792 5640 :
825 5583 971 5656 quod
1006 5593 1063 5637 ut
1093 5582 1375 5637 vinculum
1438 5580 1610 5650 fugio,
1647 5587 1701 5636 et
1735 5588 1792 5635 ut
1834 5578 2079 5650 ejusdem

509 5681 787 5753 particeps
824 5674 1158 5732 hereditatis
1193 5687 1471 5728 revereor.
1512 5672 1568 5726 Si
1622 5686 1899 5727 macerare
1952 5685 2083 5726 cou-

508 5771 753 5839 teudam,
778 5772 891 5841 jam
925 5785 1033 5824 non
1069 5766 1313 5837 suppetit
1355 5764 1508 5834 mihi,
1559 5781 1667 5836 quo
1711 5769 1863 5821 socio
1893 5764 1961 5819 ad
1993 5779 2083 5821 res

515 5867 656 5924 bene
685 5864 951 5938 gerendas
986 5874 1127 5921 utar.
1197 5858 1490 5927 Nimirum,
1549 5875 1675 5919 cum
1737 5874 2083 5933 nequaquam

2188 4654 2483 4728 πνεύματι,
2536 4657 2632 4713 καὶ
2686 4656 2904 4725 συνθεὶς
2950 4659 3093 4725 ζῶον
3133 4662 3330 4733 ὁρατὸν
3364 4665 3459 4720 καὶ
3509 4666 3762 4740 ἀόρατον,

2189 4748 2527 4820 πρόσκαιρον
2571 4748 2673 4805 καὶ
2721 4749 3010 4821 ἀθάνατον,
3053 4753 3297 4824 ἐπίγειον
3342 4757 3438 4812 καὶ
3489 4758 3761 4835 οὐράνιον,

2188 4838 2491 4909 ἁπτόμενον
2524 4839 2681 4907 Θεοῦ,
2735 4842 2833 4898 καὶ
2886 4842 2948 4899 οὐ
2982 4843 3494 4919 περιδρασσόμενον,
3546 4852 3766 4921 ἑγγίζον

2188 4931 2281 4987 καὶ
2311 4930 2723 5007 μακρυνόμενον
2742 4950 2758 5002 ;

2260 5110 2448 5177 Ὅπως
2478 5114 2798 5188 συνεζύγην,
2817 5118 2917 5173 οὐκ
2940 5113 3078 5187 οῖδα,
3110 5120 3204 5174 καὶ
3230 5120 3348 5187 πῶς
3374 5122 3541 5179 είκών
3570 5125 3632 5180 τό
3653 5126 3763 5199 εἰμι

2188 5202 2347 5273 Θεοῦ,
2378 5207 2475 5260 καὶ
2512 5207 2591 5279 τῷ
2632 5209 2791 5282 πηλῷ
2836 5211 3221 5285 συμφύρομαι.
3277 5216 3344 5270 '0
3373 5217 3469 5272 καὶ
3505 5219 3759 5276 εὐεκτοῦν

2188 5301 2435 5373 πολεμεῖ,
2459 5304 2551 5357 καὶ
2582 5304 2709 5377 ἀνιᾷ
2738 5304 3145 5379 πολεμούμενον
3162 5325 3176 5340 ·
3195 5309 3226 5362 ὃ
3256 5310 3351 5365 καὶ
3376 5309 3453 5376 ὡς
3479 5312 3757 5369 σύνδουλον

2188 5395 2406 5465 ἀγαπῶ,
2434 5398 2527 5450 καὶ
2558 5395 2633 5461 ώς
2660 5397 2854 5469 ἐχθρὸν
2882 5400 3336 5473 ἀποστρέφομαι*
3389 5402 3419 5456 δ
3448 5404 3545 5459 καὶ
3579 5404 3656 5469 ὡς
3681 5406 3758 5460 διο

2190 5489 2325 5561 σμὺν
2344 5490 2551 5560 φεύγω,
2567 5490 2660 5545 καὶ
2676 5490 2751 5555 ὡς
2769 5491 2976 5563 συγκλη
2985 5495 3208 5565 ρονόμον
3224 5494 3575 5568 αίσχύνομαι.
3592 5498 3754 5569 Τῆξαι

2189 5579 2500 5651 φιλονεικῶ,
2539 5584 2635 5638 καὶ
2668 5582 2768 5638 οὐκ
2797 5584 2905 5656 ἔχω
2933 5585 3039 5640 τίνι
3067 5586 3317 5660 συνεργῷ
3347 5590 3484 5662 πρὸς
3513 5592 3585 5647 τὰ
3634 5593 3751 5646 κάλ-

2189 5672 2347 5728 λιστα
2391 5676 2668 5749 χρὴσομαι
2692 5717 2710 5743 ,
2740 5675 2817 5740 ώς
2845 5676 2999 5742 είδὼς
3027 5678 3108 5742 είς
3144 5677 3173 5733 ὁ
3203 5679 3422 5750 γέγονα,
3450 5683 3547 5737 καὶ
3571 5686 3656 5740 ὅτι
3678 5684 3752 5739 δεῖ

2193 5785 2261 5840 με
2293 5767 2430 5839 πρὸς
2468 5768 2601 5824 θεὸν
2630 5769 2911 5825 ἀνατεῖναι
2947 5770 3037 5826 διά
3062 5770 3170 5826 τῶν
3199 5771 3476 5846 πράξεων.
3500 5775 3749 5849 Φείδομαι

2192 5860 2267 5928 ώς
2287 5859 2567 5937 συνεργοῦ,
2600 5863 2693 5918 καὶ
2725 5861 2824 5919 οὐκ
2850 5862 2957 5936 ἔχω
2987 5862 3102 5932 πῶς
3130 5864 3290 5938 φύγω
3316 5867 3417 5941 τὴν
3451 5867 3755 5925 ἐπανίστα-
