3970 6294
193 325 322 402 Π,ῡὸ

1515 333 1755 397 SACRA
1789 334 2257 397 PARALLELA.

3293 320 3430 393 1106

187 466 288 514 σιν,
315 448 352 520 ἢ
401 446 518 522 ut};
548 446 624 520 μὴ
651 449 760 506 ἀπὸ
785 447 920 504 Θεοῦ
950 447 1124 515 πέσω,
1172 448 1461 523 βαρυνθεὶς
1506 452 1625 512 ταῖς
1658 448 1753 502 πέ-

1876 463 2101 520 gnorem
2131 447 2294 516 cujus
2326 446 2404 503 rei
2446 461 2616 504 causa
2644 447 2749 505 sim
2785 451 3129 519 procreatus,
3174 443 3432 516 quodque

185 540 320 606 δαίς.
338 539 730 607 κοτασπῶσαις
757 541 792 615 ἢ
809 541 1168 614 κατεχούσαις
1196 543 1275 607 εἰς
1292 541 1507 612 ἔδαφος.
1526 540 1748 613 Ἐχθρὰς

185 632 324 712 ἑστιν
353 632 610 705 εὐμενὴς,
643 635 738 689 καὶ
762 633 915 705 φίλος
935 631 1245 700 ἐπίϐουλος.
1274 635 1335 688 Ὢ
1361 634 1464 704 τῆς
1492 633 1754 702 συζυγίας

1855 540 1988 597 mihi
2034 556 2130 611 per
2161 545 2413 599 actiones
2449 542 2518 597 ad
2558 543 2731 596 Deum
2764 540 3064 597 ascendere
3103 538 3430 594 incumbat:

1853 633 1940 690 sin
1967 643 2184 700 contra,
2224 644 2284 690 ut
2337 650 2465 691 cum
2514 635 2766 704 adiutore
2807 633 2995 689 mitius
3049 646 3228 703 agam,
3284 629 3434 687 nulla

185 722 276 778 καὶ
301 723 400 795 τῆς
450 723 888 799 ἀλλοτριώσεωςῖ
940 727 1005 782 '0
1053 724 1352 799 φοϐοῦμαι,
1396 725 1680 796 περιέπωο
1725 722 1756 777 ὃ

1879 743 1966 783 am
2017 728 2158 784 ratio
2193 729 2459 796 occurrit,
2513 745 2622 802 qua
2671 728 2993 786 rebellantis
3047 725 3311 796 impetum
3351 724 3440 779 tua

186 816 417 888 στέργω,
441 818 656 875 δέδοικα
676 836 690 851 ’
722 820 855 892 πρὶν
902 807 1238 893 πολεμῆσαι,
1267 819 1714 890 καταλλάσσομαι
1734 830 1756 852 ο

187 912 275 964 καὶ
303 911 434 985 πρὶν
458 909 793 985 εἰρηνεῦσαι,
824 911 1130 985 διῖσταμαι.
1159 914 1256 980 Τίς
1299 914 1333 986 ἠ
1371 913 1501 986 περὶ
1538 913 1637 984 ἐμὲ
1668 928 1758 966 σο-

185 1004 317 1075 φίας
354 1006 452 1062 καὶ
481 1004 537 1060 τί
556 1007 618 1062 τὸ
640 1007 782 1080 μέγα
812 1007 942 1079 περὶ
983 1008 1083 1079 ἐμὲ
1114 1008 1444 1080 μυστήριον;
1479 1006 1511 1078 ἢ
1539 1003 1590 1060 τί
1629 1002 1756 1076 βού-

184 1096 352 1164 λεται,
389 1102 583 1171 μοῖραν
606 1101 753 1172 ἡμᾶς
776 1100 937 1163 ὄντας
969 1099 1127 1166 Θεοῦ,
1157 1100 1254 1153 καὶ
1293 1097 1500 1154 ἄνωθεν
1529 1096 1758 1169 ῥεύσαν-

183 1209 302 1256 τας,
330 1192 420 1246 ἵνα
443 1191 521 1265 μὴ
547 1191 635 1248 διὰ
658 1193 758 1262 τὴν
784 1190 940 1260 ἀξίαν
980 1186 1332 1265 ἐπαιρόμενοι
1365 1191 1456 1245 καὶ
1495 1205 1756 1261 μετεωρι-

187 1282 399 1352 ζόμεναι
427 1284 855 1356 καταφρονῶμεν
878 1283 972 1338 τοῦ
998 1283 1318 1348 Κτίσαντος,
1353 1284 1411 1337 ὲν
1435 1285 1501 1353 τῇ
1529 1279 1666 1352 πρὸς
1696 1279 1758 1335 τδ

188 1372 349 1445 σῶμα
377 1375 525 1448 πάλῃ
555 1375 651 1431 καὶ
683 1377 832 1450 μάχῃ
877 1376 1015 1448 πρὸς
1055 1375 1216 1429 αὐτὸν
1260 1375 1348 1429 (tsi.
1395 1364 1635 1445 βλέπειν,
1666 1371 1761 1428 καὶ

187 1467 282 1538 τὴν
305 1469 741 1541 συνεζευγμένην
765 1470 1073 1551 ἀσθένειαν,
1102 1467 1476 1538 παιδαγωγίαν
1507 1462 1643 1522 εἶναι
1665 1464 1760 1521 τοῦ

187 1559 518 1633 ἀξιώματος,
570 1564 657 1619 ἵνα
686 1564 914 1637 εἴδωμεν
948 1567 996 1618 οἱ
1027 1563 1182 1617 αὐτοὶ¹
1210 1561 1457 1634 μέγιστοί
1505 1578 1565 1615 τε
1609 1560 1764 1626 ὄντες

186 1656 283 1709 καὶ
315 1657 710 1721 ταπεινότατοι,
742 1658 975 1727 ἐπίγειοι
1021 1658 1114 1711 καὶ
1143 1654 1406 1727 οὐράνιοι,
1435 1653 1762 1726 πρόσκαιροι

189 1750 282 1802 καὶ
309 1748 568 1803 ἀθάνατοι
593 1789 607 1814 ,
645 1749 969 1820 κληρονόμοι
1001 1751 1176 1819 φωτὸς
1208 1747 1398 1821 πυρὸς,
1421 1747 1603 1800 εῖτουν
1638 1745 1763 1800 σκό-

1855 822 2022 892 giam,
2059 829 2154 877 aut
2201 838 2268 878 ue
2302 837 2334 877 a
2383 823 2495 878 Deo
2546 838 2779 894 prorsus
2828 819 3114 887 excidam,
3164 817 3437 889 ejusmodi

1855 914 2213 987 compedibus
2243 925 2527 986 gravatus,
2550 917 2645 987 qui
2684 932 2770 979 me
2793 915 2862 971 ad
2894 922 3095 972 terram
3121 911 3435 977 detrahant,

1856 1007 1942 1064 vel
1972 1007 2280 1064 detineant.
2322 1008 2508 1066 Hostis
2541 1017 2627 1065 est
2667 1008 2906 1064 blandus
2935 1012 2989 1061 et
3024 1004 3228 1069 facilis,
3259 1011 3314 1057 et
3347 999 3438 1057 in-

1857 1101 2105 1158 sidiosus
2138 1100 2370 1160 amicus.
2404 1101 2447 1160 0
2477 1103 2661 1173 qualis
2685 1103 2790 1160 ista
2821 1097 3144 1169 coniunctio
3177 1095 3294 1153 est!
3319 1109 3441 1165 qua:

1858 1191 2278 1249 inimicitiarum
2339 1193 2519 1249 ratio!
2581 1192 2729 1264 quod
2787 1207 3018 1257 vereor,
3081 1190 3437 1262 amplector:

1860 1284 2008 1356 quod
2029 1301 2174 1352 amo,
2208 1286 2309 1342 hoc
2340 1287 2725 1358 perhorresco.
2755 1285 3070 1355 Antequam
3098 1283 3300 1340 bellum
3325 1282 3442 1353 geri

1863 1376 2109 1445 incipiat,
2148 1376 2202 1430 in
2229 1377 2462 1448 gratiam
2493 1393 2618 1433 cum
2654 1393 2721 1433 eo
2745 1377 2912 1432 redeo
2943 1395 2958 1430 :
2991 1382 3045 1429 et
3075 1382 3204 1430 ante
3231 1372 3443 1429 consti-

1862 1475 2034 1524 tutam
2065 1484 2277 1540 pacem,
2299 1472 2371 1525 'ab
2400 1486 2466 1527 eo
2489 1470 2754 1526 dissideo.
2774 1470 3025 1538 Quanam
3052 1468 3146 1524 Dei
3173 1466 3450 1540 sapientia

1863 1563 1965 1619 hoc
1999 1563 2132 1618 mihi
2171 1564 2408 1619 accidit?
2437 1579 2675 1637 quonam
2732 1580 2932 1635 magno
2965 1577 3280 1633 arcanoque
3307 1574 3445 1618 cou-

1864 1655 2035 1712 silio?
2069 1657 2152 1714 An
2186 1657 2291 1714 hoc
2327 1658 2461 1730 agit,
2495 1669 2553 1723 ut
2587 1675 2712 1715 cum
2754 1659 2933 1729 portio
2970 1657 3062 1712 Dei
3115 1656 3317 1720 simus,
3344 1669 3448 1710 seu

1866 1765 2106 1820 superne
2157 1751 2521 1820 ﬁnxerimus;
2558 1769 2627 1808 ne
2677 1753 2763 1807 ob'
2799 1751 3067 1821 ejusmodi
3125 1749 3445 1830 dignitatem

187 1857 333 1906 τους,
385 1841 663 1914 ὁποτέρως
714 1844 783 1897 ἂν
830 1842 1143 1914 νεύσωμεν;
1203 1842 1455 1896 Τοιοῦτον
1488 1839 1546 1894 τὸ
1572 1839 1762 1911 κρᾶμα

1876 1841 2126 1897 insolenti
2162 1842 2305 1899 fastu
2335 1844 2500 1911 elati,
2535 1844 2854 1901 Creatorem
2882 1827 3260 1914 aspernemur,
3294 1842 3349 1896 in
3381 1855 3449 1896 ea

185 1935 217 2004 ἡ
229 1933 365 2004 μῶν,
399 1935 492 1988 καὶ
525 1936 612 1989 διὰ
645 1936 843 1989 ταῦτα’
893 1936 968 2000 ὡς
1012 1936 1143 2005 γοῦν
1174 1936 1298 2008 ἐμοὶ
1330 1933 1758 2004 καταφαίνεται·

186 2025 275 2079 ἵνα
307 2026 435 2080 ὅταν
465 2028 824 2100 ἐπαιρὼμεθα
861 2028 949 2083 διὰ
980 2029 1077 2102 τὴν
1109 2029 1291 2083 εἰκόνα
1311 2068 1325 2092 ,
1371 2027 1460 2081 διὰ
1496 2025 1587 2080 τὸν
1631 2024 1759 2097 χοῦν

185 2118 630 2191 συστελλώμεοα.

1867 1949 1991 2003 qua:
2025 1935 2187 1992 nobis
2216 1952 2340 1991 cum
2370 1953 2608 2011 corpore
2626 1947 2711 1996 est
2735 1937 3130 2002 colluctatione
3164 1945 3217 1991 et
3244 1950 3446 2007 pugna.

1867 2025 2049 2098 ipsum
2100 2045 2318 2101 semper
2359 2031 2695 2098 intueamur,
2759 2032 2949 2105 sicque
3003 2044 3250 2086 connexa
3289 2027 3451 2084 nobis

1868 2118 2187 2190 infirmitas,
2242 2123 2568 2196 dignitatem
2633 2133 2882 2182 nostram
2936 2136 3087 2198 regat
3115 2133 3170 2180 ct
3194 2122 3451 2187 erudiat:

183 2209 456 2269 Videlicet
508 2224 565 2270 ut
623 2215 1015 2288 intelligamus,
1059 2232 1160 2271 nos
1195 2216 1464 2270 maximos
1514 2212 1668 2283 juxta
1711 2213 1766 2266 et
1804 2208 2215 2280 abiectissimos
2242 2229 2388 2281 esse,
2449 2224 2702 2273 terrenos
2753 2224 2808 2272 et
2885 2217 3157 2283 caelestes,
3239 2224 3450 2285 tempe-

183 2323 386 2366 raneos
419 2319 473 2365 et
510 2310 880 2378 immortales,
928 2313 1068 2370 lucis
1117 2320 1171 2368 et
1232 2312 1393 2384 ignis,
1449 2314 1548 2368 seu’
1589 2309 1754 2364 etiam
1829 2308 2185 2366 tenebrarum
2245 2313 2516 2378 bacrcdes,
2595 2325 2762 2386 prout
2811 2318 2876 2371 ad
2919 2317 3243 2372 alterutrum
3296 2313 3452 2370 nobis

181 2400 527 2469 propendere
569 2405 883 2475 contigerit.
956 2405 1082 2460 l-lazc
1146 2415 1336 2462 nostra
1397 2409 1766 2474 temperatura
1832 2407 1925 2457 .est
1972 2417 1990 2457 :
2067 2413 2122 2460 et
2173 2406 2296 2463 istis
2351 2407 2417 2462 de
2471 2410 2658 2465 causis
2722 2410 3008 2482 (quantum
3063 2408 3280 2481 quidem
3334 2407 3454 2479 ipse

181 2495 499 2566 perspicere
547 2499 726 2568 valeo)
778 2508 840 2556 ut
891 2516 1017 2557 cum
1069 2500 1317 2572 dignitas
1369 2497 1630 2570 imaginis
1695 2492 1911 2551 animos
1974 2499 2136 2556 nobis
2177 2502 2477 2569 extulerit,
2541 2520 2641 2561 nos
2710 2514 2853 2561 terra
2926 2502 3216 2560 contrahat
3279 2513 3334 2557 ct
3383 2501 3453 2556 de

180 2588 414 2658 primat.

253 2706 425 2773 Τάξις
448 2707 540 2764 τὸν
560 2709 845 2783 ἄνθρωπον
866 2715 931 2769 ἐκ
949 2713 1167 2784 λογικοῦ
1198 2715 1293 2770 καὶ
1315 2714 1512 2784 ἀλόγου
1539 2712 1771 2785 συγκρίο

185 2814 363 2869 ματος
392 2799 532 2864 ζῶον
559 2801 778 2872 λογικὸν
810 2807 1201 2878 συνεστήσατο,
1236 2807 1330 2862 καὶ
1360 2807 1620 2879 συνέδησε
1663 2823 1769 2877 μυ·-

184 2891 395 2959 στικῶς
425 2893 520 2948 καὶ
549 2895 806 2968 ἀρρήτως
852 2899 942 2953 τὸν
990 2898 1118 2971 χοῦν
1162 2901 1242 2973 τῷ
1279 2900 1383 2968 νοῒ,
1414 2900 1508 2956 τὸν
1535 2899 1659 2957 νοῦν
1689 2901 1771 2972 τῷ

182 2984 502 3055 πνεύματι·
528 2987 624 3042 καὶ
651 2987 741 3042 ἴνα
771 2989 1323 3066 θαυματουργήσῃ’τι
1360 2994 1548 3065 μεῖζον
1605 2993 1664 3048 ὲν
1691 2993 1771 3065 τῷ

180 3077 389 3134 ἑαυτοῦ
421 3079 725 3152 πλάσματι,
749 3083 814 3136 τὸ
844 3083 977 3139 αὖτό
1009 3087 1102 3141 καὶ
1131 3087 1448 3146 διεσώσατο,
1472 3087 1571 3141 καὶ
1593 3087 1768 3142 διέλυο

185 3191 304 3230 σεν.
340 3173 448 3241 Τὸν
493 3175 594 3246 μὲν
621 3175 730 3249 γάρ
774 3176 1163 3250 ἐπεισήγαγεν,
1190 3180 1280 3234 τὸν
1309 3181 1366 3234 δὲ
1399 3181 1764 3252 ὑπεξήγαγεν,

1945 2702 2218 2774 Ejusdem,
2257 2715 2396 2764 orat.
2428 2707 2517 2763 26.
2554 2708 2793 2765 —0rdo
2833 2708 3110 2764 hominem
3158 2725 3220 2763 ex
3271 2722 3449 2763 massa

1870 2795 2068 2872 partim
2101 2798 2382 2865 rationali,
2411 2801 2613 2870 partim
2643 2815 2836 2855 aversa
2887 2815 2916 2854 a
2971 2802 3207 2866 ratione,
3246 2799 3451 2854 animal

1868 2889 2137 2950 rationale
2165 2895 2576 2961 construxit,-et
2633 2911 2837 2984 arcanae
2881 2894 3047 2950 modo
3078 2903 3281 2951 terram
3324 2910 3451 2950 cum

1872 2990 2072 3049 mente,
2109 2993 2346 3040 mentem
2389 3002 2512 3042 cum
2546 2987 2745 3059 spiritu
2779 2989 2974 3046 vinxit.
3010 2987 3097 3056 Et,
3141 2995 3201 3044 ut
3228 2989 3455 3045 mirabi-

1875 3074 1983 3132 lius
2004 3076 2266 3146 quiddam
2299 3080 2354 3136 in
2390 3080 2649 3153 ﬁgmento
2681 3091 2847 3156 atque
2873 3099 3036 3154 opere
3060 3099 3161 3140 suo
3189 3091 3449 3155 patraret.

1873 3171 2017 3228 idem
2066 3175 2239 3245 ipsum
2271 3187 2326 3233 et
2369 3181 2738 3246 conservavit,
2785 3189 2839 3236 et
2889 3180 3166 3236 dissolvit.
3205 3181 3452 3236 Alterum

179 3264 382 3338 ὥσπερ
430 3267 488 3320 ὲν
545 3268 799 3343 ῥεύματι,
851 3272 946 3325 καὶ
991 3272 1069 3343 τῷ
1103 3272 1284 3346 Θνητῷ
1339 3274 1436 3345 τὴν
1467 3274 1768 3331 ἀθανασίαν

1876 3266 2021 3320 enim
2058 3267 2467 3338 superinduxit,
2525 3271 2756 3325 alterum
2804 3271 3089 3335 subduxit,
3128 3287 3237 3327 non
3289 3287 3452 3328 secus

183 3360 694 3432 ἐπραγματεύσατο
721 3364 810 3421 διὰ
837 3365 1068 3432 λύσεως.

255 3589 363 3653 Τίς
395 3589 430 3662 ἡ
463 3589 608 3661 μίξις
628 3591 822 3664 ήμῶν;
854 3593 936 3658 τίς
965 3596 997 3667 ἠ
1031 3595 1282 3668 κίνησις;
1335 3598 1448 3662 πῶς
1481 3597 1543 3652 τὸ
1572 3597 1776 3653 ἀθάνα-

177 3702 278 3739 ⁸εον
311 3682 393 3756 τῷ
425 3681 603 3756 θνητῷ
634 3687 977 3760 συνεκράοη;
1011 3690 1127 3754 πῶς
1173 3691 1325 3744 κάτω
1373 3692 1502 3762 eam,
1534 3693 1629 3747 καὶ
1664 3693 1776 3748 ἄνω

178 3777 472 3850 φέρομαι;
500 3778 616 3842 πῶς
643 3780 788 3854 ψυχὴ
839 3783 1218 3855 περιφέρεται.
1253 3785 1346 3840 κοιλ⁵
1373 3786 1518 3859 ζωὴν
1570 3788 1774 3854 δίδωσι,

175 3871 286 3927 καὶ
326 3870 539 3935 πάθους
565 3874 1008 3945 μεταλαμϐάνει;
1038 3877 1156 3942 πῶς
1183 3878 1212 3931 ὁ
1244 3878 1370 3943 νοῦς
1398 3880 1779 3950 περιγραπτδς

177 3965 283 4017 καὶ
317 3965 599 4034 ἀόριστος,
651 3966 708 4021 ἰν
741 3968 872 4038 ἡμῖν
914 3967 1111 4039 μένων,
1146 3971 1242 4024 καὶ
1275 3971 1455 4026 πάντα
1505 3971 1776 4041 ἐφοδεύων

173 4055 349 4125 τάχει
379 4058 553 4128 φορᾶς
577 4058 671 4113 καὶ
705 4058 972 4131 ῥεύσεωςς
997 4060 1113 4126 πῶς
1135 4063 1612 4136 μεταλαμϐάνεται
1633 4065 1777 4138 λόγῳ

175 4149 284 4202 καὶ
309 4149 681 4220 μεταδίδοται,
723 4152 818 4207 καὶ
861 4153 930 4207 δι’
968 4154 1129 4227 ἀέρος
1162 4159 1346 4228 χωρεῖ,
1380 4158 1471 4211 καὶ
1496 4160 1636 4230 μετὰ
1665 4160 1778 4217 τῶν

172 4241 542 4315 πραγμάτων
576 4245 883 4318 εἰσέρχεται
912 4247 1022 4301 ἀπὸ
1054 4248 1164 4303 τῶν
1195 4248 1540 4324 αίσθήσεων;

251 4534 385 4607 οὔχ
409 4534 498 4592 ἵνα
525 4537 790 4610 φάγωμεν
822 4539 919 4595 καλ⁵
940 4539 1172 4613 πίωμεν,
1201 4543 1300 4597 καὶ
1325 4562 1389 4598 πε
1402 4544 1770 4618 ριϐαλώμεθα,

1875 3369 2040 3429 atque
2068 3361 2120 3414 in
2146 3376 2415 3432 aquarum
2447 3362 2593 3417 ﬂuxu
2615 3382 2631 3427 ;
2654 3372 2707 3419 et
2728 3365 2942 3434 corpori
2976 3367 3191 3420 mortali
3229 3368 3457 3423 immor.

1876 3450 2146 3507 talitatetu
2172 3465 2271 3523 per
2296 3453 2631 3510 solutionem
2672 3453 3032 3525 comparavit.

1951 3587 2221 3658 Ejusdem,
2247 3597 2384 3644 orat.
2414 3590 2503 3646 5-4.
2531 3620 2602 3630 --
2623 3590 2884 3659 Quaenam
2919 3591 3032 3647 haec
3060 3593 3245 3649 mi'slio
3259 3603 3454 3652 nostra

1876 3679 2003 3735 est?
2031 3682 2155 3752 quis
2181 3683 2404 3740 motus?
2458 3685 2739 3754 quomodo
2771 3684 2820 3739 id
2845 3685 2989 3755 quod
3019 3685 3328 3742 immortale
3348 3697 3453 3754 est,

1878 3778 2002 3826 cum
2038 3787 2094 3826 re
2123 3773 2342 3828 mortali
2374 3783 2740 3844 temperatum
2776 3773 2917 3830 fuit?
2954 3775 3056 3842 Qui
3093 3779 3147 3831 lit
3184 3788 3243 3832 ut
3274 3779 3473 3835 anima-

1878 3866 2326 3935 circumi‘eratur;
2362 3880 2417 3926 et
2462 3871 2640 3925 vitam.
2684 3871 2984 3941 impertiat,
3053 3872 3457 3946 aﬂcctuumque

1879 3955 1950 4010 sit
1982 3956 2292 4028 particeps?
2314 3959 2415 4024 Qui
2448 3957 2505 4014 lit
2536 3967 2595 4012 ut
2623 3973 2800 4033 ruens,
2826 3967 2878 4014 et
2907 3961 3323 4033 circumscripta
3358 3964 3456 4030 sit,

1878 4056 1932 4102 et
1974 4048 2134 4119 313
2183 4049 2466 4104 indciinita
2505 4068 2518 4105 :
2562 4051 2619 4105 in
2669 4050 2830 4106 nobis
2893 4060 3130 4116 maneat,
3176 4059 3228 4108 ct
3277 4057 3456 4111 motus

1880 4141 2168 4214 lituusque
2210 4143 2532 4215 pernicitate
2563 4143 2743 4198 omnia
2775 4145 3107 4211 perlustret?
3155 4149 3247 4217 qui
3285 4145 3364 4212 ﬁt,
3397 4157 3456 4203 ut

1880 4245 2189 4288 sermonem
2214 4233 2497 4306 percipiat,
2517 4243 2570 4288 et
2591 4234 2837 4290 vicissim
2859 4225 3254 4302 coinmnnicet;
3272 4253 3456 4294 aerem

1877 4322 2162 4392 pervadat,
2195 4333 2247 4380 et
2287 4324 2625 4381 adminiculo
2656 4341 2922 4382 sensuum
2968 4327 3024 4381 in
3068 4328 3217 4398 ipsas
3245 4344 3334 4385 res
3368 4330 3456 4384 iu-

1879 4413 2192 4485 grediatur?
2233 4429 2244 4444 '

1951 4527 2228 4600 Chrysost.
2260 4530 2430 4586 Homo
2455 4548 2549 4586 cur
2574 4531 2838 4590 conditus.
2869 4563 2938 4572 -—
2967 4533 3085 4588 Non
3116 4542 3174 4587 ut
3209 4535 3455 4602 edamus,

169 4630 596 4702 ἐγεννήθημεν,
619 4608 735 4687 ἀλλ’
768 4633 853 4689 ἵνα
891 4608 1156 4708 φύγωμεν
1182 4608 1413 4704 κακίαν..
1434 4608 1686 4713 ὲλὼμείὶα
1718 4608 1768 4698 at

1884 4630 1938 4678 et
1965 4623 2242 4690 bibamus,
2266 4633 2319 4681 et
2349 4626 2661 4692 induantur,
2694 4627 2807 4682 nati
2835 4643 3071 4697 sumus;
3093 4629 3208 4690 sed.
3237 4639 3456 4703 arrepta

168 4724 421 4798 ἀρετὴν,
452 4727 552 4796 τῆς
573 4725 724 4792 Θείας
750 4728 1131 4802 ἐπιλαϐόμενοι
1157 4731 1494 4805 φιλοσοφίας.
1517 4737 1640 4791 Ὀτι
1666 4735 1779 4809 γὰρ

167 4821 279 4892 οὐχ
319 4819 420 4873 ἵνα
451 4821 716 4892 φάγωμεν
747 4821 842 4876 καὶ
865 4823 1099 4897 πίωμεν,
1131 4825 1525 4900 ἐγεννήθημεν,
1544 4828 1660 4885 ἀλλ’
1688 4829 1775 4902 ἐφ’

167 4914 408 4983 ἑτέροις
438 4913 621 4984 πολλῷ
673 4913 884 4987 μείζοσι
927 4923 1021 4972 καὶ
1051 4917 1340 4989 βελτίοσιν,
1391 4922 1626 4978 ἄκουσον
1677 4923 1774 4980 τοῦ

165 5002 326 5058 Θεοῦ
388 5003 489 5057 καὶ
543 5004 641 5077 τὴν
703 5005 882 5061 αἰτίαν
927 5006 1215 5077 λέγοντος,
1262 5009 1346 5081 ἐφ’
1397 5004 1431 5086 ᾗ
1489 5012 1774 5085 ἄνθρωπον

166 5093 494 5163 ἐποίησεν·
524 5093 872 5150 διαπλάττων
908 5098 1018 5169 γὰρ
1053 5098 1235 5164 αὑτὸν,
1273 5100 1415 5156 οὕτω
1447 5121 1562 5168 πως
1602 5104 1770 5175 φησί’

170 5206 192 5241 ε
223 5185 576 5258 Ποιήσωμεν
626 5187 915 5258 ἄνθρωπον
956 5190 1081 5244 κατ’
1119 5193 1304 5246 εἰκόνα
1355 5193 1636 5266 ἡμετέραν
1683 5195 1776 5251 καὶ

164 5281 308 5336 καθ’
338 5277 630 5349 ὁμοίωσιν.
669 5300 689 5334 ι
717 5280 934 5350 Ὅμοιοι
965 5282 1022 5336 δὲ
1063 5282 1156 5336 τοῦ
1191 5283 1326 5339 Θεοῦ
1357 5283 1642 5358 γινόμεθα,
1674 5286 1777 5342 οὐκ

164 5369 477 5434 ἐσθίοντες
526 5371 622 5425 καὶ
669 5372 916 5438 πίνοντες
962 5373 1060 5428 καὶ
1111 5375 1593 5447 περιϐαλλόμενον
1643 5375 1776 5443 Θεὸς

163 5463 291 5536 γὰρ
313 5460 454 5515 οὔτε
484 5462 676 5530 ἐσθίει,
699 5461 823 5517 οὔτε
851 5463 1020 5530 πίνει,
1044 5463 1170 5520 οὔτε
1201 5465 1586 5537 περιϐάλλεται
1602 5483 1615 5496 '
1638 5466 1776 5522 ἀλλὰ

1878 4714 2065 4771 divina
2095 4717 2464 4789 philosophia,
2514 4720 2705 4775 vitium
2761 4719 3058 4792 fugiamus,
3101 4731 3155 4778 et
3201 4725 3458 4780 virtutem

1879 4811 2273 4881 amplexemur.
2298 4811 2434 4866 Nam
2454 4814 2621 4882 quod,
2648 4828 2755 4870 non
2780 4824 2838 4871 ut
2861 4815 3086 4872 edamus
3103 4826 3156 4872 et
3182 4816 3455 4883 bibamus,

1878 4904 1972 4961 sed
2010 4905 2079 4961 ob
2101 4907 2205 4960 alia
2231 4907 2390 4979 longe
2420 4906 2628 4998 majora
2680 4917 2732 4964 et
2767 4911 3148 4980 praestantiora
3191 4912 3245 4967 in
3280 4912 3456 4970 lucem

1877 4999 2008 5056 editi
2059 5001 2256 5066 simus,
2308 5000 2434 5057 audi
2464 5018 2626 5073 quam
2666 5017 2890 5058 causam
2921 5002 3065 5059 Dens
3096 5003 3304 5070 ailerat,
3357 5021 3458 5061 cur

1879 5093 2158 5151 hominem
2191 5095 2517 5151 condiderit.
2563 5096 2699 5153 Cum
2750 5097 2895 5153 enim
2925 5105 3047 5153 eum
3079 5097 3354 5179 fprmavit,
3389 5089 3459 5153 ad

1881 5182 2027 5244 hunc
2050 5188 2269 5244 modum
2299 5189 2516 5246 locutus
2540 5199 2624 5246 est
2656 5207 2673 5246 :
2712 5210 2729 5242 ι
2758 5189 3050 5247 Faciamus
3083 5191 3356 5246 hominem
3388 5191 3459 5247 ad

1882 5282 2173 5354 imaginem
2204 5290 2257 5337 et
2313 5283 2723 5340 similitudinem
2767 5295 3034 5340 nostram.
3071 5302 3088 5336 ι
3133 5284 3241 5338 Deo
3292 5298 3458 5355 porro

1880 5376 2086 5433 similes
2112 5364 2395 5443 ellieiniur,
2426 5391 2534 5431 non
2565 5376 2784 5446 quando
2832 5376 3068 5443 edimus,
3099 5383 3154 5431 et
3194 5375 3455 5439 bibimus,

1882 5477 1935 5527 et
1965 5470 2244 5524 induimur
2280 5467 2446 5540 (Deus
2479 5469 2679 5540 quippe
2721 5483 2823 5524 nec
2862 5452 2994 5532 edit,
3031 5481 3134 5523 nec
3167 5465 3324 5531 bibit,
3359 5482 3459 5522 nec

159 5553 546 5627 δικαιοσύνην
596 5557 914 5622 ἀσκοῦντες,
966 5557 1063 5612 καὶ
1112 5557 1526 5631 φιλανθρωπίαν
1576 5561 1781 5616 ὲπιδει·

161 5651 488 5723 κνύμενοι,
518 5652 747 5722 χρηστοὶ
776 5651 874 5705 καὶ
903 5652 1167 5716 ἐπιεικεῖς
1195 5652 1364 5718 ὅντες,
1386 5655 1513 5718 τοὺς
1551 5655 1780 5726 πλησίον

159 5741 504 5806 ἐλεοῦντες,
529 5741 748 5797 ἃπασαν
776 5743 980 5814 ἀρετὴν
998 5743 1315 5810 διώκοντεςτ
1345 5745 1470 5800 ἐπεὶ
1496 5746 1558 5800 τὸ
1585 5749 1780 5818 φαγεῖν

160 5838 273 5897 καὶ
327 5833 404 5892 τὸ
439 5837 605 5906 πιεῖν,
657 5835 835 5894 κοινὸν
872 5836 1006 5910 πρὸς
1061 5838 1160 5910 τὴν
1202 5838 1311 5895 τῶν
1357 5839 1568 5910 ἀλόγων
1613 5841 1777 5913 φύσιν

1884 5561 2130 5618 vestibus
2160 5563 2375 5628 utitur),
2409 5563 2503 5618 sed
2531 5562 2750 5633 quando
2783 5573 2894 5617 tum
2909 5561 3243 5634 benignitate
3259 5568 3313 5614 et
3340 5575 3459 5615 mo-

1883 5654 2081 5721 dustia,
2102 5666 2212 5712 tum
2235 5657 2609 5711 misericordia
2636 5672 2762 5728 erga
2795 5669 3080 5726 pauperes,
3104 5653 3460 5720 omniumque

1883 5748 2143 5804 virtutum
2178 5748 2359 5806 studio
2407 5748 2678 5820 justitiam
2711 5748 2966 5811 colimus,
3001 5752 3057 5802 et
3103 5743 3459 5800 humanitatis

1883 5843 2160 5916 specimen
2194 5843 2409 5901 damus.
2443 5841 2615 5900 Edere
2646 5839 2915 5915 siquidem
2968 5848 3021 5896 et
3062 5837 3267 5905 bibere,
3301 5833 3460 5894 nobis
