3970 6294
234 389 362 462 ll2l

1533 396 1775 458 SACRA
1813 391 2261 456 PARALLELA

3336 387 3475 456 1122

219 505 384 575 λέγει.
416 503 552 561 Οὔτε
583 505 692 578 γὰρ
737 505 806 562 τὰ
847 505 998 575 δεξιὰ
1051 508 1146 564 καὶ
1184 509 1628 581 περισπούδαστα
1675 511 1795 574 τοῖς

1907 505 1988 577 ius
2013 507 2136 561 vita:
2157 503 2627 577 perturbationem
2653 503 2945 578 intelligat.
2967 499 3104 561 Nam
3140 516 3243 560 nec
3271 517 3360 560 res
3386 519 3475 558 sc-

217 598 432 665 πολλοίς
463 598 527 654 τδ
554 601 712 666 ἑστὸς
735 603 834 656 καὶ
857 601 1088 674 μόνιμον
1109 603 1243 676 ἔχει,
1278 603 1401 659 οὔτε
1428 604 1497 660 τὰ
1529 621 1792 677 περιστα-

218 689 344 745 τικὰ
363 690 473 746 τῶν
494 693 840 764 πραγμάτων
865 696 960 748 καὶ
985 697 1226 766 κατηφῆ,
1247 694 1462 765 παγίως
1482 695 1752 767 ἣδραοται
1773 710 1790 729 ο

219 784 354 840 ἀλλὰ
382 785 560 842 πάντα
590 785 738 861 σάλῳ
764 787 872 841 τινὶ
909 790 1006 842 καὶ
1047 787 1297 853 κλύδωνι,
1327 788 1422 842 καὶ
1469 786 1795 860 μεταϐολαῖς

218 875 500 950 ἀδοκήτοις
549 878 859 934 ὑπόκειται.
907 880 1118 950 Ὠσπερ
1144 878 1261 934 ὀὖν
1317 879 1594 936 θάλασσαν
1647 882 1795 952 ἀμή-

219 987 376 1039 χανον
401 970 501 1042 τὴν
528 971 700 1042 αὐτὴν
731 972 829 1024 έπὶ
867 972 1004 1027 πολὺ
1037 972 1326 1044 διαρκέσαι
1351 987 1370 1004 ⁸
1405 975 1506 1046 τὴν
1536 972 1645 1046 γὰρ
1699 971 1796 1028 νῦν

219 1060 340 1116 λίαν
393 1061 664 1134 σταθερὰν
717 1063 916 1137 μικρὸν
965 1062 1199 1137 ὕστερον
1251 1063 1372 1136 ὄψει
1446 1065 1634 1137 βιαίως
1693 1064 1796 1119 ὑπὸ

219 1153 433 1228 ἀνέμων
491 1155 932 1230 τραχυνομένην,
978 1157 1074 1212 καὶ
1122 1155 1288 1211 πάλιν
1333 1155 1431 1229 τὴν
1487 1156 1795 1231 ἀγριαίνου-

219 1263 341 1310 σαν,
369 1247 466 1302 καὶ
500 1247 880 1321 βρασσομένην
923 1249 1000 1321 τῷ
1043 1248 1297 1316 κλύδωνι,
1341 1249 1533 1323 βαθείᾳ⁸
1584 1249 1797 1323 γαλήνῃ

218 1339 354 1410 ταχὺ
400 1339 825 1412 κατεστόρεσεν·
891 1338 1066 1404 οὕτως
1098 1341 1193 1396 καλ⁵
1236 1340 1306 1396 τὰ
1354 1341 1448 1395 τοῦ
1500 1340 1618 1412 βίου
1654 1342 1796 1412 πρὰ-

217 1446 402 1502 γματα
426 1431 630 1503 ῥᾳδίως
652 1431 923 1504 λαμϐάνει
953 1433 1321 1504 περιστροφὰς
1347 1433 1432 1502 ἐφ’
1465 1432 1722 1506 ἑκάτερα.

286 1611 455 1666 Odoin!
491 1611 599 1667 τῶν
648 1613 1006 1686 ἀνθρωπίνων
1033 1613 1272 1686 βέϐαιον,
1303 1613 1423 1667 οὐδὲ
1463 1617 1543 1678 είς
1570 1611 1632 1667 τὸ
1661 1632 1796 1669 παν-

216 1703 368 1770 τελὲς
398 1706 738 1778 παραμένειν
761 1708 876 1771 τοῖς
903 1705 1272 1779 κτησαμένοις
1307 1706 1576 1776 πέφυκεν.

1891 598 2090 654 cundm
2109 641 2126 666 ,
2155 607 2211 653 et
2239 613 2362 668 qua
2392 596 2552 652 multi
2583 612 2798 655 summe
2827 595 3181 662 desiderant,
3208 603 3473 651 constan-

1895 691 1972 747 tia
2007 698 2141 748 sunt
2168 708 2183 747 :
2211 706 2314 746 nec
2344 705 2564 747 rursum
2600 689 2848 746 adversa:
2879 697 2934 746 et
2966 689 3250 755 molestae,
3301 687 3476 744 ﬁrmis

1895 783 2183 840 radicibus
2211 781 2443 838 deﬁxae:
2480 797 2672 838 verum
2719 783 2907 838 omnia
2955 781 3216 838 ﬂuctibus
3249 782 3478 855 quihus-

1895 875 2023 931 dam
2057 883 2111 930 ct
2146 873 2400 941 turbini,
2451 889 2666 930 necnon
2714 875 3016 948 ittOpinatis
3072 875 3476 931 mutationibus

1893 977 2024 1026 sunt
2049 969 2311 1025 obnoxia.
2340 966 2498 1024 Velut
2523 969 2689 1040 igitur
2714 968 2829 1023 fieri
2864 983 2973 1022 non
3003 974 3205 1037 potest,
3230 974 3289 1021 ut
3320 981 3477 1024 mare

1896 1068 2099 1119 statum
2131 1061 2386 1117 eumdem
2414 1060 2507 1116 diu
2544 1061 2782 1117 retineat
2812 1060 2980 1130 (nam
3015 1060 3164 1130 quod
3199 1072 3344 1114 nunc
3373 1056 3476 1112 ad-

1896 1156 2121 1212 modum
2155 1154 2379 1226 planum
2422 1163 2540 1221 est,
2588 1153 2646 1209 id
2687 1154 2974 1225 aliquanto
3018 1160 3143 1224 post
3187 1159 3474 1209 ventorum

1893 1247 2098 1318 impetu
2127 1252 2518 1316 exasperatum
2540 1259 2736 1300 cernes
2762 1262 2777 1298 :
2806 1258 2869 1299 ac
2895 1258 3117 1299 rursum
3162 1242 3311 1313 quod
3346 1255 3479 1297 exa-

1899 1349 2207 1411 speratum,
2239 1354 2304 1394 ac
2331 1337 2554 1393 turbine
2579 1336 2871 1407 jactatum,
2908 1335 3012 1392 hoc
3040 1335 3150 1389 alta
3183 1333 3477 1390 confestim

1896 1433 2272 1503 tranquillitas
2301 1429 2499 1503 sedat)
2528 1449 2542 1485 :
2569 1429 2686 1501 pari
2717 1428 2934 1485 ratione
2962 1426 3127 1499 hujus
3152 1428 3279 1484 vitae
3305 1441 3396 1484 res
3419 1426 3478 1482 in

1899 1533 2192 1596 utramque
2222 1532 2432 1595 partem
2466 1522 2629 1578 facile
2659 1527 2965 1577 mutantur.

1969 1615 2160 1687 Ejusd.
2191 1616 2338 1672 Irata.
2371 1614 2449 1670 De
2477 1624 2616 1671 orat.
2648 1615 2880 1670 actione.
2912 1643 2984 1656 -—
3011 1611 3165 1670 Nihil
3205 1612 3260 1668 in
3305 1611 3478 1671 rebus

1898 1710 2155 1768 humanis
2181 1718 2397 1767 certqu
2428 1719 2481 1766 et
2510 1708 2727 1766 ﬁrmum
2754 1717 2839 1765 est
2860 1747 2878 1776 ,
2909 1723 3014 1765 nec
3053 1707 3123 1764 ad
3167 1715 3476 1764 extremum

1899 1818 2077 1874 usque
2100 1802 2360 1860 dominos
2388 1818 2522 1860 suos
2550 1802 2877 1859 comitatur.

286 1896 370 1949 Τὰ
394 1894 709 1967 ἀνθρώπινα
754 1894 1146 1979 ταῦτα-σκιᾶς
1199 1895 1348 1949 ἔστιν
1395 1892 1786 1968 ἀδρανέστερα,

1971 1895 2165 1968 ΕῙιιιᾶ.
2201 1897 2357 1968 epist.
2395 1896 2484 1952 42.
2511 1925 2584 1937 --
2609 1894 2864 1952 llumana
2915 1895 3030 1950 haec
3063 1892 3276 1951 umbris
3307 1892 3481 1950 imbe-

217 1988 312 2042 καὶ
343 1987 570 2059 ὀνείρων
601 1987 1018 2061 ἀπατηλότεραο
1047 1989 1159 2043 εἴτε
1187 1985 1298 2060 γὰρ
1337 1987 1528 2058 νεότης
1560 1985 1794 2058 ἐαρινῶν

1907 1991 2112 2049 ciiliora
2147 1999 2314 2056 sunt,
2340 1988 2574 2046 somniis
2607 1988 2914 2042 fallaciora.
2962 1987 3101 2041 Nam
3133 1995 3190 2043 et
3213 1986 3479 2058 juvenilis

219 2079 396 2134 ἀνθῶν
453 2078 713 2155 ὀξύτερον
767 2083 1058 2155 καταρρεῖ,
1111 2083 1208 2138 καὶ
1265 2079 1386 2152 ὥρα
1449 2080 1792 2154 σώματος,ἢ

218 2171 412 2245 χρόνῳ,
463 2171 498 2245 ἦ
543 2173 684 2245 νόσῳ
734 2175 1079 2248 μαραίνεται.
1119 2174 1231 2229 Καὶ
1263 2173 1490 2238 πλοῦτος
1536 2172 1636 2245 μὲν
1671 2173 1797 2227 ἄπι-

1895 2095 2031 2141 mlas
2063 2082 2248 2138 vernis
2279 2081 2510 2137 ﬁoribus
2557 2079 2826 2147 celerius,
2853 2078 3081 2146 deﬁnit,
3121 2087 3178 2135 et
3224 2078 3479 2150 corporis

1896 2173 2276 2247 pulchritudo,
2303 2173 2389 2230 vel
2415 2182 2701 2242 tempore,
2716 2172 2801 2226 vel
2832 2173 3024 2227 morbo
3058 2172 3370 2227 marcescit.
3402 2173 3480 2226 Ac

218 2281 364 2330 στος,
393 2264 519 2333 δόξα
541 2265 597 2321 δὲ
621 2266 1071 2339 εὐπερίτρεπτος,
1106 2267 1166 2322 αῖ
1185 2285 1245 2321 τε
1272 2267 1424 2340 παρὰ
1465 2266 1565 2332 τὰς
1601 2267 1796 2338 τέχνας

1907 2268 2104 2324 divitiae
2149 2266 2373 2339 quidem
2425 2264 2609 2320 infida:
2660 2273 2834 2321 sunt:
2883 2263 3059 2335 gloria
3097 2272 3280 2320 autem
3323 2264 3482 2320 facile

215 2357 564 2430 διαπονήσεις
585 2357 663 2430 τῷ
689 2361 867 2432 χρόνῳ
888 2359 1063 2432 τούτῳ
1094 2357 1508 2431 ἀπαρτίζονται,
1543 2357 1681 2413 ἀλλὰ
1700 2360 1797 2413 καὶ

215 2451 276 2506 τὸ
303 2451 774 2525 περισπούδαστον
821 2452 1047 2522 ἅπασιν,
1095 2452 1266 2522 ὀλίγοι
1320 2453 1450 2527 ἄχρι
1496 2451 1666 2524 ἀκοῆς
1697 2449 1796 2525 τὴν

216 2546 378 2620 χάριν
411 2545 536 2618 ἔχου
544 2562 650 2606 σιν.

284 2638 514 2711 Πλούτῳ
554 2640 759 2710 κομᾷςς
793 2636 888 2693 καὶ
925 2638 1020 2693 επὶ
1067 2635 1357 2710 προγόνοις
1385 2637 1528 2710 μέγα
1556 2637 1796 2710 φρονεῖς,

217 2733 311 2786 καὶ
341 2731 629 2804 ὲπαγάλλῃ
659 2730 898 2802 πατρίδι,
919 2730 1016 2786 καὶ
1035 2730 1222 2786 κάλλει
1253 2729 1528 2802 σώματος,
1553 2730 1653 2786 καὶ
1676 2731 1799 2795 ταῖς

217 2821 368 2897 παρὰ
397 2822 619 2877 πάντων
657 2824 872 2893 τιμαῖςς
925 2816 1158 2893 πρόσεχε
1203 2819 1436 2893 σεαυτῷ,
1476 2820 1560 2876 δτι
1606 2818 1799 2893 θνητὸς

218 2910 288 2984 εί,
315 2917 412 2969 καὶ
435 2917 515 2981 εἰς
547 2917 650 2988 γῆν
680 2913 975 2986 ἀπελεύσῃ.
1008 2914 1343 2986 Περίϐλεψαι
1387 2913 1516 2979 τοὺς
1540 2913 1660 2985 Δπρὸ
1702 2911 1799 2967 σοῦ

215 3012 276 3064 έν
301 3012 424 3074 ταῖς
451 3007 668 3080 ὁμοίαις
714 3008 1097 3080 περιφανείαις
1147 3007 1554 3074 έξετασθέντας.
1596 3008 1707 3062 Ποῦ
1748 3007 1801 3065 οί

213 3105 296 3168 είς
332 3103 436 3168 τὰς
479 3102 764 3167 πολιτικὰς
809 3101 1128 3165 δυναστείας
1172 3100 1658 3175 περιϐεϐλημένοις
1695 3101 1800 3157 ποῦ

216 3197 262 3249 oi
312 3193 729 3266 δυσμαχώτατοι
782 3193 1049 3267 ῥητορεςς
1093 3191 1194 3247 ποῦ
1249 3194 1296 3246 οἱ
1328 3192 1433 3258 τὰς
1462 3193 1803 3266 πανηγύρεις

216 3264 584 3354 διατιθέντεςς
614 3286 664 3341 oi
692 3264 936 3358 λαμπροὶ
971 3285 1300 3356 ίπποφόροις
1327 3285 1376 3339 ot
1398 3264 1801 3358 στρατηγοίςοί
1829 3264 1873 3327 c

219 3379 541 3450 σατράπαι;
572 3380 619 3434 οί
641 3379 936 3450 τύραννοις
979 3378 1041 3432 οὐ
1090 3378 1270 3433 πάντα
1305 3378 1491 3444 κόνις,
1520 3377 1584 3433 οὐ
1617 3378 1798 3432 πάντα

222 3471 425 3544 μῦθος;
447 3472 549 3526 οὐκ
565 3472 622 3525 ἐν
641 3471 845 3541 ὀλίγοις
863 3471 1073 3538 ὀστέοις
1096 3471 1166 3525 τὰ
1187 3471 1516 3543 μνημόσυνα
1535 3469 1636 3541 τῆς
1653 3470 1800 3542 ζωῆς

220 3564 436 3632 αὑτῶν’;
466 3564 703 3637 ἔγκυψον
726 3566 841 3630 τοῖς
863 3566 1073 3635 τάφοις,
1097 3566 1144 3619 εί
1169 3565 1374 3638 δυνήσῃ
1389 3565 1686 3639 διακρῖναι,
1715 3563 1800 3631 τίς

216 3659 246 3711 ὁ
274 3658 519 3729 οἰκέτης,
550 3658 644 3712 καὶ
671 3656 756 3722 τίς
782 3657 1097 3733 όδεσπότης
1129 3673 1144 3688 ⁸
1173 3657 1256 3722 τίς
1284 3657 1313 3712 ό
1336 3658 1573 3729 πτωχὸς,
1598 3657 1694 3712 καὶ
1715 3658 1800 3722 τίς

217 3751 247 3830 ό
285 3751 566 3814 πλούσιος.
621 3751 931 3827 Διάκρινον,
969 3751 1022 3806 εί
1063 3756 1148 3818 τίς
1179 3769 1261 3807 σοι
1299 3751 1547 3822 δύναμις,
1585 3751 1675 3806 τὸν
1713 3751 1801 3806 δέ-

223 3859 383 3913 σμιον
427 3842 536 3896 ἀπὸ
571 3841 666 3895 τοῦ
703 3841 996 3912 βασιλέως,
1029 3842 1123 3894 τὸν
1176 3839 1394 3912 ἰσχυρὸν
1428 3839 1537 3894 ἀπὸ
1571 3838 1665 3894 τοῦ
1697 3841 1798 3894 ἀσ-

221 3934 429 4000 θενοῦς,
457 3933 552 3990 τὸν
573 3934 826 4007 εὐπρεπῆ
857 3933 965 3988 ἀπὸ
981 3932 1076 3989 τοῦ
1104 3933 1400 4000 δυσειδοῦς.
1431 3931 1798 4007 Μεμνημένος

219 4021 314 4080 οὖν
339 4030 441 4099 τῆς
469 4027 701 4096 φύσεως,
729 4027 833 4081 οὐκ
856 4025 1143 4101 ὲπαρθήσῃ
1170 4027 1320 4082 ποτέ.

1897 2363 2097 2420 labilis.
2129 2362 2346 2417 Artium
2379 2377 2548 2434 porro
2576 2359 2761 2418 studia
2793 2376 2903 2416 una
2937 2377 3063 2416 cum
3097 2360 3203 2416 hoc
3235 2369 3482 2431 tempore

1896 2455 2184 2512 finiuntur.
2220 2455 2342 2525 ipsa
2372 2470 2589 2526 quoque
2615 2452 2930 2523 eloquentia
2954 2493 2969 2516 ,
3000 2468 3162 2522 quam
3194 2462 3485 2526 tantopere

1898 2565 2093 2606 omnes
2120 2556 2420 2621 expetunt,
2453 2565 2620 2604 aures
2649 2549 2916 2603 duntaxat
2950 2550 3176 2604 mulcet.

1969 2638 2162 2712 Ejud.
2191 2641 2336 2695 hom.
2365 2640 2418 2695 in
2447 2639 2581 2693 illud
2602 2653 2622 2694 :
2645 2658 2664 2690 ι
2691 2637 2912 2692 Attende
2945 2637 3040 2691 tibi
3061 2638 3186 2706 ipsi.
3217 2656 3236 2691 ι
3262 2667 3334 2680 --
3353 2637 3484 2710 Opi-

1899 2734 2004 2793 bus
2026 2731 2460 2790 circumaﬁluisi
2481 2732 2552 2788 ob
2579 2730 2820 2802 majores
2845 2739 2971 2786 tuos
2999 2730 3293 2802 magnifice
3319 2731 3484 2802 320

1898 2827 2078 2885 sentis
2096 2827 2124 2880 ?
2145 2841 2213 2883 ac
2242 2834 2473 2902 propter
2497 2826 2692 2896 patrue
2721 2824 3112 2896 splendorem,
3146 2832 3201 2880 et
3231 2826 3482 2895 corporis

1899 2917 2369 2994 pulchritudinem
2391 2957 2406 2984 ,
2441 2917 2795 2987 honoresque
2830 2917 2955 2972 illos
2989 2917 3085 2987 qui
3123 2915 3192 2972 ab
3219 2918 3482 2972 omnibus

1895 3012 1958 3071 in
1995 3021 2055 3068 te.
2086 3018 2486 3082 congeruntur,
2534 3009 2748 3066 attollis
2800 3008 3066 3066 animos?
3106 3009 3341 3065 Attende
3382 3009 3482 3066 tibi

1900 3102 2043 3176 ipsi,
2087 3103 2234 3172 quod
2283 3116 2479 3171 nempe
2525 3098 2780 3155 mortalis
2826 3100 2944 3165 sis,
2984 3107 3038 3156 et
3071 3098 3124 3153 in
3162 3109 3365 3154 terram
3397 3115 3488 3156 re-

1904 3190 2189 3252 versurus.
2230 3190 2611 3262 Circumspice
2649 3192 2776 3247 illos
2807 3191 2902 3262 qui
2937 3199 3065 3247 ante
3098 3199 3150 3246 te
3190 3191 3383 3247 iisdem
3423 3193 3482 3248 in

1905 3287 2298 3361 splenderibus
2329 3285 2683 3342 exstiterunt.
2735 3284 2838 3340 Ubi
2885 3294 3049 3354 sunt,
3090 3284 3185 3354 qui
3239 3285 3485 3354 potentia

1899 3390 1959 3438 et
1987 3379 2320 3437 auctoritate
2349 3376 2404 3432 in
2437 3377 2720 3448 republica
2747 3376 3090 3432 ﬂoruerunt?
3111 3375 3203 3431 ubi
3235 3375 3487 3434 invictis-

1903 3474 2031 3531 simi
2056 3470 2347 3528 oratorest
2377 3470 2468 3526 ubi
2495 3470 2590 3541 qui
2618 3469 2870 3540 publicos
2897 3477 3208 3526 conventus
3239 3469 3485 3528 instrue-

1902 3565 2075 3624 bant?
2124 3565 2213 3622 ubi
2254 3563 2501 3621 illustres
2537 3563 2618 3619 illi
2665 3563 2992 3619 alendorum
3045 3579 3316 3634 equorum
3363 3576 3478 3622 stu-

1905 3654 2096 3713 diosi?
2130 3656 2222 3712 ubi
2253 3655 2542 3726 copiarum
2584 3654 2907 3708 militarium
2949 3652 3152 3719 duces,
3203 3665 3441 3726 satrapa:
3464 3695 3483 3723 ,

1901 3750 2168 3823 tyranni?
2191 3763 2374 3804 nonne
2396 3746 2582 3803 omnia
2607 3746 2812 3817 pulvis,
2839 3747 3024 3801 omnia
3055 3746 3279 3802 fabula?
3303 3764 3485 3805 nonne

1901 3843 2066 3914 pauci
2112 3842 2338 3900 ossibus
2388 3841 2514 3897 vitae
2551 3855 2749 3897 eorum
2783 3851 3146 3896 monumenta
3185 3843 3485 3898 constant?

1899 3935 2113 4006 Inspice
2147 3936 2425 4006 sepulcra,
2454 3949 2524 3988 an
2551 3932 2868 3989 discernere
2895 3949 3086 4004 queas,
3114 3936 3236 4004 quis
3265 3951 3485 4000 servus,

1898 4030 2027 4101 quis
2066 4029 2354 4093 dominus,
2385 4028 2512 4100 quis
2545 4040 2773 4099 pauper,
2803 4027 2931 4097 quis
2963 4026 3138 4083 dives.
3173 4027 3486 4100 Distingue,

217 4121 266 4174 si
299 4131 485 4191 potes,
517 4119 760 4175 vinctqu
791 4135 821 4173 τι
847 4135 996 4191 rege,
1023 4119 1223 4175 fortem
1256 4120 1327 4177 ab
1357 4118 1619 4176 imbecilli
1643 4159 1659 4186 ,
1687 4117 1977 4190 pulchrum
2003 4139 2034 4178 a
2058 4122 2318 4179 deformi.
2347 4119 2707 4192 Nequaquam
2735 4133 2867 4192 ergo
2894 4118 3040 4175 elato
3104 4120 3216 4176 eris
3277 4121 3484 4189 animo,

221 4215 269 4268 si
300 4223 556 4268 naturam
588 4213 646 4268 in
678 4214 941 4269 memoria
971 4213 1200 4269 habeas.

288 4308 352 4362 Οἱ
384 4308 659 4381 ἂνθρωποι
682 4311 800 4373 ταῖς
831 4308 1080 4378 νεφέλαις
1107 4307 1370 4372 ἐοίκασιν,
1400 4309 1536 4382 πρδς
1566 4307 1665 4371 τὰς
1686 4307 1796 4362 τῶν

220 4401 550 4471 τωευμὰτων
591 4401 893 4472 μεταϐολὰς
936 4400 1122 4456 ἄλλοτε
1164 4401 1282 4456 κατ’
1315 4401 1443 4456 ἄλλο
1481 4400 1648 4476 μέρος
1700 4400 1794 4455 τοῦ

219 4493 380 4562 ἀέρος
402 4495 825 4566 ὲμφερομέναις.
1225 4565 1228 4567 _

290 4586 457 4640 Φύσει
507 4588 606 4658 μὲν
649 4588 804 4642 οὐδὲν
850 4587 959 4642 τῶν
999 4587 1357 4660 ἀνθρωπίνων
1391 4586 1629 4659 βέϐαιον,
1683 4588 1800 4642 οὐδὲ

219 4679 446 4751 ὁμαλὸν,
482 4681 601 4735 οὐδὲ
659 4681 953 4755 αὔταρκες,
987 4682 1106 4737 οὐδὲ
1155 4683 1247 4737 ἐπὶ
1287 4683 1394 4736 τῶν
1439 4683 1616 4738 αὐτῶν
1651 4684 1800 4738 ἱστά-

225 4788 424 4841 μενονο
458 4771 594 4828 ἀλλὰ
623 4773 818 4839 κύκλος
863 4792 944 4838 τις
1000 4775 1107 4830 τῶν
1156 4776 1442 4846 ἡμετέρων
1485 4774 1800 4846 περιτρέχει

222 4864 587 4935 πραγμάτων,
636 4863 825 4918 ἄλλοτε
875 4865 1042 4929 ἄλλας
1088 4865 1181 4918 ἐπὶ
1225 4866 1353 4935 μιᾶς
1402 4864 1617 4937 ἡμέρας
1671 4863 1801 4918 πολ-

221 4955 399 5022 λάκις,
433 4956 545 5010 ἔστι
579 4957 634 5009 δὲ
664 4957 751 5010 ὅτε
792 4959 886 5011 καὶ
928 4957 1078 5028 ὥρας
1120 4957 1298 5030 φέρων
1345 4956 1672 5026 μεταϐολὰς,
1709 4957 1802 5011 καὶ

223 5049 420 5123 αὔραις
473 5051 673 5121 μᾶλλον
719 5053 993 5104 πιστεύειν
1047 5051 1208 5104 αὑτὸν
1253 5049 1401 5102 ἐστιν
1449 5049 1547 5120 οὐχ
1583 5049 1803 5120 ισταμέ-

221 5161 361 5210 ναις,
413 5144 510 5198 καὶ
562 5143 688 5215 νηὸς
732 5145 1174 5213 ποντοπορούσης
1220 5143 1413 5213 ίχνεσι,
1467 5144 1562 5196 καὶ
1610 5141 1802 5206 νυκτὸς

224 5233 524 5307 ἀπατηλοῖς
560 5235 822 5307 ὀνείρασι,
872 5227 945 5288 ὧν
989 5234 1125 5307 πρὸς
1173 5234 1354 5302 ὀλίγον
1401 5234 1434 5304 ἡ
1480 5233 1658 5304 χάρις,
1709 5232 1802 5287 καὶ

225 5329 364 5384 κατὰ
391 5329 706 5401 ψαμμὰθων
736 5329 922 5394 παῖδες
944 5328 1172 5383 τυποῦσι
1202 5329 1508 5393 παίζοντες,
1537 5329 1569 5398 ἢ
1592 5327 1803 5399 ἀνθρὼ-

226 5439 342 5476 πων
364 5422 654 5494 εὐημερίᾳ.

298 5603 378 5657 Τὰ
432 5604 530 5675 μὶν
575 5605 684 5678 γάρ
733 5606 850 5659 ἐστι
907 5605 1112 5676 ῥευστὰ
1169 5604 1264 5657 καὶ
1315 5603 1644 5675 πρόοκαιρα,
1705 5602 1804 5656 καὶ

227 5695 416 5766 ὥσπερ
443 5698 500 5749 ὲν
530 5697 715 5769 παιδιᾲ
746 5697 964 5768 ψήφων,
1009 5697 1197 5751 ἄλλοτε
1254 5697 1332 5758 είς
1373 5695 1564 5760 ἄλλους
1597 5697 1802 5767 μεταρ-

231 5788 594 5862 ριπτούμεναο
621 5793 718 5846 καὶ
757 5791 911 5844 οὐδὲν
961 5788 1133 5851 οὕτως
1163 5787 1257 5842 τοῦ
1295 5787 1616 5859 κατέχοντος
1650 5788 1798 5853 ίδιυν,

228 5879 308 5948 ὡς
339 5882 374 5955 ἢ
406 5882 483 5959 μὴ
525 5885 702 5958 χρόνῳ
735 5885 1066 5956 παυσθῆναι,
1106 5883 1140 5956 ἢ
1187 5883 1365 5967 φθόνῳ
1413 5881 1798 5956 μετατεθῆναι.

1976 4304 2149 4377 Epist.
2175 4305 2264 4363 82.
2293 4334 2354 4350 --
2384 4304 2642 4360 llomiues
2671 4301 2909 4359 nubibus
2935 4299 3145 4356 similes
3175 4310 3332 4366 sunt,
3365 4317 3486 4372 qua:

1902 4421 2004 4477 pro
2034 4403 2158 4459 aliis
2188 4414 2351 4472 atque
2379 4399 2503 4455 aliis
2530 4397 2706 4455 ventis
2729 4436 2745 4461 ,
2775 4411 2923 4450 nunc
2954 4394 3012 4450 in
3040 4395 3214 4463 banc,
3247 4411 3393 4450 nunc
3429 4397 3484 4450 in

1902 4499 2053 4553 illam
2086 4494 2233 4551 aeris
2268 4493 2545 4561 regionem
2582 4490 2857 4546 feruntur.

1975 4591 2120 4645 Naz.
2158 4596 2294 4643 orat.
2325 4586 2418 4642 25.
2445 4615 2516 4628 --
2538 4582 2687 4639 Nihil
2720 4582 2778 4637 in
2811 4581 2975 4637 rebus
3001 4579 3261 4637 humanis
3291 4591 3485 4651 suapte

1901 4693 2101 4741 natura
2128 4682 2344 4737 ﬁrmum
2367 4717 2384 4745 ,
2409 4675 2679 4750 aequabile
2700 4689 2765 4730 ac
2787 4673 3035 4728 durabile
3056 4680 3140 4728 est
3160 4715 3173 4738 ,
3201 4687 3300 4727 nec
3323 4673 3485 4743 quid-

1905 4794 2070 4850 quam
2098 4778 2154 4832 iu
2178 4775 2370 4831 eodem
2401 4779 2548 4828 statu
2579 4774 2903 4824 constanter
2931 4773 3147 4821 manet:
3176 4780 3362 4819 verum
3398 4779 3485 4820 res

1904 4881 2110 4928 nostrae
2139 4867 2288 4924 velut
2318 4879 2452 4938 gyro
2479 4861 2718 4933 quodam
2753 4859 3066 4922 volvuntur,
3099 4865 3158 4912 ut
3185 4858 3322 4914 alias
3348 4867 3486 4911 tem-

1902 4979 2010 5034 pus
2041 4959 2194 5016 aliud
2216 4998 2230 5023 ,
2263 4972 2328 5012 ac
2362 4970 2506 5024 saepe
2541 4969 2686 5007 unus
2724 4950 2982 5021 idemque
3014 4950 3162 5016 dies,
3197 4949 3280 5004 vel
3317 4949 3483 5004 etiam

1905 5068 2014 5108 una
2050 5049 2325 5106 interdum
2361 5047 2492 5101 hora
2514 5087 2531 5113 ,
2566 5043 2906 5098 mutationes
2937 5039 3127 5096 afferat
3165 5058 3178 5096 :
3212 5047 3377 5110 atque
3409 5038 3487 5093 ita

1907 5153 1966 5200 ut
1996 5142 2228 5199 incertis
2271 5138 2450 5195 ventis
2471 5177 2486 5204 ,
2529 5144 2584 5192 et
2619 5134 2775 5191 navis
2809 5148 2956 5189 mare
2989 5131 3366 5204 percurrentis
3396 5147 3486 5186 ve-

1905 5236 2121 5308 stigiis,
2158 5231 2564 5300 fallacibusque
2603 5227 2786 5284 noctis
2821 5225 3153 5291 insomniis,
3183 5239 3247 5280 ex
3284 5223 3484 5296 quibus

1904 5328 2161 5398 voluptas
2189 5323 2372 5380 brevis
2396 5322 2633 5394 capitur,
2658 5319 2835 5388 iisque
2858 5319 3077 5373 demum
3110 5316 3320 5388 figuris,
3346 5333 3484 5387 quas

1905 5415 2063 5485 pueri
2097 5429 2194 5485 per
2221 5411 2412 5467 ludum
2443 5411 2498 5466 in
2531 5407 2695 5464 arena
2726 5406 3084 5475 describunt,
3110 5407 3317 5464 certior
3347 5407 3482 5463 ﬁdes

1903 5508 2095 5564 haheri
2129 5506 2342 5580 possit,
2376 5520 2539 5576 quam
2573 5503 2860 5558 hominum
2892 5499 3164 5557 felicitati.

1978 5600 2123 5654 Ibid.
2146 5631 2215 5642 -—
2240 5598 2350 5655 Res
2382 5597 2656 5669 siquidem
2691 5594 2815 5651 vitae
2847 5593 3015 5663 hujus
3053 5593 3213 5648 ﬂuxae
3256 5601 3385 5649 sunt
3427 5601 3482 5649 et

1904 5693 2128 5748 caduca:
2148 5733 2163 5755 ,
2191 5696 2246 5745 et
2278 5687 2422 5744 velut
2457 5687 2514 5742 in
2541 5684 2882 5742 calculorum
2909 5679 3060 5748 ludo,
3089 5698 3236 5737 nunc
3264 5682 3326 5737 ad
3355 5681 3478 5746 hos,

1910 5800 2058 5842 IlllllC
2091 5784 2159 5839 ad
2195 5784 2323 5839 illos
2364 5779 2607 5837 vicissim
2641 5778 3023 5834 volvunturzut
3051 5789 3150 5830 nec
3182 5773 3480 5845 quidquam

1909 5877 1985 5932 ita
2010 5872 2353 5947 possidentis
2375 5870 2658 5944 proprium
2687 5868 2782 5935 sit,
2811 5867 2944 5939 quin
2969 5870 3051 5922 vel
3075 5866 3337 5937 temporis
3358 5866 3479 5922 lon-

1912 5966 2220 6041 ginquitate
2253 5965 2494 6038 ﬁniatur,
2531 5962 2614 6022 vel
2651 5961 2856 6021 invidia
2890 5959 3280 6022 transferatur.
