3970 6294
270 379 406 450 1125

1606 378 1845 442 SACRA
1884 377 2320 440 PARAILELA

3394 381 3534 448 1196

334 502 495 573 Οἴμοι
542 498 732 555 τούτου
787 498 879 554 τοῦ
916 497 1033 569 βίου
1085 492 1310 567 βλάϐαις
1360 493 1840 565 ὲπιμηκεστέρου’

1967 569 1973 573 ¹
2022 488 2212 561 Ejusd.
2238 507 2384 544 carm
2417 489 2481 546 de
2507 498 2615 547 eat.
2644 489 2788 545 Iterat.
2824 489 3053 548 vilitate.
3085 521 3139 535 --
3187 492 3333 549 Proh
3359 495 3530 551 vitam

264 600 366 663 ἓως
400 597 542 663 τίνος
566 597 758 671 κόπρῳ
786 591 1267 667 παρακαθέζομαις

333 784 431 850 Τίς
463 783 607 856 βίοςς
634 782 764 838 ποία
782 778 926 852 ζωής
961 778 1025 832 ὲκ
1058 775 1229 848 τάφου
1258 775 1529 849 πηδήσας,
1565 771 1657 827 ἐπὶ
1682 768 1849 839 τάφον

267 881 427 937 πάλιν
473 878 705 934 ὁδεύων·
739 877 804 930 ὲκ
830 875 888 929 δὲ
921 871 1016 930 τοῦ
1083 873 1257 942 τάφου
1294 870 1458 927 πάλιν
1501 871 1561 925 ἓν
1591 867 1727 940 πυρὶ
1755 866 1844 922 θά·

265 991 473 1047 πτομαι
497 970 810 1040 ἀποτόμως.
838 966 980 1022 Αὐτὸ
1001 965 1059 1021 δὶ
1101 964 1261 1020 τοῦτο
1287 963 1411 1020 ὅσον
1437 959 1712 1024 ἀναπνέω,
1753 975 1850 1012 πο-

263 1067 437 1142 ταμοῦ
468 1068 584 1124 ἐστι
614 1062 743 1138 ῥοῦς
769 1063 1076 1135 τρέχοντος,
1109 1059 1195 1114 ἀεὶ
1219 1056 1599 1130 ἀπερχομένου
1633 1053 1732 1108 καὶ
1764 1054 1848 1121 lip-

263 1163 492 1237 χομένου
514 1161 578 1214 εκ
599 1157 708 1213 τῶν
731 1155 933 1219 ὀπίσω,
968 1152 1130 1207 πάλιν
1154 1151 1373 1223 βέϐαιον
1397 1149 1561 1222 μηδὲν
1582 1145 1847 1220 ἔχοντοςῆ

262 1255 546 1330 φέροντος·
577 1251 700 1306 ὅσον
736 1248 885 1312 κόνις
925 1245 1220 1318 ὀφθαλμοῖς
1255 1243 1670 1308 ὲπιπάσσουσα,
1700 1241 1849 1301 ὅπως

261 1348 330 1404 ἂν
387 1345 484 1402 τοῦ
535 1340 674 1399 Θεοῦ
722 1341 912 1414 πόρρω
966 1338 1141 1394 πέσω.
1169 1335 1434 1408 Παίγνιόν
1494 1337 1645 1390 ἔστιν
1689 1336 1720 1390 ό
1751 1332 1849 1389 ἀν-

263 1440 294 1493 θ
299 1453 508 1512 ρωπος.
982 1440 995 1461 ‘

345 1526 632 1597 ’Δλλήλους
663 1523 762 1597 μὶν
791 1521 888 1576 καὶ
915 1518 1046 1590 ἐγὼ,
1077 1519 1172 1575 καὶ
1205 1520 1233 1573 ό
1281 1518 1495 1592 χρόνος,
1524 1513 1598 1583 ὡς
1633 1514 1784 1589 ὅρνις
1812 1516 1846 1590 ἢ

266 1625 342 1691 ὡς
379 1623 539 1678 πλοῖα
598 1621 657 1675 ἐν
708 1618 938 1687 πελάγει
1003 1613 1574 1688 ἀντιπαρατρέχομεν,
1627 1609 1846 1681 βέϐαιον

264 1720 414 1776 οὐδὲν
468 1716 703 1790 ιχοντες.
759 1711 940 1784 Ὅπερ
981 1710 1039 1766 δὲ
1077 1709 1351 1784 ἥμαρτον,
1384 1705 1445 1763 ού
1488 1703 1846 1779 παρατρέχει,

264 1817 402 1875 ἀλλά
427 1811 737 1890 παραμένει
759 1811 830 1884 τῇ
859 1807 997 1882 ζωῇ.

345 1991 405 2048 '0
437 1989 715 2063 περίγειος
763 1985 939 2060 χῶρος
971 1984 1082 2046 τῶν
1108 1981 1461 2057 τρεπομένων
1488 1979 1585 2036 καὶ
1606 1977 1846 2036 ἀλλοιουο

268 2084 449 2159 μένων
483 2083 653 2139 ἐστίν.

348 2178 483 2248 Ἀεὶ,
512 2175 749 2250 μάλιστα
772 2175 830 2230 δὲ
854 2173 951 2229 νῦν
981 2172 1238 2244 εὔκαιρον
1253 2172 1450 2227 είπεῖνθ
1479 2189 1499 2226 ι
1531 2169 1844 2242 Ματαιότης

268 2269 668 2344 ματαιοτήτων,
697 2267 770 2323 τὰ
796 2266 976 2323 πάντα
1005 2263 1324 2338 ματαιότης.
1359 2281 1378 2314 ι
1416 2261 1527 2318 Ποῦ
1556 2262 1588 2333 ἠ
1618 2261 1846 2334 λαμπρά

264 2365 365 2437 τῆς
413 2361 676 2427 ύπατείας
721 2357 1025 2434 περιϐολῆς
1078 2357 1182 2412 ποῦ
1229 2357 1286 2412 δὲ
1331 2355 1388 2411 αί
1432 2354 1657 2426 φαιδραὶ
1699 2354 1844 2426 λαμ-

264 2457 463 2525 πάδεςς
487 2455 590 2512 ποῦ
608 2455 663 2512 δὲ
690 2455 741 2509 oi
775 2453 981 2524 κρότοι,
1011 2451 1108 2508 καὶ
1135 2451 1186 2505 oi
1211 2449 1383 2524 χοροὶ,
1410 2449 1502 2503 καὶ
1532 2448 1590 2502 αἱ
1615 2447 1843 2509 θαλεῖαι.

263 2547 365 2605 καὶ
385 2547 442 2602 αἱ
467 2543 842 2618 πανηγύρεις;
865 2539 969 2595 ποῦ
1009 2539 1068 2594 δὲ
1112 2540 1163 2594 οί
1207 2539 1486 2609 στέφανοι,
1520 2535 1613 2591 καὶ
1647 2536 1715 2590 τὰ
1741 2551 1847 2590 πα-

269 2639 712 2714 ραπετάσματα;
748 2633 850 2690 ποῦ
881 2634 938 2689 δὲ
967 2635 1068 2707 τῆς
1095 2631 1304 2695 πόλεως
1331 2632 1360 2685 ὁ
1389 2628 1638 2704 θόρυϐος.
1666 2628 1760 2683 καὶ
1787 2628 1844 2684 αί

264 2735 327 2790 ὲν
357 2731 743 2805 ἱπποδρομίαις
769 2727 1060 2802 εὐφημίαι,
1100 2727 1195 2783 καὶ
1238 2724 1350 2780 τῶν
1398 2722 1646 2796 θεάτρων
1669 2720 1726 2775 ai
1756 2735 1849 2774 κο-

264 2828 513 2896 λακείαι;
539 2826 724 2881 Πάντα
750 2825 935 2879 ἐκεῖνα
968 2821 1214 2894 οἴχεται·
1240 2819 1337 2875 καὶ
1376 2818 1578 2889 ἄνεμος
1610 2816 1849 2882 πνεύσας

264 2919 501 2994 ἀθρόως,
533 2917 602 2974 τὲι
639 2917 736 2991 μὲν
761 2915 937 2989 φύλλα
958 2913 1279 2980 κατέϐαλεν,
1311 2910 1521 2984 γυμνὸν
1545 2910 1601 2966 δὲ
1625 2910 1758 2982 ἡμῖν
1787 2908 1853 2972 τὺ,

265 3012 486 3088 δένδρον
517 3008 819 3079 ἀπέδειξεν,
856 3008 952 3065 καὶ
990 3006 1099 3062 ἀπὸ
1131 3006 1232 3079 τῆς
1279 3004 1436 3079 ῥίζης
1466 3001 1634 3074 αὐτῆς
1661 3000 1848 3056 λοιπδν

266 3105 649 3179 σαλευόμενον.
663 3100 901 3174 Τοιαύτη
923 3099 1031 3174 γὰρ
1053 3101 1086 3174 ἡ
1104 3098 1198 3154 τοῦ
1223 3097 1534 3171 πνεύματος
1552 3093 1845 3170 προσϐολὴ,

1955 569 2099 639 lianc
2129 583 2396 638 malorum
2434 585 2580 641 serie
2632 582 3021 655 prolixioreml
3057 585 3301 656 quandiu
3330 587 3536 645 sedebo

1955 675 2008 730 in
2034 675 2312 731 stercore?

2014 767 2166 836 Quae,
2201 768 2490 840 qualisque
2519 769 2633 826 haec
2662 771 2771 828 vita
2801 772 2913 830 est?
2937 787 2999 828 ex
3029 773 3240 828 tumulo
3263 773 3533 830 tumulum

1952 877 2170 918 rursum
2225 869 2352 934 peto
2389 881 2404 918 :
2434 879 2768 935 rursumque
2816 881 2882 921 ex
2944 863 3160 919 tumulo
3196 863 3251 919 in
3283 865 3410 937 igne
3440 880 3545 921 se-'

1951 970 2080 1010 vera
2135 954 2341 1026 judicis
2399 957 2676 1013 sententia
2730 958 2997 1013 tumulor.
3038 955 3094 1012 id
3150 957 3332 1028 ipsum
3383 957 3532 1028 quod

1951 1045 2124 1117 spiro,
2169 1048 2334 1104 velut
2383 1050 2563 1105 amnis
2595 1049 2984 1122 rapidissimus
3008 1059 3091 1107 est
3117 1051 3209 1122 qui
3240 1066 3365 1106 cum
3407 1065 3536 1108 sur-

1952 1157 2074 1197 sum
2107 1142 2417 1209 exoriatur,
2487 1145 2553 1199 ad
2579 1143 2685 1197 ima
2717 1158 2940 1215 semper
2959 1141 3078 1198 ﬂuit
3106 1142 3237 1214 :qui
3267 1143 3408 1200 nihil
3437 1142 3535 1199 tiro

1952 1249 2098 1288 tnnm
2150 1235 2370 1304 habeat,
2399 1251 2501 1291 nec
2527 1235 2703 1292 lerat:
2737 1236 2914 1292 instar
2951 1245 3042 1294 est
3068 1238 3366 1308 pulvisculi
3434 1238 3533 1310 qui

1951 1325 2005 1380 in
2033 1326 2229 1384 oculos
2261 1342 2413 1385 meos
2445 1329 2741 1401 spargitur,
2766 1336 2825 1384 ut
2855 1331 3097 1401 procula
3128 1328 3240 1386 Deo
3265 1330 3534 1390 excidam.

1952 1417 2303 1486 Ludibrium,
2332 1421 2496 1477 homo
2534 1430 2642 1479 est.

2022 1509 2215 1582 Ejurd.
2239 1528 2408 1568 carm.
2437 1513 2495 1580 2,
2528 1512 2603 1568 De
2625 1514 2767 1570 Item.
2812 1526 2926 1573 nat.
2949 1515 3178 1590 fragilit.
3202 1548 3272 1560 —-
3293 1517 3538 1590 Tempus

1948 1617 2074 1675 ego,
2131 1618 2219 1658 me
2247 1613 2468 1676 tempus
2524 1604 2770 1663 vicissim
2826 1608 3093 1676 praeterit,
3130 1624 3235 1665 ceu
3266 1609 3532 1675 volueris,

1951 1711 2051 1753 ceu
2085 1695 2243 1753 navis
2273 1697 2347 1752 im
2383 1697 2542 1764 mari,
2579 1706 2639 1752 ut
2679 1698 2819 1754 nihil
2856 1708 3010 1757 stans
3042 1699 3319 1773 fixtunque
3347 1711 3538 1758 tenea-

1965 1805 2109 1847 mus.
2139 1788 2293 1855 Quod
2317 1797 2498 1847 autem
2527 1790 2722 1848 admisi
2774 1793 3076 1864 peccando,
3106 1793 3214 1851 hoc
3253 1810 3534 1867 nunquam

1877 1857 1921 1915 Β
1952 1881 2226 1968 praeterit,
2259 1881 2378 1948 sed,
2412 1883 2542 1939 dum
2570 1883 2685 1939 vita
2709 1857 2967 1958 suppetit,
2987 1857 3194 1943 manet.

2035 1975 2188 2048 Greg.
2243 1973 2409 2047 Nysa.
2441 1974 2776 2034 —Terrena
2828 1979 2979 2051 regio
3036 1994 3228 2035 eorum
3267 1987 3354 2038 est
3410 1996 3536 2054 qua!

1946 2067 2236 2123 mutationi
2269 2077 2322 2123 et
2350 2069 2702 2125 conversioni
2733 2070 3001 2127 obnoxia.

2017 2159 2294 2232 Cltrysost.
2327 2162 2469 2218 hom.
2500 2164 2624 2218 adv.
2662 2162 2962 2234 Eutrop.—-
2986 2164 3123 2221 Cum
3155 2181 3390 2238 semper,
3419 2178 3533 2223 tum

1945 2270 2090 2310 nunc
2119 2255 2428 2325 praesertim
2475 2257 2861 2328 tempestivum
2890 2267 2974 2314 est
2995 2257 3179 2315 dicere
3211 2275 3225 2312 :
3260 2279 3279 2311 ι
3307 2259 3534 2317 Vanitas

1943 2344 2248 2400 vanitatum
2280 2353 2334 2401 et
2352 2345 2534 2401 omnia
2557 2347 2774 2403 vanitas
2798 2345 3012 2417 (Eccle.
3045 2365 3083 2416 ι,
3110 2349 3232 2420 2).»
3266 2348 3366 2406 Ubi
3399 2367 3536 2420 prae~

1943 2437 2093 2493 ciara
2155 2439 2476 2496 consulatus
2532 2439 2868 2512 amplitudo?
2920 2440 3009 2498 ubi
3061 2441 3168 2497 lata
3221 2442 3536 2514 lampadum

1921 2530 2335 2588 .eollustratio?
2363 2530 2455 2587 ubi
2496 2532 2764 2604 plausus?
2802 2533 2893 2590 ubi
2953 2534 3150 2590 chori?
3208 2535 3302 2590 ubi
3354 2535 3538 2592 festivi

1945 2623 2298 2696 celebresque
2359 2626 2704 2682 conventus?
2732 2626 2826 2682 ubi
2887 2641 3107 2683 coronae
3131 2637 3184 2683 et
3207 2629 3418 2684 aulaea?
3450 2629 3533 2684 ci-

1946 2714 2136 2772 vitatis
2163 2716 2464 2784 tumultus,
2494 2725 2549 2772 et
2573 2717 2868 2792 populares
2904 2718 2959 2774 in
2984 2735 3252 2791 equorum
3278 2722 3538 2778 cursibus

1945 2807 2409 2867 acclamationes?
2437 2810 2529 2866 ubi
2562 2812 2847 2868 theatricze
2906 2812 3296 2870 adulationes?
3328 2823 3534 2871 cuneta

1945 2900 2064 2956 haec
2111 2901 2514 2958 abscesserunt
2544 2916 2560 2956 :
2598 2917 2664 2958 ac
2723 2905 3047 2975 repentinus
3069 2907 3406 2974 ventinatus,
3437 2923 3537 2964 ex-

1946 2993 2129 3051 cussis
2159 2994 2305 3052 l‘oliis
2338 2995 2540 3050 nudam
2579 2995 2746 3052 nobis
2781 2997 3038 3055 arborem
3072 3001 3337 3067 ostendit,
3371 3008 3426 3057 et
3464 3005 3534 3058 ad

1949 3087 2104 3161 ipsos
2154 3103 2330 3159 usque
2385 3087 2603 3146 radices
2633 3098 2981 3162 quassatam.
3034 3090 3215 3148 Tanto
3251 3093 3398 3149 enim
3428 3094 3536 3151 im-

263 3202 346 3269 ὡς
385 3199 478 3258 καὶ
516 3197 814 3273 πρόρριζον
843 3193 1088 3250 ἀπειλεῖν
1132 3193 1405 3265 ἀνασπᾷν,
1439 3189 1697 3246 καίιαύτά
1728 3187 1844 3243 δια-

1958 3191 2074 3254 petu
2138 3190 2336 3239 ventus
2371 3181 2640 3250 incubuit,
2673 3191 2733 3238 ut
2764 3197 2883 3239 eam
2913 3199 3049 3255 pene
3074 3185 3341 3244 radicitus
3373 3189 3533 3244 evul-

267 3291 530 3348 σαλεῦσαι
555 3289 648 3344 τοῦ
674 3287 893 3360 δένδρου
922 3285 992 3340 τὰ
1014 3283 1203 3357 νεῦρα.
1226 3282 1338 3339 Ποῦ
1362 3281 1460 3337 νῦν
1488 3281 1537 3336 οί
1565 3279 1843 3353 πεπλανη-

269 3386 425 3460 μένοι
462 3383 639 3456 φίλοι;
665 3378 767 3436 ποῦ
806 3379 865 3434 δὲ
907 3377 979 3434 τά
1035 3378 1357 3448 προσωπεῖα
1406 3375 1515 3430 τῶν
1557 3372 1842 3437 κολάκων;

266 3478 374 3535 ποῦ
408 3477 474 3534 τά
515 3475 791 3547 συμπόσια
833 3472 927 3528 καὶ
959 3470 1028 3528 τά
1067 3471 1276 3536 δεῖπνα,
1313 3467 1408 3524 καὶ
1449 3469 1478 3523 ὁ
1513 3467 1624 3522 τῶν
1666 3481 1846 3538 παρα-

265 3575 433 3629 σίτων
467 3572 656 3644 έσμδς,
689 3569 788 3624 καὶ
817 3568 884 3621 δι’
910 3565 1040 3638 ὅλης
1069 3565 1283 3639 ἡμέρας
1320 3561 1646 3635 έκχεόμενος
1671 3559 1847 3632 ἄκρα-

263 3683 382 3734 τος,
421 3664 518 3720 καὶ
557 3663 614 3718 αι
651 3659 893 3716 ποικίλαι
935 3659 1046 3715 τῶν
1090 3655 1369 3728 μαγείρων
1414 3654 1622 3726 τέχναι,
1663 3650 1759 3706 καὶ
1792 3651 1848 3705 οἱ

262 3762 370 3834 τῆς
420 3755 737 3822 δυναστείας
788 3747 1154 3827 θεραπευταί,
1185 3750 1235 3803 oi
1272 3748 1451 3803 πάντα
1499 3745 1638 3818 πρὸς
1687 3743 1847 3816 χάριν

265 3851 553 3917 ποιοῦντες
586 3851 680 3906 καὶ
708 3848 997 3920 λέγοντες;
1027 3844 1146 3914 Νὺξ
1181 3840 1252 3918 ἦν
1297 3843 1476 3899 πάντα
1521 3840 1705 3895 ἐκεῖνα
1752 3837 1850 3893 καὶ

265 3949 424 4020 ὄναρ,
480 3944 576 4001 καὶ
635 3943 851 4018 ἡμέρας
902 3939 1205 4013 γενομένης
1252 3935 1549 4010 ἠφανίσθη.
1579 3930 1748 4006 ’Δνθη
1780 3927 1849 4005 ἦν

266 4038 487 4112 ἐαρινὰ,
556 4037 652 4090 καὶ
698 4033 1068 4108 παρελθόντος
1105 4028 1201 4084 τοῦ
1250 4027 1412 4100 ἔαρος
1458 4026 1674 4081 ἅπαντα
1719 4040 1852 4080 κατ-

266 4131 559 4209 εμαράνθη
581 4147 594 4162 ο
616 4130 745 4186 σκιά
764 4125 853 4202 ἦν,
885 4127 981 4182 καὶ
1005 4125 1375 4199 παρέδραμεν·
1406 4121 1614 4185 καπνὸς
1636 4114 1728 4192 ἦν,
1757 4119 1850 4174 καὶ

264 4227 488 4298 διελύθη
503 4243 517 4259 ο
548 4222 898 4296 πομφόλυγες
920 4215 1079 4291 ἦσαν,
1108 4218 1200 4271 καὶ
1217 4214 1586 4287 ᾰερῥάγησαν
1607 4229 1619 4243 ο
1637 4213 1848 4285 ἀράχνη

264 4315 362 4394 ἦν,
384 4320 482 4375 καὶ
507 4313 830 4385 διεσπάσθη.
861 4311 951 4365 Διὸ
971 4309 1132 4366 πάλιν
1163 4306 1262 4379 τὴν
1283 4304 1659 4379 πνευματικὴν
1681 4303 1852 4359 ταῦτα

271 4411 488 4486 ἐπῳδὴν
524 4411 842 4481 ἐπάγωμεν,
880 4403 1122 4477 συνεχῶς
1161 4402 1443 4472 λέγοντεςο
1471 4417 1506 4461 ,ι
1540 4397 1852 4469 Ματαιότης

274 4505 673 4584 ματαιστήτων,
700 4503 768 4559 τά
799 4501 978 4558 πάντα
1011 4498 1330 4573 ματαιότης.
1363 4515 1383 4550 ι
1407 4493 1625 4568 Ταύτην
1643 4495 1744 4567 τὴν
1766 4493 1859 4566 ῥῆ-

1943 3274 2101 3342 serit,
2131 3276 2393 3348 ipsasque
2442 3273 2609 3332 libras
2681 3275 2800 3346 jam
2858 3275 3224 3335 labefactarit.
3252 3278 3357 3337 Ubi
3385 3297 3534 3338 nunc

1948 3375 2079 3425 sunt
2100 3366 2178 3422 illi
2205 3366 2371 3423 fucati
2391 3365 2555 3422 amici
2571 3365 2595 3422 2
2616 3365 2707 3421 ubi
2721 3366 2883 3440 322
2900 3376 3304 3427 assentatorum
3331 3372 3379 3428 la
3389 3390 3496 3430 rvm
3512 3374 3537 3429 1’

1949 3456 2044 3515 ubi
2115 3473 2289 3516 creua:
2320 3468 2376 3515 et
2429 3458 2707 3524 convivia,
2765 3474 2833 3515 ac
2895 3461 3264 3532 parasitorum
3294 3466 3534 3538 greges?

1951 3552 2048 3609 ubi
2085 3552 2278 3609 vinum
2308 3568 2406 3626 per
2435 3560 2614 3608 totum
2650 3552 2798 3610 diem
2828 3555 3205 3613 exhaustum?
3240 3558 3333 3614 ubi
3376 3561 3532 3617 varia

1949 3662 2222 3705 cocorum
2282 3647 2591 3705 lenocinia?
2623 3648 2716 3707 ubi
2757 3650 3051 3721 potestatis
3109 3651 3373 3720 cultores,
3403 3654 3532 3726 qui-

1950 3755 2058 3812 que
2089 3739 2276 3796 omnia
2315 3741 2660 3814 aucupandae
2701 3743 2892 3813 gratia:
2940 3756 3131 3811 causa,
3174 3751 3287 3799 tum
3336 3744 3531 3817 loque-

1951 3834 2176 3900 bantur,
2242 3843 2357 3890 tum
2389 3834 2704 3892 faciebant?
2759 3833 2876 3890 Nox
2937 3836 3323 3908 somniumque
3374 3849 3534 3894 erant

1951 3927 2139 3984 istliaec
2163 3927 2373 3996 omnia,
2397 3935 2454 3984 et
2477 3927 2798 3985 adveniente
2825 3928 2947 3984 luce
2969 3941 3333 3985 evanuerunt.
3366 3930 3533 3987 νοτιιὶ

1954 4020 2120 4078 ﬂores
2151 4031 2335 4088 erant,
2359 4029 2415 4076 et
2448 4029 2646 4076 exacto
2697 4036 2826 4077 vere
2853 4031 3265 4077 emareuerunt.
3323 4019 3530 4080 Umbra

1953 4124 2132 4180 erant,
2179 4122 2232 4169 et
2292 4112 2650 4169 diiﬂuxerunt
2679 4132 2693 4169 :
2726 4113 2910 4169 fumus
2937 4150 2954 4180 ,
2999 4121 3053 4168 et
3105 4112 3318 4183 dilapsa
3357 4121 3536 4181 sunt;

1955 4207 2120 4264 bullae
2146 4248 2162 4273 ,
2216 4220 2281 4262 ac
2309 4206 2534 4278 dirupta
2569 4213 2700 4263 sunt
2735 4224 2748 4259 :
2783 4220 3000 4261 aranea:
3036 4205 3187 4273 telae,
3219 4215 3273 4261 ct
3303 4205 3534 4276 disiecta

1956 4313 2108 4360 sunt.
2164 4301 2439 4368 Quocirca
2497 4301 2843 4372 spiritualem
2880 4299 3025 4356 hanc
3064 4299 3280 4372 epodeu
3332 4299 3534 4356 iterum

1957 4397 2375 4462 subneetamns,
2443 4393 2781 4464 assidueque
2838 4403 3154 4463 repetamus
3190 4407 3204 4446 :
3248 4410 3267 4446 ι
3304 4389 3540 4450 Vanitas

1956 4489 2286 4554 vanitatum,
2315 4498 2371 4544 et
2407 4489 2594 4544 omnia
2622 4487 2859 4543 vanitas.
2887 4506 2907 4540 ι
2946 4486 3060 4543 Hoc
3099 4486 3305 4542 dictum
3338 4485 3391 4542 in
3421 4501 3537 4557 pa-

277 4575 386 4672 Em,
420 4600 513 4658 καὶ
532 4575 600 4656 ⁷ὲν
628 4598 846 4671 τοίχοις,
878 4595 976 4652 καὶ
1000 4593 1060 4650 ὲν
1096 4593 1354 4667 ἱματίοις,
1393 4589 1491 4645 καὶ
1515 4590 1576 4644 ὲν
1605 4587 1850 4662 ἀγοραῖς¹

1960 4581 2211 4648 rictibus,
2247 4581 2301 4636 in
2328 4577 2471 4644 foro,
2506 4580 2563 4634 in
2592 4578 2898 4644 aedibus,in
2917 4579 3040 4643 viis,
3064 4578 3117 4633 in
3139 4577 3345 4648 januis,
3381 4575 3437 4631 in
3461 4577 3540 4632 in-

275 4698 374 4754 καὶ
395 4698 454 4752 ὲν
472 4694 693 4760 οίκίαις,
708 4691 803 4747 καὶ
819 4692 876 4746 ὲν
897 4689 1058 4756 ὁδοῖς,
1081 4686 1177 4743 καὶ
1201 4688 1258 4741 ὲν
1279 4685 1493 4758 θύραις,
1535 4682 1631 4739 καὶ
1653 4685 1712 4738 ἐν
1739 4682 1855 4738 sic-

272 4793 438 4857 όδοις,
471 4789 566 4844 καὶ
594 4789 652 4843 ὲν
679 4782 901 4852 ἐξόδοις,
934 4781 1030 4838 καὶ
1055 4779 1163 4856 πρὸ
1191 4779 1409 4835 πάντων
1433 4778 1490 4832 ἐν
1516 4775 1596 4848 τῷ
1623 4774 1853 4830 ἑκάστου

275 4885 542 4942 συνειδότι
574 4879 814 4954 συνεχῶς
842 4874 1224 4950 ἐγγεγράφθαι
1257 4873 1385 4940 ἔδει,
1417 4871 1511 4926 καὶ
1539 4869 1629 4926 διὰ
1656 4868 1858 4933 παντὸς

272 4979 446 5052 αὐτὴν
495 4976 750 5052 μελετᾷν.
788 4972 1009 5046 Ἐπειδὴ
1059 4967 1234 5043 πολλὴ
1284 4967 1393 5023 τῶν
1444 4963 1785 5040 πραγμάτων
1822 4963 1860 5034 ἡ

272 5072 483 5145 ἀπάτη,
510 5071 605 5126 καὶ
627 5070 698 5126 τὰ
723 5067 1063 5145 προσωπεῖα,
1104 5063 1198 5119 καὶ
1223 5063 1256 5132 ἡ
1285 5061 1598 5130 ὑπόκρισις,
1628 5055 1859 5131 ἀλήθειά

271 5185 360 5233 τις
413 5164 572 5240 παρά
631 5164 744 5228 τοῖς
800 5160 1019 5224 πολλοῖς
1071 5153 1212 5214 εἶναι
1268 5154 1439 5218 δοκεῖ,
1497 5150 1674 5206 ταῦτα
1732 5149 1858 5204 καθ’

275 5261 515 5331 ἑκάστην
542 5257 778 5330 ἡμέραν,
807 5253 902 5310 καὶ
941 5253 1000 5308 ἐν
1029 5250 1251 5323 δείπνῳ,
1287 5247 1384 5302 καὶ
1416 5247 1474 5301 ὲν
1503 5244 1733 5317 ἀρίστῳ,
1762 5241 1860 5297 καὶ

272 5355 334 5409 ὲν
368 5350 646 5421 συλλόγοις
690 5345 964 5416 ἐπιλέγειν
992 5343 1225 5400 ἕκαστον
1266 5338 1344 5414 τῷ
1379 5337 1609 5410 πλησίον
1659 5332 1855 5407 ἐχρῆν,

274 5450 374 5506 καὶ
404 5449 556 5521 παρὰ
587 5443 681 5500 τοῦ
713 5441 944 5515 πλησίον
971 5437 1210 5504 ἀκούειν,
1241 5436 1322 5490 ὅτι
1356 5453 1374 5487 ι
1410 5429 1725 5503 Ματαιὸτης
1753 5443 1859 5500 μα-

274 5544 596 5616 ταιοτήτων,
634 5539 706 5595 τά
740 5537 920 5593 πάντα
960 5532 1276 5606 ματαιότης.
1323 5547 1342 5582 ι
1374 5528 1488 5582 uox
1516 5527 1700 5597 ἔλεγον
1732 5537 1860 5579 συν·-

277 5640 438 5714 εχῶς,
495 5635 580 5691 ὅτι
622 5631 901 5707 δραπέτης
947 5630 976 5684 ό
1030 5624 1299 5693 πλοῦτος;
1351 5621 1415 5676 σὺ
1466 5617 1726 5714 stava
1761 5615 1863 5714 ούπ

277 5707 471 5808 ἠνέχου
492 5746 507 5761 °
542 5729 645 5786 οὐκ
681 5726 889 5797 ἔλεγον,
912 5725 995 5779 ὅτι
1019 5718 1294 5794 ἀγνώμων
1323 5715 1472 5808 ἐστίν
1510 5709 1763 5808 οίκέτηςς
1797 5707 1861 5762 σὺ

277 5804 336 5884 δὲ
365 5804 466 5883 oin:
494 5823 726 5896 ἠϐούλου
774 5816 1087 5874 πείθεσθαι.
1130 5812 1262 5869 ’1δοῦ
1289 5810 1349 5865 σὲ
1377 5807 1486 5864 τῶν
1515 5804 1865 5879 πραγμάτων

279 5922 537 5991 ἐδίδαξεν,
569 5923 606 5996 ἡ
660 5918 853 5991 πεῖρον
913 5914 996 5970 ὅτι
1050 5910 1111 5966 ού
1183 5906 1464 5983 δραπέτης,
1517 5903 1700 5978 μόνον,
1745 5899 1866 5956 οὐδὲ

1954 4692 2173 4752 gressu,
2192 4689 2246 4731 et
2267 4676 2321 4729 in
2338 4688 2585 4746 egressu,
2605 4681 2658 4728 et
2675 4681 2798 4727 ante
2817 4671 3002 4727 omnia
3024 4670 3078 4725 in
3102 4667 3542 4741 uniuscujusque

1956 4770 2302 4829 conscientia
2340 4781 2622 4838 nunquam
2650 4779 2758 4821 non
2797 4763 3122 4834 inscriptum
3153 4779 3276 4820 esse
3298 4773 3542 4837 Oportet,

1957 4865 2101 4938 quod
2123 4871 2388 4936 perpetuo
2417 4860 2765 4917 meditemur.
2786 4859 2984 4930 Ingens
3009 4859 3210 4930 quippe
3227 4873 3408 4914 rerum
3432 4855 3540 4912 ial-

1957 4956 2098 5014 iacia
2137 4962 2243 5022 est,
2276 4963 2331 5010 et
2358 4954 2523 5009 larva:
2549 4968 2613 5009 ac
2635 4953 2912 5010 simulatio
2942 4953 3088 5027 apud
3113 4952 3402 5023 plerosque
3422 4965 3543 5022 spo-

1958 5050 2095 5107 ciem
2114 5047 2365 5105 veritatis
2395 5055 2613 5120 gerunt.
2639 5045 2773 5103 Illud
2799 5047 2852 5102 in
2878 5061 3040 5102 coena
3057 5053 3111 5102 et
3134 5046 3188 5101 in
3210 5045 3462 5117 prandio,
3485 5051 3542 5100 et

1960 5144 2015 5200 in
2046 5142 2413 5201 conventibus
2471 5142 2708 5213 quisque
2744 5140 2910 5197 debet
2956 5139 3205 5212 proximo
3258 5138 3545 5204 occinere,

1961 5254 2026 5295 ac
2096 5251 2292 5294 rursus
2313 5235 2457 5291 idem
2492 5251 2522 5290 a
2563 5233 2816 5307 proximo
2854 5232 3048 5291 audire
3085 5253 3100 5290 :
3133 5253 3151 5287 ι
3182 5232 3412 5289 Vanitas
3441 5247 3539 5288 va-
3584 5270 3590 5274 -

1962 5333 2227 5399 uitatum,
2284 5341 2338 5388 et
2364 5330 2548 5386 omnia
2576 5328 2811 5386 vanitas.
2840 5347 2858 5380 ι
2894 5329 3092 5385 Annon
3132 5326 3357 5384 assidue
3384 5325 3562 5383 dice»

1965 5430 2093 5486 bazn
2146 5426 2408 5500 fugitivos
2440 5441 2565 5484 esse
2624 5424 2889 5481 divitias?
2929 5421 3010 5480 Tu
3045 5437 3176 5480 vero
3205 5420 3398 5477 audire
3431 5434 3548 5475 non

1963 5524 2297 5582 sustinebas.
2349 5524 2546 5576 Annon
2573 5520 2952 5592 easingratum
2977 5533 3102 5575 esse
3134 5516 3397 5572 famulum
3431 5515 3562 5570 aie«*

1964 5617 2131 5674 bam?
2181 5625 2237 5672 tu
2270 5613 2565 5678 veromihi
2603 5612 2764 5670 ﬁdem
2795 5611 3060 5668 adhibere
3110 5610 3428 5666 recusabas.
3465 5606 3552 5662 En

1963 5721 2139 5771 tumet
2181 5714 2306 5785 ipso
2347 5725 2533 5768 rerum
2579 5706 2962 5780 experimento
3006 5704 3276 5771 didicisti,
3307 5719 3405 5762 eas
3435 5717 3554 5758 non

1966 5811 2128 5866 modo
2183 5807 2475 5881 fugitivum
2533 5802 2588 5862 et
2636 5805 2910 5877 ingratum
2974 5816 3193 5859 servum
3246 5815 3393 5863 esse,
3447 5796 3553 5852 sed

1966 5905 2131 5963 etiam
2179 5901 2522 5962 carnificem.
2581 5897 2691 5956 Illae
2780 5897 3047 5970 siquidem
3104 5895 3427 5956 etiecerunt,
3487 5894 3552 5946 ut
