3970 6294
279 243 407 311 1ης

1456 252 1699 315 ΞΑΟΒΑ
1736 247 2083 314 PARALLE
2092 249 2204 314 LA.

3397 244 3542 312 1130

253 356 358 432 ἦν,
386 362 483 416 καὶ
508 357 600 416 τοῦ
636 361 1001 435 νεκρωθέντος
1052 361 1201 428 ἅπαξ
1244 363 1398 418 οὐδὲν
1453 365 1676 435 ἄμεινον
1737 365 1845 419 δια-

1963 372 2022 419 υι
2055 361 2342 420 teterrima
2378 370 2540 419 nocte
2566 361 2968 434 circumfusus,
3003 376 3172 419 usura
3201 361 3535 420 lueiscaret.

267 453 541 524 κείμενον.
567 454 787 520 κτύπος
808 456 865 512 δὲ
882 456 991 510 τῶν
1025 457 1277 527 ὀδόντων,
1305 458 1401 512 καὶ
1430 458 1694 526 πάταγος,
1757 459 1852 512 καὶν

266 547 467 618 τρόμος
494 547 590 601 τοῦ
631 548 832 613 παντὸς
886 548 1174 621 σώματος,
1217 551 1313 605 καὶ
1348 551 1503 622 φωνὴ
1554 543 1851 605 διακοπτο-

270 637 427 707 μένη,
454 637 550 691 καὶ
575 636 799 707 γλῶσσα
825 636 1210 714 διαλελυμένη,
1243 640 1340 696 καὶ
1363 642 1573 712 σχῆμα,
1605 636 1719 694 οἷον
1754 641 1851 695 καὶ

267 729 476 802 λιθίνην
539 730 718 805 ψυχὴν
739 730 901 802 τῆξαι
949 733 1271 807 δυνάμενον.
1328 735 1440 789 Καὶ
1487 734 1663 790 ταῦτα
1706 734 1851 802 λέγω

266 823 369 879 οὐκ
398 825 696 892 ὀνειδίζων,
740 826 862 880 οὐδὲ
897 826 1250 898 ἐπεμϐαίνων
1276 830 1346 899 τῇ
1377 828 1656 900 συμφορᾷ,
1713 826 1853 880 ἀλλὰ

266 919 366 990 τὴν
388 919 662 991 ὑμετέραν
691 917 936 974 διάνοιαν
978 918 1215 992 μαλάξαι
1269 919 1616 992 βουλόμενος,
1643 918 1740 973 καὶ
1772 918 1852 983 είς

268 1011 416 1066 ἔλεον
450 1010 880 1068 ἐπισπάσασθαι.
907 1013 1066 1077 Τίνος
1091 1013 1282 1070 ἕνεκεν
1325 1015 1655 1084 ἀγανακτεῖς
1682 1030 1700 1080 ;
1727 1013 1850 1067 Ὅτι

267 1106 355 1180 δὴ,
408 1105 593 1178 φησιν,
642 1107 724 1171 είς
757 1106 1087 1177 Ἐκκλησίαν
1134 1107 1446 1177 κατέφυγεν
1475 1107 1503 1159 ό
1534 1104 1852 1176 πολεμήσας

267 1198 440 1270 αὐτὴν
468 1196 756 1268 διηνεκῶς.
787 1197 889 1252 Διά
940 1197 1101 1252 τοῦτο
1157 1197 1396 1269 μάλιστα
1450 1195 1702 1264 δοξάζειν
1744 1197 1851 1270 χρὴ

267 1291 358 1344 τὸν
378 1290 535 1358 Θεὸν,
570 1291 654 1346 δτι
677 1289 890 1363 ἀφῆκεν
915 1291 1080 1347 αὑτὸν
1101 1293 1182 1358 είς
1216 1291 1486 1363 τοσαύτην
1515 1291 1852 1362 καταστῆναι

267 1383 537 1456 ἀνάγκην,
568 1383 710 1438 ὥστε
739 1383 836 1439 καὶ
855 1383 954 1456 τὴν
976 1382 1206 1456 δύναμιν
1228 1385 1328 1457 τῆς
1367 1382 1717 1456 Ἐκκλησίας,
1756 1383 1856 1438 καὶ

268 1479 366 1548 τὴν
402 1476 819 1548 φιλανθρωπίαν
849 1477 1063 1551 μαθεῖν.
1101 1479 1176 1533 Οὐ
1206 1478 1673 1550 μνησικακήσασα
1707 1477 1851 1547 ὑπὲρ

268 1571 377 1624 τῶν
402 1569 735 1642 ἔμπροσθεν,
766 1569 903 1625 άλλά
929 1570 1059 1634 τοῦς
1090 1568 1327 1636 κόλπους
1351 1571 1520 1639 αὐτῆς
1550 1569 1852 1624 ἁπλὼσασα

248 1665 368 1734 ,τῆς
395 1661 798 1735 φιλοστοργίας.
830 1660 1005 1718 Τοῦτο
1053 1663 1319 1736 τροπαίου
1347 1661 1547 1726 παντὸς
1599 1659 1850 1733 λαμπρό-

1957 454 2105 523 Quin
2167 455 2376 526 potius,
2433 456 2842 526 quantumlibet
2877 454 3357 523 contenderimus,
3386 456 3544 511 nullo

1958 556 2146 602 tamen
2187 561 2468 616 sermone,
2511 563 2676 620 quam
2728 548 2900 604 dubio
2939 547 3134 619 procul
3167 549 3547 618 perturbatio-

1953 654 2079 695 nem
2116 639 2413 705 sustineat,
2450 639 2758 712 poterimus
2811 641 3157 712 exprimere;
3195 650 3257 696 ut
3309 642 3403 714 qui
3426 643 3546 698 sin-

1954 734 2102 803 gulis
2134 733 2290 789 horis
2319 734 2430 790 hoc
2460 743 2773 808 exspectet,
2797 742 2858 790 ιιι
2889 736 2997 792 sibi
3014 745 3184 806 caput
3207 745 3544 806 amputetur.

1955 823 2233 880 Hesterno
2256 826 2466 898 quippe
2490 827 2604 890 die,
2640 843 2768 885 eum
2805 828 3079 884 satellites
3104 843 3329 893 venere.
3355 829 3450 900 qui
3479 843 3550 884 ex

1954 917 2316 990 imperatoris
2346 921 2470 976 aula
2514 920 2741 977 domum
2784 919 3146 986 abducerent,
3174 920 3338 991 isque
3369 922 3425 976 in
3455 935 3548 976 sa.

1953 1008 2199 1066 erarium
2227 1011 2591 1084 profugisset,
2631 1013 2810 1070 buxea
2851 1022 2986 1070 tunc
3044 1012 3188 1070 faeie
3221 1019 3364 1080 erat,
3408 1015 3545 1071 nihil

1953 1113 1983 1154 a
2016 1108 2238 1158 mortuo
2293 1104 2600 1176 quidquam
2637 1105 2984 1176 discrepans.
3021 1105 3296 1162 Dentibus
3332 1116 3545 1179 strepe«

1951 1190 2070 1258 bat,
2123 1200 2351 1266 totoque
2397 1210 2631 1268 corpore
2684 1198 3156 1256 contremiscebat
3187 1219 3200 1254 :
3229 1215 3336 1256 vox
3369 1199 3544 1256 inter-

1951 1293 2117 1356 rupta
2175 1295 2316 1354 erat,
2353 1288 2541 1361 lingua
2585 1289 2760 1346 fracta
2800 1301 2856 1348 et
2881 1293 3180 1349 dissoluta.
3215 1292 3418 1350 Cestus
3451 1295 3537 1350 de-

1953 1379 2120 1448 nique
2166 1379 2464 1449 ejusmodi,
2524 1384 2618 1454 qui
2646 1384 2726 1440 vel
2754 1399 2980 1440 saxeum
3033 1399 3233 1455 corpus
3268 1383 3546 1441 coniicere

1955 1470 2221 1543 lacrymis
2302 1483 2516 1545 posset.
2580 1473 2714 1543 Quae
2770 1492 2881 1532 non
2940 1475 3314 1547 exprobrandi
3371 1490 3544 1532 causa

1951 1564 2208 1632 dixerim,
2246 1582 2427 1639 neque
2451 1579 2512 1624 ut
2544 1570 2849 1626 calamitati
2876 1571 3170 1639 insultem;
3204 1570 3302 1628 sed
3331 1582 3394 1627 ut
3419 1573 3545 1628 ani-

1950 1671 2072 1713 mos
2091 1661 2309 1715 vestros
2321 1661 2620 1728 emolliam,
2642 1674 2694 1719 et
2713 1661 2779 1718 ad
2797 1663 3231 1720 miscricordiam
3247 1664 3541 1722 inﬂectam.

267 1772 459 1829 τερον·
489 1733 651 1811 τοῦτο
684 1757 956 1827 ’Έλληνας
1016 1733 1274 1829 ὲντρέπει
1312 1773 1328 1786 ο
1370 1755 1533 1810 τοῦτο
1569 1753 1845 1817 Ἰουδαίους

1959 1747 2103 1815 Quid
2127 1751 2298 1810 babes
2327 1757 2473 1824 quod
2529 1755 2758 1827 indigne
2791 1756 2975 1813 teras?
3010 1758 3296 1829 quoniam,
3333 1757 3541 1831 inquis,

269 1847 649 1920 καταισχύνει,
675 1848 871 1904 ὅτιτόν
914 1848 1176 1920 πολέμιον
1219 1848 1568 1921 αἰχμάλωτον
1609 1845 1856 1902 λαϐοῦσα

268 1941 546 2012 φείδεται·
578 1940 675 1996 καὶ
721 1941 978 2013 καθάπερ
1020 1942 1208 2015 μήτηρ
1260 1942 1618 2013 φιλόστοργος
1649 1938 1758 1994 ὑπὸ
1786 1938 1855 1993 τὰ

269 2035 753 2108 παραπετάσματα
777 2035 948 2106 αὐτῆς
979 2035 1242 2107 ἔκρυψεν,
1265 2035 1361 2089 καὶ
1389 2034 1526 2106 πρὸς
1569 2031 1854 2105 βασιλικὴν

269 2131 438 2205 ὀργὴν
470 2129 731 2201 ἀντέστη,
757 2130 851 2183 καὶ
875 2130 1012 2199 πρὸς
1034 2129 1210 2201 δήμου
1231 2127 1405 2200 θυμὸν
1458 2129 1554 2182 καὶ
1587 2126 1724 2199 πρὸς
1756 2126 1848 2194 μῖ-

270 2239 363 2289 σος
383 2223 682 2296 ἀφόρητον.
698 2221 872 2277 Τοῦτο
890 2221 986 2277 τοῦ
1003 2220 1398 2293 θυσιαστηρίου
1428 2223 1656 2291 κόσμος.
1689 2219 1853 2282 Heio;

269 2319 497 2390 κόσμος,
536 2317 695 2390 φησὶ,
723 2317 817 2371 τὸν
863 2315 1057 2387 ἐναγῆ,
1111 2315 1208 2372 καὶ
1236 2313 1595 2385 πλεονέκτην,
1637 2311 1733 2365 καὶ
1761 2310 1853 2382 ἆρ-

269 2426 422 2479 παγα
441 2409 555 2464 τῶν
592 2408 790 2464 κιόνων
821 2408 1094 2464 ἃπτεσθαι
1150 2406 1245 2462 τοῦ
1281 2405 1676 2477 θυσιαστηρίου
1708 2420 1725 2471 ;
1759 2403 1852 2473 Μὴ

264 2501 395 2572 λέγε
424 2501 598 2557 ταῦτα
630 2517 645 2532 ·
687 2501 812 2556 ἐπεὶ
857 2501 954 2556 καὶ
980 2501 1016 2572 ἠ
1046 2499 1224 2571 πόρνη
1270 2499 1452 2570 ἥψατο
1506 2495 1618 2550 τῶν
1673 2494 1851 2549 ποδῶν

265 2597 362 2652 τοῦ
411 2596 588 2669 Ἰησοῦ
614 2597 650 2669 ἡ
695 2595 907 2670 σφόδρα
957 2592 1158 2667 έναγὴς
1210 2593 1308 2646 καὶ
1360 2591 1694 2662 ἀκάθαρτος,
1754 2586 1850 2643 καὶ

264 2691 368 2745 οὐκ
407 2687 478 2763 ἦν
535 2689 791 2762 ἔγκλημα
831 2685 929 2742 τοῦ
961 2684 1160 2759 Ἰησοῦ.
1189 2686 1266 2740 Οὐ
1309 2683 1422 2757 γὰρ
1465 2682 1556 2737 τὸν
1607 2681 1850 2753 καθαρὸν

265 2783 536 2841 ἔϐλαπτεν
558 2787 591 2857 ἡ
617 2783 951 2857 ἀκάθαρτος,
1011 2781 1154 2836 ἀλλὰ
1192 2778 1292 2854 τὴν
1344 2779 1513 2848 ιναγῆ
1578 2776 1788 2851 πόρνην
1819 2777 1851 2831 ό

265 2876 508 2951 καθαρὸς
545 2876 845 2948 εἰργάσατο
892 2874 1128 2947 ἄμωμον
1180 2871 1271 2927 διὰ
1325 2871 1428 2943 τῆς
1471 2871 1618 2942 ἁφῆς
1646 2885 1667 2902 ⁸
1711 2867 1849 2942 μηδὲ

267 2972 711 3046 μνησικακήσῃς,
765 2969 1044 3041 ἄνθρωπε,
1100 2965 1334 3022 ἐκείνου.
1395 2964 1622 3020 υίκέται
1677 2963 1848 3037 ἐσμὲν

262 3066 360 3122 τοῦ
395 3065 668 3120 Δεσπότου
687 3062 786 3119 τοῦ
812 3060 1253 3135 ἐσταυρωμένον,
1279 3058 1375 3115 τοῦ
1395 3058 1670 3130 λέγοντος·
1702 3057 1847 3114 ιῐΙά-
1873 3084 1920 3146 c

262 3179 384 3236 τερ,
417 3163 552 3232 ἄφες
579 3159 762 3224 αὐτοῖς
784 3173 798 3188 ο
833 3157 895 3212 οὐ
931 3156 1041 3227 γὰρ
1065 3153 1240 3209 οῐδασι
1265 3152 1318 3207 τί
1348 3150 1619 3209 ποιοῦσιν.
1662 3169 1683 3204 ι
1703 3149 1846 3205 Ἀλλ’
1871 3146 1874 3148 ’

260 3257 610 3327 ἀπετείχισεν
647 3252 749 3324 τὴν
783 3248 1019 3305 ἐνταῦθα
1044 3246 1400 3322 καταφυγὴν⁴
1430 3245 1726 3318 γράμμασι
1754 3243 1848 3298 καὶ

259 3351 449 3425 νόμοις
469 3348 750 3421 διαφόροις
778 3361 794 3378 ο
821 3343 939 3400 ἀλλ’
975 3341 1088 3398 ίδοῦ
1116 3339 1206 3397 διὰ
1235 3340 1344 3395 τῶν
1390 3340 1570 3412 ἔργων
1617 3338 1845 3410 ἔμαθεν,

257 3444 400 3517 ὅπερ
423 3444 702 3516 εποίησεν,
735 3438 952 3495 καὶτὸν
1001 3437 1166 3511 νόμον
1218 3435 1378 3490 ἔλυσε
1424 3433 1644 3505 πρῶτος
1680 3431 1846 3496 αὐτὸς

256 3532 430 3598 δι’ὧν
448 3537 672 3603 ἔπαθεν,
701 3536 798 3591 καί¹
828 3534 1021 3605 γέγονε
1063 3533 1165 3605 τῆς
1217 3529 1544 3601 οἰκουμένης
1591 3527 1843 3598 θέατρον.

259 3635 375 3690 Καὶ
401 3631 570 3701 σιγῶν
597 3628 853 3685 ἐντεῦθεν
885 3626 1084 3701 ἀφίησι
1132 3624 1320 3696 φωνὴν
1373 3622 1579 3677 ἅπασιν
1634 3635 1847 3692 παραι-

255 3728 389 3792 νῶν,
414 3727 511 3781 καὶ
535 3724 711 3795 λέγων
729 3739 746 3754 ο
769 3721 864 3794 Μὴ
896 3719 1091 3790 ποιῆτε
1116 3715 1372 3784 τοιαῦτα,
1404 3714 1493 3770 ἵνα
1523 3713 1600 3785 μὴ
1631 3711 1843 3784 πάθητε

253 3819 504 3875 τοιαῦτα.
539 3817 653 3872 Καὶ
695 3814 1017 3877 διδάσκαλος
1050 3810 1330 3882 ἐνεδείχθη
1385 3806 1558 3877 σιγῶν
1605 3805 1696 3860 διὰ
1742 3805 1843 3876 τῆς

255 3912 569 3986 συμφορᾶς.
595 3910 707 3966 Καὶ
735 3906 1061 3981 λαμπηδόνα
1119 3902 1371 3976 μεγάλην
1431 3899 1629 3972 ἀφίησι
1653 3897 1716 3954 τδ
1747 3897 1841 3953 θυ-

255 4007 594 4078 σιαστήριον.
619 4001 736 4058 Νῦν
791 4000 1022 4074 φοϐερὸν
1080 3997 1336 4071 μάλιστα,
1367 3995 1452 4051 ὅτι
1504 3995 1600 4050 τὸν
1649 3992 1844 4048 λέοντα

249 4100 544 4171 δεδεμένον
573 4096 709 4168 ἔχει.
743 4095 856 4150 Καὶ
896 4091 1150 4165 βασιλικῇ
1182 4087 1351 4142 εικόνι
1411 4085 1586 4158 μέγας
1642 4083 1841 4152 γένοιτ’

249 4194 324 4248 ἂν
359 4191 594 4261 κόσμος·
637 4187 738 4259 οὐχ
761 4187 890 4242 ὅταν
924 4184 1018 4238 ἐπὶ
1040 4180 1136 4236 τοῦ
1174 4179 1369 4252 θρόνου
1425 4176 1664 4249 κάθηται
1707 4191 1842 4246 πορ-

250 4285 460 4361 φυρίδα
487 4279 977 4357 περιϐεϐλημένος,
1023 4276 1121 4330 καὶ
1174 4273 1416 4344 διάδημα
1463 4274 1647 4342 μόνον,
1703 4269 1842 4323 ἀλλὰ

247 4385 353 4438 καὶ
396 4380 494 4436 ἐὰν
541 4377 649 4433 ὑπὸ
690 4375 771 4428 τὼ
833 4367 1102 4445 βασιλικὼ
1153 4366 1286 4423 πόδε
1339 4365 1617 4438 Βάρϐαροι
1663 4363 1841 4417 ὀπίσω

246 4473 549 4548 δεδεμένοι,
574 4470 718 4526 κατὰ
747 4467 847 4535 τὰς
900 4462 1143 4535 κεφαλὰς
1195 4458 1397 4514 νεύωσι
1428 4456 1692 4528 κείμενοι.
1727 4455 1837 4510 Καὶ

247 4573 456 4633 πάντες
490 4564 724 4622 ἐνταῦθα
781 4559 1172 4630 συνεδράμετε,
1202 4555 1290 4610 ῐνα
1333 4552 1434 4624 τὴν
1480 4548 1835 4621 ἀνθρωπίνην

246 4665 415 4736 φύσιν
461 4661 608 4733 ἴδητε
659 4653 1100 4726 διελεγχομένην-
1147 4645 1322 4720 Ὁρῶν
1372 4643 1481 4716 γὰρ
1539 4640 1730 4696 τοῦτον
1771 4643 1837 4696 ὲκ

244 4757 522 4828 τοσαύτης
551 4753 797 4824 κορυφῆς
824 4744 1216 4819 κατενεχθέντα
1240 4784 1252 4807 ,
1286 4741 1377 4795 τόν
1405 4738 1618 4793 σείοντα
1643 4736 1834 4807 σχεδὸν

242 4858 351 4930 τὴν
371 4850 697 4923 οἰκουμένην
727 4846 906 4900 πᾶσαν
957 4836 1411 4906 συνεσταλμένον,
1472 4833 1568 4887 καὶ
1594 4830 1830 4900 λαγωοῦ,

246 4925 351 5008 καὶ
391 4945 667 5018 βατράχου
713 4939 1018 5009 δειλότερον
1067 4929 1460 5001 γεγενημένον,
1511 4927 1606 4980 καὶ
1661 4925 1833 4996 χωρὶς

243 5036 567 5113 δεσμῶντῷ
627 5034 768 5089 κίονι
827 5028 1007 5100 τούτῳ
1059 5021 1508 5097 προσηλωμένον,
1567 5019 1662 5072 καὶ
1685 5018 1751 5072 ἄν
1778 5035 1832 5069 τι

245 5112 496 5198 ἁλύσεως
517 5129 597 5203 τῷ
635 5126 786 5200 φόϐῳ
833 5120 1353 5195 περισφιγγόμενον,
1405 5117 1502 5169 καὶ
1533 5112 1829 5176 δεδοικότα,

243 5233 351 5289 καὶ
402 5228 676 5302 τρέμοντα
734 5217 1132 5278 καταστέλλετε
1178 5213 1280 5285 τὴν
1342 5209 1688 5282 φλεγμονὴν,
1737 5205 1832 5258 καὶ

242 5325 565 5397 καθαιρεῖτε
587 5318 648 5374 τὺ
683 5317 934 5391 φῦσημα,
990 5310 1480 5382 φιλοσοφήσαντες,
1517 5303 1600 5358 ὅτι
1634 5324 1650 5354 ι
1673 5301 1832 5397 ﬂaua

244 5420 390 5494 σὰρξ
425 5393 645 5492 χόρτος,
685 5412 779 5470 καὶ
841 5410 984 5462 πᾶσα
1027 5405 1156 5472 δόξα
1216 5397 1625 5494 ἀνθρώπου
1670 5393 1830 5455 ἄνθος

243 5491 469 5589 χόρτου.
505 5505 816 5581 Ἐξηράνθη
838 5505 866 5558 ό
898 5501 1112 5574 χόρτος,
1134 5499 1230 5552 καὶ
1251 5496 1312 5550 τὸ
1328 5493 1488 5557 ἄνθος
1508 5491 1824 5589 ἐξέπεσεν,ι

370 5630 386 5663 ι
428 5607 573 5662 Ὠσεὶ
596 5603 791 5676 χόρτος
820 5599 958 5668 ταχὺ
983 5590 1548 5664 ἁποξηρανθὴσονται,
1581 5587 1674 5640 καὶ
1696 5584 1833 5638 ὡσεὶ

245 5709 457 5780 λάχανα
498 5701 661 5776 χλόης
694 5696 830 5766 ταχὺ
880 5687 1311 5747 ἀποπεσοῦνται·
1350 5706 1368 5737 ι
1404 5687 1485 5737 ὅτι
1525 5700 1543 5736 ι
1589 5681 1833 5756 ’ᾼνθρωο

543 5843 811 5906 PATROL.
858 5841 972 5900 Gn.
1019 5831 1192 5901 XCV;

1960 1841 2030 1897 ad
2065 1840 2366 1901 Ecclesiatn
2393 1847 2488 1902 ille
2509 1847 2783 1919 confugit,
2816 1849 2912 1920 qui
2947 1860 3213 1920 perpetuo
3240 1865 3359 1906 eam
3398 1852 3544 1908 bello

1958 1934 2269 1993 infestavit.
2321 1936 2492 2011 Atqui
2521 1939 2627 1996 hoc
2686 1941 3041 2012 potissimum
3094 1944 3323 2001 nomine
3365 1945 3542 2016 gloria

1957 2025 2072 2084 Deo
2119 2029 2418 2087 tribuenda
2467 2040 2574 2099 est,
2603 2036 2752 2104 quod
2791 2035 2846 2089 in
2894 2043 3106 2090 tantam
3137 2050 3262 2092 eum
3291 2039 3544 2096 necessi-

1956 2127 2128 2178 tatem
2151 2122 2325 2194 redigi
2360 2124 2701 2194 permiserit,
2740 2133 2884 2183 utet
2931 2127 3196 2184 Ecclesiae
3237 2130 3544 2200 potentiam

1955 2215 2466 2290 benignitatemque
2487 2231 2833 2292 agnosceret.
2858 2222 2990 2289 Qum
3009 2219 3272 2281 Ecclesiae
3301 2224 3546 2281 clemen-

1956 2309 2032 2364 tia
2062 2312 2296 2382 gentiles
2333 2327 2398 2369 ac
2429 2311 2649 2370 Iudaeos
2676 2315 2890 2387 pudore
2909 2314 3098 2373 allicit.
3130 2315 3543 2375 Praeteritarum

1954 2401 2290 2474 iniuriarum
2340 2407 2534 2471 oblita.
2565 2424 2732 2465 suum
2770 2410 2818 2466 ei
2843 2410 3026 2466 sinum
3048 2409 3414 2484 indulgenter
3446 2427 3544 2468 ex-

1953 2497 2166 2568 pandit.
2201 2497 2316 2556 Hoe
2348 2503 2549 2572 quovis
2608 2510 2817 2574 tropaeo
2855 2502 3203 2574 splendidius
3259 2513 3346 2562 est
3378 2525 3392 2560 :
3433 2507 3542 2564 hoc

1954 2593 2258 2664 gentilibus
2313 2594 2578 2664 pudorem
2641 2596 2843 2653 incutit
2877 2615 2892 2653 :
2927 2599 3034 2655 hoc
3087 2593 3309 2656 Iudaeos
3372 2598 3544 2657 allicit

1953 2685 2178 2755 probro,
2238 2687 2387 2758 quod
2440 2688 2609 2754 hosti,
2653 2705 2817 2761 quem
2865 2693 3142 2763 captivum
3175 2699 3348 2760 tenet,
3385 2693 3543 2768 igno'o

1954 2786 2098 2846 seat,
2130 2786 2210 2846 et,
2245 2781 2394 2836 velut
2432 2792 2608 2837 mater
2637 2784 3052 2850 amantissima,
3079 2788 3182 2843 sub
3211 2787 3543 2847 velamentis

1954 2870 2075 2929 suis
2130 2873 2391 2940 occultet,
2453 2882 2619 2948 atque
2657 2876 3014 2948 imperatoris
3043 2879 3141 2934 ira
3180 2886 3238 2936 et
3277 2880 3539 2950 populari

1952 2962 2130 3020 furori
2187 2965 2668 3038 acerbissimoque
2686 2967 2818 3024 odio
2885 2969 3132 3026 resistat.
3193 2965 3313 3025 Hoc
3338 2970 3538 3028 altaris

1953 3070 2343 3116 ornamentum
2393 3067 2502 3118 est.
2562 3061 2634 3118 At
2656 3062 2938 3134 quodnam
2989 3064 3095 3119 hoc
3125 3059 3349 3120 tandem
3375 3077 3539 3121 orna-

1951 3162 2197 3208 mentum
2254 3159 2362 3220 est,
2395 3153 2608 3226 inquiet
2658 3153 2880 3226 aliquis,
2910 3165 2972 3213 ut
3004 3155 3174 3214 homo
3205 3156 3538 3224 sceleratus.

1959 3256 2163 3298 avarus
2186 3251 2240 3299 et
2266 3258 2458 3315 rapax,
2481 3245 2769 3303 columnas
2797 3246 2992 3302 altaris
3031 3248 3267 3320 tangat?
3293 3247 3442 3304 Cave
3457 3247 3537 3306 ita

1950 3334 2222 3405 loquaris.
2275 3335 2410 3392 Nam
2447 3345 2502 3394 et
2532 3338 2768 3394 scelesta
2813 3346 2982 3411 atque
3018 3340 3236 3410 impura
3265 3341 3538 3398 meretrix

1947 3425 2080 3485 Jesu
2118 3431 2488 3486 contrectavit
2517 3430 2706 3502 pedes,
2739 3448 2920 3503 neque
2959 3433 3013 3489 id
3050 3428 3284 3490 Domino
3309 3431 3443 3492 Jesu
3475 3433 3535 3491 in

1947 3521 2161 3577 crimen
2219 3537 2442 3579 versum
2487 3531 2596 3580 est.
2626 3523 2748 3581 Non
2781 3526 2927 3582 enim
2969 3541 3091 3596 quae
3133 3526 3352 3598 impura
3409 3535 3534 3584 erat

1947 3630 2089 3686 puro
2131 3615 2435 3688 quidquam
2486 3619 2699 3685 nocuit,
2738 3618 2833 3675 sed
2877 3619 3152 3691 impuram
3183 3619 3531 3676 meretricem

1949 3723 2125 3780 purus
2161 3709 2280 3778 ipse
2316 3708 2406 3765 sui
2443 3715 2710 3766 contactu
2762 3725 2956 3783 puram
2994 3693 3256 3769 reddidit.
3289 3711 3438 3770 Cave
3464 3728 3535 3768 ne

1946 3805 2025 3860 sis
2054 3803 2386 3874 iniuriarum
2413 3819 2644 3872 memor,
2673 3819 2708 3862 ο
2740 3806 2922 3862 homo.
2955 3799 3168 3862 Famuli
3199 3805 3405 3878 quippe
3436 3822 3532 3863 sn-

1945 3913 2073 3954 mus
2106 3898 2320 3954 Domini
2354 3897 2409 3953 in
2442 3913 2666 3955 erucem
2695 3899 2827 3966 acti,
2868 3899 2962 3972 qui
2993 3900 3212 3955 dicebat
3245 3919 3259 3956 :
3301 3918 3322 3952 ι
3345 3899 3530 3967 Pater,

1947 3989 2164 4047 dimitte
2193 3993 2304 4050 illis
2330 4010 2344 4047 :
2375 4008 2489 4050 non
2526 3993 2679 4050 enim
2715 3993 2901 4051 sciunt
2941 3993 3076 4064 quid
3107 3992 3326 4049 faciunt
3358 3991 3528 4065 (Luc.

1946 4104 2105 4156 χχιιι,
2134 4086 2245 4158 14).
2269 4107 2288 4142 ι
2325 4091 2397 4144 At
2422 4087 2589 4144 variis
2619 4087 2912 4159 rescriptis
2933 4102 2999 4142 ae
3022 4087 3255 4158 legibus,
3288 4086 3526 4158 inquies,

1943 4180 2258 4255 perfugium
2284 4181 2338 4237 in
2380 4182 2528 4237 hunc
2560 4181 2748 4237 locum
2787 4181 3091 4251 praeclusit.
3133 4180 3214 4234 ita
3247 4180 3471 4251 quidem
3508 4201 3522 4237 :

1945 4275 2042 4333 sed
2085 4275 2248 4331 modo
2279 4275 2394 4345 ipsa
2436 4290 2496 4329 re
2523 4273 2741 4338 didicit,
2773 4273 2905 4344 quid
2937 4273 3164 4328 sceleris
3195 4272 3521 4328 admiserit:

1947 4385 2013 4426 ac
2049 4370 2229 4441 legem
2254 4369 2373 4438 ipse
2395 4368 2625 4438 primus,
2644 4382 2743 4437 per
2773 4381 2836 4422 ea
2862 4381 2986 4436 quae
3014 4380 3213 4435 passus
3233 4373 3341 4427 est,
3361 4365 3525 4419 abru-

1866 4442 1913 4500 Ῑ)
1941 4465 2110 4533 gavit,
2170 4463 2460 4531 iactusque
2503 4467 2590 4516 est
2643 4459 2767 4515 orbi
2826 4459 3226 4530 spectaculum.
3263 4457 3524 4524 Quinimo

1940 4563 2117 4611 taceat
2149 4555 2299 4622 licet,
2330 4552 2497 4625 324
2523 4568 2714 4609 vocem
2744 4551 2874 4607 hinc
2902 4551 3125 4615 emittit,
3159 4550 3524 4622 hortaturque

1939 4656 1991 4705 ct
2029 4649 2109 4704 ait
2150 4665 2162 4701 :
2211 4646 2571 4717 Nequaquam
2603 4643 2730 4700 talia
2784 4643 2982 4712 agatis,
3013 4658 3078 4696 ne
3108 4642 3315 4695 similia
3345 4641 3528 4710 patia~

1937 4741 2072 4796 mini
2101 4760 2113 4795 :
2149 4740 2343 4809 sicque
2368 4747 2556 4792 mutus
2583 4737 2848 4807 magister
2887 4734 3205 4789 calamitate
3231 4749 3333 4788 sua
3374 4736 3521 4789 exsi-

1939 4836 2053 4891 stit.
2079 4833 2185 4890 Sed
2214 4842 2266 4888 et
2296 4833 2471 4886 altare
2499 4831 2782 4898 ingentem
2805 4845 2870 4881 ex
2913 4842 2973 4882 se
3002 4827 3355 4897 Splendorem
3387 4829 3518 4881 mit-

1939 4931 2024 4994 tit,
2062 4925 2283 4997 quando
2311 4925 2519 4980 lconem
2544 4921 2782 4978 vinculis
2802 4920 3162 4975 constrictum
3187 4927 3354 4972 tenet.
3384 4918 3517 4973 Nam

1936 5037 1990 5080 et
2017 5021 2369 5093 imperatoris
2403 5017 2631 5088 imagini
2664 5030 2923 5085 magnum
2950 5020 3336 5068 ornamentum
3361 5028 3520 5068 acce-

1937 5117 2039 5181 dit,
2070 5131 2178 5170 non
2227 5127 2355 5167 cum
2393 5109 2548 5166 sedet
2595 5110 2652 5162 in
2688 5107 2913 5170 throno,
2941 5120 3244 5176 purpuram
3270 5112 3324 5160 et
3355 5120 3517 5160 core-

1937 5227 2065 5270 nam
2098 5219 2323 5283 gestans
2352 5224 2368 5262 :
2398 5203 2495 5260 sed
2544 5217 2668 5256 cum
2691 5201 2795 5256 sub
2825 5201 2993 5271 regiis
3025 5199 3260 5270 pedibus
3297 5199 3514 5254 barbari

1937 5323 1970 5363 9.
2009 5319 2159 5378 tergo
2205 5302 2461 5369 revincti,
2495 5298 2740 5354 demisso
2781 5300 2835 5352 in
2869 5304 3073 5352 terram
3103 5294 3281 5364 capite
3309 5291 3516 5360 jaceat.

1940 5399 2108 5471 Atqui
2140 5399 2247 5453 huc
2265 5410 2460 5452 omnes
2477 5391 2843 5459 conﬂuxistis,
2867 5397 2923 5444 ut
2941 5399 3191 5443 naturam
3220 5386 3515 5440 humanam

1944 5491 2159 5548 traduci
2205 5487 2458 5544 videatis.
2496 5484 2669 5540 Deum
2696 5483 2842 5538 enim
2883 5481 3032 5535 hunc
3055 5477 3285 5534 cernitis
3306 5491 3340 5530 e
3361 5484 3516 5530 tanto

1943 5587 2167 5657 fastigio
2204 5583 2477 5652 deiectum
2509 5600 2521 5635 ε
2555 5579 2728 5640 hunc,
2783 5578 3028 5644 inquam,
3066 5571 3157 5642 qui
3185 5569 3370 5624 orbem
3403 5567 3514 5622 fere

1944 5681 2260 5738 universum
2295 5673 2602 5747 quatiebat,
2645 5675 2994 5724 contractum
3047 5660 3437 5732 leporibusque
3461 5667 3513 5714 et

3077 5793 3151 5860 36
