3970 6294
330 354 464 424 1137

1586 373 1824 436 SACRA
1856 375 2325 441 PARALLELA.

3447 371 3587 438 λιιι

403 487 424 524 ι
470 469 720 542 Ἐξῆλθεν
747 471 910 528 dum
940 474 1046 529 ἀπὸ
1079 473 1174 529 τοῦ
1220 476 1507 551 σπηλαίου,
1539 483 1631 536 καὶ
1674 483 1899 555 ἐϐόησεν

2078 485 2110 541 Ι
2134 485 2261 560 Reg.
2296 500 2443 554 xxw,
2473 485 2629 543 9-l8.
2658 514 2724 527 -
2753 503 2772 538 ι
2809 485 3063 542 Surrexit
3090 493 3275 543 autem
3309 486 3482 542 David
3518 487 3586 542 de

328 561 503 618 ὀπίσω
537 563 727 632 Σαοὺλ,
756 564 928 636 λέγων
945 583 959 599 ο
984 567 1159 640 Κύριε
1197 570 1416 641 βασιλεῦ
1439 590 1455 605 ο
1483 576 1578 630 καὶ
1607 575 1905 648 ἐπέϐλεψεν

331 653 504 709 Σαοὺλ
531 656 710 712 ὀπίσω
747 655 937 726 αὐτοῦ,
973 660 1071 715 καὶ
1098 660 1268 732 ἔκυψε
1296 664 1465 722 Δαὸὶδ
1494 666 1589 722 ἐπὶ
1615 668 1906 739 πρόσωπον

329 746 492 802 αὐτοῦ
524 749 618 802 επὶ
673 751 775 825 τὴν
829 753 958 824 γῆν,
995 755 1090 809 καὶ
1141 758 1551 830 προσεκύνησεν
1597 761 1768 834 αὐτῷ.
1795 762 1908 819 Καὶ

329 834 483 895 εἶπεν
522 839 706 898 Δαϐίδ·
749 842 869 899 Ἶνα
893 843 949 902 τί
1007 846 1230 916 ἀκούεις
1286 849 1396 906 τῶν
1431 849 1612 922 λόγων
1650 853 1749 909 τοῦ
1775 853 1907 910 λαοῦ

329 927 625 1001 λεγόνιιιειιν⁸
673 934 809 991 Ἰδοὺ
822 935 988 994 Δασὶδ
1001 938 1157 1011 ζητεί
1183 941 1285 1016 τὴν
1307 939 1490 1018 ψυχήν
1520 960 1618 1001 σου
1637 962 1662 1013 ;
1686 945 1819 1002 Ἰδοὺ
1845 948 1907 1004 ιν

329 1025 397 1095 τῇ
417 1023 604 1100 ἡμέρᾳ
628 1027 804 1104 ταύτῃ
823 1029 1138 1103 ἑωράκασιν
1173 1034 1224 1089 oi
1257 1035 1528 1110 ὀφθαλμοί
1568 1054 1688 1107 σου,
1716 1038 1909 1114 ὥσπερ

331 1116 498 1174 ἔδωκε
514 1135 575 1175 σε
596 1119 802 1194 Κύριος
815 1123 896 1190 είς,
917 1125 1016 1188 τὰς
1028 1127 1218 1200 χεῖράς
1232 1145 1335 1203 μου
1349 1129 1409 1186 iv
1429 1130 1508 1204 τῷ
1523 1133 1793 1208 σπηλαίῳ,
1811 1135 1908 1191 καὶ

330 1214 430 1269 οὐκ
451 1213 763 1292 ἠϐουλήθην
791 1219 1112 1278 ἀποκτεῖναί
1131 1240 1214 1292 σε,
1238 1225 1337 1282 καὶ
1353 1226 1665 1302 ἐφεισάμην
1691 1246 1788 1286 σου
1811 1232 1906 1288 καὶ

331 1302 496 1364 εἴπα·
543 1311 658 1368 Dim
706 1311 918 1371 ιποίσω
970 1317 1132 1389 χεῖρά
1157 1335 1260 1394 μου
1285 1317 1367 1387 είς
1409 1320 1502 1376 τὸν
1555 1322 1747 1396 κύριόν
1775 1342 1911 1398 μου,

328 1398 415 1491 οτι
459 1402 682 1474 χριστὸς
733 1404 942 1479 Κυρίου
971 1402 1154 1474 οὗτος.
1191 1409 1306 1467 Καὶ
1340 1412 1452 1468 ίδοῦ
1482 1414 1780 1486 πτερύγιον
1803 1417 1908 1491 τῆς

328 1490 601 1560 διπλοϊόος
618 1512 714 1552 σου
741 1497 801 1553 ὲν
822 1501 888 1571 τῇ
911 1499 1057 1573 χειρί
1087 1517 1213 1574 μου,
1242 1503 1338 1559 καὶ
1357 1506 1458 1561 οὐκ
1473 1507 1800 1579 ἀπέκταγκά
1822 1490 1903 1567 σε.

330 1583 442 1639 Καὶ
468 1583 643 1657 ἐπῆρε
667 1586 846 1644 Σαοὺλ
873 1590 974 1662 τὴν
1012 1588 1198 1668 φωνὴν
1252 1595 1442 1665 αὑτοῦ,
1474 1598 1570 1654 καὶ
1614 1598 1904 1670 ἔκλαυσεν,

329 1677 427 1732 καὶ
454 1672 578 1734 εἷπε
605 1680 743 1753 πρὸς
762 1682 925 1763 Δαδίδ
948 1700 963 1714 ·
994 1684 1218 1754 Δίκαιος
1267 1689 1331 1745 σὺ
1367 1691 1511 1763 ὑπὲρ
1563 1690 1688 1762 ἐμὲ,
1725 1694 1809 1752 ὅτι
1838 1696 1907 1752 σὺ

330 1771 721 1839 avra-uidente:
778 1793 870 1849 μοι
920 1778 1125 1851 ἀγαθὰ,
1173 1781 1287 1855 ιγὼ
1313 1782 1372 1839 δὲ
1407 1785 1771 1845 ἀνταπὲδωκά
1821 1802 1904 1846 σοι

331 1866 499 1921 κακά.
530 1887 550 1921 ι
574 1868 598 1935 \

407 1977 428 2011 ι
474 1959 908 2037 Τεκταινόμενος
964 1964 1169 2038 ἀγαθὰ,
1213 1965 1370 2043 ζητεῖ
1411 1972 1576 2048 χάριν
1613 1975 1851 2050 ἀγαθήν.
1880 1999 1903 2036 ι

409 2156 430 2190 ε
469 2139 562 2214 Μὴ
594 2139 869 2227 πλατύνου
890 2146 1004 2210 σοῖς
1031 2144 1304 2218 χείλεσιν⁹
1333 2150 1413 2225 μὴ
1441 2153 1626 2227 εἴπῃς·
1660 2154 1760 2210 ’ον
1784 2155 1908 2229 τρόε

331 2248 433 2288 πον
460 2235 727 2308 ἐχρήσατό
752 2253 865 2310 μοι,
895 2237 1174 2313 χρήσομαι
1226 2240 1406 2316 αὐτῷ,
1430 2243 1572 2318 ὑπὲρ
1587 2239 1665 2303 ὧν
1694 2264 1764 2320 με
1790 2246 1910 2320 ἡδί-

333 2344 522 2399 κησεν.
560 2343 586 2383 ο

408 2439 428 2474 ι
472 2421 566 2496 Μὴ
598 2421 799 2500 εἴπῃς·
833 2425 1064 2500 Γίσομαι
1103 2425 1453 2505 τδν-ὶχθρόν·
1477 2431 1915 2509 ἀλλ’ὕπόμεινον

329 2513 424 2569 τὸν
461 2515 692 2588 Κύριον,
709 2515 800 2575 ἵνα
827 2536 886 2575 σε
914 2519 1183 2597 βοηθήσῃ.
1217 2537 1243 2577 ι

393 2625 415 2661 ε
463 2607 593 2665 Ἐὰν
606 2612 767 2685 πεινᾷ
790 2613 820 2666 ὁ
854 2610 1052 2687 ἐχθρός
1082 2629 1208 2682 σου,
1230 2613 1450 2692 ψώμιζε
1479 2618 1666 2688 αὐτὸν,
1695 2621 1790 2678 καὶ
1811 2621 1912 2679 ἰὰν

329 2699 484 2775 διψᾷ,
542 2701 731 2770 πότιζε
781 2705 966 2761 αὐτόν.
1023 2703 1200 2765 Τοῦτο
1223 2707 1333 2782 γὰρ
1384 2709 1579 2780 ποιῶν,
1627 2713 1911 2788 ἄνθρακας

329 2792 504 2864 πυρὸς
530 2793 828 2868 σωρεύσεις
850 2795 947 2854 tari
958 2797 1062 2868 τὴν
1084 2797 1330 2878 κεφαλὴν
1355 2801 1552 2871 αὐτοῦ,
1575 2803 1678 2861 καὶ
1701 2804 1911 2882 Κύριος

330 2883 700 2944 ἀνταποδώσει
726 2905 809 2947 σοι
827 2890 1030 2961 ira“.
1068 2911 1099 2948 ιι

407 2997 430 3031 ε
475 2979 614 3036 Ὀδολ
639 2984 990 3055 μνησικάκων
1015 2989 1095 3054 είς
1121 2987 1370 3048 θάνατον.
1411 3011 1441 3048 ι

410 3176 431 3211 ι
471 3159 568 3226 ’ος
599 3166 950 3234 μνησικακεῖ,
977 3165 1310 3242 παράνομος.
1351 3189 1373 3224 ι

404 3357 431 3395 ι
470 3339 530 3396 '0
558 3343 816 3414 κρύπτων
841 3341 1064 3415 ἐχθραν,
1096 3345 1379 3422 συνίστησι
1406 3349 1580 3407 δόλον.
1612 3371 1632 3407 ι

409 3554 435 3589 ι.
461 3537 676 3593 Κακίαν
706 3537 935 3604 ἕκαστος
962 3538 1057 3594 τοῦ
1085 3541 1316 3614 ἀδελφοῦ
1349 3544 1516 3601 αὐτοῢ
1557 3546 1619 3602 οὗ
1657 3546 1735 3622 μή
1775 3567 1912 3623 μνητ

332 3625 599 3697 σικακῆτε
638 3625 698 3682 ὲν
750 3629 869 3693 ταῖς
917 3629 1168 3703 καρδίαις
1246 3633 1419 3705 ὑμῶν.
1468 3636 1660 3711 Κρῐμα
1703 3638 1914 3698 δίκαιον

331 3713 578 3789 κρίνατε,
608 3720 703 3774 καὶ
726 3719 876 3788 ἔλεος
925 3724 1022 3778 καὶ
1077 3725 1366 3799 οἰκτιρμδν
1418 3731 1628 3785 ποιεῖτε
1678 3731 1914 3801 ἕκαστος

340 3809 475 3881 πρὸς
503 3810 594 3866 τὸν
619 3813 851 3885 ἀδελφὺν
880 3816 1069 3874 αὑτοῦ.
1109 3836 1131 3873 ι

411 3920 433 3955 ι
477 3901 850 3978 Ἐκζητήσατε
901 3907 960 3963 τὺ
1013 3909 1208 3979 καλὸν,
1255 3912 1352 3970 καὶ
1399 3914 1482 3988 μὴ
1517 3919 1778 3993 πονηρὸν,
1820 3921 1915 3980 καὶ

333 3992 489 4054 ἔσται
525 3997 648 4070 μεθ’
670 3999 826 4072 ὑμῶν
849 4000 1076 4077 Κύριος.
1114 4023 1138 4057 ι

410 4109 432 4144 ε
478 4091 776 4147 Ἀκούσατε
805 4094 959 4166 ῥῆμα
990 4097 1200 4171 Κυρίου
1234 4101 1285 4156 οἱ
1310 4101 1609 4175 τρέμοντες
1630 4105 1723 4162 τὸν
1759 4107 1920 4179 λόγον

335 4179 526 4241 αὐτοῦ.
551 4181 776 4249 Bimae,
802 4184 1025 4257 ἀδελφοί
1053 4203 1177 4260 μου,
1214 4191 1328 4254 τοῖς
1368 4192 1620 4262 μισοῦσιν
1648 4194 1795 4265 ὑμᾶς
1821 4199 1918 4253 καὶ

336 4271 786 4349 βδελυσσομὲνοις
815 4315 831 4342 ,
885 4275 976 4333 ἵνα
1040 4278 1104 4335 τὸ
1155 4281 1328 4354 ονομα
1374 4284 1581 4357 Κυρίου
1637 4287 1918 4363 δοξασθῇ,

331 4368 432 4422 καὶ
467 4368 609 4442 ὀφθῇ
641 4371 775 4442 ὑμῖν
800 4369 861 4428 ἓν
888 4371 1199 4449 εὐφροσύνῃ
1245 4373 1422 4447 ὑμῶν,
1467 4379 1562 4434 καὶ
1603 4381 1805 4439 ικείνοι
1834 4383 1920 4439 αι.

338 4463 754 4538 σχυνθήσονται.
787 4485 808 4522 ι

1935 1858 1985 1915 Β

1930 3221 1981 3286 C

2011 578 2274 648 spelunca
2301 617 2316 646 ,
2357 585 2412 634 et
2433 576 2694 633 clamavit
2725 585 2852 650 post
2889 575 3044 645 Sani,
3068 576 3260 635 dicens
3292 595 3308 632 :
3355 578 3586 634 Domine

2014 686 2130 727 rex.
2163 672 2233 728 Et
2277 674 2521 740 respexit
2566 669 2700 728 Saul
2739 681 2866 742 post
2913 687 3011 738 se,
3071 679 3128 728 et
3185 670 3462 728 inclinans
3526 686 3587 727 se

2011 761 2184 820 David
2235 763 2293 820 in
2345 764 2544 822 faciem
2594 778 2763 837 super
2822 772 3064 831 terram,
3129 762 3380 820 adoravit
3431 778 3581 820 eum.

2011 856 2082 914 Et
2107 855 2248 914 dixit
2277 855 2453 914 David
2483 873 2501 914 :
2527 856 2715 926 Quare
2741 857 2904 915 audis
2936 856 3104 914 verba
3155 857 3350 930 populi
3392 856 3579 913 dicen-

2012 948 2083 1008 tia
2113 967 2131 1006 :
2163 947 2313 1008 Ecce
2338 948 2515 1008 David
2537 949 2737 1022 qurerit
2768 951 3008 1007 animam
3031 956 3181 1009 tuam
3203 950 3231 1005 ‘i
3257 948 3398 1007 Ecce
3419 949 3586 1006 hodie

2009 1040 2268 1100 viderunt
2294 1040 2446 1101 oculi
2477 1044 2598 1112 tui,
2636 1043 2914 1117 quomodo
2943 1042 3174 1100 tradidit
3228 1053 3282 1101 te
3311 1041 3586 1099 Dominus

2011 1139 2068 1197 in
2121 1155 2292 1198 manu
2308 1155 2431 1199 mea
2452 1141 2510 1198 in
2537 1142 2838 1215 spelunca,
2863 1150 2923 1200 et
2958 1142 3112 1201 nolui
3143 1152 3199 1200 te
3231 1141 3546 1200 interﬁcere
3566 1177 3583 1205 .

2011 1241 2067 1291 et
2096 1233 2322 1306 pepercl
2343 1235 2440 1294 tibi
2464 1277 2484 1304 ,
2508 1243 2567 1294 et
2591 1234 2706 1294 dixi
2733 1254 2751 1294 :
2776 1233 2897 1294 Non
2928 1236 3126 1294 levabo
3155 1250 3377 1292 manum
3406 1247 3585 1290 meam

2012 1328 2069 1386 in
2093 1327 2388 1387 dominum
2415 1345 2598 1387 meum
2623 1369 2642 1397 ,
2675 1329 2806 1405 quia
2844 1329 3103 1389 cbristus
3135 1327 3352 1386 Domini
3376 1336 3480 1386 est.
3514 1325 3588 1385 Et

2012 1435 2141 1478 ecce
2159 1420 2538 1480 summitatem
2561 1420 2867 1492 chlamydis
2903 1429 3005 1477 tuae
3029 1423 3088 1476 in
3123 1434 3287 1476 manu
3319 1432 3462 1486 mea,
3483 1429 3586 1473 nec

2011 1511 2269 1570 interfeci
2299 1519 2375 1571 te.
2405 1511 2474 1568 Et
2503 1513 2708 1571 levavit
2742 1512 2878 1569 Sani
2933 1526 3124 1570 vocem
3153 1526 3343 1578 suam,
3400 1515 3457 1566 ct
3485 1507 3584 1568 ηο-

2009 1605 2132 1672 vit;
2160 1605 2418 1679 dixitque
2453 1605 2523 1665 ad
2555 1605 2726 1663 David
2756 1625 2772 1663 :
2803 1605 3012 1664 Justior
3050 1621 3140 1664 me
3198 1619 3263 1663 es
3316 1610 3398 1660 tu.
3428 1601 3580 1670 Quo-

2010 1697 2162 1754 niam
2191 1698 2329 1755 mibi
2355 1699 2666 1760 retribuitti
2693 1699 2875 1779 bona_;
2901 1714 3004 1783 ego
3026 1706 3209 1758 autem
3242 1696 3458 1757 reddidi
3485 1695 3584 1756 tibi

2011 1788 2186 1847 mala.
2216 1807 2243 1844 ι

2082 1967 2245 2027 Prae.
2277 1987 2369 2041 ιι,
2397 1971 2491 2028 27.
2531 2000 2601 2015 -
2637 1991 2657 2027 ι
2693 1972 2797 2042 Qui
2828 1973 2975 2031 bona
3021 1972 3175 2046 agit,
3233 1978 3439 2044 quaeret
3461 1984 3584 2042 gra-

2011 2057 2141 2115 tiam
2161 2060 2386 2118 bonam.
2399 2079 2420 2115 ι

2085 2148 2248 2208 Prov.
2279 2168 2430 2222 xxrv,
2458 2152 2552 2210 29.
2583 2183 2654 2195 —
2685 2171 2708 2208 ι
2742 2152 2823 2211 Ne
2851 2153 3051 2210 dilales
3082 2151 3246 2210 labiis
3295 2152 3409 2210 tuis
3436 2190 3452 2216 ,
3481 2165 3584 2206 nec

2007 2241 2203 2312 dicas,
2233 2244 2701 2316 quemadmodum
2735 2245 2848 2317 egit
2896 2259 3114 2302 mecum
3133 2285 3149 2312 ,
3174 2257 3331 2318 agam
3364 2255 3489 2297 cum
3518 2260 3584 2296 eo

2009 2349 2110 2406 pro
2137 2334 2227 2392 bis
2247 2335 2454 2408 quibus
2484 2352 2574 2395 me
2609 2333 2816 2410 iniuria
2847 2335 3055 2395 aﬂ'ecit.
3093 2355 3116 2391 ι

2083 2426 2246 2487 Prov.
2265 2443 2362 2498 xx,
2390 2428 2483 2488 22.
2512 2459 2585 2474 —
2614 2449 2634 2485 ι
2664 2428 2746 2488 Ne
2773 2430 2984 2488 dixeris
3013 2448 3029 2487 :
3098 2427 3328 2488 Inimico
3384 2443 3582 2500 repen-

2007 2520 2172 2589 dam.
2206 2521 2304 2582 sed
2332 2532 2590 2598 exspecta
2615 2523 2911 2584 Dominum
2936 2565 2953 2592 ,
2985 2530 3047 2582 ut
3074 2523 3175 2582 tibi
3197 2523 3402 2580 auxilio
3428 2523 3521 2579 sit.
3558 2542 3580 2577 ι

2082 2615 2250 2675 Prae.
2280 2630 2412 2686 xxv,
2440 2616 2536 2676 at.
2565 2645 2640 2667 -
2671 2636 2694 2672 ι
2727 2613 2786 2674 Si
2815 2616 3080 2676 esurierit
3126 2617 3386 2674 inimicus
3415 2625 3540 2673 tuus
3566 2655 3581 2678 .

2011 2709 2137 2769 ciba
2165 2709 2322 2768 illum
2354 2725 2370 2764 :
2396 2709 2446 2767 si
2474 2708 2736 2778 sitiverit,
2769 2709 2840 2766 da
2866 2709 2917 2766 ei
2938 2708 3129 2767 bibere
3169 2729 3187 2766 :
3217 2723 3421 2781 prunas
3436 2709 3585 2766 enim

2007 2803 2376 2878 congregabis
2403 2816 2575 2876 super
2594 2802 2959 2877 caputeius;
3020 2809 3079 2861 et
3123 2802 3393 2861 Dominus
3457 2799 3584 2859 red-

2010 2895 2103 2953 det
2123 2895 2228 2953 tibi
2277 2894 2446 2954 bona.
2484 2914 2508 2952 ι

2080 2987 2245 3045 Prov.
2281 3002 2380 3055 xu.
2427 2986 2519 3045 28.
2552 3019 2620 3033 --
2655 3006 2682 3042 σ
2729 2987 2840 3046 Viae
2868 3002 3177 3046 memorum
3239 2985 3478 3058 injuriae,
3515 2985 3585 3042 ad

2011 3087 2266 3138 mortem.
2316 3099 2339 3135 ι

2085 3173 2229 3233 Ibid.
2287 3202 2358 3221 --
2389 3194 2409 3230 ι
2444 3175 2549 3247 Qui
2594 3175 2833 3249 iniurias
2884 3161 3235 3244 recordatur;
3283 3174 3588 3250 ﬂagitiosus

2006 3276 2114 3328 est.
2159 3287 2187 3326 ι

2068 3358 2239 3428 ,Ρτοα
2273 3377 2426 3432 xxvr,
2461 3360 2558 3419 20.
2585 3392 2657 3405 —
2695 3381 2714 3416 ι
2745 3362 2849 3430 Qui
2884 3363 3027 3420 celat
3068 3361 3442 3428 inimicitiam,
3492 3377 3587 3422 ne-

2008 3453 2108 3511 ctit
2137 3453 2348 3512 dolum.
2390 3476 2411 3510 ι

2078 3542 2248 3602 Zaeh.
2276 3561 2373 3616 vn,
2405 3547 2494 3605 10.
2528 3578 2598 3590 —-
2634 3566 2654 3601 ι
2712 3546 2932 3604 Malitia
2984 3549 3364 3621 unusquisque
3397 3539 3590 3605 fratris

2007 3637 2093 3693 sui
2116 3636 2289 3695 nolite
2312 3639 2630 3697 meminisse
2661 3640 2718 3696 in
2761 3641 3025 3701 cordibus
3055 3643 3275 3700 vestris.
3306 3641 3586 3700 Judicium

2007 3729 2479 3802 iustnmiudicate
2500 3773 2518 3802 ,
2550 3742 2605 3790 et
2634 3733 3072 3793 misericordiam
3105 3743 3160 3791 et
3179 3736 3590 3794 miserationem

2011 3821 2233 3881 faciatis
2263 3825 2643 3899 unusquisque
2677 3826 2746 3883 ad
2769 3828 2993 3886 fratrem
3016 3845 3202 3888 suum.
3244 3850 3263 3884 ι

2087 3916 2250 3975 Amor
2279 3933 2344 3987 ν,
2377 3919 2466 3975 ιι.
2495 3948 2566 3960 -
2597 3939 2616 3973 ι
2653 3919 2894 3988 Quaerite
2925 3921 3156 3990 bonum,
3201 3932 3256 3977 et
3303 3937 3413 3979 non
3469 3937 3587 3980 ma-

2013 4009 2159 4080 lum;
2187 4019 2242 4070 et
2273 4009 2382 4070 erit
2408 4012 2691 4070 vobiscum
2743 4013 3026 4073 Dominus.
3072 4033 3092 4068 ι

2086 4102 2202 4160 Ira.
2236 4120 2385 4172 vat.
2414 4105 2469 4171 5,
2501 4105 2558 4163 6.
2588 4136 2659 4149 —
2692 4124 2711 4160 ι
2746 4107 2950 4164 Audite
2981 4108 3207 4164 verbum
3237 4109 3592 4180 Domini,qui

2015 4198 2257 4254 tremitis
2280 4197 2506 4256 verbum
2545 4198 2746 4270 ipsius.
2779 4198 2976 4270 Dicite,
3009 4200 3214 4257 fratres
3245 4202 3476 4268 mei,his
3494 4205 3590 4274 qui

2017 4286 2255 4346 oderunt
2286 4305 2403 4360 vos,
2436 4298 2492 4348 et
2534 4291 2964 4360 abominantur;
3002 4300 3070 4348 ut
3120 4308 3323 4349 nomen
3373 4292 3591 4349 Domini

2017 4379 2379 4453 gloriﬁcatur,
2410 4391 2466 4442 et
2495 4393 2758 4458 appareat
2813 4385 2877 4443 in
2926 4384 3119 4442 laetitia
3153 4394 3363 4453 vestra,
3397 4394 3459 4459 et
3510 4387 3590 4442 illi

2019 4470 2455 4530 confundentur.
2503 4494 2524 4530 ι

412 4578 433 4610 ε
474 4558 596 4613 Ἐπὶ
621 4560 827 4629 παντὸς
877 4560 1219 4636 ἀδικήματος
1277 4566 1358 4639 μὴ
1407 4565 1641 4640 μηνίσῃς
1671 4569 1748 4641 τῷ
1772 4568 1911 4646 πλη-

2089 4565 2258 4624 Eccli.
2285 4583 2344 4634 x,
2375 4567 2431 4625 6.
2463 4596 2536 4612 —-
2568 4589 2587 4623 ε
2631 4568 2711 4628 0b
2741 4587 2961 4629 omnem
3006 4571 3272 4645 iniuriam
3315 4589 3384 4631 nc
3405 4588 3592 4629 serves

340 4672 454 4709 σιον
481 4674 598 4710 σου.
641 4676 660 4709 Ι

411 4765 430 4800 ι
473 4749 643 4819 Ἀφες
670 4749 912 4824 ἀδίκημα
965 4750 1043 4824 τῷ
1094 4752 1322 4825 πλησίον
1354 4770 1469 4824 σου,
1501 4757 1596 4812 καὶ
1623 4757 1743 4812 τότε
1789 4759 1915 4832 δεη-

339 4841 523 4904 θέντος
559 4859 654 4896 σου
694 4843 750 4897 αἱ
772 4845 1040 4916 ἁμαρτίαι
1068 4862 1163 4900 σου
1196 4845 1545 4918 λυθήσονται.
1587 4867 1605 4903 ι

418 4953 436 4986 ι
473 4935 758 5009 Μνήσθητι
806 4936 878 4991 τὰ
936 4937 1141 5010 ἕσχατά
1180 4957 1294 5003 σου,
1327 4941 1419 4994 καὶ
1474 4941 1679 4998 παῦσαι
1700 4941 1919 5016 ἐχθραίο

343 5046 467 5084 νων.
501 5045 520 5080 ι

418 5139 437 5173 ι
473 5121 730 5179 Δάνεισον
778 5123 856 5198 τῷ
885 5123 1113 5196 πλησίον
1166 5141 1261 5179 σου
1292 5125 1433 5182 κατὰ
1468 5125 1697 5200 δύναμίν
1736 5146 1854 5186 σου.
1891 5148 1910 5183 ι

419 5320 438 5355 ι
477 5303 736 5373 Ἔλεγξον
757 5304 848 5361 σὺν
879 5305 1108 5380 πλησίον
1143 5325 1262 5377 σου,
1297 5309 1507 5382 μήποτε
1532 5310 1633 5364 οὐκ
1651 5310 1872 5384 ἐποίησε
1899 5331 1913 5346 ο

343 5395 439 5451 καὶ
470 5396 524 5450 si
539 5413 592 5451 τι
612 5397 862 5471 ἐποίησε,
895 5401 1106 5473 μήποτε
1136 5402 1371 5476 προσθῇ.
1405 5403 1667 5473 Ἔλεγξον
1708 5403 1800 5460 τὸν
1828 5406 1919 5477 φί-

343 5488 455 5555 λον,
495 5489 708 5560 μήπστε
741 5491 848 5548 οὐκ
873 5488 997 5548 εἶπε
1017 5509 1034 5525 ·
1068 5495 1163 5549 καὶ
1203 5497 1253 5550 εί
1287 5496 1533 5568 εἴρηκεν,
1563 5497 1652 5554 ἶνα
1692 5497 1769 5572 μὴ
1798 5498 1918 5554 δευ-

341 5581 596 5656 τερεὺσῃ.
638 5601 660 5637 ι

422 5691 449 5738 ι
473 5674 603 5732 Νὸει
627 5675 699 5732 τὰ
726 5675 822 5734 τοῦ
856 5678 1085 5753 πλησίον
1114 5680 1176 5748 ἐξ
1212 5682 1436 5739 ἑαυτοῦ.
1486 5702 1505 5736 ι

419 5869 440 5908 ι
476 5847 796 5926 ’Ἄνθρωπος
824 5856 1097 5933 ἀνθρώπῳ
1125 5862 1380 5935 συντηρεῖ
1404 5861 1596 5935 ὀργὴν,
1646 5864 1738 5920 καὶ
1770 5863 1918 5938 παρὰ

2021 4658 2161 4716 iram
2196 4661 2464 4719 adversus
2491 4664 2802 4734 proximum
2833 4672 3010 4721 tuum.
3055 4685 3075 4720 ι

2097 4753 2264 4811 Eccli.
2290 4758 2559 4823 xxvm,2.
2592 4787 2661 4799 --
2695 4777 2713 4810 ‹
2755 4758 2976 4815 Dimitte
3009 4759 3287 4830 iniuriam
3341 4761 3594 4832 proximo

2026 4859 2141 4917 tuo,
2168 4860 2220 4907 et
2249 4859 2380 4907 tunc
2410 4851 2725 4924 deprecanti
2764 4853 2864 4909 tibi
2885 4860 3113 4924 peccata
3144 4855 3454 4910 solventur.
3499 4875 3518 4906 ι

2090 4945 2234 5001 Ibid.
2274 4945 2330 5002 6.
2358 4976 2416 4990 -
2467 4963 2488 5000 ε
2528 4945 2801 5004 Memento
2849 4947 3280 5004 novissimorum
3344 4958 3592 5016 tuorum,

2022 5045 2078 5093 et
2106 5036 2300 5093 desine
2322 5036 2630 5094 inimicari.
2668 5053 2689 5088 ι

2093 5129 2261 5186 Eccli.
2294 5146 2454 5199 xxix,
2484 5130 2540 5185 2.
2583 5160 2655 5173 -—
2690 5148 2712 5184 ι
2742 5128 3019 5187 Fenerare
3067 5131 3319 5204 proximo
3368 5138 3464 5189 tuo
3495 5147 3596 5204 pro

2022 5221 2169 5278 virili
2197 5230 2313 5278 tua.
2354 5241 2373 5275 ι

2095 5313 2267 5371 Eccli.
2307 5332 2422 5381 xix,
2459 5315 2546 5374 i3.
2580 5347 2649 5361 --
2674 5336 2694 5370 ι
2725 5316 2956 5388 Corripe
2985 5318 3224 5376 amicum
3271 5326 3454 5385 tuum,
3527 5335 3598 5373 ne

2026 5405 2169 5464 forte
2201 5424 2310 5465 non
2340 5407 2533 5466 fecerit
2565 5427 2582 5465 :
2614 5417 2671 5467 et
2722 5411 2771 5467 si
2829 5411 2964 5481 quid
2991 5411 3222 5479 iecerit,
3276 5426 3346 5468 ne
3392 5411 3593 5466 iterum

2025 5499 2192 5556 addat
2277 5516 2425 5559 cere.
2450 5501 2680 5576 Corripe
2719 5504 2982 5572 amicum,
3038 5520 3107 5561 ne
3151 5504 3308 5560 forte
3331 5503 3532 5559 dixerit
3575 5523 3590 5559 :

2025 5602 2080 5649 ct
2102 5594 2149 5649 si
2179 5591 2407 5661 dixerit,
2430 5611 2502 5653 ne
2525 5595 2668 5653 forte
2693 5595 2876 5653 iteret.
2917 5615 2936 5650 ι

2097 5682 2576 5752 Eccii.xxxi,18.
2614 5717 2684 5729 --
2724 5705 2744 5740 ι
2809 5687 3059 5760 lntellige
3113 5704 3180 5745 ex
3240 5691 3418 5762 teipso
3472 5707 3594 5764 quae

2027 5785 2154 5834 sunt
2189 5779 2426 5847 proximi
2450 5780 2554 5835 tui.
2592 5799 2613 5833 ι

2096 5868 2263 5924 Ειειε.
2300 5886 2491 5938 xxvm,
2524 5871 2644 5929 3-5.
2674 5903 2744 5915 --
2787 5889 2806 5926 ι
2853 5872 3026 5930 Homo
3076 5872 3286 5930 homini
3345 5878 3602 5932 reservat.
