3970 6294
486 267 625 340 1159

1670 264 1728 324 S.
1770 261 1801 322 Ι
1812 259 2013 321 OANN
2025 261 2093 319 IS
2119 254 2551 320 DAMASCENI

3598 245 3736 321 1160

554 382 722 437 Joan.
755 395 806 446 ν,
839 378 892 434 8.
916 406 984 417 —-—-
1006 398 1025 429 r
1053 375 1158 442 Qui
1208 373 1342 428 facit
1395 382 1705 443 peccatum,
1738 389 1804 427 ex
1836 371 2059 427 diabolo

2239 389 2256 420 ι
2305 371 2366 424 '0
2393 371 2558 423 ποιῶν
2594 368 2693 438 τὴν
2728 365 3024 439 ἁμαρτίαν,
3052 364 3116 420 ἐκ
3148 363 3244 419 τοῦ
3284 365 3534 420 διαϐόλου
3567 366 3729 424 ἐστὶν.

484 481 598 538 est;
629 467 889 539 quoniam
923 467 990 519 ab
1031 465 1189 519 in.tio
1219 462 1472 518 diabolus
1502 471 1713 533 peccat.
1751 481 1769 514 ι

558 560 589 615 Ι
627 558 766 615 Tim.
798 574 853 624 v,
904 557 991 612 id.
1019 586 1087 600 --
1112 573 1132 607 ι
1171 553 1551 621 Quorumdam
1609 561 1838 624 peccata
1885 552 2065 606 mani-

488 661 628 717 festa
675 666 828 724 sunt,
885 655 1256 726 praecedentia
1308 650 1377 707 ad
1417 648 1736 721 judicium:
1798 661 2065 717 quorum-

488 756 612 808 dam
644 761 827 806 autem
861 759 917 806 et
947 747 1386 816 subsequuntur.
1423 761 1442 796 ι

559 841 735 898 Βαεὶι.
762 842 818 897 in
849 839 1100 898 Carn.--
1123 834 1537 892 Acerbissimus
1573 830 1854 888 cruciatus
1875 837 1963 888 est
1994 828 2067 885 iis

489 937 583 1010 qui
615 948 758 993 recte
788 935 1033 1007 sapiunt,
1067 948 1097 988 a
1123 931 1235 989 Deo
1264 929 1504 1002 seiungi.
1724 924 1726 927 ’

559 1028 834 1098 Ejusdem.
862 1057 934 1068 —
962 1024 1225 1098 Impietas
1263 1022 1488 1095 proprie
1531 1019 1844 1092 appellatur
1871 1030 2069 1088 peccao

489 1133 631 1188 tum,
661 1119 810 1192 quod
847 1119 903 1175 in
933 1117 1103 1173 Deum
1132 1115 1526 1173 committitur.

561 1213 707 1270 Fieri
749 1228 856 1268 non
899 1219 1105 1284 potest,
1147 1217 1207 1263 ut
1252 1207 1394 1263 illia
1429 1213 1579 1263 recta
1629 1219 1720 1261 via
1754 1202 2066 1269 deflectant,

490 1325 726 1382 quorum
766 1307 936 1362 animi
971 1304 1250 1360 oblivione
1281 1302 1371 1357 Dei
1407 1315 1516 1356 non
1541 1300 1818 1354 laborant.

565 1402 638 1457 Ne
702 1400 830 1472 quis
878 1413 1075 1454 eorum
1114 1395 1211 1466 qui
1261 1408 1461 1463 pravas
1496 1394 1565 1448 de
1614 1390 1726 1445 Deo
1777 1389 2071 1461 opiniones

494 1501 704 1555 tenent,
739 1488 1022 1545 existimet
1057 1491 1319 1553 acceptas
1362 1495 1489 1537 esse
1533 1478 1723 1535 laudes
1755 1491 1893 1548 quas
1919 1475 2069 1548 psal-

492 1599 708 1641 morum
737 1589 904 1636 cantu
937 1578 1052 1634 Deo
1087 1572 1440 1647 persolverit.

566 1673 757 1744 Ejusd.
796 1671 961 1727 Hom.
995 1669 1210 1724 adhort.
1253 1666 1320 1721 ad
1353 1665 1515 1736 Bapt.
1550 1693 1622 1707 -ο
1653 1662 1746 1719 Dei
1777 1661 2070 1733 ignoratio,

499 1783 649 1822 mors
671 1772 760 1821 est
796 1763 1014 1818 animae.

565 1859 667 1917 Cui
697 1856 822 1913 vae?
862 1857 952 1910 cui
1002 1849 1334 1911 tribulatio?
1378 1849 1470 1906 cui
1519 1847 1776 1904 anxietas
1815 1842 1982 1900 animi
2018 1848 2072 1897 et

495 1950 772 2008 tenebrae?
803 1947 892 2005 cui
922 1954 1130 2002 aeterna
1173 1941 1603 1999 condemnatio?
1649 1936 1844 1994 Nonne
1875 1936 1945 1992 iis
1977 1935 2074 2007 qui

496 2062 527 2100 a
586 2042 692 2099 fide
736 2039 1113 2100 desciverunt,
1166 2048 1402 2106 eamque
1461 2029 1833 2104 abjurarunt?
1882 2027 2074 2095 Quod-

496 2152 624 2192 nam
649 2142 832 2190 autem
858 2130 1242 2202 abnegationis
1263 2126 1535 2184 indicium
1559 2123 1687 2180 est?
1709 2122 1909 2178 Annon
1942 2118 2074 2190 quia

497 2227 904 2285 confessionem
953 2237 1111 2281 suam
1175 2218 1542 2292 abiecerunt?
1591 2213 2074 2284 Quemadmodum

497 2324 642 2380 enim
673 2321 876 2379 divinae
905 2317 1033 2374 fidei
1063 2317 1349 2374 confessio
1395 2314 1725 2386 promissam
1759 2310 1866 2382 piis
1904 2307 2076 2365 beati-

500 2418 752 2473 tudinem
803 2413 1103 2480 conciliat;
1162 2412 1246 2468 sic
1283 2407 1535 2479 ejusdem
1582 2401 2076 2473 inliciatioimpie—

501 2510 633 2566 tatis
659 2521 833 2579 paenae
853 2503 1154 2561 obnoxium
1177 2501 1460 2557 hominem
1487 2495 1689 2554 reddit.

572 2599 767 2671 Ejusd.
831 2599 889 2652 in
955 2595 1096 2663 psai.
1160 2605 1361 2649 xxxiii.
1407 2621 1478 2634 --
1518 2590 1790 2645 immittet
1843 2587 2076 2660 angelus

503 2690 740 2747 Domini.
777 2685 1046 2743 Omnibus
1077 2682 1173 2755 qui
1210 2680 1430 2738 Domini
1461 2680 1623 2736 fidem
1652 2676 1890 2750 amplexi
1922 2684 2076 2742 sunt,

503 2783 731 2854 angelus
782 2779 1003 2833 Domini
1046 2790 1269 2846 semper
1317 2774 1576 2832 assistit:
1632 2768 1936 2827 dummodo
1980 2783 2078 2840 per

501 2874 775 2948 ﬂagitiosa
812 2885 980 2943 opera
1042 2871 1225 2940 ipsum
1275 2868 1505 2923 minime
1560 2863 1956 2936 propellamus.
2010 2861 2079 2917 Ut

502 2967 646 3024 enim
678 2978 809 3038 apes
845 2963 1032 3019 fumus
1072 2961 1266 3032 abigit,
1295 2967 1350 3016 et
1379 2958 1584 3014 fetidus
1617 2954 1753 3011 odor
1781 2953 2073 3010 columbas

501 3059 700 3131 pellit;
737 3056 817 3113 sic
843 3055 1012 3111 etiam
1060 3054 1373 3109 luctuosum
1413 3050 1754 3119 fetidumque
1782 3055 2073 3119 peccatum

504 3153 637 3209 vitae
683 3159 891 3207 nostrae
921 3147 1208 3205 custodem
1244 3143 1524 3215 angelum.

573 3245 642 3300 In
700 3245 840 3316 psal.
897 3257 1086 3297 xcvm.
1140 3267 1209 3280 --
1245 3237 1347 3304 Qui
1397 3236 1666 3291 laboravit
1720 3232 1776 3288 in
1827 3232 1934 3287 hoc
1983 3245 2083 3286 sae-

504 3334 654 3400 culo,
703 3334 848 3390 vivet
891 3331 946 3386 in
1002 3330 1186 3385 finem.
1232 3326 1389 3397 337
1423 3323 1526 3391 Qui
1559 3331 1743 3379 autem
1778 3321 1834 3376 in
1865 3320 2080 3376 deliciis

505 3439 559 3484 et
609 3426 760 3482 omni
794 3422 1045 3479 mollitiei
1104 3433 1303 3492 genere
1351 3419 1516 3471 vitam
1550 3416 1681 3489 agit,
1742 3415 1820 3470 ita
1873 3421 1932 3469 ut
1969 3428 2082 3484 prae

507 3523 641 3577 luxu
693 3532 937 3590 purpura
972 3523 1028 3570 ct
1075 3516 1240 3586 bysso
1288 3511 1578 3574 induatur,
1623 3506 1859 3579 singulis
1889 3506 2080 3563 diebus
2120 3555 2129 3562 .

507 3610 796 3688 splendide
831 3609 1160 3671 oblectetur,
1211 3612 1267 3661 et
1314 3618 1508 3661 omnes
1562 3601 1763 3672 quibus
1815 3600 2079 3656 virtutem

509 3709 866 3778 adipiscatur,
924 3702 1139 3756 labores
1197 3697 1469 3770 refugiat;
1527 3696 1576 3750 is
1630 3695 1686 3751 in
1722 3688 1829 3750 lioc
1876 3692 2080 3750 saeculo

508 3799 736 3856 minime
778 3796 1072 3859 laboravit,
1123 3808 1228 3849 nec
1269 3792 1418 3846 vivet
1449 3791 1505 3844 in
1543 3790 1749 3854 futuro,
1784 3787 1880 3844 sed
1914 3788 2079 3841 vitam

507 3893 726 3949 eminus
756 3889 979 3953 videbit,
1011 3886 1332 3960 persolvens
1362 3897 1556 3956 pcenas
1580 3881 1635 3937 in
1665 3881 1882 3937 camino
1913 3878 2076 3950 ignis.

577 3983 1049 4053 Quemadmodum
1101 3980 1298 4036 umbra
1335 3992 1562 4049 corpus,
1596 3977 1677 4033 sic
1707 3982 1929 4048 peccata
1958 3973 2081 4028 ani-

508 4095 627 4135 mas
663 4077 1029 4141 comitantur,
1066 4082 1122 4130 et
1142 4086 1266 4144 qua:
1310 4071 1610 4128 commissa
1657 4084 1687 4125 a
1724 4067 1883 4125 nobis
1922 4066 2080 4138 flagi-

508 4177 586 4231 tia
617 4183 772 4239 sunt,
809 4175 1233 4243 repraesentant.

583 4265 648 4319 lu
694 4265 946 4320 Ifexaem.
1013 4261 1105 4316 lib.
1158 4276 1212 4314 ν.
1261 4287 1333 4301 ---
1374 4256 1628 4314 Nondum
1691 4253 2079 4310 condemnatio

512 4356 784 4412 fertilitati
837 4362 1002 4410 terrae
1063 4351 1521 4421 impedimentum
1594 4347 1875 4404 afferebat.
1954 4345 2078 4400 llaec

2100 1727 2145 1783 Β

2104 3095 2150 3154 C

2161 465 2246 518 ὅτι
2278 463 2374 515 ἀπ’
2403 461 2579 533 ἀρχῆς
2609 462 2637 514 ό
2666 460 2913 522 διάϐολος
2954 458 3285 530 ἁμαρτάνει.
3326 477 3345 511 ι

2239 571 2257 604 ι
2293 553 2469 607 Τινῶν
2498 554 2554 608 αἱ
2598 550 2862 623 ἁμαρτίαι
2909 548 3169 622 πρόδηλοί
3193 552 3354 618 εἰσιν,
3398 548 3736 620 προάγουσαι

2162 643 2245 709 είς
2272 646 2455 715 κρίσιν
2473 658 2487 674 ·
2529 640 2693 697 τινῶν
2713 641 2770 696 δὲ
2794 640 2890 696 καὶ
2906 639 3357 696 ἐπακολουθοῦσι.
3398 660 3418 694 ο

2237 825 2523 898 Βαρυτάτη
2557 824 2783 888 κόλασις
2820 824 2935 889 τοῖς
2966 818 3027 878 εὖ
3059 819 3372 895 φρονοῦσιν,
3401 822 3430 876 ὁ
3471 820 3577 876 ἀπὸ
3606 816 3744 873 Θεοῦ

2165 917 2465 993 χωρισμός.

2251 1009 2501 1066 ’Δσέσεια
2528 1007 2734 1081 κυρίως
2764 1004 2982 1077 λέγεται
3003 1005 3039 1078 ὴ
3071 1006 3150 1071 είς
3178 1002 3314 1059 Θεὸν
3339 1005 3601 1079 ἁμαρτία.

2255 1186 2562 1259 ’Δμήχανον
2589 1184 2932 1258 ἐκτραπῆναι
2957 1185 3057 1258 τῆς
3085 1183 3302 1250 δικαίας
3326 1184 3452 1240 ὁδοῦ
3471 1226 3487 1252 ,
3525 1185 3600 1258 μὴ
3645 1185 3749 1257 λή-

2167 1279 2270 1354 θην
2296 1279 2432 1334 Θεοῦ
2456 1281 2575 1345 ταῖς
2601 1279 2804 1351 ψυχαῖς
2825 1277 3189 1352 νοσήσαντας.

2239 1373 2445 1444 Μηδεὶς
2471 1371 2668 1428 οίέσθω
2685 1371 2796 1427 τῶν
2819 1373 3167 1445 ἑσφαλμένας
3197 1372 3327 1445 περὶ⁵
3347 1372 3485 1428 Θεοῦ
3515 1372 3750 1446 ἑχόντων

2170 1464 2491 1535 ὑπολήψεις,
2523 1465 2608 1520 δτι
2630 1462 2820 1518 δεκταὶ
2849 1465 3034 1521 αὐτῶν
3061 1465 3205 1518 είσὶν
3227 1464 3286 1517 αἱ
3318 1465 3378 1520 ιν
3405 1465 3751 1538 ψαλμῳδίαις

2170 1555 2425 1621 αἰνέσεις.

2241 1647 2376 1703 Θεοῦ
2402 1650 2595 1718 ἄγνοια
2620 1647 2850 1715 θάνατός
2882 1650 2998 1704 ἐστι
3030 1647 3234 1722 ψυχῆς.

2241 1833 2363 1901 Τίνι
2393 1831 2551 1901 οὐαί;
2580 1832 2688 1886 τίνι
2712 1831 2955 1904 θλίψειςς
2985 1831 3093 1887 τίνι
3131 1830 3339 1904 ἀπορία
3387 1831 3504 1902 καὶ,
3523 1834 3752 1899 σκότοςς

2167 1925 2278 1980 τίνι
2307 1926 2504 1980 αἱωνία
2523 1925 2886 1996 κατάκρισιςς
2919 1924 2979 1978 ού
3003 1926 3116 1988 τοῖς
3139 1923 3522 1994 παραεάταιςς
3556 1925 3618 1980 οὐ
3639 1927 3756 1989 τοῖς

2169 2018 2270 2092 τὴν
2299 2016 2483 2072 πίστιν
2507 2016 2942 2094 ἀρνησαμένοιίς
2971 2017 3068 2080 Τίς
3090 2015 3148 2070 δὲ
3173 2017 3276 2088 τῆς
3296 2017 3578 2088 ἀρνήσεως
3598 2017 3757 2086 ελεγ·

2172 2126 2301 2185 χοςς
2322 2109 2422 2184 οὐκ
2440 2111 2522 2166 δτι
2539 2110 2639 2175 τὰς
2663 2111 2870 2175 (Αἰκείας
2898 2109 3189 2181 ὁμολογίας
3206 2109 3478 2182 ἠθέτησαν
3500 2128 3518 2176 ;
3541 2109 3758 2182 Ὠσπερ

2168 2203 2439 2276 ὁμολογία
2473 2202 2575 2277 τῆς
2615 2203 2698 2266 είς
2725 2202 2862 2258 Θεὸν
2907 2203 3169 2271 πίστεως,
3196 2201 3291 2256 τὸν
3335 2204 3438 2273 τῆς
3471 2201 3757 2266 εύσεδείας

2177 2296 2528 2370 μακαρισμὸν
2551 2294 2827 2367 προξενεῖ,
2859 2294 3003 2349 οὕτω
3030 2295 3126 2351 καὶ
3150 2296 3184 2367 ἡ
3225 2295 3462 2368 ἄρνησις
3492 2297 3560 2369 τῇ
3582 2311 3756 2355 κατα-

2174 2389 2354 2462 κρίσει
2375 2390 2476 2461 τῆς
2499 2387 2795 2460 ἀθεότητος
2820 2387 3138 2445 ὑποϐάλλει.

2245 2573 2598 2649 Παρεμδαλεῖ
2638 2572 2871 2643 ἄγγελος
2912 2570 3123 2644 Κυρίου
3151 2571 3320 2627 παντὶ
3370 2572 3758 2628 πεπιστευκότι

2175 2668 2256 2734 είς
2280 2667 2370 2720 τὸν
2403 2665 2628 2737 Κύριον.
2682 2661 2949 2733 Ἀγγελος
3002 2661 3353 2735 παρεδρεύει,
3403 2661 3502 2718 ιὰν
3547 2665 3760 2736 μήποτε

2175 2759 2340 2815 αὐτὸν
2369 2760 2533 2830 ἡμεῖς
2562 2758 2631 2812 ὲκ
2675 2756 2786 2812 τῶν
2823 2755 3081 2828 πονηρῶν
3131 2754 3310 2828 ἔργων
3337 2755 3755 2828 ἀποδιὼξωμεν.

2188 2853 2276 2919 Ὠς
2303 2852 2411 2923 γὰρ
2439 2851 2538 2918 τὰς
2580 2851 2843 2922 μελίσσας
2891 2849 3100 2916 καπνὸς
3148 2849 3470 2919 φυγαδεύει,
3530 2854 3627 2906 καὶ
3662 2852 3761 2914 τὰς

2175 2943 2508 3017 περιστερὰς
2535 2941 2818 3010 ἐξελαύνει
2843 2940 3101 3007 δυσωδία,
3124 2939 3273 2997 οὕτω
3301 2940 3398 2997 καὶ
3425 2943 3519 2998 τὸν
3541 2943 3766 3013 φύλακα

2180 3038 2281 3110 τῆς
2311 3035 2460 3109 ζωῆς
2497 3035 2658 3109 ἡμῶν
2682 3037 2913 3107 ᾶγγελον
2941 3038 2977 3109 ἡ
3009 3033 3362 3109 πολύδακρυς
3394 3035 3490 3093 καὶ
3520 3036 3767 3113 δυσώδης

2180 3132 2477 3206 ἀφίστησιν
2505 3134 2773 3206 ἁμαρτία.

2263 3225 2327 3279 '0
2345 3223 2620 3289 κοπιάσας
2656 3225 2714 3278 ἐν
2744 3223 2822 3297 τῷ
2851 3223 3012 3280 αίῶνι
3049 3222 3249 3297 τούτῳ,
3281 3222 3511 3295 ζήσεται
3543 3225 3626 3290 τίς
3672 3225 3763 3280 τέ-

2181 3316 2292 3383 λος.
2332 3317 2392 3373 ὀ
2419 3317 2479 3372 δὲ
2508 3319 2568 3372 ἐν
2590 3319 2771 3390 τρυφῇ
2799 3318 2894 3372 καὶ
2943 3316 3166 3372 ὲκλύσει
3211 3317 3364 3390 πάσῃ
3411 3316 3639 3387 διάγων,
3676 3317 3764 3372 διὰ

2180 3409 2244 3463 τὸ
2272 3406 2614 3482 ἁϐροδίαιτον
2664 3408 2956 3482 πορφύραν
2998 3409 3094 3463 καὶ
3145 3406 3346 3479 βύσσον
3392 3407 3764 3481 ἐνδεδυμένος,

2181 3500 2278 3554 καὶ
2314 3500 2743 3573 εὐφραινόμενος
2771 3500 2894 3555 καθ’
2920 3499 3140 3573 ἡμέραν
3177 3498 3468 3573 λαμπρῶς,
3506 3502 3606 3554 καὶ
3631 3500 3766 3571 φεύ-

2181 3609 2296 3664 γων
2316 3595 2444 3659 τοὺς
2471 3593 2612 3666 ὑπὲρ
2639 3593 2846 3668 ἀρετῆς
2876 3593 3181 3665 καμάτους,
3207 3592 3333 3648 οὔτε
3357 3593 3676 3654 ¹ἐκοπίασεν
3706 3597 3764 3649 ἐν

2182 3686 2259 3757 τῷ
2281 3684 2440 3740 αἰῶνι
2465 3685 2664 3758 τούτῳ,
2692 3683 2818 3739 οὔτε
2845 3683 3075 3756 ζήσεται
3103 3684 3162 3739 ἐν
3195 3684 3275 3756 τῷ
3309 3683 3559 3755 μέλλοντι
3581 3725 3598 3749 ,
3624 3686 3764 3740 ἀλλὰ

2185 3780 2405 3850 μακρὰν
2427 3777 2621 3850 ὄψεται
2645 3778 2747 3852 τὴν
2774 3776 2941 3851 ζωὴν,
2967 3776 3397 3851 βασανιζόμενος
3426 3781 3485 3832 ὲν
3508 3782 3577 3852 τῇ
3601 3779 3765 3849 φλογὶ

2182 3874 2282 3944 τῆς
2303 3872 2555 3943 καμίνου.
3573 3923 3577 3926 .

2255 3964 2466 4034 ’Ὠσπερ
2491 3965 2526 4034 ἡ
2554 3961 2682 4016 σκιὰ
2714 3961 2795 4034 τῷ
2818 3961 3056 4034 σώματι,
3099 3961 3242 4017 οὕτω
3290 3962 3413 4026 ταῖς
3459 3961 3662 4034 ψυχαῖς
3707 3963 3763 4016 αι

2182 4057 2452 4128 ἁμαρτίαι
2485 4055 2849 4126 παρέπονται,
2872 4053 3124 4126 ιναργεῖς
3159 4053 3260 4118 τὰς
3293 4051 3522 4125 πράξεις
3552 4052 3762 4120 ἐξεικο-

2182 4149 2444 4214 νίζουσαι.

2252 4241 2470 4311 Οὕπωὴ
2511 4239 2776 4310 καταδίκη
2804 4237 3077 4303 ὲνεπόδιζε
3120 4239 3184 4310 τῇ
3227 4235 3453 4308 εὐθηνίᾳ
3479 4236 3582 4308 τῆς
3630 4226 3773 4310 γῆς(

2182 4335 2542 4409 Πρεσϐυτέρα
2569 4333 2679 4404 γὰρ
2710 4331 2847 4402 αὕτη
2876 4331 2975 4404 τῆς
3002 4330 3300 4402 ἁμαρτίας,
3320 4329 3390 4382 δι’
3411 4328 3481 4400 ἣν
3504 4328 3763 4399 κατεκρί-

510 4447 656 4503 enim
715 4443 994 4514 antiquior
1050 4418 1170 4497 erat
1221 4449 1473 4514 peccato,
1535 4448 1762 4512 propter
1813 4438 1959 4510 quod
2014 4451 2078 4494 ea

2199 4429 2358 4499 ὶημεν
2391 4429 2449 4480 ὲν
2495 4425 2684 4498 ίδρῶτι
2721 4424 2816 4479 τοῦ
2872 4422 3164 4495 προσώπου
3212 4421 3368 4493 ἡμῶν
3417 4418 3623 4474 ἐσθίειν
3672 4420 3763 4474 τὸν

511 4554 673 4611 poena
719 4538 935 4593 multati
989 4551 1206 4605 sumus,
1257 4546 1317 4590 ut
1360 4550 1561 4607 panem
1596 4542 1846 4590 nostrum
1878 4531 2082 4588 sudore

513 4632 702 4685 vultus
765 4626 1204 4682 comederemus.
1246 4624 1519 4681 Caeterum
1568 4638 1695 4679 rosa
1733 4622 1862 4680 olim
1908 4623 2083 4693 spinae

514 4736 713 4793 expers
737 4728 858 4775 erat
895 4737 907 4773 :
943 4727 1067 4789 post
1116 4727 1327 4785 autem,
1376 4716 1530 4772 floris
1569 4716 1858 4786 elegantiae
1883 4715 2081 4785 adjun-

513 4826 600 4872 cta
633 4817 788 4886 spina
838 4823 944 4879 est,
998 4822 1061 4869 ut
1106 4811 1449 4882 iucunditati
1488 4809 1730 4865 vicinum
1788 4823 2079 4864 mres-orem

515 4911 837 4972 habeamus,
901 4908 1093 4976 sicque
1152 4913 1440 4976 peccatum
1515 4903 1674 4958 nobis
1729 4903 1785 4956 in
1843 4911 2079 4954 mentem

516 5002 719 5065 veniat,
752 4999 909 5069 cujus
938 5013 1102 5052 causa
1135 5005 1338 5052 terram
1363 4995 1550 5066 spinas
1577 5003 1631 5049 et
1660 4992 1896 5047 tribulos
1924 4991 2084 5045 nobis

514 5094 763 5167 proferre
793 5106 1024 5147 necesse
1053 5091 1144 5144 sit.

592 5187 654 5246 1η
709 5186 965 5242 Hemaem.
1016 5183 1111 5240 lib.
1163 5197 1236 5238 v1.
1269 5180 1418 5238 --Si
1468 5189 1771 5251 conspectu
1812 5179 1946 5234 solis
1996 5192 2083 5233 sa-

517 5278 642 5334 tiari
702 5293 810 5332 non
862 5291 1186 5347 possumus,
1241 5289 1350 5345 qua
1398 5273 1620 5329 tandem
1674 5272 2113 5347 pulchritudine

515 5372 721 5442 fulgeat
771 5379 987 5441 oportet
1021 5369 1114 5425 Sol
1169 5370 1259 5423 ille
1304 5367 1572 5438 justitimi
1621 5365 1676 5418 Si
1719 5380 1864 5420 (13260
1910 5363 2082 5418 detri-

499 5471 762 5521 mentum
816 5473 898 5518 est
946 5464 1121 5518 solem
1177 5463 1325 5515 illum
1385 5476 1490 5513 non
1526 5473 1776 5520 cernere,
1813 5467 2083 5527 quantum

515 5557 739 5613 tandem
786 5556 1062 5626 peccaturi
1094 5554 1354 5610 damnum
1394 5560 1475 5606 cst
1511 5566 1636 5606 vera
1680 5551 1782 5606 hac.
1813 5549 1935 5603 luce
1972 5547 2085 5616 pri-

516 5649 662 5705 varii

586 5736 674 5795 Ex
700 5757 888 5793 canon.
925 5741 1136 5794 conslil.
1175 5771 1239 5780 α-
1273 5741 1448 5796 Grave
1482 5748 1563 5796 cst
1592 5744 1901 5810 peccatum,
1937 5731 2082 5806 quod

2184 4521 2370 4592 ἄρτον.
2405 4517 2553 4589 Πλὴν
2573 4517 2634 4570 τὸ
2656 4517 2808 4589 ῥόδον
2831 4518 2962 4572 ἄνευ
2982 4514 3228 4586 ἀκάνθης
3250 4509 3316 4584 ἦν
3345 4525 3474 4566 ποτε
3488 4528 3505 4543 '
3535 4511 3664 4565 ὖστε
3672 4529 3761 4584 ρον

2183 4615 2239 4668 δὲ
2262 4613 2339 4686 τῷ
2360 4614 2548 4669 κάλλει
2580 4611 2676 4666 τοῦ
2707 4611 2903 4675 ἄνθους
2925 4608 3141 4680 ἀκάνθη
3179 4605 3538 4678 συνεζεύχθη,
3567 4606 3659 4660 ἵνα
3685 4605 3763 4678 τῷ

2182 4706 2403 4778 τερπνῷ
2428 4705 2526 4776 τῆς
2581 4702 2938 4766 ἀπολαύσεως
2965 4701 3197 4771 ἔγγυθεν
3245 4699 3460 4771 ἔχωμεν
3491 4715 3760 4770 παρακει-

2188 4800 2354 4869 μένην
2384 4797 2480 4869 τὴν
2515 4795 2714 4867 λύπην,
2769 4796 3110 4867 μεμνημένοι
3139 4793 3240 4866 τῆς
3271 4790 3570 4863 ἁμαρτίας,
3602 4789 3670 4844 δι’
3699 4791 3763 4862 ἡν

2184 4892 2424 4955 ἀκάνθας
2453 4893 2548 4947 καὶ
2575 4890 2864 4963 τριϐόλους
2894 4891 3027 4961 ἡμῖν
3048 4891 3084 4961 ἡ
3113 4888 3186 4960 γῆ
3206 4886 3520 4944 ἀνατέλλειν
3552 4886 3761 4940 κατεδι-

2185 4985 2381 5054 κάσθη.

2255 5174 2320 5227 Ei
2347 5174 2644 5243 ἀκόρεστος
2674 5171 2768 5224 τοῦ
2801 5167 2954 5242 ἡλίου
2985 5168 3177 5223 τούτου
3217 5168 3251 5238 ἡ
3283 5164 3405 5234 θέα,
3428 5165 3758 5235 mea:er

2185 5266 2373 5320 κάλλει
2406 5265 2433 5317 ὁ
2460 5263 2562 5334 τῆς
2599 5261 2946 5333 δικαιοσύνης
2989 5261 3220 5329 Ἥλιος;
3252 5259 3318 5317 El
3373 5259 3561 5330 τυφλῷ
3590 5259 3756 5328 ζημία

2184 5359 2376 5411 τοῦτον
2405 5358 2478 5429 μὴ
2503 5356 2743 5428 βλέπειν,
2774 5353 2992 5426 ποταπὴ
3020 5353 3191 5425 ζημία
3219 5352 3298 5425 τῷ
3331 5352 3645 5427 ἁμαρτωλῷ
3667 5349 3755 5407 τοῦ

2187 5450 2438 5521 ἀληθινοῦ
2465 5449 2644 5519 φωτὸς
2670 5447 3030 5520 στερηθῆναις

2258 5733 2460 5802 Βαρεῖα
2513 5732 2546 5801 ἡ
2583 5730 2824 5801 ἁμαρτία
2851 5769 2866 5799 ,
2916 5728 3271 5805 καθέλκουσα,
3310 5731 3413 5802 τὴν
3465 5731 3640 5804 ψυχὴν
3677 5729 3750 5795 είς
