3970 6294
571 388 711 456 1163

1709 403 1767 463 S.
1807 404 2047 467 JOANN
2055 406 2125 468 IS
2161 408 2587 472 DAMASCENI

3685 416 3802 487 1164

575 509 748 579 loqui,
788 521 852 562 ac
887 506 1123 565 fortasse
1166 524 1237 565 ne
1269 511 1488 582 quidem
1540 514 1733 573 audire
1760 520 1993 588 poteris,
2028 538 2136 576 non
2176 538 2371 578 Illalllls
2402 527 2469 579 ad
2527 529 2727 582 ctrlttm
2781 529 2994 595 tollere,
3060 546 3168 587 non
3240 531 3293 586 in
3351 532 3582 604 pedibus
3649 544 3801 599 stare,

571 618 682 660 non
712 600 1053 656 adorationis
1084 614 1253 657 causa
1284 618 1462 674 genua
1494 602 1728 662 flectere.

642 697 779 753 Ibid.
808 694 1071 752 —-Nemo
1130 704 1184 753 te
1230 698 1459 754 seducat
1507 700 1767 760 inanibus
1813 707 2017 763 verbis.
2074 710 2153 763 lr-

569 798 695 846 ruet
717 789 865 843 enim
901 788 955 842 in
997 795 1052 844 te
1084 790 1373 860 repentina
1423 793 1732 862 calamitas,
1768 806 1823 853 et
1879 799 2143 857 interitus

566 896 667 937 ceu
698 888 995 951 tempestas
1030 880 1277 952 ingruet.
1330 880 1523 939 Veniet
1550 885 1730 943 tristis
1763 892 2012 961 angelus,
2047 893 2143 963 qui

567 972 806 1028 animam
836 980 989 1026 tuam
1027 973 1271 1043 peccatis
1299 980 1661 1032 constrictam
1698 994 1795 1048 per
1826 983 1933 1035 vim
1970 984 2144 1038 abdu-

554 1074 676 1129 cat,
712 1063 1133 1135 pertrabatque,
1171 1067 1368 1122 oculos
1415 1069 1712 1125 identidem
1746 1072 1813 1126 ad
1855 1090 1946 1129 res
1978 1078 2143 1147 lmjus

563 1160 689 1214 vitae
723 1164 1158 1228 retorquentem,
1193 1165 1249 1214 et
1279 1159 1419 1214 citra
1458 1175 1646 1215 vocem
1694 1164 1866 1218 ullam
1910 1166 2144 1235 ingemi~

554 1255 833 1313 scentem,
868 1262 1106 1304 mterore
1141 1248 1399 1304 nimirum
1432 1267 1704 1324 organum
1752 1258 2138 1326 praecludente.

563 1338 607 1393 ο
640 1355 805 1410 quam
859 1342 1096 1411 teipsum
1149 1340 1445 1407 lacerabis,
1478 1353 1750 1414 quantum
1806 1351 2012 1405 luctum
2046 1367 2139 1405 ex-

561 1433 779 1499 citahis,
811 1442 1077 1503 quantum
1114 1441 1190 1499 te,
1246 1434 1524 1492 incassum
1557 1438 1704 1504 licet,
1736 1444 2137 1510 praeteritorum

556 1526 920 1582 consiliorum
959 1526 1263 1595 pwtitebit,
1310 1544 1442 1584 cum
1474 1530 1755 1601 justorum
1796 1533 1851 1589 in
1908 1535 2005 1590 illa
2037 1536 2139 1591 do-

555 1634 754 1673 norum
805 1618 1197 1675 distributione
1248 1621 1525 1690 laetitiam,
1563 1631 1617 1678 et
1653 1634 2005 1696 peccatorum
2057 1631 2137 1685 al—

553 1712 797 1767 tissimis
853 1712 967 1768 illis
1012 1714 1263 1770 tenebris
1322 1715 1647 1770 maestitiam
1683 1719 2136 1786 cernes?Qualis

558 1812 691 1858 tunc
733 1804 787 1858 in
829 1805 1015 1862 cordis
1060 1807 1307 1861 cruciatu
1360 1822 1543 1862 sermo
1582 1818 1713 1866 tuus
1744 1811 1887 1867 erit?
1918 1813 2001 1869 Me
2034 1816 2136 1869 Ini-

557 1912 766 1962 serum,
813 1900 907 1967 qui
958 1915 1125 1970 grave
1168 1899 1274 1954 hoc
1306 1916 1453 1957 onus
1494 1904 1707 1973 peccati
1758 1920 1868 1960 non
1916 1907 2135 1976 abiece-

2318 708 2525 779 Μηδείς
2555 726 2614 764 σε
2648 709 2973 778 ἐξαπατάτω
3016 717 3193 781 κενοῖς
3219 717 3428 787 λόγοις·
3468 720 3795 792 ἐπιστήσεται

2245 799 2353 870 γάρ
2382 817 2463 854 σοι
2486 802 2749 873 αἰφνίδιος
2782 805 3023 878 ὄλεθρος,
3056 809 3152 863 καὶ
3176 812 3210 882 ή
3242 814 3594 884 καταστροφὴ
3623 814 3801 883 ὁμοίως

2245 894 2519 963 καταιγίδι
2548 897 2839 969 παρέσται.
2864 898 3020 965 Ἥξει
3041 903 3270 972 ἄγγελος
3297 905 3566 977 κατηφὴς,
3594 908 3801 975 ἀπάγων

2245 985 2454 1055 βιαίως,
2478 989 2583 1043 καῖ’
2600 991 2807 1045 κατασύ
2817 1008 2924 1060 ρων
2955 1010 3048 1048 σου
3075 993 3173 1066 τὴν
3202 994 3378 1069 ψυχὴν
3394 997 3687 1070 δεδεμένην
3708 1004 3804 1061 ταὶς

2244 1079 2540 1151 ἁμαρτίαις
2589 1082 2770 1136 πυκνὰ
2827 1087 3345 1158 μεταστρεφομένην
3391 1090 3526 1159 πρὸς
3580 1091 3649 1144 τὰ
3698 1085 3801 1149 ὧδε.

2241 1174 2338 1227 καὶ
2371 1173 2704 1246 ὀδυρομένην
2732 1175 2862 1231 ἄνευ
2902 1178 3110 1248 φωνῆς,
3131 1180 3225 1234 τοῦ
3248 1182 3482 1253 ὀργάνου
3514 1184 3702 1238 λοιπὸν
3728 1188 3805 1239 τὸν

2242 1262 2439 1335 θρῆνον
2459 1266 2931 1333 ἀποκλεισθέντος.
2979 1271 3043 1323 Ὢ
3072 1271 3213 1326 πόσα
3239 1274 3540 1346 σπαράξεις
3572 1277 3802 1341 σεαυτδν,

2240 1355 2385 1407 πόσα
2412 1356 2470 1409 δὲ
2500 1358 2799 1426 στενάξεις,
2827 1360 3087 1433 ἄπρακτα
3126 1367 3403 1435 μετανοῶν
3431 1368 3525 1423 ἐπὶ
3549 1370 3670 1434 τοῖς
3698 1369 3802 1440 βου-

2238 1445 2481 1517 ληθεῖσιν
2509 1450 2522 1503 l
2558 1452 2687 1505 ὅταν
2718 1453 2832 1526 ἴδῃς
2857 1456 2956 1526 τὴν
2980 1457 3318 1532 φαιδρότητα
3352 1462 3463 1516 τῶν
3489 1463 3715 1519 δικαίων
3758 1468 3805 1517 ἑν

2238 1538 2468 1614 λαμπρᾷ
2491 1542 2721 1618 διανομῇ
2746 1546 2852 1602 τῶν
2883 1546 3092 1620 δώρων,
3129 1557 3223 1606 καὶ
3244 1555 3344 1625 τὴν
3375 1560 3685 1628 κατήφειαν
3712 1561 3807 1613 τῶν

2236 1631 2579 1704 ἁμαρτωλῶν
2605 1638 2666 1693 ὲν
2695 1637 2775 1711 τῷ
2810 1640 2993 1696 σκότει
3011 1643 3092 1715 τῷ
3124 1644 3428 1718 βαθυτάτῳ.
3462 1645 3565 1703 Οἷα
3592 1653 3738 1723 spei;
3756 1655 3807 1705 ὲν

2235 1724 2300 1818 τῇ
2325 1723 2487 1818 ὀδύνῃ
2516 1728 2612 1798 τῆς
2644 1732 2870 1803 καρδίας
2894 1751 2991 1788 σου
3015 1737 3135 1791 τότε
3161 1756 3176 1803 ;
3213 1739 3281 1793 Ai
3306 1742 3429 1812 ἐμὲ,
3466 1743 3542 1815 μὴ
3588 1745 3805 1818 ἁπορρί-

2233 1814 2333 1909 ’,μαι
2458 1818 2596 1891 βαρὺ
2628 1821 2790 1877 τοῦτο
2815 1827 3037 1898 φορτίον
3064 1830 3163 1900 τῆς
3200 1831 3492 1904 ἁμαρτίας,
3530 1814 3697 1890 οὕτω

2232 1905 2351 1969 δίας
2381 1906 2548 1980 οὔσης
2572 1910 2672 1981 τῆς
2704 1913 3035 1981 ἀποθέσεως,
3063 1920 3201 1975 ἀλλὰ
3245 1922 3339 1975 τὸν
3372 1922 3548 1994 σωρὸν
3576 1925 3692 1980 τῶν

558 1992 690 2053 rim,
723 2005 849 2045 cum
879 2001 987 2045 tam
1029 1990 1192 2048 facile
1227 1999 1283 2048 et
1313 2002 1623 2065 promptum
1658 2007 1806 2053 esset
1854 1997 1989 2055 illud
2034 2017 2125 2056 ex-

2237 1997 2350 2052 κῶν
2410 2000 2615 2059 τούτων
2657 2006 3001 2076 ἐφέλκεσθαι.
3042 2013 3111 2066 Αἳ
3151 2014 3271 2084 ἐμὲ,
3328 2016 3424 2079 τὰς
3457 1990 3696 2089 -κηλίδας
3740 2022 3805 2093 μὴ

544 2094 766 2149 ηευῑθτθ,
822 2083 918 2139 sed
975 2087 1243 2140 malorum
1311 2086 1511 2142 borum
1584 2089 1863 2145 sarcinam
1914 2107 2125 2148 mecum

2235 2094 2670 2184 determination,
2695 2100 2811 2155 ἀλλ’
2845 2103 3164 2177 ἐστιγμένον
3184 2083 3325 2162 εἶναι
3351 2112 3471 2174 ταῖς
3496 2083 3804 2184 άμαρτῐαιςξ

552 2178 941 2248 ροτιτθὶιοτὶῖη.
1006 2176 1091 2232 Me
1143 2178 1436 2245 miserum,
1499 2181 1593 2251 qui
1649 2182 1919 2237 vitiorum
1978 2185 2131 2242 labes

555 2286 666 2325 non
708 2268 963 2336 eluerim,
1008 2270 1103 2325 sed
1135 2272 1441 2328 sceleribus
1474 2287 1575 2328 ceu
1610 2275 1759 2331 notis
1794 2276 2129 2346 quibusdam

552 2365 997 2434 compunxerim.
1062 2362 1222 2419 Nunc
1278 2380 1456 2420 essem
1510 2380 1638 2421 cum
1694 2368 1930 2438 angelis,
1990 2385 2135 2426 nunc

560 2456 886 2513 cmlestibus
935 2456 1095 2514 bonis
1142 2471 1267 2511 cum
1324 2459 1608 2529 voluptate
1652 2457 1886 2515 fruerer.
1936 2459 1979 2516 Ο
2029 2462 2134 2515 im-

553 2549 724 2618 proba
760 2548 1036 2605 consilial
1086 2558 1314 2620 propter
1352 2548 1571 2605 brevem
1613 2550 1825 2620 peccati
1867 2552 2128 2620 jucundi-

552 2649 721 2697 tatem
784 2642 1143 2714 sempiternis
1208 2641 1551 2697 cruciatibus
1609 2641 1835 2697 aﬂlcior.
1897 2640 2127 2714 Propter

551 2734 739 2792 carnis
766 2735 1104 2807 voluptatem
1151 2734 1266 2808 igni
1317 2734 1531 2792 trador.
1582 2735 1799 2792 Justum
1848 2736 1938 2792 Dei
1974 2736 2127 2808 judio

552 2829 705 2886 cium
734 2834 842 2887 est.
874 2826 1149 2894 Vocabar,
1184 2843 1288 2885 nec
1325 2828 1693 2900 obsequebar.
1724 2827 1995 2895 Docebar,
2026 2844 2125 2885 nec

551 2920 796 2976 animum
840 2919 1193 2992 adjiciebam.
1244 2920 1710 2978 Contestabantur
1748 2920 1903 2987 mihi,
1939 2929 1995 2978 et
2024 2937 2125 2995 ego
2166 2922 2494 2990 irridebam.
2528 2935 2653 2996 Haec
2687 2942 2907 3014 aliaque
2937 2919 2988 3001 id
3020 2919 3196 3020 ger-ius

548 3024 658 3071 tem
689 3025 838 3071 tuam
869 3016 1193 3087 deplorans,
1237 3015 1284 3072 si
1318 3024 1497 3073 morte
1524 3026 1826 3088 praereptus
1856 3017 1989 3073 eris.

623 3107 763 3165 Ibid.
793 3139 864 3149 ——
890 3108 1107 3166 Peccati
1146 3110 1364 3167 labores
1414 3110 1677 3182 gehennae
1727 3112 1904 3168 durus
1937 3118 1991 3168 et
2018 3110 2123 3167 tri-

546 3203 654 3258 stis
680 3202 843 3257 labor
878 3210 1182 3274 exspectat.

620 3291 765 3350 Ibid.
795 3294 1019 3351 -—Mihi
1075 3297 1151 3351 tui
1190 3310 1360 3352 causa
1393 3294 1625 3355 fundere
1648 3298 1927 3371 lacrymas
1954 3300 2124 3361 subit.

544 3400 580 3441 ο
610 3388 797 3451 homo,
829 3402 953 3443 cum
994 3396 1046 3443 te
1076 3403 1245 3458 opera
1295 3388 1584 3447 dedecoris
1634 3406 1847 3463 magnae
1884 3391 1976 3448 Dei
2009 3393 2127 3464 glo-

2229 2182 2343 2237 Νῦν
2374 2186 2438 2239 ἂν
2464 2187 2612 2259 ἤμην
2644 2190 2783 2261 μετὰ
2828 2193 2936 2247 τῶν
2965 2195 3214 2264 ἀγγέλων
3235 2214 3248 2229 ·
3280 2197 3377 2252 νῦν
3420 2202 3488 2254 ἂν
3515 2182 3632 2269 τοῖς
3660 2206 3807 2275 οὐρα-

2230 2276 2365 2340 νῐοις
2405 2280 2632 2349 ἀγαθοῖς
2683 2286 3018 2359 ἐνετρύφων.
3056 2290 3121 2344 Ὢ
3161 2291 3271 2347 τῶν
3298 2294 3553 2365 πονηρῶν
3589 2297 3805 2367 βουλευ-

2243 2369 2463 2439 μάτωνί
2496 2374 2586 2428 διὰ
2617 2377 2951 2451 πρόσκαιρον
2976 2384 3252 2457 ἁμαρτίας
3285 2386 3589 2442 ἀπόλαυσιν
3618 2392 3806 2446 ἀθάνα-

2232 2477 2298 2556 τα
2337 2462 2722 2540 βασανίζομαι.
2756 2474 2834 2525 Δι’
2859 2475 3051 2549 ἡδονὴν
3091 2479 3294 2551 σαρκὸς
3317 2521 3335 2546 ,
3364 2481 3445 2553 τῷ
3470 2485 3609 2556 πυρὶ
3642 2502 3803 2555 παρα-

2231 2554 2443 2651 δίδομαι
2463 2575 2475 2589 ·
2504 2561 2685 2619 δικαία
2707 2570 2740 2635 ἠ
2773 2570 2953 2640 κρίσις
2987 2572 3082 2627 τοῦ
3114 2574 3271 2630 Θεοῦ.
3320 2554 3689 2651 Ἐκαλούμην,
3722 2554 3803 2635 καὶ

2232 2649 2331 2721 οὐχ
2357 2651 2649 2725 ὑπήκουον.
2708 2661 3125 2739 Ἑδιδασκὸμην,
3165 2669 3264 2723 καὶ
3303 2670 3364 2724 οὐ
3396 2649 3679 2745 προεῖχον.
3702 2679 3802 2729 Διε-

2234 2745 2586 2819 μαρτύραντό
2617 2771 2729 2833 μοι,
2776 2758 2888 2825 ἐγὼ
2928 2759 2985 2813 δὲ
3024 2763 3359 2832 κατεγέλων.
3406 2767 3592 2823 Ταῦτα
3623 2770 3717 2824 καὶ
3747 2769 3803 2822 τά

2230 2838 2455 2935 τοιαῦτα
2485 2845 2631 2916 ἐρεῖς
2661 2850 3116 2925 ἁποκλαιὸμενος,
3140 2858 3236 2912 ἐὰν
3264 2866 3755 2935 προαναρπασθῇς.

3279 2954 3457 3022 dices,
3522 2958 3803 3013 calamita-

2307 3116 2446 3183 Τοὺς
2470 3121 2571 3201 τῆς
2604 3125 2879 3199 ἁμαρτίας
2903 3132 3184 3202 καμάτους
3210 3135 3270 3187 τὸ
3303 3140 3403 3208 τῆς
3429 3140 3660 3212 γεέννης
3696 3143 3801 3194 ὲπξ-

2233 3222 2395 3263 πονον
2424 3212 2518 3267 καὶ
2551 3216 2874 3289 σκυθρωπὸν
2896 3221 3177 3293 ἀναμένει.

2315 3302 2469 3374 Ἐμολ⁸
2503 3305 2601 3377 μὲν
2633 3308 2892 3382 δακρύειν
2924 3314 3218 3387 ἐπέρχεται
3271 3320 3366 3374 ἐπὶ
3405 3321 3485 3389 σὲ,
3530 3323 3802 3397 ἄνθρωπε,

2230 3395 2358 3493 ὅταν
2388 3398 2719 3493 ἐνθυμηθῶ,
2742 3405 2825 3459 ὅτι
2850 3407 2917 3461 τὰ
2942 3406 3078 3480 ἔργα
3107 3410 3209 3482 τῆς
3240 3413 3507 3486 αἰσχύνης
3540 3395 3804 3493 προτιμᾷς

546 3480 643 3536 riae
687 3480 963 3538 anteferre
992 3482 1174 3549 video,
1224 3491 1278 3539 et
1324 3483 1454 3537 dum
1486 3494 1708 3556 prapter
1751 3487 2125 3556 intemperan-

2235 3485 2329 3557 τῆς
2369 3489 2612 3562 μεγάλης
2644 3492 2799 3566 δόξης
2824 3496 2917 3550 τοῦ
2951 3499 3111 3565 Θεοῦ,
3151 3480 3246 3555 {ut
3279 3480 3369 3559 διᾶ
3393 3480 3593 3580 «is-iac"
3614 3480 3805 3564 άκδλὶιζ

538 3576 637 3631 tiae
674 3577 1022 3644 suavitatem,
1045 3576 1135 3631 vix
1165 3590 1229 3633 ac
1258 3592 1325 3632 ne
1354 3577 1443 3632 vix
1475 3578 1697 3649 quidem
1731 3579 1920 3634 divelli
1944 3596 1969 3634 a
1997 3597 2123 3652 pec-

538 3668 691 3724 catis
738 3675 915 3740 potes,
963 3676 1016 3724 te
1067 3669 1185 3740 ipse
1239 3684 1270 3724 a
1305 3669 1464 3725 bonis
1516 3672 1808 3741 promissis
1856 3673 2121 3741 excludis,

546 3776 618 3817 ne
654 3760 849 3817 videas
885 3761 1027 3818 bona
1062 3759 1393 3817 Jerusalem.
1447 3762 1563 3817 Illic
1602 3763 1879 3835 myriades
1908 3767 2125 3837 angelo-

544 3869 691 3921 rum,
770 3854 1263 3927 primogenitorum
1329 3855 1646 3919 celebritas,
1725 3858 2121 3928 Apostolorum

541 3944 750 4009 tbroni,
779 3945 1042 4002 subsellia
1074 3946 1490 4017 prophetarum,
1530 3959 1748 4019 sceptra
1784 3950 2124 4018 patriarcha-

2235 3948 2334 4002 τῶν
2387 3954 2705 4026 προεδρίαι,
2759 3961 3016 4034 σκῆπτρα
3067 3970 3425 4040 πατριαρχῶν

540 4052 688 4102 rum,
736 4046 1041 4109 martyrum
1116 4051 1361 4101 coronae,
1410 4036 1686 4107 justorum
1726 4040 2021 4109 praeconia.
2060 4040 2119 4095 In

2233 3581 2355 3644 σίας
2388 3582 2483 3653 ήδὺ
2504 3584 2974 3655 δυσαποσπάστως
2995 3592 3132 3665 ἔχων
3166 3596 3262 3668 τῆς
3296 3598 3592 3671 ἁμαρτίας,
3624 3604 3732 3658 τῶν
3752 3606 3802 3657 ἐν

2230 3673 2585 3769 επαγγελίαις
2624 3681 2847 3749 ἀγαθῶν
2892 3687 3120 3741 σεαυτὸν
3157 3690 3493 3762 ἀποκλείεις,
3548 3695 3627 3769 μὴ
3688 3698 3803 3751 ἰδεῖν

2229 3766 2410 3835 ἀγαθὰ
2453 3770 2554 3843 τῆς
2611 3773 2993 3849 Ἰερουσαλήμ.
3039 3779 3189 3834 Ἐκεῖ
3218 3784 3468 3853 ἀγγέλων
3522 3766 3800 3860 μυριάδες,

2230 3861 2593 3956 πρωτοτόκων
2634 3870 2967 3943 πανήγυρις,
2996 3873 3311 3929 ἀποστόλων
3345 3877 3548 3948 θρόνοι,
3599 3902 3800 3956 προ-,τη-

3554 3990 3693 4026 αοτυ

2236 3990 2331 4002 ...υ
2391 3990 2669 4026 σιΓνςνμθυΛι
2690 3999 2705 4025 ,
2759 3990 3016 4034 unquam;
3067 3990 3425 4040 πατριάρχων
3452 4012 3466 4037 ,
3510 3990 3800 4047 μαρτύρων

2228 4043 2504 4115 στέφανοι,
2527 4048 2754 4105 δικαίων
2779 4052 3013 4111 ἔπαινοι.
3038 4058 3261 4124 Τούτοις
3285 4063 3509 4117 σεαυτὸν
3535 4066 3799 4139 ἐπιθύμη-

540 4128 738 4184 horum
770 4144 1059 4187 numerum
1084 4131 1332 4201 cooptari
1360 4128 1465 4194 fac,
1491 4146 1700 4201 quaeso,
1731 4132 2115 4201 concupiscas,

540 4220 764 4277 ablutus
824 4221 1114 4284 nimirum,
1172 4229 1227 4276 et
1262 4236 1359 4291 per
1403 4223 1595 4293 gratia:
1644 4220 1849 4276 Christi
1910 4222 2115 4279 donum

524 4317 893 4370 sanctitatem
931 4324 1292 4371 consecutus.

609 4403 751 4459 Ibid.
778 4436 847 4445 --
877 4404 922 4460 0
956 4407 1139 4474 homo,
1193 4417 1285 4462 aut
1315 4406 1623 4477 gehennam
1669 4408 1819 4475 time,
1866 4420 1963 4465 aut
2001 4412 2116 4467 adi-

524 4498 800 4568 piscendo
828 4498 992 4571 339
1042 4516 1207 4571 regno
1255 4501 1435 4558 stude.
1482 4499 1561 4558 Ne
1592 4502 1931 4561 vocationem
1963 4514 2112 4563 tuam

534 4602 869 4660 asperneris.

608 4680 751 4738 Naz.
806 4691 947 4737 orat.
998 4682 1517 4757 lii—Promptum
1544 4693 1599 4742 et
1638 4685 1884 4758 proclive
1917 4688 2108 4744 vitium

529 4781 641 4839 est,
677 4776 843 4829 etiam
873 4774 1026 4831 nullo
1058 4777 1330 4831 trahente.

605 4863 795 4920 Solers
832 4864 898 4919 ad
937 4866 1272 4923 invenienda
1322 4870 1464 4923 mala
1514 4878 1601 4926 est
1627 4870 1901 4940 impietas,
1948 4884 2110 4946 atque

2289 4881 2518 4952 Εὐρετὶς
2543 4887 2727 4940 κακῶν
2762 4888 2793 4959 ἡ
2832 4887 3082 4953 ἀσέϐεια,
3108 4891 3203 4945 καὶ
3247 4891 3367 4945 λίαν
3394 4894 3674 4966 τολμηρὸν
3723 4902 3795 4960 είς

529 4956 597 5013 ad
646 4958 1074 5030 aggrediendum
1138 4964 1342 5035 aliquid
1400 4966 1538 5021 mire
1612 4965 1813 5022 audax.
1857 4966 1933 5023 Et
1983 4987 2108 5027 vero

2235 4975 2558 5048 εγχείρησιν.
2601 4980 2725 5043 Πῶς
2763 4980 2817 5032 δὲ
2867 4982 3171 5051 ἁνῦρώπων
3221 4985 3453 5057 ἤμελλον
3490 4990 3791 5057 φείδεσθαι,

528 5068 771 5124 quonam
827 5062 987 5124 pacto
1041 5057 1359 5115 hominibus
1413 5069 1727 5131 parcerent,
1785 5062 1877 5132 qui
1914 5063 2105 5121 Deitati

2235 5070 2266 5121 οἱ
2303 5070 2555 5141 Θεὸτητος
2596 5075 2669 5144 μὴ
2714 5075 3066 5147 φεισάμενοις

531 5160 636 5197 non
678 5148 1085 5217 pepercerunt?

2226 4155 2318 4192 σον
2348 4143 2852 4219 συναριθμηθῆναι,
2890 4150 3357 4224 ἀπολουσάμενος,
3386 4156 3479 4209 καὶ
3520 4157 3797 4226 άγιασθεῖς

2223 4233 2363 4287 κατὰ
2392 4235 2491 4307 τὴν
2511 4237 2719 4311 δωρεὰν
2749 4242 2841 4297 τοῦ
2869 4245 3131 4316 Χριστοῦ.

2294 4694 2591 4766 Πρὸχειρον
2623 4698 2655 4768 ή
2689 4698 2883 4765 κακία,
2913 4701 3007 4754 καὶ
3032 4701 3153 4775 δίχα
3183 4705 3279 4759 τοῦ
3311 4707 3583 4777 ἕλκοντος.

603 5234 771 5307 Nysa.
833 5238 887 5291 in
934 5250 1076 5293 orat.
1130 5239 1289 5293 Dom.
1321 5272 1387 5281 υ-
1422 5243 1535 5297 Hoc
1595 5246 1832 5314 primum
1890 5246 2111 5299 nemine

528 5327 697 5382 homo
745 5345 805 5385 se
848 5331 1063 5387 luendae
1110 5348 1285 5402 ptenae
1327 5334 1627 5390 obnoxium
1680 5335 1791 5392 Deo
1842 5338 2106 5404 reddidit,

530 5420 675 5491 quod
716 5436 745 5474 a
776 5420 1039 5478 Creatore
1087 5438 1190 5480 suo
1226 5423 1481 5492 descivit,
1534 5437 1586 5481 et
1619 5427 1684 5482 ad
1721 5428 2101 5483 adversarium

530 5513 852 5582 transfugit.
904 5513 1113 5569 Etenim
1166 5533 1194 5571 a
1255 5519 1498 5573 naturali
1555 5519 1781 5576 domino
1842 5520 2106 5592 profugit,

530 5604 822 5675 factusque
852 5616 936 5663 est
982 5618 1257 5678 apostata.
1307 5610 1515 5667 Deinde
1565 5629 1715 5678 vero,
1765 5615 1892 5684 quia
1931 5617 2106 5683 pessi-

533 5711 679 5752 mam
731 5701 942 5769 peccati
988 5704 1331 5765 servitutem
1368 5706 1624 5762 libertate
1678 5722 1777 5762 sua
1837 5710 2105 5776 potiorem

531 5790 745 5855 habuit,
782 5794 1070 5865 satiusque
1100 5798 1258 5852 (luxit
1293 5800 1362 5853 ab
1391 5802 1624 5858 exitiosa
1658 5802 1874 5874 tyranni
1900 5813 2098 5873 poten-

532 5879 615 5939 tia
642 5885 906 5955 opprimi,
938 5904 1104 5959 quam
1137 5890 1250 5945 Deo
1284 5894 1512 5950 servire.

2289 5253 2522 5324 Πρώτην
2572 5255 2791 5326 ὥφλησε
2825 5262 3098 5333 τιμωρίαν
3138 5263 3166 5315 ὁ
3193 5262 3482 5335 ἄνθρωπος
3530 5266 3611 5337 τῷ
3654 5268 3785 5336 Θεῷ.

2218 5343 2301 5396 ὅτι
2330 5343 2642 5415 ἀπέστησεν
2671 5348 2862 5402 ἑαυτὸν
2896 5349 2990 5403 τοῦ
3029 5353 3376 5423 ποιήσαντος,
3408 5358 3505 5410 καὶ
3535 5358 3676 5429 πρὸς
3706 5359 3786 5411 τὶν

2218 5437 2459 5490 ἐναντίον
2483 5439 2963 5512 ἀπηυτομόλησεν,
3000 5444 3278 5516 δραπέτης
3322 5447 3417 5501 τοῦ
3454 5452 3598 5503 κατὰ
3632 5452 3783 5522 φύσιν

2218 5530 2514 5596 Δεσπότου,
2546 5533 2643 5585 καὶ
2694 5535 3010 5608 ἀποστάτης
3036 5540 3351 5613 γενόμενος.
3395 5544 3674 5617 Δευτέραν
3713 5545 3782 5601 δὲ.

2217 5621 2299 5674 ὅτι
2330 5621 2431 5692 τὴν
2478 5624 2721 5694 πονηρὰν
2758 5628 2858 5699 τῆς
2910 5629 3181 5702 ἁμαρτίας
3232 5632 3482 5690 δουλείαν
3530 5636 3655 5691 ἀντὶ
3691 5638 3778 5704 τῆς

2219 5712 2569 5780 αὐτεξουσίου
2614 5716 2929 5788 ἐλευθερίας
2972 5720 3260 5791 ἠλλάξατο,
3298 5726 3390 5778 καὶ
3421 5726 3778 5799 προετίμησεν

2220 5805 2310 5859 τοῦ
2354 5804 2625 5861 δουλεύειν
2654 5809 2773 5882 Θεῴ
2801 5811 2860 5864 τὸ
2908 5815 3289 5887 τυραννεῖσθαι
3346 5819 3461 5874 ἀπὸ
3496 5820 3595 5893 τῆς
3626 5834 3777 5874 κατα-

2222 5899 2553 5972 φθειρούσης
2579 5902 2879 5977 δυνάμεως.
