3970 6294
267 440 409 508 1165

1526 439 1762 503 SACRA
1803 438 2272 500 PARALLELA.

3382 445 3520 514 1166

346 561 409 612 Ἣ
442 556 534 613 τοῦ
562 553 735 611 κακοῦ
764 552 974 619 στάσις,
1005 554 1146 627 ἀρχὴ
1171 558 1269 627 τῆς
1298 554 1439 609 κατὰ
1465 553 1666 626 ἀρετήν
1695 555 1842 607 ἐστιν

2020 550 2210 621 Ejusd.
2253 551 2332 608 De
2382 555 2700 625 perfectione
2737 559 2874 613 vim.
2908 589 2974 600 --
3008 557 3238 617 Cessare
3289 577 3317 615 ιι
3366 566 3512 618 malo

380 657 443 705 ἲ,

403 690 462 705 ιι.

268 658 295 709 ὁ
380 658 462 705 ἕο.

479 745 623 797 ἔστιν
658 740 792 813 ἄλλη
826 758 909 805 τις
939 739 1033 795 τοῦ
1067 741 1239 795 κακοῦ
1263 743 1585 806 ὑπόστασις,
1620 742 1668 794 εί
1708 739 1782 811 μὴ
1812 740 1841 792 δ

270 833 545 910 χωρισμὸς
579 833 673 889 τοῦ
704 833 912 904 ἀγαθοῦ
952 834 1044 887 καὶ
1084 835 1414 907 κρείττονος.

346 930 413 985 Ἦ
451 928 719 1001 ἁμαρτία,
748 928 853 992 ἕως
890 929 987 999 μὲν
1023 928 1089 982 ἂν
1138 927 1409 994 ὼδίνεται,
1439 925 1552 999 ἔχει
1590 925 1714 981 τινὰ
1755 928 1841 981 al-

1947 646 2354 714 progressionis
2388 648 2451 701 ad
2490 650 2747 703 virtutem
2777 649 2990 707 initium
3030 663 3134 708 est.

2017 737 2209 807 Ejusd.
2243 739 2297 791 in
2328 738 2803 797 Cantia-«Nulla
2847 745 2953 799 alia
3008 746 3136 799 mali
3186 746 3516 807 substantia.

1949 845 2045 883 seu
2082 843 2279 885 natura
2311 842 2417 898 est,
2448 847 2810 906 praeterquam
2842 839 3111 895 discessio
3133 856 3163 893 a
3203 841 3365 895 bono.

2021 921 2213 995 Chrys.
2244 926 2300 979 in
2326 929 2444 982 Act.
2489 938 2663 997 apost.
2687 956 2758 969 —-
2780 928 3099 997 Peccatum,
3124 933 3250 987 dum
3278 933 3517 1002 paritur,

272 1023 496 1095 σχύνην.
531 1022 782 1077 Ἐπειδὰν
807 1021 864 1075 δὲ
893 1020 1145 1094 τελεσθῇ,
1174 1023 1295 1076 τότε
1325 1018 1841 1092 ἀναισχυντοτέρους

1989 1018 2178 1073 udoris
2210 1018 2419 1090 aliquid
2456 1021 2776 1089 adjunctum
2810 1022 2973 1078 liabet
3008 1042 3021 1079 :
3059 1038 3182 1079 cum
3209 1034 3398 1082 autem
3428 1028 3527 1083 ad-

273 1119 414 1171 ποιεῖ
442 1116 567 1179 τοὺς
596 1114 1004 1189 ἐργαζομένους
1033 1115 1224 1187 αὐτήν.

338 1302 412 1357 Οὐ
459 1302 520 1357 τὸ
551 1301 830 1365 θλίϐεσθαι.
860 1303 1052 1366 κακὸν,
1085 1302 1223 1358 ἀλλὰ
1262 1303 1321 1357 τὸ
1368 1300 1707 1375 ἁμαρτάνειν
1746 1314 1847 1352 κα-

271 1395 385 1450 κόν.
422 1394 489 1448 Ἦ
515 1393 726 1467 χαλεπὴ
749 1393 928 1464 θλίψις
956 1394 1114 1449 τοῦτό
1142 1396 1312 1448 ἐστιν.

340 1488 452 1561 Οὐχ
494 1489 545 1542 οί
593 1487 917 1550 ἁσεόοῦντες
974 1490 1156 1560 μόνον,
1189 1487 1325 1542 ἀλλὰ
1352 1486 1447 1540 καὶ
1478 1486 1529 1539 ei
1558 1484 1845 1556 δυνάμενοι

275 1581 374 1654 μὲν
404 1583 714 1651 ἀπαγαγεῖν
769 1582 867 1652 τῆς
901 1581 1179 1647 ἀσεϐείας,
1208 1580 1282 1652 μὴ
1323 1578 1638 1651 βουλόμενοι
1666 1577 1743 1634 δὲ.
1778 1576 1845 1630 δι’

271 1678 429 1735 δκνον
459 1677 493 1750 ἢ
525 1677 613 1733 διὰ
642 1676 893 1741 νωθείαν,
926 1676 1129 1747 ὁμοίως
1161 1673 1505 1740 κολάζονται.

340 1862 434 1931 Μὴ
472 1859 751 1933 προσεύξῃ
802 1860 932 1933 περὶ
979 1858 1073 1913 τοῦ
1106 1856 1240 1913 λαοῦ
1272 1856 1491 1923 τούτου,
1539 1854 1678 1927 φησὶ
1710 1855 1849 1925 πρὸς

1951 1112 2181 1168 missum
2216 1126 2321 1177 est,
2366 1128 2461 1169 eos
2504 1114 2596 1184 qui
2667 1113 3035 1182 admiserunt,
3087 1115 3521 1186 impudentioru

1953 1201 2157 1256 reddit.

2025 1294 2299 1366 Ejusdem.
2352 1327 2423 1338 -
2472 1296 2591 1353 Non
2624 1298 2809 1370 afﬂigi,
2862 1299 2957 1354 sed
3017 1314 3264 1370 peccare,
3319 1302 3525 1359 malum

1953 1402 2055 1444 cst.
2090 1385 2328 1460 Haecque
2358 1392 2545 1461 gravis
2574 1390 2800 1447 atilictio
2828 1398 2933 1446 cst.

2031 1479 2282 1551 Ejusdem
2322 1493 2369 1537 1.
2399 1513 2468 1524 --
2497 1482 2615 1538 Non
2654 1485 2731 1540 illi
2778 1485 3067 1550 duntaxat,
3126 1486 3218 1557 qui
3265 1487 3429 1558 impie
3470 1502 3531 1543 se

1956 1585 2178 1645 gerunt,
2231 1574 2328 1631 sed
2377 1585 2433 1632 et
2460 1590 2624 1646 poena
2656 1578 2846 1635 eadem
2892 1580 3233 1648 plectuntur,
3269 1580 3362 1651 qui
3402 1594 3527 1637 cum

1957 1667 2097 1725 alios
2165 1668 2234 1723 ab
2316 1659 2604 1740 impietate
2684 1683 2893 1743 queant
2958 1653 3257 1738 abducere,
3319 1676 3389 1729 ob
3442 1691 3528 1731 ser

1959 1761 2186 1832 gnitiem
2218 1769 2400 1819 tamen
2433 1772 2489 1817 et
2525 1763 2834 1819 socordiam
2870 1765 2919 1819 id
2968 1764 3149 1821 facere
3180 1778 3459 1826 recusant.

2036 1853 2309 1924 Ejusdem.
2341 1854 2514 1911 —Ne
2560 1873 2724 1928 roges
2766 1872 2865 1927 pro
2912 1861 3117 1928 populo
3166 1860 3291 1920 hoc.
3324 1861 3530 1928 inquit.

282 1955 557 2027 Ἰερεμίαν
588 1954 616 2007 δ
649 1952 804 2017 Θεὸς.
826 1953 910 2007 δτι
938 1952 1032 2007 ἐὰν
1053 1955 1151 2024 στῇ
1182 1950 1424 2022 Μωῦσῆς
1453 1949 1550 2004 καὶ
1570 1946 1844 2020 Σαμουὴλ,

1985 1948 2099 2003 leue
2150 1946 2217 2002 ad
2263 1946 2921 2019 Jeremiamzquoniam,
2980 1952 3025 2005 si
3076 1952 3333 2007 steterint
3382 1951 3532 2024 Moy-

270 2049 373 2103 οὐκ
408 2047 801 2119 είσακοιῖσομαι
834 2046 1034 2102 αὐτῶν.
1066 2046 1255 2111 Οῦτως
1279 2045 1429 2099 ἐστὶν
1468 2043 1845 2115 ἁμαρτήματα

272 2141 455 2194 πᾶσαν
484 2138 885 2211 ὑπερϐαίνοντα
916 2135 1270 2210 συγγνώμην,
1298 2136 1394 2191 καὶ
1416 2134 1717 2204 ἀπολογίας
1751 2150 1847 2186 τυ-

273 2236 392 2307 χεῖν
423 2233 483 2287 οὐ
512 2231 808 2303 δυνάμενα.

345 2328 418 2381 Τὸ
447 2325 886 2396 ἁνεπισκόπητον
918 2324 1012 2378 καὶ
1054 2324 1394 2397 ἀπρονόητον
1423 2318 1849 2393 ὲγκατελειφθῆ-

272 2439 361 2477 ναι
388 2420 495 2475 ὑπὸ
530 2418 629 2475 τοῦ
658 2417 815 2482 Θεοῦ,
851 2419 1074 2473 πάντων
1104 2416 1522 2490 ὀλεθριώτατον,
1552 2415 1649 2470 καὶ
1692 2416 1726 2486 ἠ
1757 2414 1848 2467 ἐπὶ

273 2516 388 2578 τοῖς
415 2512 694 2584 μεγίστοις
718 2511 1024 2583 ἀδικήμασι
1059 2513 1293 2582 μεγίστη
1319 2510 1560 2583 τιμωρία
1595 2508 1759 2579 αῦτη,
1787 2505 1851 2559 τὺ

276 2608 488 2677 ἔρημον
520 2606 618 2660 καὶ
672 2605 907 2676 ὀρφανὸν
960 2602 1219 2672 γενέσθαι
1271 2602 1417 2655 ποιεῖ
1454 2598 1614 2654 Θεοῦ.
1651 2599 1712 2653 '0
1741 2595 1851 2667 γὰρ

275 2699 427 2765 ξένος
448 2696 543 2753 τοῦ
585 2697 783 2770 βοηθοῦ
840 2697 936 2750 καὶ
966 2694 1220 2767 Σωτῆρος
1256 2692 1573 2765 γενόμενος,
1607 2690 1715 2745 ὑπὸ
1740 2691 1852 2752 τοῖς

272 2793 491 2866 ἐχθροῖς
520 2792 614 2845 καὶ
643 2792 758 2855 τοῖς
788 2790 1013 2865 λῃσταῖς
1042 2788 1207 2854 εὐθύς
1233 2791 1403 2842 ἐστιν.
1620 2806 1623 2807 ν

343 2883 481 2942 Εῐτα
510 2884 764 2957 βασιλεὺς
798 2885 897 2954 μὲν
921 2884 1160 2953 ἐπίγειος
1192 2880 1511 2937 πιστεύεται
1535 2874 1698 2943 εἶναι,
1730 2877 1854 2932 καί·

277 2997 391 3052 περ
423 2978 500 3052 μὴ
527 2979 660 3033 πᾶσι
687 2978 1021 3051 βλεπόμενος
1047 2992 1062 3007 ·
1091 2976 1180 3035 διὰ
1216 2976 1275 3031 δὲ
1306 2976 1514 3048 νόμων,
1548 2977 1641 3030 καὶ
1670 2973 1856 3028 διατά-

276 3073 416 3141 ξεων
448 3070 635 3139 αὐτοῦ,
660 3070 758 3125 καὶ
790 3069 1073 3138 ἐξουσιῶν,
1110 3070 1208 3125 καὶ
1244 3070 1557 3141 δυνάμεων,
1592 3068 1688 3123 καὶ
1710 3067 1855 3122 είκόο

274 3180 383 3217 νων
415 3163 637 3229 νοεῖται,
663 3160 755 3215 τὸν
780 3160 838 3215 δὲ
859 3160 993 3215 Θεδν
1013 3160 1074 3215 οὺ
1102 3160 1284 3232 βοὺλει
1315 3159 1554 3215 νοεῖσθαι
1581 3158 1648 3214 δι’
1678 3158 1856 3232 ἔργων

276 3254 374 3308 καὶ
393 3253 701 3323 δυνάμεων.

347 3344 426 3400 Οὐ
450 3344 545 3399 τὸν
577 3344 709 3398 Θεὸν
733 3342 1009 3416 βλάψομεν
1029 3342 1349 3412 ἀγνοοῦντες
1377 3340 1566 3411 αὐτὸν,
1585 3340 1703 3396 ἀλλ’
1731 3342 1856 3395 ἑαυ-

275 3442 404 3505 τοὺς
440 3440 889 3510 ἀποστερήσομεν
918 3436 1016 3509 τῆς
1045 3435 1209 3492 αὑτοῦ
1246 3437 1449 3506 φιλίας.

348 3624 622 3679 οὐδέποτε
649 3622 865 3694 αἵρεσις
884 3620 985 3692 τὴν
1037 3619 1369 3694 Ἐκκλησίαν
1405 3619 1679 3693 ἐνίκησεν,
1717 3620 1858 3677 ἀλλὰ

279 3717 366 3769 an
424 3716 698 3787 μαίνεται,
746 3713 841 3769 καὶ
873 3714 994 3769 κατ’
1030 3714 1211 3785 ὀλίγον
1264 3714 1609 3787 προελθοῦσα
1651 3714 1855 3781 εὐθέως

278 3807 488 3864 λύεται.
592 3832 603 3874 ~_

349 3903 564 3975 Ὠσπερ
591 3900 865 3973 ὀφθαλμὸς
890 3899 1320 3973 τεταραγμένος,
1358 3898 1503 3955 οὕτω
1525 3900 1621 3955 καὶ
1646 3902 1680 3972 ἡ
1704 3898 1851 3971 ψυχὴ

276 3997 392 4059 τοῖς
416 3994 568 4066 παρὰ
598 3992 762 4065 φύσιν
791 3992 1092 4047 θολωθεῖσα
1123 3993 1413 4063 δόγμασιν,
1444 3993 1545 4065 οὐχ
1575 3987 1667 4049 οἶά
1702 4010 1762 4047 τε
1790 3993 1853 4047 τὸ

279 4087 398 4156 φῶς
432 4085 534 4157 τῆς
560 4084 819 4156 ἀληθείας
847 4084 1071 4140 διιδέναι
1096 4084 1365 4157 ἀκριϐῶς,
1389 4084 1525 4140 ἀλλὰ
1564 4084 1751 4140 καὶτὰ
1794 4085 1854 4139 ἐν

282 4178 416 4233 ποσὶ
448 4178 686 4250 παρορᾷ.
724 4175 814 4232 Ἐν
851 4172 945 4231 οὖν
986 4175 1195 4248 θολερῷ
1222 4174 1400 4241 ὕδατι,
1430 4174 1646 4241 καὶτὰς
1696 4175 1855 4247 ιγχὲ-

281 4271 393 4335 λεις
432 4270 753 4326 ἁλίσκεσθαι
785 4286 953 4341 φασιν
981 4268 1493 4340 άποτυφλουμένας.

358 4451 641 4525 Κρείττων
698 4452 1001 4526 εὐημερίας
1048 4449 1384 4521 ἀχαλινώτου
1437 4450 1592 4517 νόσος
1637 4452 1856 4521 φιλόσο-

286 4566 387 4617 νος

359 4590 424 4695 δί
450 4641 620 4696 πολλὰ
654 4640 962 4707 πταίοντες,
997 4644 1089 4696 καὶ
1119 4642 1196 4716 μη
1244 4640 1622 4712 κολαζόμενοι,
1676 4640 1858 4712 φοϐεῖ-
1888 4677 1938 4738 υ

1953 2056 2044 2097 ses
2072 2047 2130 2096 et
2162 2040 2408 2109 Samuel,
2447 2057 2556 2096 non
2609 2044 2899 2099 exaudiam
2932 2059 3050 2099 eos.
3102 2042 3181 2098 Ex
3215 2060 3327 2115 quo
3373 2046 3535 2100 intel-

1953 2134 2049 2207 ligi
2083 2135 2278 2199 datur.r
2302 2145 2529 2207 peccata
2574 2138 2821 2205 quaedam
2870 2152 2997 2194 esse
3037 2153 3159 2209 quae
3190 2140 3405 2194 veniam
3439 2155 3532 2195 ex-

1952 2226 2173 2291 cedant,
2211 2241 2313 2282 nec
2336 2230 2755 2285 excusationem
2778 2230 2945 2284 ullam
2968 2231 3233 2301 consequi
3266 2232 3485 2302 possint
3505 2271 3518 2285 .

2022 2318 2183 2373 Dion.
2214 2319 2369 2375 Alex.
2413 2351 2475 2363 --
2497 2320 2644 2377 Nihil
2686 2323 2983 2380 exitiosius
3018 2334 3123 2390 est,
3152 2325 3323 2395 quam
3351 2339 3381 2378 a
3408 2323 3532 2387 Dea

1955 2412 2031 2469 ita
2080 2413 2286 2483 deseri,
2342 2424 2402 2471 ut
2454 2432 2557 2473 nec
2603 2426 2794 2472 nostra
2845 2418 3176 2490 prospiciat,
3227 2433 3332 2473 nec
3371 2416 3535 2472 nobis

1956 2505 2247 2577 provideat
2281 2527 2295 2564 :
2334 2518 2390 2565 et
2430 2508 2659 2581 gravius
2710 2510 3047 2581 supplicium
3098 2511 3169 2565 ob
3201 2510 3533 2582 gravissima

1958 2601 2195 2664 scelera.
2251 2602 2356 2658 hoc
2388 2612 2494 2670 est,
2530 2613 2591 2658 ut
2619 2606 2744 2673 quis
2783 2620 2812 2658 a
2852 2603 2961 2660 Deo
3005 2603 3340 2661 destituatur
3368 2612 3424 2660 et
3446 2618 3538 2659 or-

1955 2692 2140 2748 betur.
2176 2693 2312 2749 Nam
2344 2698 2439 2766 qui
2472 2695 2564 2751 Dei
2594 2696 2899 2753 Salvatoris
2930 2712 3035 2767 ope
3063 2706 3236 2763 caret,
3271 2698 3363 2752 hic
3401 2712 3539 2753 con-

1958 2784 2140 2843 festim
2182 2789 2287 2844 sub
2322 2789 2563 2844 hostium
2597 2799 2653 2845 et
2689 2790 3010 2861 pmdonum
3051 2798 3323 2861 potestate
3366 2796 3474 2846 est.

2029 2878 2326 2951 Theophili.
2351 2910 2419 2923 -—
2439 2882 2588 2939 Itane
2610 2882 2834 2939 tandem
2859 2899 2955 2939 rex
2989 2892 3265 2949 terrenus,
3295 2883 3397 2938 etsi
3438 2883 3543 2937 mis-

1957 2971 2105 3029 nime
2132 2972 2351 3030 videtur
2378 2974 2445 3030 ab
2484 2975 2766 3041 omnibus,
2800 2982 2984 3031 tamen
3019 2990 3119 3046 per
3158 2974 3310 3048 leges
3338 2983 3393 3031 et
3419 2973 3542 3030 edia

1957 3073 2069 3127 cta,
2118 3065 2621 3137 auctoritatemque
2676 3074 2731 3120 et
2798 3067 3103 3137 potentiam
3151 3079 3215 3120 ac
3270 3064 3541 3135 imagines

1957 3158 2229 3215 exsistere
2257 3160 2509 3216 creditur
2535 3176 2551 3226 ;
2576 3159 2749 3215 Deum
2792 3174 2931 3215 vero
2960 3174 3025 3216 ex
3057 3157 3323 3231 operibus
3352 3165 3409 3213 et
3441 3173 3539 3230 po-

1960 3250 2137 3308 tentia
2164 3251 2398 3324 intelligi
2442 3268 2552 3308 non
2581 3251 2705 3309 vis?

2031 3344 2261 3400 Justim'.
2290 3375 2361 3385 —
2395 3345 2457 3401 Si
2492 3345 2661 3401 Deum
2710 3343 3058 3417 ignoramus,
3092 3357 3201 3400 non
3238 3354 3534 3415 propterea

1963 3437 2145 3509 ipsum
2177 3437 2438 3496 laudemus
2469 3457 2485 3496 :
2530 3440 2625 3497 sed
2657 3441 2780 3511 ejus
2806 3440 3051 3497 amicitia
3082 3454 3185 3496 nos
3213 3440 3318 3512 ipsi
3353 3440 3541 3511 priva-

1962 3527 2166 3585 bimus.

2035 3620 2313 3693 Serapion.
2346 3653 2413 3663 -—
2436 3621 2595 3678 Nulla
2631 3638 2871 3694 unquam
2926 3622 3155 3680 haeresis
3186 3622 3257 3679 de
3292 3621 3541 3679 Ecclesia

1965 3713 2360 3791 triumphavit;
2416 3717 2511 3772 sed
2567 3731 2785 3787 semper
2822 3716 3047 3787 quidem
3084 3716 3240 3783 furit,
3292 3729 3346 3773 et
3394 3726 3540 3788 post-

1965 3820 2129 3877 quam
2170 3805 2501 3878 aliquandiu
2550 3821 2841 3878 progressa
2875 3814 2982 3873 est,
3021 3809 3205 3863 statim
3240 3808 3538 3862 evanescit.

2036 3898 2205 3955 Clem.
2255 3898 2415 3954 Alex.
2459 3914 2525 3954 ετ
2555 3896 3061 3970 Ραιάιιςμ-σ-νθιιιι
3110 3899 3309 3954 oculus
3352 3900 3540 3953 turba—

1965 4002 2077 4060 tus,
2130 3992 2211 4047 sic
2262 3993 2446 4047 anima
2504 4006 2788 4063 quoquea
2840 3991 3279 4062 repugnantibus
3327 3999 3540 4046 natura:

1963 4084 2205 4143 decretis
2266 4095 2657 4156 conspurcata.
2716 4085 2975 4142 veritatis
3020 4086 3199 4141 lucem
3248 4087 3407 4157 plene
3458 4086 3543 4139 in-

1967 4179 2109 4236 tueri
2157 4194 2266 4234 non
2300 4188 2517 4251 potest;
2554 4188 2613 4234 ut
2654 4194 2778 4248 qua:
2811 4194 2914 4235 nec
2942 4194 3006 4235 ea
3036 4193 3159 4245 quae
3192 4178 3352 4233 obvia
3385 4187 3540 4239 sum.

1962 4284 2175 4329 cernat.
2229 4274 2394 4345 Atqui
2424 4273 2479 4328 in
2532 4273 2750 4328 turbida
2801 4287 2943 4344 aqua
2999 4272 3311 4327 testudines
3372 4271 3539 4326 etiam

1964 4368 2271 4423 obcaecatas
2301 4366 2422 4439 capi
2450 4367 2629 4423 aiunt.
3556 4362 3561 4367 ’

2035 4457 2191 4532 Greg.
2225 4456 2366 4516 Naz.
2392 4490 2463 4500 —
2489 4456 2771 4515 Eﬂrenata
2809 4458 3117 4530 cupiditate
3152 4458 3383 4516 morbus
3407 4474 3533 4516 cum

1967 4551 2238 4623 sapientia
2272 4550 2605 4622 coniunctus
2635 4552 2986 4623 praestantior
3016 4562 3121 4606 est.

2036 4642 2289 4713 Chyrost.
2317 4673 2388 4685 -
2412 4642 2519 4710 Qui
2558 4660 2684 4699 cum
2715 4644 2888 4699 multa
2939 4650 3191 4714 peccent.
3239 4643 3409 4699 nullis
3450 4653 3531 4700 ta.

290 4735 417 4788 σθαι
447 4735 542 4788 καὶ
579 4733 877 4788 δεδοικέναι
908 4733 1235 4805 ὀφείλουσιν.
1273 4735 1508 4803 Δῦξεται
1538 4736 1648 4807 γὰρ
1677 4737 1855 4801 αὐτοῖς

1985 4752 2087 4791 nen
2136 4735 2315 4806 poenis
2358 4737 2699 4806 plectuntur,
2733 4736 2788 4790 in
2824 4743 2973 4790 metu
3011 4744 3064 4791 et
3092 4736 3293 4792 timore
3320 4741 3537 4795 versari

285 4830 359 4883 τά
391 4831 492 4899 τῆς
517 4829 787 4903 τιμωρίας
819 4830 909 4885 διὰ
941 4830 1044 4901 τῆς
1077 4832 1461 4904 ἁτιμωρησίας
1496 4832 1593 4886 καὶ
1624 4830 1725 4902 τῆς
1754 4848 1859 4902 μαο

289 4924 461 4995 κροθυ
470 4924 598 4995 μίας
619 4923 715 4979 τοῦ
745 4924 905 4981 Θεοῦ.

362 5018 616 5089 Πέφυκεν
642 5019 874 5083 ἕκαστος
914 5018 1024 5074 τῶν
1053 5020 1381 5092 κακουργῶν
1412 5021 1625 5092 ἀνδρῶν
1671 5022 1733 5077 τὸ
1775 5022 1860 5077 δί-

290 5131 448 5167 καιον
472 5112 649 5183 λέγων
674 5113 863 5169 κακόν.

365 5298 427 5349 El
477 5296 644 5366 μηδὲν
679 5294 944 5366 πράττεις
981 5292 1204 5363 φαῦλον,
1244 5294 1409 5364 μηδὲν
1442 5295 1686 5368 φοδηθῇς
1712 5295 1869 5369 πάρ.-

300 5408 420 5443 ταν.
446 5389 510 5443 El
540 5388 599 5443 δὲ
623 5388 771 5443 κακὰ
800 5386 1030 5459 ἐργάζῃ,
1058 5386 1325 5458 φοϐήθητι
1350 5387 1441 5440 τὸν
1469 5388 1701 5460 Κριτήν.

363 5567 425 5621 El
452 5564 779 5639 εὑρίσκομεν
809 5566 961 5637 δφεις
992 5566 1169 5636 ὄφεων
1197 5564 1555 5635 δεινοτέρους,
1594 5566 1752 5636 δῆλον
1781 5569 1863 5623 ὅτι

1957 4828 2180 4885 debent.
2218 4827 2435 4884 Etenim
2473 4830 2808 4900 supplicium
2850 4844 3045 4885 eorum
3092 4845 3193 4900 per
3240 4829 3536 4902 impunita-

1959 4928 2069 4976 tem
2106 4919 2201 4976 Dci
2236 4920 2643 4977 incrementum
2677 4923 2843 4994 capit.

2029 5008 2193 5083 3&0
2219 5009 2448 5066 Maximi
2474 5012 2538 5066 dc
2580 5012 2798 5067 arbitrii
2837 5013 3102 5070 libertate.
3127 5044 3193 5058 —-
3218 5012 3536 5071 Sceleratus

1967 5105 2223 5174 quisque,
2285 5104 2421 5159 illud
2471 5105 2619 5173 quod
2662 5107 2876 5178 justum
2939 5117 3044 5175 est,
3094 5109 3301 5163 malum
3352 5107 3540 5164 dicere

1967 5198 2278 5253 consuevit.

2043 5290 2183 5355 Nili,
2202 5290 2363 5347 3089.
2386 5322 2453 5332 -—-
2475 5292 2533 5346 Si
2560 5292 2696 5347 nihil
2728 5288 2979 5348 admittis
3026 5294 3177 5360 mali,
3210 5295 3347 5348 nillil
3382 5311 3539 5365 pror-

1964 5400 2063 5440 sus
2103 5384 2486 5441 exstimescas.
2518 5386 2615 5441 Sin
2650 5383 2794 5441 male
2819 5394 2873 5441 et
2904 5386 3173 5441 scelerate
3194 5386 3355 5455 vivis,
3385 5384 3539 5444 ludi-

1965 5494 2085 5533 cem
2116 5487 2317 5533 metue.

2039 5570 2317 5642 Ejusdem,
2347 5571 2508 5628 2759.
2539 5601 2604 5612 -
2632 5572 2689 5627 Si
2724 5572 2868 5629 inter
2903 5583 3213 5644 serpentes.
3248 5575 3387 5629 alios
3418 5574 3541 5629 aliis

1588 5684 1818 5745 VARIE
1854 5688 2253 5748 LEC’I‘IONES.

368 5787 386 5829 t
435 5774 490 5852 ln
523 5772 1076 5852 Rl_tp_el'._excerptl_l.m
1120 5774 1263 5830 hanc
1300 5775 1714 5852 inscriptionem
1756 5782 1943 5845 habet,
1969 5780 2065 5837 τοῦ
2094 5780 2297 5852 αὐτοῦ,
2330 5780 2393 5835 ὲκ
2417 5779 2513 5852 τοῦ
2564 5788 2611 5834 α’
2673 5781 2807 5852 προς
2862 5780 3149 5852 Ἰουλιανόν
3173 5796 3189 5810 ο
3219 5780 3451 5848 ejusdem
3480 5796 3545 5833 ea:

293 5850 489 5920 primo
526 5840 941 5920 adduiianiimf
990 5840 1111 5897 Non
1178 5852 1397 5920 exstant
1446 5840 1716 5916 eiusmodi
1739 5853 1865 5907 libri
1895 5840 2294 5920 Chrysostomi'
2320 5852 2385 5905 ad
2424 5840 2727 5906 lulianum:
2767 5850 2954 5920 Neque
3000 5852 3089 5905 hic
3123 5840 3280 5906 locus
3304 5853 3547 5906 occurrit

295 5912 392 5998 lib.
451 5931 478 5998 In
526 5915 719 5970 Crrilli
765 5915 918 5970 Alex.
989 5923 1183 5970 contra
1246 5912 1544 5987 lulianum,
1605 5922 1684 5977 uti
1729 5940 1826 5981 nec
1875 5926 1981 5980 alia
2014 5913 2133 5993 quae
2168 5937 2231 5977 cx
2276 5922 2470 5979 iisdem
2503 5924 2658 5979 libris
2696 5912 2918 5993 acet-pia
2961 5930 3224 5977 notantur
3255 5923 3457 5998 passim
3487 5920 3543 5977 in

295 5984 491 6049 Bupef.
