3970 6294
528 274 667 342 1179

1713 282 1776 343 S.
1812 278 2133 345 JOANNIS
2172 283 2607 347 DAMASCENI

3638 289 3777 357 1180

522 388 655 443 bum
685 385 946 453 otiosum,
971 386 1118 460 quod
1145 387 1315 446 locuti
1351 389 1557 449 fuerint
1576 393 1851 463 homines,
1872 394 2104 450 reddent

2233 399 2447 451 ιωσινοί
2473 398 2778 471 ἄνθρωποι,
2815 400 3162 458 ἀποδώσουσι
3226 402 3357 475 περ)⁸
3416 403 3583 459 αὑτοῦ
3635 404 3793 476 λόγον

521 480 592 547 de
619 495 687 536 eo
716 481 982 536 rationem
1026 480 1080 536 in
1127 482 1215 538 die
1238 483 1456 554 judicii.
1491 484 1566 540 Ex
1601 485 1787 541 verbis
1816 488 1962 541 enim
1998 486 2109 544 tuis

517 573 935 644 justiﬁeaberis,
962 582 1016 630 et
1050 591 1114 631 ex
1145 576 1333 632 verbis
1369 578 1477 635 tuis
1505 578 1979 635 condemnaberis.
2015 597 2033 629 ι

591 664 786 721 Matth.
818 680 941 730 χιιι,
989 667 1058 722 56
1088 668 1176 722 45.
1207 700 1277 709 -
1309 689 1327 721 ι
1367 669 1430 724 Ει
1465 678 1823 727 accesserunt
1873 670 1937 725 ad
1983 686 2109 725 eum

519 757 775 830 discipuli
810 758 956 829 ejus,
980 760 1233 818 dicentes
1268 781 1281 818 :
1319 762 1578 819 Edissere
1606 763 1767 820 nobis
1793 764 2109 835 parabolam

520 851 860 907 zizaniorum
894 854 1032 924 agri.
1069 855 1171 922 Qui
1201 856 1541 927 respondens
1576 860 1653 911 ait
1683 858 1792 913 illis
1821 876 1835 912 :
1873 857 1973 923 Qui
2019 871 2109 913 se-

520 939 696 997 minat
726 943 925 998 bonum
958 960 1169 1012 semen,
1203 956 1289 1003 est
1324 945 1497 1002 Filius
1524 948 1803 1005 ‘hominis.
1835 948 1979 1018 Ager
2007 963 2109 1002 au-

522 1043 629 1088 tem
654 1044 736 1090 est
771 1037 1028 1093 mundus.
1076 1036 1286 1093 Bonum
1323 1054 1454 1095 vero
1496 1053 1706 1106 semen,
1751 1041 1805 1096 hi
1853 1041 1981 1098 sunt
2015 1040 2110 1101 ﬁlii

521 1126 697 1197 regni.
746 1125 968 1185 Zizania
1022 1138 1205 1187 autem
1240 1130 1336 1186 lilii
1381 1141 1517 1188 sunt
1555 1149 1810 1204 nequam.
1850 1125 2111 1212 Inimicus

522 1231 706 1279 autem
733 1224 827 1294 qui
860 1224 1155 1284 seminavit
1191 1240 1277 1293 ea,
1314 1235 1400 1282 est
1447 1226 1727 1285 diabolus.
1762 1226 1955 1285 Messis
1981 1244 2111 1284 vero

520 1324 606 1371 est
660 1318 1068 1374 consummatio
1120 1318 1331 1374 saeculi.
1384 1319 1658 1377 Messores
1697 1328 1880 1377 autem
1933 1320 2109 1391 angeli

522 1418 669 1463 sunt.
704 1407 861 1465 Sicut
881 1425 1011 1484 ergo
1040 1412 1380 1484 colliguntur
1411 1414 1643 1478 zizania,
1665 1422 1719 1469 et
1745 1400 1855 1485 igni
1887 1415 2110 1470 combu-

523 1508 741 1565 runtur,
780 1502 861 1556 sic
896 1504 1003 1558 erit
1052 1504 1106 1559 in
1158 1506 1639 1563 consummatione
1684 1506 1900 1563 saeculi.
1936 1506 2112 1564 Mittet

524 1586 697 1645 Filius
736 1589 977 1649 hominis
1000 1596 1227 1665 angelos
1266 1611 1420 1664 suos,
1456 1604 1511 1652 et
1551 1597 1813 1669 colligent
1843 1599 1915 1675 de
1944 1615 2113 1671 regno

521 1682 642 1752 ejus
670 1684 854 1739 omnia
903 1688 1184 1753 scandala,
1216 1697 1270 1745 et
1315 1706 1411 1746 eos
1439 1692 1533 1762 qui
1588 1692 1794 1749 faciunt
1849 1693 2111 1764 iniquita-

2209 491 2269 543 ἐν
2328 490 2515 563 ἡμέρᾳ
2562 492 2821 564 κρίσεως.
2877 495 2971 549 Ἐκ
3022 498 3134 570 γὰρ
3180 496 3288 551 τῶν
3342 498 3514 566 λόγων
3571 516 3670 554 σου
3723 496 3796 554 δι-

2211 581 2515 652 καιωθήσῃ,
2538 584 2634 637 καὶ
2655 587 2717 638 ἐκ
2738 586 2848 639 τῶν
2865 588 3042 656 λόγων
3071 606 3165 643 σου
3194 590 3599 665 κατακριθήσῃ.
3628 610 3649 643 ι

2286 689 2305 722 t
2336 671 2444 724 Καὶ
2475 673 2786 744 προσῆλθον
2836 677 2986 749 αὑτῷ
3012 681 3061 732 οἱ
3102 680 3346 752 μαθηταὶ⁵
3395 680 3561 735 αὑτοῦ
3606 674 3790 751 λέγονο

2209 780 2301 827 τες
2322 782 2337 795 ·
2376 766 2589 836 φράσον
2619 770 2753 839 ἡμῖν
2783 770 2884 840 τὴν
2910 772 3229 844 παραϐολὴν
3260 761 3368 827 τῶν
3412 774 3675 840 ζιζανίων
3708 776 3795 830 τοῦ

2212 856 2406 928 άγροῦ.
2451 859 2511 913 Ὀ
2547 860 2603 915 δὲ
2633 861 2958 933 ἀποκριθεὶς
2987 860 3141 919 εἷπεν
3171 866 3354 929 αὐτοῖς
3386 884 3399 897 ·
3443 868 3502 922 ὐ
3556 868 3797 940 σπείρων

2211 948 2378 1004 καλὸν
2434 953 2677 1024 σπέρμα,
2741 953 2889 1009 ἔστιν
2924 958 2951 1009 6
2982 956 3110 1022 Υἱὸς
3169 958 3264 1011 τοῦ
3310 959 3645 1028 ἀνθρώπου·
3691 961 3798 1013 ὁδε

2211 1043 2397 1114 ἀγρὸς,
2431 1044 2578 1099 ἔστιν
2608 1047 2635 1098 ὀ
2669 1047 2876 1116 κόσμος
2912 1065 2927 1079 ο
2984 1051 3045 1103 τὸ
3068 1050 3126 1104 δέ
3156 1052 3321 1106 καλὸν
3351 1054 3580 1125 σπέρμα
3604 1097 3619 1121 ,
3657 1050 3798 1109 οὗτοί

2210 1137 2351 1190 εἰσιν
2378 1140 2484 1191 υίοὶ
2514 1140 2614 1211 τῆς
2655 1141 2934 1212 βασιλείας
2971 1159 2986 1175 ο
3015 1144 3084 1197 τά
3116 1144 3172 1198 δὲ
3199 1142 3436 1214 ζιζάνια,
3489 1147 3631 1201 εἰσὶν
3696 1147 3799 1201 υἱοὶ

2210 1229 2305 1285 τοῦ
2342 1232 2579 1304 πονηροῦ
2612 1251 2627 1264 ο
2663 1236 2692 1288 6
2721 1233 2778 1288 δὲ
2822 1236 3067 1307 ἐχθρὸςό
3102 1239 3331 1311 σπείρας
3384 1241 3547 1307 αὐτὰ,
3597 1241 3750 1295 ἔστιν
3774 1243 3801 1295 ό

2210 1322 2457 1388 διάϐολος
2495 1342 2509 1357 ·
2540 1325 2569 1378 ό
2590 1326 2647 1379 δὲ
2678 1325 2958 1399 θερισμὸς.
3023 1331 3307 1385 συντέλεια
3337 1330 3434 1385 τοῦ
3483 1333 3686 1398 αἰῶνός
3713 1333 3799 1387 tc-

2210 1431 2339 1470 τιν’
2379 1417 2431 1471 οἱ
2483 1417 2539 1472 δέ
2590 1416 2885 1494 θερισταὶ,
2934 1422 3157 1492 ἄγγελοί
3212 1426 3371 1479 εἰσιν.
3435 1425 3654 1499 Ὥσπερ
3715 1422 3802 1480 οὖν

2222 1508 2543 1579 συλλέγεται
2564 1511 2635 1565 τά
2682 1512 2943 1580 ζιζάνια,
2997 1515 3097 1569 καὶ
3146 1517 3284 1589 πυρὶ⁸
3334 1517 3572 1585 καίεται,
3629 1518 3801 1583 οὕτως

2212 1600 2365 1654 ἔσται
2391 1602 2450 1654 ἐν
2480 1604 2546 1673 τῇ
2574 1602 2857 1677 συντελείᾳ
2877 1603 2973 1658 τοῦ
3012 1602 3207 1669 αἰῶνος
3231 1606 3445 1664 τούτου.
3490 1608 3803 1662 ’Δποστελεῖ

2212 1699 2241 1750 6
2270 1696 2399 1762 Υίδς
2416 1696 2510 1753 τοῦ
2543 1698 2834 1771 ἀνθρώπου
2865 1702 2990 1765 τοὺς
3019 1701 3297 1771 ἀγγέλους
3319 1702 3503 1767 αὐτοῦ,
3535 1704 3637 1760 καὶ
3684 1703 3802 1758 συλ·

526 1778 658 1835 tem,
692 1783 745 1829 et
774 1774 993 1831 mittent
1034 1794 1128 1836 eos
1158 1780 1212 1835 in
1248 1782 1526 1836 caminum
1559 1782 1702 1855 ignis
1729 1801 1744 1840 :
1777 1784 1849 1839 ibi
1889 1786 1994 1840 erit
2019 1787 2113 1840 ile-

2233 1786 2456 1853 ιέξουσιν
2482 1791 2548 1845 ἐκ
2565 1765 2667 1862 τῆς
2697 1790 2978 1862 βασιλείας
3012 1765 3179 1849 αἰλτοῦ
3208 1765 3390 1851 πάντα
3414 1765 3802 1861 τάίσκάνδαλα,

526 1875 615 1923 tus
639 1876 692 1924 et
734 1870 942 1926 stridor
973 1872 1243 1928 dentium.
1279 1874 1433 1932 Tunc
1480 1877 1617 1948 justi
1651 1878 1937 1953 fulgebunt
1964 1882 2109 1936 sicut

526 1962 607 2016 sol
638 1963 689 2017 in
721 1979 889 2035 regno
921 1964 1097 2023 Patris
1128 1985 1341 2025 eorum.
1378 1990 1397 2023 ›

2212 1882 2306 1936 καὶ
2333 1884 2463 1947 τοὺς
2482 1882 2771 1949 ποιοῦντας
2793 1885 2893 1957 τὴν
2914 1887 3166 1958 ἀνομίαν,
3200 1891 3295 1942 καὶ
3354 1890 3662 1960 ἐμϐαλοῦσι
3699 1892 3797 1943 αὐ-

2210 1974 2339 2038 τοὺς
2367 1976 2447 2040 εἰς
2474 1973 2832 2048 τὴνκάμινον
2856 1978 2950 2033 τοῦ
2986 1979 3176 2051 πυρός.
3219 1979 3366 2034 Ἐκεῖ
3393 1981 3545 2035 ἔσται
3568 1981 3599 2035 6
3634 1981 3801 2034 κλαυ·

527 2057 663 2128 θμὸς
716 2061 1131 2133 καὶόβρυγμδς
1181 2065 1292 2120 τῶν
1341 2066 1590 2123 ὀδόντων.
1659 2068 1793 2123 Τότε
1825 2071 1874 2123 ot
1904 2069 2105 2124 δίκαιοι
2143 2068 2521 2144 ἐκλάμψουσιν
2551 2072 2851 2147 ὡςόῆλιος
2883 2076 2941 2131 ἐν
2996 2078 3064 2149 τῇ
3127 2077 3379 2149 βασιλείᾳ
3428 2076 3520 2131 τοῦ
3578 2079 3798 2148 Πατρῆς

526 2150 721 2205 αὐτῶν.
748 2172 767 2205 ι
2044 2182 2047 2184 ·

601 2244 795 2303 Matth.
830 2265 940 2316 xvi,
978 2252 1063 2310 l7.
1114 2284 1164 2294 -
1194 2275 1213 2308 ι
1256 2255 1430 2316 Filius
1462 2258 1703 2318 hominis
1736 2267 2001 2319 venturus
2030 2269 2117 2319 est

531 2340 584 2394 in
614 2341 786 2411 gloria
830 2343 1006 2401 Patris
1041 2346 1126 2401 sui
1166 2362 1289 2403 cum
1322 2351 1531 2421 angelis
1557 2353 1699 2420 suis,
1734 2362 1788 2410 et
1819 2362 1951 2410 tunc
1985 2353 2112 2411 red-

533 2433 624 2489 det
654 2434 953 2507 unicuique
979 2439 1286 2497 secundum
1317 2459 1481 2515 opera
1508 2461 1629 2503 sua.
1665 2466 1685 2501 ι

600 2525 796 2583 Matth.
842 2546 988 2597 xxiv,
1014 2532 1207 2602 εει-δι,
1240 2535 1326 2590 '56.
1361 2567 1431 2577 —
1470 2558 1489 2591 (
1534 2540 1731 2596 Statim
1760 2552 1941 2598 autem
1989 2538 2116 2615 post

528 2618 938 2676 tribulationem
982 2622 1195 2680 dierum
1232 2626 1472 2696 illorum,
1503 2632 1585 2688 sol
1614 2633 2024 2703 obscurabitur,
2057 2644 2113 2694 et

530 2712 658 2767 luna
695 2728 803 2767 non
837 2713 992 2769 dabit
1047 2716 1227 2774 lumen
1281 2736 1464 2790 suum,
1498 2732 1554 2779 et
1604 2725 1777 2782 stellae
1812 2728 2010 2784 cadent
2046 2729 2117 2786 de

529 2804 692 2867 coelo,
724 2813 779 2861 et
808 2806 1036 2864 virtutes
1064 2811 1329 2887 caelorum
1361 2818 1854 2877 commovebuntur
1877 2840 1889 2876 :
1912 2830 1967 2878 et
1986 2832 2117 2895 tunc

531 2899 744 2969 parebit
778 2900 995 2973 signum
1019 2900 1141 2958 Filii
1176 2906 1416 2964 hominis
1443 2910 1497 2964 in
1527 2913 1689 2978 caelo,
1717 2923 1773 2969 et
1793 2922 1924 2970 tunc
1958 2917 2118 2988 plan-

532 3003 661 3065 gent
722 3012 913 3054 omnes
971 2999 1148 3058 tribus
1223 3012 1401 3061 terrae.
1471 3006 1537 3061 Et
1602 3008 1865 3065 videbunt
1918 3012 2114 3069 Filium

2302 2272 2321 2307 ι
2363 2254 2566 2311 Μέλλει
2594 2256 2624 2311 ό
2648 2254 2783 2322 Υἱὸς
2828 2256 2923 2313 τοῦ
2967 2256 3255 2329 ἀνθρώπου
3314 2255 3569 2330 ἔρχεσθαι
3595 2258 3658 2311 ἐν
3683 2256 3804 2327 δόξῃ

2220 2349 2316 2407 τοῦ
2372 2351 2587 2423 Πατρδς
2639 2351 2837 2408 αὐτοῦ,
2868 2352 3008 2425 μετὰ
3062 2351 3171 2407 τῶν
3217 2350 3465 2422 ἀγγέλων
3484 2350 3687 2417 αὑτοῦ,
3716 2351 3806 2404 καὶ

2221 2446 2343 2501 τότε
2367 2445 2643 2501 ἀποδώσει
2674 2446 2893 2517 ἑκάστῳ
2925 2444 3071 2501 κατά
3096 2446 3197 2517 τὴν
3220 2445 3442 2517 πρᾶξιν.
3468 2464 3489 2498 ι

2304 2559 2325 2593 ε
2347 2534 2572 2605 Εὐθέως
2594 2528 2737 2611 μετά
2758 2539 2857 2611 τὴν
2877 2538 3058 2610 θλίψιν
3089 2524 3199 2595 τῶν
3230 2537 3458 2611 ἡμερῶν
3486 2538 3755 2604 ἐκείνων,
3782 2540 3806 2591 ι

2219 2628 2370 2703 ἥλιος
2418 2631 2860 2704 σκοτισθήσεται,
2913 2632 3009 2686 καὶ
3054 2633 3088 2703 ἡ
3138 2631 3341 2703 σελήνη
3396 2630 3458 2684 οὑ
3524 2628 3696 2684 δώσει
3750 2628 3806 2681 τὸ

2218 2727 2423 2799 φέγγος
2445 2726 2638 2799 αὐτῆς,
2674 2725 2768 2781 καὶ
2794 2727 2845 2781 οἱ
2880 2726 3111 2798 ἀστέρες
3150 2724 3443 2780 πεσοῦνται
3492 2724 3557 2778 ἐκ
3604 2722 3701 2779 τοῦ
3720 2723 3803 2778 οὖ-

2224 2822 2412 2897 ρανοῦ,
2441 2822 2537 2876 καὶ
2567 2825 2623 2876 αἱ
2649 2822 2910 2895 δυνάμεις
2942 2821 3051 2876 τῶν
3086 2821 3333 2892 οὐρανῶν
3357 2819 3802 2893 σαλευθήσονταιο

2221 2915 2319 2971 καὶ
2352 2914 2474 2969 τότε
2496 2916 2802 2987 φανήσεται
2828 2915 2891 2970 τὸ
2914 2918 3145 2986 σημεῖον
3174 2914 3268 2967 τοῦ
3303 2911 3436 2968 Υίοῦ
3462 2912 3561 2967 τοῦ
3595 2910 3803 2984 ἀνθρώ-

2224 3026 2325 3064 που
2358 3013 2416 3065 ὲν
2463 3008 2543 3082 τῷ
2601 3008 2818 3082 οὐρανῷ
2850 3026 2866 3043 ο
2908 3009 3003 3063 καὶ
3059 3008 3184 3063 τότε
3233 3008 3497 3089 κόψονται
3546 3008 3727 3061 πᾶσαι
3756 3006 3807 3059 at

533 3085 773 3143 hominis
805 3090 1117 3148 venientem
1148 3093 1201 3149 in
1234 3095 1377 3152 nube
1401 3098 1528 3153 caeli
1560 3113 1686 3155 cum
1722 3102 1920 3159 virtute
1944 3107 2114 3163 multa

2233 3104 2386 3174 ρυλαὶ
2413 3104 2512 3176 τῆς
2540 3102 2676 3175 γῆς·
2709 3105 2804 3158 καὶ
2844 3102 3070 3175 ὄψονται
3095 3101 3187 3156 τὸν
3223 3101 3352 3156 Υξὸν
3384 3085 3481 3155 τοῦ
3512 3099 3799 3173 ἀνθρώπου

532 3194 590 3240 et
638 3185 946 3257 majestate.
985 3186 1049 3242 Et
1081 3189 1258 3244 mittet
1312 3193 1538 3263 angelos
1605 3194 1768 3266 35,6
1810 3211 1941 3253 suos
1995 3213 2119 3253 cum

536 3276 671 3333 tuba
700 3289 756 3335 et
785 3293 917 3336 voce
966 3295 1190 3353 magna,
1226 3290 1280 3338 et
1311 3286 1721 3359 congregabunt
1765 3290 1970 3345 electos
2004 3292 2124 3362 ejus

538 3387 569 3426 a
611 3379 851 3443 quatuor
896 3374 1111 3443 ventis,
1160 3391 1192 3431 α
1240 3377 1472 3435 summis
1525 3381 1792 3436 caelorum
1833 3399 2008 3453 usque
2057 3386 2125 3440 ad

538 3466 808 3520 terminos
842 3481 1056 3524 eorum.
1093 3466 1168 3525 De
1198 3468 1289 3527 die
1330 3479 1513 3529 autem
1543 3472 1635 3529 illa
1674 3484 1729 3529 et
1775 3476 1908 3531 hora
1967 3494 2129 3535 nemo

541 3557 665 3624 scit,
707 3573 884 3631 neque
922 3561 1099 3634 angeli
1132 3563 1421 3632 caelorum,
1445 3566 1550 3623 nisi
1581 3567 1733 3625 solus
1763 3567 1980 3630 Pater.»

611 3840 808 3898 Matth.
844 3860 970 3912 xxv,
1003 3844 1091 3902 15.
1117 3878 1185 3890 -
1215 3866 1234 3900 ι
1264 3844 1517 3921 Vigilate,
1545 3850 1673 3923 quia
1701 3853 1929 3911 nescitis
1958 3854 2102 3914 diem

542 3949 722 4005 neque
754 3938 969 3993 horam.
1012 3956 1031 3990 ι

612 4028 781 4087 Joan.
816 4048 867 4097 v,
900 4032 989 4089 28.
1017 4065 1087 4075 —
1132 4052 1153 4087 ι
1183 4033 1346 4093 Venit
1382 4036 1537 4105 hora,
1578 4038 1635 4096 in
1674 4057 1782 4113 qua
1808 4059 2000 4102 omnes
2032 4047 2127 4118 qui

543 4125 602 4181 in
663 4129 1032 4186 monumentis
1100 4138 1267 4198 sunt,
1329 4133 1557 4190 audient
1612 4151 1802 4193 vocem
1857 4140 2009 4210 ejus;
2075 4152 2130 4200 et

546 4218 842 4287 procedent
900 4220 994 4291 qui
1048 4222 1191 4278 bona
1240 4222 1515 4294 fecerunt,
1553 4225 1608 4283 in
1656 4233 2127 4290 resurrectionem

545 4310 670 4367 vitae
704 4332 717 4366 :
752 4313 845 4383 qui
895 4329 1027 4371 vero
1075 4315 1216 4372 mala
1251 4327 1519 4390 egerunt,
1558 4321 1613 4377 in
1670 4325 2130 4383 resurrectionem

542 4405 756 4476 judicii.
803 4427 822 4460 ι

2226 3199 2526 3271 ἐρχόμενον
2551 3198 2611 3254 ἐν
2630 3197 2831 3272 νεφέλῃ
2864 3197 3003 3269 μετὰ
3032 3196 3339 3269 δυνάμεως,
3369 3195 3468 3251 καὶ
3494 3195 3660 3265 δόξης
3691 3193 3807 3247 πολ-

2226 3289 2324 3360 λῆς
2342 3305 2358 3321 ⁸
2383 3291 2477 3344 καλ⁵
2504 3288 2795 3345 ἀποστελεί
2821 3290 2950 3354 τοὺς
2977 3287 3245 3358 ἀγγέλους
3294 3284 3458 3340 αὑτοῦ
3510 3285 3654 3357 μετᾶ
3690 3283 3807 3338 σάλ-

2231 3403 2428 3455 πιγγος
2460 3386 2554 3441 καὶ
2598 3385 2785 3457 φωνῆς
2848 3381 3116 3454 μεγάλης,
3173 3380 3267 3435 καὶ
3315 3378 3639 3446 συλλέξουσι
3696 3377 3808 3437 τοὺς

2230 3478 2524 3542 ἐκλεκτοὺς
2546 3476 2715 3532 αὑτοῦ
2730 3478 2796 3531 ἐκ
2818 3476 2924 3529 τῶν
2945 3473 3229 3543 τεσσάρων
3250 3472 3489 3539 ἀνέμων,
3515 3470 3614 3525 ἀπ’
3631 3468 3810 3542 ἄκρων

2230 3571 2479 3643 οὐρανῶν
2526 3572 2633 3636 ἕως
2685 3572 2875 3642 ἄκρων
2922 3569 3123 3624 αὐτῶν.
3169 3568 3305 3637 Περὶ
3333 3566 3391 3621 δὲ
3448 3565 3552 3637 τῆς
3606 3564 3810 3637 ἡμέρας

2231 3664 2467 3735 ἐκείνης,
2498 3662 2593 3718 καὶ
2617 3665 2715 3733 τῆς
2756 3660 2910 3733 ὥρας
2942 3659 3121 3723 οὐδεὶς
3146 3653 3335 3726 οἶδεν,
3366 3657 3488 3712 οὐδὲ
3507 3658 3559 3711 οἱ
3589 3656 3813 3725 ἄγγελοι

2232 3756 2342 3813 τῶν
2364 3756 2632 3830 οὐρανῶν,
2658 3758 2707 3811 εί
2735 3754 2810 3827 μὴ
2839 3757 2867 3810 6
2893 3752 3084 3825 Πατὴρ
3115 3755 3303 3826 μόνος.“
3328 3764 3349 3805 ι

2311 3868 2329 3903 ι
2356 3850 2709 3923 Γρηγορεῖτε.
2735 3850 2816 3905 ὃτι
2842 3850 2944 3904 οὐκ
2976 3847 3155 3902 οἴδατε
3180 3846 3280 3920 τὴν
3314 3845 3549 3919 ἡμέραν,
3572 3843 3701 3899 οὐδὲ
3726 3846 3813 3914 τὴν

2233 3944 2403 4018 ὥραν.
2428 3963 2448 3996 ι
3250 3960 3256 3965 ·

2311 4056 2330 4088 ι
2368 4037 2630 4110 Ἔρχεται
2680 4033 2821 4107 ὥρα,
2883 4035 2941 4088 ἐν
3076 4033 3279 4097 πάντες
3312 4033 3362 4087 oi
3413 4032 3471 4086 tv
3530 4029 3811 4103 μνημείοις

2233 4130 2559 4186 ἀκούσονται
2586 4129 2687 4200 τῆς
2742 4128 2926 4200 φωνῆς
2983 4127 3187 4183 αὐτοῦ’
3242 4126 3339 4181 καὶ
3383 4124 3811 4199 ἐκπορεύσονται

2232 4228 2284 4279 oi
2315 4225 2383 4279 τά
2417 4222 2598 4293 ἀγαθά
2626 4222 2975 4295 ποιήσαντες,
3027 4225 3108 4285 εἰς
3140 4222 3439 4276 ἀνάστασιν
3491 4218 3668 4289 ζωῆς,
3689 4218 3737 4272 ot
3760 4215 3810 4270 δὲ

2235 4319 2302 4374 τά
2329 4318 2507 4389 φαῦλα
2532 4316 2862 4390 πράξαντες,
2890 4317 2969 4382 είς
2993 4315 3291 4372 ἀνάστασιν
3320 4316 3579 4388 κρίσεως.
3605 4334 3628 4364 ι

618 4498 749 4555 Luc.
783 4516 913 4567 xvtt,
951 4501 1146 4558 26-30.
1167 4534 1240 4545 —
1269 4523 1288 4558 ι
1322 4505 1476 4561 Sicut
1508 4506 1712 4563 factum
1742 4516 1827 4567 est
1856 4512 1909 4567 in
1941 4512 2116 4571 diebu:

2315 4527 2334 4561 t
2374 4506 2573 4571 Καθὼς
2630 4508 2850 4577 ἐγένετο
2888 4506 2946 4560 ὲν
2984 4506 3108 4569 ταῖς
3157 4505 3417 4577 ἡμέραις,
3444 4502 3590 4567 Νῶε,
3653 4502 3808 4563 οὕτως

546 4593 682 4661 Noe,
716 4594 789 4649 ita
814 4594 919 4649 erit
946 4605 999 4651 et
1035 4597 1087 4651 in
1120 4597 1315 4654 diebus
1343 4597 1460 4654 Filii
1492 4599 1753 4659 hominis.
1785 4604 2036 4661 Edebant
2073 4620 2128 4664 et

548 4689 831 4755 bibebant,
869 4704 1069 4747 uxores
1092 4691 1385 4759 ducebant,
1411 4702 1465 4749 et
1484 4695 1759 4752 dabantur
1783 4698 1850 4755 ad
1883 4702 2123 4772 nuptias.

552 4802 727 4857 usque
758 4786 810 4843 in
841 4785 985 4843 diem
1016 4803 1120 4858 qua
1146 4788 1370 4844 intravit
1410 4786 1523 4845 Noe
1556 4792 1609 4845 in
1643 4807 1849 4861 arcam,
1893 4806 1945 4852 et
1976 4798 2128 4853 venit

550 4880 843 4947 diluvium,
894 4890 949 4939 et
988 4881 1227 4953 perdidit
1266 4897 1477 4939 omnes.
1519 4884 1673 4939 Sicut
1716 4888 1879 4942 etiam
1919 4889 2125 4947 factum

551 4984 637 5031 est
671 4976 722 5031 in
752 4974 944 5031 diebus
996 4973 1119 5032 Lot.
1175 4976 1445 5044 Edebant,
1500 4978 1795 5047 bibebant,
1853 4986 2129 5052 emebant,

553 5069 884 5132 vendebant,
918 5067 1262 5138 plantabant,
1296 5067 1655 5124 aediﬁcabant.
1688 5070 1802 5137 Qua
1835 5073 1924 5129 die
1948 5084 2132 5130 autem

554 5166 684 5221 exiit
716 5163 820 5221 Lot
857 5180 887 5221 a
926 5165 1217 5231 Sodomis,
1278 5166 1419 5237 pluit
1477 5162 1711 5237 sulphur
1752 5168 1825 5225 de
1870 5174 2043 5239 caelo,
2083 5180 2139 5230 et

557 5273 748 5313 omnes
777 5258 1036 5329 perdidit.
1074 5257 1389 5321 Secundum
1431 5260 1543 5314 haec
1598 5261 1702 5316 erit
1748 5263 1886 5327 dies,
1934 5264 1987 5319 in
2028 5281 2135 5337 qua

558 5346 728 5405 Filius
760 5349 999 5407 hominis
1033 5351 1382 5406 revelabitur.
1420 5369 1437 5400 ι

624 5536 764 5591 Luc.
799 5553 911 5601 χχι,
942 5537 1131 5601 25-27,
1164 5539 1252 5605 3i,
1288 5540 1377 5595 55.
1414 5570 1481 5581 -—
1514 5560 1531 5591 ι
1572 5538 1726 5597 Tunc
1770 5551 1929 5596 erunt
1986 5543 2137 5613 signa

568 5634 623 5687 in
649 5630 765 5687 sole
801 5642 853 5689 et
890 5634 1014 5687 luna
1044 5642 1098 5689 et
1126 5634 1320 5698 stellis,
1352 5641 1403 5689 et
1440 5633 1492 5689 in
1524 5644 1669 5690 terra
1718 5651 1974 5706 pressura
2013 5651 2136 5705 gen-

568 5726 706 5782 tium
743 5743 856 5799 pra:
908 5728 1255 5791 confusione,
1290 5728 1503 5784 sonitus
1538 5730 1704 5783 maris
1731 5738 1783 5787 ct
1830 5728 2125 5793 ﬂuctuum,

570 5823 1296 5879 arescentibushominibus
1357 5839 1465 5894 prae
1522 5826 1818 5881 timoreet
1853 5834 2143 5896 exspecta-

2234 4600 2385 4656 έσται
2436 4600 2531 4655 καὶ
2577 4602 2635 4654 ἐν
2695 4601 2817 4665 ταῖς
2879 4598 3113 4672 ἡμέραις
3171 4597 3267 4652 τοῦ
3326 4597 3455 4651 Υίοῦ
3505 4597 3805 4669 ἀνθρώπου.

2239 4694 2710 4763 Ἦσθιον,έπινον,
2744 4693 3009 4767 ἐγάμουν,
3051 4692 3511 4763 ἐξεγαμίσκοντο,
3566 4691 3702 4760 ἄχρι

2233 4787 2447 4859 ἡμέρας
2476 4785 2695 4857 εἰσῆλθε
2729 4785 2851 4840 Νῶε
2879 4786 2959 4849 είς
2979 4784 3078 4856 τὴν
3133 4783 3389 4847 κιϐωτδν,
3446 4784 3541 4836 καὶ
3593 4780 3757 4854 ἦλθεν
3785 4783 3806 4832 ὁ

2236 4881 2626 4952 κατακλυσμὸς
2657 4921 2674 4949 ,
2705 4880 2814 4951 ξκαὶ
2860 4878 3112 4935 ἀπώλεσε
3166 4880 3396 4944 πάντας.
3432 4878 3675 4949 Ὁμοίως
3727 4880 3803 4930 καὶ

2236 4977 2453 5047 ἐγένετο
2486 4976 2544 5028 ἐν
2571 4975 2692 5039 ταῖς
2722 4972 2963 5045 ἡμέραις
2994 4971 3116 5026 Λώτ
3137 4989 3151 5003 ·
3182 4971 3390 5042 ἤσθιον,
3448 4970 3663 5035 ἔπινον,
3694 4968 3804 5038 ἠγό-

2239 5072 2426 5146 ραζον,
2460 5068 2730 5134 ἐπώλουν,
2762 5066 3048 5136 ἐφύτευον,
3086 5064 3399 5136 ᾠκοδόμουν
3431 5078 3445 5093 ⁸
3550 5063 3607 5118 δὲ
3643 5064 3805 5135 ἡμέρᾳ

2237 5163 2431 5235 ἐξῆλθε
2468 5160 2593 5217 Λὼτ
2631 5160 2741 5216 άπὸ
2787 5158 3060 5230 Σοδόμων,
3097 5156 3321 5227 ἔϐρεξεν
3355 5154 3501 5209 θεῖον
3541 5155 3641 5209 ἀπ’
3668 5157 3806 5227 οὖρα·

2237 5256 2352 5324 νοῦ,
2416 5254 2511 5311 καὶ
2560 5253 2845 5309 ἀπώλεσεν
2892 5252 3161 5314 ἅπαντας.
3208 5249 3366 5305 Κατὰ
3428 5249 3607 5303 ταῦτα
3675 5250 3802 5303 ἔσται

2240 5354 2274 5425 ἡ
2306 5350 2514 5426 ἡμέρα,
2545 5344 2662 5423 ἐνῇ
2696 5350 2723 5404 6
2752 5347 2882 5409 Υἱὸς
2942 5343 3039 5401 τοῦ
3075 5342 3366 5418 ἀνθρώπου
3428 5344 3803 5399 ἀποκαλύπτε-

2240 5465 2352 5502 ται.
2386 5465 2405 5498 ι

2320 5560 2339 5593 t
2377 5539 2511 5594 Τότε
2545 5539 2697 5592 ἔσται
2756 5537 2958 5607 σημεῖα
2990 5534 3050 5588 ὲν
3075 5532 3233 5604 ἡλίῳ,
3306 5531 3529 5603 σελήνῃ,
3595 5532 3685 5585 καὶ
3721 5529 3805 5584 ἅσ-

2246 5652 2414 5708 τροις,
2461 5632 2557 5687 καὶ
2620 5630 2715 5685 ἐπὶ
2765 5629 2864 5699 τῆς
2900 5627 3005 5697 γῆς
3050 5626 3251 5696 συνοχὴ
3309 5624 3479 5680 ἐθνῶν
3505 5627 3568 5679 ἐν
3602 5624 3801 5696 ἀπορίᾳ.

2248 5728 2485 5800 ὴχούσης
2506 5724 2780 5793 θαλάσσης
2804 5724 2897 5775 καὶ
2917 5722 3097 5785 σάλου,
3115 5718 3507 5791 ἀποψυχόντων
3521 5718 3800 5791 ἀνθ

2251 5823 2355 5876 ἀπο
2414 5820 2582 5891 φόϐου
2638 5817 2729 5871 καὶ
2781 5814 3108 5887 προσδοκίας
3154 5814 3263 5868 τῶν
3310 5812 3699 5886 ἐπερχομένων
3744 5809 3793 5878 τῇ
