3970 6294
235 282 372 346 1181

1537 292 1775 354 SACRA
1814 290 1960 355 PAR
1971 294 2281 360 ALLELA.

3340 299 3490 368 1182

238 396 551 470 οἰκουμένῃ.
573 396 640 451 At
670 398 780 469 γὰρ
816 396 1074 470 δυνάμεις
1116 399 1225 453 τῶν
1267 402 1513 475 οὐρανῶν
1547 406 1815 479 σαλευθή-

1940 410 2072 465 :ione
2100 426 2317 478 eorum,
2347 427 2469 484 qua:
2498 412 2890 483 supervenient
2914 413 3171 470 ttniverso
3200 416 3342 471 orbi.
3374 416 3506 476 Nam

238 507 448 556 σονται,
475 489 572 546 καὶ
604 492 727 545 τότε
776 491 997 561 δψονται
1051 494 1143 546 τὸν
1195 494 1325 549 Υίῦν
1375 495 1470 550 τοῦ
1527 497 1819 570 ἀνθρώπου

238 585 536 657 ἐρχόμενον
566 582 627 639 ἐν
654 586 852 659 νεφέλῃ
885 588 1025 658 μετά
1052 588 1334 661 δυνάμεως
1366 597 1462 644 καὶ
1489 591 1648 665 δόξης
1680 592 1816 647 πολ-

236 676 356 751 λῆς.
390 679 698 753 Προσέχετε
730 681 949 744 ἑαυτοῖς
992 682 1204 753 μήποτε
1241 683 1588 756 βαρυνθῶσιν
1667 687 1820 758 ὑμῶν

239 771 297 824 αί
325 770 547 843 καρδίαι
573 771 631 825 ἐν
658 773 960 845 κραιπάλῃ,
1002 774 1096 827 καὶ
1152 774 1314 849 μέθῃ,
1364 776 1460 831 καὶ
1525 777 1822 850 μερίμναις

242 863 546 935 βιωτικαῖς,
588 866 685 920 καὶ
713 867 996 937 αἰφνιδίως
1022 870 1106 940 ἐφ’
1139 871 1285 941 ὑμᾶς
1342 871 1540 943 ἐπιστῇ
1568 873 1601 945 ἡ
1636 872 1821 945 ἡμέρα

238 960 452 1035 ἐκείνη.
512 959 604 1026 Ὠς
664 961 833 1031 παγὶς
887 963 997 1035 γὰρ
1051 963 1407 1019 ἐπελεύσεται
1466 965 1561 1020 ἐπὶ
1612 965 1823 1033 πάντας

240 1056 367 1120 τοὺς
399 1054 742 1127 καθημένους
770 1056 865 1111 ἐπὶ
891 1056 1183 1130 πρόσωπον
1215 1057 1397 1130 πάσης
1425 1058 1525 1129 τῆς
1546 1059 1669 1132 γῆς.
1693 1080 1712 1113 ι

320 1168 339 1201 ι
383 1148 555 1202 Ὅταν
594 1150 659 1202 ὲκ
696 1150 909 1224 νεκρῶν
959 1151 1293 1215 ἀναστῶσιν,
1346 1150 1470 1206 οὔτε
1529 1153 1821 1223 γαμοῦσιν,

230 1243 367 1299 ὀὔτε
427 1242 777 1315 γαμίζονται,
839 1244 959 1300 ἀλλ’
1003 1245 1080 1311 ὡς
1139 1245 1364 1316 ἄγγελοί
1417 1247 1555 1301 εἰσιν
1610 1248 1669 1302 ὲν
1726 1249 1823 1303 06-

247 1337 416 1414 ρανῷ.
443 1356 465 1391 ι

323 1452 342 1486 ι
382 1432 706 1506 Λογίζομαι,
741 1433 952 1489 ὅτιούκ
975 1432 1101 1500 ἀξια
1126 1433 1194 1489 τὰ
1226 1434 1531 1508 παθήματα
1575 1436 1670 1491 τοῦ
1729 1436 1826 1493 νῦν

246 1525 441 1601 καιροῦ
496 1527 635 1600 πρὸς
674 1526 772 1601 τὴν
816 1525 1122 1599 μέλλουσαν
1161 1527 1321 1593 δόξαν
1370 1529 1828 1602 ἀποκαλυφθῆναι

247 1623 326 1685 εἰς
359 1623 530 1695 ἡμᾶς.
564 1621 631 1677 Ἦ
665 1618 775 1696 γάρ
806 1621 1220 1695 ἀποκαραδοκία
1262 1624 1363 1697 τῆς
1429 1625 1662 1691 κτίσεως
1728 1624 1828 1697 τὴν

249 1715 591 1788 ἀποκάλυψιν
617 1714 727 1771 τῶν
761 1715 894 1771 υἱῶν
919 1715 1019 1772 τοῦ
1040 1716 1179 1772 Θεοῦ
1209 1718 1593 1790 ἀπεκδέχεται.
1617 1737 1637 1772 ι

328 1829 348 1864 ι
399 1810 662 1867 Ἐκάστου
709 1810 769 1866 τὸ
799 1811 960 1884 ἔργον
1014 1813 1198 1866 ὁποῖόν
1249 1814 1367 1869 ἔστι
1411 1813 1473 1867 τὸ
1515 1812 1628 1887 πῦρ
1684 1814 1828 1868 δοκι-

255 1901 439 1972 μάσει.
497 1900 569 1957 Εἴ
602 1919 750 1966 τινος
791 1903 854 1957 ab
895 1902 1058 1977 ἔργον
1108 1903 1287 1976 μένει,
1320 1903 1348 1959 6
1378 1904 1823 1978 ἐπῳκοδόμησεν,

253 1995 445 2065 μισθὸν
507 1993 760 2067 λήψεται.
800 1994 868 2049 Et
892 2011 1037 2061 τινος
1067 1994 1130 2049 τὸ
1182 1994 1343 2067 ἔργον
1396 1998 1823 2069 κατακαήσεται,

244 2089 680 2164 ζημιωθήσεται.
737 2087 988 2153 Amat
1030 2088 1362 2162 σωθήσεται,
1422 2087 1599 2155 οὕτως
1646 2089 1703 2145 δὲ
1750 2091 1826 2156 ὼς

243 2183 333 2238 διὰ
360 2181 555 2254 πυρός.
581 2200 600 2236 ι
1794 2252 1797 2255 Α

324 2295 341 2327 ι
390 2275 577 2341 Οὕτως
627 2273 940 2347 γέγραπται
969 2293 983 2308 ·
1024 2275 1278 2347 Ἐγένετο
1308 2278 1337 2333 ό
1367 2278 1588 2351 πρῶτος
1619 2278 1831 2352 ἀνθρω-

246 2385 348 2434 πος
382 2367 459 2432 είς
490 2367 669 2440 ψυχὴν
702 2366 906 2435 ζῶσαν,
938 2368 968 2422 6
1000 2369 1235 2443 ἔσχατος
1269 2371 1443 2445 ’Δδάμ
1473 2375 1553 2438 είς
1606 2372 1828 2445 πνεῦμα

246 2460 533 2524 ζωοποιόν.
582 2459 724 2514 Ἀλλ’
752 2461 812 2514 ού
843 2459 1061 2534 πρῶτον
1082 2463 1146 2518 τὸ
1170 2465 1549 2537 πνευματικόν
1574 2484 1587 2498 ⁸
1613 2467 1640 2520 6
1672 2466 1827 2538 πρῶ-

244 2571 339 2620 τος
367 2552 653 2627 ἄνθρωπος
680 2555 745 2608 εκ
784 2554 890 2626 γῆς
946 2557 1151 2627 χοῖκὺς,
1183 2559 1212 2613 6
1241 2558 1495 2632 δεύτερος
1540 2558 1828 2633 ἄνθρωπος

247 2650 277 2703 ὁ
310 2646 514 2720 Κύριος
537 2647 597 2713 ἐξ
636 2647 892 2720 ούρανοῦ.
928 2644 1055 2715 Οίος
1090 2651 1119 2705 6
1146 2650 1330 2723 χοῖκὸς
1380 2650 1615 2707 τοιοῦτοι
1653 2653 1748 2707 καὶ
1776 2651 1827 2706 οἱ

248 2743 423 2815 χοϊκοί
455 2761 470 2775 ·
497 2742 592 2797 καὶ
625 2736 737 2807 οἶος
761 2743 1104 2816 ἐπουράνιος,
1134 2744 1366 2801 τοιοῦτοι
1391 2747 1484 2802 καὶ
1506 2747 1557 2802 οἱ
1587 2746 1828 2820 ἐπουρά-

247 2856 374 2895 νιοι.
414 2838 613 2901 Καθὼς
677 2839 1023 2911 ὲφορέσαμεν
1071 2839 1174 2913 τὴν
1223 2840 1411 2897 είκόνα
1460 2841 1555 2898 τοῦ
1615 2842 1826 2915 χοϊκοῦ,

249 2934 573 3005 φορέσωμεν
602 2934 698 2987 καὶ
728 2933 829 3005 τὴν
876 2934 1063 2990 εἰκόνα
1099 2933 1196 2990 τοῦ
1260 2936 1612 3010 ἐπουρανίου.
1656 2937 1829 2994 Τοῦτό

246 3043 416 3099 φημι,
442 3026 660 3097 ἀδελφοί
696 3046 820 3100 μου,
856 3029 939 3083 ὅτι
1003 3028 1141 3099 σὰρξ
1188 3030 1283 3085 καὶ
1344 3026 1487 3101 αἷμα
1547 3030 1827 3103 βασιλείαν

226 3119 388 3175 ’Θεοῦ
418 3109 828 3194 κληρονομῆσαι
862 3121 923 3175 ού
956 3120 1233 3190 δύνανται,
1286 3122 1410 3178 οὐδὲ
1450 3124 1482 3196 ή
1514 3123 1692 3198 φθορά
1726 3124 1828 3197 τὴν

246 3217 559 3291 ἀφθαρσίαν
594 3217 945 3291 κληρονομεῖ.
985 3219 1120 3274 Ἰδοὺ
1156 3221 1457 3292 μυστήριον
1486 3221 1615 3293 ὑμῖν
1648 3221 1826 3292 λέγω*

247 3314 451 3377 πάντες
511 3310 612 3384 μὲν
639 3313 701 3367 ού
733 3312 1208 3386 κοιμηθησόμεθα,
1269 3315 1473 3381 πάντες
1497 3316 1554 3370 δὲ
1591 3316 1833 3390 ἀλλαγηο

250 3404 481 3477 σόμεθα.
525 3406 614 3460 Ἐν
644 3404 852 3477 ἀτόμῳ,
882 3406 940 3459 ὲν
997 3407 1131 3479 ῥιπῇ
1191 3406 1497 3480 ὀφθαλμοῦ,
1533 3408 1591 3463 ἐν
1624 3409 1828 3484 ἐσχάτῃ

250 3501 516 3571 σάλπιγγι
539 3515 555 3532 ο
585 3498 837 3555 σαλπίσει
860 3499 971 3571 γάρ
992 3518 1006 3532 ο
1039 3502 1134 3556 καὶ
1165 3501 1214 3556 οί
1255 3502 1443 3575 νεκροὶ
1502 3503 1831 3577 ἐγερθήσονο

247 3611 337 3650 ται
367 3592 661 3665 ἄφθαρτοι,
694 3593 790 3647 καὶ
820 3592 986 3664 ἡμεῖς
1029 3590 1482 3666 ἀλλαγησόμεθα.
1509 3595 1602 3648 Δεῖ
1632 3594 1741 3667 γάρ
1769 3594 1831 3650 τὺ

250 3685 489 3759 φθαρτὸν
517 3684 680 3762 τοῦτο
698 3684 1029 3740 ἐνδύσασθαι
1052 3685 1387 3757 ἀφθαρσίαν,
1409 3686 1504 3740 καὶ
1532 3686 1593 3742 τὸ
1633 3686 1831 3759 θνητὸν

248 3779 408 3837 τοῦτο
432 3776 708 3833 ἐνδύσεται
732 3777 1051 3835 ἀθανασίαν.
1070 3780 1241 3833 Ὅταν
1262 3778 1319 3833 δὲ
1341 3778 1401 3833 τδ
1415 3778 1658 3852 φθαρτὸν
1669 3780 1830 3836 τοῦτο

146 3938 154 3948 ,
249 3873 527 3931 ἐνδύσεται
559 3872 894 3946 ἀφθαρσίαν,
924 3875 1022 3929 καὶ
1048 3874 1110 3928 τὺ
1134 3873 1327 3946 θνητὸν
1359 3873 1519 3929 τοῦτο
1546 3873 1830 3931 ἐνδύσεται

249 3968 576 4031 ἀθανασίαν.
625 3968 747 4023 τότε
799 3967 1093 4042 γενήσεται
1116 3969 1144 4023 6
1168 3966 1327 4038 λόγος
1360 3968 1389 4023 6
1409 3969 1828 4042 γεγραμμένος.

249 4063 545 4137 Κατεπόθη
571 4064 600 4118 6
621 4063 851 4127 θάνατος
872 4065 951 4128 είς
1002 4064 1173 4128 νῖκος.
1220 4062 1329 4118 Ποῦ
1363 4082 1479 4131 σου,
1515 4063 1737 4130 θάνατε,
1770 4066 1831 4119 τὸ

251 4161 508 4233 κέντρον;
539 4158 643 4213 ποῦ
674 4174 789 4223 σου,
812 4156 935 4230 ᾇδη,
958 4156 1022 4210 τὸ
1049 4159 1228 4224 νῖκοςς
1260 4156 1322 4211 τὸ
1344 4157 1572 4230 κέντρον
1605 4156 1701 4212 τοῦ
1729 4158 1830 4215 θα·

251 4254 413 4310 νάτου
462 4255 498 4326 ἡ
557 4250 837 4326 ἁμαρτίας
872 4250 939 4309 Ἦ
972 4250 1029 4306 δὲ
1065 4249 1300 4324 δύναμις
1330 4252 1429 4324 τῆς
1474 4252 1775 4325 ἁμαρτίας,
1802 4256 1829 4309 6

251 4351 443 4421 νόμος,
458 4366 478 4402 ι

1923 504 2158 561 virtutes
2189 507 2456 565 caelorum
2510 509 2900 567 movebuntur.
2950 508 3014 563 Et
3064 518 3195 563 tunc
3247 511 3508 566 videbunt

1924 593 2123 652 Filium
2159 598 2399 653 hominis
2434 600 2739 657 venientem
2786 603 2842 658 in
2897 602 3041 658 nube
3077 618 3200 656 cum
3239 607 3508 674 potestate

1921 699 1977 746 et
2005 690 2287 762 majestate
2317 691 2505 747 multa.
2541 692 2820 754 Attendite
2854 690 3036 751 autem
3067 696 3223 751 vobis
3266 712 3331 752 ne
3360 697 3505 754 forte

1922 794 2219 858 graventur
2248 784 2409 840 corda
2441 795 2622 842 vestra
2653 787 2707 841 in
2744 789 2990 860 crapula,
3029 796 3082 843 et
3120 790 3409 853 ebrietate,
3449 800 3505 847 et

1922 875 2074 931 curis
2108 875 2270 947 hujus
2297 877 2441 942 vitae,
2473 886 2527 932 et
2554 886 2774 950 repente
2798 881 3151 949 superveniat
3176 882 3231 935 in
3263 897 3360 935 vos
3387 881 3503 937 dies

1922 966 2038 1022 illa.
2064 965 2350 1038 Tanquam
2382 966 2611 1040 laqueus
2641 968 2786 1025 enim
2844 972 3193 1041 superveniet
3230 971 3285 1026 in
3314 987 3504 1029 omnes

1924 1063 2019 1133 qui
2056 1060 2247 1117 sedent
2287 1076 2451 1133 super
2478 1060 2670 1118 faciem
2707 1062 2884 1117 omnis
2920 1072 3100 1121 terrae.
3136 1082 3155 1116 ›

1996 1152 2169 1208 Marc.
2204 1170 2299 1219 xu,
2329 1155 2418 1210 25.
2452 1186 2518 1199 -
2560 1175 2578 1208 ‹
2610 1155 2748 1210 Cum
2776 1171 2803 1210 a
2830 1158 3060 1213 mortuis
3083 1158 3504 1223 resurrereriut,

1924 1264 2105 1319 neque
2134 1250 2359 1314 nubent,
2396 1265 2573 1320 neque
2604 1250 2901 1318 nubentur;
2934 1251 3029 1308 sed
3062 1261 3191 1307 sunt
3224 1253 3369 1306 sicut
3404 1268 3504 1305 an-

1926 1342 2029 1415 geli
2071 1343 2126 1398 in
2160 1342 2323 1399 caelo.
2361 1362 2380 1395 ›

1996 1432 2150 1489 Rom.
2185 1450 2299 1501 vtu,
2338 1434 2424 1490 18.
2458 1464 2530 1475 --
2561 1452 2580 1488 ι
2624 1433 2889 1491 Existimo
2912 1435 3057 1507 quod
3084 1451 3190 1492 non
3220 1445 3348 1494 sunt
3371 1453 3506 1493 con-

1927 1528 2104 1598 digna:
2128 1528 2410 1599 passiones
2437 1527 2602 1599 hujus
2635 1529 2897 1600 temporis
2916 1529 2980 1585 ad
3003 1529 3240 1584 futuram
3274 1529 3503 1603 gloriam

1928 1634 2050 1689 quae
2103 1618 2434 1674 revelabitur
2484 1618 2536 1673 in
2577 1619 2757 1675 nobis.
2793 1618 2928 1675 Nam
2978 1620 3318 1692 exspectatio
3349 1637 3505 1679 crea-

1856 1730 1901 1787 Β
1930 1720 2082 1776 turre,
2110 1711 2497 1767 revelationcm
2539 1713 2774 1768 filiorum
2805 1712 2895 1770 Dei
2931 1721 3229 1784 exspectat.
3272 1734 3290 1768 ι

2001 1805 2035 1860 Ι
2067 1806 2193 1862 Cor.
2224 1823 2307 1873 tu,
2337 1808 2423 1871 15,
2458 1807 2618 1862 H.-—
2649 1826 2667 1860 ι
2702 1805 3151 1880 Uniuscujusquc
3179 1824 3316 1880 Opus
3348 1810 3509 1880 quale

1929 1899 2019 1961 sit,
2055 1899 2197 1971 ignis
2219 1898 2496 1969 probabit.
2554 1898 2611 1954 Si
2659 1898 2819 1970 cujus
2866 1915 3005 1969 opus
3037 1901 3323 1967 manserit,
3360 1901 3506 1973 quod

1928 1989 2403 2061 superaedificavit,
2435 1990 2740 2046 mercedem
2788 1991 3042 2061 accipiet.
3077 1989 3135 2045 Si
3167 1990 3328 2061 cujus
3367 2007 3509 2063 opus

1928 2082 2147 2148 arserit,
2180 2081 2567 2138 detrimentum
2625 2081 2878 2153 accipiet.
2939 2081 3057 2154 Ipse
3107 2092 3286 2139 autem
3323 2084 3509 2142 salvus

1927 2180 2033 2236 erit
2074 2198 2089 2235 :
2129 2179 2211 2237 sic
2245 2188 2421 2234 tamen
2452 2179 2609 2251 quasi
2655 2195 2751 2250 per
2784 2179 2983 2251 ignem.
3025 2198 3044 2232 ι

2001 2272 2031 2327 Ι
2057 2272 2182 2328 Cor.
2214 2289 2304 2339 xv,
2336 2272 2529 2329 44-56.
2550 2304 2622 2313 -—
2654 2292 2671 2324 ι
2707 2272 2798 2328 Sic
2842 2274 3111 2345 scriptum
3144 2283 3228 2330 est
3262 2289 3276 2329 :
3311 2271 3510 2331 Factus

1928 2374 2011 2423 est
2035 2369 2247 2437 primus
2277 2366 2441 2422 homo
2468 2365 2524 2422 in
2549 2366 2791 2421 animam
2827 2366 3098 2424 viventem
3127 2387 3142 2423 :
3178 2367 3512 2423 novissimus

1928 2460 2099 2517 Adam
2144 2459 2199 2515 in
2234 2458 2487 2530 spiritum
2518 2458 2905 2517 vivificantem.
2958 2460 3062 2517 Sed
3116 2477 3221 2516 non
3274 2461 3511 2531 primum

1928 2552 2074 2624 quod
2106 2551 2395 2623 spirituale
2422 2562 2527 2608 est.
2567 2551 2782 2608 Primus
2825 2552 2987 2609 homo
3025 2550 3093 2608 de
3126 2560 3296 2618 terra,
3339 2561 3513 2608 terre.

1929 2662 2081 2702 nus:
2119 2643 2398 2702 secundus
2447 2644 2633 2711 homo,
2678 2643 2941 2700 Dominus
2990 2645 3057 2701 de
3106 2646 3268 2703 coelo.
3324 2644 3513 2713 Qualis

1930 2745 2207 2803 terrenus,
2239 2737 2378 2793 tales
2417 2744 2471 2793 et
2511 2737 2714 2793 terreni
2753 2754 2766 2792 :
2801 2745 2855 2794 et
2885 2738 3065 2810 qualis
3089 2738 3350 2802 caelestis.
3375 2738 3512 2817 tales

1929 2839 1984 2888 et
2011 2832 2288 2887 cmlestcs.
2326 2829 2393 2886 Et
2423 2831 2569 2887 sicut
2595 2831 2940 2903 portavimus
2966 2830 3256 2903 imaginem
3283 2832 3510 2898 terreni,

1931 2934 2213 2997 portemus
2250 2932 2305 2982 et
2336 2924 2628 2996 imaginem
2662 2925 2929 2982 cmlestis.
2973 2925 3087 2982 Hoc
3115 2925 3260 2991 dico,
3316 2926 3511 2982 fratres

1932 3019 2059 3085 mei,
2090 3018 2216 3089 quia
2267 3032 2397 3074 caro
2447 3026 2502 3074 et
2557 3017 2782 3090 sanguis
2822 3034 3051 3090 regnum
3085 3017 3176 3073 Dei
3231 3018 3514 3089 possidere

1933 3126 2038 3167 non
2065 3119 2315 3182 possunt,
2350 3126 2450 3168 nce
2483 3109 2763 3181 corruptio
2823 3110 3291 3182 incorruptionem
3322 3112 3515 3182 pessi—

1930 3205 2042 3260 det.
2095 3203 2233 3261 Ecce
2286 3203 2610 3277 mysterium
2652 3202 2808 3260 vobis
2836 3202 2963 3260 dico
3001 3222 3014 3259 :
3050 3220 3243 3261 omnes
3290 3203 3512 3275 quidem

1931 3315 2038 3355 non
2075 3298 2436 3366 dormiemus,
2483 3313 2676 3355 omnes
2725 3310 2905 3354 autem
2964 3297 3377 3355 immutabimur
3410 3319 3425 3356 :
3457 3300 3512 3355 in

1932 3402 2231 3458 momento,
2271 3393 2324 3449 in
2361 3394 2473 3449 ictu
2514 3392 2682 3455 oculi,
2718 3392 2772 3446 in
2811 3392 3111 3449 novissima
3137 3393 3270 3448 tuba
3308 3413 3321 3448 :
3354 3402 3515 3452 canet

1932 3484 2080 3539 enim
2114 3484 2241 3537 tuba
2272 3493 2327 3539 et
2363 3484 2565 3539 mortui
2610 3489 2901 3555 resurgant
2953 3483 3283 3556 incorrupti,
3328 3492 3382 3541 et
3410 3500 3513 3540 nos
3629 3504 3641 3516 ·

1933 3574 2370 3631 inunutabimur.
2401 3575 2631 3647 Oportet
2677 3576 2823 3631 enim
2864 3576 3223 3648 corruptibile
3275 3578 3381 3633 hoc
3427 3576 3512 3632 in-

1933 3670 2099 3726 duere
2122 3670 2619 3739 incorruptionem,
2646 3677 2701 3726 et
2738 3669 2972 3726 mortale
3009 3671 3115 3726 hoc
3149 3669 3383 3727 induere
3413 3670 3517 3726 im-

1933 3762 2342 3819 mortalitatem.
2428 3761 2565 3818 Cum
2613 3772 2794 3819 autem
2856 3762 3212 3835 corruptibile
3268 3764 3372 3820 hoc
3431 3765 3516 3819 in-

1931 3858 2111 3913 duerit
2166 3854 2658 3927 incorruptionem,
2695 3865 2746 3911 et
2799 3856 3032 3912 mortale
3100 3856 3204 3913 huc
3272 3856 3515 3914 induerit

1934 3948 2426 4013 immortalitatem,
2451 3958 2584 4006 tunc
2616 3947 2707 4005 fiet
2734 3964 2917 4006 sermo
2946 3949 3039 4021 qui
3086 3948 3329 4021 scriptus
3353 3950 3514 4025 347

1932 4053 2035 4101 εει.
2080 4042 2350 4112 Absorpta
2388 4049 2471 4098 est
2501 4056 2650 4098 mors
2682 4042 2737 4097 in
2786 4042 3035 4098 victoria.
3071 4040 3173 4098 Ubi
3207 4052 3313 4111 est,
3342 4060 3514 4112 mors,

1934 4135 2228 4193 stimulus?
2268 4134 2360 4191 ubi
2385 4143 2696 4205 est,pmors,
2736 4135 3013 4191 victoria?
3045 4136 3312 4198 Stimulus
3331 4150 3514 4197 autem

1935 4230 2129 4286 mortis
2166 4238 2449 4302 peccatum
2480 4237 2565 4287 est
2593 4247 2607 4285 :
2635 4228 2815 4286 virtus
2851 4248 2981 4290 vero
3002 4232 3237 4308 peccati,
3271 4233 3380 4290 lex.
3420 4253 3439 4287 ι

329 4466 350 4502 ι
379 4446 519 4510 Τοὺς
544 4444 753 4509 πάντας
781 4444 929 4515 ἡμᾶς
957 4442 1341 4516 φανερωθῆναι
1401 4442 1481 4497 δεῖ
1514 4443 1825 4515 ἔμπροσθεν

2004 4429 2246 4489 ΙΙιίῒον.
2302 4447 2356 4498 v,
2410 4430 2535 4485 101.
2593 4460 2661 4472 -
2700 4449 2719 4483 ι
2759 4427 2963 4489 Omnes
3014 4448 3114 4490 nos
3171 4433 3516 4492 manifestari

249 4540 348 4595 τοῦ
378 4538 621 4612 βήματος
644 4533 741 4591 τοῦ
763 4536 1026 4608 Χριστοῦ,
1052 4534 1140 4591 ἵνα
1170 4536 1470 4608 κομίσηται
1506 4536 1735 4605 ἕκαστος
1757 4537 1826 4591 τά

248 4632 341 4689 διὰ
367 4630 463 4686 τοῦ
499 4626 773 4701 σώματος,
805 4627 951 4683 καθά
1006 4627 1267 4699 ἔπραξεν,
1292 4630 1404 4683 εἴτε
1445 4627 1672 4699 ἀγαθὸν,
1714 4626 1826 4683 εἴτε

247 4724 476 4798 φαῦλον.
508 4742 526 4776 ι

327 4836 348 4870 ι
385 4816 453 4873 '0
502 4813 611 4886 γάρ
657 4812 725 4869 ὃν
763 4812 965 4887 σπείρῃ
1012 4810 1335 4885 ἄνθρωπος;
1380 4811 1538 4868 τοῦτο
1590 4815 1686 4869 καὶ
1736 4814 1825 4869 θε-

253 4910 417 4985 ρίσει.
443 4925 465 4962 ο

324 5023 346 5056 ι
392 5003 467 5059 οὐ
498 5001 719 5058 θέλωδὲ
784 5001 930 5072 ὗμᾶς
979 5001 1215 5070 ἀγνοεῖν,
1271 5002 1512 5072 ἀδελφοὶ,
1552 5003 1678 5074 περὶ
1718 5002 1827 5057 τῶν

249 5096 695 5171 κεκοιμημένων,
719 5094 807 5150 ἶνα
840 5093 916 5167 μὴ
952 5093 1222 5165 λυπῆσθε,
1249 5094 1431 5160 καθὼς
1453 5095 1550 5149 καὶ
1573 5095 1623 5148 οἱ
1650 5094 1828 5150 λοιποὶ

250 5194 303 5248 oi
336 5193 412 5264 μὴ
440 5191 657 5264 ἔχοντες
680 5189 892 5245 ἐλπίδα.
931 5206 951 5242 ι

329 5305 347 5339 σ
385 5284 520 5357 Περὶ
546 5282 603 5339 δὲ
628 5282 739 5337 τῶν
763 5282 973 5354 χρόνων
1010 5282 1106 5336 καὶ
1155 5280 1265 5335 τῶν
1317 5280 1548 5353 καιρῶν,
1586 5280 1824 5349 ἀδελφοὶ,

249 5380 316 5434 οὐ
349 5377 541 5451 χρείαν
569 5374 723 5447 ἔχετε
748 5374 881 5446 ὑμῖν
897 5372 1226 5447 γράφεσθαι.
1256 5372 1421 5427 Αὐτοὶ
1448 5372 1555 5444 γὰρ
1587 5373 1828 5445 ἀκριϐῶς

256 5471 456 5536 οἷδατε,
505 5470 588 5525 ὅτι
639 5469 674 5541 ἡ
713 5467 901 5540 ἡμέρα
938 5466 1147 5540 Κυρίου
1183 5465 1258 5532 ὡς
1294 5466 1532 5536 κλέπτης
1565 5469 1622 5521 ὲν
1651 5468 1825 5528 νυκτὶ,

253 5563 428 5628 οὓτως
487 5563 729 5636 ἔρχεται.
767 5559 939 5616 Ὅταν
1009 5559 1120 5632 γάρ
1178 5559 1426 5613 είπωσιν·
1474 5559 1682 5630 Εἰρήνη
1737 5561 1831 5615 καὶ

253 5658 551 5729 ἀσφάλεια,
598 5657 717 5711 τότε
771 5654 1036 5726 αἰφνίδιος
1079 5654 1264 5719 αὐτοῖς
1319 5653 1672 5727 ἐπιστήσεται
1721 5654 1833 5709 δλε·

255 5748 409 5823 θρος.
437 5748 709 5819 Ὥσπερή
739 5746 869 5802 ὠδὶν
892 5750 959 5819 τῇ
1011 5749 1068 5801 ἐν
1113 5748 1305 5819 γαστρὶ
1352 5745 1570 5821 ἐχούσῃ,
1617 5749 1710 5802 καὶ
1767 5746 1841 5804 ού

263 5844 339 5917 μὴ
370 5841 685 5917 ἐκφύγωσιν
745 5862 762 5893 ι

1934 4533 2152 4599 oportet
2189 4532 2318 4581 autc
2354 4522 2597 4579 tribunal
2621 4522 2856 4592 Christi,
2886 4535 2946 4582 ut
2986 4526 3187 4584 referat
3217 4529 3516 4599 imusquis-

1933 4638 2039 4694 que
2063 4634 2184 4692 qua:
2214 4634 2313 4691 per
2342 4633 2547 4690 corpus
2586 4619 2780 4690 gessit,
2812 4620 2929 4677 sive
2979 4620 3205 4691 bonum,
3255 4624 3371 4679 sive
3403 4640 3520 4693 ma-

1936 4721 2068 4774 lum.
2105 4738 2121 4771 ι

2005 4813 2187 4870 Calat.
2223 4829 2299 4881 vr,
2324 4812 2378 4869 8.
2421 4842 2491 4854 —
2518 4830 2537 4865 ι
2569 4810 2726 4879 Quod
2759 4812 2904 4868 enim
2949 4811 3299 4868 seminaverit
3333 4813 3515 4877 homo,

1935 4908 2038 4963 hoc
2066 4917 2122 4963 et
2155 4913 2340 4962 metet.
2370 4924 2390 4957 ο

2008 5004 2037 5056 Ι
2072 4999 2253 5055 Thess.
2285 5012 2359 5064 tv,
2396 4995 2487 5053 12.
2512 5027 2582 5039 -—
2631 5016 2649 5049 ι
2687 4996 2825 5053 Nolo
2856 5005 3038 5052 autem
3094 5012 3192 5051 vos
3242 4996 3513 5066 ignorare.

1936 5094 2157 5157 fratres,
2210 5092 2281 5147 de
2325 5090 2766 5155 dormientibus,
2836 5102 2894 5145 ut
2955 5104 3063 5144 non
3118 5089 3520 5147 contristemini

1936 5192 2077 5244 sicut
2108 5194 2161 5241 et
2190 5184 2374 5241 caeteri
2402 5185 2494 5255 qui
2536 5200 2688 5255 spem
2720 5199 2832 5239 non
2868 5184 3091 5239 habent.
3122 5202 3142 5236 ι
3474 5246 3477 5247 ν

2008 5280 2033 5336 I
2073 5280 2256 5338 Thess.
2290 5294 2345 5345 ν,
2406 5280 2516 5335 1-5.
2550 5309 2621 5322 -
2659 5300 2677 5332 ι
2713 5277 2785 5334 οο
2831 5279 3172 5348 temporibus
3231 5288 3413 5335 autem
3465 5289 3522 5337 et

1936 5355 2251 5441 momentis,
2310 5372 2536 5439 fratres,
2592 5389 2702 5429 non
2755 5372 3042 5443 indigetis,
3103 5380 3160 5425 ut
3213 5374 3520 5430 scribamus

1937 5470 2112 5525 vobis.
2147 5468 2252 5540 ipsi
2280 5469 2427 5524 enim
2462 5466 2754 5539 diligenter
2772 5467 2949 5532 scitis,
2981 5469 3105 5536 quia
3133 5469 3249 5524 dics
3280 5466 3518 5534 Domini,

1938 5564 2081 5619 sicut
2109 5561 2196 5617 fur
2226 5562 2278 5617 in
2310 5571 2491 5626 nocte,
2522 5561 2596 5615 ita
2632 5562 2829 5617 veniet.
2874 5561 3010 5617 Cum
3055 5564 3205 5619 enim
3242 5563 3519 5619 dixerint:

1937 5656 2050 5712 Pax
2082 5665 2135 5712 et
2168 5655 2464 5721 securitas,
2499 5664 2630 5709 tunc
2680 5656 2999 5726 repentinus
3032 5657 3115 5713 eis
3172 5653 3519 5729 superveniet

1940 5749 2214 5813 interitus.
2249 5749 2391 5806 sicut
2421 5747 2578 5806 dolor
2606 5748 2824 5805 habenti
2858 5748 2911 5805 in
2939 5759 3116 5819 utero,
3150 5758 3203 5808 ct
3234 5765 3342 5807 non
3380 5748 3512 5805 ellu-

1938 5844 2103 5915 giem.
2145 5860 2163 5892 ι
