3970 6294
573 431 713 500 1187

1747 429 1806 489 S.
1851 429 2168 491 JOANNlS
2210 430 2638 492 DAMASCENI

3705 435 3818 499 1188

576 555 633 599 et
667 556 778 613 quo
809 547 991 612 pacto.
1041 549 1094 600 et
1138 546 1402 610 quotnatn
1445 557 1458 592 :
1508 537 1701 593 eodem
1741 539 1905 593 modo
1948 538 2090 594 Deus
2126 555 2152 592 a

2263 535 2431 604 οὓτως
2463 540 2520 594 δὲ
2551 539 2646 593 καὶ
2693 541 2720 593 6
2747 539 2902 605 Θεὸς,
2938 540 3058 614 οὐχὶ
3083 542 3179 612 τῆς
3206 543 3452 615 δαπάνης
3493 545 3676 617 μόνον,
3703 545 3818 602 ἀλλὰ

577 634 737 690 nobis
770 649 879 690 non
914 634 1095 690 solum
1149 633 1436 703 impensa),
1483 631 1594 693 sed,
1625 638 1680 688 ct
1728 631 2040 704 adoptionis
2075 648 2158 686 ra-

571 727 780 781 tionem
810 733 1110 782 exacturus
1138 733 1242 779 est.

647 817 806 872 Dion.
848 817 1043 887 Areop.
1085 817 1158 872 De
1187 817 1294 873 diu.
1321 819 1578 874 nontinib.
1611 837 1732 893 cap.
1766 823 1820 878 4.
1848 851 1919 862 --
1941 820 2153 891 Nequa-

571 925 740 982 quam
796 911 850 965 in
897 910 1003 965 hac
1049 913 1162 966 vita
1217 912 1420 982 puniri,
1476 914 1581 970 ltoc
1635 918 1840 972 malum
1875 925 2004 983 est;
2061 917 2156 972 sed

573 1003 851 1076 supplicio
880 1002 1068 1058 futuro
1103 1003 1332 1074 dignum
1361 1021 1421 1061 se
1449 1008 1716 1078 praebere.

646 1095 906 1152 Philonis.
968 1096 1205 1154 —Fieri
1259 1115 1367 1154 non
1423 1111 1628 1171 potest,
1664 1111 1722 1157 ut
1764 1103 1908 1173 apud
1962 1101 2156 1168 Deum,

575 1190 661 1245 vel
727 1188 1012 1260 improbus
1066 1189 1342 1259 quispiam
1404 1193 1568 1247 unius
1627 1196 1780 1257 boni,
1815 1194 1960 1265 quod
2012 1196 2160 1251 inter

578 1282 814 1354 plurima
881 1281 1022 1335 mala
1075 1282 1334 1355 gesserit,
1406 1287 1718 1342 mercedem
1769 1287 2013 1352 amittat,
2073 1288 2158 1343 vel

578 1392 800 1434 rursum
859 1378 1064 1447 probus
1113 1379 1372 1450 supplicii
1417 1396 1619 1452 expers
1651 1389 1894 1444 maneat,
1925 1380 1972 1436 si
2007 1381 2155 1437 inter

577 1471 810 1539 plurima
840 1475 981 1528 bona
1009 1472 1246 1528 crimine
1279 1474 1468 1542 aliquo
1514 1487 1636 1529 sese
1683 1473 2021 1529 devinxerit.
2059 1472 2156 1527 Et-

576 1564 724 1618 enim
765 1580 996 1622 neeesse
1039 1576 1126 1623 est
1165 1575 1222 1619 ut
1255 1563 1400 1621 Deus
1441 1567 1494 1621 in
1539 1566 1778 1636 pondere
1807 1574 1866 1621 et
1898 1582 2158 1624 mensura

575 1662 759 1715 omnia
788 1660 999 1717 reddat.

656 1752 926 1823 Ejusdem.
973 1783 1043 1798 -ν-
1087 1753 1240 1811 Mens
1293 1754 1598 1825 unicuique
1631 1755 1795 1811 testis
1835 1763 1920 1810 est
1963 1768 2155 1811 eorum

2263 633 2356 681 καὶ
2394 631 2492 700 τῆς
2512 629 2759 702 κτήσεως
2796 633 3096 706 ἀπαιτήσει
3125 634 3220 698 τὰς
3244 635 3496 701 εὐθύνας.

2331 809 2404 863 Οὐ
2428 809 2488 862 τὸ
2521 810 2847 878 κολάζεσθαι
2908 813 3169 880 ἐνταῦθα,
3219 817 3409 885 κακὸν,
3441 818 3582 873 ἀλλὰ
3603 818 3817 886 τδᾰξιον
3918 809 3919 878 l

2258 902 2358 970 τῆς
2383 904 2556 958 ἐκεῖσε
2583 905 2836 974 γενέσθαι
2868 907 3164 974 κολάσεως.

2331 997 2444 1049 Οὐκ
2478 997 2594 1050 ἔστι
2628 1001 2779 1072 παρὰ
2806 1000 2950 1073 Θεῷ,
2979 1001 3104 1057 οὕτε
3137 1004 3374 1076 πονηρὸν
3408 1004 3538 1060 ὄντα
3570 1007 3815 1062 ἀπολέσαι

2258 1091 2350 1144 τὸν
2372 1091 2578 1160 ἀγαθὸν
2615 1092 2809 1163 μισθὸν
2849 1095 2982 1168 περὶ
3007 1096 3128 1161 ὲνδς
3146 1097 3357 1167 ἀγαθοῦ
3396 1101 3533 1170 μετὰ
3580 1101 3819 1155 πλειόνων

2259 1183 2444 1239 κακῶν
2489 1186 2904 1260 πεπραγμένου,
2953 1187 3079 1244 οὔτε
3114 1191 3277 1245 πάλιν
3307 1192 3510 1264 ἀγαθὸν
3531 1193 3686 1257 ὄντα,
3709 1198 3819 1248 ἀπο-

2256 1275 2412 1332 λέσαι
2456 1278 2557 1352 τὴν
2593 1279 2835 1346 κόλασιν,
2897 1282 2990 1338 καὶ
3032 1284 3109 1356 μὴ
3153 1283 3339 1340 λαϐεῖν
3385 1286 3577 1359 αὐτὴν,
3624 1289 3675 1340 εἱ
3704 1289 3820 1360 μετὰ

2259 1371 2520 1428 πλειόνων
2579 1374 2802 1443 ἀγαθῶν
2872 1377 2928 1430 εν
3000 1397 3108 1432 τινι
3189 1378 3415 1451 γένηται
3492 1383 3818 1453 πονηρεὺων.

2273 1465 2515 1539 Ἀκάγκη
2540 1468 2652 1543 γὰρ
2683 1469 2836 1540 ζυγῷ
2884 1471 2980 1526 καὶ
3030 1471 3258 1545 σταθμῷ
3302 1473 3480 1530 πάντα
3529 1475 3825 1530 ἀποδιδόναι
3918 1529 3919 1560 ἐ

2257 1561 2348 1614 τὸν
2383 1561 2536 1618 Θεὸν.
3918 1575 3919 1584 ‘

2338 1744 2398 1800 '0
2427 1744 2548 1812 νοῦς
2580 1748 2798 1820 ἑκάστῳ
2830 1749 3042 1822 μάρτυς
3070 1751 3218 1805 ἐστὶν
3261 1749 3336 1807 ὧν
3373 1755 3433 1810 ἐν
3463 1755 3668 1824 ἀφανεῖ
3689 1753 3822 1809 €647.»-

577 1863 700 1915 ηοω
727 1848 868 1902 clam
904 1849 1268 1919 cogitaverit:
1304 1861 1470 1918 atque
1496 1850 1840 1906 conscientia
1867 1850 2034 1921 judex
2074 1858 2152 1907 est

2263 1834 2543 1904 λεύσαντο,
2580 1839 2766 1893 καὶτὸ
2819 1841 3060 1907 συνειδὸς
3113 1842 3339 1917 ἐλεγχος
3381 1845 3706 1912 ἀδέκαστος,
3749 1848 3825 1901 καὶ

579 1942 958 2014 incorruptus,
992 1943 1354 2013 onmiumque
1382 1943 1762 2001 certissimus.

575 2077 712 2132 TIT.
746 2075 884 2132 XVI.
922 2107 973 2120 -
1004 2076 1076 2133 De
1105 2080 1481 2144 imprecatione
1518 2095 1549 2131 a
1585 2077 1809 2132 Domino
1843 2087 1893 2132 et
1936 2079 2155 2148 prophe-

737 2149 804 2203 tis
834 2166 1033 2204 necnon
1064 2151 1127 2204 ab
1157 2148 1434 2218 apostolis,
1479 2150 1793 2220 quandoque
1825 2149 1991 2218 facta.

649 2261 1155 2327 ϐεη.ιιι,14ο19.-
1176 2281 1194 2315 ι
1237 2261 1384 2316 Dixit
1407 2261 1674 2319 Dominus
1701 2263 1942 2333 serpenti
1969 2277 1983 2314 :
2015 2261 2158 2329 Quia

575 2353 756 2410 fecisti
790 2355 917 2421 hoc,
973 2355 1300 2412 maledictus
1334 2372 1394 2410 es
1421 2371 1534 2426 prae
1565 2355 1825 2413 omnibus
1857 2355 2155 2411 animanti-

572 2450 680 2504 bus
707 2458 761 2504 et
790 2449 981 2504 bestiis
1009 2459 1190 2505 terre.
1226 2449 1404 2520 Super
1438 2458 1630 2520 peetus
1661 2460 1814 2504 tuum
1861 2450 2154 2520 gradieris,

573 2549 628 2597 et
661 2557 826 2612 super
857 2551 1100 2598 ventrem
1135 2551 1291 2598 tuum
1327 2544 1618 2613 procedes,
1656 2553 1710 2598 et
1742 2551 1944 2598 terram
1996 2557 2155 2600 com-

572 2635 703 2690 edes
745 2636 1004 2694 omnibus
1045 2636 1242 2693 diebus
1277 2636 1404 2693 vita:
1444 2642 1574 2695 tum.
1617 2635 1682 2692 Et
1714 2636 1934 2694 mulieri
1975 2637 2152 2694 dixit:

575 2726 950 2796 Multiplicaus
989 2727 1374 2798 multiplicabo
1414 2727 1639 2783 dolores
1690 2736 1835 2791 tuos,
1879 2737 1936 2783 et
1980 2729 2156 2800 genti-

575 2825 692 2872 tum
721 2818 902 2874 luum.
948 2815 1006 2873 In
1028 2817 1318 2875 doloribus
1359 2820 1544 2890 paries
1582 2821 1750 2884 ﬁlios,
1784 2828 1842 2876 et
1875 2820 1944 2876 ad
1976 2821 2154 2877 virum

572 2913 681 2968 erit
719 2911 1018 2968 conversio
1058 2920 1176 2980 tua,
1233 2920 1288 2968 et
1320 2914 1437 2982 ipse
1484 2913 1864 2970 dominabitur
1932 2915 2034 2970 tui.
2069 2913 2155 2971 Ad

573 3006 748 3062 Adam
781 3015 962 3063 autem
1014 3007 1155 3062 dixit
1188 3024 1202 3062 :
1236 3005 1510 3075 Quoniam
1548 3007 1756 3064 audisti
1788 3023 1976 3065 vocem
2012 3024 2154 3065 uxo-

572 3099 652 3154 ris
681 3107 813 3160 tua.
868 3106 923 3154 et
975 3097 1047 3153 de
1092 3098 1239 3170 ligno
1285 3098 1464 3159 solum
1501 3098 1649 3169 quod
1682 3100 1918 3172 praecepi
1948 3099 2048 3156 tibi
2082 3115 2154 3156 ne

2261 1927 2481 1985 πάντων
2511 1930 2615 2002 άψε
2623 1931 2710 1986 υδέ
2718 1950 2925 1999 στατος.

2260 2059 2301 2114 Τ
2309 2059 2440 2114 [ΤΛ.
2469 2060 2656 2139 1ςκ-
2678 2064 2816 2140 lippi
2842 2064 2995 2134 ἀρᾶς
3013 2067 3141 2140 ὑπὸ
3163 2069 3408 2138 Κυρίου,
3425 2071 3520 2125 καὶ
3552 2069 3679 2128 τῶν
3705 2088 3825 2140 κρο-

2362 2135 2593 2201 sequor,
2639 2135 2736 2189 καὶ
2784 2136 3150 2193 ἀποστόλων
3188 2135 3337 2194 ποτὲ
3381 2141 3733 2214 γενομένης.

2334 2265 2353 2301 ι
2379 2242 2545 2302 Εἶπεν
2578 2250 2608 2303 6
2646 2249 2852 2322 Κύριος
2899 2250 2976 2324 τῷ
3011 2252 3135 2324 ὄφει
3157 2271 3174 2288 ο
3204 2255 3328 2310 Ὅτι
3355 2257 3628 2328 ἔποιησας
3665 2258 3823 2324 τοῦτο,

2258 2339 2660 2413 ὲπικατάρατος
2694 2344 2762 2397 σὺ
2786 2343 2895 2398 ἀπὸ
2917 2345 3138 2401 πάντων
3162 2345 3272 2402 τῶν
3318 2348 3560 2422 κτηνῶν,
3595 2353 3695 2406 καὶ
3737 2353 3825 2408 ἀπδ)

2261 2433 2480 2490 πάντων
2508 2434 2617 2489 τῶν
2647 2435 2855 2510 θηρίων
2916 2437 3016 2510 τῆς
3073 2439 3201 2512 γῆς.
3238 2441 3364 2496 Ἐπὶ
3390 2442 3468 2517 τῷ
3500 2443 3716 2518 στήθει,
3746 2449 3824 2499 καὶ

2256 2531 2325 2602 τῇ
2353 2529 2535 2602 κοιλίᾳ
2563 2529 2832 2605 πορεύσῃ,
2851 2534 2945 2587 καὶ
2979 2532 3084 2606 γῆν
3109 2537 3260 2608 φαγῇ
3284 2537 3468 2602 πάσας
3486 2538 3592 2602 τὰς
3631 2539 3823 2611 ἡμέρας

2257 2623 2356 2695 τῆς
2406 2623 2552 2696 ζωῆς
2603 2640 2719 2682 σου.
2772 2625 2884 2680 Καὶ
2936 2628 3004 2700 τῇ
3057 2629 3281 2696 γυναικὶ
3315 2626 3503 2685 εἶπεν·
3547 2631 3823 2705 Πληθύνων

2257 2716 2518 2788 πληθυνῶ
2545 2716 2644 2781 τὰς
2670 2716 2847 2784 λύπας
2908 2736 3026 2784 σου,
3089 2719 3306 2776 καὶτὸν
3355 2727 3675 2796 στεναγμόν
3710 2743 3821 2778 σου·
3918 2737 3919 2746 ‘

2257 2807 2315 2861 ἐν
2371 2807 2572 2874 λύπαις
2627 2808 2761 2885 τέξῃ
2797 2811 2982 2877 τέκνα,
3039 2811 3136 2866 καὶ
3178 2813 3315 2886 πρὸς
3342 2815 3436 2869 τὸν
3485 2816 3664 2889 ἄνδρα
3693 2819 3822 2886 costi

2257 2900 2580 2972 ἀποστροφή
2617 2919 2736 2970 σου,
2801 2903 2896 2958 καὶ
2955 2902 3120 2969 αὐτός
3168 2920 3264 2959 σου
3315 2907 3631 2979 κυριεύσει.
3673 2907 3821 2980 Τῷὅὲ

2269 2993 2444 3066 Ἀδὰμ
2472 2990 2656 3051 εἶπεν
2688 2996 2813 3052 Ὅτι
2834 2998 3078 3070 ἦκουσας
3103 2998 3204 3070 τῆς
3237 2999 3425 3070 φωνῆς
3451 3000 3553 3072 τῆς
3586 3004 3821 3071 γυναικός

2257 3104 2374 3153 σου,
2416 3088 2513 3144 καὶ
2572 3089 2683 3144 ἀπὸ
2729 3089 2824 3144 τοῦ
2874 3089 3032 3156 ξύλον
3059 3086 3123 3146 οῦ
3152 3092 3512 3165 ἐνετειλάμην
3530 3111 3642 3160 σοι,
3687 3093 3817 3151 τοῦτο

574 3191 916 3256 comederes.
970 3191 1038 3248 de
1085 3205 1154 3247 eo
1199 3190 1524 3258 coutedisti;
1581 3191 1870 3248 maledicta
1916 3200 2063 3249 terra
2093 3194 2150 3249 iu

2263 3184 2422 3255 μόνον
2453 3185 2529 3257 μὴ
2558 3187 2775 3255 φαγεῖν,
2803 3185 2899 3239 ἀπ’
2925 3184 3091 3243 αὑτοῦ
3115 3184 3336 3260 ἔφαγες,
3383 3191 3820 3266 ἑπικατάρατοςή

574 3283 841 3356 operibus
874 3285 1008 3340 tuis.
1051 3281 1109 3338 In
1141 3283 1430 3340 doloribus
1459 3284 1719 3341 comedas
1743 3300 1861 3342 eam
1891 3286 2152 3346 omnibus

2263 3278 2332 3351 γῆ
2359 3279 2417 3334 ὲν
2439 3279 2549 3345 τοῖς
2582 3281 2766 3352 ἔργοις
2801 3299 2916 3336 σου.
2935 3283 3022 3338 Ἑν
3052 3259 3252 3348 λύπαις
3284 3287 3432 3356 φαγῇ
3463 3259 3648 3357 αὐτὴν
3665 3259 3819 3345 πάσας
3918 3315 3919 3357 γ

572 3378 772 3435 diebus
819 3377 948 3432 vitae
999 3385 1147 3442 tute;
1201 3375 1394 3448 spinas
1440 3385 1496 3435 et
1549 3377 1785 3436 tribulos
1818 3381 2154 3453 germinabit

574 3473 701 3537 tibi,
738 3479 792 3527 et
827 3470 1085 3528 comech
1139 3485 1334 3542 panem
1387 3480 1567 3538 tuum,
1627 3474 1807 3530 donec
1856 3477 2153 3534 revertaris

573 3565 632 3623 in
666 3573 866 3620 terram
906 3565 975 3620 de
993 3579 1100 3635 qua
1136 3572 1389 3634 sumptus
1427 3581 1529 3622 es:
1581 3567 1841 3638 quoniam
1892 3578 2041 3624 terra
2067 3585 2150 3634 es,

571 3667 625 3712 et
667 3658 722 3710 in
761 3667 965 3711 terram
996 3657 1316 3713 reverteris.
1354 3676 1374 3710 ι

645 3745 775 3805 Gen.
840 3765 915 3818 tv,
973 3747 1130 3817 942,
1165 3782 1232 3794 --
1277 3769 1296 3802 ι
1351 3749 1500 3808 Dixit
1551 3751 1820 3811 Dominus
1873 3751 2019 3812 Deus
2083 3757 2153 3812 ad

569 3843 742 3900 Cain:
771 3843 871 3900 Ubi
921 3853 1008 3900 est
1053 3847 1184 3902 Abel
1228 3846 1398 3904 frater
1427 3848 1596 3903 tuus?
1636 3847 1782 3905 Dixit
1811 3861 1993 3906 autem
2035 3851 2150 3915 ille,

574 3937 794 3995 Nescio.
847 3936 1108 4012 Nunquid
1153 3949 1343 3996 custos
1381 3939 1570 3997 fratris
1617 3943 1721 3996 mei
1753 3957 1874 3996 sum
1918 3943 2057 4011 ego?
2087 3944 2154 3999 Et

571 4034 717 4090 dixit
773 4032 959 4088 Deus:
1010 4032 1152 4100 Quid
1204 4033 1429 4089 fecisti?
1481 4050 1583 4090 vox
1637 4036 1928 4107 sanguinis
1962 4035 2153 4094 fratris

575 4126 654 4178 ttti
704 4123 908 4180 clamat
957 4125 1024 4182 ad
1074 4140 1160 4180 me
1205 4125 1272 4182 de
1329 4134 1498 4182 terra.
1537 4126 1602 4182 Et
1634 4144 1781 4184 nunc
1826 4131 2153 4188 maledictus

573 4221 685 4274 eris
713 4234 882 4290 super
916 4229 1123 4274 terram
1156 4235 1282 4293 qua:
1327 4221 1544 4291 aperuit
1571 4236 1636 4278 os
1666 4238 1851 4288 suum.
1887 4232 1946 4278 ut
1969 4225 2155 4281 susci-

575 4319 726 4381 peret
770 4313 1097 4383 sanguinem
1159 4311 1350 4369 fratris
1402 4313 1481 4368 tui
1519 4312 1588 4369 de
1641 4330 1802 4370 manu
1853 4325 1969 4371 tua.
2017 4319 2153 4374 Cum

573 4410 897 4479 operaberis
930 4419 1160 4473 terram,
1189 4424 1299 4466 non
1328 4408 1553 4480 adiiciet
1586 4412 1716 4467 dare
1753 4411 1851 4467 tibi
1893 4414 2152 4470 virtutem

575 4514 754 4558 suam.
793 4499 1028 4557 Gemens
1053 4511 1109 4557 et
1129 4511 1375 4558 tremens
1404 4504 1518 4559 eris
1547 4519 1717 4574 super
1746 4517 1970 4561 terram.
2010 4526 2029 4560 ι

646 4593 775 4649 Gen.
827 4610 903 4659 ιι,
949 4594 1042 4659 24,
1091 4594 1182 4650 25.
1215 4625 1284 4638 --
1308 4614 1328 4648 ι
1378 4595 1672 4668 Evigilavit
1716 4597 1831 4654 Noe
1861 4614 1892 4652 a
1921 4601 2068 4666 vino,
2099 4609 2152 4654 et

2337 4616 2356 4649 ι
2407 4597 2662 4670 Ἐξένηψε
2683 4599 2808 4652 Νῶε
2839 4601 2904 4653 ὲκ
2927 4598 3024 4654 τοῦ
3044 4600 3212 4667 eheu,
3234 4603 3329 4658 καὶ
3352 4603 3498 4673 ἔγνω
3523 4608 3626 4662 ὅσα
3663 4606 3812 4676 ἐποίη-
3918 4593 3919 4640 Ὺ

574 4690 831 4760 cognovit
858 4703 979 4758 quae
1010 4687 1235 4744 fecisset
1283 4689 1388 4744 sibi
1436 4689 1584 4748 (ilius
1617 4706 1753 4747 suus
1777 4692 2007 4762 junior;
2041 4697 2148 4749 ait-

575 4797 724 4852 que:
780 4780 1104 4838 Maledictus
1177 4781 1486 4840 Chanaan:
1547 4801 1687 4857 puer
1750 4787 1991 4844 lautulus
2046 4793 2152 4846 erit

575 4875 808 4932 fratrum
838 4889 1088 4931 suorum.
1125 4895 1143 4928 ι

648 4967 710 5024 Il
737 4969 864 5041 Reg.
926 4985 964 5036 ι,
1000 4969 1090 5027 21.
1121 4997 1192 5012 οι·-
1224 4989 1242 5024 ι
1296 4970 1509 5029 Montes
1559 4975 1652 5044 qui
1702 4975 1756 5030 in
1786 4974 2015 5044 Gelboc,
2052 4993 2154 5034 nec

573 5078 689 5128 ros,
709 5077 813 5119 nec
831 5062 1016 5135 pluvia
1041 5063 1340 5122 deocendat
1363 5083 1530 5139 super
1545 5084 1664 5126 vos.
1693 5067 1906 5128 Montes
1931 5073 2148 5138 mortis,

575 5155 832 5227 quoniam
861 5154 1504 5231 ibicxarueruntclypei
1548 5158 1798 5217 fortium.
1835 5179 1853 5214 ι

646 5245 730 5301 ιν
774 5245 899 5317 Reg.
927 5262 964 5312 ι,
998 5247 1153 5303 9-16.
1185 5279 1243 5290 —-
1281 5269 1301 5302 ι
1332 5251 1470 5308 Ecce
1501 5250 1649 5309 Elias
1684 5254 1912 5310 sedebat
1945 5257 2000 5311 in
2025 5274 2151 5314 vero

577 5333 686 5389 tice
717 5339 947 5401 montis,
1008 5347 1062 5394 et
1107 5343 1322 5396 vocavit
1357 5360 1482 5401 cum
1533 5347 2068 5419 quinquagenarius,
2094 5359 2151 5405 ct

576 5427 698 5480 ait:
741 5426 914 5484 Homo
973 5430 1088 5495 Dei,
1137 5449 1228 5488 rex
1276 5446 1435 5492 vocat
1486 5445 1582 5493 te:
1617 5437 1910 5498 descende.
1951 5441 2014 5496 Et
2059 5459 2149 5499 rc-

575 5518 801 5587 spondit
857 5521 1028 5589 Elias,
1079 5532 1136 5578 et
1189 5527 1329 5582 dixit
1365 5530 1556 5585 ei:Et
1603 5533 1649 5586 si
1705 5533 1870 5587 homo
1906 5533 1996 5590 Dei
2027 5553 2146 5593 sum

573 5625 698 5692 ego.
751 5612 1051 5672 descendet
1114 5618 1254 5689 ignis
1305 5620 1373 5677 de
1407 5624 1568 5690 coelo,
1614 5637 1668 5680 et
1701 5640 1991 5688 consumet
2019 5643 2148 5689 teet

573 5703 976 5776 quinquaginta
1014 5718 1162 5766 tuos.
1193 5712 1257 5766 Et
1293 5713 1581 5772 descendit
1621 5718 1763 5790 ignis
1800 5722 1868 5778 de
1899 5726 2061 5791 caelo,
2092 5735 2147 5782 et

572 5796 862 5879 devoravit
880 5814 1029 5864 eum,
1056 5812 1109 5857 et
1139 5804 1537 5878 quinquaginta
1569 5809 1761 5881 ipsius.
1794 5814 1934 5870 Dixit
1966 5816 2142 5872 Elias:

574 5885 699 5944 llaec
741 5885 878 5944 dicit
909 5891 1218 5954 Dominus:
1269 5896 1376 5954 Pro
1426 5918 1491 5958 eo
1544 5906 1688 5976 quod
1733 5907 1893 5980 350
1945 5913 2144 5970 misisti

2257 3373 2358 3436 τὰς
2389 3377 2610 3447 ἡμέρας
2636 3374 2736 3445 τῆς
2766 3374 2914 3447 ζωῆς
2959 3393 3055 3430 σου
3081 3395 3095 3408 ο
3132 3378 3378 3442 ἀκάνθας
3427 3381 3524 3432 καὶ
3551 3380 3820 3452 τριὸιεὶους

2255 3467 2511 3522 ἀνατελεῖ
2532 3485 2639 3533 σοι,
2672 3470 2769 3522 καὶ
2789 3472 2936 3542 φαγῇ
2983 3471 3076 3524 τὸν
3124 3470 3290 3542 ἄρτον
3324 3489 3443 3538 σου,
3476 3472 3585 3536 ἕως
3613 3468 3676 3529 οὗ
3711 3477 3823 3529 ἁπο-

2260 3562 2497 3634 στρέψῃς
2527 3561 2606 3626 εἰς
2632 3561 2735 3634 γῆν
2760 3560 2819 3632 ἐξ
2879 3557 2949 3636 ἦς
2983 3563 3227 3636 ἐλήφθης
3252 3581 3267 3594 ⁸
3316 3565 3398 3619 ὅτι
3427 3565 3502 3637 γῆ
3531 3567 3609 3632 εἰ,
3647 3567 3738 3622 καὶ
3760 3567 3822 3628 εἰς

2257 3656 2364 3726 γῆν
2391 3654 2692 3729 ἁπελεύση.
2717 3676 2736 3708 ι

2333 3768 2353 3802 ι
2390 3745 2526 3804 Eine
2545 3748 2752 3822 Κύριος
2777 3752 2806 3804 6
2828 3749 2962 3812 Θεὸς
2991 3749 3127 3823 πρὸς
3161 3751 3302 3806 Κάἵν
3321 3765 3339 3783 ⁶
3367 3753 3473 3807 ποῦ
3501 3754 3659 3807 ἔστιν
3681 3751 3822 3808 ’Δδιλ

2255 3844 2284 3898 ὁ
2311 3844 2538 3914 ἁδελφός
2574 3861 2666 3898 σου
2692 3861 2708 3910 ;
2745 3843 2874 3899 Ὀδὲ
2897 3839 3052 3898 εἶπεν
3075 3859 3091 3876 ·
3130 3843 3206 3897 Οὐ
3237 3843 3517 3914 γινώσκω.
3545 3846 3646 3919 Μὴ
3672 3841 3822 3916 φύλαξ

2255 3937 2350 3992 τοῦ
2384 3937 2618 4008 ἀδελφοῦ
2663 3938 2765 4010 μού
2815 3941 2932 4009 ειμι
2972 3936 3116 4006 ὲγὼ;
3143 3936 3257 3992 Καὶ
3307 3931 3462 3991 εἶπεν
3496 3939 3528 3992 6
3558 3938 3728 4002 Θεὸς·
3770 3935 3821 3990 Ti

2257 4032 2525 4104 ἐποίησας
2550 4030 2710 4086 τοῦτο
2734 4048 2751 4100 ;
2776 4032 2930 4106 φωνὴ
2954 4032 3189 4104 αἵματος
3219 4031 3316 4088 τοῦ
3353 4029 3592 4101 ἀδελφοῦ
3631 4049 3722 4086 σου
3740 4029 3820 4103 βοᾷ

2258 4124 2394 4198 πρός
2427 4141 2496 4196 με
2526 4127 2591 4179 ὲκ
2626 4127 2726 4196 τῆς
2758 4124 2884 4196 γῆς.
2916 4125 3028 4179 Καὶ
3055 4123 3152 4178 νῦν
3203 4126 3620 4197 ἐπικατάρατος
3646 4126 3709 4179 σὺ
3733 4125 3819 4178 ἀπὸ

2256 4221 2357 4294 τῆς
2380 4222 2505 4294 γῆς,
2537 4224 2570 4294 ἢ
2601 4222 2759 4296 εχανε
2788 4222 2852 4278 τὸ
2906 4221 3086 4294 στόμα
3119 4222 3292 4295 αὐτῆς
3331 4219 3818 4292 δέξασθαιτὺαῐμι

2255 4316 2351 4371 τοῦ
2377 4317 2610 4388 ἀδελφοῦ
2675 4335 2770 4373 σου
2832 4319 2900 4373 ὲκ
2927 4317 3032 4391 τῆς
3067 4318 3248 4392 χειρός
3282 4333 3376 4372 σου
3402 4330 3416 4346 ·
3445 4317 3544 4371 ὅτε
3574 4319 3715 4390 in;
3739 4315 3817 4382 dp

2256 4410 2384 4483 γῆνν
2413 4411 2509 4466 καὶ
2539 4412 2600 4466 οὗ
2631 4411 2933 4484 προσθήσει
2962 4409 3150 4466 δοῦναί
3201 4428 3286 4466 σοι
3333 4411 3436 4482 τὴν
3463 4410 3626 4483 ἰσχὺν
3647 4409 3813 4480 αὐτῆς,

2259 4504 2467 4559 Στὲνων
2493 4508 2585 4560 καὶ
2612 4505 2831 4578 τρέμων
2867 4504 2968 4581 ἔσῃ
2990 4506 3085 4560 ἐπὶ
3112 4508 3211 4578 τῆς
3239 4507 3365 4579 γῆς.
3410 4525 3430 4559 ι

2260 4706 2352 4742 σεν
2396 4690 2543 4762 αὐτῷ
2591 4694 2619 4745 6
2678 4692 2793 4758 υἱὸς
2847 4693 3014 4749 αὑτοῦ
3075 4695 3105 4748 6
3137 4695 3420 4772 νεώτερος.
3476 4701 3592 4755 Καὶ
3641 4698 3807 4756 εἶπεν·

2269 4781 2705 4855 Ἐπικατάρατος
2759 4787 3018 4842 Χαναάνο
3073 4791 3207 4856 παῖς
3256 4791 3477 4864 οἰκέτης
3521 4795 3676 4850 ἔσται
3723 4796 3807 4857 τοίς
3918 4829 3919 4864 ξ

2254 4874 2499 4944 ἀδελφοῖς
2530 4878 2714 4934 αὑτοῦ.
2753 4899 2774 4934 ι

2332 4988 2349 5020 ι
2389 4964 2558 5024 Εἶπεν
2619 4971 2819 5027 Δασεδ·
2876 4974 2978 5048 ὅρη
3040 4976 3109 5031 τὰ
3143 4977 3395 5045 Γελϐουὲ,
3439 4981 3584 5053 μήτε
3626 4982 3803 5054 δρόσος.

2257 5065 2396 5137 μήτε
2427 5067 2581 5131 ὑετὸς
2615 5069 2757 5142 πέσῃ
2784 5071 2871 5141 ἐφ’
2905 5072 3072 5143 ὑμᾶς.
3120 5075 3262 5147 ὐρη
3326 5074 3584 5142 θανάτου,
3611 5078 3692 5132 ὅτι
3716 5076 3804 5130 hui

2252 5159 2524 5231 ἐξηράνθη
2551 5161 2726 5232 σκέπη
2753 5162 3046 5217 δυνατῶν.ι

2329 5273 2347 5306 ι
2393 5255 2525 5309 Ἰδοὺ
2563 5253 2744 5310 Ἠλιοῦ
2775 5255 3012 5327 ἐκάθητο
3041 5257 3135 5311 ἐπὶ
3148 5257 3248 5330 τῆς
3269 5260 3516 5333 κορυφῆς
3533 5262 3628 5316 τοῦ
3648 5261 3798 5332 ὅρους.

2254 5348 2364 5404 Καὶ
2421 5348 2686 5420 ἐλάλησεν
2734 5351 2764 5404 6
2811 5349 3283 5424 πεντηκόνταρχος
3325 5354 3465 5425 πρὸς
3506 5355 3688 5417 αὐτὸν,
3729 5352 3800 5405 καὶ

2253 5437 2405 5494 εἶπεν
2435 5457 2452 5472 ο
2491 5442 2778 5515 Ἄνθρωπε
2807 5442 2901 5498 τοῦ
2934 5441 3094 5509 Θεοῦ,
3131 5446 3159 5498 6
3191 5442 3447 5517 βασιλεὺς
3475 5447 3700 5502 ἐκάλεσέ
3736 5461 3798 5507 σε,

2251 5536 2543 5609 κατάϐηθι.
2576 5539 2685 5591 Καὶ
2716 5537 2989 5611 ἀπεκρίθη
3041 5539 3244 5603 Ἠλιοῦ,
3301 5542 3400 5595 καὶ
3451 5537 3608 5597 εἶπεν
3641 5539 3797 5612 αὐτῷ·

2251 5629 2314 5684 Εἰ
2347 5630 2633 5701 ἄνθρωπος
2662 5630 2754 5686 τοῦ
2785 5631 2920 5686 Θεοῦ
2945 5633 3078 5702 ἐγὼ,
3106 5634 3477 5706 καταϐήσεται
3508 5637 3621 5710 πῦρ
3649 5638 3702 5704 ἐξ
3727 5635 3796 5688 οὺ-

2253 5724 2439 5797 ρανοῦ,
2467 5727 2562 5782 καὶ
2604 5726 2873 5780 ἀναλώσει
2904 5745 2988 5792 σε,
3023 5730 3120 5784 καὶ
3163 5730 3291 5796 τοὺς
3326 5735 3665 5804 πεντήκοντά
3699 5747 3790 5784 σον.

2250 5817 2360 5873 Καὶ
2381 5819 2585 5890 κατέϐη
2605 5817 2716 5890 πῦρ
2745 5819 2811 5872 ἐκ
2839 5818 2932 5873 τοῦ
2963 5821 3214 5893 οὐρανοῦ,
3249 5824 3348 5878 καὶ
3390 5825 3695 5895 κατέφαγεν
3718 5823 3793 5876 αὖ·

2249 5912 2360 5979 τὸν,
2419 5911 2514 5967 καὶ
2573 5912 2701 5975 τοὺς
2746 5913 3084 5982 πεντήκοντα
3132 5917 3318 5973 αὑτοῦ.
3380 5915 3547 5973 Εἶπεν
3583 5914 3789 5973 -Ἦλιυῦ·
