3970 6294
274 365 420 437 1189

1564 384 1805 445 SACRA
1847 383 2286 451 PARALELLA
2299 433 2312 447 .

3412 386 3552 454 1190

277 492 412 553 Τάδε
442 496 590 569 λέγει
616 497 818 572 Κύριος
841 516 854 529 ·
897 498 1038 554 ’Λνθ’
1072 491 1148 570 ᾧν
1186 498 1567 566 ἐξαπέστειλας
1593 500 1858 568 ἀγγέλους

1967 503 2191 554 nuntios
2228 506 2292 556 ad
2318 500 2718 556 t‘OIlSttlt’ndtlm
2764 499 2890 556 Bazil
2925 516 3195 566 muscam,
3228 500 3533 561 od‘endic’u-

278 592 506 664 ζητῆσαι
526 592 584 646 ὲν
608 592 687 663 τῷ
710 592 853 646 Βαὰλ
880 595 1044 664 μυῖαν
1076 592 1197 646 θεὸν
1237 592 1614 664 προσόχθισμα
1656 594 1853 647 Ἀκκα-

282 685 409 757 ρὼν,
452 684 554 756 οὐχ
603 684 813 749 οὕτως·
852 688 885 756 ἡ
926 686 1084 757 κλίνη
1125 687 1213 757 ἐφ’
1266 681 1333 758 ἦς
1375 686 1575 756 ἀνέϐης
1619 687 1759 751 ἐκεῖ,
1789 686 1851 739 οὐ

283 776 582 849 καταϐήσει
610 778 705 831 ἀπ’
746 776 938 845 αὐτῆς,
965 778 1048 831 ὅτι
1072 777 1291 849 θανάτῳ
1315 778 1584 849 ἀποθανῇ.
1619 796 1638 830 ι

344 886 363 921 ι
401 865 650 934 Ἤνοιξεν
693 869 813 924 Ἰὼϐ
861 870 919 923 τὸ
951 871 1128 941 στόμα
1163 870 1349 936 αὐτοῦ,
1377 872 1472 923 καὶ
1504 869 1855 942 καταράσατο

274 963 371 1032 τὴν
394 960 605 1033 ἡμέραν
633 961 799 1015 αὐτοῦ
818 960 1298 1029 λέγων,’Δπόλοιτο
1329 963 1364 1034 ἡ
1389 961 1572 1033 ἡμέρα
1597 962 1780 1029 ἐκείνη
1796 961 1854 1014 ἐν

278 1048 333 1127 ᾖ,
351 1050 505 1107 εἷπον
523 1053 840 1124 ἐγεννήθην,
858 1054 950 1108 καὶ⁸
973 1055 1006 1124 ἡ
1043 1053 1141 1119 νὺξ
1161 1054 1341 1126 ἐκείνη
1373 1056 1430 1107 ὲν
1514 1051 1690 1107 εἷπον·
1722 1053 1854 1107 Ἰδοὺ

277 1148 458 1218 ἄρσεν.
495 1145 561 1197 Ἤ
594 1145 691 1211 νὺξ
711 1144 893 1216 ἐκείνη
920 1147 1008 1213 εἴη
1040 1146 1251 1211 σκότος,
1282 1147 1378 1200 καὶ
1421 1145 1496 1217 μὴ
1524 1146 1854 1216 ἀναζητήσει

277 1239 445 1310 αὐτὴν
469 1240 497 1292 ὁ
526 1237 728 1309 Κύριος
762 1239 993 1304 ἄνωθεν,
1029 1240 1163 1312 μηδὲ
1195 1240 1323 1312 ἔλθῃ
1352 1241 1435 1293 ἐπ’
1453 1239 1853 1309 αὐτὴνφὲγγος.

291 1330 525 1401 Ἐκλάϐη
543 1330 601 1384 δὲ
624 1331 795 1401 αὐτὴν
828 1330 1024 1396 σκότος
1045 1332 1141 1386 καὶ
1173 1332 1574 1402 σκιὰεθανάτου.
1608 1331 1855 1386 Ἑπέλθοι

278 1422 366 1474 ἐπ’
418 1421 590 1493 αὐτὴν
633 1420 831 1491 γνόφος
852 1437 867 1451 ο
902 1421 1246 1493 καταραθεὶη
1278 1423 1311 1493 ἡ
1345 1425 1551 1494 ἡμέρα.
1579 1424 1676 1477 καὶ
1698 1425 1732 1493 ἡ
1760 1423 1857 1489 νὺξ

280 1513 479 1584 ἐκείνη.
505 1514 827 1581 Ἐπενέγκειι
855 1512 1025 1584 αὐτὴν
1054 1514 1266 1577 σκότος,
1297 1514 1372 1585 μὴ
1401 1514 1489 1585 εἴη
1534 1515 1616 1578 είς
1643 1514 1858 1586 ἡμέραν

280 1607 548 1675 ἐνιαυτοῦ,
578 1608 711 1679 μηδὲ
729 1608 1061 1680 ἀριθμηθείη
1091 1610 1168 1673 εἰς
1188 1610 1403 1681 ἡμέραν
1433 1610 1645 1682 μηνῶνο
1668 1609 1856 1683 anei,

279 1699 375 1764 νὺξ
392 1700 574 1769 ἐκείνη
600 1702 684 1768 εἴη
702 1700 881 1770 ὀδύνη,
916 1702 1054 1771 μηδὲ
1073 1699 1215 1755 ἔλθοι
1238 1701 1325 1754 ἐπ’
1342 1701 1512 1772 αὐτὴν
1528 1701 1856 1775 εὐφροσύνη,

1959 592 2070 645 lum
2112 596 2387 659 Accaron,
2421 610 2531 649 non
2564 596 2639 649 ita
2678 594 2768 649 ﬁet
2792 613 2810 650 :
2842 596 2909 648 de
2938 594 3141 649 lectulo
3172 608 3339 665 super
3366 609 3530 663 quem

1955 685 2281 751 ascendisti,
2323 701 2433 741 non
2490 686 2818 752 descendas,
2863 686 3163 753 sedguorte
3190 683 3473 740 morieris.
3503 698 3521 733 ι

2024 858 2126 914 Job
2174 877 2256 928 Ill,
2291 863 2341 917 t.
2377 893 2448 904 -—
2498 883 2516 915 ι
2554 863 2784 935 Aperuit
2830 860 2936 919 Job
2969 878 3032 920 os
3068 878 3253 926 suum,
3282 870 3339 917 et
3360 865 3532 920 male-

1956 948 2097 1004 dixit
2128 951 2237 1006 diei
2273 968 2407 1017 suae,
2441 953 2635 1010 dicens
2664 972 2678 1008 :
2712 952 2906 1009 Pereat
2937 952 3059 1009 dies
3087 953 3180 1007 illa
3219 954 3274 1006 in
3303 969 3411 1023 qua
3436 969 3531 1008 ua-

1958 1054 2049 1099 tus
2079 1060 2225 1108 sum,
2261 1051 2316 1100 et
2348 1061 2455 1099 nox
2487 1046 2605 1111 illa,
2658 1046 2715 1101 in
2736 1062 2854 1117 qua
2889 1046 3153 1103 dixerunt
3182 1065 3197 1101 :
3237 1046 3415 1102 Natus
3445 1056 3530 1104 est

1960 1139 2261 1193 masculus.
2288 1139 2401 1195 Nox
2446 1140 2537 1194 illa
2572 1140 2811 1195 tenebrae
2848 1141 2947 1205 sit,
2998 1155 3101 1197 nec
3130 1127 3377 1213 requirat
3406 1156 3528 1195 eam

1957 1230 2224 1287 Dominus
2259 1233 2522 1303 desuper,
2544 1248 2726 1305 neque
2758 1234 2938 1289 veniat
2968 1249 3137 1305 super
3163 1250 3282 1289 eam
3320 1235 3527 1291 lumen.

1958 1324 2383 1394 Apprehendant
2417 1334 2600 1381 autem
2643 1340 2766 1382 eam
2795 1327 3035 1383 tenebrae
3072 1334 3128 1382 et
3157 1326 3354 1382 umbra
3381 1342 3529 1382 mor-

1959 1417 2052 1471 tis.
2091 1416 2456 1488 Superveniat
2498 1417 2551 1472 in
2606 1432 2726 1473 eam
2777 1419 2976 1491 caligo.
3027 1417 3384 1473 Maledicatur
3411 1418 3529 1473 dics

1957 1523 2009 1566 et
2045 1526 2153 1567 nox
2213 1512 2330 1567 illa.
2387 1513 2671 1583 Occupent
2722 1526 2843 1568 eam
2901 1512 3166 1579 tenebrae,
3207 1527 3310 1568 nec
3359 1512 3433 1568 sit
3473 1513 3528 1566 in

1959 1606 2103 1662 diem
2149 1608 2305 1673 anni,
2360 1621 2466 1662 nec
2507 1616 2865 1679 computetur
2909 1608 3052 1662 inter
3081 1606 3199 1663 dies
3229 1610 3526 1663 mensium.

1961 1698 2069 1753 Sed
2098 1713 2208 1753 nox
2240 1698 2335 1753 illa
2368 1697 2529 1754 dolor
2563 1698 2655 1765 sit,
2688 1714 2792 1756 nec
2823 1698 3009 1756 veniat
3043 1714 3209 1769 super
3238 1713 3358 1755 eam
3393 1700 3530 1754 laeti-

284 1791 416 1864 μηδὲ
450 1792 720 1863 χαρμονὴ,
780 1792 916 1845 ἀλλὰ
942 1793 1315 1863 καταράσεται
1343 1793 1513 1865 αὐτὴν
1552 1794 1582 1845 6
1606 1793 1858 1866 καταρώ-

1967 1790 2058 1855 tia,
2091 1803 2269 1860 neque
2313 1789 2615 1860 gaudium;
2660 1792 2756 1848 sed
2788 1789 3083 1845 maledicat
3120 1790 3197 1844 illi
3229 1789 3326 1860 qui
3363 1791 3531 1846 male-

282 1858 696 1955 με’νοςὴμέραν
729 1883 969 1955 ἐκείνην,
1015 1885 1044 1937 6
1090 1858 1314 1953 μέλλων
1370 1882 1434 1937 τὸ
1469 1858 1639 1954 ’μέγα
1686 1858 1857 1955 xii-e0;

1967 1881 2093 1938 dicit
2117 1858 2249 1948 diei,
2282 1858 2376 1954 qui
2412 1892 2636 1955 paratus
2686 1891 2772 1941 est
2802 1899 3059 1957 magnum
3100 1894 3218 1940 cete
3249 1858 3365 1941 ἐξω
3401 1886 3533 1941 sub-

277 1976 662 2046 χειρὼσασθαι.
696 1976 1003 2046 Σκοτωθείη
1029 1977 1097 2031 τά
1146 1976 1323 2048 ἄστρα
1361 1977 1462 2047 τῆς
1488 1976 1684 2042 νυκτὸς
1707 1979 1855 2032 ἐκεί-

278 2084 394 2138 νης,
427 2068 522 2121 καὶ
578 2069 656 2132 είς
722 2067 1001 2138 φωτισμὸν
1035 2065 1111 2138 μὴ
1141 2066 1292 2139 ἔλθῃ,
1325 2067 1402 2139 μὴ
1450 2067 1548 2121 ἴδοι
1580 2068 1858 2139 ἑωσφόρον

277 2158 670 2223 ἀνατέλλοντα,
725 2158 807 2212 ὅτι
874 2157 935 2210 οὐ
998 2156 1315 2211 συνέκλεισε
1391 2158 1566 2223 πύλας
1624 2159 1859 2231 γαστρὸς

280 2250 487 2323 μητρός
515 2268 638 2320 μου,
670 2249 946 2321 ἀπήλλαξε
980 2250 1091 2320 γὰρ
1145 2249 1212 2305 ἂν
1241 2250 1402 2305 πόνον
1424 2250 1535 2306 ἀπὸ
1559 2250 1858 2323 ὀφθαλμῶν

282 2360 404 2415 μου.
450 2362 469 2396 ι

355 2453 375 2485 ι
414 2433 618 2506 Ιῖίησαν
657 2436 706 2489 οί
756 2433 942 2508 ἐχθροί
998 2451 1139 2509 μου,
1185 2433 1377 2508 ὥσπερ
1423 2435 1458 2507 ἡ
1506 2437 1861 2511 καταστροφὴ

281 2527 389 2581 τῶν
416 2527 652 2594 ἀσεϐῶν,
677 2528 774 2582 καὶ
798 2530 848 2582 οἱ
869 2528 1288 2600 ἑπανιστάμενοί
1308 2547 1399 2602 μοι
1431 2528 1621 2602 ὥσπερ
1650 2532 1683 2603 ἡ
1706 2529 1861 2587 ἀπώ-

282 2619 403 2675 λεια
429 2620 536 2676 τῶν
561 2620 916 2692 παρανόμων.
946 2639 969 2675 υ

361 2733 380 2767 ι
433 2713 647 2786 Ἡμέρα
673 2714 1061 2785 συναντήσεται
1106 2713 1290 2777 αὐτοῖς
1330 2714 1540 2778 σκότος,
1577 2714 1639 2768 τὸ
1667 2714 1726 2770 δὲ
1761 2731 1862 2784 με·

284 2804 585 2879 σημϐρινὸν
620 2805 1006 2879 ψηλαφήσεται
1033 2801 1127 2861 ἶσα
1167 2805 1342 2860 νυκτί.
1384 2806 1692 2861 Ἀπόλοιντο
1723 2806 1779 2861 δὲ
1803 2808 1863 2861 ὲν

284 2901 526 2973 πολέμῳ,
560 2899 967 2973 ὲκσιφωνηθείη
1005 2898 1240 2971 αὐτῶνή
1275 2900 1451 2971 ἰσχύς.

358 3014 376 3047 ι
411 2996 528 3058 Πᾶς
579 2995 606 3046 6
640 2992 753 3064 βίος
776 2990 1011 3057 ἀσεϐοῦς
1053 2994 1112 3045 ὲν
1161 2993 1431 3065 φροντίδι·
1461 2994 1587 3047 ὅταν
1611 2994 1741 3066 δοκῇ
1762 2993 1861 3066 ήδη

281 3084 606 3161 εἰρηνεύειν,
627 3083 750 3157 ἥξει
768 3084 916 3156 αὐτῴ
943 3086 977 3156 ἡ
1004 3085 1382 3155 καταστροφή.
1414 3080 1634 3139 Οίδενὲν
1662 3084 1862 3156 ἐαυτῷ,

280 3181 364 3235 ὅτι
388 3180 539 3251 μένει
596 3181 675 3242 εις
727 3177 950 3249 πτῶμα.
992 3177 1203 3248 Ἡμέρα
1257 3176 1315 3230 δὲ
1366 3177 1531 3231 αὑτοῦ
1564 3178 1814 3249 σκοτεινὴ
1844 3195 1862 3211 ο
1887 3226 1930 3284 C

278 3272 493 3344 ἀνάγκη
514 3271 571 3325 δὲ
596 3269 757 3324 αὑτὸν
785 3271 880 3324 καὶ
911 3268 1089 3341 θλίψις
1110 3269 1354 3336 καθέξει,
1405 3268 1593 3343 ῶσπερ
1625 3287 1862 3343 στρατη-

279 3365 375 3434 γὸς
392 3363 783 3435 πρωτοστάτης
824 3361 1040 3415 πίπτων
1085 3363 1169 3415 ὅτι
1215 3357 1348 3433 ἦρεν
1382 3364 1571 3433 χεῖρας
1619 3362 1860 3417 ἐναντίον

277 3455 373 3512 τοῦ
391 3455 553 3520 Θεοῦ,
578 3455 822 3510 ἀναντίον
878 3455 934 3508 δὲ
970 3456 1413 3526 παντοκράτορος
1442 3454 1857 3527 ὲτραχηλίασεν.

277 3550 570 3624 Δὺλισθείη
609 3550 666 3605 δὲ
714 3550 797 3613 είς
852 3549 1038 3613 πόλεις
1089 3550 1368 3621 ἐρήμους·
1401 3549 1632 3604 εἰσέλθοι
1687 3550 1744 3604 δὲ
1781 3553 1862 3616 είς

279 3643 460 3707 οῐκους
513 3642 822 3713 ἀοικήτους.
890 3641 959 3695 Ἀ
1015 3639 1072 3693 δὲ
1118 3642 1317 3693 ἐκεῖνοι
1373 3639 1643 3712 ἐθέρισαν,
1711 3640 1862 3698 ἄλλοι

280 3732 624 3790 ἀποίσονται·
666 3731 795 3785 οὔτε
879 3731 953 3806 μὴ
1008 3731 1341 3803 πλουτισθῇ,
1386 3730 1512 3785 οὔτε
1572 3733 1646 3805 μὴ
1703 3734 1860 3806 μείνῃ

282 3829 446 3884 αὐτοῦ
509 3829 580 3883 τὰ
636 3829 971 3900 ὑπάρχοντα.
1004 3826 1081 3881 Οὐ
1142 3826 1218 3898 μὴ
1264 3825 1437 3901 βάλλῃ
1487 3829 1581 3880 ἐπὶ
1630 3827 1726 3899 τὴν
1757 3829 1861 3898 γῆν

284 3921 463 3991 σκιὰν,
496 3923 615 3976 οὐδὲ
653 3923 729 3995 μὴ
757 3920 974 3994 ἐκφύγῃ
1022 3920 1085 3974 τὸ
1117 3921 1334 3985 σκότος.
1368 3920 1474 3973 Τὸν
1510 3921 1738 3991 βλαστὸν
1766 3922 1863 3975 αὑ-

282 4012 377 4067 τοῦ
405 4014 621 4087 μαράνῃ
652 4013 873 4083 ἄνομος,
902 4010 1199 4064 ἐκπέσοιδὲ
1229 4008 1395 4065 αὐτοῦ
1425 4009 1485 4064 τὸ
1514 4010 1693 4074 ἄνθος.
1716 4009 1862 4064 Κενά

283 4103 623 4175 ἀποϐήσεται
646 4101 816 4174 αὐτῷ.
854 4101 916 4154 Ἦ
948 4102 1090 4172 τομὴ
1121 4099 1288 4155 αὑτοῦ
1338 4101 1443 4173 πρὸ
1478 4099 1627 4173 ὥρας
1651 4100 1862 4174 φθαρή-

286 4214 461 4262 σεται,
489 4196 584 4251 atat
610 4197 640 4250 6
669 4196 939 4267 ρἀαμνος
979 4192 1147 4249 αὑτοῦ
1187 4194 1249 4248 οὐ
1297 4194 1374 4267 μὴ
1412 4195 1685 4269 πυκνὰσῃ.
1718 4197 1863 4268 Τρυ-

282 4291 479 4365 γηθείη
501 4290 558 4345 δὲ
581 4289 773 4362 ῶσπερ
820 4288 1004 4361 όμφαξ
1039 4288 1145 4362 πρὸ
1173 4287 1324 4361 ὥρας
1358 4306 1372 4319 ν
1404 4289 1627 4343 ἐκπέσοι
1681 4290 1738 4344 δὲ
1783 4290 1859 4355 ὡς

286 4388 444 4452 ἄνθος
468 4384 652 4449 ἐλαίας
678 4402 694 4418 ο
742 4384 1041 4457 μαρτύριον
1071 4384 1179 4455 γὰρ
1211 4384 1442 4449 ἀσεϐοῦς
1486 4383 1733 4449 θάνατοε.
1772 4387 1860 4442 Ἑν

287 4479 483 4549 γαστρὶ
509 4475 738 4549 λήψεται
790 4476 1014 4540 ὀδύνας⁹
1060 4476 1399 4547 ἀποϐήσεται
1435 4475 1585 4548 αὐτῷ
1638 4477 1791 4546 κενά,
1824 4480 1858 4553 ἠ

284 4571 342 4631 δὲ
366 4570 542 4626 κοιλία
558 4567 720 4625 αὑτοῦ
753 4566 967 4623 ὐποίσει
994 4566 1201 4633 δόλους.
1243 4587 1261 4620 ι

358 4774 379 4808 ι
413 4753 532 4817 Φῶς
558 4749 771 4809 ἀσεϐῶν
809 4751 1195 4823 σϐεσθήσεται,
1242 4753 1339 4806 καὶ
1373 4751 1472 4806 οὐκ
1518 4750 1860 4824 ἀποϐήσεται

284 4845 467 4901 αὐτῶν
489 4847 523 4917 ἡ
551 4843 706 4913 φλόξ.
732 4842 1115 4916 Θηρεύσαισαν
1147 4833 1419 4914 ἐλάχιστοι
1442 4841 1511 4897 τὰ
1549 4845 1860 4916 ὑπάρχοντα

285 4938 487 4995 αὐτῶν.
519 4937 885 5009 Ἐμϐἐϐληται
915 4939 944 4990 ὁ
979 4936 1114 5001 ποῦς
1140 4936 1319 4990 αὐτῶν
1349 4939 1407 4991 ἐν
1440 4937 1645 5005 παγίδι,
1679 4938 1769 4991 καὶ
1802 4939 1860 4990 ἐν

284 5031 483 5103 δικτύῳ
510 5030 772 5102 ἑλιχθείη.
795 5028 1081 5084 Ἔλθοισαν
1097 5028 1182 5083 ἐπ’
1203 5030 1365 5083 αὑτὸν
1392 5030 1633 5098 παγίδες,
1656 5030 1859 5102 Πτῶμα

284 5124 342 5181 δὲ
368 5123 515 5197 αὐτῷ
538 5124 858 5195 ἑτοίμασται
902 5122 1161 5188 ἐξαίσιον.
1226 5122 1524 5176 Κατέδεται
1570 5121 1637 5177 τὰ
1678 5124 1859 5195 ὡραῖα

284 5217 451 5274 αὐτοῦ
472 5217 700 5280 θάνατος
726 5233 741 5247 ο
771 5216 1290 5288 κατασπαρήσονται
1318 5214 1387 5267 τὰ
1419 5216 1669 5288 εὐπρεπῆ
1692 5214 1857 5270 αὑτοῦ

284 5311 435 5384 θείῳ.
451 5308 838 5365 ’Υποκάτωθεν
859 5306 1023 5361 αὐτοῦ
1045 5308 1103 5360 αἱ
1126 5306 1272 5377 ῥίζαι
1289 5309 1352 5379 En
1364 5308 1740 5377 ρανθήσονται,
1764 5308 1861 5363 καὶ

281 5404 564 5462 ἑπάνωθεν
600 5403 763 5458 αὐτοῦ
824 5403 1169 5456 ἐπιπεσεῖται
1248 5400 1506 5471 θερισμὸς
1556 5399 1743 5455 αὑτοῦ.
1786 5400 1860 5455 Τὸ

286 5497 633 5571 μνημόσυνον
685 5494 849 5551 αὑτοῦ
904 5493 1159 5548 ἀπόλοιτο
1213 5494 1275 5545 ἐκ
1318 5492 1417 5565 τῆς
1461 5494 1585 5563 γῆς.
1635 5493 1858 5567 Ἀπώσῃ

281 5591 447 5647 αὐτὸν
493 5591 557 5645 ἐκ
618 5588 792 5656 φωτὸς
818 5590 896 5651 είς
931 5587 1150 5651 σκότιος,
1192 5587 1292 5640 οὐκ
1332 5584 1483 5639 ἔσται
1516 5589 1858 5658 σεσωσμένος

281 5686 366 5749 είς
384 5684 481 5757 τὴν
504 5682 595 5738 ΰπ“
619 5681 846 5753 οὐρανὸν
866 5682 892 5733 ὁ
924 5676 1073 5745 οἶκος
1106 5679 1293 5741 αὑτοῦ.
1330 5678 1446 5732 ἀλλ’
1468 5680 1526 5731 ὲν
1552 5680 1664 5743 τοῖς
1691 5680 1856 5734 αὑτοῦ

282 5774 540 5848 ζήσονται
586 5773 761 5843 ἕτεροι
790 5787 804 5802 ο
856 5766 999 5826 οὗτοί
1058 5770 1196 5823 εἰσιν
1224 5764 1361 5822 οἶκοι
1402 5768 1626 5837 ἀδίκων,
1649 5763 1799 5835 οὗτος
1829 5772 1856 5823 6

278 5865 448 5931 τύπος
467 5864 572 5918 τῶν
603 5864 677 5936 μὴ
716 5864 930 5918 ἰδόντων
965 5862 1053 5916 τὸν
1086 5863 1309 5932 Κύριον.
1337 5882 1355 5915 ι

1954 1975 2148 2046 jicere.
2176 1973 2629 2032 Obtenebrentur
2669 1975 2841 2032 stellae
2888 1976 3071 2031 noctis
3119 1975 3288 2042 illius,
3334 1990 3434 2031 nec
3465 1975 3532 2030 ad

1960 2066 2382 2123 illuminandum
2441 2068 2714 2125 veniant:
2746 2082 2850 2124 nec
2876 2068 3058 2124 videat
3090 2068 3379 2123 luciferum
3411 2085 3536 2125 sur-

1958 2166 2198 2228 gentem,
2230 2160 2491 2230 quoniam
2524 2176 2636 2218 non
2667 2160 3074 2231 clausitportas
3103 2162 3314 2219 ventris
3343 2163 3533 2219 matris

1961 2266 2115 2308 meae.
2157 2251 2393 2325 Migrare
2436 2254 2641 2327 quippe
2677 2252 2908 2312 fecisset
2952 2254 3198 2311 laborem
3235 2255 3305 2311 ab
3351 2257 3536 2310 oculis

1960 2355 2121 2397 ηιοιε.
2161 2361 2181 2394 ι

2031 2432 2133 2488 Job
2187 2450 2362 2501 xxv",
2405 2435 2463 2491 7.
2492 2464 2563 2477 --
2606 2454 2625 2489 ι
2660 2436 2784 2493 Sint
2828 2436 3038 2492 inimici
3089 2437 3196 2493 mei
3229 2436 3376 2494 sicut
3404 2439 3536 2493 sub-

1960 2525 2149 2582 versio
2181 2528 2500 2598 impiorum,
2534 2538 2589 2585 et
2620 2529 2674 2584 in
2719 2545 2806 2587 me
2841 2530 3217 2601 insurgentes,
3260 2540 3321 2586 ut
3352 2530 3538 2602 perdi-

1963 2619 2039 2674 tio
2073 2618 2416 2689 iniquorum.
2453 2638 2472 2672 ι

2030 2709 2134 2765 Job
2164 2729 2217 2780 ν,
2274 2713 2328 2778 5,
2381 2714 2469 2767 M.
2498 2745 2566 2755 —-
2593 2731 2612 2766 ι
2649 2711 2755 2769 Per
2805 2712 2951 2771 diem
2996 2724 3291 2771 occurrent
3346 2717 3429 2774 eis
3460 2725 3540 2774 te.

1961 2805 2163 2870 inebrae,
2196 2814 2252 2860 at
2280 2805 2335 2860 in
2369 2805 2597 2862 meridie
2620 2806 2846 2877 palpent
2875 2808 3032 2880 quasi
3068 2809 3120 2863 in
3165 2816 3349 2866 nocte.
3386 2809 3492 2866 Per
3513 2837 3541 2851 -

1959 2905 2088 2954 eant
2118 2899 2171 2954 in
2212 2898 2355 2955 bello
2387 2917 2401 2955 :
2443 2899 2814 2957 absorbeatur
2845 2916 3039 2957 eorum
3077 2901 3370 2960 fortitudo.
3414 2922 3435 2957 ι

2031 2990 2135 3047 Job
2177 3008 2270 3058 xv,
2313 2992 2503 3049 9.1.55.
2545 3021 2593 3029 —
2638 3012 2658 3047 ι
2692 2993 2888 3051 Omnis
2922 2995 3033 3049 vita
3082 2994 3235 3066 impii
3286 2996 3341 3051 in
3380 3011 3537 3055 cura.

1962 3083 2102 3141 Cum
2138 3085 2292 3141 visus
2343 3083 2512 3139 fuerit
2542 3084 2656 3155 jam
2706 3085 2763 3141 in
2805 3101 2943 3157 pace
2992 3101 3174 3157 agere,
3202 3088 3387 3144 veniet
3416 3088 3541 3158 ejus

1966 3172 2277 3230 subversio.
2331 3170 2495 3229 Novit
2548 3174 2603 3229 in
2646 3190 2705 3232 se
2735 3174 2885 3248 quod
2932 3184 3151 3231 maneat
3198 3177 3265 3233 ad
3294 3178 3539 3235 ruinam.

1964 3264 2092 3323 Dies
2133 3272 2317 3321 autem
2367 3265 2489 3335 ejus
2540 3264 2829 3322 tenebrosa
2865 3284 2880 3322 :
2919 3268 3232 3324 necessitas
3264 3277 3449 3326 autem
3481 3280 3540 3327 et

1962 3357 2251 3413 tribulatio
2300 3356 2482 3429 ipsum
2519 3358 2968 3429 comprehendet.
3020 3360 3166 3415 sicut
3200 3361 3310 3417 dux
3346 3364 3543 3433 praefe-

1962 3459 2085 3507 ctus
2113 3450 2354 3507 cadens:
2390 3450 2652 3522 quoniam
2705 3452 2933 3510 sustulit
2965 3469 3161 3510 manus
3206 3469 3393 3511 coram
3434 3456 3541 3513 Do-

1963 3542 2138 3611 mino,
2173 3552 2228 3597 et
2259 3551 2451 3599 contra
2498 3543 2947 3615 Omnipotentem
2996 3547 3268 3604 cervicem
3315 3549 3541 3608 indura-

1962 3637 2063 3689 vit.
2104 3634 2328 3691 llabitet
2368 3636 2622 3694 civitates
2652 3636 2939 3694 desertas:
2978 3638 3320 3709 ingrediatur
3344 3642 3540 3699 domos

1962 3727 2324 3785 inliabitatas.
2373 3728 2507 3795 Quae
2549 3743 2682 3785 vero
2727 3729 2810 3784 illi
2837 3737 3213 3796 messuerunt,
3252 3732 3345 3787 alii
3386 3734 3541 3790 aufe-

1965 3829 2087 3877 rent
2120 3840 2134 3877 :
2172 3838 2352 3893 neque
2382 3824 2643 3887 ditescat,
2686 3838 2869 3896 neque
2900 3833 3159 3880 maneant
3203 3825 3326 3895 ejus
3358 3826 3539 3883 facul-

1964 3923 2127 3970 tates.
2168 3914 2285 3970 Non
2321 3916 2505 3972 mittat
2551 3916 2605 3971 in
2640 3926 2788 3972 terra
2831 3918 3107 3983 umbram,
3139 3935 3320 3990 neque
3362 3919 3539 3992 fugiat

1963 4006 2238 4063 tenebras.
2279 4004 2512 4063 Germen
2542 4007 2662 4077 ejus
2709 4006 3008 4064 tabefaciat
3048 4018 3281 4080 ventus;
3310 4010 3537 4068 decidat

1962 4108 2143 4159 autem
2170 4100 2292 4171 ejus
2338 4100 2457 4156 llos.
2492 4098 2684 4154 inania
2732 4100 2986 4157 accident
3038 4104 3111 4160 ei.
3160 4102 3368 4162 lncisio
3412 4105 3535 4177 ejus

1962 4202 2089 4248 ante
2115 4200 2335 4264 tempus
2365 4201 2776 4262 corrumpetur,
2816 4201 2872 4249 et
2901 4209 3091 4251 ramus
3137 4196 3260 4268 ejus
3295 4213 3403 4254 non
3435 4197 3536 4254 ﬂo-

1962 4286 2126 4341 rebit.
2164 4284 2540 4343 Viudemietur
2576 4285 2729 4341 velut
2755 4285 2932 4357 prima
2970 4302 3075 4341 uva
3124 4300 3249 4345 ante
3280 4298 3528 4362 tempus:

1961 4380 2182 4437 decidat
2234 4388 2422 4437 autem
2475 4381 2620 4436 sicut
2648 4377 2748 4435 ﬂos
2779 4380 2959 4436 olivae.
2999 4380 3402 4439 Testimonium
3431 4399 3532 4443 au—

1962 4482 2072 4529 tem
2115 4474 2290 4546 impii,
2339 4490 2509 4531 mors.
2541 4474 2602 4529 ln
2648 4484 2840 4531 ventre
2882 4475 3066 4546 Capiet
3106 4476 3353 4534 dolores.
3391 4476 3535 4535 Eve-

1890 4580 1935 4637 υ
1964 4568 2118 4623 nient
2174 4566 2223 4622 ei
2274 4582 2413 4622 vana
2447 4585 2463 4623 :
2496 4574 2687 4623 venter
2726 4573 2913 4621 autem
2958 4566 3078 4638 ejus
3102 4567 3399 4625 sustinebit
3438 4569 3538 4626 do-

1962 4661 2069 4717 los.
2102 4681 2120 4715 ι

2031 4754 2133 4811 Job
2195 4772 2353 4823 xvm,
2395 4754 2544 4812 6-2l.
2575 4787 2648 4797 --
2674 4777 2692 4810 ι
2732 4756 2943 4814 Lumen
2988 4756 3282 4828 impiorum
3330 4737 3538 4815 exStin-

1962 4861 2179 4925 guetur,
2212 4862 2265 4911 et
2294 4870 2405 4910 non
2461 4854 2677 4911 eveniet
2718 4870 2911 4912 eorum
2969 4852 3209 4910 flamma.
3249 4851 3537 4911 Veneutur

1963 4941 2175 4995 minimi
2228 4940 2523 4997 facultates
2559 4956 2777 4997 eorum.
2831 4940 3160 4994 lmmittatur
3194 4955 3291 5011 pes
3320 4940 3440 5010 ejus
3481 4943 3535 4997 in

1962 5034 2182 5106 laqueo,
2245 5042 2300 5088 et
2330 5042 2449 5089 rete
2503 5033 2845 5089 involvatur.
2906 5033 3143 5090 Veniant
3190 5049 3357 5104 super
3413 5048 3535 5090 eum

1961 5125 2163 5197 laquei.
2218 5124 2399 5181 Ruina
2438 5134 2620 5182 autem
2664 5126 2715 5182 ei
2759 5134 3064 5197 praeparata
3114 5134 3200 5183 cst
3252 5126 3532 5183 immanis.

1960 5214 2229 5274 Comedet
2266 5217 2501 5289 pulchra
2527 5216 2649 5288 ejus
2681 5232 2832 5273 mors
2860 5233 2873 5270 :
2907 5218 3293 5289 dispergentur
3333 5217 3532 5273 decen-

1960 5315 2038 5365 tia
2069 5309 2188 5380 ejus
2216 5311 2273 5366 in
2303 5310 2593 5381 sulphure.
2625 5309 2892 5367 Deorsum
2939 5310 3152 5365 radices
3198 5310 3320 5379 ejus
3357 5311 3536 5367 sicca-

1964 5405 2188 5468 buntur,
2226 5412 2279 5460 et
2316 5419 2535 5460 sursum
2580 5413 2807 5459 corruet
2857 5405 3054 5459 messis
3092 5403 3234 5473 ejus.
3269 5402 3533 5459 Memoria

1959 5501 2082 5568 ejus
2122 5498 2193 5553 dc
2230 5501 2372 5554 terra
2412 5509 2618 5571 pereat.
2673 5498 2919 5571 Expellat
2948 5515 3073 5556 eum
3109 5500 3176 5554 de
3211 5500 3329 5553 luce
3362 5499 3417 5552 in
3450 5508 3533 5553 te-

1960 5591 2186 5647 nebras.
2219 5590 2336 5647 Non
2370 5593 2477 5648 erit
2510 5592 2723 5647 salvata
2762 5592 2814 5646 in
2848 5591 3075 5661 regione
3103 5604 3224 5659 quae
3262 5588 3367 5644 sub
3392 5590 3535 5645 creto

1958 5691 2067 5744 est,
2101 5682 2299 5739 domus
2329 5683 2485 5754 ejus;
2517 5682 2613 5739 sed
2644 5686 2699 5738 in
2731 5683 2900 5738 rebus
2933 5682 3054 5752 ejus
3081 5682 3264 5735 vivent
3295 5680 3411 5735 alii.
3440 5679 3535 5736 lim

1960 5782 2089 5827 sunt
2133 5775 2330 5832 domus
2388 5777 2721 5848 injustorum
2766 5796 2779 5832 :
2822 5776 2910 5833 hic
2954 5777 3108 5834 locus
3159 5772 3531 5845 ignorantium

1959 5865 2280 5923 Dominum.
2316 5889 2334 5922 ι
