4010 6302
325 399 460 466 1193

1579 397 1823 458 SACRA
1851 393 2049 457 PARA
2058 394 2317 457 LLELA.

3445 388 3582 455 1194

394 534 412 567 ι
460 511 738 579 Ἐξέλεσθε
784 509 1196 586 διηρπαγμένον
1256 510 1324 564 ὲκ
1363 507 1545 583 χειρὸς
1585 507 1900 571 ἀδικοῦντος

2071 502 2186 564 Ier.
2215 518 2354 571 mi,
2383 503 2436 559 5.
2469 526 2538 544 ο·-
2583 519 2600 553 ι
2631 499 2844 572 Eripite
2889 515 3023 558 eum
3059 503 3154 575 qui
3203 502 3486 576 diripitur,
3518 510 3588 562 de

318 602 500 658 αὐτόν.
540 623 558 656 ι

394 622 462 658 τοι
485 642 500 657 .
540 623 558 656 ι

394 714 413 748 ι
459 622 710 751 ιζΑδικίαν
753 698 852 752 καὶ
896 694 1274 766 ταλαιπωρίαν
1321 693 1624 766 ἀφέλεσθε·
1665 693 1897 766 ἐξάρατε

320 785 780 842 καταδυναστείαν
812 787 877 840 ἐκ
904 785 999 841 τοῦ
1028 785 1160 843 λαοῦ
1194 803 1318 860 μου,
1351 785 1503 854 λέγει
1532 783 1758 858 Κύριος.
1802 802 1821 836 ›

395 991 413 1025 ι
457 970 672 1039 Ἐξελοῢ
701 969 1058 1044 ἀδικούμενον
1100 972 1164 1026 ὲκ
1206 968 1390 1042 χειρὸς
1439 967 1756 1034 ἀδικοῦντος
1799 967 1901 1023 αὖ·

317 1065 436 1120 τόν.
482 1083 498 1117 ι

1999 611 2164 652 manu
2195 596 2317 668 ejus
2348 595 2444 667 qui
2472 595 2619 651 laedit
2652 609 2802 650 eum.
2854 613 2874 647 ο

2068 687 2420 755 Ezech.xr.v,
2492 686 2546 742 9.
2596 717 2666 728 -—
2722 705 2742 740 ι
2789 684 3141 758 iniquitatem
3197 699 3254 745 et
3308 691 3586 747 iniseriam

2000 781 2182 838 tollite
2214 797 2230 839 :
2259 781 2480 839 auferte
2518 794 2943 853 oppressronem
2983 797 3016 838 a
3044 783 3246 855 populo
3281 800 3428 853 meo,
3454 787 3589 844 dicit

2002 873 2297 930 Dominus.
2330 891 2349 926 ι

2073 963 2240 1021 Eccli.
2272 982 2349 1032 iv,
2377 965 2432 1022 9.
2458 995 2529 1007 —-—
2558 986 2575 1018 ι
2605 965 2804 1021 Libera
2843 981 2994 1036 eum,
3025 967 3123 1041 qui
3153 967 3414 1041 injuriani
3448 973 3585 1041 pati.

2002 1066 2115 1125 tur,
2141 1056 2210 1114 de
2247 1073 2411 1112 manu
2444 1057 2868 1115 calumniantis.
2900 1076 2919 1111 ›

393 1159 505 1221 Ili;
529 1157 557 1210 ὀ
589 1156 768 1211 πλέων
799 1155 965 1227 ἐγγύς
992 1158 1112 1211 ἔστι
1136 1154 1230 1209 τοῦ
1260 1153 1542 1226 ναυαγίου,
1575 1155 1671 1209 καὶ
1712 1151 1902 1210 τοσού-

2075 1148 2219 1205 Naz.
2251 1149 2347 1208 0r.
2382 1150 2561 1205 15.—-
2590 1148 2855 1221 Quisquis
2887 1152 3128 1222 navigat,
3153 1152 3440 1224 naufragio
3467 1172 3589 1225 pro-

319 1265 398 1320 τῳ
424 1248 646 1320 μᾶλλον,
676 1250 787 1320 ὅσῳ
810 1241 1170 1321 σφοδρότερον
1195 1247 1347 1302 πλέει
1371 1263 1386 1276 ο
1420 1247 1517 1302 καὶ
1546 1248 1656 1311 πᾶς
1685 1248 1714 1300 ὁ
1743 1244 1902 1316 σῶμα

2036 1243 2250 1315 υἱιιιιυυε
2288 1251 2397 1310 est,
2435 1259 2500 1300 ac
2539 1258 2608 1301 eo
2639 1245 2838 1317 magis,
2877 1261 2989 1317 quo
3034 1246 3255 1316 navigat
3297 1249 3588 1303 vehemen-

323 1341 729 1412 περικείμενος,
778 1341 945 1412 ἐγγύς
1003 1343 1122 1396 ἑστι
1151 1341 1260 1396 τῶν
1285 1339 1381 1396 τοῦ
1409 1338 1666 1411 σώματος
1693 1340 1901 1403 κακῶν,

2036 1337 2118 1392 ius
2153 1354 2168 1392 :
2205 1335 2485 1393 consimili
2536 1337 2708 1392 modo
2741 1336 2998 1408 quisquis
3042 1351 3274 1407 corpore
3312 1339 3588 1394 convesti-

322 1435 415 1489 καὶ
437 1433 678 1505 τοσούτῳ
717 1435 918 1505 μᾶλλον
940 1472 958 1500 ,
993 1434 1212 1506 ὅσῳπερ
1242 1433 1309 1487 ἂν
1335 1431 1510 1506 ὀρθῶς
1546 1429 1774 1501 βαδίζει,
1806 1427 1902 1484 καὶ

2036 1449 2094 1489 iis
2132 1441 2243 1498 est,
2282 1432 2534 1503 cdrporis
2561 1433 2724 1486 malis
2753 1430 3099 1504 propinquus
3125 1440 3228 1498 est,
3265 1447 3441 1502 coque
3469 1449 3588 1487 ina-

323 1525 397 1599 μὴ
430 1526 616 1597 βλέπει
645 1526 772 1590 τοὺς
807 1526 915 1598 πρὸ
941 1526 1108 1580 αὐτοῦ
1132 1524 1447 1597 κειμένους.
1474 1523 1622 1586 Ἕως
1660 1521 1818 1585 πλεῖς
1845 1520 1902 1587 ἐξ

2036 1528 2116 1592 ;is,
2146 1541 2258 1598 quo
2282 1526 2490 1582 rectior
2518 1525 2746 1591 incedit,
2773 1542 2874 1582 nec
2899 1541 2996 1583 eos
3023 1526 3117 1598 qui
3145 1535 3275 1582 ante
3301 1542 3360 1582 se
3380 1528 3588 1596 jaceiit,

317 1617 527 1689 οὐρίας,
551 1615 630 1689 τῷ
662 1616 992 1688 ναυαγοῦντι
1025 1617 1112 1682 δὸς
1137 1618 1297 1689 χεῖρα
1320 1630 1337 1646 ο
1370 1615 1477 1680 ἓως
1510 1613 1777 1680 εὐεκτεῖς,
1809 1611 1902 1666 καὶ

2036 1627 2278 1674 ntuetur.
2319 1617 2455 1672 Dum
2493 1617 2746 1673 secundo
2768 1628 2932 1673 vento
2967 1619 3218 1689 navigas,
3244 1617 3291 1673 ei
3321 1619 3413 1690 qui
3449 1635 3589 1674 nau-

320 1709 597 1776 πλουτεῖς,
621 1709 703 1780 τῷ
732 1708 1139 1765 κακοπαθοῦντι
1169 1708 1457 1780 βοήθησον.
1488 1705 1580 1779 Μὴ
1611 1705 1902 1778 ἀναμείνῃς

2036 1711 2244 1782 ragium
2272 1710 2434 1781 352
2485 1708 2639 1778 fecit,
2685 1724 2911 1766 manum
2959 1711 3201 1782 porrige.
3246 1712 3380 1767 Dum
3418 1727 3587 1768 sanus

322 1803 413 1857 ἐπὶ
443 1801 671 1857 σεαυτοῦ
705 1803 918 1874 μαθεῖν,
944 1804 1068 1856 ὅσον
1105 1803 1276 1858 κακόν
1317 1803 1468 1856 ἐστιν
1513 1797 1902 1871 ἀπανθρωπια,

2036 1816 2096 1868 τε,
2129 1807 2182 1856 et
2206 1799 2474 1870 locuples,
2500 1813 2660 1870 opem
2693 1798 2776 1854 fer
2803 1798 3023 1855 alllicto.
3051 1797 3171 1855 Non
3197 1811 3505 1872 exSpectes,
3532 1812 3591 1857 ut

322 1893 416 1948 xui
438 1886 551 1948 οἷον
571 1893 772 1964 ἀγαθὸν
797 1893 1081 1965 σπλάγχνα
1102 1894 1215 1958 τοῖς
1233 1889 1528 1965 χρῄζουσιν
1553 1888 1900 1958 ἀνοιγόμενα.

2043 1909 2074 1947 x
2131 1891 2307 1964 teipso
2356 1891 2566 1959 discas,
2620 1899 2889 1962 quantum
2942 1891 3149 1946 malum
3204 1894 3278 1950 sit
3329 1894 3589 1949 inhuma-

389 2157 678 2232 Χρηστοῦς
720 2155 863 2212 εἶναι
913 2157 1022 2230 χρὴ
1070 2157 1186 2221 τοῖς
1213 2154 1647 2228 προεμπεσοῦσι,
1689 2154 1785 2208 καὶ
1823 2154 1903 2225 τῷ

323 2251 456 2323 ἐλέῳ
479 2250 716 2306 κτᾶσθαι
745 2250 838 2305 τὸν
861 2248 1031 2304 ἔλεον.

404 2428 492 2485 Ἐν
518 2431 640 2494 ταῖς
667 2427 981 2500 ἀλλοτρίαις
1007 2429 1319 2500 συμφοραῖς
1357 2426 1425 2482 τὰ
1454 2428 1632 2482 οἰκεῖα
1662 2421 1724 2482 εὗ
1754 2427 1902 2482 τεθε-

321 2520 447 2575 σθαι
475 2520 606 2592 χρὴ,
633 2519 728 2573 καὶ
773 2518 1043 2582 δανείζειν
1091 2517 1209 2588 Θεῷ
1237 2518 1330 2572 τὸν
1363 2516 1514 2572 ἔλεον
1547 2518 1732 2583 ἐλέους
1766 2519 1902 2592 χρή-

320 2613 549 2680 ζοντας,
593 2612 689 2668 καὶ
740 2611 815 2685 μὴ
872 2613 1238 2684 καταφρονεῖν
1269 2609 1576 2684 ἀνθρώπων
1623 2610 1903 2683 ἄνθρωποι

319 2707 495 2773 ὅντες.

393 2900 485 2974 Μὴ
506 2897 743 2973 γελάσῃς
771 2898 971 2972 πτῶμα
1001 2892 1097 2952 τοῦ
1121 2897 1290 2961 πέλας
1308 2913 1322 2928 ο
1357 2894 1601 2953 διάϐαινε
1638 2895 1695 2952 δὲ
1722 2897 1901 2968 ἀσφα-

319 2996 450 3062 λῶς,
477 2996 575 3048 ὅσγ-
608 3012 692 3050 eos
731 2994 984 3066 δύναμις,
1015 2991 1154 3050 ἀλλὰ
1199 2993 1294 3048 καὶ
1325 2991 1470 3047 δίδου
1522 2994 1681 3065 χεῖρα
1727 2992 1903 3064 χαμαὶ

321 3089 585 3161 κειμένῳ.

2006 1984 2189 2052 nitas,
2255 1993 2640 2055 quantumque
2713 1984 2944 2050 bonum,
3025 1985 3239 2041 viscera
3302 1986 3591 2059 egentibus

2008 2089 2242 2147 aperire.

2079 2167 2356 2238 Benignos
2394 2180 2521 2221 esse
2555 2174 2771 2241 oportet
2814 2166 2928 2222 illis
2985 2167 3084 2239 qui
3123 2168 3179 2222 in
3219 2169 3591 2224 calamitatem

2001 2259 2117 2329 jam
2171 2259 2514 2326 inciderunt,
2585 2268 2640 2315 et
2701 2259 3142 2317 misericordiam
3202 2261 3593 2319 misericordia

2005 2367 2124 2408 coni
2133 2366 2350 2424 parare.

2066 2443 2155 2500 Id.
2185 2442 2341 2500 Orat.
2369 2443 2461 2501 20.
2483 2474 2549 2488 -—
2582 2441 2642 2499 ln
2666 2444 2865 2502 alienis
2889 2445 3295 2505 calamitatibus
3318 2457 3465 2504 recte
3492 2463 3595 2505 nos

2005 2543 2227 2606 oportet
2255 2536 2467 2592 nostris
2505 2536 2675 2592 rebus
2705 2538 3023 2607 consulere,
3055 2548 3110 2594 et
3134 2536 3246 2596 Deo
3273 2538 3593 2596 misericor-

2005 2628 2153 2684 diam
2195 2627 2466 2692 fenerare,
2506 2641 2627 2682 cum
2664 2626 2772 2700 ipsi
2808 2628 3190 2685 misericordia
3222 2643 3361 2701 opus
3390 2629 3592 2687 habea-

2004 2737 2128 2778 mus
2163 2738 2175 2775 :
2208 2735 2312 2777 nec
2339 2719 2597 2777 homines
2633 2735 3000 2792 aspernemur
3038 2731 3136 2777 aut
3160 2736 3264 2794 pro
3295 2722 3468 2778 nihilo
3497 2723 3594 2780 du-

2003 2829 2217 2881 camus,
2247 2814 2471 2886 quando
2502 2813 2607 2886 ipsi
2638 2814 2894 2871 homines
2929 2829 3146 2871 sumus.

2076 2905 2354 2977 Ejusdem.
2399 2937 2472 2946 —
2519 2907 2722 2963 Casum
2782 2909 3014 2965 alterius
3068 2906 3252 2966 ridere
3300 2909 3438 2965 noli.
3481 2908 3592 2966 Sed

2002 3014 2168 3070 quam
2195 3007 2313 3055 tute
2348 3008 2527 3071 potes,
2571 3001 2788 3071 incede,
2833 3010 3000 3074 atque
3054 3001 3208 3058 humi
3243 3001 3448 3075 jacenti
3486 3019 3592 3058 ma-

2004 3106 2136 3146 num
2161 3091 2417 3163 porrige.

369 3224 556 3280 ΤΙΤΔ.
594 3222 704 3279 Iii'.
735 3250 810 3264 —
841 3219 985 3301 Περὶ
1027 3217 1288 3300 ἀγάπης,
1324 3217 1424 3273 καὶ
1453 3214 1720 3288 εἰρήνης,
1743 3214 1842 3273 καὶ

2047 3225 2184 3283 Tl'l‘.
2216 3225 2403 3281 XVIII.
2426 3259 2494 3268 —
2520 3226 2596 3283 De
2633 3227 2916 3293 charitate,
2951 3235 3001 3284 et
3029 3244 3180 3300 pace,
3212 3238 3264 3284 et
3288 3230 3555 3301 paciﬁcis.

883 3295 1303 3362 εἰρηνοποιῶν.

397 3429 416 3462 ι
454 3406 588 3463 Eius
617 3407 852 3480 Νοεμεῖν
887 3403 1026 3478 πρὸς
1059 3402 1213 3458 Ῥούθ
1234 3417 1250 3435 ⁸
1319 3401 1451 3457 Ἰδοὺ
1490 3399 1822 3475 ἀνέστρεψεν
1867 3400 1902 3456 ἦ

324 3501 636 3573 σύννυμφός
668 3517 764 3554 σου
795 3498 933 3572 πρὸς
955 3496 1082 3552 λαὸν
1105 3494 1294 3567 αὐτῆς,
1319 3496 1411 3549 καὶ
1438 3494 1575 3568 πρὸς
1598 3495 1724 3558 τοὺς
1747 3493 1904 3558 θεοὺς

322 3595 514 3665 αὐτῆς,
543 3593 913 3666 ἑπιστράφηθι
936 3593 1029 3645 καὶ
1060 3589 1147 3646 σύ.
1165 3583 1302 3645 Eine
1325 3589 1383 3644 δὲ
1398 3588 1554 3644 Ῥούθ
1576 3604 1592 3621 ’
1615 3588 1709 3660 Μὴ
1726 3588 1904 3642 ἀπαν-

322 3681 496 3755 eam;
525 3697 619 3753 μοι
640 3679 736 3735 τοῦ
773 3680 1096 3735 καταλιπεῖν
1118 3694 1202 3744 σε,
1231 3681 1314 3734 ὅτι
1333 3680 1464 3733 ὅπου
1484 3678 1578 3733 ἐὰν
1607 3679 1902 3750 πορευθῇς,

324 3774 700 3847 πορεύσομαιο
746 3774 847 3830 καὶ
888 3775 919 3828 δ
946 3773 1075 3837 λαός
1106 3790 1224 3842 σου,
1249 3772 1376 3837 λαός
1425 3791 1549 3845 μου,
1595 3773 1740 3829 καὶὸ
1770 3772 1904 3836 Θεός

324 3884 440 3936 σου,
469 3867 602 3932 Θεός
638 3884 761 3937 μου.
802 3884 822 3920 ι

398 3979 418 4014 ι
447 3959 752 4033 Προσέθετο
797 3959 1054 4016 ἰωνάθαν
1075 3958 1292 4032 ὀμῶσαι
1333 3957 1413 4032 τῷ
1444 3956 1628 4022 Δασὶδ,
1658 3957 1739 4013 ὅτι
1765 3957 1903 4026 ἠγά-

323 4067 495 4124 πησεν
526 4052 560 4123 ή
592 4049 740 4124 ψυχὴ
770 4049 1093 4120 ἀγαπῶντος
1125 4048 1308 4105 αὐτόν.
1348 4068 1369 4103 ο

396 4249 418 4285 ι
467 4229 641 4300 ’Δλγῶ
661 4231 764 4285 ’ἐπὶ
801 4230 884 4296 σὲ,
908 4228 1107 4302 ἁδελφὲ
1139 4247 1240 4304 μου
1284 4229 1562 4289 ’ἰωνάθαν.
1592 4229 1897 4303 Ὠραιὼϐης

327 4305 685 4399 μοίσφόδρω
712 4323 1112 4398 ἐθαυμαστώθη
1130 4325 1163 4396 ή
1182 4324 1462 4398 ἁγάπησὶς
1486 4341 1581 4378 σου
1612 4325 1735 4396 ἐμοὶ
1760 4324 1901 4394 ὑπὲρ

323 4419 544 4490 ἀγάπης
569 4418 868 4488 γυναικῶν.
908 4436 928 4472 ι

400 4531 421 4564 ι
451 4511 694 4584 Ζήτησον
718 4509 963 4583 εἰρήνην,
990 4511 1084 4565 καὶ
1102 4509 1293 4576 δίωξον
1320 4510 1511 4583 αὐτήν.
1557 4530 1577 4564 ι

403 4729 422 4764 ι
455 4710 516 4765 Ol
551 4709 866 4782 βουλόμενοι
898 4710 1144 4782 εἰρήνην,
1176 4707 1666 4780 εὐφρανθήσονται.
1704 4730 1724 4763 ι

404 4909 422 4940 ι
461 4889 674 4952 Πάντας
713 4888 843 4953 τοὺς
873 4889 949 4959 μὴ
973 4888 1419 4959 φιλονεικοῦντας
1452 4889 1683 4961 καλύψει
1717 4891 1867 4960 φιλία
1888 4911 1900 4924 ·

327 4984 356 5035 ὁ
383 4981 616 5052 ἐλέγχων
640 4982 778 5053 μετὰ
806 4982 1141 5054 παρρησίας,
1174 4983 1527 5054 εἰρηνοποιεῖ.
1563 5003 1583 5036 ι

406 5179 424 5212 ι
455 5161 828 5232 Μακρόθυμος
856 5163 998 5235 ἀνὴρ
1020 5163 1350 5219 κατασϐέσει
1371 5165 1582 5239 κρίσεις
1606 5185 1619 5198 ο
1651 5169 1680 5222 ὁ
1698 5168 1754 5222 δὲ
1778 5169 1904 5222 ἀσε-

329 5249 427 5322 ϐής
452 5253 635 5323 ἐγερεῖ
658 5252 879 5324 μᾶλλον.
912 5271 932 5306 ι

404 5361 422 5394 ι
463 5343 847 5398 Καλύπτουσιν
878 5343 1078 5416 Ιῐχθριιν
1103 5343 1256 5418 χείλη
1284 5346 1490 5402 δίκαια.
1529 5367 1549 5400 ι

404 5541 425 5575 ι
469 5524 758 5595 Κρεὶσσων
778 5524 970 5596 ψωμδς
995 5522 1117 5597 μεθ’
1140 5528 1332 5600 ἡδονῆς
1359 5530 1416 5584 ὲν
1445 5531 1661 5604 εἰρήνῃ,
1698 5533 1729 5606 ἢ
1757 5528 1902 5598 οἶκος

330 5613 546 5689 πλήρης
583 5615 796 5669 πολλῶν
849 5616 1072 5687 ἀγαθῶν
1102 5617 1192 5672 καὶ
1223 5619 1422 5674 ἀδίκων
1451 5620 1709 5693 θυμάτων
1763 5626 1903 5694 μετὰ

485 5725 593 5762 ς.»

485 5725 528 5762 τ.
573 5728 593 5761 ι

329 5709 641 5873 “riguum
671 5801 862 5873 ἀνδρὸς
895 5805 1125 5875 πραΰνει
1158 5805 1414 5877 θεράπων
1457 5809 1740 5881 φρόνιμος.
1771 5830 1788 5861 i

608 5982 881 6043 PATROL.
905 5983 1017 6046 Gn.
1074 5985 1237 6046 XCV.

2075 3404 2218 3460 Ruth
2257 3421 2273 3460 ι
2347 3406 2436 3461 15.
2470 3435 2538 3451 -
2566 3422 2587 3457 ι
2617 3401 2767 3462 Dixit
2804 3402 2998 3462 Noemi
3030 3405 3099 3460 ad
3146 3403 3295 3461 Ruth
3334 3421 3349 3461 :
3383 3405 3462 3461 En
3501 3423 3588 3462 re-

2004 3513 2169 3556 versa
2220 3505 2306 3555 est
2350 3497 2502 3554 socia
2533 3506 2626 3552 tua
2666 3504 2734 3553 ad
2773 3498 3038 3568 populum
3079 3509 3234 3554 tuum
3267 3510 3319 3555 et
3353 3499 3419 3554 ad
3455 3501 3592 3557 deos

2005 3607 2160 3650 suos.
2185 3591 2488 3649 Revertere
2523 3599 2580 3646 tu
2629 3591 3041 3664 quoque.Rutli
3077 3607 3210 3649 vero
3239 3593 3381 3650 dixit
3421 3611 3436 3650 :
3477 3594 3590 3651 Nec

2003 3698 2271 3740 occurras
2304 3683 2438 3738 mihi
2469 3691 2530 3739 ut
2559 3684 2870 3755 relinquam
2903 3692 2959 3740 te
2984 3692 3040 3740 et
3068 3685 3286 3741 abeam.
3309 3685 3587 3753 Quoniam

2004 3792 2342 3848 quocunque
2372 3777 2711 3848 perrexeris,
2761 3791 2988 3849 pergam
3027 3797 3041 3835 :
3077 3785 3133 3834 et
3161 3780 3397 3850 populus
3435 3789 3587 3846 tuus.

2005 3870 2243 3941 populus
2278 3885 2457 3935 meus,
2495 3876 2552 3925 et
2584 3867 2900 3936 Deustuus,
2940 3869 3087 3928 Deus
3114 3885 3293 3925 meus.
3325 3890 3344 3924 ι

2075 3957 2103 4015 I
2141 3957 2270 4031 Reg.
2311 3975 2419 4026 xx,
2468 3959 2556 4013 17.
2592 3988 2662 4000 --
2696 3975 2718 4012 ι
2758 3957 2827 4012 Ει
2861 3957 3078 4013 addidit
3120 3955 3390 4042 Jonatlias
3439 3957 3589 4028 deje-

2005 4067 2133 4108 rare
2166 4051 2360 4117 David,
2394 4067 2460 4108 eo
2491 4051 2639 4123 quod
2680 4050 2939 4122 diligeret
2970 4065 3097 4108 eum
3125 4049 3313 4106 anima
3346 4051 3587 4124 diligen-

2004 4146 2078 4201 tis
2113 4160 2192 4202 se.
2233 4164 2252 4196 ι

2077 4237 2145 4293 II
2182 4238 2304 4311 Reg.
2339 4253 2378 4307 i,
2399 4238 2491 4294 9.6.
2515 4269 2587 4280 -—
2615 4258 2633 4293 ι
2675 4238 2845 4295 Doleo
2881 4253 3050 4310 super
3075 4245 3150 4303 te,
3192 4238 3362 4294 frater
3385 4240 3459 4296 ini
3491 4240 3587 4296 Jo-

2005 4333 2197 4387 natlia.
2224 4332 2522 4403 Speciosus
2549 4333 2687 4387 mihi
2715 4349 2840 4390 eras
2869 4333 3047 4389 valde.
3081 4333 3444 4389 Admirabilis
3466 4343 3587 4390 erat

2003 4424 2139 4480 mihi
2177 4424 2402 4482 dilectio
2430 4433 2525 4481 tua
2551 4440 2719 4498 super
2739 4440 2986 4481 amorem
3021 4426 3339 4482 mulierum.
3375 4446 3395 4480 ι

2076 4518 2228 4574 Psal.
2264 4535 2458 4586 χχχιιι,
2494 4518 2581 4574 14.
2616 4549 2686 4560 -
2719 4535 2741 4572 ι
2767 4517 2996 4589 liiquire
3038 4534 3256 4591 pacem,
3302 4527 3355 4576 et
3397 4535 3586 4592 perse-

1937 4596 1983 4655 Π
2011 4627 2178 4683 quere
2212 4627 2358 4668 eam.
2391 4631 2410 4665 ι

2074 4703 2232 4758 Prov.
2277 4721 2374 4771 xii,
2418 4706 2510 4762 20.
2544 4733 2617 4746 --
2650 4724 2670 4759 ι
2713 4706 2818 4771 Qui
2866 4704 3018 4776 pacis
3073 4705 3270 4761 ineunt
3321 4706 3580 4775 consilia,

2007 4799 2256 4866 sequitur
2289 4813 2384 4854 eos
2422 4799 2710 4868 gaudium.
2748 4818 2767 4851 ι

2079 4885 2237 4941 Prov.
2274 4903 2325 4950 x,
2355 4888 2441 4952 ll,
2477 4886 2566 4942 1'2.
2597 4916 2669 4925 —
2695 4903 2713 4934 α
2740 4886 2945 4942 Omnes
2977 4901 3074 4944 eos
3101 4888 3193 4958 qui
3231 4887 3423 4944 nolunt
3445 4903 3582 4943 con-

2005 4978 2252 5044 tendere,
2288 4981 2470 5051 operit
2522 4979 2788 5036 amicitia.
2829 4979 2935 5048 Qui
2964 4981 3150 5052 arguit
3177 4982 3369 5049 libere,
3395 4982 3583 5053 pacili-

2005 5089 2104 5128 cus
2131 5084 2232 5128 est.
2268 5093 2286 5125 ι

2077 5165 2234 5219 Prov.
2280 5180 2370 5229 xv,
2417 5163 2507 5219 18.
2538 5194 2608 5207 ——
2634 5182 2652 5217 ι
2685 5163 2781 5220 Vir
2822 5166 3042 5236 patiens
3073 5167 3386 5239 exstinguet
3414 5169 3579 5225 lites:

2011 5256 2216 5326 impius
2245 5272 2338 5312 eas
2367 5255 2549 5326 potius
2576 5256 2891 5312 suscitabit.
2924 5276 2942 5309 ι

2075 5347 2234 5403 Prov.
2277 5364 2333 5413 ii,
2387 5347 2475 5402 18.
2537 5379 2608 5390 —-
2671 5367 2689 5399 ι
2745 5347 3019 5417 Operiunt
3073 5350 3393 5408 inimicitias
3439 5353 3584 5407 labia

2003 5442 2173 5513 justa.
2215 5461 2232 5492 ι

2077 5532 2237 5588 Prov.
2269 5548 2405 5594 xvu,
2443 5531 2495 5586 1.
2533 5563 2602 5572 —-
2638 5551 2656 5584 ι
2688 5531 2880 5588 Melior
2908 5541 2991 5589 est
3017 5534 3264 5591 buccella
3290 5534 3434 5589 sicca
3457 5550 3582 5588 cuni

2005 5625 2204 5695 gaudio
2236 5624 2291 5677 in
2323 5639 2476 5693 pace,
2500 5638 2665 5694 quam
2699 5627 2894 5681 domus
2933 5627 3090 5697 plena
3124 5628 3315 5683 multis
3342 5627 3582 5682 victimis

2005 5715 2165 5770 bonis
2195 5723 2248 5770 et
2277 5716 2480 5785 iniquis
2503 5715 2849 5787 cumjurgio.
2885 5736 2904 5769 ι

2081 5804 2238 5860 Pror.
2267 5822 2424 5874 xviii,
2456 5804 2542 5861 l-i.
2564 5838 2630 5855 ο-
2663 5824 2681 5857 ι
2717 5805 2857 5862 lrani
2884 5808 2984 5864 viri
3012 5809 3166 5866 sedat
3192 5808 3430 5865 famulus
3451 5823 3580 5881 pru-

2008 5896 2220 5950 deus.»

3211 5993 3284 6052 38
