4010 6302
465 342 604 413 1199

465 547 594 618 quid
626 560 1061 603 commemorare
1101 546 1302 601 attinet
1341 546 1409 604 ad
1440 562 1601 605 veros
1654 548 1797 606 illius
1842 551 2037 622 pacis?

460 638 611 696 Nihil
644 638 791 695 enim
826 637 1134 695 Christiani
1167 639 1413 696 hominis
1453 639 1592 697 adeo
1624 641 1898 711 proprium
1932 651 2035 707 est,

463 743 525 788 ut
572 730 938 787 conciliandae
990 730 1111 803 paci
1151 730 1377 788 studere
1434 750 1451 789 :
1495 731 1936 804 quandoquidem
1966 736 2039 790 ob

462 826 607 882 lianc
635 838 853 898 quoque
878 838 1103 880 causam
1132 821 1387 881 Christus
1405 823 1700 896 premium
1728 824 1887 880 nobis
1914 823 2036 897 pol-

458 918 647 974 licitus
668 925 775 974 est.

533 1007 679 1065 Naz.
704 1024 788 1065 or.
808 1007 909 1064 12.
938 1014 1007 1050 '—
1036 1007 1145 1062 Deo
1193 1023 1260 1063 ac
1298 1008 1506 1066 divinis
1544 1010 1714 1068 rebus
1732 1010 2035 1082 prepinqui

457 1113 607 1172 sunt,
648 1105 969 1177 quicunque
1000 1103 1163 1174 ,paeis
1202 1104 1409 1159 bonum
1458 1105 1759 1175 amplexari
1800 1121 2037 1162 cernun-

458 1209 569 1264 tur,
599 1212 665 1253 ac
694 1195 997 1260 contrario,
1049 1209 1147 1251 seu
1180 1193 1440 1265 dissidio,
1487 1195 1689 1254 infensi
1734 1206 1899 1269 atque
1948 1198 2033 1252 in-

458 1289 582 1345 festi
619 1296 768 1345 sunt.

528 1379 693 1452 Nysa.
720 1396 803 1435 or.
835 1378 892 1446 7,
920 1377 999 1434 De
1022 1378 1209 1433 beatit.
1244 1408 1313 1420 —-
1334 1377 1805 1446 Quemadmodum
1839 1380 2032 1436 oborta

455 1475 696 1532 sanitate
744 1472 968 1529 morbus
1012 1472 1083 1528 de
1126 1471 1308 1528 medio
1370 1472 1598 1539 tollitur,
1643 1488 1707 1529 ac
1736 1472 1874 1529 lucc
1913 1490 2034 1531 sese

453 1576 733 1635 exercete,
788 1565 952 1622 nullae
1000 1575 1301 1637 supersunt
1348 1566 1625 1623 tenebrae:
1655 1566 1738 1623 sic
1781 1567 1871 1621 ubi
1927 1582 2032 1639 pax

453 1661 659 1728 illuxit,
697 1660 829 1715 vitia
866 1657 1074 1725 omnia,
1113 1673 1237 1731 qua:
1276 1672 1340 1714 ex
1371 1657 1651 1714 contrario
1696 1659 2031 1729 conﬂantur,

451 1758 812 1809 evanescunt.
834 1748 1043 1806 ‘Omnis
1074 1749 1341 1805 malorum
1376 1758 1600 1806 caterva
1625 1749 1823 1807 all'cctu
1851 1752 2033 1807 chari-

437 1846 582 1900 ‘tatis
610 1844 1004 1916 exstinguitur.

522 1935 808 1991 Charitate
824 1942 876 1989 et
901 1948 1032 2004 pace
1050 1931 1186 1987 nihil
1209 1931 1496 1987 sublimius
1525 1929 1803 2003 Scriptura
1822 1934 2033 1988 statuit.

521 2027 797 2097 Chrysa“.
827 2024 904 2080 De
945 2023 1088 2096 prof.
1132 2024 1293 2093 cpite.
1324 2024 1466 2080 hom.
1500 2039 1585 2090 ιιι,
1618 2023 1698 2079 De
1730 2032 1860 2079 stat.
1886 2055 1958 2066 —
1982 2024 2033 2083 Is

451 2119 755 2174 amantium
790 2132 908 2173 mos
946 2125 1053 2185 est,
1084 2122 1145 2171 ut
1173 2131 1367 2173 eorum
1407 2131 1547 2187 quos
1572 2122 1782 2184 amant,
1816 2117 2032 2188 negotia

450 2212 633 2268 omnia
660 2227 757 2284 per
779 2226 839 2269 se
860 2209 1058 2266 conﬁci
1084 2210 1278 2277 velint,
1301 2224 1405 2267 nec
1432 2224 1526 2267 eos
1556 2209 1767 2280 absque
1788 2224 1847 2267 se
1867 2211 2035 2283 quid-

450 2321 617 2376 quam
646 2305 824 2361 l‘acere
859 2304 943 2360 vel
970 2302 1143 2375 loqui.

521 2398 715 2470 Ejusd.
740 2398 884 2457 hom.
909 2396 1178 2468 inparab.
1198 2396 1376 2452 decem
1398 2398 1511 2453 mil.
1531 2400 1630 2453 (al.
1654 2428 1709 2441 -
1730 2398 2029 2455 Charitatis

448 2502 646 2547 natura
671 2492 979 2548 satietatem
1000 2490 1206 2547 nullam
1226 2490 1511 2562 agnoscit:
1534 2491 1667 2564 quin
1695 2492 1878 2563 potius
1900 2495 2027 2548 dum

446 2586 561 2642 illis
594 2601 733 2657 quos
768 2586 970 2641 charos
1003 2582 1193 2647 habet,
1228 2596 1448 2653 semper
1490 2581 1716 2649 fruitur,
1768 2583 1823 2638 in
1859 2583 2027 2653 majo-

447 2690 563 2735 rem
603 2679 878 2733 ilammam
922 2677 1185 2748 assurgit.
1214 2673 1370 2742 Quod
1408 2691 1530 2731 cum
1557 2676 1815 2732 alumnus
1850 2676 2025 2748 ipsius

444 2769 649 2826 Paulus
673 2777 1017 2841 compertum
1052 2768 1302 2835 haberet,
1330 2766 1546 2823 aiebat:
1581 2785 1600 2818 ι
1630 2766 1846 2822 Nemini
1870 2769 2025 2839 quid-

443 2877 611 2932 quam
651 2859 919 2927 debeatis,
979 2858 1087 2915 nisi
1139 2867 1197 2913 ut
1239 2856 1478 2913 invicem
1533 2856 1797 2928 diligatis.
1840 2878 1859 2911 ι
1906 2858 2023 2915 Hoc

441 2954 588 3011 enim
639 2952 887 3008 debitum
938 2965 1154 3022 semper
1212 2949 1437 3020 quidem
1484 2950 1775 3019 penditur;
1831 2967 2021 3007 verum

443 3047 672 3105 omnino
716 3061 823 3101 non
869 3044 1222 3116 persolvitur.
1279 3044 1395 3099 lloc
1434 3043 1598 3100 modo
1633 3045 1903 3116 optimum
1937 3054 2022 3103 est

438 3147 495 3196 et
527 3139 689 3195 laude
728 3138 953 3210 dignum
980 3145 1247 3209 perpetuo
1282 3136 1585 3192 debitorem
1625 3151 1773 3193 esse.
1801 3136 2015 3193 Etenim
2046 3167 2092 3225 ο

440 3232 534 3289 ubi
556 3232 623 3288 de
653 3231 903 3305 pecuniis
940 3230 1137 3300 agitur,
1175 3244 1275 3287 eos
1321 3229 1615 3285 laudamus
1640 3230 1730 3299 qui
1756 3231 1891 3287 nihil
1923 3234 2018 3287 de-

441 3326 603 3381 beant
629 3339 792 3392 ;cum
821 3330 1003 3378 autem
1029 3320 1096 3377 de
1122 3321 1415 3387 charitale,
1440 3323 1630 3379 beatos
1649 3322 1863 3377 demum
1893 3325 2020 3381 illos

314 3440 318 3443 ·
436 3415 824 3487 praedicamus,
850 3413 942 3484 qui
976 3426 1198 3483 semper
1221 3412 1430 3469 debent
1464 3430 1479 3467 :
1512 3420 1567 3469 et
1603 3415 1750 3484 quod
1778 3416 1892 3472 illic
1928 3417 2017 3472 in-

436 3508 573 3578 grati
594 3506 784 3571 animi,
810 3505 901 3561 hic
922 3504 1083 3577 355
1101 3504 1242 3575 grati
1266 3514 1317 3559 ct
1339 3505 1890 3577 probiargumentum
1912 3517 2017 3576 est,

435 3602 698 3658 nimirum
732 3614 1015 3671 nunquam
1052 3598 1339 3654 charitatis
1358 3598 1601 3654 debitum
1634 3600 1942 3656 exsolvere.

506 3692 700 3764 Ejusd.
731 3692 797 3747 de
820 3708 936 3764 gen.
985 3690 1087 3762 fer.
1111 3702 1351 3760 pauperi.
1383 3720 1453 3731 —
1480 3689 1584 3758 Qui
1621 3707 1805 3761 pacem
1837 3694 2015 3747 omni-

433 3789 538 3844 bus
584 3794 864 3859 precatur,
910 3785 957 3840 is
997 3783 1472 3856 perturbationum
1536 3784 1741 3839 bellqu
1798 3784 2014 3857 abegit;

434 3889 716 3953 peccatum
780 3888 934 3949 puta,
1000 3892 1383 3949 perversarum
1462 3878 1865 3948 cogitationum
1923 3889 2013 3933 tu-

433 3971 685 4036 multum.
726 3971 1048 4043 procellam,
1109 3969 1331 4035 ﬂuctus,
1390 3969 1733 4040 hiememque
1798 3971 2012 4043 cupidi-

430 4074 633 4129 tatum,
689 4073 741 4120 et
799 4062 1241 4134 tranquilliorem
1290 4061 1489 4131 quovis
1544 4070 1706 4131 portu
1766 4063 2010 4117 animum

432 4158 704 4224 reddidit;
744 4156 919 4228 utqui
966 4170 1155 4227 paceni
1223 4155 1495 4209 bonorum
1536 4154 1779 4209 omnium
1813 4170 2013 4225 parcn-

432 4268 541 4308 iem
590 4260 1049 4322 communemque
1096 4250 1389 4313 nutricem,
1423 4249 1477 4302 in
1519 4248 1731 4318 piorum
1760 4250 1855 4317 qui
1889 4263 2009 4304 eam

430 4345 802 4415 susceperint,
833 4343 1076 4398 animum
1113 4342 1283 4397 multo
1316 4341 1500 4397 studio
1541 4341 1827 4396 invexerit.
2031 4399 2034 4402 ,

501 4433 786 4506 Ejusdem,
819 4434 886 4488 de
934 4434 1129 4487 charit.
1162 4462 1225 4473 —-
1252 4430 1415 4487 Velut
1459 4446 1635 4502 neque
1673 4431 1853 4486 anima
1889 4432 2010 4488 sine

1663 347 1724 407 S.
1767 346 2088 410 JOANNI‘S
2123 350 2522 418 DAMASCEN
2527 356 2557 417 Ι

534 452 705 509 Basil.
734 468 799 508 ea:
829 450 1109 526 Epistolis.
1140 450 1504 520 —-Quantum
1529 454 1602 512 sit
1634 456 1833 511 bonum
1866 456 2037 529 paris,
2072 465 2114 520 Α

2218 463 2382 520 Ὅσον
2420 466 2538 521 ἐστὶ
2561 467 2621 522 τὸ
2651 468 2749 540 τῆς
2796 470 3022 543 είρήνης
3056 473 3280 543 ἀγαθὸν,
3320 477 3381 544 τί
3400 479 3514 551 ’χρὴ
3541 469 3709 550 λέγέιν

2148 557 2280 629 πρὸς
2332 558 2532 630 ἄνδρας
2583 563 2731 628 υἱοὺς
2778 563 2879 633 τῆς
2907 566 3163 638 εἰρήνης,
3197 569 3363 623 Οἱδὲν
3403 571 3514 643 γὰρ
3546 573 3710 640 οὕτως

2144 651 2273 704 ἴδιον
2308 653 2656 724 Χριστιανοῦ,
2687 655 2763 719 ὡς
2804 656 2864 710 τὸ
2896 659 3278 733 είρηνοποιετν,
3321 664 3458 718 διότι
3491 667 3581 721 καὶ
3626 669 3711 722 τὸν

2139 746 2227 798 ἐπ’
2267 747 2439 819 αὐτὴν
2481 748 2675 821 μισθὸν
2706 752 2837 823 ἡμῖν
2872 754 2900 805 δ
2932 752 3139 828 Κύριος
3170 756 3558 829 ἐπηγγείλατο.

2206 1003 2343 1059 Θεοῦ
2372 1006 2608 1061 καὶτῶν
2637 1008 2802 1065 θείων
2847 1011 3037 1081 ἐγγὺς,
3094 1013 3209 1067 ὅσοι
3246 1014 3308 1069 τι»
3351 1014 3455 1087 τῆς
3496 1016 3713 1089 εἰρήνης

2135 1096 2340 1165 ἀγαθὸν
2372 1098 2747 1169 ἀσπαζόμενοι
2771 1100 3079 1171 φαίνονται,
3123 1105 3219 1159 καὶ
3248 1106 3327 1177 τῷ
3364 1108 3610 1183 ἐναντίῳ,
3645 1114 3709 1185 τῇ

2136 1190 2324 1245 στάσει
2354 1189 2815 1264 ἀπεχθραίνονται
2840 1192 2936 1248 καὶ
2965 1192 3435 1269 δυσχεραίνουσιν.

2204 1374 2417 1448 Ὠσπερ
2450 1372 2643 1446 ὑγείας
2691 1375 3085 1451 ἐπιλαϐούσης,
3112 1379 3271 1448 νόσος
3309 1382 3710 1455 ἐξαφανίζεται,

2132 1467 2226 1522 καὶ
2252 1468 2432 1539 φωτὸς
2456 1470 2760 1541 φαίνοντος,
2788 1474 2888 1547 οὐχ
2921 1474 3278 1531 ὑπολείπεται
3301 1478 3515 1544 σκότος,
3546 1481 3709 1547 οὕτως

2133 1561 2226 1615 καὶ
2255 1562 2356 1632 τῆς
2405 1562 2634 1635 εἰρήνης
2659 1564 3039 1639 ἐπιφανείσης,
3093 1569 3283 1626 λύεται
3326 1572 3508 1627 πάντα
3551 1574 3615 1628 τὰ
3648 1576 3710 1630 ἐκ

2131 1654 2225 1708 τοῦ
2257 1656 2505 1713 ἐναντίου
2536 1663 2909 1732 συνιστάμενα
2932 1663 3106 1735 πάθη.
3144 1665 3298 1720 Πᾶσα
3326 1666 3361 1739 ἠ
3392 1666 3505 1721 τῶν
3532 1668 3712 1723 κακῶν

2134 1747 2305 1823 ἀγέλη
2337 1752 2402 1823 τῇ
2434 1751 2755 1827 ἀγαπητικῇ
2779 1753 3021 1811 διαθέσει
3059 1756 3468 1829 ὲξαφανίζεται.

2207 1922 2320 2017 Τῆς
2338 1924 2559 2000 ἀγάπης
2574 1929 2665 1984 καὶ
2679 1931 2778 2004 τῆς
2798 1930 3026 2005 είρήνης
3052 1935 3202 1993 οὐδὲν
3226 1938 3500 2013 ἀνώτερον
3511 1942 3707 2017 τίθησι.

2204 2016 2465 2073 Τοιοῦτον
2492 2020 2602 2075 τῶν
2628 2022 2974 2093 ἀγαπώντων
2998 2026 3060 2082 τὸ
3089 2028 3241 2094 ἔθος·
3296 2032 3476 2091 πάντα
3504 2036 3574 2091 τά
3602 2016 3710 2092 τῶν

2134 2106 2519 2181 ἀγαπωμένων
2551 2112 2853 2184 πράγματα
2876 2113 2947 2169 δι’
2986 2116 3167 2173 αὐτῶν
3201 2120 3461 2182 ἀνύεσθαι
3498 2123 3711 2195 βούλον-

2131 2217 2243 2345 ἶιέι,
2277 2201 2372 2256 καὶ
2401 2202 2569 2275 μηδὲν
2588 2206 2756 2279 χωρὶς
2784 2207 2967 2264 αὐτῶν
2990 2209 3254 2278 ἐκείνους,
3298 2214 3376 2289 μὴ
3408 2220 3605 2286 ποιεῖν,
3634 2221 3709 2293 μὴ

2193 2307 2331 2345 γειν.

2193 2307 2331 2361 γειν.

2212 2386 2276 2440 Ἦ
2313 2388 2416 2459 τῆς
2453 2390 2679 2464 ἀγάπης
2716 2392 2881 2463 φύσις
2928 2394 3093 2469 κόρον
3127 2398 3228 2454 οὐκ
3266 2395 3433 2471 οἶδεν,
3461 2404 3581 2461 ἀλλ’
3623 2407 3709 2463 ἀεὶ

2129 2478 2238 2571 τῶν
2269 2481 2655 2555 ἀγαπωμένων
2676 2484 3048 2557 ἀπολαύουσα,
3076 2490 3215 2563 πρὸς
3239 2493 3464 2565 μείζονα
3497 2498 3708 2571 αἴρεται

2128 2569 2323 2640 φλόγα.
2354 2572 2466 2627 Καὶ
2510 2572 2671 2628 τοῦτο
2694 2574 2724 2629 ὁ
2745 2574 2953 2647 ταύτης
2992 2577 3264 2653 τρόφιμος
3306 2582 3468 2649 είδὼς
3501 2569 3707 2654 Παῦλος

2127 2662 2315 2733 ελεγεν
2341 2680 2355 2696 ο
2397 2683 2418 2718 ι
2457 2666 2668 2737 Μηδενὶ
2708 2668 2878 2740 μηδὲν
2905 2670 3172 2740 ὀφείλετε,
3206 2676 3257 2728 εί
3287 2676 3362 2748 μὴ
3388 2678 3450 2733 τὸ
3490 2681 3706 2751 ἀγαπᾷν

2124 2755 2411 2826 ἀλλήλους.
2437 2776 2458 2811 ι
2481 2756 2653 2815 Τοῦτο
2675 2760 2784 2832 γὰρ
2804 2759 2866 2817 τὸ
2882 2761 3025 2836 δφλη
3032 2782 3109 2836 μα
3132 2765 3219 2821 ἀεὶ
3249 2767 3352 2840 μὶν
3375 2773 3706 2829 καταϐάλλει

2122 2867 2236 2918 ται,
2275 2851 2535 2907 οὐδέποτε
2572 2853 2629 2908 δὲ
2658 2854 2990 2912 ἀποδίδοται.
3037 2858 3303 2916 Ἐνταῦθα
3348 2863 3414 2918 τὺ
3445 2865 3703 2938 διηνεκῶς

2127 2941 2317 3015 ὀφλεῖν
2368 2944 2535 3001 καλὸν
2584 2947 2679 3001 καὶ
2705 2946 2943 3003 ἐπαίνων
2972 2948 3144 3016 ἀξιον.
3193 2952 3316 3008 Ἐπὶ
3341 2955 3445 3027 μὲν
3467 2957 3576 3032 γὰρ
3597 2960 3701 3016 τῶν

2123 3037 2446 3111 χρημάτων,
2476 3039 2606 3104 τοὺς
2639 3039 2806 3110 μηδὲν
2843 3040 3162 3111 ὀφείλοντας
3201 3047 3559 3123 ἐπαινοῦμεν,
3611 3053 3702 3108 επὶ

2120 3127 2177 3184 δὲ
2206 3130 2307 3201 τῆς
2330 3130 2575 3202 ἀγάπης,
2600 3136 2729 3200 τοὺς
2754 3135 3021 3207 διηνεκῶς
3049 3137 3369 3208 ὀφείλοντας
3397 3146 3699 3216 μακαρίζο-

2126 3240 2229 3295 μεν
2246 3240 2262 3257 ο
2288 3225 2383 3279 καὶ
2408 3227 2547 3299 ὅπερ
2573 3227 2968 3301 ἀγνωμοσύνης
2995 3230 3133 3297 ἐκεῖ,
3160 3231 3318 3287 τοῦτο
3350 3233 3585 3291 ἐνταῦθα
3608 3240 3700 3293 εύ-

2120 3316 2479 3391 γνωμοσύνης
2501 3320 2728 3392 σημεῖόν
2752 3323 2891 3390 ἐστι,
2913 3323 2975 3376 τὸ
3008 3321 3280 3396 μηδέποτε
3302 3324 3613 3386 διαλύεσθαι
3638 3332 3700 3386 τὸ

2118 3410 2220 3481 τῆς
2250 3411 2475 3484 ἀγάπης
2499 3412 2742 3489 ὄφλημα-

2198 3695 2258 3750 Ὀ
2290 3698 2666 3770 ἐπευξάμενος
2699 3701 2926 3773 είρῆνην
2955 3702 3151 3771 ἅπασι,
3187 3706 3284 3762 τὸν
3324 3709 3564 3783 πόλεμον
3590 3730 3696 3766 πα-

2118 3788 2226 3843 θῶν
2260 3788 2540 3857 ἐξέϐαλεν,
2572 3792 2673 3863 τὴν
2690 3794 2973 3866 ἁμαρτίαν
3005 3796 3117 3851 τῶν
3145 3799 3368 3855 ἀτόπων
3388 3800 3689 3875 λογισμῶν,

2115 3880 2217 3953 τὴν
2239 3885 2487 3954 ταραχὴν
2510 3884 2619 3936 τῶν
2646 3884 2974 3957 ἐπιθυμιῶν,
3008 3888 3109 3960 τὴν
3134 3888 3326 3963 ζάλην,
3351 3890 3423 3945 τὰ
3451 3894 3688 3964 κύματα,

2113 3968 2205 4022 τὸν
2231 3970 2496 4042 χειμῶνα,
2514 3973 2608 4026 καὶ
2630 3973 2852 4044 λιμένος
2877 3976 3206 4050 εὐδιωτέραν
3227 3980 3325 4051 τὴν
3360 3979 3539 4055 ψυχὴν
3568 4000 3693 4037 κατ-

2114 4059 2404 4128 εσκεύασε,
2439 4061 2540 4133 τὴν
2577 4064 2793 4134 μητέρα
2832 4063 2927 4117 καὶ
2967 4064 3156 4137 κοινὴν
3182 4068 3385 4140 τροφὸν
3418 4069 3529 4125 τῶν
3555 4071 3689 4139 ἀγα-

2115 4154 2224 4207 θῶν
2274 4155 2531 4210 ἀπάντων
2582 4158 2829 4228 εἰρήνην,
2876 4156 3017 4226 μετά
3057 4158 3260 4232 πολλῆς
3314 4162 3417 4235 τῆς
3457 4165 3691 4235 σπουδῆς

2114 4250 2193 4312 εἰς
2214 4248 2313 4321 τὴν
2361 4248 2541 4323 ψυχὴν
2572 4251 2683 4304 τῶν
2726 4250 3038 4323 δεξαμένων
3070 4252 3172 4325 τὴν
3217 4254 3448 4329 είρήνην
3486 4257 3691 4312 πιστῶν

2113 4358 2138 4393 ε
2148 4342 2445 4412 ίσαγαγὼν.

2184 4435 2356 4489 Ὠσπε
2364 4453 2397 4507 ρ
2418 4434 2566 4507 ψυχὴ
2586 4436 2720 4492 ἀνευ
2742 4438 2997 4511 σώματος
3018 4438 3307 4512 ἄνθρωπος
3336 4440 3397 4495 οὐ
3418 4440 3685 4509 καλεῖται,

429 4542 684 4599 corpore,
740 4542 921 4599 neque
967 4541 1171 4598 corpus
1210 4528 1330 4581 sine
1394 4526 1598 4593 anima,
1637 4524 1872 4580 hominis
1911 4540 2010 4579 no-

2128 4528 2224 4581 >ὺδ⁵
2249 4525 2318 4583 αὖ
2351 4530 2511 4599 σῶμα
2560 4530 2690 4586 ἀνευ
2723 4530 2923 4604 ψυχῆς,
2970 4532 3145 4599 οὕτως
3174 4535 3296 4590 οὐδὲ
3334 4536 3527 4608 ἀγάπη
3556 4536 3688 4607 πρὸς

429 4636 553 4680 men
582 4622 817 4685 obtinet,
847 4620 929 4676 sic
954 4633 1057 4674 nec
1081 4618 1328 4675 charitas
1344 4634 1473 4690 erga
1510 4618 1704 4684 Deum,
1735 4617 1840 4672 nisi
1870 4617 2004 4672 cha-

428 4720 645 4775 ritatem
695 4728 827 4787 erga
878 4711 1190 4783 proximum
1224 4712 1479 4767 comitem
1510 4710 1731 4771 haheat.
1762 4708 2009 4771 charitas

425 4808 657 4865 dicenda
690 4808 818 4863 erit.
852 4804 964 4860 Nec
1014 4819 1209 4859 rursus
1237 4803 1479 4858 Charitas
1511 4817 1640 4873 erga
1671 4802 2006 4872 proximum,

425 4901 718 4959 charitatis
766 4913 969 4955 nomen
1001 4897 1142 4953 tueri
1205 4896 1403 4966 possit,
1439 4894 1547 4950 nisi
1589 4894 1834 4950 Charitas
1877 4910 2006 4965 erga

425 4994 595 5051 Deum
658 4990 978 5047 accesserit.
1036 4987 1408 5055 Quamobrem
1458 4985 1704 5058 perfecta
1760 4986 2008 5042 charitas

426 5101 551 5143 raro
569 5083 803 5142 inveniri
838 5090 1036 5155 potest.

494 5176 691 5249 Ejuod.
717 5206 789 5220 —
827 5174 1157 5243 Quicunque
1195 5172 1364 5243 igitur
1412 5171 1481 5229 de
1529 5171 1713 5239 Patre,
1746 5180 1800 5227 et
1843 5171 2005 5241 Filio,

423 5279 481 5327 et
511 5268 723 5342 Spiritu
767 5274 965 5325 sancto
1016 5272 1169 5321 recte
1198 5269 1466 5327 sentiunt,
1497 5278 1563 5318 ac
1590 5270 1852 5334 praeterea
1882 5277 2005 5317 mu-

426 5374 575 5421 tuam
620 5362 764 5417 inter
817 5376 877 5416 se
909 5360 1262 5415 dilectionem
1312 5364 1559 5423 servant,
1608 5357 1665 5413 hi
1706 5356 2004 5427 perfectam

424 5455 752 5510 charitatem
814 5452 1045 5507 habent.
1099 5451 1358 5507 Charitas
1418 5449 1635 5505 Patrem
1685 5448 2002 5512 conﬁtetur,

425 5546 621 5602 Filium
683 5544 903 5609 adorat,
934 5542 1197 5613 Spiritum
1250 5549 1504 5597 sanctum
1541 5539 1831 5612 gloriﬁcat.
1864 5539 2007 5593 Cha-

426 5638 562 5693 ritas
610 5634 897 5691 Trinitatis
926 5633 1278 5689 concordiam
1333 5648 1438 5687 non
1479 5633 1713 5688 dirimit.
1744 5633 2005 5687 Charitas

424 5728 741 5801 angelorum
792 5728 1000 5784 sodalis
1029 5736 1133 5789 est,
1169 5727 1612 5796 patriarcharum
1640 5726 2000 5789 cellaittanea,

425 5820 806 5889 prophetarum
841 5822 1275 5886 contubernalis,
1334 5818 1653 5875 certaminis
1691 5829 1996 5888 martyrum

2110 4622 2267 4684 Θεὸν,
2306 4624 2404 4676 ἐὰν
2434 4623 2510 4695 μὴ
2539 4624 2639 4697 ἔχῃ
2681 4625 2979 4681 ἀκόλουθον
3014 4627 3111 4681 καὶ
3140 4627 3243 4700 τὴν
3269 4628 3405 4701 πρὸς
3434 4628 3526 4683 τὸν
3550 4630 3685 4700 πλη-

2113 4716 2226 4770 σίον
2255 4717 2499 4789 ἀγάπην,
2546 4719 2609 4772 οὐ
2645 4720 2907 4791 τυγχάνει
2958 4721 3152 4792 ἀγάπη
3171 4738 3185 4753 ’
3215 4721 3328 4778 οὐδ’
3355 4718 3424 4777 αὖ
3464 4722 3625 4777 πάλιν
3653 4723 3685 4795 ἡ

2113 4809 2250 4881 πρὸς
2271 4808 2365 4864 τὸν
2398 4812 2631 4881 πλησίον
2663 4813 2876 4886 ἀγάπη,
2899 4813 2995 4869 ὲάν
3020 4814 3098 4888 μὴ
3120 4814 3221 4887 ἔχη
3250 4816 3353 4888 τὴν
3377 4814 3515 4887 πρὸς
3537 4815 3681 4881 Θεὸν,

2112 4897 2172 4949 οὗ
2206 4899 2450 4951 καλεῖται
2480 4900 2692 4971 ἀγάπη.
2719 4902 2811 4956 Διὸ
2836 4904 3066 4960 σπάνιον
3094 4904 3244 4961 ἔστιν
3274 4906 3456 4978 εὕρεϊν
3476 4905 3684 4961 τελείαν

2112 4989 2357 5061 ἀγάπην.

2148 5169 2339 5222 ’Ὅσοι
2370 5167 2552 5222 τοίνυν
2603 5170 2902 5241 ὀρθοδόξως
2960 5174 3221 5246 φρονοῦσι
3284 5176 3417 5250 περὶ
3456 5177 3679 5252 Πατρδς,

2108 5260 2206 5313 καὶ
2236 5258 2389 5323 Υἱοῦ,
2418 5260 2516 5315 καὶ
2551 5261 2710 5330 ἀγίου
2745 5263 3088 5335 Πνεύματος,
3116 5268 3213 5322 καὶ
3243 5267 3345 5341 τὴν
3396 5270 3479 5335 είς
3524 5271 3680 5343 ἀλλή-

2107 5353 2231 5415 λους
2255 5351 2615 5421 φυλάττουσιν
2643 5355 2887 5425 ἀγάπην,
2906 5349 3055 5411 οὗτοι
3083 5358 3381 5433 κέκτηνται
3402 5363 3465 5417 τὸ
3483 5363 3681 5431 τέλειον

2107 5445 2208 5515 τῆς
2237 5445 2482 5515 ἁγάπης.
2528 5448 2745 5518 Ἀγάπη
2776 5450 2998 5523 Πατέρα
3040 5451 3317 5523 ὁμολογεῖ,
3351 5453 3480 5509 Υίδν
3520 5472 3681 5527 προσο

2108 5542 2287 5605 κυνεῖ,
2320 5542 2413 5594 καὶ
2444 5540 2506 5593 τὸ
2544 5541 2701 5611 ἅγιον
2730 5542 2956 5615 Πνεῦμα
2994 5544 3290 5613 δοξολογεί.
3334 5545 3422 5618 ιἏγ
3437 5553 3551 5621 ἀπη
3589 5550 3679 5621 τὴν

2109 5632 2430 5702 συμφωνίαν
2455 5635 2555 5704 τῆς
2579 5634 2809 5705 Τριάδος
2830 5635 2892 5709 οὐ
2919 5636 3144 5710 διαιρεῖ.
3187 5637 3403 5711 Ἀγάπη
3441 5641 3678 5711 ἀγγέλων

2109 5723 2360 5794 σύμϐιος,
2387 5728 2643 5799 πατέρων
2688 5729 3007 5803 σύντροφος,
3048 5733 3348 5806 προφητῶν
3396 5736 3673 5808 σύσκηνος,

2111 5818 2406 5892 μαρτύρων
2450 5822 2732 5887 σύναθλος,
2782 5824 3097 5881 ἀποστόλων
3125 5825 3410 5895 σύγχορος,
3450 5828 3667 5890 Ἐκκλη.
