4010 6302
373 312 497 378 1201

1627 334 1862 395 SACRA
1902 335 2347 400 PARALLELA

3491 347 3631 414 12οΞ

368 439 491 491 σιας
519 426 837 501 σύνδεσμος.
881 431 1096 506 Ἀγάπη
1133 436 1372 509 πόλεμον
1404 441 1503 494 οὐκ
1548 437 1714 511 οἶδεν,
1749 446 1934 521 ἐχθρὸν

2047 461 2256 513 comes,
2304 451 2685 520 apostolorum
2732 451 2886 509 chori
2912 454 3085 522 socia,
3120 456 3402 514 vinculum
3438 460 3628 523 Eccle-

365 517 464 572 οὐκ
512 518 649 590 ἔχει,
675 522 905 593 εἰρήνην
943 525 1259 595 πρεσὸεύει.
1293 529 1503 605 Ἀγάπη
1543 538 1799 604 φονικοὺς
1849 517 1942 592 θυ-

366 609 804 705 μοὺςᾉπραύνει,
845 615 1098 685 λογικοὺς
1144 619 1308 686 λαοὺς
1360 626 1640 697 σεμνύνει.
1719 630 1936 705 Ἀγάπη

363 703 424 758 ἑν
464 697 545 774 τῷ
577 704 799 799 κόσμωᾼ
824 708 900 799 μὴ
936 710 1208 781 χωροῦσα,
1254 716 1347 769 καὶ
1376 718 1435 772 ὲν
1480 725 1710 794 ταπεινῇ
1743 697 1943 799 καρδία

361 791 720 848 κατοικοῦσα.
758 795 974 871 ’Δγάπη
1028 801 1248 871 μέλιτος
1288 806 1385 861 καὶ
1422 791 1708 878 γάλακτος*
1735 791 1939 882 γλυκνί

361 882 517 975 ripa,
545 884 580 956 ἠ
610 885 686 959 μὴ
719 887 883 958 μόνον
912 891 971 946 ιν
1014 890 1093 964 τῷ
1137 896 1367 965 στόματι
1403 898 1466 953 τὸ
1499 901 1671 969 γλυκὺ
1718 903 1938 975 ἔχουσα,

359 973 497 1030 ἀλλά
537 978 605 1030 ὲν
661 977 739 1050 τῷ
781 978 940 1053 βάθει
984 982 1088 1057 τῆς
1135 987 1363 1058 καρδίας
1404 990 1593 1063 τδ·ἠδὺ
1651 973 1938 1068 κέκτηται.

374 1067 592 1161 ᾎγάπη
633 1071 667 1141 ἠ
721 1071 943 1128 πάντων
974 1076 1217 1150 ἁρμογὴ,
1250 1079 1320 1133 δι’
1376 1076 1447 1157 ἧς
1501 1067 1940 1161 συνέστηκείμὲν

359 1159 431 1213 τά
462 1160 707 1231 ἐπίγεια,
754 1162 907 1232 aliis:
937 1167 994 1222 δὲ
1025 1169 1096 1224 τὰ
1141 1170 1387 1245 οὐράνια.
1419 1175 1654 1248 Ἀτάπη.
1701 1159 1772 1234 δι’
1801 1159 1869 1254 ἢν
1911 1185 1941 1237 ό

360 1249 496 1315 Θεδς
516 1252 609 1307 τὸν
634 1254 833 1310 ἑαυτοῦ
861 1258 991 1312 Υἰὸν
1011 1261 1331 1319 ἀπέστειλεν
1346 1267 1427 1331 εἰς
1453 1269 1547 1322 τὸν
1572 1260 1779 1345 κόσμον
1802 1249 1941 1348 ύπὲρ

362 1344 556 1435 ὴμῶν’
590 1345 734 1402 ὥστε
763 1349 856 1405 τὸν
890 1350 1021 1406 Υἰδν
1047 1353 1216 1411 αὑτοῦ
1266 1358 1360 1413 τὸν
1414 1344 1691 1435 μονογενῆ
1736 1344 1939 1423 ἔδωκεν

361 1432 569 1530 εἰςΔτὺν
597 1439 806 1512 κόσμον
832 1442 974 1516 ὑπὲρ
1029 1447 1208 1518 ἡμῶν.
1262 1449 1477 1525 ’Δηιάπη
1516 1455 1583 1509 τὰ
1621 1432 1791 1530 ζεύγη
1832 1461 1940 1515 τῶν

360 1525 611 1621 ἀρότρων
640 1532 963 1606 όμοφρόνως
1000 1536 1081 1609 τῷ
1117 1539 1262 1613 ξύλῳ
1285 1543 1378 1597 τοῦ
1418 1551 1656 1621 σταυροῦ
1705 1525 1940 1617 ὑπεζευ-

361 1619 481 1716 ξεν·
509 1623 791 1716 κινδύνους
826 1628 885 1681 δὲ
912 1632 1056 1687 κατά
1079 1634 1183 1705 γῆν
1214 1636 1307 1689 καὶ
1330 1619 1609 1697 θάλασσαν
1644 1645 1938 1716 ὑπομένειν

361 1710 643 1781 ἐδίδαξεν.
690 1715 903 1806 Ἀγάπη
969 1723 1256 1798 μάρτυρας
1315 1730 1548 1795 τελειοῖ.
1603 1710 1939 1806 ἀποστόλους

2046 541 2160 595 site.
2220 541 2480 599 Charitas
2530 545 2729 600 bellum
2792 548 2999 609 nescit.
3025 548 3187 605 hoste
3216 561 3393 616 caret,
3430 568 3617 623 pacem

2043 632 2329 690 conciliat.
2380 634 2635 694 Charitas
2679 635 2924 694 furentes
2964 637 3018 694 in
3048 640 3250 696 eaedem
3281 644 3497 699 animos
3520 645 3624 699 mi-

2044 723 2206 795 tigat,
2236 725 2451 781 ratione
2488 726 2749 797 praeditos
2801 729 3035 801 populos
3080 744 3333 787 exornat.
3368 734 3619 792 Charitas

2042 816 2200 885 cujus
2246 832 2421 888 capax
2448 834 2556 875 non
2597 830 2683 875 est
2706 821 2965 886 mundus,
2991 823 3043 876 in
3074 822 3267 878 humili
3307 826 3476 881 corde
3504 827 3608 881 do-

2044 907 2309 963 micilium
2330 907 2521 966 habet.
2542 908 2797 968 Charitas
2840 912 2997 968 melle
3023 916 3218 984 quovis
3238 924 3292 971 ct
3320 917 3458 973 laete
3493 916 3618 973 dul-

2042 1001 2167 1057 cior
2197 1009 2282 1059 est
2312 1019 2341 1056 :-
2359 1001 2634 1073 siquidem
2689 1003 2782 1060 illa
2841 1020 2951 1059 non
2986 1006 3040 1061 in
3077 1022 3173 1063 ore
3194 1008 3396 1072 solum.
3427 1028 3615 1066 verum

2042 1092 2213 1149 etiam
2248 1092 2303 1149 in
2333 1093 2530 1151 intimo
2568 1104 2791 1166 pectore
2841 1096 3184 1155 dulcedinem
3210 1099 3395 1175 habet.
3427 1098 3623 1157 Chari-

2040 1192 2126 1241 tas
2176 1184 2424 1240 omnium
2492 1202 2678 1243 rerum
2730 1202 3027 1261 compages
3069 1200 3152 1247 est
3190 1209 3203 1246 :
3236 1207 3334 1262 per
3370 1208 3534 1264 quam
3564 1204 3633 1251 et.

2040 1284 2259 1332 terrena
2307 1277 2605 1346 cohaerent,
2662 1289 2717 1336 et
2742 1281 2987 1337 emlestia
3040 1275 3438 1339 incrementum
3474 1287 3621 1341 acci-

2040 1370 2224 1440 piunt.
2267 1369 2527 1429 Charitas
2577 1372 2696 1444 ipsa
2750 1380 2857 1439 est,
2922 1373 2992 1429 ob
3023 1390 3190 1446 quam
3248 1377 3390 1432 Deus
3415 1376 3614 1432 Filium

2040 1477 2202 1517 suum
2224 1463 2391 1538 misit
2424 1464 2480 1519 in
2524 1467 2789 1521 mundum
2822 1481 2836 1519 :
2869 1466 2944 1522 ita
2975 1474 3032 1522 ut
3067 1466 3264 1522 Filium
3299 1488 3457 1526 suum
3496 1473 3615 1526 uni-

2040 1556 2287 1625 genitum
2338 1558 2395 1612 in
2448 1558 2712 1614 mundum
2766 1576 2867 1631 pro
2910 1561 3069 1618 nobis
3097 1563 3330 1619 dederit.
3361 1563 3616 1621 Charitas

2040 1648 2208 1703 aratri
2233 1649 2365 1722 juga
2398 1652 2581 1709 crucis
2632 1652 2779 1727 ligno
2804 1656 3099 1710 concordia
3156 1656 3410 1728 subjecit,
3448 1666 3501 1714 et
3521 1674 3617 1729 pe-

2039 1740 2217 1797 ricula
2248 1749 2397 1823 terra
2428 1744 2679 1817 marique
2728 1747 2919 1804 subire
2953 1747 3162 1805 docuit.
3191 1748 3449 1807 Charitas
3468 1758 3610 1806 mar.

362 1807 640 1914 στεφρινοτ.
670 1802 884 1884 ’Δγάπη
916 1812 1095 1881 ἄλλον,
1120 1816 1195 1881 ὡς
1221 1819 1414 1877 ἑαυτὸν
1441 1824 1563 1896 ὁρᾷ,
1595 1828 1695 1882 καὶ
1721 1830 1788 1883 τὰ
1828 1799 1934 1888 ἴδια

2039 1840 2188 1908 tyres
2229 1814 2468 1905 perficit,
2492 1799 2699 1894 corjona
2758 1839 2981 1897 redimit
3026 1843 3330 1914 apostolos.
3364 1845 3617 1903 Charitas

362 1896 520 1949 κοινὰ
550 1898 719 1954 πᾶσιν
755 1902 998 1973 ἡγεῖται.
1038 1906 1256 1981 ’Δγάπη
1282 1910 1383 1983 τὴν
1417 1912 1626 1972 ἔνδειαν
1663 1919 1761 1974 τοῦ
1800 1923 1934 1995 πλη-

2037 1896 2354 1999 proximum
2410 1929 2564 1987 velut
2616 1932 2859 2003 seipsum
2900 1896 3219 2001 contuetur,
3274 1951 3339 1991 ac
3391 1937 3637 2010 propria

364 1986 479 2086 σίον
506 1990 784 2064 μέριμναν
813 1995 953 2051 ἰδίαν
979 1998 1216 2071 τίθησιν.
1254 2002 1468 2079 ’Λγάπη
1509 2010 1698 2083 κοινὴν
1726 1986 1936 2086 τράπε-

363 2076 465 2146 ζαν
492 2085 657 2138 πᾶσιν
688 2085 831 2161 ἰστᾷ,
858 2091 1096 2163 πλουσίῳ
1124 2109 1183 2147 τε
1216 2095 1308 2148 καὶ
1338 2076 1555 2170 πένητι,
1586 2076 1735 2177 σοφῷ
1750 2076 1809 2160 τε
1840 2109 1937 2165 xei.

366 2173 579 2249 ἰδιώτῃ.
613 2177 828 2251 Ἀγάπη
858 2182 957 2255 τὴν
998 2189 1457 2263 πεπικρασμένην
1504 2195 1684 2269 ψυχὴν
1705 2173 1941 2268 γλυκαί-

362 2283 465 2334 νει,
494 2270 591 2339 τὴν
612 2271 982 2348 τεθλιμμένην
1001 2278 1320 2351 θεραπεύει,
1343 2284 1442 2357 τὴν
1458 2296 1935 2371 τεταπεινωμένην

368 2360 693 2461 ἀναθάλλειν
740 2370 902 2425 ποιεῖ.
961 2371 1173 2447 ’Ᾱγάπη
1213 2378 1477 2437 ἄσϐεστον
1519 2360 1778 2456 λαμπάδα
1834 2360 1936 2461 της

363 2452 666 2552 ¹παρθενίας
697 2461 1007 2535 περιφέρει,
1036 2469 1131 2522 καὶ
1156 2470 1279 2537 τοὺς
1313 2473 1477 2541 ἰδίους
1511 2452 1933 2552 περιεργάζεται

364 2543 625 2644 ζητοῦσα.
646 2551 880 2644 ΔἈγάπη
897 2643 902 2644 7
920 2557 1021 2623 τὰς
1046 2560 1148 2634 τῆς
1178 2562 1460 2636 βασιλείας
1504 2543 1689 2643 θύρας.
1703 2543 1933 2644 ἀνοίγει,

362 2634 608 2702 καὶτοὺς
642 2639 701 2695 ἑν
731 2643 917 2717 σεμνῷ
946 2648 1111 2723 γάμῳ
1144 2634 1394 2725 βιοῦντας
1430 2634 1693 2716 εἰσελθεῖν
1727 2665 1791 2719 ού

360 2725 501 2784 λύει.
538 2728 752 2825 ’θγάπη
782 2737 883 2809 τὴν
915 2738 1291 2817 ἐλεημοσύνην
1328 2747 1492 2817 φιλεῖ,
1527 2752 1623 2806 καὶ
1657 2751 1736 2825 τῷ
1762 2754 1938 2811 ταῦτα

360 2822 617 2921 γεωργῷΔ
645 2827 945 2921 στεφάνους
997 2840 1330 2907 χρυσαυγεῖς
1376 2841 1680 2915 ἑτοιμάζει.
1707 2822 1939 2921 ἺἈγάπην

361 2911 750 2988 ὑπερηφάνους
775 2921 873 2977 οὐκ
900 2917 1061 2993 οἶδεν,
1090 2933 1380 2999 ταπεινοὺς
1415 2934 1473 2988 δὲ
1495 2911 1735 3005 δοξάζει.
1769 2911 1934 3012 ’Ᾰγάλ

361 3024 440 3079 πη
479 3011 811 3083 κακολογίαν
840 3015 1055 3089 φεύγει,
1089 3021 1339 3093 εὐλογίαν
1362 3025 1421 3079 δὲ
1449 3027 1685 3099 στέργει.
1718 3033 1934 3107 Ἀγάπη

359 3100 532 3197 ἄνδρα
576 3105 682 3197 καὶ
737 3112 975 3178 γυναῖκα
1033 3113 1197 3186 γάμῳ
1255 3120 1627 3189 συναφθέντας
1688 3100 1935 3197 ὁμονοεῖν

361 3192 744 3285 συμϐουλεύει,
778 3201 1109 3275 χωρίζεσθαι
1149 3206 1206 3261 δὲ
1239 3209 1335 3263 ἀπ’
1393 3211 1637 3285 ἀλλήλων
1680 3192 1932 3274 ούδέποτε

360 3283 526 3342 θέλει.
563 3288 779 3365 ’Δγάπη
822 3295 950 3360 τοὺς
991 3299 1237 3370 πατέρας
1270 3302 1453 3372 φιλεῖν
1478 3283 1545 3360 τά
1591 3308 1758 3364 τέκνα
1797 3330 1935 3384 προσ-

359 3378 647 3451 τρέπεται,
682 3385 779 3440 καὶ
807 3387 876 3440 τά
905 3386 1068 3443 τέκνα
1094 3391 1364 3449 δουλεύειν
1393 3395 1470 3458 ὡς
1500 3398 1791 3467 δεσπόταις
1820 3408 1935 3469 τοῖς

359 3470 630 3540 γονεῦσιν.
650 3474 865 3550 Ἀγάπη
894 3481 1022 3545 τοὺς
1040 3482 1306 3550 δεσπότας
1327 3486 1625 3561 ἐλεήμονας
1639 3488 1779 3549 εἰναι
1798 3496 1935 3569 πρὸς

355 3562 487 3627 τοὺς
508 3564 728 3633 οἰκέτας
749 3571 1081 3641 παρακαλεῖ,
1113 3575 1207 3630 καὶ
1235 3579 1360 3644 τοὺς
1394 3581 1612 3649 οἰκέτας
1638 3562 1936 3660 ὑπουργεῖν

360 3654 477 3720 τοῖς
509 3653 804 3726 δεσπόταις
826 3661 1031 3731 ἀδόλως
1051 3670 1329 3741 παραινεῖ.

431 3948 934 4051 ἰῐολλαχόις-ἀγάπη
958 3964 1180 4032 νοεῖται,
1207 3964 1296 4024 διὰ
1324 3969 1654 4046 πραότητος,
1676 3974 1768 4032 διὰ
1798 3994 1935 4051 χρη·

361 4040 640 4141 στότητος,
676 4046 746 4100 δι’
780 4049 1079 4124 ὑπομονῆς,
1107 4056 1196 4114 διὰ
1239 4040 1649 4130 ἀφθονίαςτκα).⁷
1672 4040 1926 4141 ἀζηλίας,

357 4132 428 4187 δι’
457 4134 883 4208 ἀμνησικακίας.
932 4145 1255 4222 ’Δμέριστός
1295 4154 1442 4210 ἐστιν
1482 4158 1541 4212 ὲν
1571 4159 1731 4226 πᾶσι,
1767 4132 1935 4219 ’ἀδιάλ

359 4240 548 4295 κριτος
578 4234 898 4306 κοινωνική.

2040 2032 2304 2094 tanquam
2360 2024 2625 2081 omnibus
2648 2026 2967 2083 communia
3021 2027 3327 2110 existimat.
3363 2029 3630 2086 Charitas

2036 2124 2340 2187 egestatem
2416 2117 2649 2188 proximi
2701 2118 3092 2177 sollicitudinis
3141 2114 3255 2177 sua:
3289 2120 3451 2178 finem
3505 2129 3617 2178 sta-

2039 2208 2169 2265 tuit.
2205 2206 2463 2269 Charitas
2485 2224 2834 2268 communem
2866 2212 3132 2270 omnibus
3160 2228 3409 2272 mensam
3427 2213 3613 2286 ponit;

2038 2301 2145 2358 hoc
2203 2309 2309 2368 est,
2363 2310 2477 2357 tam
2545 2302 2725 2368 diviti,
2757 2319 2922 2377 quam
2969 2306 3223 2378 pauperi,
3252 2314 3363 2363 tam
3422 2307 3623 2371 docto,

2033 2408 2198 2464 quam
2228 2393 2472 2450 indocto.
2504 2394 2756 2454 Charitas
2818 2397 3198 2454 exacerbatum
3231 2398 3473 2454 animum
3506 2398 3611 2453 mi-

2037 2488 2192 2558 ligat.
2245 2501 2569 2558 oppressum
2612 2486 2832 2557 delinit,
2867 2490 3139 2562 dejectum
3175 2490 3360 2563 erigit,
3382 2506 3451 2547 ac
3470 2491 3614 2547 vire-

2036 2587 2282 2636 sccntem
2329 2580 2528 2637 reddit.
2579 2582 2837 2640 Charitas
2899 2584 3399 2657 inexstinguihilem
3446 2584 3613 2656 virgi-

2036 2670 2226 2727 nitatis
2276 2670 2581 2745 lampadem
2641 2674 3052 2747 circumgestat,
3082 2691 3147 2731 ac
3175 2690 3390 2732 summo
3430 2675 3613 2731 studio

2036 2762 2312 2833 conquirit
2377 2780 2532 2823 suos.
2584 2766 2841 2824 Charitas
2905 2767 3056 2839 regni
3118 2779 3305 2839 portas
3333 2766 3613 2839 aperit.et

2036 2870 2132 2911 cos
2180 2856 2277 2921 qui
2335 2858 2568 2915 honesto
2623 2858 2908 2915 connubio
2953 2860 3168 2926 vivunt,
3212 2861 3465 2933 ingressu
3496 2875 3607 2917 non

2036 2958 2207 3007 arcet.
2268 2951 2523 3011 Charitas
2572 2954 2979 3027 eleemosynam
3036 2961 3204 3020 amat,
3234 2963 3288 3011 et
3319 2954 3613 3010 rutilantes

2038 3057 2175 3099 auro
2230 3060 2467 3103 coronas
2515 3061 2616 3104 suo
2666 3046 2864 3104 cultori
2901 3053 3078 3117 parat.
3128 3045 3386 3102 Charitas
3432 3046 3613 3104 nescit

1963 3154 2009 3215 ο
2039 3136 2334 3208 superbos,
2382 3138 2623 3195 humiles
2673 3138 2931 3195 honorat.
2969 3137 3223 3197 Charitas
3272 3137 3611 3194 maledicen-

2038 3225 2170 3282 tiam
2226 3227 2394 3300 fugit,
2447 3228 2899 3286 benedicentiam
2931 3229 3306 3301 amplexatur.
3347 3228 3610 3287 Charitas

2037 3318 2211 3375 virum
2269 3330 2324 3378 et
2352 3323 2636 3379 mulierem
2668 3322 2932 3379 connubii
2978 3336 3125 3377 nexu
3183 3320 3470 3392 copulatos
3506 3318 3609 3375 ad-

2036 3418 2224 3467 monet
2272 3422 2333 3467 ut
2364 3414 2724 3469 concordiam
2756 3413 2962 3478 colant,
2996 3428 3099 3468 nec
3126 3412 3241 3466 vult
3271 3411 3343 3467 ab
3374 3409 3609 3466 invicem

2035 3501 2273 3576 sejungi.
2312 3484 2568 3563 Charitas
2594 3512 2800 3577 patres,
2822 3512 2883 3561 ut
2911 3512 3093 3561 ament
3128 3502 3289 3569 ﬁlios,
3319 3503 3608 3560 hortatur:

2036 3592 2179 3652 ﬁlios
2202 3604 2404 3665 autem,
2432 3596 3035 3673 utpatrib‘ustanqnam
3068 3595 3307 3653 dominis
3339 3595 3606 3654 serviant.

2034 3687 2291 3745 Charitas
2327 3688 2587 3748 dominos
2642 3698 2802 3765 rogat
2842 3699 2902 3747 ut
2956 3689 3152 3749 faciles
3184 3706 3244 3747 se
3287 3696 3346 3747 et
3398 3690 3612 3747 miseri-

2034 3780 2230 3837 cordes
2292 3779 2515 3841 famulis
2547 3784 2834 3856 praebeant
2866 3802 2881 3841 :
2919 3799 2985 3840 ac
3040 3799 3237 3841 rursus
3268 3798 3459 3841 servos
3490 3798 3609 3839 mo-

2035 3879 2131 3928 net
2176 3880 2239 3929 ut
2267 3872 2419 3931 heris
2446 3876 2566 3933 suis
2604 3878 2726 3933 sine
2755 3876 2886 3933 fuco
2909 3892 2972 3935 ac
3000 3876 3195 3934 fraude
3228 3876 3496 3934 serviant.

2101 3963 2265 4037 356
2282 3965 2449 4022 Clem.
2483 3968 2639 4025 Alcm.
2669 3985 2706 4025 ll
2732 3970 2937 4027 Strom.
2958 3999 3028 4011 -
3057 3969 3244 4026 Multis
3264 3967 3448 4025 modis
3473 3967 3609 4023 cha-

2034 4054 2169 4112 ritas
2186 4059 2540 4131 perspicitur,
2566 4062 2826 4119 nimirum
2855 4078 2953 4135 per
2985 4063 3292 4129 lenitatem,
3328 4076 3426 4133 per
3453 4061 3608 4116 beni-

2033 4150 2322 4220 gnitatem,
2360 4168 2457 4223 per
2489 4155 2829 4226 patientiam,
2855 4170 2953 4226 per
2976 4154 3142 4210 animi
3166 4153 3507 4209 aﬂ‘ectionem
3538 4152 3610 4207 ab

2032 4241 2181 4295 omni
2235 4242 2408 4300 livore
2468 4254 2522 4301 et
2552 4245 2762 4301 invidia
2829 4246 3079 4311 liberam,
3138 4260 3237 4316 per
3266 4243 3606 4302 oblivionem

2032 4333 2383 4403 iniuriarum.
2422 4337 2663 4410 Simplex
2714 4346 2798 4396 est
2842 4339 2899 4395 in
2931 4338 3211 4406 omnibus,
3243 4344 3299 4394 et
3330 4337 3453 4394 sine
3490 4336 3608 4391 dis-

2032 4428 2263 4487 crimine
2289 4434 2678 4489 communicat.

430 4482 643 4554 Τρισσά
669 4487 785 4561 εἴδη
841 4491 1023 4562 φιλίας
1075 4494 1464 4574 διδασκόμεθα,
1498 4507 1593 4562 καί
1638 4508 1842 4565 τούτων
1874 4514 1934 4568 τὸ

2112 4519 2255 4575 Ibid.
2281 4553 2351 4565 —
2386 4525 2516 4579 Tria
2576 4540 2701 4581 esse
2730 4522 2987 4579 amicitia
3015 4537 3221 4594 genera
3254 4520 3552 4577 didicimus
3586 4536 3601 4575 :

361 4574 462 4680 μεν
498 4580 715 4650 πρῶτον
748 4584 843 4639 καὶ
881 4585 1127 4657 ἄριστον,
1160 4594 1217 4647 τὸ
1272 4599 1390 4651 κατ’
1440 4600 1642 4674 ἀρετήν
1668 4619 1683 4635 ο
1723 4607 1930 4680 στερρὰ

357 4668 525 4769 γάρή
649 4674 810 4769 λόγου
853 4679 1074 4755 ἀγάπη·
1113 4686 1172 4739 τὸ
1201 4686 1260 4741 δὲ
1304 4668 1557 4764 δεύτερον
1591 4668 1686 4751 καὶ
1742 4668 1930 4769 μέσον,

356 4758 418 4811 τὸ
448 4763 569 4814 κατ’
598 4764 833 4840 ἀμοιϐήν
853 4785 869 4801 ο
893 4776 1209 4831 κοινωνικὸν
1228 4777 1409 4848 τοῦτο,
1432 4784 1524 4836 καὶ
1555 4789 1929 4859 μεταδοτικὸν,

356 4852 455 4946 καὶ
489 4854 751 4927 βιωφελές
772 4878 786 4893 ·
828 4865 983 4937 κοινὴ
1009 4867 1118 4938 γὰρ
1151 4870 1532 4944 ἡεύχὰριστος
1556 4852 1728 4946 φιλία.
1768 4881 1840 4934 Τὸ
1873 4852 1929 4936 δὲ

358 4942 591 5042 ὕστατον
613 4950 709 5004 καὶ
742 4954 943 5024 τρίτον,
991 4959 1155 5030 ἡμεῖς
1182 4942 1299 5032 μὲν
1320 4942 1381 5017 τί)
1409 4966 1473 5020 ἐκ
1506 4942 1793 5040 συνηθείας
1822 4990 1927 5042 φα-

360 5037 483 5110 μὲν,
512 5042 561 5096 οἰ
598 5042 655 5098 δὲ
681 5044 943 5120 Ἕλληνές
988 5068 1142 5121 φασι,
1190 5054 1250 5108 τὸ
1295 5057 1421 5111 καθ’
1464 5037 1659 5134 ἡδονὴν
1695 5037 1928 5136 τρεπτὸν

356 5136 453 5190 καὶ
485 5139 843 5213 μετάὗλητον.
878 5144 1088 5201 Ούκοῢν
1120 5148 1155 5219 ἡ
1193 5148 1297 5221 μέν
1340 5149 1425 5215 τίς
1477 5152 1593 5207 ἐστι
1637 5136 1925 5229 φῆοσόφου

357 5230 532 5302 φιλία,
564 5235 600 5306 ἠ
626 5233 684 5288 δὲ
718 5236 1030 5311 ἀνθρώπου,
1056 5243 1088 5314 ἡ
1118 5242 1175 5295 δὲ
1205 5242 1371 5309 ζώου.

2039 4627 2277 4682 quorum
2340 4614 2578 4684 primum
2633 4624 2687 4670 et
2753 4614 3370 4686 praestantissimumin
3401 4613 3605 4667 virtute

2039 4707 2277 4776 positum
2311 4718 2415 4764 est.
2446 4706 2630 4763 Fit-ma
2661 4707 2863 4780 quippe
2906 4707 3130 4763 dilectio
3162 4712 3271 4770 est,
3312 4720 3478 4776 quam
3512 4719 3604 4759 ra-

2036 4800 2116 4853 tio
2169 4802 2450 4855 conciliat.
2488 4800 2803 4858 Seeundnm
2853 4809 2908 4856 et
2940 4800 3208 4865 medium,
3242 4798 3388 4852 ineo
3422 4812 3603 4852 versa-

2037 4898 2147 4956 tur,
2183 4900 2243 4945 ut
2276 4892 2418 4948 inter
2453 4909 2555 4950 nos
2610 4894 2860 4951 vi'eissim
2899 4892 3391 4949 communicenms.
3428 4890 3605 4960 Atque

2038 4982 2144 5038 hoc
2198 5000 2419 5055 quoque
2471 4986 2695 5041 liberale
2721 4996 2828 5052 est,
2858 4985 3185 5048 beneficum,
3216 4991 3383 5053 atque
3415 4982 3481 5035 ad
3520 4980 3603 5034 vi-

2034 5085 2143 5132 tam
2181 5079 2439 5135 tuendam
2459 5080 2616 5136 utile.
2650 5081 2974 5136 Communis
3001 5076 3206 5151 qnippe
3231 5085 3316 5135 est
3338 5076 3597 5141 amicitia,

2032 5167 2431 5228 beneficiorum
2463 5188 2692 5228 memor.
2721 5170 2974 5229 Tertium
3008 5186 3087 5237 ac,
3111 5182 3474 5241 pcatremum,
3500 5182 3602 5223 nos

1939 5286 1943 5292 -
2035 5262 2258 5332 quidem
2297 5264 2352 5319 id
2380 5265 2525 5337 quod
2560 5265 2965 5321 consuetudine
3012 5262 3382 5325 contrahitur,
3414 5259 3600 5330 appel-

357 5334 535 5389 lamus
570 5351 583 5388 :
617 5334 850 5404 gentiles
882 5353 1014 5392 vero
1060 5338 1112 5394 id
1147 5339 1292 5410 quod
1330 5339 1650 5398 delectabile
1706 5350 1811 5410 est,
1884 5345 2089 5407 fluxum
2164 5364 2220 5410 et
2290 5334 2574 5415 mutabile.
2635 5357 2905 5425 Quocirca
2966 5355 3139 5426 prima
3194 5355 3283 5409 illa
3360 5351 3601 5408 amicitia

354 5428 669 5501 philosophi
698 5436 803 5496 est,
844 5430 1014 5487 altera
1044 5432 1307 5498 hominis,
1327 5435 1493 5491 tertia
1521 5435 1691 5491 bruti.

422 5528 503 5586 Τὸ
556 5532 779 5601 ἀγαπᾷν
822 5531 951 5595 τοὺς
980 5532 1229 5604 ἐχθροὺς,
1263 5534 1363 5587 οὐκ
1404 5534 1625 5607 ἀγαπᾷν
1667 5537 1728 5591 τὸ
1760 5538 1929 5592 κακὸν

354 5627 526 5699 λέγει,
553 5627 675 5682 οὐδὲ
703 5626 980 5694 ἀσέϐειαν,
1019 5628 1139 5682 οὐδὲ
1169 5630 1435 5700 μοιχείαν,
1473 5629 1505 5701 ἢ
1538 5630 1765 5703 κλοπὴν,
1791 5632 1929 5687 ἀλλά

355 5722 448 5778 τὸν
477 5721 741 5793 κλέπτην,
771 5724 866 5777 κιιί¹
893 5724 985 5778 τὸν
1020 5724 1237 5796 μοιχόν·
1279 5724 1340 5778 οὐ
1372 5725 1494 5779 καθ’
1532 5725 1560 5786 ὃ
1602 5727 1924 5797 ἁμαρτάνει,

359 5812 455 5872 καὶ
481 5814 545 5886 τῇ
578 5815 710 5887 ποιᾷ
750 5813 1001 5888 ἐνεργείᾳ
1042 5803 1259 5889 μολύνει
1310 5816 1407 5888 τὴν
1438 5815 1726 5889 ἀνθρώπου
1759 5834 1926 5889 προσ-

2108 5539 2383 5611 Ejusdem,
2416 5540 2511 5596 lib.
2553 5557 2627 5598 Iv.
2660 5539 2869 5595 —l)um
2900 5537 3183 5610 Scriptura
3209 5548 3395 5591 amare
3415 5532 3600 5588 inimi-

2035 5648 2132 5687 cos
2187 5632 2360 5702 jubet,
2414 5648 2521 5687 non
2587 5634 2688 5688 hoc
2728 5632 2863 5698 vult,
2910 5639 2969 5703 ut
3004 5630 3206 5685 malum
3239 5641 3508 5690 amemus,
3540 5632 3601 5681 ut

2037 5726 2393 5796 impietatem,
2446 5736 2504 5781 ut
2544 5725 2901 5792 adulterium,
2965 5731 3059 5780 aut
3114 5723 3357 5788 furtum;
3393 5720 3491 5777 sed
3539 5728 3599 5774 ut

2036 5818 2210 5876 furem
2266 5826 2320 5871 et
2352 5818 2658 5875 adulterum
2697 5834 2849 5875 :non
2914 5828 3185 5890 quatenus
3229 5822 3437 5886 peccat,
3467 5811 3600 5869 etin
