4010 6302
466 302 596 371 ιεοτ

1650 285 1713 341 S.
1743 279 2063 341 JUAL‘tNlb
2105 278 2536 339 DAMASCENI

3593 276 3738 340 1208

466 418 585 477 ΠΤ.
674 414 811 469 XXI.
846 439 913 451 --
946 403 1019 461 De
1052 402 1279 460 subditis
1313 419 1330 459 :
1361 397 1523 477 quod.
1561 396 1863 477 praefectis.
1925 393 2037 477 suis

2180 394 2326 477 'I'i‘A.
2364 392 2738 477 ιςΑν.-ῃε,οι
2779 391 3167 477 (ἐρχομένων
3214 392 3306 477 ὅτι
3346 391 3464 477 χρὴ
3505 392 3735 477 αὐτοὺς

527 466 763 560 pareret
787 495 833 538 et
872 495 1070 534 morem
1109 490 1289 560 gerere
1315 511 1330 537 ,
1374 466 1447 555 ος
1488 467 1742 524 decedere
1778 466 2041 530 debeant,

523 542 730 629 eosque.
745 554 1027 615 honorare,
1060 542 1152 603 nec
1174 542 1456 601 reluctari.

535 693 703 748 Exod.
739 705 876 752 sxu,
904 685 999 742 28.
1034 713 1104 727 —-
1138 703 1157 734 ι
1193 680 1310 736 Diis
1349 693 1459 734 non
1491 675 1777 738 detrahas,
1806 683 1860 729 et
1894 671 2048 744 prin-

465 790 568 860 cipi
598 783 781 856 populi
819 780 896 839 tui
927 793 1037 835 non
1064 775 1384 831 maledicos.
1416 789 1435 824 ι

527 857 632 935 Job
687 890 871 939 xxxiv,
898 872 985 927 t8.
1014 899 1086 911 -—
1118 887 1138 922 ι
1173 868 1381 938 Impius
1411 871 1516 926 est,
1561 861 1656 933 qui
1704 857 1992 930 dicitregi
2022 875 2037 913 :

457 976 650 1044 Inique
679 970 817 1042 agis.
861 964 1103 1036 Impius,
1161 961 1254 1032 qui
1305 974 1417 1015 non
1456 956 1733 1013 reveritus
1776 952 1943 1008 fuerit
1973 951 2051 1006 fa-

463 1069 601 1126 ciem
630 1061 999 1127 honorahilis,
1032 1072 1133 1115 nec
1157 1056 1422 1111 honorem
1457 1051 1539 1107 eis
1563 1049 1781 1105 deferre
1804 1045 1979 1103 novit.
2025 1064 2046 1098 ι

537 1160 715 1215 Esaia.
740 1174 797 1224 ε,
833 1156 926 1211 9.0.
956 1183 1027 1195 -—
1053 1171 1073 1204 ι
1109 1150 1168 1206 ιιι
1198 1146 1427 1205 scientia
1466 1152 1559 1198 tua
1602 1158 1671 1198 ne
1694 1137 2050 1197 maledixeris

462 1254 673 1327 τιθεῖ,οι
697 1252 751 1307 in
773 1244 1152 1322 penetralibus
1203 1238 1448 1298 cubiculi
1469 1236 1552 1293 tui
1584 1252 1649 1292 ne
1692 1232 2050 1290 maledixcris

464 1347 643 1403 diviti.
707 1343 979 1413 Quoniam
1052 1338 1306 1395 volucres
1374 1332 1502 1390 caeli
1561 1331 1813 1386 auferent
1860 1341 2049 1383 vocem

463 1454 637 1508 tuam,
664 1446 719 1495 ct
749 1436 843 1511 qui
871 1434 1036 1490 habet
1069 1444 1312 1504 pennas,
1345 1424 1693 1483 annuntiahit
1739 1434 2049 1479 sermonem

466 1544 643 1589 tuum.
684 1549 704 1585 ι

534 1622 693 1678 Prov.
723 1616 981 1685 χιιγ,21.
1018 1636 1079 1652 --
1123 1633 1141 1666 ι
1179 1611 1339 1667 Time
1377 1609 1571 1671 Deum,
1615 1606 1713 1672 fili,
1742 1614 1798 1662 et
1837 1617 2050 1676 regem,

466 1724 520 1771 et
551 1712 729 1770 neutri
767 1724 957 1767 eorum
1004 1702 1374 1769 inobsequens
1395 1698 1492 1753 sis.
1529 1712 1552 1748 ι

2218 466 2681 522 ὑποτάσσεσθαι
2712 463 3158 533 τοῖςήᾷρχουσι.
3205 464 3307 520 καὶ
3363 465 3571 526 εἴκειν,
3626 463 3735 519 καὶ

2221 535 2618 607 παραχωρεῖν,
2650 535 2751 591 καὶ
2780 532 3105 605 agema:
3134 534 3222 605 μή
3257 534 3617 607 ἀντιλέγειν.

2226 698 2244 731 ι
2280 676 2451 741 Θεοῦς
2480 675 2541 730 ού
2589 675 3011 749 κακολογήσας,
3061 674 3157 730 καὶ
3195 675 3437 747 ἄρχοντα
3467 673 3562 731 τοῦ
3594 672 3735 731 λαοῦ

2151 789 2245 825 σου
2280 771 2382 825 οὐκ
2410 772 2557 843 ἐρεῖς
2578 770 2788 835 κακῶς.
2821 789 2840 823 ι

2224 882 2244 917 ι
2286 863 2552 935 Ἀσεὸὴς,
2610 862 2670 928 ὃς
2725 862 2877 932 λέγει
2922 861 3003 933 τῷ
3058 861 3302 933 βασιλεῖ,
3362 864 3733 935 Παρανομεϊς.

2162 955 2407 1031 ’Δσεὸὴς,
2439 957 2499 1022 ὃς
2551 957 2650 1011 οὐκ
2679 955 2942 1029 αἰσχυνθῇ
2994 956 3285 1029 πρόσωπον
3334 956 3579 1029 ἐντίμου,
3609 956 3736 1011 οὐδε

2150 1046 2261 1106 οἶδε
2290 1049 2458 1123 τιμὴν
2485 1049 2677 1105 θέσθαι
2706 1050 2944 1115 τούτοις.
2981 1070 3000 1103 ι

2229 1164 2249 1197 ε
2293 1145 2382 1200 Ἐν
2411 1143 2615 1217 είδήσει
2652 1160 2746 1199 σου
2806 1143 3033 1216 βασιλέα
3070 1143 3145 1217 μὴ
3192 1142 3504 1215 καταράσῃ,
3531 1141 3627 1196 καὶ
3672 1142 3736 1194 ἐν

2151 1238 2403 1310 ταμείοις
2435 1237 2696 1305 κοιτῶνός
2725 1255 2822 1293 σου
2860 1237 2939 1310 μὴ
2971 1237 3259 1309 καταράσῃ
3314 1236 3599 1292 πλούσιονο
3646 1236 3735 1290 ὅτι

2154 1330 2400 1386 πετεινὸν
2432 1329 2527 1385 τοῦ
2558 1329 2792 1403 ούρανοῦ
2833 1330 3053 1386 ἀποίσει
3079 1329 3181 1400 τὴν
3209 1330 3397 1400 φωνήν
3434 1346 3551 1399 σου,
3582 1328 3675 1383 καὶ
3708 1330 3739 1383 6

2153 1425 2295 1497 ἔχων
2326 1426 2626 1500 πτέρυγας,
2652 1425 2949 1495 ἀναγγελεῖ
2976 1425 3137 1495 λόγον
3173 1441 3295 1479 σου.
3330 1442 3347 1477 ι

2231 1620 2249 1653 ι
2278 1600 2453 1655 Φοϐοῦ
2485 1599 2579 1655 τὸν
2605 1598 2762 1670 Θεδν,
2794 1600 2901 1665 uie,
2927 1599 3023 1655 καὶ
3044 1597 3296 1673 βασιλέα,
3324 1597 3422 1653 καὶ
3454 1595 3737 1668 μηδετέρῳ

2158 1695 2340 1751 αὐτῶν
2369 1694 2699 1768 ἀπειθήσῃς.
2730 1714 2750 1749 ι

538 1807 711 1862 Eccle.
750 1818 869 1870 vui,
902 1801 958 1857 2.
991 1830 1062 1845 --
1086 1819 1106 1853 ι
1144 1796 1217 1856 Os
1258 1795 1406 1868 regis
1456 1795 1713 1859 observa,
1758 1801 1815 1848 et
1846 1807 1873 1846 a
1912 1790 2053 1848 facie

2234 1810 2251 1843 ι
2283 1789 2470 1860 Στόμα
2502 1789 2772 1861 βασιλέως
2828 1787 3085 1859 φύλαξον.
3120 1787 3218 1843 καὶ
3264 1786 3374 1842 ἀπὸ
3425 1784 3518 1841 τοῦ
3574 1800 3739 1853 προσ-

468 1903 590 1973 ejus
617 1892 831 1972 p'ergas,
898 1894 1163 1967 quoniam
1198 1890 1384 1945 omnia
1420 1902 1767 1959 qua‘cunque
1813 1885 2055 1941 voluerit

469 1998 671 2062 facere,
700 1992 847 2048 velut
876 2005 967 2064 rex
995 1993 1324 2061 potestatem
1359 1983 1590 2049 habens,
1645 1980 1777 2037 facit
1803 1998 1818 2036 ς
1846 1986 1901 2036 et
1928 1978 2054 2051 quis

467 2091 614 2147 dicet
644 2088 693 2143 ei
726 2102 740 2140 :
772 2082 913 2153 Quid
953 2081 1092 2137 facis
1119 2080 1144 2134 ?
1182 2098 1200 2133 ι

538 2180 710 2236 Eccli.
736 2195 810 2243 tv,
847 2178 990 2233 7.—
1020 2192 1041 2229 ι
1076 2171 1334 2242 Magnato
1368 2170 1599 2226 humilia
1636 2174 1802 2240 caput
1838 2176 2045 2222 tuum.»

538 2271 705 2328 Eccli.
745 2284 866 2336 vm,
900 2270 951 2324 i.
989 2297 1058 2310 —
1095 2283 1114 2319 ι
1152 2261 1231 2320 Ne
1298 2262 1481 2335 litiges
1540 2275 1663 2316 eum
1706 2257 1933 2315 homine
1956 2272 2056 2329 po.

469 2372 642 2424 tente.
683 2382 703 2416 ι

542 2455 715 2513 Eccti.
740 2470 860 2521 xui,
893 2451 980 2507 12.
1007 2481 1079 2491 —-
1106 2468 1126 2502 ι
1162 2449 1205 2504 Δ
1244 2444 1557 2519 potentiore
1588 2441 1917 2507 advocatus,
1951 2438 2053 2496 de-

470 2551 605 2609 cede
637 2564 741 2604 τοι
772 2544 1040 2603 hocenim
1066 2541 1241 2614 magis
1275 2548 1327 2595 te
1362 2534 1677 2593 advocabit.
1722 2552 1743 2586 ι

538 2640 707 2698 Eccli.
746 2654 920 2704 xxxii,
951 2636 1167 2692 15.-ι
1222 2629 1284 2688 ιιι
1322 2626 1506 2687 medio
1532 2633 1945 2698 magnatorum,
1987 2639 2060 2681 ne

472 2750 524 2793 le
550 2734 661 2792 illis
692 2743 968 2803 exaeques.
1005 2747 1026 2782 ι

542 2828 696 2885 Rom.
724 2841 849 2891 xui,
892 2823 946 2891 l,
974 2821 1032 2879 2.
1070 2849 1142 2861 -—
1176 2835 1196 2871 ι
1228 2814 1423 2874 Omnis
1471 2811 1655 2869 anima
1688 2808 2063 2884 potestatibus

473 2919 890 2981 sublimioribus
916 2914 1133 2973 subdita
1152 2912 1245 2969 sit.
1271 2908 1392 2967 Non
1413 2908 1558 2965 enim
1579 2916 1663 2964 est
1681 2911 1924 2976 potestas
1956 2902 2061 2959 nisi

473 3032 501 3070 a
536 3016 667 3071 Deo.
697 3012 830 3079 Quae
858 3015 1044 3065 autem
1067 3014 1199 3063 sunt
1217 3010 1545 3077 potestates,
1579 3014 1610 3054 a
1642 2998 1754 3056 Deo
1786 2997 2061 3054 ordinata

2154 1882 2307 1938 ὠπου
2341 1882 2504 1938 αὐτοῦ
2545 1881 2812 1956 πορεύσῃ.
2856 1883 2941 1937 δτι
3000 1879 3181 1935 πάντα
3229 1879 3333 1933 ὅσα
3386 1878 3480 1931 ἐὰν
3529 1875 3737 1946 θελήσῃ

2155 1975 2402 2046 ποιῆσαι,
2431 1974 2617 2039 καθὼς
2648 1973 2904 2045 βασιλεὺς
2936 1970 3273 2040 ἐξουσιάζων
3314 1972 3481 2035 ποιεί,
3513 1967 3608 2024 καὶ
3648 1966 3743 2031 τίς

2154 2065 2274 2137 ἐρεῖ
2304 2064 2476 2138 αὐτῷ,
2507 2066 2576 2119 Τί
2608 2067 2817 2131 ποιετςς
2855 2083 2875 2117 ι

2234 2177 2254 2210 ι
2282 2160 2585 2227 Μεγιστᾶνι
2619 2157 2879 2214 ταπεινοῦ
2907 2159 3009 2231 τὴν
3035 2157 3281 2231 κεφαλήν
3315 2170 3431 2213 σου.
3466 2176 3485 2209 ι

2232 2268 2251 2304 ι
2279 2249 2373 2323 Μὴ
2398 2250 2666 2323 διαμάχου
2704 2247 2845 2322 μετά
2873 2247 3167 2321 ἀνθρώπου
3192 2246 3484 2304 δυνάστου.
3510 2264 3540 2300 τ

2226 2450 2243 2483 ι
2283 2427 2812 2501 Προσκαλεσαμένου
2837 2444 2898 2482 σε
2923 2425 3212 2494 δυνάστου,
3234 2421 3539 2495 ὑποχωρῶν
3560 2418 3737 2491 γίνου,

2157 2523 2257 2578 καὶ
2280 2523 2424 2594 τόσῳ
2456 2540 2516 2577 σε
2542 2521 2743 2593 μᾶλλον
2774 2519 3233 2594 προσκαλέσεται.
3268 2536 3289 2571 ι

2238 2633 2259 2669 ε
2308 2615 2396 2669 Ἐν
2420 2616 2574 2687 μέσῳ
2606 2611 2955 2686 μεγιστάνων
2981 2609 3058 2686 μὴ
3086 2609 3364 2677 ὲξίσασον.
3396 2626 3417 2663 ε

2236 2835 2258 2869 ι
2295 2815 2453 2872 Πᾶσα
2480 2813 2626 2888 ψυχὴ
2677 2812 2955 2881 ἐξουσίαις
2992 2810 3397 2886 ὑπερεχούσαις
3439 2807 3741 2869 becomes!-

2163 2908 2297 2963 σθω.
2332 2908 2407 2961 οὐ
2439 2905 2548 2977 γάρ
2596 2906 2746 2959 ἔστιν
2778 2900 3013 2971 ἐξουσία.
3048 2902 3099 2957 εί
3151 2898 3228 2974 μὴ
3260 2900 3367 2955 ὑπὸ
3394 2896 3554 2953 Θεοῦ.
3583 2896 3649 2951 Δί
3683 2894 3742 2951 δὲ

2159 2998 2315 3058 οὖσαι
2348 2999 2613 3066 ἐξουσίαι,
2633 2995 2740 3053 ὑπὸ
2761 2995 2857 3051 τοῦ
2883 2994 3020 3051 Θεοῦ
3044 2994 3378 3067 τεταγμέναι
3402 2990 3541 3047 εῑσίν
3558 3009 3573 3022 ·
3603 2989 3740 3044 ὥστε

473 3119 624 3163 sunt.
679 3104 873 3175 Itaque
914 3101 1009 3173 qui
1045 3095 1274 3160 resistit,
1314 3093 1408 3150 Dei
1455 3090 1792 3149 ordinationi
1824 3088 2055 3145 resistit.

2180 3095 2643 3166 ιντιτασσόμενος,
2678 3094 2745 3165 τῇ
2799 3091 2893 3145 τοῦ
2930 3088 3066 3145 Θεοῦ
3096 3088 3324 3159 διαταγῇ
3367 3084 3742 3154 ἀνθέστηκεν

474 3201 577 3269 Qui
608 3208 790 3256 autem
820 3198 1105 3261 resistunt,
1136 3189 1242 3247 sibi
1268 3186 1681 3245 damnationem
1707 3183 2006 3255 accipient.
2032 3200 2051 3235 ι

2180 3186 2212 3241 ti
2245 3185 2304 3240 δὲ
2330 3183 2749 3257 ἀνθεστηκότες,
2781 3183 2998 3246 ἑαυτοῖς
3029 3182 3204 3253 κρῖμα
3231 3178 3521 3249 λήψονται.
3554 3193 3577 3229 ι

546 3293 716 3352 Hebr.
755 3295 877 3357 xm,
901 3289 1077 3345 l7.--
1110 3303 1131 3339 ι
1163 3281 1397 3341 Obedite
1449 3278 1765 3351 praepositis
1818 3275 2059 3342 vestris,

475 3400 530 3447 et
560 3387 844 3458 subjacete
890 3380 991 3439 eis.
1022 3376 1131 3449 Ipsi
1168 3377 1317 3433 enim
1360 3370 1691 3445 pervigilant
1718 3384 1818 3441 pro
1845 3366 2061 3422 anima—

475 3486 581 3542 bus
604 3478 827 3543 vestris,
858 3472 1017 3547 quasi
1047 3471 1317 3529 rationem
1355 3463 1625 3524 reddituri
1663 3478 1762 3537 pro
1793 3461 1975 3527 vobis,
2002 3467 2064 3517 ut

476 3594 605 3635 cum
652 3571 856 3648 gaudio
899 3569 1004 3624 hoc
1058 3563 1287 3629 faciant,
1327 3572 1385 3618 et
1436 3575 1546 3618 non
1584 3562 1890 3632 gementes.
1945 3552 2062 3611 Hoc

477 3673 624 3728 enim
646 3684 758 3724 non
784 3662 1011 3735 expedit
1029 3658 1210 3717 vobis.
1238 3675 1258 3711 ι

550 3762 576 3818 Ι
610 3761 757 3818 Petr.
781 3760 846 3826 il,
885 3755 972 3811 l5.
996 3784 1067 3796 —
1094 3771 1113 3806 ι
1149 3738 1587 3820 Subjecticstote
1617 3744 1766 3801 omni
1792 3749 2063 3798 creatura:

479 3863 705 3930 propter
725 3851 893 3907 Deum
924 3866 938 3905 :
971 3846 1087 3903 sive
1106 3842 1216 3915 regi
1240 3841 1400 3914 quasi
1424 3834 1784 3911 praecellenti,
1810 3833 1928 3892 sive
1957 3834 2064 3890 du-

479 3923 638 4007 cibus
666 3955 927 4014 tanquam
961 3938 1029 3995 ab
1053 3951 1117 3993 eo
1142 3934 1327 3991 missis
1356 3951 1373 4002 ;
1403 3930 1470 3988 ad
1501 3927 1803 3986 vindictam
1836 3923 2060 3998 quidem

477 4046 775 4104 bonorum,
801 4056 820 4091 ι
850 4043 960 4093 etc.

550 4134 778 4208 Ignatii.
834 4160 907 4174 --
940 4124 1145 4184 Caesari
1182 4119 1418 4193 subjecti
1459 4124 1638 4175 estote
1672 4115 1729 4172 in
1763 4114 1830 4171 iis
1870 4112 2061 4178 rebus,

478 4235 534 4289 in
566 4205 767 4303 quibus
782 4224 832 4282 ei
866 4235 1057 4292 parere
1083 4213 1333 4291 periculo
1377 4218 1552 4271 caret.
1579 4239 1649 4255 --
1672 4205 2060 4271 lnferioribus,

478 4336 534 4382 et
584 4299 666 4379 iis
716 4319 809 4391 qui
841 4312 1090 4387 sibiipsis
1137 4310 1414 4380 imperare
1467 4305 1746 4367 nesciunt,
1805 4299 2060 4358 beneficii

483 4434 611 4491 pars
634 4420 741 4473 est.
797 4422 858 4467 ut
906 4407 976 4463 iis
1024 4403 1272 4464 serviant
1325 4398 1421 4474 qui
1460 4404 1616 4455 recte
1658 4404 1711 4453 et
1755 4394 1892 4451 scite
1925 4408 2065 4466 pra:-

484 4529 800 4676 sugftlreg.
830 4598 1102 4657 Nazianz.
1130 4600 1274 4650 orat.
1320 4589 1390 4647 ad
1419 4586 1657 4661 prwfect.
1690 4616 1754 4628 -—
1790 4580 2067 4655 Subjicia-

486 4718 634 4766 mur,
664 4672 787 4753 eum
812 4694 943 4757 Deo,
1001 4698 1120 4745 tum
1167 4684 1264 4742 alii
1317 4682 1464 4744 aliis,
1499 4686 1617 4735 tum
1645 4675 1879 4734 terrenis
1909 4672 2066 4745 prin-

487 4795 705 4868 cipibus
734 4810 751 4860 ;
781 4788 892 4845 Deo
916 4783 1139 4859 quidem
1175 4777 1435 4837 omnibus
1462 4773 1529 4830 de
1556 4770 1744 4828 causis
1769 4790 1783 4826 :
1808 4768 2067 4833 invicem,

487 4861 711 4963 propter
744 4885 1047 4939 fraternam
1104 4873 1459 4932 dilectionem
1508 4884 1521 4921 :
1565 4861 1910 4936 principibus
1942 4875 2070 4932 pro-

491 4953 610 5055 pter
640 4976 889 5033 ordinem
918 4988 934 5040 ;
996 4970 1164 5041 idque
1208 4980 1275 5021 eo
1306 4962 1503 5032 magis,
1532 4974 1639 5031 quo
1681 4953 2069 5012 clementiores

492 5047 542 5132 et
565 5068 922 5141 benigniores
963 5078 1023 5120 se
1047 5056 1339 5133 gesserint.
1376 5053 1558 5109 Grave
1592 5047 1865 5120 siquidem
1894 5053 1979 5101 est
2007 5059 2070 5097 ac

490 5163 886 5240 periculosum,
909 5154 1133 5216 assidua
1165 5148 1501 5222 indulgentia
1521 5140 1949 5200 moderationem
1978 5152 2073 5191 ex-

491 5228 718 5317 haurire
737 5270 834 5311 :ne
855 5247 1063 5319 alioqui
1086 5241 1403 5318 asperitatis
1429 5252 1617 5295 eorum
1646 5247 1821 5307 paenae
1852 5228 2072 5285 tandem

492 5371 523 5411 a
558 5351 713 5409 nobis
730 5351 1079 5421 expetantur,
1110 5339 1177 5406 si,
1204 5335 1501 5394 serenitate
1530 5329 1731 5387 mentis
1751 5324 1991 5390 sublata,
2016 5330 2071 5378 ct

491 5448 601 5505 luci
635 5443 933 5516 caliginem
958 5431 1365 5497 induxerimus,
1428 5425 1689 5497 mellique
1725 5416 2067 5478 absinthium

497 5536 978 5597 admiscuerimus.

2236 3294 2257 3331 ε
2289 3274 2553 3332 Πείθεσθε
2586 3276 2703 3340 τοῖς
2748 3272 3075 3345 ἡγουμένοις
3116 3269 3295 3339 ὑμῶν,
3340 3267 3439 3323 καὶ
3464 3264 3740 3320 ὑπείκετε.

2158 3370 2329 3426 Αὐτοὶ
2357 3369 2469 3442 γὰρ
2508 3366 2884 3439 ἀγρυπνοῦσιν
2912 3365 3056 3437 ὑπὲρ
3095 3362 3205 3418 τῶν
3234 3360 3426 3433 ψυχῶν
3465 3359 3641 3431 ὑμῶν,
3666 3355 3737 3420 ὡς

2158 3464 2318 3535 λόγον
2348 3462 2748 3527 ἀποδώσοντες,
2805 3458 2892 3513 ἵνα
2925 3457 3066 3531 μετά
3111 3456 3289 3528 χαρᾶς
3333 3452 3493 3507 τοῦτο
3520 3450 3737 3517 ποιῶσι,

2160 3561 2257 3617 καὶ
2291 3558 2370 3634 μὴ
2402 3555 2774 3623 στενάζοντες.
2818 3549 3160 3615 Ἀλυσιτελὲς
3191 3546 3304 3621 γὰρ
3336 3546 3469 3618 ὑμῖν
3494 3542 3675 3599 τοῦτο.
3712 3559 3737 3593 ι

2240 3762 2261 3798 ε
2299 3738 2646 3810 Ὑποτάγητε
2697 3732 2849 3806 πάσῃ
2904 3728 3226 3805 ἀνθρωπίνῃ
3277 3723 3458 3782 κτίσει
3507 3723 3596 3778 διὰ
3650 3720 3738 3776 τὸν

2161 3837 2390 3912 Κύριον,
2422 3835 2533 3890 εἴτε
2581 3827 2795 3904 βασιλεῖ
2822 3828 2903 3894 ’ὡς
2938 3824 3286 3900 ὑπερέχοντι,
3341 3820 3455 3875 εἴτε
3484 3817 3737 3891 ἡγεμόσι,

2162 3910 2330 3995 «licet!
2358 3922 2525 3981 αὑτοῦ
2564 3917 2973 3995 πεμπομένοις,
3008 3915 3089 3982 είς
3118 3914 3401 3986 ἑκδίκησιν
3437 3910 3538 3983 μὲν
3578 3922 3738 3962 κακο-

2236 4113 2327 4186 Τῷ
2357 4110 2598 4181 Καίσαρι
2630 4106 2963 4176 ὑποτάγητε,
2993 4102 3053 4156 ὲν
3085 4094 3169 4165 οἷς
3213 4097 3498 4168 ἀκίνδυνος
3544 4094 3577 4164 ὴ
3620 4093 3736 4146 ὐπο-

2165 4210 2328 4280 ταγή.
2350 4237 2419 4251 -—-
2445 4215 2487 4245 πι
2517 4200 2823 4277 Εὒεργεσία
2843 4199 2958 4261 τοῖς
2985 4194 3415 4265 ὑποδεεστέροις.
3440 4190 3534 4243 καὶ
3557 4189 3739 4257 ἄρχειν

2168 4279 2373 4360 ἑαυτῶν
2411 4299 2485 4372 μὴ
2522 4293 2931 4369 ἐπισταμένοις,
2956 4290 3018 4346 τὺ
3045 4285 3319 4346 δουλεύειν
3336 4286 3451 4346 τοῖς
3478 4279 3601 4339 κατ’
3622 4282 3735 4334 ἑπι-

2169 4400 2269 4471 στή
2280 4413 2387 4470 μην
2415 4393 2585 4466 ἄρχου
2594 4406 2701 4446 σιν.

2242 4571 2741 4647 ’Υποτασσώμεθα,
2772 4569 2866 4624 καὶ
2892 4564 3035 4635 Θεῷ,
3067 4563 3162 4617 καὶ
3204 4556 3481 4630 ἀλλήλοις,
3513 4553 3608 4609 καὶ
3633 4549 3739 4612 τοῖς

2164 4674 2435 4747 ἐπιγείοις
2464 4644 2692 4743 ἄρχουσι
2708 4681 2722 4695 ⁸
2741 4661 2860 4734 Θεῷ
2879 4660 2969 4716 διὰ
2993 4656 3194 4719 παντός
3215 4670 3229 4687 ⁸
3254 4652 3345 4708 διὰ
3371 4644 3738 4722 φιλαδελφίαν,

2165 4737 2447 4842 ἀλληλοιςο
2479 4737 2571 4819 διδ-
2597 4759 2878 4826 εὐταξίαν,
2907 4754 3022 4817 τοῖς
3060 4751 3349 4823 ἄρχουσιν
3386 4742 3485 4800 καὶ
3509 4737 3739 4809 τοσούτῳ

2169 4837 2371 4939 μᾶλλον
2395 4861 2616 4934 ὅσῳπερ
2643 4856 2709 4911 ἂν
2737 4848 2871 4908 ὦσιν
2893 4845 3238 4921 ἡμερώτεροι
3258 4842 3353 4897 καὶ
3369 4837 3739 4911 χρηστότεροι.

2167 4959 2351 5016 Δεινὸν
2384 4954 2496 5027 γὰρ
2558 4948 2863 5006 ἐπιείκειαν
2918 4940 3227 5010 δαπανῆσαι
3260 4936 3339 5007 τῷ
3390 4932 3607 5003 συνεχεῖ
3652 4927 3741 4996 τῆς

2173 5023 2541 5124 συγγνώμης,
2598 5046 2687 5099 ἴνα
2721 5042 2797 5115 μὴ
2856 5039 2950 5093 καὶ
2984 5036 3082 5107 τῆς
3139 5032 3371 5087 ἐκείνων
3413 5023 3741 5099 τραχύτητος

2172 5113 2328 5206 αὐτοὶ
2370 5113 2528 5206 δίκας
2584 5113 3016 5207 ἁπαιτηθῶμεν,
3073 5126 3317 5197 γαλήνην
3376 5113 3741 5207 πνευματικὴν

2172 5204 2465 5301 λύσαντες,
2497 5204 2594 5288 καὶ
2633 5204 2793 5300 φωτὶ*
2807 5223 2972 5295 ζόφον
3003 5215 3403 5289 ἐπαγαγόντες,
3443 5207 3542 5267 καὶ
3577 5204 3739 5281 μέλιτι

2176 5328 2617 5402 καταμιγνύντες
2650 5317 2920 5393 ἀψίνθιον.

1985 5687 2221 5748 ΝΟΤιΕ.

572 5807 819 5883 "'_Simile
858 5806 985 5882 quid
1010 5803 1180 5861 habes
1212 5804 1269 5857 in
1288 5795 1524 5865 epistola
1556 5792 1878 5865 interpolata
1934 5789 2001 5843 ad
2031 5780 2562 5853 Philadelphienses.
