4010 6302
561 371 701 437 ῘΞΞ3

1736 362 1798 423 S.
1834 360 2158 423 JUANNIS
2195 361 2636 426 DAMASCENI

3688 370 3809 434 ml
3834 342 3835 347 ‘

629 491 714 546 Ex
740 502 932 545 canon.
963 484 1149 541 Const.
1178 513 1245 527 --
1270 482 1493 539 Abusus
1523 487 1611 536 est
1672 476 1814 535 facta
1861 477 2004 533 ultra
2047 492 2141 533 ne-

2321 482 2677 556 Παρὰχρησίς
2728 484 2876 540 ἐστιν
2911 486 2944 558 ἡ
2982 484 3121 559 ὑπὲρ
3180 485 3279 559 τὴν
3337 485 3530 559 χρείαν
3588 487 3807 561 δαπάνη.

558 585 873 641 cessitatem
909 582 1184 651 impensa.
1236 574 1315 630 Eo
1363 574 1597 631 vestium
1659 588 1794 629 usus
1849 572 2047 639 tendit,
2080 579 2142 626 ut

559 690 781 734 carnem
804 682 1073 746 quantum
1103 668 1172 724 ad
1212 665 1435 738 frigoris
1452 675 1503 722 et
1527 663 1952 735 teslusinjurias
2006 661 2143 718 satis

558 772 654 839 sit,
688 769 1033 838 obtegamus.
1090 760 1255 817 llunc
1299 774 1427 815 vero
1479 765 1751 827 susceptae
1800 754 2143 827 paupertatis

555 861 785 919 modum
818 857 1084 914 Dominus
1122 851 1485 926 prmscripsit,
1538 860 1597 906 ut
1637 849 1706 904 ad
1743 849 1959 904 unicam
1991 847 2143 903 tuni-

560 971 680 1014 eam
706 969 902 1011 omnes
933 952 1204 1023 cujusque
1232 963 1363 1019 epes
1394 945 1741 1016 redigantur.

632 1048 774 1107 Nux.
818 1048 974 1105 Orat.
1003 1044 1124 1100 adv.
1158 1039 1349 1096 Arian.
1396 1068 1467 1081 υ-
1520 1035 1667 1092 Nihil
1716 1050 1783 1090 ex
1830 1033 1940 1090 illis
1982 1032 2145 1089 rebus

555 1149 868 1211 laudamus,
897 1158 1020 1215 quae
1048 1146 1341 1212 postquam
1361 1135 1418 1192 in
1442 1134 1633 1190 fauces
1662 1130 2003 1188 transmissa:
2029 1127 2145 1186 fuc-

557 1248 711 1306 runt,
741 1238 861 1310 pari
897 1235 1160 1305 deinceps
1188 1231 1400 1287 honore
1445 1233 1599 1293 sunt,
1643 1224 1755 1281 imo
1793 1221 1978 1295 potius
2008 1220 2145 1276 viles

558 1347 613 1391 et
642 1332 952 1405 ejiciendaa.
991 1327 1199 1386 Verum
1253 1322 1582 1396 simpliciter
1640 1322 1778 1375 adeo
1818 1324 1873 1373 et
1906 1331 1972 1374 ex
2008 1324 2147 1371 tem-

558 1443 692 1499 pore
720 1426 979 1489 vivimus,
1008 1430 1066 1477 ut
1097 1432 1293 1493 parum
1323 1417 1467 1472 inter
1499 1428 1603 1470 nos
1642 1419 1697 1468 et
1734 1408 1941 1467 bestias
1974 1408 2148 1463 inter-

556 1518 653 1584 sit,
684 1517 886 1589 quibus
922 1514 1077 1569 nullo
1112 1507 1297 1576 modo,
1330 1505 1553 1563 nullave
1577 1511 1694 1560 arte
1717 1510 1940 1573 paratus
1967 1499 2146 1554 victus

556 1615 665 1666 est.

1166 1692 1251 1748 Ex
1297 1700 1526 1747 sentent.

627 1795 864 1851 Honesta
889 1798 1171 1861 paupertas
1197 1785 1437 1861 omnibus
1469 1782 1667 1861 opibus
1685 1780 1974 1838 antecellit.

628 1864 799 1921 Graue
820 1855 899 1918 est
918 1855 1065 1933 egere
1090 1874 1108 1914 :
1132 1867 1187 1913 at
1208 1857 1423 1929 gravius
1453 1856 1592 1911 male
1611 1855 1883 1910 ditescere.

624 1981 787 2051 Nyu.
819 1993 979 2033 term.
1013 1975 1048 2030 5
1076 1974 1127 2029 in
1164 1972 1320 2029 Orat.
1360 1970 1513 2027 Dom.
1541 1998 1614 2011 —-—
1643 1966 1995 2025 Condimenti
2022 1967 2142 2021 loco

554 2072 654 2128 tibi
682 2073 754 2128 sit
787 2068 1024 2130 esuries,
1080 2074 1141 2121 ut
1182 2080 1285 2122 nec
1323 2064 1675 2122 saturitatem
1719 2060 1953 2133 adiicias
1990 2070 2145 2115 satu-

555 2163 730 2227 ritati,
756 2177 860 2219 nec
894 2160 1119 2231 crapula
1149 2155 1428 2213 obtundas
1459 2154 1788 2226 appetitum.

627 2251 773 2309 Ibid.
802 2249 1000 2318 —Qui
1042 2247 1189 2303 diem
1240 2244 1339 2303 tibi
1382 2242 1497 2313 dat,
1534 2259 1599 2301 ea
1648 2256 1868 2315 quoque
1916 2254 2038 2314 quae
2088 2239 2144 2295 in

555 2346 701 2404 diem
737 2358 879 2415 opus
912 2349 1065 2409 sunt,
1093 2340 1270 2396 dabit.
1674 2384 1677 2387 .
1905 2355 1911 2361 -

626 2439 906 2510 Chrysost.
937 2464 1010 2477 -—-
1033 2434 1216 2489 Pauca
1249 2438 1395 2488 recte
1426 2428 1633 2485 habere
1670 2426 1843 2482 multo
1876 2434 2147 2496 praestan-

553 2530 686 2597 tius,
716 2545 879 2602 quam
907 2527 1079 2583 multa
1107 2526 1397 2582 scelerate.
1442 2519 1752 2591 Frugalitas
1782 2518 2001 2574 assidue
2030 2533 2150 2573 ver-

556 2630 713 2689 sata,
747 2620 839 2676 ubi
880 2618 1097 2690 longius
1137 2611 1494 2687 processerit,
1538 2609 1784 2666 libidinis
1825 2607 2149 2680 disciplinas

554 2714 718 2769 delet.

628 2801 767 2858 Nili.
813 2828 886 2845 --
917 2799 1073 2858 Cibis
1132 2806 1288 2856 utere
1340 2811 1452 2853 non
1502 2802 1617 2850 tam
1667 2790 1934 2866 jucundis
1981 2807 2147 2865 quam

554 2896 808 2952 utilibus.

626 2988 865 3061 Evagrii.
889 3016 962 3028 —
979 2984 1078 3042 Vir
1104 2983 1387 3041 studiosus
1411 2978 1631 3037 virtutis
1651 2980 1846 3052 paucis
1870 2979 2148 3049 indigens,

555 3086 610 3140 in
651 3082 897 3139 conﬁnio
941 3080 1198 3136 mortalis
1228 3087 1283 3133 et
1310 3076 1641 3133 immortalis
1683 3081 1894 3131 naturae
1924 3081 2044 3143 est;
2094 3083 2150 3128 ut

552 3194 735 3251 neque
786 3177 859 3232 ob
922 3174 1160 3230 mortale
1219 3185 1429 3242 corpus
1482 3177 1683 3242 egeat,
1732 3184 1910 3239 neque
1959 3168 2149 3225 multis

553 3283 693 3340 opus
731 3267 930 3322 habeat
958 3272 1183 3335 propter
1211 3264 1455 3318 animum
1510 3258 1942 3316 immortalitatis
1993 3260 2148 3331 cupi-

551 3362 710 3419 dum.

554 3496 690 3554 Tl'l'.
736 3472 950 3552 XXVII.
982 3526 1050 3537 —
1086 3494 1164 3551 De
1192 3494 1494 3564 deceptione
1531 3492 1924 3564 certocontilio
1948 3492 2095 3563 facta
2126 3511 2145 3547 :

620 3569 863 3640 quodque
905 3584 990 3636 ea,
1030 3583 1149 3622 cum
1178 3562 1512 3629 dolo’caret,
1556 3562 1767 3619 tandem
1805 3562 2146 3631 auctor-irrito

621 3640 892 3695 conciliet.

624 3750 757 3810 Gen.
804 3768 975 3817 xxvu,
1016 3751 1168 3807 6-17.
1199 3781 1269 3794 -
1305 3766 1327 3802 ι
1366 3747 1516 3804 Dixit
1569 3747 1818 3805 Rebecca
1857 3748 1927 3803 ad
1972 3745 2147 3804 Jacob

554 3844 728 3902 lilium
749 3860 911 3901 suum
947 3843 1272 3915 iuniorem:
1309 3840 1451 3897 Ecce
1490 3841 1676 3897 audivi
1726 3850 1937 3912 patrem
1988 3850 2142 3896 tuum

552 3937 873 4009 loquentem
908 3936 979 3992 ad
1014 3935 1159 3993 Esau
1200 3934 1424 3991 fratrem
1458 3941 1639 3999 tuum,
1662 3944 1717 3991 et
1739 3934 2016 3991 dicentem
2047 3934 2095 3989 ei
2125 3953 2141 3989 :

553 4032 706 4090 Aler
722 4030 857 4087 mihi
881 4030 1250 4094 venationem,
1295 4035 1352 4084 et
1384 4026 1471 4082 fac
1494 4027 1628 4082 mihi
1661 4025 1875 4095 edulia;
1904 4036 1959 4082 et
1985 4042 2145 4082 man-

2250 575 2461 642 Σκοπὸς
2509 576 2736 647 ἐσθῆτος
2786 578 2868 645 είς
2922 574 3188 652 κάλυμμα
3247 574 3387 635 εἶναι
3453 581 3654 653 σαρκὸς
3692 584 3809 655 πρὸς

2248 670 2494 742 χειμῶνα
2524 671 2619 724 καίΙ
2646 670 2801 742 οέρος
2824 670 3117 745 αὔταρκες.
3164 671 3577 745 ’Δκτημοσῠνην
3608 675 3809 748 ἐκείνην

2247 760 2354 832 ἔφη
2384 763 2411 815 ὁ
2448 762 2653 833 Κύριος
2674 763 2737 816 τὸ
2764 762 2962 834 μέτρον
2993 761 3153 828 εἶναι,
3183 761 3326 817 ὥστε
3355 764 3436 827 είς
3469 764 3562 819 τὸν
3602 763 3810 839 ἔσχατον

2249 854 2450 929 χιτῶνα
2482 856 2649 912 αὐτοῦ
2675 856 2906 912 ἕκαστον
2936 858 3287 930 περιεστάναι
3315 860 3416 931 τὴν
3448 858 3666 932 κτῆσιν.

2322 1036 2438 1092 Οὐκ
2485 1035 2818 1109 ἐπαινοῦμέν
2859 1054 2912 1093 τι
2951 1037 3059 1092 τῶν
3106 1037 3247 1110 μετὰ
3290 1038 3381 1094 τὸν
3417 1037 3615 1111 λαιμὸν
3648 1038 3811 1110 opmi-

2254 1149 2394 1204 μων,
2421 1129 2625 1202 μᾶλλον
2644 1129 2702 1184 δὲ
2729 1129 2963 1202 ἀτίμων,
2995 1131 3197 1203 ὁμοίως
3216 1132 3308 1187 καὶ
3330 1130 3679 1203 ἀποϐλὴτωνο
3696 1130 3813 1187 ἀλλὰ

2251 1222 2433 1295 ζῶμεν
2467 1222 2642 1287 οὓτως
2671 1220 2858 1287 ἁπλῶς
2888 1223 2982 1276 καὶ
3014 1221 3261 1293 σχεδίως,
3290 1222 3383 1276 καὶ
3422 1220 3619 1295 μικρόν
3642 1238 3698 1275 τι
3722 1218 3812 1275 τῶν

2251 1315 2477 1388 θηρίων,
2502 1310 2584 1383 οἷς
2622 1318 2652 1372 ὁ
2692 1314 2806 1387 βίος
2851 1315 3082 1381 ἄσκευος
3115 1315 3209 1370 καὶ
3237 1314 3679 1389 ὰιεπιτὴδευτος,
3713 1312 3814 1369 δια-

2252 1411 2529 1484 φέροντες.

2324 1779 2647 1848 Κρείσσωνν
2673 1774 2849 1845 πενίη
2876 1772 3486 1848 ἐπαίνετὴηπᾷούτοεο
3516 1772 3815 1848 κακίστου.

2179 1863 2220 1917 Β
2323 1842 2531 1904 Δὲινὸν
2550 1842 2880 1914 aetnaea},
2913 1845 3118 1917 χεῖρον
3142 1845 3197 1899 δ’
3223 1842 3504 1913 εὐπορεῖν
3529 1842 3750 1909 κακῶς.

2322 1963 2490 2034 Ὄψον
2527 1980 2606 2017 σοι
2640 1961 2884 2033 γένεσθω
2914 1963 2947 2035 ἡ
2978 1961 3176 2028 ἔνδεια,
3209 1961 3304 2016 καὶ
3344 1959 3406 2015 τὸ
3445 1957 3522 2033 μὴ
3550 1959 3819 2014 έπιϐαλείν

2245 2056 2406 2126 κόρον
2448 2052 2525 2127 τῷ
2568 2053 2737 2126 κόρῳ,
2779 2053 2915 2126 μηδὲ
2958 2051 3255 2126 ἀμϐλύνειν
3300 2052 3370 2124 τῇ
3416 2049 3706 2123 κραιπάλῃ
3734 2049 3820 2121 τὴν

2244 2151 2445 2203 ὕοεξιν.

2280 2147 2507 2313 pigri)»;
2528 2237 2746 2313 ἡμέραν
2790 2236 2989 2307 διδοὺς,
3018 2237 3114 2290 καὶ
3146 2239 3214 2292 τὰ
3246 2236 3327 2300 είς
3359 2232 3459 2307 τὴν
3501 2232 3723 2307 ἡμέραν
3752 2247 3823 2286 σοι

2244 2330 2430 2388 δώσει.

2319 2425 2393 2482 To
2422 2426 2603 2491 καλῶς
2627 2424 2771 2498 ἔχειν
2797 2422 2975 2494 ὀλίγα,
3006 2418 3142 2477 πολὺ
3173 2419 3499 2491 τιμιώτερον
3520 2414 3619 2472 τοῦ
3654 2415 3825 2479 κακῶς

2249 2518 2394 2590 ἔχειν
2424 2516 2615 2573 πολλά.
2633 2517 2699 2572 Ἦ
2724 2514 2949 2585 εὐτελὴς
2972 2513 3154 2569 δίαιτα
3179 2511 3494 2583 κυλιομένη,
3514 2508 3613 2564 καὶ
3636 2508 3824 2581 προκό⁴

2251 2627 2482 2676 πτουσα,
2501 2610 2593 2664 ἐπὶ
2608 2608 2742 2664 πολὺ
2767 2606 3025 2663 καταλύει
3041 2608 3111 2661 τὰ
3124 2604 3224 2676 τῆς
3239 2602 3495 2677 πορνείας
3515 2601 3807 2675 μαθήματα

2320 2789 2521 2855 Σιτίοις
2565 2788 2705 2863 χρῶ,
2755 2786 2833 2861 μὴ
2884 2788 2998 2854 τοῖς
3036 2784 3240 2859 ἡδέσιν,
3293 2781 3431 2839 ἀλλὰ
3473 2783 3590 2847 τοῖς
3642 2778 3821 2853 ὠφελίι

2253 2901 2396 3031 μοξό
2444 2973 2735 3042 σπουδαῖος
2794 2971 3095 3045 ὁλιγοδεὴς,
3149 2969 3421 3028 ἀθανάτου
3473 2968 3571 3023 καὶ
3639 2966 3825 3041 θνητῆς

2252 3070 2469 3141 φύσεως
2500 3068 2783 3142 μεθόριος⁶
2819 3068 2880 3121 τὺ
2925 3066 3027 3138 μὲν
3057 3063 3268 3130 ὲπιδεὲς
3312 3064 3474 3137 ἔχων,
3524 3062 3617 3119 διὰ
3682 3062 3827 3133 σῶμα

2253 3164 2467 3235 θνητὸν,
2496 3163 2560 3217 τὸ
2606 3161 2666 3217 δὲ
2713 3161 2791 3234 μὴ
2836 3159 3114 3238 πολυδεὲς,
3161 3158 3251 3217 διὰ
3302 3156 3484 3230 ψυχὴν
3540 3155 3826 3230 ἐφιεμένην

2248 3256 2569 3320 ἀθανασίας.

2247 3514 2425 3570 ΤΙΤΛ.
2458 3511 2801 3581 ΚΖἎ-Περι
2832 3506 3067 3581 ἀπάτης
3089 3507 3590 3581 κατ’ίοίκονομίον
3636 3524 3829 3578 γινομ-

2316 3588 2465 3653 ένης
2495 3582 2595 3638 καί
2641 3580 2957 3653 ὅτιᾶπὰτη
2990 3580 3178 3636 δόλου
3204 3580 3561 3651 ἀμοιροῦσα,
3584 3580 3831 3635 ἔπαινον

2317 3652 2603 3725 προξενεῖ
2630 3653 2710 3719 τῷ
2741 3652 3075 3722 δεδρακότι.

2322 3763 2342 3798 ι
2384 3741 2521 3800 Eine
2565 3744 2832 3798 Ῥεϐέκκα
2862 3742 3001 3816 πρὸς
3042 3740 3237 3798 Ἰακὼϐ
3262 3741 3355 3798 τὸν
3378 3740 3497 3796 υίδν
3535 3742 3717 3816 αὐτῆς
3745 3742 3831 3798 τδν

2244 3840 2545 3914 νεώτερον·
2592 3840 2726 3897 Ἰδοὺ
2778 3839 2890 3911 ἐγὼ
2930 3840 3141 3913 ἡκουσα
3184 3838 3475 3902 λαλοῦντος
3498 3838 3597 3894 τοῦ
3628 3837 3832 3912 πατρός

2246 3952 2341 3990 σου
2368 3936 2509 4007 πρὸς
2542 3933 2718 3989 Ἦσαῦ
2743 3934 2837 3990 τὸν
2862 3932 3092 4006 ἀδελφόν
3131 3950 3247 4000 σου,
3269 3932 3525 4003 λέγοντος
3545 3950 3562 3968 ·
3599 3932 3829 4003 Ἐνεγκέ

2248 4046 2341 4101 μοι
2376 4028 2572 4101 θὴραν,
2603 4029 2699 4084 καίΙ
2733 4027 2962 4099 ποίησόν
2992 4045 3083 4100 μοι
3132 4026 3443 4100 ἐδέσματαο
3499 4028 3597 4084 καὶ
3649 4026 3829 4101 φαγὼν

552 4124 764 4181 ducans
792 4122 1114 4180 benedicam
1148 4121 1247 4175 tibi
1288 4133 1476 4175 coram
1535 4118 1789 4186 Domino,
1823 4119 2143 4190 priusquam

2253 4118 2528 4189 εὐλογήσω
2560 4137 2620 4173 σε
2643 4119 2890 4174 ἐναντίον
2918 4119 3126 4193 Κυρίου
3156 4119 3266 4190 πρὸ
3289 4118 3385 4174 τοῦ
3417 4118 3730 4176 ἀποθανεῖν.
3744 4136 3824 4193 με.

554 4212 779 4272 moriar.
804 4211 965 4269 Nunc
992 4226 1148 4284 ergo,
1184 4210 1257 4267 illi
1285 4210 1380 4275 mi,
1412 4209 1542 4265 audi
1565 4224 1653 4266 me
1684 4210 1992 4266 secundum
2021 4224 2144 4279 quae

2253 4212 2360 4268 Νῦν
2384 4212 2503 4280 οὖν,
2535 4214 2642 4278 υἱὲ,
2671 4212 2903 4269 ἄκουσόν
2938 4229 3064 4286 μου,
3103 4211 3250 4268 καθὰ
3285 4211 3398 4284 έγώ
3444 4231 3531 4268 σοι
3585 4214 3825 4269 emno.

553 4307 819 4381 praecipio
853 4305 978 4373 tibi,
1012 4314 1067 4361 et
1104 4318 1340 4375 pergens
1401 4300 1467 4357 ad
1518 4315 1740 4372 pecora,
1786 4301 1975 4373 accipe
2006 4301 2142 4357 mihi

2253 4323 2371 4378 μαι,
2393 4306 2490 4360 καὶ
2510 4305 2801 4378 πορευθεὶς
2820 4307 2900 4372 είς
2926 4305 2997 4360 τὰ
3028 4307 3298 4378 πρόϐατα,
3332 4304 3465 4362 λάϐε
3500 4325 3593 4378 μοι
3622 4308 3826 4363 ἐκεῖθεν

553 4400 681 4457 inde
707 4401 849 4456 duos
879 4397 1066 4454 bardos
1100 4407 1321 4453 teneros
1346 4401 1401 4451 et
1442 4395 1707 4465 optimos,
1734 4402 1790 4449 et
1822 4391 2018 4448 faciam
2047 4408 2144 4450 eos

2253 4398 2336 4454 δύο
2364 4397 2586 4471 ἐρίφους
2624 4399 2865 4465 ἁπαλοὺς
2885 4399 2977 4456 καὶ
3006 4400 3228 4467 καλοὺς,
3264 4401 3357 4456 καὶ
3383 4402 3597 4475 ποιήσω
3635 4404 3827 4466 αὐτοὺς

552 4492 736 4547 edulia
772 4491 911 4561 patri
945 4498 1062 4554 tuo,
1093 4495 1148 4543 et
1186 4485 1582 4553 manducabit;
1617 4492 1677 4541 ut
1711 4483 2003 4541 benedicat
2041 4484 2139 4541 tibi

2253 4489 2519 4561 ὲδέσματα
2541 4490 2620 4563 τῷ
2640 4490 2807 4564 πατρί
2830 4509 2949 4557 σου,
2968 4491 3063 4547 καὶ
3093 4493 3349 4563 φάγεται,
3372 4494 3525 4559 ὅπως
3556 4494 3824 4567 εὐλογήσῃ

558 4590 710 4653 pater
738 4590 866 4635 tuus
899 4580 1223 4650 priusquam
1260 4576 1550 4632 moriatur.
1586 4576 1732 4630 Dixit
1761 4589 1941 4631 autem
1971 4574 2143 4633 Jacob

2254 4598 2312 4635 crs
2336 4582 2365 4635 ὁ
2392 4584 2576 4655 πατήρ
2600 4600 2693 4637 σου
2714 4583 2822 4653 πρὸ
2839 4583 2932 4637 τοῦ
2956 4584 3120 4639 αὑτὸν
3141 4584 3452 4642 ἀποθανεῖν.
3475 4582 3615 4640 Eius
3644 4587 3705 4642 as
3734 4588 3827 4640 Ἰαο

555 4674 623 4729 ad
659 4673 965 4729 liebeccam
1036 4677 1268 4725 matrem
1296 4681 1452 4722 suam
1484 4685 1499 4722 :
1536 4666 1635 4722 Est
1680 4666 1849 4723 frater
1876 4684 2031 4724 meus
2058 4670 2142 4740 pi-

2253 4672 2367 4730 κὼϐ
2392 4675 2526 4746 πρὸς
2546 4675 2848 4730 Ῥεϐέκκαν
2870 4676 2968 4748 τὴν
2988 4676 3203 4748 μητέρα
3215 4676 3402 4731 αὐτοῦ·
3417 4678 3611 4732 Ἔστιν
3633 4682 3664 4734 ὁ
3684 4679 3824 4735 ἀδελ-

555 4767 747 4830 losus;
773 4778 875 4834 ego
903 4770 1086 4817 autem
1125 4762 1214 4816 vir
1255 4760 1414 4817 lenis.
1461 4756 1543 4817 Ne
1598 4759 1739 4817 forte
1769 4762 2144 4817 attrectaverit

2253 4766 2347 4835 φύς
2395 4783 2499 4838 μου
2529 4767 2669 4839 ἀνὴρ
2710 4767 2897 4832 δασὺς,
2946 4768 3056 4837 ὲγὼ
3104 4768 3165 4822 δὲ
3217 4767 3357 4840 ἀνὴρ
3402 4769 3568 4836 λεῖος.
3600 4772 3821 4843 Μήποτε

555 4875 641 4913 me
674 4865 830 4929 pater
863 4870 1040 4919 meus,
1075 4862 1129 4909 et
1158 4869 1255 4910 ero
1280 4854 1335 4908 in
1372 4862 1675 4923 conspectu
1726 4852 1847 4921 ejus
1885 4861 1945 4907 ut
1982 4868 2142 4923 sper-

555 4965 731 5005 nens:
766 4958 815 5005 et
852 4946 1108 5002 inducam
1140 4959 1307 5016 super
1335 4959 1422 4999 me
1450 4944 1916 5007 male-dictionem,
1953 4952 2007 5001 et
2030 4959 2139 5001 non

554 5039 1012 5099 benedictionem.
1041 5038 1186 5092 Dixit
1215 5044 1398 5092 autem
1427 5045 1601 5091 mater
1627 5054 1640 5091 :
1675 5034 1733 5090 In
1764 5050 1851 5091 me
1884 5036 2144 5091 sitmale-

553 5135 721 5190 dictio
780 5140 906 5198 tua,
940 5131 1050 5197 (ili;
1082 5130 1260 5185 solum
1290 5128 1451 5184 obedi
1477 5128 1593 5182 voci
1627 5141 1779 5182 mete.
1825 5126 1892 5181 Et
1938 5125 2142 5182 vadens

555 5227 741 5281 attulit
773 5224 933 5279 matri
958 5238 1095 5279 suae.
1114 5221 1471 5295 Etaccipiens
1499 5220 1743 5277 Rebecca
1772 5220 1967 5275 stolam
1993 5219 2136 5276 Esau

555 5318 651 5373 lilii
692 5317 778 5372 sui
832 5316 1069 5372 senioris
1097 5314 1403 5385 pulchram,
1452 5328 1574 5384 qua:
1621 5320 1740 5368 erat
1776 5313 1920 5383 apud
1962 5311 2138 5383 ipsam

554 5408 724 5473 domi,
757 5408 935 5463 induit
954 5405 1123 5463 Jacob
1154 5407 1323 5461 lilium
1361 5421 1521 5461 suum
1543 5404 1835 5475 juniorem,
1879 5412 1935 5459 et
1977 5403 2144 5474 pelles

555 5501 838 5555 haedorum
876 5499 1279 5570 circumposuit
1337 5498 1544 5552 circum
1604 5496 1828 5552 brachia
1886 5496 2029 5566 ejus,
2089 5504 2145 5551 et

554 5605 723 5660 super
768 5590 916 5645 nuda
960 5590 1088 5646 colli
1150 5590 1397 5659 ejus;et
1419 5587 1570 5643 dedit
1631 5601 1790 5643 escas
1844 5585 1901 5641 in
1941 5601 2139 5642 manus

553 5682 726 5740 Iacob
752 5685 848 5740 lilii
897 5684 1006 5749 sui,
1055 5699 1194 5755 quas
1225 5684 1411 5739 intulit
1449 5685 1589 5754 patri
1639 5698 1760 5739 suo.
1802 5703 1821 5734 ι

2244 4858 2548 4933 ψηλαφήσῃ
2603 4876 2671 4931 με
2713 4861 2743 4914 ὁ
2793 4862 2977 4932 πατήρ
3030 4877 3153 4932 μου,
3204 4862 3299 4914 καὶ⁵
3347 4859 3547 4933 ἔσομαι
3587 4862 3821 4918 ἐναντίοιν

2246 4950 2411 5005 αὑτοῦ
2445 4952 2522 5017 ὡς
2552 4951 2945 5024 καταφρονῶν·
2973 4953 3068 5008 καὶ
3101 4952 3287 5021 ἐπάξω
3309 4953 3394 5007 ἐπ’
3416 4955 3663 5025 ἐμαυτὸν
3700 4972 3821 5009 κατ-

2246 5043 2409 5115 άραν,
2439 5044 2537 5100 καὶ
2590 5045 2690 5099 οὐκ
2744 5045 3018 5116 εὐλογίαν.
3052 5040 3187 5099 Eine
3222 5046 3277 5099 δὲ
3312 5048 3498 5119 μήτηρ
3520 5062 3536 5076 ·
3583 5046 3706 5104 Ἐπ’
3732 5048 3820 5119 ἐμὲ

2246 5135 2282 5205 ἡ
2306 5134 2523 5207 κατάρα
2560 5151 2677 5203 σου,
2706 5134 2899 5189 τέκνον
2921 5149 2936 5166 ⁸
2983 5133 3145 5207 μόνον
3169 5135 3480 5191 ὑπάκουσον
3514 5137 3621 5210 τῆς
3646 5138 3819 5210 φωνῆς

2248 5241 2374 5296 μου.
2422 5226 2530 5281 Καὶ
2573 5225 2861 5298 πορευθεὶς
2909 5226 3100 5298 ἔνεγκε
3150 5229 3219 5299 τῇ
3268 5229 3436 5300 μητρὶ
3493 5231 3704 5286 αὐτοῦ’
3736 5232 3819 5284 καὶ

2244 5314 2484 5375 λαϐοῦσα
2521 5318 2789 5374 Ῥεϐέκκα
2809 5318 2909 5392 τὴν
2943 5319 3138 5391 στολὴν
3175 5320 3348 5376 Ἦσαῦ
3379 5320 3476 5377 τοῦ
3499 5323 3623 5378 υἱοῦ
3658 5323 3817 5391 αὐτῆς

2240 5409 2338 5464 τοῦ
2385 5410 2763 5484 πρεσϐυτέρου
2810 5412 2913 5484 τὴν
2960 5412 3214 5485 καλὴν,ἡ
3262 5409 3329 5488 ἦν
3378 5414 3515 5487 παρ’
3558 5416 3733 5487 αὐτὴν
3768 5417 3818 5467 ἐν

2242 5502 2320 5575 τῷ
2348 5498 2503 5575 οἴκῳ,
2530 5503 2747 5558 ἐνέδυσε
2794 5503 2991 5559 Ἰακὼϐ
3023 5507 3114 5560 τὸν
3147 5506 3264 5562 υίδν
3296 5507 3466 5580 αὐτῆς
3504 5509 3598 5564 τὸν
3626 5509 3817 5562 vain:-

2245 5608 2359 5656 oov,
2395 5592 2593 5647 καὶτὰ
2626 5593 2871 5667 δέρματα
2937 5595 3047 5651 τῶν
3099 5596 3303 5668 ἐρίφων
3348 5598 3647 5671 περιέθηκε
3700 5600 3817 5670 περὶ

2244 5685 2368 5747 τοὺς
2400 5687 2691 5760 βραχίονας
2720 5692 2908 5759 αὐτοῦ,
2952 5693 3045 5748 καὶ
3079 5693 3172 5747 ἐπὶ
3213 5694 3284 5748 τὰ
3332 5696 3520 5767 γυμνὰ
3568 5696 3660 5752 τοῦ
3690 5712 3815 5769 epa-

556 5777 723 5850 χὴλου
760 5779 945 5838 αὑτοῦ,
990 5779 1085 5833 καὶ
1111 5779 1275 5833 ἔδωκε
1306 5780 1373 5832 τὰ
1404 5779 1675 5850 ἐδέσματα
1714 5780 1793 5843 εἰς
1816 5777 1911 5842 τὰς
1949 5780 2140 5850 χεῖρας
2191 5777 2387 5835 Ἰακὼϐ
2413 5782 2508 5836 τοῦ
2542 5784 2659 5839 υίοῦ
2704 5787 2899 5860 αὐτῆς,
2949 5788 3044 5843 καὶ
3086 5787 3408 5862 είσὴνεγγιιι
3488 5789 3571 5862 τῷ
3646 5788 3811 5861 πατρὶ

554 5870 745 5926 αὑτοῦ.
784 5892 803 5925 t
