4010 6302
204 325 334 391 1225

1473 318 1712 384 SA‘CRA
1744 309 2207 383 PARALLELA.

3310 327 3444 393 1226

265 458 285 489 ι
331 436 538 511 Ῥαχὴλ
562 434 725 491 ελαϐε
747 434 827 490 τά
848 434 1066 504 εἴδωλα,
1105 435 1195 489 καὶ
1218 433 1483 489 ἐπέϐαλεν
1515 434 1659 490 αὐτὰ
1682 437 1760 500 εἰς

1935 432 2066 492 Gen.
2093 451 2246 504 xxxt,
2305 435 2398 503 54,
2447 436 2538 492 35.
2574 468 2646 478 —
2690 437 2855 512 366
2918 459 2934 493 ι
2973 439 3177 498 llachel
3232 448 3447 518 accepit

187 530 537 602 τάσάγματα
568 528 671 600 τῆς
713 527 985 600 καμήλου,
1033 530 1126 583 καὶ
1180 529 1508 584 ἐπεκάθισεν
1560 531 1805 594 actore,"

182 625 284 679 καὶ
317 620 434 677 είπσ
480 621 560 695 τῷ
607 621 776 696 πατρί
808 623 1015 694 αὐτῆςο
1057 624 1133 676 Οὐ
1175 623 1417 694 δύναμαι
1461 621 1768 694 ἀναστῆναι

177 715 418 772 ἐνώπιόν
467 733 584 785 σου,
610 716 693 770 ὅτι
731 717 761 770 ὸ
803 713 1134 790 κατεθισμδς
1164 715 1274 770 τῶν
1301 715 1630 786 γυναικείων
1658 715 1765 787 μού

180 817 357 864 εστιν.
390 825 411 862 ι
1572 850 1574 852 ,

261 920 284 955 ι
336 901 648 976 ’Δπηγγὲλη
689 904 756 976 τῇ
786 901 985 976 Θάμαρ
1025 900 1308 970 λέγοντεςο
1345 900 1476 957 Ἰδοὺ
1512 903 1542 954 ὁ
1576 899 1770 954 πενθε-

191 996 282 1068 ρός
314 1012 408 1050 σου
454 993 738 1052 άναϐαίνει
782 996 969 1068 κεῖραι
1009 992 1082 1050 τὰ
1126 994 1378 1066 πρόϐατα
1418 990 1608 1048 αὐτοῦ.
1655 991 1770 1046 Kal

193 1086 492 1160 ἀφελομένη
527 1085 597 1142 τά
645 1085 837 1157 ίμάτια
871 1088 970 1158 τῆς
1013 1083 1330 1163 χηρεύσεως
1381 1082 1573 1153 αὐτῆς,
1608 1099 1768 1153 περι-

193 1178 349 1234 ἔϐαλε
385 1177 447 1231 τὸ
478 1176 782 1252 θέριστρον,
813 1178 908 1232 καὶ
940 1177 1373 1238 ἐκαλλωπῑσατο,
1392 1176 1487 1230 καὶ
1515 1173 1768 1229 ἐκάθισεν

192 1272 246 1324 ἐν
293 1270 514 1343 παρόδῳ
547 1269 763 1342 Θαμνᾷ.
799 1264 920 1323 Εἷδε
952 1268 1061 1341 γὰρ
1103 1269 1188 1322 ὅτι
1229 1267 1404 1340 μέγας
1428 1266 1621 1338 γέγονε
1662 1265 1768 1337 Ση-

191 1364 342 1436 λὼμο
372 1363 534 1427 αὐτὸς
579 1363 636 1418 δὲ
684 1364 746 1416 οὗ
787 1361 1019 1417 δέδωκεν
1052 1361 1216 1418 αὐτὸν
1252 1361 1333 1424 είς
1368 1362 1620 1430 γυναῖκα.
1656 1357 1769 1412 Kal

191 1456 313 1510 ίδὼν
354 1455 554 1519 Ἰούδας
578 1454 769 1527 αὐτὴν,
796 1453 1033 1520 ἐξέκλινε
1071 1452 1210 1524 πρὸς
1252 1453 1444 1522 αὐτὴν,
1492 1451 1587 1506 καὶ
1612 1445 1768 1506 εἶπεν

192 1550 322 1620 αὐτῇ
345 1564 360 1580 '
396 1548 596 1629 Ἐασρν
646 1564 713 1619 με
755 1545 1018 1601 εἰσελθεῖν
1067 1545 1205 1617 πρὸς
1231 1543 1315 1598 σέ.
1343 1545 1418 1598 Οὐ
1451 1543 1561 1614 γὰρ
1600 1541 1763 1612 ἔγνω,

191 1641 268 1694 ὅτι
296 1639 483 1711 νύμφη
513 1637 677 1693 αὑτοῦ
716 1639 881 1696 ἐστιν.
924 1639 994 1693 Ἦ
1022 1637 1080 1692 δὲ
1117 1632 1240 1692 εἷπε
1264 1653 1281 1668 ⁸
1313 1637 1378 1691 Τί
1416 1653 1505 1709 μοι
1551 1633 1762 1699 δώσεις,

189 1733 280 1786 ἐὰν
330 1732 579 1804 εἰσέλθῃς
628 1731 766 1803 πρός
823 1747 931 1802 με;
1011 1731 1070 1784 '0
1120 1729 1178 1784 δέ
1228 1724 1416 1783 εἶπεν
1485 1726 1628 1797 Ἐγώ
1682 1743 1764 1780 σοι

189 1824 500 1879 ἀποστέλλω
522 1795 721 1897 ’ἔριφον
749 1795 925 1892 αίγῶν
947 1823 1014 1876 ἐκ
1053 1821 1163 1875 τῶν
1199 1819 1487 1894 προϐάτων
1525 1795 1649 1890 μου.
1697 1818 1762 1870 Ἢ
1797 1795 1839 1851 Β

188 1917 242 1970 δὲ
281 1911 406 1970 εῐπε
429 1933 445 1948 θ
475 1916 577 1980 Δὸς
613 1914 931 1988 ἀρραϐῶνα,
975 1914 1080 1978 ἕως
1102 1914 1168 1970 οὗ
1211 1913 1530 1967 ἀποστεῖλαί
1584 1929 1668 1965 σε.
1702 1911 1792 1966 '0.

188 2010 240 2064 δὲ
269 2002 422 2076 εἷπε·
469 2008 604 2062 Τίνα
644 2007 801 2062 δώσω
831 2024 914 2061 σοι
942 2007 1262 2080 ἀρραϐῶνα.
1316 2006 1378 2060 Ἦ
1412 2005 1468 2060 δὲ
1496 2002 1617 2059 εῐπε
1641 2021 1656 2035 ο
1688 2003 1762 2057 Th

186 2102 466 2158 δακτύλιόν
496 2119 616 2168 σου,
649 2101 744 2157 καὶ
775 2099 865 2156 τδν
890 2101 1175 2176 ὁρμίσκον,
1201 2100 1296 2155 καὶ
1321 2099 1419 2171 τὴν
1448 2098 1640 2168 ῥάϐδον
1663 2098 1763 2169 τὴν

186 2198 242 2250 ἐν
270 2198 336 2268 τῇ
358 2195 504 2267 χειρί
535 2212 649 2250 σου.
695 2193 805 2248 Kal
829 2191 1032 2248 ἔδωκεν
1069 2193 1232 2265 αὐτῇ,
1264 2192 1358 2247 καὶ
1378 2189 1599 2261 εἰσῆλθε
1625 2189 1764 2264 πρὸς

182 2288 372 2361 αὐτὴν,
394 2288 492 2342 καὶ
523 2288 581 2340 ἐν
608 2287 808 2358 γαστρὶ
835 2285 1031 2342 ἐλαϐεν
1048 2284 1178 2358 παρ’
1209 2283 1396 2340 αὐτοῦ.
1431 2276 1456 2336 ι’

251 2381 534 2451 Σχόλιον.
567 2379 746 2452 ΙΤρεϊς
796 2377 946 2443 uiola;
989 2375 1146 2449 ἔσχεν
1200 2378 1230 2431 ὁ
1276 2376 1373 2446 τῆς
1405 2373 1606 2447 Θάμαρ
1637 2389 1765 2429 πεν-

184 2473 339 2544 θερδς
383 2469 610 2539 Ἰούδας,
645 2471 741 2526 καὶ
787 2470 913 2534 τοὺς
945 2469 1040 2523 δύο
1091 2467 1214 2524 καθ’
1255 2469 1352 2524 ’ἐνα
1395 2463 1465 2540 ἦν
1519 2466 1766 2546 συνάψας

183 2567 340 2640 αὐτῇ.
390 2565 504 2620 Kal
551 2565 627 2628 ὡς
676 2562 905 2629 ἄπαιδες
954 2560 1352 2635 ἐτελεύτσηαν,
1404 2562 1764 2635 παρῃτήσατο

182 2659 274 2712 τὸν
295 2656 480 2730 τρίτον
518 2654 684 2711 αὐτοῦ
715 2654 949 2726 συνάψαι
978 2654 1115 2726 αὐτῇ
1142 2653 1277 2720 υἱὸν,
1301 2652 1625 2725 εὐλαϐηθεὶς
1656 2655 1765 2724 μή·

186 2767 314 2804 ποτε
361 2749 462 2804 καὶ
506 2747 668 2814 αὐτὸς
696 2749 1017 2822 τελευτήσῃ,
1067 2745 1265 2818 Θάμαρ
1301 2741 1395 2800 οὖν
1431 2747 1510 2810 είς
1557 2745 1619 2798 τὸ
1662 2743 1763 2814 τῆς

183 2843 442 2906 ἀτεκνίας
477 2841 675 2906 ὄνειδος
705 2839 1098 2914 περιπεσοῦσα,
1120 2839 1214 2893 καὶ
1246 2838 1337 2893 τὸν
1368 2837 1474 2894 άπὸ
1494 2835 1594 2908 τῆς
1625 2852 1762 2906 πορ-

186 2936 328 2999 νείας
379 2934 628 2990 κίνδυνον
691 2934 1044 3015 ὑφορωμένη,
1097 2932 1381 3004 οἰκονομίᾳ
1438 2929 1761 3002 χρησαμένη

187 3031 324 3085 κατὰ
357 3029 456 3084 τοῦ
488 3029 656 3100 αὐτῆς
679 3026 986 3099 ’πενθεροιλ
1023 3024 1224 3098 ἐμίχθη
1264 3023 1435 3095 αὐτῷ,
1470 3023 1565 3076 καὶ
1591 3021 1762 3075 τίκτει

184 3121 242 3186 ἐξ
267 3120 439 3175 αὐτοῦ
464 3120 659 3182 παῖδας
679 3118 795 3187 δύο,
828 3119 918 3172 τὸν
938 3118 1113 3189 Φαρὲς
1142 3115 1236 3170 καὶ
1264 3114 1355 3168 τὸν
1385 3115 1550 3183 Ζαρᾶ.

1871 525 2036 593 idola,
2068 537 2122 583 et
2151 528 2340 600 injecit
2372 545 2435 586 ea
2477 531 2532 586 in
2585 542 2887 589 stramenta
2924 537 3142 602 cameli,
3201 547 3256 594 ct
3302 542 3447 596 sedit

1869 629 2036 687 super
2057 615 2172 683 eis;
2197 625 2251 671 et
2276 617 2417 673 dixit
2449 621 2592 690 patri
2630 637 2730 677 suo
2763 641 2776 677 :
2811 621 2926 679 Non
2963 641 3187 696 possum
3220 645 3447 702 surgere

1868 722 2054 765 coram
2085 717 2160 776 te,
2179 710 2308 783 quia
2340 727 2462 783 qua:
2482 725 2741 772 consueta
2773 725 2902 773 sunt
2929 721 3288 791 mulieribus,
3312 726 3446 783 mihi

1868 800 2210 862 acciderunt.
2239 822 2260 856 ι
2378 801 2384 808 ”

1940 888 2070 949 Gen.
2103 890 2332 962 xxxviii,
2367 896 2558 955 15-18.
2587 931 2658 942 --
2688 920 2706 954 ‹
2748 903 2815 958 Ει
2852 906 3168 965 nuntiatum
3195 921 3280 966 est
3305 914 3452 970 Thav

1869 997 2006 1051 mar,
2037 984 2284 1044 dicentes
2317 1005 2331 1043 :
2378 989 2522 1048 Ecce
2564 1008 2725 1049 socer
2769 1005 2899 1053 tuus
2938 1002 3190 1057 ascendit
3217 1006 3448 1062 tondere

1868 1088 2014 1131 oves
2034 1091 2184 1136 suas.
2219 1076 2285 1132 Et
2315 1078 2574 1156 auferens
2614 1085 2942 1144 vestimenta
2966 1089 3252 1150 viduitatis
3279 1111 3391 1151 suae
3418 1113 3447 1151 a

1868 1181 1948 1234 se,
1973 1169 2256 1244 cooperuit
2283 1185 2344 1228 se
2387 1173 2675 1241 theristro,
2711 1185 2765 1232 et
2788 1179 3081 1237 adornavit
3109 1199 3191 1249 se,
3222 1193 3276 1242 et
3305 1187 3450 1244 sedit

1867 1258 1924 1316 in
1951 1260 2188 1318 transitu
2215 1262 2484 1320 Thamna.
2502 1264 2651 1322 Vidit
2680 1270 2849 1338 enim,
2867 1270 2995 1343 quia
3013 1276 3240 1344 grandis
3271 1277 3447 1335 factus

1867 1361 1950 1408 est
1979 1353 2156 1409 Selom
2191 1372 2205 1409 :
2240 1356 2357 1426 ipse
2379 1367 2559 1414 autem
2593 1375 2702 1416 non
2740 1361 2888 1420 dedit
2919 1379 3042 1422 eam
3087 1367 3163 1422 illi
3196 1385 3445 1429 uxorem.

1868 1440 1934 1496 Et
1969 1444 2158 1501 videns
2187 1445 2378 1515 Judas,
2421 1449 2714 1509 declinavit
2771 1455 2839 1510 ad
2877 1471 3021 1525 eam,
3064 1470 3120 1515 et
3166 1461 3306 1517 dixit
3345 1465 3392 1519 ei
3429 1483 3443 1519 :

1871 1534 2047 1592 Sinito
2094 1555 2179 1594 me
2218 1540 2426 1598 intrare
2474 1544 2542 1599 ad
2573 1552 2654 1611 te;
2709 1563 2818 1604 non
2865 1550 3011 1606 enim
3061 1555 3282 1624 agnovit
3317 1561 3447 1628 quia

1868 1644 2043 1684 nurus
2076 1646 2174 1686 sua
2206 1641 2310 1688 est.
2365 1635 2433 1688 At
2465 1637 2556 1691 illa
2593 1638 2730 1693 dixit
2765 1657 2785 1694 :
2829 1640 2975 1708 Quid
3033 1645 3166 1701 mihi
3205 1648 3361 1706 dabis
3398 1653 3445 1707 si

1869 1713 2159 1773 intraveris
2192 1719 2260 1773 ad
2295 1723 2422 1776 me?
2449 1726 2536 1779 cui
2565 1727 2640 1779 ait
2670 1744 2686 1783 :
2723 1729 2839 1798 Ego
2890 1729 2986 1788 tibi
3030 1736 3187 1792 mitto
3229 1738 3442 1796 haedum

1868 1823 2157 1879 caprarum
2180 1811 2249 1867 de
2278 1815 2476 1872 ovibus
2508 1819 2664 1876 meis.
2701 1821 2798 1878 Illa
2832 1839 2962 1880 vero
2983 1826 3123 1883 dixit
3151 1848 3166 1886 :
3199 1829 3274 1885 Da
3313 1807 3442 1888 mihi

1866 1905 2253 1986 arrhabonem,
2293 1908 2467 1965 donec
2521 1921 2578 1967 tu
2629 1912 2838 1972 mittas.
2891 1916 2986 1974 Ille
3031 1928 3212 1976 autem
3260 1923 3438 1980 dixit:

1870 1991 2039 2058 Quem
2063 1994 2169 2066 tibi
2199 1998 2339 2053 dabo
2366 2000 2769 2059 arrhabonem?
2797 2005 2867 2059 At
2897 2006 2986 2061 illa
3018 2010 3154 2067 dixit
3192 2030 3208 2068 :
3254 2014 3442 2067 Annu-

1869 2083 1980 2138 lum
2018 2091 2193 2153 tuum,
2225 2098 2553 2159 et_parvum
2597 2094 2817 2161 monile,
2849 2110 2914 2151 ac
2958 2098 3166 2171 virgam
3203 2120 3325 2174 quae.
3357 2114 3441 2161 est

1868 2172 1924 2230 in
1959 2191 2123 2233 manu
2151 2188 2261 2235 tua.
2293 2180 2360 2235 Et
2386 2181 2538 2240 dedit
2569 2184 2642 2254 ei,
2684 2193 2739 2242 et
2773 2187 3000 2247 intravit
3031 2192 3099 2246 ad
3138 2172 3275 2250 eam.
3310 2197 3442 2263 Quae

1793 2344 1799 2351 _
1868 2267 1924 2346 in
1953 2276 2110 2331 utero
2133 2275 2383 2343 concepit
2409 2292 2474 2332 ex
2507 2291 2594 2333 eo.
2624 2297 2645 2332 ι

1940 2361 2118 2420 Schol.
2146 2395 2214 2406 -—
2235 2364 2372 2426 Tres
2399 2369 2541 2428 filios
2568 2372 2760 2432 habuit
2787 2374 2956 2433 Judas
2987 2392 3145 2436 socer
3177 2381 3439 2446 Thamar,

1869 2457 1958 2513 cui
2002 2456 2143 2515 duos
2201 2456 2522 2533 singulatim
2567 2465 2624 2521 in
2659 2469 3072 2528 matrimonium
3129 2473 3439 2533 collocavit.

1869 2546 2117 2620 Cumque
2150 2551 2240 2606 ille
2298 2552 2418 2609 sine
2456 2554 2647 2613 liberis
2690 2557 3078 2629 decessissent,
3127 2566 3348 2621 tertium
3386 2569 3442 2623 ei

1869 2642 2130 2711 copulare
2151 2647 2461 2716 recusavit;
2487 2646 2697 2707 veritus
2719 2648 2951 2718 scilicet,
2979 2671 3049 2712 ne
3071 2664 3125 2712 et
3149 2658 3196 2714 is
3223 2674 3442 2730 quoque

1870 2744 2197 2792 moreretur.
2225 2735 2462 2815 Thamar
2495 2741 2683 2813 itaque
2709 2744 2765 2801 in
2806 2747 3075 2817 probrum
3131 2751 3444 2809 sterilitatis

1869 2825 2045 2896 lapsa,
2093 2836 2146 2884 et
2203 2829 2587 2890 fornicationis
2644 2838 2950 2907 periculum
3001 2850 3274 2910 metuens,
3320 2853 3442 2902 arte

1870 2918 2105 2988 quadam
2141 2929 2195 2977 et
2228 2925 2466 2981 consilio
2486 2928 2752 2985 adversus
2780 2945 3035 2988 socerum
3066 2949 3231 2990 suum
3256 2944 3438 3005 utens,

1869 3011 1920 3065 ei
1951 3027 2010 3067 se
2036 3014 2404 3081 commiscuit,
2454 3018 2704 3091 duosque
2737 3037 2804 3077 ex
2846 3022 2966 3096 ipso
3015 3024 3159 3084 filios
3188 3029 3437 3096 sustulit,

1870 3101 2075 3160 Phares
2109 3107 2366 3163 nimirum
2389 3117 2445 3165 et
2479 3110 2640 3168 Zara.

891 3165 1112 3282 Μωῦδσῇν
1144 3210 1210 3280 τῇ
1254 3165 1487 3280 θυγατρί
1533 3204 1758 3280 Φαραώ·

1944 3195 2118 3254 Exod.
2156 3214 2218 3265 ιι,
2253 3200 2404 3269 ,7-10.
2527 3165 2721 3261 ivliixit
2753 3221 2914 3265 soror
2937 3208 3140 3283 Moysis
3179 3212 3246 3268 ad
3270 3213 3438 3271 ﬁliam

183 3299 369 3363 Θέλεις
420 3296 639 3352 καλέσω
693 3312 774 3350 σοι
829 3298 1062 3366 γυναῖκα
1110 3293 1486 3367 τροφεύουσαν
1539 3295 1604 3347 ἐκ
1651 3292 1759 3346 τῶν

195 3391 484 3464 Ἐϐραίων,
518 3392 612 3444 καὶ
655 3388 880 3460 θηλάσει
933 3406 1015 3443 σοι
1059 3386 1120 3441 τὺ
1173 3387 1383 3441 παιδίον
1414 3403 1428 3453 ;
1463 3385 1575 3440 Kal
1614 3383 1768 3439 εἶπεν

184 3485 320 3554 αὐτῇ
370 3483 404 3556 ἡ
455 3481 703 3555 θυγάτηρ
751 3479 970 3553 Φαραῶ,
1024 3479 1291 3551 Πορεύου.
1332 3477 1597 3533 Ἐλθοῢσα
1635 3477 1762 3549 δέὴ

185 3578 385 3642 νεᾶνις,
408 3574 639 3630 ἐκάλεσε
682 3572 783 3647 τὴν
826 3571 1043 3646 μητέρα
1094 3569 1187 3626 τοῦ
1233 3569 1471 3625 παιδίου.
1512 3565 1646 3624 Eine
1699 3568 1759 3624 δὲ

184 3667 320 3740 πρὸς
351 3667 526 3740 αὐτὴν
573 3667 608 3738 ἡ
648 3665 895 3739 θυγάτηρ
936 3665 1166 3738 Φιραῶο
1191 3663 1534 3736 Διατήρησὸν
1578 3679 1670 3735 μοι
1698 3661 1759 3717 τὸ

185 3759 397 3814 παιδίον
421 3758 604 3825 τοῦτο,
654 3759 750 3814 καὶ
799 3757 1032 3832 θήλασόν
1071 3775 1160 3830 μοι
1195 3756 1360 3813 αὐτό·
1392 3754 1503 3827 ἐγὼ
1531 3755 1587 3810 δὲ
1609 3753 1766 3810 δώσω

187 3866 267 3903 σοι
304 3849 396 3903 τὸν
431 3846 650 3920 μισθόν.
693 3847 806 3903 Kal
852 3846 1042 3902 ἐλαϐεν
1069 3849 1102 3918 ή
1133 3846 1272 3917 γυνὴ
1303 3846 1363 3900 τὸ
1393 3845 1630 3917 παιδίον,
1669 3845 1766 3900 καὶ

181 3940 446 4009 ἐθήλασεν
477 3942 629 3997 αὐτό.
667 3960 687 3994 ι

256 4057 275 4090 ι
326 4037 672 4093 Ἀπέστειλεν
718 4026 1036 4109 Ἰησοῦςσύο
1067 4037 1266 4109 ἄνδρας
1301 4037 1364 4090 ἐκ
1412 4033 1590 4104 Early.
1635 4052 1764 4089 σκο-

185 4131 382 4185 πεῦσαι
420 4130 522 4203 τὴν
579 4132 682 4201 γῆν
726 4131 823 4184 καὶ
868 4128 965 4200 τὴν
1007 4128 1232 4201 Ἰεριχῶ.
1261 4129 1370 4183 Kal
1400 4128 1651 4198 εἰσῆλθον
1683 4128 1763 4191 είς

183 4225 359 4280 οἰκίαν
387 4223 646 4296 γυναικὸς
694 4225 921 4295 πόρνης,
1029 4224 1200 4296 ὄνομα
1244 4222 1433 4287 Ῥαὰϐ,
1481 4225 1578 4279 καὶ
1632 4238 1763 4276 κατ-

183 4319 379 4374 έλυσαν
429 4319 568 4374 ἐκεῖ.
601 4317 710 4372 Kal
738 4318 1028 4387 ἀπηγγέλη
1065 4316 1144 4386 τῷ
1173 4315 1383 4387 βασιλεῖ
1417 4315 1643 4388 Ἰεριχὼ,
1676 4313 1762 4367 λε-

181 4414 387 4482 γόντων
407 4428 424 4444 ·
472 4411 940 4482 Εἰσπεπόρευνται
973 4402 1076 4465 ὧδε
1105 4410 1297 4480 ἄνδρες
1345 4408 1453 4462 τῶν
1499 4407 1631 4463 υίῶν
1662 4406 1762 4461 Ἰσ-

183 4505 322 4576 ραὴλ
346 4505 794 4560 καταποπεῦσαι
831 4503 928 4578 τὴν
967 4504 1090 4574 γῆν.
1123 4505 1233 4557 Kal
1263 4501 1580 4556 ἀπέστειλεν
1607 4501 1636 4554 ὁ
1662 4498 1758 4585 Ba-

183 4595 367 4660 σιλεὺς
406 4593 641 4668 ’1εριχῶ,
671 4594 766 4650 καὶ
797 4588 951 4648 εἶπεν
983 4591 1124 4665 πρὸς
1161 4589 1354 4654 Ῥαὰϐ,
1382 4589 1562 4657 λέγων
1585 4604 1599 4619 °
1637 4583 1756 4653 ‘E€-

181 4688 352 4757 άγαγε
369 4688 498 4752 τοὺς
524 4685 1006 4760 εἰσπορευομένους
1025 4685 1106 4746 είς
1125 4681 1223 4754 τὴν
1243 4682 1418 4735 οίκίαν
1442 4697 1536 4732 σου
1567 4679 1753 4732 νύκτα.

182 4778 641 4836 Κατασκοπεῦσαι
670 4778 782 4851 γάρ
809 4777 908 4849 τὴν
938 4777 1040 4846 γῆν
1073 4775 1299 4846 ἦκασιν·
1325 4774 1418 4825 καὶ
1451 4770 1688 4826 λαϐοῦσα
1723 4772 1756 4841 ἡ

183 4876 317 4945 γυνὴ
359 4873 489 4937 τοὺς
534 4871 753 4942 ἄνδρας,
791 4870 1045 4940 ἔκρυψεν.
1090 4867 1197 4921 Kal
1240 4862 1391 4919 εἶπεν
1417 4883 1429 4895 ·
1467 4861 1756 4934 Είσεληλύ-

182 4965 304 5019 θασι
340 4964 478 5035 πρός
513 4979 580 5034 με
609 4963 660 5016 οί
703 4961 995 5033 ἄνθρωποι,
1030 4960 1103 5021 ὡς
1131 4959 1184 5011 δὲ
1219 4959 1248 5028 ἡ
1283 4956 1758 5026 πύληέκέκλειστο

181 5059 237 5110 ἐν
267 5054 346 5127 τῷ
374 5056 577 5118 σκότει,
603 5052 698 5109 καὶ
723 5053 772 5105 οἱ
792 5052 979 5120 ἄνδρες
1007 5050 1248 5118 ἐξῆλθον,
1276 5051 1368 5102 καὶ
1402 5049 1499 5101 οὐκ
1530 5049 1756 5100 ἐπίστα-

183 5166 278 5220 μαι
309 5147 413 5200 ποῦ
445 5144 830 5216 πεπόρευνται.
853 5145 962 5198 Kal
993 5141 1357 5204 xaraﬁto'iiara
1378 5139 1554 5192 ὀπίσω
1577 5139 1758 5192 αὐτῶν

184 5243 278 5294 καὶ
314 5235 704 5307 καταλήψεσθε
756 5234 975 5297 αὐτούς.
1016 5233 1168 5304 Αὕτη
1199 5233 1256 5286 δὲ
1296 5230 1618 5286 ἀνεϐίϐασεν
1659 5228 1757 5282 αὑ-

179 5331 304 5393 τοὺς
356 5330 450 5383 ἐπὶ
495 5327 559 5382 τὸ
604 5327 777 5399 δῶμα,
811 5327 905 5381 καὶ
935 5325 1166 5398 ἔκρυψεν
1200 5327 1258 5378 ἐν
1302 5327 1410 5384 τοῖς
1448 5322 1627 5391 ξύλοις
1654 5325 1757 5394 τῆς

177 5421 566 5493 ληνοκαλάμης
606 5421 703 5491 τῆς
749 5418 1176 5489 ἐστοιϐασμένης
1206 5418 1346 5490 αὐτῇ
1380 5416 1474 5470 ἐπὶ
1505 5415 1599 5470 τοῦ
1652 5414 1756 5469 δώ-

184 5531 372 5582 ματος.
397 5514 511 5568 Kal
536 5514 585 5569 οἱ
612 5511 803 5585 ἄνδρες
825 5510 1150 5574 κατεδίωξαν
1188 5509 1365 5563 ὀπίσω
1409 5507 1588 5562 αὐτῶν
1636 5508 1757 5561 ὁδὸν

170 5603 275 5676 «τὴν
305 5603 398 5659 ἐπὶ
427 5599 523 5658 τοῦ
561 5601 825 5673 Ἰορδάνου
870 5602 962 5655 ἐπὶ
1012 5599 1111 5665 τάς
1162 5598 1461 5662 διαϐάσεις.
1495 5597 1608 5651 Kal
1634 5597 1756 5666 ἐγέ-

180 5713 303 5750 νετο
347 5697 424 5760 ὡς
458 5694 678 5764 ἐξῆλθον
719 5697 767 5748 oi
795 5691 1103 5758 διώκοντες,
1134 5692 1274 5765 αὕτη
1306 5691 1472 5762 ἀνέϐη
1503 5692 1639 5763 πρὸς
1670 5692 1758 5745 αὖ·

183 5791 305 5852 τοὺς
355 5786 447 5842 ἐπὶ
497 5786 592 5841 τοῦ
641 5785 910 5858 δώματος.
958 5786 1054 5840 καὶ
1089 5781 1242 5840 εἶπεν
1286 5785 1502 5849 αὐτοῖς·
1541 5787 1629 5850 Εἰς
1657 5783 1758 5856 τὴν

463 5884 733 5947 Parnm“
769 5883 885 5946 Gn.
919 5883 1088 5946 XCV.

1871 3290 2173 3350 Pharaonis
2201 3312 2216 3350 :
2247 3293 2344 3351 Vis
2375 3302 2437 3351 ut
2466 3311 2652 3354 vocem
2691 3299 2791 3357 tibi
2843 3301 3124 3359 mulierem
3169 3307 3438 3364 nutricem

1868 3398 1936 3441 ex
1965 3385 2226 3454 Hebraeis,
2260 3399 2313 3443 et
2342 3389 2569 3446 lactabit
2613 3391 2713 3448 tibi
2754 3393 3047 3453 infantem.
3102 3396 3167 3452 Et
3204 3398 3341 3455 dixit
3388 3403 3440 3457 ei

1869 3477 1978 3532 illia
2005 3477 2304 3537 Pharaonis
2331 3499 2345 3537 :
2376 3481 2548 3537 Vade.
2569 3482 2821 3540 Profecta
2845 3493 3025 3542 autem
3054 3489 3440 3559 puella,voca-

1871 3569 1949 3624 vit
1977 3581 2207 3640 matrem
2239 3576 2416 3645 pueri.
2451 3575 2595 3632 Dixit
2622 3585 2803 3634 autem
2825 3564 2894 3635 ad
2919 3596 3040 3637 eam
3065 3574 3174 3638 filia
3193 3583 3441 3644 Pharao-

1870 3661 1958 3718 nis
1991 3681 2007 3719 :
2041 3662 2207 3720 Serva
2247 3666 2376 3721 mihi
2416 3666 2676 3726 infantem
2731 3670 2938 3742 istum,
2992 3681 3048 3748 et
3106 3675 3250 3732 iacta
3304 3680 3439 3735 mihi

1866 3754 2057 3824 illum;
2091 3773 2191 3830 ego
2217 3775 2350 3815 vero
2393 3761 2536 3817 dabo
2566 3763 2664 3819 tibi
2714 3766 3046 3825 mercedem.
3097 3767 3163 3824 Et
3224 3773 3439 3844 accepit

1868 3848 2065 3904 mulier
2089 3847 2391 3924 infantem,
2413 3861 2466 3909 et
2505 3853 2724 3913 lactavit
2757 3871 2904 3914 eum.
2939 3876 2960 3910 ι

1935 4025 2100 4090 Iosue
2127 4044 2190 4097 ιι,
2223 4033 2274 4086 1.
2299 4060 2368 4108 ττ
2392 4051 2412 4084 ι
2444 4033 2594 4092 Μῑειι
2617 4035 2774 4094 .lesus
2800 4039 2941 4097 duos
2975 4041 3124 4098 viros
3159 4041 3228 4097 de
3262 4041 3436 4100 Satim

1827 4170 1837 4179 .
1865 4119 1931 4176 ad
1957 4121 2346 4200 explorandam
2380 4131 2606 4194 terram,
2640 4137 2696 4185 et
2719 4125 2962 4190 Iericho.
2997 4132 3062 4188 Et
3091 4135 3440 4192 intraverunt

1864 4216 2088 4271 domum
2141 4217 2389 4274 mulieris
2419 4221 2754 4292 meretricis,
2812 4225 2901 4280 cui
2933 4242 3134 4284 nomen
3169 4226 3342 4298 Raab,
3381 4239 3438 4287 et

1863 4307 2202 4364 diverterunt
2260 4310 2355 4366 ibi.
2386 4310 2451 4368 Et
2481 4315 2793 4400 nuntiatum
2826 4325 2910 4373 est
2938 4319 3050 4390 regi
3078 4315 3319 4389 Iericho,
3347 4322 3438 4377 di—

1863 4410 2052 4456 centes
2085 4421 2099 4455 :
2137 4401 2374 4474 ingressi
2407 4412 2541 4460 sunt
2593 4403 2699 4460 huc
2726 4405 2831 4462 viri
2883 4407 2952 4462 de
3002 4408 3129 4466 ﬁliis
3163 4409 3328 4467 lsrael
3367 4413 3436 4467 ad

1866 4493 2257 4564 explorandam
2297 4503 2524 4552 terram.
2556 4495 2624 4551 Et
2652 4497 2803 4556 misit
2830 4514 2922 4555 rex
2965 4497 3209 4570 Iericho,
3260 4509 3314 4558 et
3358 4505 3440 4559 ait

1866 4581 1933 4636 ad
1969 4579 2120 4638 Raab
2169 4583 2358 4640 dicens
2393 4603 2406 4638 :
2452 4582 2604 4641 Educ
2633 4601 2732 4643 eos
2763 4587 2856 4657 qui
2897 4587 3136 4658 ingressi
3165 4600 3298 4647 sunt
3338 4591 3438 4647 do-

1865 4689 2010 4729 mum
2040 4685 2188 4730 tuam
2226 4684 2386 4731 nocte
2420 4695 2434 4733 ι
2474 4693 2601 4734 nam
2661 4677 2729 4736 ad
2781 4665 3187 4751 explorandam
3232 4693 3434 4740 terram

1863 4776 2130 4821 venerunt
2157 4767 2325 4838 (atqui
2360 4769 2556 4825 mulier
2587 4769 2869 4842 accipiens
2899 4764 3072 4840 viros,
3127 4773 3438 4832 absconde—

1861 4857 1990 4924 rat).
2024 4857 2086 4911 Et
2112 4858 2250 4912 dixit
2278 4879 2293 4916 :
2327 4860 2566 4933 ingressi
2601 4866 2736 4918 sunt
2770 4863 2840 4919 ad
2879 4879 2966 4921 me
3000 4865 3252 4922 homines
3285 4886 3299 4922 :
3339 4870 3433 4924 sed

1864 4963 1986 5003 cum
2025 4963 2176 5020 porta
2209 4952 2559 5010 clauderetur
2610 4954 2666 5009 in
2700 4954 2968 5023 tenebris,
3004 4967 3057 5015 et
3092 4958 3196 5014 viri
3226 4961 3436 5031 egressi

1861 5051 2011 5110 sunt,
2045 5055 2097 5098 ct
2127 5046 2313 5101 nescio
2345 5062 2454 5116 quo
2488 5047 2705 5104 iverint.
2737 5046 3141 5122 Persequimini
3168 5061 3289 5122 post
3315 5068 3432 5120 eos,

1860 5145 1913 5193 et
1947 5138 2423 5209 comprehendetis
2453 5155 2568 5195 eos.
2597 5139 2715 5212 ipsa
2750 5149 2932 5198 autem
2975 5144 3273 5202 ascendere
3305 5145 3444 5201 fecit.

1858 5245 1952 5286 eos
1987 5231 2041 5285 in
2073 5231 2333 5287 solarium
2369 5241 2461 5289 :et
2493 5234 2795 5290 occultavit
2813 5233 2868 5290 in
2891 5234 3056 5307 lignis
3091 5237 3184 5293 lini
3215 5237 3434 5308 stipulae

1857 5322 2183 5393 constipata:
2214 5323 2318 5381 sibi
2369 5340 2536 5397 super
2574 5321 2860 5385 solarium.
2895 5325 2962 5383 Et
2996 5329 3096 5383 viri
3155 5332 3431 5399 persecuti

1859 5423 1989 5471 sunt
2021 5422 2146 5486 post
2192 5431 2288 5473 eos
2318 5416 2486 5485 viam,
2527 5434 2648 5490 quae
2691 5425 2775 5474 est
2822 5434 2986 5491 Super
3028 5418 3324 5476 Jordaucm
3361 5421 3433 5477 ad

1857 5507 2018 5564 vada.
2055 5508 2121 5563 Et
2171 5509 2375 5566 factum
2436 5519 2551 5580 est,
2597 5521 2887 5584 postquam
2950 5515 3204 5570 exierunt
3247 5530 3432 5585 persc-

1858 5610 2112 5672 quentcs,
2149 5600 2266 5673 ipsa
2299 5603 2550 5659 ascendit
2587 5605 2652 5660 ad
2683 5606 2807 5661 illos
2843 5606 2895 5661 in
2929 5605 3215 5672 solarium,
3268 5605 3430 5659 dixit-

1861 5709 1965 5763 que
1995 5694 2076 5750 eis
2116 5712 2132 5748 :
2179 5692 2236 5749 In
2293 5707 2608 5750 montanam
2642 5697 2807 5763 abite,
2848 5714 2915 5753 ne
2957 5698 3095 5753 forte
3136 5704 3430 5751 occurrent

1867 5787 2020 5843 vobis
2059 5798 2454 5862 persequentes
2486 5805 2605 5848 vos.
2637 5799 2688 5845 ct
2723 5791 3007 5847 latitabitis
3049 5790 3119 5842 ibi
3155 5798 3266 5843 tres
3289 5788 3427 5855 dies,

2998 5886 3069 5944 39
