4010 6302
572 340 708 409 Ῑὲῒῖ

1748 323 1811 385 8⁷.
1836 311 2159 387 ῙΟΑΝΝΙΒ
2197 309 2637 379 ΒᾹΜΑΞΟΕΝΙ

3686 323 3837 389 ιεεε

570 455 930 529 quoadusque
1011 442 1219 503 reversi
1286 450 1491 509 erunt,
1562 438 1658 512 qui
1736 438 2148 510 persequuntur

2269 427 2473 529 »ρεινὴν
2499 428 2792 498 άπέλθατε,
2827 430 2903 504 μὴ
2946 433 3352 503 συναντήσωοιν
3380 434 3430 491 οἱ
3463 437 3840 494 καταδιώκον.

577 563 695 606 708.
737 567 757 602 D

538 790 541 793 Α
645 731 673 786 ι
708 728 837 799 Reg.
867 741 978 792 xw,
1022 724 1070 779 Ι.
1097 750 1167 765 --
1202 736 1227 776 ‹
1258 720 1405 776 Dixit
1444 716 1709 773 Dominus
1755 713 1825 771 ad
1871 710 2098 768 Samuel
2131 727 2148 767 :

577 825 747 896 lmple
792 798 980 880 cornu
1027 828 1185 873 tuum
1240 814 1394 879 oleo,
1452 820 1507 866 et
1558 807 1708 872 veni,
1749 804 1966 862 mittam
2000 809 2055 858 te
2094 798 2151 855 in

575 893 853 974 Bethleem
898 912 967 970 ad
1008 910 1195 974 Jessae,
1240 905 1403 978 367
1447 904 1578 976 quia
1623 898 1737 955 vidi
1786 896 1844 953 in
1878 893 2153 966 filiisejus

576 1008 713 1064 inihi
774 1020 981 1079 regem.
1011 1001 1080 1057 Et
1106 999 1247 1056 dixit
1285 995 1512 1053 Samuel
1554 1011 1569 1050 :
1612 989 1900 1059 Quomodo
1937 987 2069 1044 ibo?
2097 997 2154 1042 ct

577 1100 765 1156 audiet
795 1095 948 1165 Sani,
979 1103 1038 1153 et
1068 1091 1359 1150 lnterficiet
1395 1103 1503 1145 me.
1534 1086 1603 1142 Et
1651 1082 1791 1141 dixit
1831 1080 2100 1137 Dominus
2134 1094 2151 1134 :

584 1192 824 1249 Vitulam
844 1189 1012 1246 boum
1046 1200 1180 1257 cape
1208 1184 1263 1240 in
1284 1196 1453 1239 manu
1482 1187 1598 1244 tua,
1629 1188 1682 1233 et
1705 1175 1858 1231 dices
1890 1193 1905 1231 :
1949 1173 2033 1228 Ad
2067 1185 2153 1229 sa-

577 1283 942 1344 crificandum
992 1279 1228 1338 Domino
1268 1275 1455 1334 venio.
1515 1273 1583 1331 Et
1631 1269 1854 1329 vocabis
1900 1267 2070 1324 Jessae
2098 1272 2155 1323 et

579 1377 727 1433 filios
747 1374 870 1446 eius
932 1371 1002 1428 ad
1040 1367 1402 1432 sacrificium,
1454 1374 1509 1421 et
1556 1376 1730 1434 unges
1772 1366 2155 1432 quemcunque

575 1468 771 1525 dixero
795 1464 920 1521 tibi.
940 1461 1010 1518 Et
1040 1460 1169 1519 fecit
1195 1456 1421 1515 Samuel
1446 1454 1649 1521 omnia
1677 1467 1801 1526 qua:
1826 1452 2047 1508 locutus
2071 1456 2156 1506 est

577 1560 844 1617 Dominus
865 1557 937 1614 ei.
971 1573 991 1609 ι

645 1650 830 1710 Schol.
852 1647 992 1706 Hinc
1026 1645 1296 1705 discimus
1326 1640 1601 1699 interdum
1630 1645 1783 1695 certo
1802 1636 2040 1694 consilio
2068 1633 2158 1691 ad-

2247 539 2339 586 τες
2359 523 2525 595 ὑμᾶς,
2551 524 2648 578 καὶ
2674 523 3018 598 κρυϐἠσεσθε
3047 526 3165 582 ἐκεῖ
3190 529 3339 600 τρεῖς
3368 527 3614 602 ἡμέρας,
3630 530 3747 596 ἓως
3775 533 3840 588 ἃν

2249 616 2663 689 ἀναστρέψωσιν
2691 620 2743 673 oi
2777 618 3232 687 καταδιώκοντες.
3268 640 3289 677 ι
3486 684 3491 690 ,

2327 727 2348 763 ι
2383 708 2519 766 Εἷπε
2552 711 2757 784 Κύριος
2809 713 2946 786 πρὸς
2978 715 3235 789 Σαμουήλ
3256 732 3271 748 ’
3305 716 3522 791 [ιλῆσον
3549 720 3615 774 τὸ
3664 719 3840 792 κέρας

2252 819 2345 858 σου
2377 801 2579 867 ελαίου,
2648 806 2742 859 καὶ
2788 804 2948 878 δεῦρο
2993 810 3301 865 ἀποστείλω
3355 828 3417 866 σε
3463 814 3544 876 είς
3583 812 3837 886 Βηθλεὲμ

2250 893 2389 966 πρὸς
2435 894 2655 963 Ἰεσσαὶ,
2701 894 2783 949 ὅτι
2837 896 3064 969 ἑώρακα
3090 900 3149 954 ὲν
3182 902 3298 966 τοῖς
3328 902 3465 967 υἱοῖς
3513 902 3687 958 αὐτοῦ
3720 906 3844 977 ἐμοὶ

2251 987 2332 1053 είς
2363 987 2609 1059 βασιλέα.
2639 989 2750 1045 Kal
2790 987 2913 1046 εἶπε
2946 992 3223 1067 Σαμουὴλ,
3258 994 3385 1061 Πῶς
3415 997 3672 1070 πορευθῶ
3700 1016 3720 1067 ;
3754 1004 3845 1054 καὶ

2252 1082 2545 1138 ἀκούσεται
2579 1081 2773 1150 Σαοὺλ,
2807 1085 2903 1139 καὶ
2938 1084 3233 1143 ἀποκτενεῖ
3268 1106 3359 1160 με.
3404 1092 3516 1145 Καὶ
3556 1090 3687 1147 εἷπε
3732 1095 3843 1147 Κύ-

2255 1191 2401 1248 ριος’
2434 1174 2679 1247 Δάμαλιν
2706 1176 2846 1247 βοῶν
2878 1177 3012 1233 λάϐε
3042 1182 3101 1234 ὲν
3122 1181 3188 1253 τῇ
3226 1181 3370 1254 χειρί
3396 1200 3512 1249 σου,
3535 1185 3635 1240 καὶ
3668 1186 3844 1257 ἐρεῖς,

2252 1265 2423 1323 Θῢσαι
2456 1267 2539 1339 τῷ
2560 1268 2749 1340 Κυρίῳ
2774 1270 2914 1341 ἥκω.
2948 1270 3059 1325 Kal.
3088 1270 3341 1339 καλέσεις
3381 1274 3474 1330 τὸν
3516 1275 3724 1332 Ἰεσσαὶ
3755 1278 3847 1331 καὶ

2252 1359 2379 1426 τοὺς
2402 1361 2550 1427 υίοὺς
2577 1361 2740 1417 αὐτοῦ
2785 1363 2866 1426 είς
2909 1364 3008 1436 τὴν
3039 1364 3252 1434 θυσίαν,
3298 1368 3395 1421 καὶ
3431 1368 3645 1441 κρίσεις
3674 1371 3742 1424 δν
3783 1370 3848 1423 ἂν

2254 1455 2393 1509 εἴπω
2428 1472 2532 1512 σοι.
2585 1455 2699 1511 Καὶ
2745 1455 2999 1530 ἐποίησεν
3045 1460 3074 1513 ὁ
3120 1460 3397 1533 Σαμουὴλ,
3433 1461 3535 1516 ὅσα
3571 1463 3846 1535 ἐλάλησεν

2255 1544 2404 1619 αὗτῷ
2427 1545 2650 1622 Κύριος.
2699 1567 2718 1600 ι

2326 1639 2603 1712 Σχόλιον.
2649 1641 2929 1697 Ἐντεῦθεν
2963 1642 3329 1718 διδασκόμεθα
3352 1648 3411 1702 ἐν
3435 1649 3601 1715 ἐνίοις
3630 1653 3845 1705 οἰκονο-

578 1744 945 1808 ministranda
973 1757 1097 1800 esse
1139 1737 1389 1811 negotia,
1429 1748 1529 1791 nec
1577 1746 1794 1804 semper
1821 1728 2153 1786 auctoritate

900 1839 912 1844 -
1233 1833 1266 1844 -ο
1417 1837 1430 1844 -
1525 1828 1540 1844 ι
1603 1842 1632 1844 ,μ
1698 1821 2148 1844 Ληαμωμη.

2269 1734 2385 1837 μεῖν
2412 1734 2603 1844 χρξίαν
2641 1730 2781 1790 εῖναι
2812 1736 2885 1790 τὰ
2912 1735 3238 1808 πράγματα,
3262 1739 3359 1794 καὶ
3399 1740 3478 1813 τῷ
3521 1741 3700 1815 ὄγκῳ,
3753 1748 3849 1798 καὶ

575 1854 628 1899 et
656 1839 948 1915 petestatis
978 1833 1344 1910 amplitudine
1374 1828 1664 1885 utendum.
1698 1821 2151 1895 Quandoquidem

2269 1823 2335 1896 ιῷ
2381 1825 2605 1896 μεγέθει
2632 1825 2733 1898 τῆς
2765 1825 3014 1894 ἐξουσίας
3050 1827 3376 1902 κεχρῆσθαι.
3430 1831 3490 1886 '0
3532 1831 3645 1905 γὰρ
3680 1834 3845 1897 Θεὸς,

579 1936 748 2003 Deus,
799 1932 892 2006 qui
939 1930 1027 1987 vel
1077 1939 1333 1985 sermone
1375 1922 1495 1981 solo
1554 1936 1645 1977 res
1693 1933 1887 1974 omnes
1928 1922 2075 1972 tenet
2102 1925 2159 1972 et

579 2028 743 2101 regit,
773 2036 828 2082 et
870 2020 1122 2078 funditus
1169 2017 1392 2076 Saulem
1443 2012 1803 2085 exstinguere
1843 2018 1898 2065 et
1925 2009 1981 2064 in
2012 2007 2158 2064 nihl-

577 2121 694 2175 lum
730 2115 985 2187 redigere
1037 2115 1276 2177 poterat,
1329 2105 1624 2179 imperavit
1670 2102 1915 2170 Samuel,
1946 2108 2005 2156 ut
2038 2110 2157 2157 arte

580 2212 823 2285 quadam
863 2203 1338 2281 percontationem
1368 2199 1490 2272 ejus
1529 2198 1804 2254 eluderet.

651 2303 681 2360 1
711 2302 835 2374 Reg.
868 2316 983 2367 xxx,
1034 2296 1216 2355 £9.44.
1258 2321 1328 2335 --
1364 2311 1384 2347 ι
1438 2290 1785 2348 Descendere
1835 2287 1970 2345 facit
2024 2286 2159 2344 Mel-

578 2397 704 2455 cltol
734 2393 905 2451 David
957 2406 1059 2465 per
1087 2389 1423 2447 fenestram:
1478 2394 1535 2442 et
1578 2383 1744 2455 fugit,
1781 2390 1838 2438 et
1885 2381 2157 2447 salvetur,

580 2489 647 2547 Et
679 2486 895 2560 accepit
946 2482 1189 2541 Melcbol
1243 2476 1594 2550 cenotapliia,
1639 2482 1696 2532 et
1746 2473 1936 2547 posuit
1992 2487 2162 2544 super

582 2586 784 2640 lectum
811 2622 828 2649 ,
858 2589 914 2638 et
939 2578 1101 2651 jecur
1141 2587 1464 2647 caprarum,
1497 2579 1551 2628 et
1584 2566 1887 2640 stragulum
1928 2565 2158 2639 capillo-

580 2691 703 2732 rum
723 2673 906 2749 posuit
935 2670 1003 2728 ad
1030 2677 1199 2743 caput
1223 2666 1367 2739 ejus,
1390 2672 1448 2721 et
1469 2662 1690 2735 operuit
1717 2674 1783 2718 ea
1806 2658 2157 2717 vestimento.

583 2766 651 2823 Et
683 2764 840 2823 misit
873 2762 1009 2819 Sani
1068 2758 1298 2816 nuntios
1332 2754 1401 2812 ad
1460 2750 1789 2827 capiendum
1842 2749 2054 2807 David:
2106 2759 2160 2807 et

583 2858 722 2915 dixit
750 2853 1006 2925 Melchol,
1034 2853 1196 2910 illum
1231 2857 1525 2924 aegrotare.
1567 2868 1586 2901 ι

658 2946 1108 3009 Basilii.—Non
1168 2946 1224 3001 in
1278 2944 1441 3002 bellis
1472 2942 1661 3013 modo,
1728 2944 1827 3002 sed
1882 2941 2047 2999 etiam
2101 2941 2158 2997 in

585 3060 742 3118 pace,
795 3044 1074 3115 ingentem
1124 3047 1279 3096 astus
1325 3038 1624 3094 utilitatem
1660 3042 1717 3093 et
1766 3034 2156 3093 necessitatem

2256 1919 2287 1972 ό
2312 1916 2458 1989 λόγῳ
2500 1918 2719 2002 πάντων
2751 1918 2992 1992 κρατῶν,
3052 1921 3147 1976 καὶ
3196 1921 3491 1995 δυνάμενος
3522 1926 3615 1979 τὸν
3664 1926 3850 1981 Σαοὺλ

2258 2012 2428 2083 ἄρδην
2457 2012 2743 2084 ἀφανίσαι,
2768 2013 2867 2070 καὶ
2894 2014 2976 2079 είς
3006 2013 3068 2069 τδ
3098 2014 3447 2090 ἀνύπαρκτον
3473 2019 3845 2091 καταστῆσαι,

2259 2103 2514 2177 ἐνέτρεψε
2564 2104 2645 2178 τῷ
2687 2106 2945 2181 Σαμουὴλ
2983 2107 3194 2181 μεθόδῳ
3249 2109 3360 2165 τινὶ
3386 2111 3849 2181 ἀποκρούσασθαι

2258 2198 2355 2273 τὴν
2385 2199 2478 2254 ὐπ’
2506 2199 2673 2255 αὕτοῦ
2706 2201 3008 2274 γενομένην
3040 2200 3253 2258 πεῦσιν.

2335 2308 2355 2343 ι
2394 2291 2642 2362 Κατάγει
2671 2290 2903 2364 Μελχὼλ
2939 2290 3033 2348 τὸν
3061 2292 3227 2348 Δασὶδ
3242 2292 3333 2349 διὰ
3352 2295 3452 2368 τῆς
3482 2295 3726 2369 θυρίδος,
3752 2298 3850 2353 καὶ

2259 2380 2481 2455 ἔφυγεν,
2513 2385 2607 2438 καὶ
2634 2382 2885 2451 σώζεται.
2930 2385 3041 2439 Kal
3067 2385 3229 2441 ἔλαϐε
3275 2386 3513 2461 Μελχὼλ
3564 2388 3638 2444 τὰ
3684 2407 3849 2445 κενο-

2259 2476 2451 2547 τάφια,
2478 2476 2573 2532 καὶ
2602 2476 2799 2548 ἔθηκεν
2824 2479 2918 2533 ἐπὶ
2937 2480 3036 2551 τὴν
3063 2480 3276 2552 κλίνην,
3310 2484 3406 2537 καὶ
3442 2476 3603 2556 ἧπαρ
3645 2485 3847 2553 αίγῶν,

2261 2571 2356 2626 καὶ
2388 2571 2792 2646 στρογγύλωμα
2828 2571 3054 2644 τριχῶν,
3098 2574 3194 2629 καὶ
3219 2573 3386 2648 ἔθηκε
3423 2578 3564 2650 πρὸς
3601 2578 3847 2650 κεφαλῆς

2260 2662 2446 2731 αὐτοῦ,
2503 2666 2599 2719 καὶ
2649 2664 2923 2737 έκάλυψεν
2958 2664 3101 2722 αὐτὰ
3135 2667 3370 2741 ίματίῳ·
3417 2669 3513 2724 καὶ
3556 2671 3845 2726 ἀπέστειλε

2260 2754 2434 2809 Σαοὺλ
2464 2754 2731 2826 ἀγγέλους
2758 2754 2945 2812 λαϐεῖν
2976 2755 3069 2815 τὸν
3097 2756 3264 2813 Δαόίδ
3281 2773 3296 2789 ο
3328 2758 3427 2814 καὶ
3458 2755 3585 2815 εἶπε
3615 2760 3845 2833 Mallem

2259 2846 2593 2920 ἐνοχλεῖσθαι
2612 2849 2795 2906 αὐτόν.
2839 2868 2858 2903 ι

2339 2945 2454 3000 Οὐκ
2482 2944 2542 3000 ἑν
2568 2948 2680 3009 τοῖς
2712 2945 2973 3018 πολέμοις
3000 2948 3184 3019 μόνον,
3206 2945 3352 3003 ἀλλὰ
3398 2950 3494 3004 καὶ
3544 2949 3605 3003 ἐν
3652 2948 3845 3023 εἰρήνῃ

2262 3037 2464 3111 πολλὴν
2517 3039 2612 3094 καὶ
2646 3040 2952 3110 ἀναγκαίαν
3005 3038 3161 3114 εὖροι
3204 3057 3293 3107 τις
3339 3040 3440 3114 τῆς
3486 3042 3709 3115 ἀπάτης
3751 3046 3843 3113 τὴν

583 3153 711 3196 esse
743 3135 1023 3209 quispiam
1068 3132 1310 3202 reperiat
1339 3147 1353 3187 :
1407 3144 1513 3187 nec
1542 3128 1725 3187 solum
1772 3130 1832 3186 in
1863 3142 2048 3185 rerum
2082 3127 2159 3184 ci-

2269 3132 2475 3205 χρείαν,
2504 3132 2599 3186 καὶ
2627 3132 2689 3186 οὺ
2724 3132 2861 3207 πρὸς
2907 3132 2976 3188 τὰ
3022 3132 3122 3205 τῆς
3152 3134 3365 3199 πόλεως
3410 3134 3717 3207 πράγματα
3753 3137 3845 3207 μό-

586 3234 778 3291 vilium
809 3228 1315 3293 administratione,
1351 3240 1546 3285 verum
1572 3225 1737 3281 etiam
1769 3223 1917 3281 domi
1940 3238 2003 3280 ac
2040 3223 2160 3293 pri-

587 3326 779 3391 vatim,
827 3322 949 3379 viro
996 3335 1126 3393 erga
1172 3333 1423 3385 uxorem,
1458 3325 1512 3374 et
1560 3316 1720 3374 uxori
1770 3330 1901 3387 erga
1951 3315 2158 3381 virum,

589 3433 804 3477 necnon
840 3416 985 3490 patri
1016 3428 1147 3485 erga
1184 3412 1379 3479 filium,
1425 3419 1479 3469 et
1506 3408 1687 3465 amico
1727 3424 1856 3481 erga
1896 3408 2160 3476 amicum,

590 3512 724 3585 quin
757 3520 813 3568 et
844 3509 941 3566 filii
970 3523 1104 3581 erga
1135 3509 1442 3581 parentem.
1475 3502 1758 3575 Siquidem
1806 3501 1917 3558 filia
1977 3498 2163 3558 Saulis

592 3621 703 3662 non
744 3603 851 3659 alia
906 3612 1121 3658 ratione
1160 3600 1339 3654 virum
1369 3611 1437 3651 ex
1468 3595 1620 3651 illius
1670 3592 1928 3650 manibus
1969 3605 2166 3649 eruere

594 3698 794 3771 potuit,
822 3694 941 3759 nisl'
965 3704 1177 3767 patrem
1220 3678 1479 3747 fallendo’.
1538 3688 1683 3755 Quin
1734 3687 1909 3759 ipsius
1940 3700 2166 3758 quoque

594 3793 768 3849 frater
825 3788 1003 3848 eidem
1050 3802 1219 3862 quem
1279 3786 1374 3842 illa
1434 3792 1776 3849 servaverat,
1828 3781 2165 3855 periclitanti

592 3888 828 3946 salutem
879 3882 1077 3943 aﬂ'erre
1134 3894 1359 3938 rursum
1411 3876 1661 3949 cupiens;
1715 3874 1910 3932 iisdem
1963 3875 2168 3947 quibus

594 3997 755 4040 soror
787 3980 959 4039 armis
995 3992 1131 4036 usus
1174 3980 1282 4033 est.
1343 3970 1536 4045 Magna
1574 3970 1721 4026 enim
1752 3968 1840 4026 vis
1870 3967 2007 4026 artis
2034 3976 2121 4025 est
2150 3986 2164 4025 :

593 4073 725 4132 illud
754 4072 919 4129 modo
943 4078 1228 4134 caveatur,
1257 4080 1326 4122 ne
1350 4062 1687 4121 veteratorie
1716 4067 1773 4119 et
1810 4056 2169 4116 fraudulento

594 4167 780 4225 animo
810 4163 1167 4220 adhibeatur.

670 4258 953 4331 Theologi.
976 4286 1049 4299 -—
1084 4252 1400 4312 Fraudibus
1428 4257 1468 4309 ii
1512 4260 1703 4309 omnes
1724 4256 1940 4327 patent,
1974 4239 2067 4319 qui
2100 4244 2171 4304 ad

570 4357 933 4426 .voluptatem
967 4348 1231 4423 propensi
1267 4354 1419 4404 sunt.

672 4446 931 4503 Philonis.
971 4471 1041 4487 --
1086 4441 1208 4498 Non
1265 4438 1447 4498 omnis
1497 4438 1661 4495 dolus
1716 4436 1931 4509 culpari
1982 4435 2167 4494 debet.

593 4541 733 4599 Nam
779 4547 835 4597 et
880 4536 977 4610 qui
1020 4542 1191 4592 noctu
1224 4533 1491 4591 excubias
1536 4538 1730 4604 agunt,
1769 4530 1901 4587 dum
1926 4531 2173 4587 latrones

598 4634 849 4708 capiunt,
882 4639 938 4688 et
965 4628 1203 4687 militum
1248 4625 1515 4699 praefecti,
1551 4626 1744 4682 hostes
1769 4624 2172 4700 aggredienda,

598 4736 751 4786 recte
772 4738 939 4799 agere
975 4728 1317 4779 censentur:
1369 4718 1733 4789 eamdemque
1762 4717 2031 4773 rationem
2074 4718 2175 4773 ba-

2264 3244 2377 3291 νον,
2402 3226 2541 3283 ἀλλὰ
2576 3227 2671 3282 καὶ
2704 3229 2762 3283 ὲν
2793 3225 2961 3301 οἰκίᾳ,
2990 3227 3129 3300 πρὸς
3168 3230 3404 3298 γυναῖκα
3434 3226 3513 3299 τῷ
3543 3229 3722 3301 ἀνδρὶ,
3753 3232 3845 3283 καὶ

2267 3317 2403 3391 πρὸς
2428 3318 2595 3392 ἄνδρα
2622 3320 2865 3390 γυναικὶ,
2896 3318 2991 3374 καὶ
3040 3319 3209 3393 πατρὶ
3235 3319 3371 3391 πρὸς
3411 3318 3546 3387 υἱὸν,
3577 3321 3672 3375 καὶ
3709 3322 3845 3391 πρὸς

2266 3412 2420 3482 φίλον
2445 3412 2606 3485 φίλῳ,
2634 3411 2736 3485 ήδη
2767 3410 2825 3466 δὲ
2851 3411 2945 3467 καὶ
2978 3411 3116 3485 πρὸς
3138 3410 3349 3483 πατέρα
3375 3411 3554 3469 παισί.
3585 3412 3698 3467 Kal.
3736 3412 3845 3484 γὰρ

2265 3505 2374 3560 τῶν
2409 3503 2507 3560 τοῦ
2553 3504 2727 3561 Σαοὺλ
2754 3504 2973 3577 χειρῶν,
3004 3505 3038 3580 ἠ
3087 3504 3183 3560 τοῦ
3240 3504 3417 3561 Σαοὺλ
3461 3504 3712 3577 θυγάτηρ
3744 3506 3846 3559 οὐκ

2268 3597 2491 3669 ἴσχυσεν
2533 3595 2738 3670 ἑτέρως
2768 3595 3049 3663 ἐξελέσθαι
3068 3598 3160 3653 τὸν
3182 3597 3375 3670 ἄνδρα,
3402 3597 3520 3652 ἀλλ’
3549 3599 3584 3670 ἢ
3622 3598 3763 3668 μετὰ
3788 3600 3847 3652 τι

2269 3688 2741 3762 παραλογίσασθαι
2781 3690 2871 3744 τὸν
2913 3688 3148 3763 πατέρα.
3176 3690 3289 3746 Καὶ
3309 3692 3337 3745 ό
3368 3690 3576 3762 ταύτης
3598 3689 3656 3743 δὲ
3682 3689 3844 3743 ἀδελ-

2268 3779 2385 3851 φὺς,
2427 3779 2520 3836 τὸν
2543 3781 2636 3836 ὑπ’
2665 3780 2881 3854 ἐκείνης
2922 3781 3260 3839 διασωθέντα
3293 3781 3465 3839 σῶσαι
3498 3782 3841 3855 βουλόμενος.

2267 3872 2645 3929 κινδυνεύοντα
2697 3874 2860 3929 πάλιν
2903 3877 3019 3940 τοῖς
3072 3876 3256 3940 αὐτοῖς
3304 3876 3493 3942 ὅπλοις
3548 3876 3843 3948 ἐχρήσατο,

2267 3960 2462 4038 οἷσπερ
2500 3965 2595 4021 καὶ
2626 3968 2660 4038 ἡ
2686 3967 2845 4040 γυνή.
2878 3966 3020 4024 Πολὺ
3061 3967 3171 4040 γὰρ
3215 3968 3250 4040 ἠ
3281 3966 3383 4041 τῆς
3413 3968 3637 4039 ἀπάτης
3666 3968 3843 4038 ἰσχὺς,

2271 4061 2434 4132 μόνον
2478 4058 2557 4133 μὴ
2607 4060 2744 4133 μετὰ
2805 4059 3029 4134 δολερᾶς
3077 4060 3435 4134 προσαγέσθω
3500 4061 3601 4133 τῆς
3654 4078 3844 4133 προαι·

2272 4152 2495 4226 ρέσεως.

2344 4242 2581 4300 Εΰκολον
2623 4244 2758 4317 πρὸς
2790 4243 3009 4318 ἀπάτην
3031 4244 3094 4300 τδ
3116 4242 3255 4318 πρὸς
3277 4243 3474 4319 ἡδονὴν
3503 4244 3669 4302 ἅπαν.

2347 4426 2422 4481 οὐ
2463 4428 2572 4491 πᾶς
2602 4424 2753 4491 δόλος
2804 4424 3053 4492 ὑπαίτιός
3106 4426 3288 4481 ἐστιν’
3322 4424 3448 4481 ιπεὶ
3498 4424 3598 4480 καὶ
3650 4427 3845 4497 Ago-:5;

2278 4518 2703 4590 νυκτοφύλακες,
2737 4518 2832 4574 καὶ
2861 4517 3154 4592 πολεμίους
3177 4517 3497 4594 στρατηγοὶ,
3528 4515 3625 4582 οὓς
3656 4517 3847 4580 om

2279 4609 2564 4665 συλλαϐεῖν
2608 4610 2709 4666 οὐκ
2756 4609 2924 4679 ἔστιν,
2978 4608 3355 4682 ἐνεδρεύοντες
3412 4608 3719 4681 κατορθοῦν
3771 4610 3845 4662 διο

2277 4707 2458 4773 κοῦσι,
2490 4705 2587 4760 καὶ
2610 4704 2679 4759 τὰ
2714 4704 2984 4776 λεγόμενα
3003 4704 3431 4779 στρατηγήματα
3465 4702 3711 4758 τοιοῦτον
3745 4704 3843 4774 ἔχει

600 4819 750 4883 bent,
798 4797 922 4887 quae.
954 4816 1349 4883 stratagemata
1401 4816 1696 4877 vocantur,
1750 4816 1804 4866 et
1839 4808 2162 4866 athletarurr

2277 4800 2457 4871 λόγον,
2492 4800 2586 4854 καὶ
2630 4799 2701 4854 τὰ
2729 4799 2841 4854 τῶν
2885 4797 3136 4871 ἀθλητῶν
3171 4798 3553 4870 ἀγωνίσματα.
3594 4800 3705 4854 Kal.
3749 4800 3840 4867 γάρ

600 4907 1062 4966 concertationes.
1092 4904 1311 4962 Etenim
1338 4902 1394 4958 in
1422 4903 1511 4960 his
1534 4903 1820 4976 proprium
1852 4903 1959 4960 sibi
1992 4904 2174 4961 locum

602 4998 852 5071 deceptio
880 4995 1141 5052 vindicat.

603 5111 739 5169 ’l‘l’l‘.
783 5108 1022 5194 valll.
1053 5107 1241 5194 —.De”
1262 5107 1541 5194 legatumei
1578 5109 1821 5194 responsi
1869 5117 2171 5178 sequestro;

675 5183 918 5256 quodque
937 5182 988 5256 is
1017 5183 1109 5254 qui
1164 5179 1324 5236 nihili
1348 5179 1527 5256 pendit
1572 5180 1828 5251 legatum,
1877 5194 1995 5233 eum
2025 5195 2058 5233 a
2080 5194 2184 5250 quo

680 5250 874 5311 iniuria
906 5253 996 5307 ille
1029 5250 1129 5315 est,
1169 5250 1479 5307 contemnit.

682 5367 841 5425 Prov.
873 5381 1001 5433 m,
1035 5365 1121 5421 l3.
1146 5395 1215 5407 --
1242 5381 1261 5417 ι
1300 5362 1459 5420 Sicut
1503 5362 1686 5419 exitus
1717 5360 1860 5418 nivis
1914 5378 1972 5419 in
2006 5376 2189 5419 messe

2283 4894 2374 4949 ἐπὶ
2399 4894 2603 4950 τούτων
2632 4894 2870 4967 quam
2896 4894 3209 4966 νενόμισται
3241 4892 3394 4951 ἴδιον.

2284 5059 2465 5158 'i‘lTA.
2498 5104 2634 5158 Kii’.
2666 5133 2734 5144 ——
2764 5103 2901 5171 Περὶ
2920 5102 3344 5171 ἁγγέλλοντος,
3370 5098 3467 5156 καὶ
3496 5099 3840 5171 μεσὰζοιτος

2356 5175 2681 5244 ἀπόκριοιό
2713 5173 2835 5244 (sic)
2858 5171 3079 5229 καίὸτι
3104 5175 3137 5227 ὀ
3162 5174 3272 5227 τὸν
3305 5173 3617 5244 σταλέντα
3656 5171 3838 5238 ἐξουθ-

2355 5242 2530 5313 enim,
2566 5246 2670 5302 τοῦ
2697 5242 3045 5315 πέμψαντος
3081 5242 3445 5314 περιφρονεῖ.

2363 5379 2381 5412 ι
2411 5360 2622 5430 ’Ὠσπερ
2648 5355 2824 5423 ἔξοδος
2849 5356 3024 5428 χιόνος
3043 5356 3103 5410 ὲν
3121 5354 3320 5428 άμητῷ
3344 5354 3487 5411 κατὰ
3506 5356 3699 5430 καῦμα
3722 5358 3837 5421 ὡφε-

614 5463 882 5522 adversus
911 5466 1106 5517 aestum
1154 5457 1427 5531 prodest:
1477 5460 1558 5513 sic
1600 5456 1831 5514 nuntius
1885 5455 2067 5513 fidelis
2120 5456 2162 5512 ii

2288 5453 2390 5518 λεῖ,
2422 5452 2593 5514 οὕτως
2624 5448 2856 5520 ἄγγελος
2883 5446 3075 5513 πιστὸς
3104 5446 3502 5504 ἀποστείλαντα
3530 5448 3715 5504 αὐτόν.
3746 5449 3818 5502 γυ

612 5557 710 5631 qui
746 5571 806 5613 se
850 5556 1143 5611 miserunt.
1192 5551 1406 5608 Animis
1455 5550 1605 5608 enim
1654 5564 1845 5607 eorum
1904 5550 2000 5622 qui
2062 5550 2162 5622 ἱρει

2290 5546 2390 5617 χὰς
2416 5545 2522 5618 γὰρ
2558 5543 2660 5598 τῶν
2686 5544 2838 5616 αὐτῷ
2860 5541 3159 5616 χρωμένων
3181 5540 3401 5611 ὠφελεῖ.
3444 5559 3464 5595 ι

614 5658 871 5715 utuntur,
908 5646 1149 5719 prodest.
1188 5663 1210 5699 ι

685 5743 846 5797 Prov.
878 5753 1029 5820 ιινι,
1052 5738 1106 5795 6.
1133 5767 1203 5781 —-
1228 5756 1249 5791 ι
1275 5736 1353 5793 Ex
1385 5738 1503 5795 suis
1520 5738 1622 5795 viis
1656 5736 1763 5794 sibi
1788 5736 1891 5810 ipsi
1916 5737 2180 5809 probrum

2368 5752 2387 5787 ι
2430 5733 2525 5787 Ἐκ
2547 5731 2652 5787 τῶν
2672 5727 2865 5784 ἑαυτοῦ
2898 5726 3033 5783 ὁδῶν
3060 5727 3260 5791 δνειδος
3284 5726 3650 5799 περιποιεῖται
3676 5726 3703 5779 ό
3728 5724 3817 5777 ἀπε

615 5835 871 5917 acquirit.
886 5832 979 5906 qui
1000 5819 1095 5904 per
1107 5834 1333 5888 stultum
1354 5832 1605 5889 nuntium
1624 5845 1929 5891 sermonem
1948 5832 2153 5909 mittita

2298 5826 2527 5881 στέλλων
2558 5825 2623 5879 δι’
2654 5824 2880 5893 ἀγγέλου
2898 5819 3131 5903 ἄφρονος
3156 5819 3331 5889 λόγον.
3380 5837 3400 5871 ι
