4010 6302
341 273 478 342 1229

1623 275 1855 337 ΞᾹΟᾺΑ
1899 268 2353 335 PARALLELA.

3455 265 3594 335 1230

476 391 536 443 '0
563 372 850 460 δεχόμενος
891 387 1052 458 υμᾶς,
1087 378 1185 459 ea:
1213 387 1460 459 δέχεται·
1488 391 1585 442 καὶ
1626 391 1656 442 ὁ
1689 387 1789 458 ἐμὲ
1816 386 1904 440 δε-

2083 403 2281 460 Μαιιή.
2315 421 2372 472 x,
2411 401 2500 461 40.
2529 432 2599 445 --
2636 422 2654 458 ι
2685 401 2792 471 Qui
2826 415 2925 460 vos
2955 397 3180 473 recipit,
3230 413 3320 456 me
3352 399 3592 472 recipit:

337 485 583 555 κόμενος,
605 482 818 552 δέχεται
847 481 937 536 τὸν
960 481 1354 537 ἀποστείλαντά
1379 498 1468 553 με.
1507 500 1527 534 ι

410 577 478 629 Ἀ
500 574 757 646 πρέσϐεις
782 573 1134 645 ὑπομένουσι,
1161 573 1253 628 ἐπὶ
1272 574 1400 638 τοὺς
1422 572 1748 646 πέμψαντας
1770 571 1911 644 λαμ-

333 670 488 724 ϐάνει
525 670 625 743 τὴν
656 671 956 743 ἀναφοράν.

395 783 577 840 TITA.
600 781 732 841 KG’.
772 786 913 856 Περὶ
952 784 1462 874 ἀγηωμονούντων
1514 782 1614 838 καί
1647 782 1855 854 ἀχαρι-

929 872 1258 911 «amour.

409 968 430 1002 ι
475 947 568 1020 Τῷ
595 947 725 1020 μηνὶ
746 947 827 1021 τῷ
863 948 1075 1021 ἑϐδόμῳ
1116 943 1280 1020 ἦλθεν
1324 946 1549 1020 ἰσμαὴλ
1578 948 1694 1012 υίὸς
1719 947 1910 1004 Ναθα·

336 1043 451 1096 νίου
480 1044 545 1096 ἐκ
566 1041 659 1097 τοῦ
683 1042 1000 1113 σπέρματος
1038 1040 1145 1097 τῶν
1172 1040 1461 1112 βασιλέων,
1506 1041 1600 1095 καὶ
1642 1040 1776 1096 δέκα
1813 1039 1912 1096 ἀν-

344 1135 459 1208 δρες
513 1135 633 1206 μετ’
663 1133 851 1200 αὐτοῦ,
886 1133 984 1189 καὶ
1030 1133 1308 1201 ἐπάταξαν
1359 1133 1450 1189 τὸν
1500 1133 1770 1201 Γοδολίαν,
1816 1133 1912 1188 καὶ

343 1227 605 1282 ²ιπέθανεεν
624 1242 638 1258 ’
666 1226 760 1280 καὶ
788 1227 914 1292 τοὺς
955 1227 1266 1290 Ἰουδαίους,
1295 1227 1392 1282 καὶ
1429 1226 1558 1291 τοὺς
1581 1225 1909 1293 Χαλδαίους,

315 1317 386 1370 ~02
421 1313 563 1388 ἦσαν
599 1321 715 1391 μετ’
742 1316 907 1372 αὐτοῦ
940 1318 1019 1383 εἰς
1046 1316 1296 1387 Μασιφά.
1340 1335 1358 1368 ι

408 1410 588 1479 Σχόλ.
618 1403 787 1474 Οὗτος
809 1409 968 1480 λόγον
998 1407 1179 1463 λαϐὼν
1201 1409 1491 1474 ἀπαθείας,
1515 1409 1604 1464 τὸν
1637 1409 1912 1466 δεδωκότα

335 1504 534 1558 ἀνεῖλε.

414 1618 432 1651 ι
486 1597 712 1670 Πνεῦμα
758 1598 963 1672 Κυρίου
1007 1598 1221 1653 ἐνέδυσε
1262 1598 1371 1652 τὸν·
1403 1597 1663 1671 Ἀζαρίαν
1699 1599 1790 1654 τὸν
1819 1599 1911 1654 τοῦ

350 1693 526 1748 Ἰωδαὲ
561 1692 650 1746 τὸν
711 1693 886 1762 ἱερέα,
923 1692 1017 1746 καὶ
1048 1693 1247 1762 ἀνέστη
1281 1693 1466 1747 ἐπάνω
1495 1692 1588 1747 τοῦ
1627 1693 1784 1762 λαοῦ,
1815 1694 1912 1749 καὶ

338 1778 492 1839 εἶπεν
517 1800 532 1815 ’
561 1783 701 1838 Τάδε
753 1757 901 1854 λέγει
935 1782 1140 1854 Κύριος
1161 1799 1174 1814 ’
1209 1757 1275 1837 Ti
1318 1757 1779 1856 mpumpedscos
1812 1783 1912 1848 τὰς
1943 1757 1986 1814 Β

334 1875 552 1940 ἐντολὰς
573 1875 668 1929 τοῦ
705 1875 911 1947 Κυρίου
940 1894 954 1942 ;
981 1877 1078 1933 καὶ
1106 1878 1206 1932 οὐκ
1236 1876 1665 1948 εὐοδωθήσεσθε,
1706 1877 1790 1932 ὅτι
1818 1879 1914 1947 ἐγ-

336 1967 654 2025 κατελίπετε
686 1969 776 2024 τὸν
808 1969 1033 2042 Κύριον.
1057 1970 1166 2023 Καὶ
1192 1969 1574 2041 ἐλιθοϐόλησαν
1604 1968 1671 2023 δι’
1693 1969 1917 2041 ἐντολῆς

352 2063 500 2128 Ἰωάς
540 2059 635 2116 τοῦ
662 2061 924 2135 βασιλέως
959 2065 1016 2119 ἐν
1055 2059 1192 2141 ἀθλῇ
1230 2061 1382 2118 οῐκου
1418 2063 1647 2137 Κυρίου.
1683 2064 1792 2118 Καὶ
1816 2063 1917 2118 οὐκ

339 2155 582 2228 ἐμνήσθη
627 2156 781 2220 ’Ῐωάς
829 2155 926 2211 τοῦ
979 2155 1184 2224 ἐλέους,
1225 2151 1287 2211 οὗ
1328 2157 1553 2228 ἐποίησε
1600 2156 1718 2229 μετ’
1746 2155 1915 2212 αὑτοῦ

352 2249 530 2304 Ἰωδαέ
574 2251 604 2304 ὁ
651 2251 836 2323 πατὴρ
907 2249 1097 2314 αὑτοῦ,
1154 2249 1251 2307 καὶ
1298 2249 1610 2305 ἐθανάτωσε
1665 2250 1759 2304 τὸν
1803 2251 1918 2306 υίδν

337 2339 524 2396 αὑτοῦ.
553 2341 663 2395 Καὶ
692 2341 769 2405 ὡς
796 2341 1164 2413 ἀπέθνησκεν,
1189 2336 1343 2397 εἶπεν
1364 2358 1376 2372 ·
1409 2342 1540 2396 Ἰδοι
1568 2340 1794 2414 Κύριος,
1827 2341 1920 2396 καὶ

341 2433 603 2506 κρινάτω.
661 2434 774 2488 Καὶ
830 2431 1052 2502 ἐγένετο
1099 2435 1242 2506 μετά
1291 2434 1562 2500 ἐνιαυτὸν,
1596 2435 1766 2506 ἀνέϐη
1827 2435 1917 2488 ἐπ’

337 2526 502 2580 αὐτὴν
530 2525 762 2596 δύναμις
815 2525 1036 2598 Συρίας,
1086 2526 1181 2581 καὶ
1228 2524 1323 2580 ἐπὶ
1387 2527 1767 2599 Ἰερουσαλὴμ,
1823 2528 1920 2582 καὶ

343 2618 669 2690 κατέφθειρε
689 2619 919 2686 πάντας.
961 2638 982 2673 ι

420 2821 440 2853 ι
491 2799 943 2858 Ἀνταπεδίδοσάν
991 2817 1082 2874 μοι
1124 2803 1339 2872 πονηρά
1372 2800 1496 2856 ἀντὶ
1547 2799 1793 2872 ἀγαθῶν,
1824 2801 1920 2858 καὶ

344 2894 622 2951 ἀτεκνίαν.
665 2912 686 2948 ι
895 2974 910 2979 Α
1784 2927 1788 2930 -

423 3003 444 3038 ι
483 2985 632 3041 ’Λντὶ
652 2985 770 3054 τοῦ,
816 2985 1060 3060 ’Δγαπᾷν
1090 3003 1159 3060 με
1191 2985 1494 3044 ἐνδιῶαλόν
1523 3005 1614 3061 με.
1653 3006 1676 3042 ο

426 3193 445 3226 ι
487 3175 583 3237 ’ος
599 3172 894 3228 ἀποδίδωσι
930 3171 1076 3227 κακὰ
1117 3171 1241 3229 ἀντὶ
1268 3170 1515 3242 ἀγαθῶν,
1553 3173 1655 3230 οὐκ
1696 3174 1926 3249 ἐνεχθῆ-

351 3284 507 3323 σεται
537 3266 685 3323 κακά
715 3269 780 3322 ἐκ
805 3266 902 3322 τοῦ
932 3265 1085 3321 οἴκου
1115 3266 1303 3322 αὐτοῦ.
1337 3285 1358 3320 ι

426 3380 447 3415 ι
488 3361 934 3433 ’Δκουε,οὐρανέ,
958 3361 1054 3415 καὶ
1073 3361 1348 3430 ἐνωτίζου,
1366 3362 1460 3434 γῆ,
1475 3363 1558 3420 ὅτι
1581 3364 1786 3435 Κύριος
1807 3364 1932 3421 ἐλά-

351 3452 537 3525 λησεν·
573 3453 736 3519 Υίοὺς
757 3452 1045 3526 ἐγέννησα,
1072 3450 1168 3506 καὶ
1193 3451 1406 3523 ὓψωσα,
1436 3452 1591 3508 αὐτοὶ
1610 3453 1668 3508 δέ
1709 3470 1778 3527 με
1797 3455 1928 3528 ἠθέ-

350 3565 599 3621 τησαν.ι

429 3661 448 3696 ι
492 3639 816 3714 Ἀχαρίστου
853 3640 1010 3706 ἐλπὶς
1053 3640 1130 3705 ὡς
1161 3639 1444 3713 χειμέριος
1472 3641 1655 3717 πάχνη
1696 3643 1934 3718 τακήσε.

349 3748 464 3800 ται,
495 3735 590 3790 καὶ
619 3736 882 3806 βοήσεται
915 3731 990 3799 ὡς
1019 3732 1166 3806 ὕδωρ
1185 3733 1476 3808 ἄχρηστον.
1515 3754 1538 3788 ι

434 3933 453 3967 ι
504 3911 708 3984 Ἀγαθά
736 3912 936 3985 ἐγγῦου
977 3912 1274 3986 ἀνατρέψει
1306 3913 1652 3988 ἁμαρτωλὸς,
1680 3915 1776 3973 καὶ
1799 3917 1932 3989 ala.

356 4023 540 4080 ριστος
577 4008 636 4060 ἐν
671 4005 878 4078 διανοίᾳ
921 4005 1307 4079 ἐγκαταλείψει
1343 4007 1676 4080 ῥυσάμενον.
1721 4007 1931 4078 Ξενιεϊς

354 4099 452 4156 καὶ
491 4101 698 4164 ποτιεῖς
723 4098 1040 4173 ἀχάριστον,
1069 4101 1164 4156 καὶ
1208 4100 1347 4174 πρὸς
1388 4099 1484 4158 ἐπὶ
1529 4102 1707 4176 τούτῳ
1754 4105 1930 4177 πικρά

355 4191 634 4257 ἀκούσεις.
673 4210 695 4246 ι

418 4319 442 4351 ι’
459 4309 763 4377 Amava
774 4309 1202 4380 ιῦεργετηθέντα
1220 4307 1318 4366 καὶ
1342 4313 1466 4376 ταῖς
1488 4309 1776 4384 μεγίσταις
1796 4312 1933 4370 ὑπό-

354 4417 534 4473 χρεων
563 4399 775 4472 χάρισι,
801 4400 940 4473 πρὸς
977 4399 1056 4474 τῷ
1096 4402 1400 4475 ἀχαρίστῳ,
1427 4402 1509 4458 ἔτι
1543 4404 1643 4459 καὶ
1693 4403 1928 4480 ὕϐρεως,

2011 506 2067 554 et
2095 498 2192 570 qui
2225 511 2312 553 me
2344 495 2564 568 recipit,
2605 496 2796 567 recipit
2816 511 2940 552 eum
2967 495 3060 566 qui
3093 508 3180 550 me
3212 494 3389 551 misit.
3426 514 3446 548 ι

2082 590 2370 662 Anonymi.
2394 589 2621 657 —-Qua:
2662 588 2829 662 legati
2866 589 3184 661 patiuntur,
3220 588 3339 645 hazc
3374 587 3431 644 in
3464 588 3594 646 illos

2011 695 2044 736 a
2076 681 2281 753 quibus
2305 679 2460 737 missi
2495 690 2646 748 sunt,
2681 680 3017 737 redundant.

2010 795 2178 868 368
2219 793 2358 851 TIT.
2386 793 2580 850 XXIX.
2614 827 2682 868 -έ
2744 793 2829 868 De
2869 796 3126 867 ingratis,
3165 806 3220 855 et
3270 799 3598 855 immemori-

2530 868 2627 921 θαι
2665 865 3066 935 beneﬁciorum.

2083 953 2115 1010 ι
2143 953 2268 1027 Reg.
2305 970 2437 1024 xxv,
2463 953 2558 1010 2'5.
2589 985 2658 996 --
2690 974 2710 1008 ι
2742 953 2931 1012 Mense
2953 954 3195 1028 septimo
3229 955 3380 1012 venit
3400 955 3598 1012 lsmael

2013 1039 2161 1098 Iilius
2190 1040 2482 1098 Nathanize
2513 1041 2584 1099 de
2644 1042 2860 1099 semine
2910 1058 3130 1114 regum,
3178 1051 3233 1100 et
3260 1044 3455 1100 decem
3489 1046 3596 1100 viri

2012 1143 2139 1185 cum
2186 1144 2274 1198 eo,
2331 1138 2386 1187 et
2439 1141 2834 1201 percusserunt
2888 1131 3201 1200 Godoliam,
3248 1142 3304 1191 et
3347 1143 3599 1191 mortuus

2013 1232 2098 1281 est
2129 1242 2146 1282 :
2179 1224 2404 1296 insuper
2432 1235 2488 1281 et
2516 1224 2735 1284 Judaeos
2763 1233 2820 1284 et
2839 1225 3122 1285 Chaldaeos
3154 1227 3252 1300 qui
3289 1237 3597 1286 erantcum

2011 1329 2080 1372 eo
2110 1315 2166 1371 iu
2197 1315 2470 1388 Masipha.
2513 1335 2534 1371 ι

2090 1409 2271 1470 Schol.
2323 1411 2373 1469 Is
2403 1428 2528 1468 cum
2584 1411 2748 1469 ﬁdem
2800 1414 3130 1483 accepisset,
3179 1413 3320 1470 nihil
3359 1429 3421 1472 se
3470 1429 3599 1487 per-

2014 1517 2313 1575 pessurum
2345 1507 2495 1571 mali,
2538 1521 2864 1578 sponsorem
2903 1507 3208 1563 interemit.

2087 1596 2154 1653 II
2185 1596 2369 1653 Parat.
2420 1616 2569 1664 xxiv,
2598 1600 2794 1656 20-25.
2819 1629 2891 1641 —-
2918 1615 2940 1652 ι
2976 1598 3220 1671 Spiritus
3256 1599 3475 1660 Domini
3510 1602 3600 1659 in-

2014 1687 2133 1744 duit
2157 1689 2476 1746 Zachariam
2515 1692 2689 1747 tilium
2722 1690 2929 1748 Joiadae
2959 1692 3326 1760 sacerdotem,
3362 1703 3418 1750 et
3444 1694 3598 1751 stetit

2017 1779 2074 1851 in
2101 1791 2402 1854 conspectu
2455 1786 2667 1855 populi,
2716 1792 2770 1841 et
2806 1786 2885 1840 ait
2921 1804 2934 1840 :
2975 1783 3107 1840 Haec
3158 1785 3296 1841 dicit
3323 1783 3592 1840 Dominus

2017 1875 2165 1930 Deus
2195 1889 2211 1927 :
2248 1873 2430 1943 Quare
2464 1877 2913 1949 transgredimini
2948 1884 3291 1950 prmceptum
3337 1875 3597 1932 Domini?

2015 1976 2215 2022 etnon
2261 1968 2588 2038 prolicietis,
2650 1969 2780 2039 quia
2838 1967 3223 2041 dereliquistis
3278 1966 3591 2024 Dominum.

2015 2058 2085 2115 Et
2117 2061 2331 2132 lapides
2355 2061 2407 2117 in
2440 2076 2566 2118 eum
2600 2064 2877 2119 miserunt
2913 2063 3074 2133 juxta
3126 2062 3420 2133 imperium
3451 2063 3598 2134 regis

2015 2151 2147 2210 Joas
2181 2155 2236 2208 in
2288 2155 2432 2209 atrio
2484 2154 2684 2212 domus
2737 2154 2982 2212 Domini.
3014 2156 3078 2213 Et
3117 2171 3230 2212 non
3270 2155 3600 2212 recordatus

2017 2255 2104 2302 est
2155 2245 2289 2304 Joas
2347 2248 2747 2305 misericordiae
2796 2265 2965 2322 quam
3032 2249 3245 2308 faceret
3290 2264 3420 2306 cum
3476 2249 3601 2320 ipso

2016 2337 2206 2394 Joiada
2257 2349 2412 2410 pater
2449 2339 2616 2408 illius,
2669 2347 2725 2396 et
2787 2340 3066 2398 interfecit
3112 2342 3287 2398 tilium
3319 2341 3464 2413 ejus.
3493 2340 3599 2408 Qui

2019 2445 2146 2488 cum
2188 2437 2517 2496 moreretur,
2571 2430 2762 2488 dixit:
2807 2429 3006 2489 Videat
3041 2431 3333 2498 Dominus,
3372 2432 3603 2503 etjudl-

2019 2530 2129 2580 cet.
2177 2520 2244 2577 Et
2298 2520 2502 2578 factum
2532 2530 2617 2579 est
2650 2529 2779 2594 post
2825 2538 3059 2592 annum,
3096 2523 3349 2581 ascendit
3390 2523 3445 2578 in
3474 2539 3600 2579 eum

2020 2617 2300 2675 exercitus
2331 2614 2528 2691 Syriae,
2562 2626 2618 2675 et
2657 2620 2716 2674 in
2756 2615 3089 2682 Jerusalem,
3139 2625 3196 2674 et
3229 2627 3461 2675 cunctos
3515 2632 3604 2673 oc-

2021 2709 2298 2767 ciderunt.
2338 2729 2360 2766 ι

2094 2803 2243 2860 Psal.
2288 2820 2480 2872 xxxiv,
2529 2801 2617 2859 I2.
2645 2835 2714 2846 --
2746 2824 2767 2858 ι
2818 2800 3224 2861 Retribuerunt
3285 2803 3422 2860 mihi
3455 2803 3602 2859 maia

2024 2910 2122 2968 pro
2160 2896 2343 2962 bonis,
2374 2905 2428 2953 et
2451 2896 2825 2964 sterilitatem,
2861 2915 2880 2950 ι
2916 2905 3024 2955 etc.

2090 2991 2243 3048 Psal.
2267 3006 2421 3058 cvm,
2453 2991 2510 3048 4.
2535 3014 2610 3033 -ια
2639 3008 2659 3043 ι
2695 2989 2801 3046 Pro
2828 3003 2894 3047 eo
2943 3001 3003 3047 ut
3029 3006 3118 3049 me
3151 2990 3469 3064 diligerent,
3507 2988 3606 3046 de-

1905 3131 1913 3142 .
1947 3109 1996 3169 C
2027 3085 2318 3140 trahebant
2352 3082 2505 3139 mihi.
2550 3102 2570 3135 ι

2097 3176 2257 3233 Prov.
2292 3190 2429 3242 xm,
2485 3173 2569 3232 t5.
2603 3202 2672 3218 --
2699 3191 2719 3226 ι
2755 3170 2862 3240 Qui
2893 3172 3154 3230 retribuit
3199 3173 3342 3230 mala
3371 3190 3472 3247 pro
3510 3178 3609 3234 bo-

2031 3271 2148 3338 nis,‘
2174 3285 2286 3326 non
2324 3267 2651 3324 aut'erentur
2690 3267 2834 3323 mala
2859 3266 2929 3324 de
2954 3265 3124 3323 domo
3158 3265 3304 3339 ejus.
3333 3285 3355 3322 ι

2092 3363 2206 3419 Isa.
2241 3379 2281 3429 ι,
2310 3361 2362 3417 I.
2393 3387 2465 3401 --
2488 3378 2507 3412 ι
2547 3356 2714 3426 Audi,
2755 3356 2979 3424 caelum,
3012 3364 3068 3413 et
3102 3358 3378 3425 ausculta,
3436 3367 3609 3441 terra,

2029 3457 2159 3529 quia
2194 3453 2457 3510 Dominus
2491 3453 2713 3508 Iocutus
2747 3458 2854 3506 est.
2881 3447 3057 3505 Filios
3085 3449 3327 3507 enutrivi
3355 3457 3412 3507 et
3451 3454 3607 3508 exal-

2029 3549 2141 3604 tavi
2169 3567 2185 3606 :
2216 3547 2323 3619 ipsi
2353 3553 2537 3602 autem
2570 3551 2902 3616 spreverunt
2935 3556 3041 3600 me.
3075 3562 3097 3598 υ

2101 3639 2233 3712 Sap.
2268 3657 2382 3707 xvi,
2412 3638 2506 3695 29.
2537 3669 2606 3682 --
2638 3654 2658 3691 ι
2688 3636 2897 3711 Ingrati
2955 3651 3085 3710 spes
3136 3643 3396 3711 tanquam
3434 3639 3613 3696 hiber-

2031 3734 2177 3793 nnlis
2209 3733 2407 3807 pruina
2439 3733 2711 3798 tabescet,
2749 3739 2806 3789 et
2845 3729 2979 3788 ﬂuet
3025 3737 3291 3804 tanquam
3329 3747 3474 3806 aqua
3525 3735 3612 3791 in-

2033 3828 2207 3886 utilis.
2252 3847 2273 3883 ι

2096 3921 2268 3979 Eccli.
2300 3938 2456 3989 xxix,
2481 3919 2572 3989 ιθ,
2603 3918 2695 3976 32.
2725 3949 2796 3962 -
2829 3935 2852 3972 ι
2885 3917 3043 3975 Bona
3075 3920 3426 3993 Iidejussoris
3453 3937 3613 3980 ever-

2031 4024 2111 4074 tet
2133 4025 2444 4091 peccator:
2488 4023 2545 4072 et
2595 4015 2855 4099 ingratus
2901 4014 2961 4073 in
3013 4022 3202 4073 mente
3253 4016 3611 4088 derelinquet

2031 4131 2158 4173 eum
2186 4129 2218 4171 α
2258 4128 2371 4187 quo
2397 4113 2666 4171 liberatus
2695 4120 2801 4172 est.
2851 4102 3260 4184 Hospitaberis,
3295 4121 3352 4168 et
3387 4126 3607 4185 pasces,

2029 4216 2088 4267 et
2117 4207 2338 4281 potabis
2361 4206 2649 4280 ingratos;
2673 4214 2729 4262 et
2755 4213 2950 4279 postea
2977 4219 3166 4262 amara
3195 4204 3408 4262 audies.
3440 4223 3462 4257 ι

2099 4317 2314 4377 Basilii.
2350 4317 2615 4376 —-Grave
2662 4326 2752 4377 est
2773 4333 2901 4376 eum
2947 4316 3048 4390 qui
3083 4317 3366 4376 beneﬂciis
3403 4317 3613 4376 obstrio

2034 4421 2160 4471 ctus
2187 4419 2296 4482 est,
2316 4422 2368 4470 et
2402 4412 2707 4486 gratiarum
2728 4411 3098 4469 maximarum
3127 4425 3276 4478 reus,
3303 4427 3415 4468 non
3444 4413 3614 4481 modo

357 4467 452 4546 καὶ
499 4467 727 4561 ἀτιμίας
770 4467 1065 4564 καταρξαί.
1331 4467 1434 4566 μέν
1459 4512 1474 4525 ο
1519 4495 1658 4551 ἀλλά
1699 4467 1778 4570 τιῖλ
1811 4467 1925 4556 100;

2044 4507 2314 4579 ingratum
2351 4521 2499 4572 esse,
2534 4519 2728 4562 verum
2767 4504 2938 4561 etiam
2985 4504 3357 4561 contumelias
3389 4511 3444 4562 et
3480 4520 3609 4575 pro-

356 4581 507 4637 siivrt
538 4579 724 4654 μετζδν
749 4582 868 4639 ἐστι
896 4585 1086 4653 κακὸν,
1120 4587 1156 4659 ἢ
1185 4586 1263 4658 τῷ
1295 4588 1577 4661 πάσχοντι.
1621 4589 1931 4666 Ὗπερϐολὴ

360 4674 520 4729 τοῦτό
536 4691 599 4745 γε
629 4675 1042 4750 ἀγνωμοσύνης,
1072 4679 1175 4751 τὴν
1203 4680 1618 4755 φιλανθρωπίαν
1645 4683 1740 4739 τοῦ
1770 4685 1932 4756 εὐερ-

359 4765 522 4834 γέτου
545 4767 800 4839 ἀφορμὴν
828 4768 1153 4841 ἀχαριστίας
1184 4772 1477 4828 ποιεῖσθαι.

436 4971 459 5002 ³
494 4964 744 5039 Ὀρῶμεν
772 4967 998 5032 πολλοὺς
1027 4969 1135 5025 τῶν
1162 4969 1463 5044 ἀνθρώπων
1493 4972 1632 5044 μετὰ
1655 4962 1755 5039 τάς
1779 4976 1933 5046 εὐερ-

359 5059 573 5130 γεσίας,
597 5060 852 5131 καθάπερ
871 5061 1240 5134 ἀνδραπόδων,
1258 5064 1402 5118 οὕτω
1424 5070 1519 5119 καὶ
1556 5066 1934 5139 περιορῶντας

361 5155 472 5210 τῶν
512 5154 1011 5227 εὐεργετησάντων,
1041 5156 1137 5212 καὶ
1182 5155 1283 5223 τάς
1323 5156 1534 5230 ὀφρύας
1577 5161 1936 5228 ἀνασττῶντας

364 5248 484 5302 κατ’
522 5249 726 5306 αὐτῶν.

432 5363 619 5418 Δεινόν
657 5381 748 5436 μοι
785 5365 822 5438 ὴ
858 5365 1154 5440 ἀχαριστία
1178 5369 1604 5441 καταφαίνεταν
1628 5370 1804 5430 eum
1841 5391 1938 5448 μοι

368 5452 464 5508 καὶ
500 5454 811 5513 πάνδεινον.

2038 4601 2159 4665 bra,
2195 4599 2516 4671 rependere.
2548 4596 2753 4665 Grave,
2799 4597 3052 4670 inquam,
3105 4595 3257 4653 istud
3287 4604 3404 4656 est:
3447 4605 3503 4653 at
3531 4598 3615 4654 fa-

2035 4687 2208 4745 cienti
2243 4687 2467 4760 gravius
2508 4688 2714 4744 malum
2761 4696 2866 4752 est,
2907 4701 3074 4759 quam
3116 4686 3374 4760 patienti.
3404 4686 3612 4760 Ingrati

2041 4781 2185 4838 ultra
2214 4781 2438 4837 modum
2474 4779 2642 4836 animi
2675 4791 2780 4847 est,
2813 4796 2878 4836 ex
2917 4779 3329 4837 benemcrentis
3365 4780 3617 4836 Immani-

2039 4881 2152 4930 tate
2179 4873 2379 4947 ingrati
2413 4872 2587 4930 animi
2610 4887 2809 4929 noxam
2840 4872 3084 4931 trahere.

2112 4985 2384 5057 Chi'ytosl.
2406 5016 2470 5026 --
2499 4984 2696 5042 Multos
2726 4985 2980 5043 homines
3022 4985 3303 5054 videmus,
3331 4987 3426 5060 qui
3460 4995 3614 5058 post-

2039 5092 2204 5150 quam
2242 5076 2423 5133 aﬂ‘ccti
2469 5078 2750 5135 beneﬂciis
2797 5077 3024 5147 fuerint,
3071 5080 3200 5138 illos
3234 5096 3265 5137 a
3299 5082 3504 5154 quibus
3549 5097 3614 5139 ea

2041 5171 2378 5241 acceperint,
2453 5170 2683 5243 perinde
2745 5186 2808 5228 ac
2874 5174 3173 5247 mancipia,
3234 5183 3615 5244 contemnant,

2041 5261 2428 5334 adducantque
2456 5262 2724 5322 adversus
2757 5263 2883 5322 illos
2908 5265 3297 5336 supercilium.

2118 5375 2276 5448 (ἔτερ.
2301 5375 2526 5433 Thaum.
2557 5376 2735 5436 Laud.
2783 5379 2933 5454 Orig.
2956 5380 3221 5440 -Grave
3250 5383 3380 5440 mibi
3415 5385 3614 5456 ingrati

2044 5470 2213 5526 animi
2242 5471 2438 5526 vitium
2488 5473 2761 5529 videtur:
2798 5490 2987 5547 grave.
3048 5477 3299 5543 inouam,
3349 5493 3414 5534 ac
3457 5479 3613 5552 plant-

2043 5563 2459 5633 gravissimum.

445 5749 471 5786 ο
495 5743 769 5806 Antonius
799 5747 1022 5851 Melissa
1043 5750 1149 5810 hoc
1177 5751 1370 5812 tribuit
1387 5752 1608 5812 Basilio.
1685 5763 1706 5795 ί
1741 5753 1856 5813 Hoc
1883 5755 2068 5817 itidem
2104 5774 2134 5815 ι
2157 5756 2377 5818 Melissa
2406 5761 2490 5819 bis
2525 5761 2919 5836 Clirysostomo
2951 5764 3229 5823 tribuitur.
