4010 6302
445 426 576 498 i235

1597 439 1660 502 S.
1694 439 2014 502 JOANNIS
2053 439 2484 538 DAMASCENI

3556 423 3686 489 1236

507 540 662 599 Puri.
694 555 861 598 cum
881 579 898 606 ,
933 541 985 598 1.
1011 572 1079 584 -—
1101 562 1119 595 ι
1150 542 1303 599 Beati
1333 545 1671 602 irumaculati
1694 548 1753 604 in
1778 549 1862 606 via
1885 589 1902 615 ,
1925 548 2017 620 qui

2195 568 2214 602 ι
2257 548 2536 621 Μακάριοι
2584 549 2810 618 ἄμωμοι
2849 544 2906 596 ἐν
2949 541 3090 612 ὁδῷ,
3137 541 3184 593 oi
3218 535 3574 612 πορευόμενοι
3627 537 3684 590 ἐν

429 634 726 692 ambulant
750 634 806 691 in
829 635 948 708 lege
969 635 1207 695 Domini.
1235 638 1384 694 Beati
1407 641 1500 713 qui
1516 651 2013 710 'scrutantur,iete.

513 726 664 782 Ρωι.
711 742 891 796 cnv,
942 728 995 786 5.
1031 758 1104 770 —-
1137 747 1157 782 ι
1187 729 1391 788 Beatus
1445 733 1605 806 cujus
1658 733 1804 791 Deus
1846 733 2018 792 Jacob

434 816 656 887 adiutor
683 817 805 890 ejus
836 835 853 874 :
884 834 1012 891 spes
1041 821 1168 892 ejus
1200 822 1256 876 in
1290 821 1522 881 Domino
1556 824 1667 882 Deo
1699 826 1892 896 ipsius.
1919 845 1940 880 ι

505 911 670 967 Prov.
690 928 768 980 rx,
791 912 1291 973 10.—¢Consilium
1311 925 1646 985 sanctorum,
1666 919 1979 990 prudentia.
1993 939 2013 974 ι

504 1021 524 1057 ι
552 1003 749 1063 Beatus
773 1006 858 1062 vir
875 1007 971 1079 qui
995 1008 1203 1066 invenit
1225 1010 1576 1082 sapientiam.
1611 1012 1912 1070 Pretiosior
1934 1020 2020 1071 est

437 1099 585 1157 enim
615 1101 892 1174 lapidibus
921 1103 1198 1176 pretiosis.
1230 1126 1250 1161 ι

455 1189 458 1192 ’
507 1189 675 1260 Prov.
702 1208 785 1261 ιιι,
813 1195 903 1253 l5.
924 1227 993 1240 --
1013 1214 1032 1250 ι
1059 1190 1255 1258 Manus
1276 1201 1573 1259 electorum
1595 1202 1778 1258 vincet
1801 1200 2013 1260 (σίνηαι

508 1279 674 1340 Prov.
703 1299 781 1342 xu
801 1325 818 1356 ,
844 1285 936 1342 24.
956 1317 1026 1329 -
1048 1287 1348 1349 ιΡοιΐοοιὶο
1372 1293 1588 1365 piorum
1609 1293 1842 1359 deducat
1865 1308 2014 1351 eos.)

501 1372 663 1433 Prov.
719 1393 838 1450 xxv,
883 1379 975 1436 2!.
1017 1410 1087 1422 —
1131 1398 1150 1434 ι
1179 1381 1284 1452 Qui
1334 1387 1632 1444 miseretur
1676 1402 2013 1458 pauperum,

436 1463 630 1524 beatus
659 1469 784 1528 erit.
813 1489 837 1527 ι

510 1557 678 1617 ΖαιΙι.
705 1577 776 1633 ιι,
815 1563 962 1621 8.-
989 1584 1009 1620 ι
1039 1567 1144 1636 Qui
1172 1569 1348 1642 tangit
1375 1583 1507 1640 vos,
1543 1571 1689 1628 sicut
1710 1572 1804 1645 qui
1844 1572 2019 1644 tangit

437 1654 705 1726 pupillam
738 1659 887 1716 oculi
919 1662 1049 1718 mei.
1084 1681 1104 1716 ι

512 1747 630 1808 Isa.
651 1767 761 1809 xxx
781 1796 796 1822 ,
819 1753 1170 1814 18.—¢Beati
1188 1773 1380 1816 omnes
1402 1758 1493 1829 qui
1514 1769 1736 1816 manent
1758 1759 1814 1815 in
1839 1759 2012 1829 ipso.r

512 1845 630 1904 Isa.
662 1863 747 1904 Lvl
768 1892 786 1916 ,
818 1850 875 1905 2.
902 1879 972 1892 -
999 1870 1018 1904 ι
1050 1849 1252 1910 Beatus
1286 1853 1382 1924 qui
1417 1860 1602 1909 servat
1629 1866 1824 1910 manus
1853 1866 2015 1916 suas,

439 1953 516 1998 ne
550 1939 721 1998 faciat
750 1942 1123 2017 iniquitatem.
1156 1964 1177 1999 ι

509 2031 670 2106 3'71
700 2034 904 2092 larem.
937 2052 1088 2106 xxxi,
1133 2037 1225 2094 i2.
1249 2068 1321 2080 —-
1354 2057 1372 2092 ι
1405 2037 1520 2096 Erit
1567 2037 1749 2094 anima
1795 2044 2020 2095 sancto-

440 2140 564 2182 rum
595 2127 746 2184 velut
802 2129 968 2186 arbor
993 2127 1302 2188 fructuosa.
1337 2147 1357 2184 ι

514 2217 728 2276 Bst-ach
755 2234 836 2290 Iv,
882 2222 938 2278 ι.
969 2240 1086 2277 -ι
1123 2222 1276 2280 Beati
1335 2238 1570 2290 sumus,
1640 2221 1840 2289 Israel,
1894 2222 2021 2295 quia

441 2327 566 2387 quae
588 2311 701 2370 Deo
736 2312 978 2386 placent,
1011 2315 1309 2375 manifesta
1344 2324 1480 2374 sunt
1505 2315 1690 2374 nobis.
1725 2334 1745 2368 ι

513 2404 686 2463 Eccli.
718 2423 846 2478 xw,
884 2409 940 2475 1,
973 2408 1029 2465 2.
1067 2439 1137 2452 -—
1165 2427 1186 2463 ι
1222 2408 1424 2468 Beatus
1459 2409 1550 2468 vir
1613 2409 1709 2483 qui
1760 2418 1881 2468 non
1936 2416 2024 2466 est

445 2501 641 2571 lapsus
665 2501 724 2557 in
753 2515 852 2560 ore
887 2517 1012 2561 suo.
1039 2501 1242 2562 Beatus
1272 2519 1433 2578 quem
1475 2517 1590 2561 non
1633 2502 2024 2562 condemnavit

443 2591 627 2649 anima
655 2592 800 2666 ejus.
851 2612 874 2648 ι

513 2681 684 2740 Eccii.
748 2700 890 2755 xxv,
927 2685 1085 2743 945.
1117 2715 1190 2728 —
1223 2704 1245 2739 ο
1269 2683 1476 2744 Novem
1512 2685 1867 2759 suspicabilia
1895 2700 2024 2743 cor-

443 2772 533 2832 dis
591 2776 903 2833 beatiﬁcavi
961 2785 1073 2833 :et
1127 2775 1405 2833 decimum
1461 2776 1644 2833 dicam
1702 2776 1758 2833 in
1813 2777 2021 2848 lingua.

444 2866 624 2926 Homo
663 2869 760 2942 qui
801 2870 1146 2944 jucundatur
1175 2872 1233 2928 in
1274 2871 1402 2929 ﬁliis
1443 2872 1713 2938 :vivens,
1743 2879 1798 2929 et
1825 2871 2024 2930 videns

446 2960 874 3019 subversionem
932 2961 1287 3019 inimicorum
1358 2978 1608 3020 suorum.
1657 2961 1863 3020 Beatus
1925 2965 2022 3035 qui

446 3055 659 3113 habitat
699 3071 826 3112 cum
893 3055 1133 3114 muliere
1185 3064 1515 3126 sensata,ct
1545 3057 1640 3128 qui
1685 3057 1875 3129 lingua
1921 3057 2021 3115 sua

443 3163 559 3206 non
600 3156 687 3206 est
741 3150 956 3223 lapsus,
989 3160 1046 3209 et
1072 3150 1168 3224 qui
1215 3167 1328 3209 non
1383 3151 1609 3210 servivit
1674 3150 1903 3224 indigno
1940 3166 2021 3210 se.

2119 643 2269 716 νόμῳ
2300 643 2527 716 Κυρξου.
2565 638 2915 711 Μακάριοιοὶ
2947 632 3359 707 ἐξερευνῶντες.
3384 651 3405 684 ι

2195 754 2215 789 ι
2260 735 2572 808 Μακάριος,
2609 725 2674 789 οὗ
2701 733 2730 787 ό
2767 731 2900 795 Θεὸς
2947 726 3142 783 Ἰακὼὸ
3186 724 3378 798 βοηθὸς
3416 724 3613 789 αὑτοῦ,
3651 727 3685 795 ἡ

2121 830 2276 896 ἐλπὶς
2297 828 2461 885 αὑτοῦ
2494 827 2588 883 ἐπὶ
2617 825 2820 900 Κύριον
2856 823 2947 878 τὸν
2969 821 3103 877 Θεὸν
3121 819 3309 876 αὑτοῦ.
3337 838 3360 873 ι

2194 943 2215 978 ι
2249 922 2426 999 Βουλὴ
2457 923 2651 994 ἁγίων,
2687 925 2924 988 σύνεσις.
2950 940 2970 976 ι

2197 1018 2532 1092 ιΜακάριος
2596 1016 2876 1097 ἁνὴρρδς
2912 1007 3041 1086 εὗρε
3107 1009 3318 1082 σοφίαν.
3381 1003 3692 1079 Τιμιουτάρα

2121 1113 2233 1185 γάρ
2268 1113 2386 1168 ἐστι
2408 1113 2573 1168 λίθων
2605 1107 2937 1166 πολυτελῶν.
2968 1127 2988 1162 ι

2201 1225 2220 1260 ι
2257 1206 2396 1280 Χεὶρ
2431 1204 2712 1261 ἐκλεκτῶν
2731 1202 3001 1277 κρατήσει
3029 1196 3296 1272 εὐχερῶς.

2196 1320 2216 1353 ι
2251 1299 2604 1370 Τελειότητος
2628 1295 2792 1352 ὁσίων
2818 1295 3077 1367 ὁδηγήσει
3103 1291 3322 1358 αύτούς.
3383 1299 3386 1302 ’

2197 1411 2216 1446 ι
2254 1391 2313 1447 '0
2335 1389 2500 1444 ἐλεῶν
2526 1388 2792 1460 πτωχοὺς,
2816 1383 3174 1458 μακαριστός.
3210 1402 3231 1438 ι

2195 1589 2215 1625 ι
2268 1570 2329 1627 Ὃ
2360 1568 2668 1640 ἁπτόμενος
2696 1566 2871 1639 ὑμῶν,
2905 1563 2982 1630 ὡς
3014 1562 3319 1636 ἁπτόμενος
3371 1561 3473 1635 τῆς
3524 1561 3690 1634 κόρης

2117 1662 2213 1718 τοῦ
2237 1661 2520 1734 ὀφθαλμοῦ
2553 1677 2673 1734 μου.
2697 1678 2715 1713 ι

2196 1776 2216 1811 ι
2256 1755 2532 1828 Μακάριοι
2560 1757 2762 1818 πάντες
2796 1755 2846 1809 οἱ
2879 1751 3210 1825 ἐμμένοντες
3235 1750 3292 1805 ἐν
3324 1747 3533 1820 αύτῷ.»

2199 1872 2217 1906 ι
2253 1853 2542 1924 Μακάριος
2563 1853 2591 1906 ό
2619 1848 2890 1921 διατηρῶν
2921 1847 3020 1912 τὰς
3065 1847 3257 1918 χεῖρας
3299 1843 3462 1898 αὐτοῦ
3491 1841 3584 1898 τοῦ
3615 1844 3690 1917 μὴ

2121 1944 2310 2002 ποιεῖν’
2323 1942 2499 1999 eam.
2526 1961 2546 1998 ι

2200 2056 2220 2092 ι
2257 2039 2371 2093 Καὶ
2394 2037 2547 2093 ἐσται
2578 2035 2792 2108 ἡψυχὴ
2830 2031 2938 2090 τῶν
2987 2031 3157 2102 ἁγίων
3208 2029 3403 2102 ὥσπερ
3435 2026 3588 2097 ξύλον
3603 2026 3691 2098 ἐτ-

2121 2151 2357 2208 καρπον.
2382 2152 2402 2189 ι

2200 2246 2220 2281 ι
2258 2225 2543 2300 Μακάριοι
2572 2226 2762 2296 ἐσμεν,
2781 2217 3206 2295 Ἰσραὴλδτιτὰ
3228 2215 3440 2291 ἀρεστὰ
3471 2215 3547 2290 τῷ
3576 2213 3694 2286 Θιῷ

2123 2320 2250 2393 ύμῖν
2276 2317 2502 2390 γνωστά
2529 2319 2697 2373 ἐστιν.
2727 2332 2749 2368 ι

2199 2432 2218 2467 ι
2249 2413 2537 2483 Μακάριος
2601 2411 2776 2485 ἀνὴρ,
2805 2411 2865 2474 ὃς
2913 2410 3014 2465 οὐκ
3042 2407 3343 2464 ὠλίσθπσεν
3371 2407 3431 2461 ἐν
3462 2403 3692 2476 στόματι

2122 2509 2310 2567 αὑτοῦ.
2335 2508 2622 2582 Μακάριος
2647 2503 2693 2580 ᾧ
2710 2510 2772 2569 οὐ
2800 2509 3099 2583 κατέγνωή
3126 2506 3275 2582 ψυχὴ
3293 2501 3479 2561 αὑτοῦ.
3507 2517 3529 2554 ι

2199 2716 2220 2751 ι
2258 2696 2446 2752 Ἐννέα
2474 2696 2832 2768 ὑπονοὴματα
2887 2693 3201 2768 ἐμακάρισα
3225 2691 3285 2747 ἐν
3313 2686 3513 2762 καρδία
3567 2701 3690 2756 μου.

2123 2790 2219 2846 καὶ
2239 2789 2300 2844 τδ
2325 2789 2552 2846 δέκατον
2575 2788 2686 2862 ἐρῶ
2711 2788 2803 2842 ἐπὶ
2821 2786 3094 2860 γλώσσης.
3121 2782 3442 2856 Ἀνθρωπος
3465 2779 3694 2849 εὐφραιο

2122 2885 2347 2957 νόμενος
2377 2885 2469 2939 ἐπὶ
2515 2883 2746 2952 τέκνοις,
2793 2882 2902 2948 ζῶν
2935 2881 3030 2936 καὶ
3081 2877 3292 2951 βλέπων
3342 2874 3434 2929 ἐπὶ
3487 2871 3695 2926 πτῶσιν

2123 2977 2358 3051 ἐχθρῶν.
2390 2976 2723 3049 Μακάριοςό
2756 2973 2932 3031 συνὼν
2983 2970 3205 3043 γυναικὶ
3264 2968 3480 3038 συνετῇ,
3511 2965 3608 3020 καὶ
3635 2962 3693 3029 ὃς

2123 3074 2182 3128 ἐν
2207 3070 2426 3145 γλώσσῃ
2479 3072 2580 3127 ούκ
2635 3068 2959 3140 ὠλίσθησεν,
3008 3066 3106 3122 καὶ
3133 3065 3192 3130 ὃς
3219 3063 3319 3118 οὐκ
3383 3059 3695 3117 ἐδούλευσεν

2124 3163 2330 3238 ἀναξίῳ
2379 3163 2601 3219 ἐαυτοῦ.
2658 3161 2948 3234 Μακάριος
2993 3158 3054 3224 ὃς
3087 3150 3214 3231 εὗρε
3254 3153 3552 3228 φρόνησιν,
3601 3147 3694 3204 καὶ

444 3239 650 3301 Beatus
680 3243 778 3316 qui
830 3243 1041 3301 invenit
1085 3244 1463 3318 prudentiam,
1492 3253 1548 3300 et
1581 3243 1678 3315 qui
1727 3242 2019 3302 deducitur

2125 3257 2493 3330 ὁδηγούμενος
2545 3257 2624 3320 εἰς
2681 3250 2794 3310 ὦτα
2836 3252 3166 3329 ἀκουόντων.
3207 3248 3294 3340 Ὠς
3336 3243 3568 3340 μέγας-ό
3604 3241 3700 3297 εύ-

447 3335 506 3390 in
532 3336 766 3395 auribus
797 3337 1164 3396 audientium.
1192 3337 1367 3408 Quam
1409 3352 1646 3410 magnus
1673 3338 1768 3410 qui
1813 3337 2019 3394 invenit

2127 3349 2236 3422 ρὼν
2270 3347 2458 3418 σοφίαν
2496 3347 2509 3404 i
2569 3346 2687 3404 ἀλλ’
2708 3346 2810 3404 οὐκ
2846 3344 2992 3401 εστιν
3039 3340 3183 3416 ὑπὲρ
3228 3339 3322 3394 τὸν
3362 3335 3694 3410 φοὸούμενσν

447 3429 814 3501 sapientiam!
849 3430 948 3490 sed
977 3445 1091 3489 non
1149 3441 1235 3489 est
1286 3446 1454 3504 super
1502 3432 1784 3490 timentem
1837 3429 2023 3488 Domi-

449 3538 606 3578 nam.
633 3541 653 3577 υ
1479 3529 1484 3533 ’

517 3613 716 3671 Παιιιι.
738 3631 795 3682 v,
823 3618 880 3676 3.
912 3643 987 3658 —
1021 3634 1041 3670 ι
1076 3615 1230 3673 Beati
1273 3630 1571 3687 pauperes
1601 3630 1825 3690 Bpll‘llu,
1884 3631 2025 3689 quo-

448 3706 598 3764 niam
622 3708 873 3781 ipsorum
899 3715 985 3766 est
1009 3722 1246 3782 regnum
1261 3708 1559 3766 caelorum.
1586 3728 1606 3763 ι

521 3799 665 3856 Ibid.
694 3799 748 3858 4.
778 3829 850 3844 --
879 3818 900 3855 ι
935 3800 1089 3858 Beati
1117 3799 1303 3866 mites,
1343 3799 1604 3872 quoniam
1638 3799 1742 3872 ipsi
1784 3799 2024 3873 posside-

447 3893 590 3951 bunt
616 3901 846 3954 terram.
874 3914 895 3952 ι

521 3987 667 4044 Ibid.
693 3989 751 4046 5.
770 4019 841 4031 —
866 4007 887 4044 ι
908 3987 1066 4047 Beati
1083 3988 1176 4060 qui
1206 3988 1419 4062 lugent,
1453 3987 1714 4060 quoniam
1754 3987 1856 4061 ipsi
1890 4004 2025 4046 con-

451 4084 806 4143 solabuntur.
841 4101 862 4137 ι
893 4115 903 4124 -

521 4180 664 4238 Ibid.
688 4181 742 4238 6.
776 4212 850 4224 --
890 4199 912 4236 ι
949 4179 1100 4239 Beati
1129 4197 1224 4254 qm
1251 4180 1508 4238 esuriunt
1537 4185 1591 4235 et
1620 4177 1820 4237 sitiunt
1853 4180 2024 4252 justi-

450 4273 584 4332 tiam
617 4317 635 4345 ,
680 4275 941 4346 quoniam
973 4274 1082 4348 ipsi
1101 4273 1526 4331 saturabuntur.
1566 4288 1586 4324 ι

523 4365 669 4422 Ibid.
701 4367 754 4423 7.
775 4397 847 4411 --
874 4386 893 4421 ι
916 4367 1074 4425 Beati
1121 4364 1540 4432 misericordes,
1592 4363 1854 4436 quoniam
1919 4364 2025 4437 ipsi

451 4459 890 4518 misericordiam
911 4469 1345 4533 consequentur.
1372 4479 1392 4515 ι

523 4551 669 4609 Ibid.
706 4553 760 4610 8.
787 4582 858 4595 —
892 4571 912 4608 ι
937 4553 1091 4611 Beati
1130 4555 1337 4612 mundo
1369 4555 1574 4626 corde,
1620 4554 1882 4630 quoniam
1917 4551 2025 4625 ipsi

451 4643 622 4703 Deum
654 4644 939 4703 videbunt.
969 4663 991 4699 ι
1769 4701 1773 4705 ,
1938 4631 1944 4636 ’

522 4737 667 4795 Ibid.
690 4739 829 4796 9.—
865 4738 1292 4813 «Beatipaciiici
1314 4783 1330 4809 ,
1362 4741 1625 4814 quoniam
1661 4739 1766 4814 ipsi
1804 4740 1895 4797 lilii
1934 4737 2026 4795 Dei

418 4909 422 4914 Α
453 4833 818 4891 vocabuntur.
855 4851 877 4888 ι

527 4925 672 4984 Ibid.
713 4926 803 4984 10.
838 4958 909 4970 —
953 4944 974 4982 ι
1013 4926 1167 4986 Beati
1199 4929 1296 5003 qui
1327 4930 1770 5000 persecutionem
1808 4927 2028 5001 patiun-

454 5031 548 5077 tur
577 5029 806 5095 propter
857 5022 1134 5092 justitiam
1165 5064 1179 5092 ,
1211 5024 1473 5098 quoniam
1524 5023 1769 5096 ipsorum
1823 5031 1908 5080 est
1937 5037 2028 5079 re-

451 5131 619 5188 gnum
652 5117 940 5173 ccelorum.
971 5135 991 5172 ι

525 5210 669 5266 Ibid.
707 5210 796 5277 il,
830 5209 1015 5266 12.--
1041 5228 1060 5264 ι
1095 5211 1250 5267 Beati
1310 5211 1448 5268 estis
1495 5225 1622 5267 cum
1684 5209 1900 5281 probris
1929 5223 2029 5265 vos

453 5303 741 5362 ail‘eeerint
766 5343 782 5369 ,
820 5313 874 5362 et
910 5305 1192 5377 persecuti
1241 5320 1340 5362 vos
1404 5304 1610 5361 iuerint
1638 5344 1653 5369 ,
1689 5315 1742 5360 et
1787 5302 2029 5357 dixerint

453 5414 617 5456 omne
671 5398 876 5455 malum
939 5399 1172 5455 verbum
1222 5399 1520 5456 adversum
1546 5413 1648 5455 vos
1674 5397 2026 5462 mentientes,

453 5499 677 5562 propter
703 5506 810 5548 me.
844 5490 1088 5550 Gaudete
1120 5500 1173 5548 et
1201 5491 1497 5560 exsultate,
1519 5490 1649 5563 quia
1683 5503 1895 5545 merces
1932 5503 2028 5544 ve-

450 5593 566 5640 stra
603 5585 778 5641 multa
803 5593 890 5643 est
917 5584 971 5640 in
1005 5584 1184 5643 ccelis.
1205 5604 1225 5637 ι

521 5675 686 5733 Jonn.
725 5693 818 5739 xx,
877 5676 969 5733 29.
1004 5707 1078 5721 -ο
1108 5697 1127 5730 ι
1157 5677 1309 5735 Beati
1346 5676 1456 5750 qui,
1496 5690 1608 5735 non
1669 5675 1926 5732 viderunt
1973 5681 2027 5730 et

453 5767 828 5825 crediderunt.
871 5787 890 5823 ι

530 5858 664 5916 Luc.
691 5877 768 5918 xu.
803 5862 897 5929 27,
930 5861 1020 5918 28.
1059 5891 1129 5903 —
1172 5881 1188 5914 ι
1215 5859 1444 5918 Factum
1469 5867 1553 5918 est
1576 5873 1700 5915 cum
1732 5858 1848 5915 haec
1877 5855 2028 5915 dicc-

457 5961 564 6011 ret.
603 5951 872 6015 extollens
912 5955 1163 6028 quaedam
1200 5956 1396 6014 mulier
1419 5952 1669 6014 deturba
1695 5996 1710 6027 ,
1765 5951 1906 6010 dixit
1938 5952 2022 6011 ei:

2123 3444 2217 3500 τὸν
2250 3442 2472 3516 Κύριον.
2499 3461 2518 3496 ι

2202 3646 2221 3680 ι
2249 3625 2527 3698 Μακάριοι
2556 3625 2604 3678 οἱ
2653 3624 2863 3696 πτωχοὶ
2905 3621 2985 3694 τῷ
3038 3615 3332 3689 πνεύματι.
3377 3614 3460 3670 δτι
3520 3609 3695 3667 αὐτῶν

2125 3725 2275 3780 ἐστιν
2298 3723 2330 3794 ἠ
2357 3719 2602 3792 βασιλεία
2623 3718 2731 3773 τῶν
2754 3713 3017 3788 οὐρανῶν.
3043 3732 3062 3768 ι

2201 3835 2220 3870 ι
2261 3813 2539 3888 Μακάριοι
2573 3813 2620 3867 οἱ
2646 3813 2863 3884 πραεῖς,
2911 3809 2993 3866 ὅτι
3026 3806 3184 3864 αὐτοὶ
3229 3801 3698 3876 κληρονομήσουσι

2012 3921 2014 3923 ’
2099 3912 2223 3983 ’τὴν
2255 3909 2377 3980 γῆν.
2406 3929 2425 3962 ι

2203 4022 2223 4056 ι
2262 4001 2538 4074 Μακάριοι
2571 4002 2621 4055 oi
2671 3999 3021 4065 πενθοῦντες,
3049 3997 3130 4053 ὅτι
3161 3992 3313 4051 αὐτοὶ
3344 3985 3697 4064 παρακληθή-

2128 4114 2334 4152 σονται.

2205 4212 2222 4246 ι
2263 4190 2546 4263 Μακάριοι
2570 4191 2620 4244 οἱ
2641 4187 2957 4254 πεινῶντες,
2980 4185 3075 4240 καὶ
3095 4183 3354 4255 διψῶντες
3373 4177 3472 4251 τὴν
3499 4179 3699 4232 δικαιο-

2128 4288 2315 4358 σύνην,
2355 4286 2438 4340 ὅτι
2466 4284 2621 4340 αὐτοὶ
2646 4279 3130 4356 χορτασθήσονται.
3157 4296 3179 4331 ι

2203 4399 2222 4434 ι
2255 4380 2536 4454 Μακάριοι
2559 4379 2609 4433 oi
2627 4373 3039 4449 ἐλεήμονες.ὃτι
3053 4371 3210 4429 αὐτοὶ
3235 4363 3640 4444 ἐλεηθήσονται.
3670 4384 3693 4418 ι

2129 4563 2134 4568 ’
2205 4584 2223 4616 ι
2260 4562 2542 4634 Μακάριοι
2558 4563 2607 4616 oi
2629 4560 2864 4634 καθαροὶ
2893 4559 2960 4631 τῇ
2991 4556 3212 4630 καρδίᾳ,
3270 4554 3352 4609 ὅτι
3409 4551 3563 4608 αὐτοὶ
3604 4548 3702 4602 τὸν

2057 4646 2099 4702 D
2127 4655 2258 4710 Θεὸν
2283 4654 2523 4725 δψονται.
2549 4673 2568 4707 ι

2208 4769 2226 4801 ι
2267 4750 2545 4821 Μακάριοι
2577 4749 2627 4804 οἱ
2667 4748 2999 4820 εἰρηνοποιοῑ
3076 4745 3158 4800 ὅτι
3196 4743 3353 4800 αὐτοὶ
3401 4743 3507 4797 υἱοὶ
3562 4739 3700 4795 Θεοῦ

2126 4840 2510 4913 κληθήσονται.
2539 4859 2557 4894 ι

2204 4952 2221 4985 ι
2255 4932 2531 5006 Μακάριοι
2560 4932 2610 4986 οἱ
2633 4932 2983 5003 δεδιωγμένοι
3003 4930 3189 4985 ἕνεκεν
3213 4928 3587 5000 δικαιοσύνης,
3615 4929 3700 4981 ὅτι

2126 5025 2304 5082 αὐτῶν
2335 5027 2482 5079 ἐστιν
2505 5026 2539 5098 ἡ
2561 5023 2807 5096 βασιλεία
2834 5022 2944 5078 τῶν
2959 5019 3226 5095 οὐρανῶν.
3251 5038 3272 5074 ι

2206 5229 2223 5259 ι
2260 5206 2537 5278 Μακάριοί
2589 5205 2735 5270 ἐστε,
2790 5203 2920 5258 ὅταν
2982 5201 3320 5258 ὀνειδίσωσιν
3361 5200 3542 5272 ὑμᾶς,
3603 5199 3696 5250 καὶ

2129 5299 2400 5367 διώξωσι,
2428 5300 2521 5353 καὶ
2551 5297 2746 5353 εἴπωσι
2773 5298 2884 5351 πᾶν
2914 5294 3152 5368 πονηρὸν
3187 5293 3339 5366 ῥῆμα
3365 5293 3489 5346 καθ’
3542 5290 3698 5361 ὑμῶν

2126 5392 2468 5464 ψευδόμενοι,
2497 5391 2681 5446 ἕνεκεν
2705 5387 2861 5462 ἐμοῦ.
2906 5387 3140 5460 Χαίρετε
3175 5386 3270 5455 καὶ
3312 5383 3696 5455 ἁγγαλλιᾶσθε,

2128 5487 2210 5541 ὅτι
2237 5489 2264 5542 ὁ
2297 5485 2486 5558 μισθὸς
2516 5485 2545 5539 ύ
2556 5485 2671 5556 μῶν
2701 5482 2867 5548 πολὺς
2891 5483 2951 5538 ἐν
2971 5483 3086 5546 τοῖς
3117 5480 3387 5553 οὐρανοῖς.
3417 5498 3437 5532 ι

2208 5691 2228 5725 ι
2252 5669 2526 5743 Μακάριοι
2553 5667 2603 5724 οἱ
2629 5669 2703 5741 μὴ
2733 5666 2954 5735 εἰδότες,
2977 5664 3073 5721 καὶ
3094 5663 3504 5729 πιστεύσαντες.
3533 5681 3550 5715 ι

2207 5874 2226 5907 ι
2274 5851 2521 5926 Ἐγένετο
2542 5855 2598 5907 ἐν
2625 5850 2702 5925 τῷ
2759 5851 2942 5921 λέγειν
2999 5849 3165 5906 eam
3222 5847 3396 5905 ταῦτα
3447 5847 3694 5916 ἐπάρασὰ

2130 5967 2213 6014 τις
2286 5947 2423 6021 γυνὴ
2471 5949 2655 6023 φιυνῦν
2682 5948 2745 6003 ἐκ
2766 5946 2862 6004 τοῦ
2922 5945 3105 6021 ὄχλου,
3148 5941 3302 6004 εἶπεν
3351 5943 3501 6018 αὐτῷ
3531 5941 3691 6002 ’Μι-
