4010 6302
219 395 355 463 1237

1491 385 1730 448 SACRA
1761 382 2236 445 PARALLELA-'

3332 371 3466 439 1238

216 506 387 580 καρία
418 507 455 579 ἡ
489 505 669 561 κοιλία
708 506 741 578 ἡ
779 503 1102 579 βαστάσασά
1145 520 1241 569 σε,
1298 501 1393 557 καὶ
1449 496 1646 571 μαστοὶ
1699 494 1828 558 οὒς,

1935 501 2098 550 catus
2124 501 2314 549 venter
2333 491 2429 563 qui
2455 499 2506 548 te
2525 489 2786 563 portavit,
2809 495 2862 544 et
2890 485 3058 540 ubera
3083 498 3204 555 qua:
3238 481 3462 538 susisti.

214 600 508 675 ἐθήλασας.
543 600 720 667 Δύτὺς
754 600 813 657 δὲ
854 594 1007 679 εἶπεν
1042 616 1057 632 ·
1089 592 1373 667 Μενοῧνγε
1429 592 1693 668 μακάριοι
1742 589 1792 644 οί

1895 583 2087 642 Atille
2128 585 2310 642 dixit:
2345 584 2606 653 Quinimo
2640 581 2787 640 beati
2809 579 2932 655 ‘qui
2971 578 3207 635 audiunt
3241 576 3466 633 verbum

213 695 514 761 ἀκούοντες
574 694 670 751 τὸν
723 675 884 766 λόγον
938 692 1035 750 τοῦ
1084 691 1241 760 Θεοῦ,
1281 689 1376 746 καὶ
1427 687 1794 759 φυλάσσοντες

1935 679 2013 749 |ei,
2043 687 2099 736 et
2120 679 2444 738 custodiunt
2470 675 2628 734 illud.
2651 693 2670 730 ι

217 789 404 846 αὐτόν.
427 809 447 844 ι

296 903 316 938 ι
347 883 627 958 Μακάριοί
671 885 808 939 εἰσιν
840 884 890 939 οἱ
917 882 1097 938 δοῦλοι
1150 883 1369 946 ἐκεῖνοι,
1422 875 1515 942 οὓς
1580 873 1797 928 ἐλθὼνό

217 974 426 1048 Κύριος
476 976 697 1050 εὑρήσει
751 971 1186 1059 γρηγοροῦντας.
1232 970 1409 1045 Ἀμὴν
1440 968 1585 1039 λέγω
1642 967 1792 1040 ὑμῖν,

1967 863 2102 924 Luc.
2123 846 2226 932 xu,
2259 864 2350 934 57,
2381 863 2472 922 38.
2496 891 2563 909 -ρ
2595 881 2616 917 ι
2644 860 2796 919 Beati
2845 858 2992 918 servi
3014 857 3120 926 illi,
3150 868 3292 928 quos
3343 868 3471 910 cum

1899 956 2426 1028 veneritDominus,
2463 955 2738 1014 invenerit
2766 954 3082 1027 vigilantes.
3123 951 3296 1005 Amen
3343 945 3473 1004 dico

219 1042 732 1143 ὃτι-περιζώσεται,
757 1042 1174 1128 καὶ-’άνακλινεϊ
1224 1042 1444 1133 αὐτούς,
1505 1065 1600 1121 xui.
1657 1082 1798 1137 παρ-

1936 1052 2080 1119 obis,
2111 1050 2260 1124 quod
2289 1051 2593 1125 praecinget
2616 1065 2698 1116 se,
2729 1056 2783 1106 et
2808 1047 2976 1104 faciet
3037 1045 3160 1102 illos
3231 1042 3476 1100 discum-

219 1163 393 1221 ελθὼν
412 1134 736 1239 ’διακονήσει
767 1165 972 1230 αὐτοῖς.
1028 1163 1141 1220 Καὶ
1193 1162 1308 1232 ἐὰν
1350 1158 1482 1235 ἔλθῃ
1507 1162 1565 1216 ἐν
1593 1161 1658 1233 τῇ
1679 1134 1798 1214 δευ-

1935 1162 2066 1215 erc,
2101 1157 2158 1206 et
2190 1147 2476 1204 transiens
2531 1144 2875 1202 ministrabit
2917 1141 3048 1198 illis.
3085 1139 3148 1194 Et
3177 1138 3223 1196 si
3259 1134 3476 1194 venerit

221 1257 359 1331 τέρᾳ
388 1228 647 1332 φυλακῇί
665 1260 761 1316 καὶ
784 1260 845 1314 ἐν
867 1228 944 1331 τῇ.
963 1257 1125 1332 τρίτῃ
1183 1228 1426 1328 φυλακῇ,
1453 1228 1656 1328 ’.ἔλθῃς
1703 1254 1798 1309 καὶ

1935 1258 1958 1298 [ι
1983 1241 2229 1298 secunda
2270 1239 2484 1312 vigilia,
2509 1238 2632 1295 etsi
2658 1238 2712 1291 in
2745 1235 2911 1292 tertia
2945 1233 3136 1306 vigilia
3165 1228 3397 1296 venerit,
3421 1236 3476 1284 et

223 1328 360 1424 εὖρη
390 1328 602 1419 οὕτως,⁷
628 1328 1055 1428 μακάριοί-είσιν
1150 1351 1326 1406 δοῦλοι
1355 1352 1572 1407 ἐκεῖνοι.
1600 1368 1620 1401 ι

1935 1346 1978 1392 la
2005 1334 2300 1400 invenerit,
2332 1331 2480 1391 beati
2510 1340 2641 1390 sunt
2661 1328 2807 1387 servi
2839 1329 2937 1385 illi.
2968 1346 2988 1380 ι

302 1419 641 1518 ιΜακάριος
690 1445 718 1498 ό
771 1419 848 1516 μὴ
892 1443 1093 1518 κρίνων
1149 1441 1342 1499 ἑαυτὸν
1388 1443 1446 1499 ἐν
1574 1441 1803 1513 δοκιμά-

1971 1428 2102 1486 Luc.
2140 1444 2252 1496 xiv,
2284 1427 2377 1486 22.
2409 1456 2477 1469 -
2513 1445 2532 1480 ι
2558 1426 2756 1483 Beatus
2784 1423 2877 1496 qui
2907 1437 3016 1480 non
3049 1419 3478 1492 judicatsemet-

223 1535 333 1600 ζει.
353 1553 373 1588 ι

1935 1539 2082 1597 psum
2107 1523 2163 1579 in
2188 1537 2255 1580 eo
2270 1523 2422 1595 quod
2452 1521 2667 1593 probat.
2696 1538 2714 1574 ι

305 1647 326 1682 ι
358 1629 518 1685 Κατὰ
538 1629 720 1686 πίστιν
743 1630 1015 1687 ἀπέθανον
1037 1627 1183 1688 οὗτοι
1205 1631 1430 1700 πάντες,
1446 1630 1523 1705 μὴ
1545 1631 1803 1696 λαϐόντες

1978 1617 2144 1674 Hebr.
2177 1634 2232 1674 ιι
2257 1658 2272 1686 ,
2303 1615 2535 1682 15-16,
2568 1613 2671 1684 32-,
2703 1613 2795 1671 35.
2825 1643 2896 1654 —-
2928 1629 2949 1667 ι
2988 1609 3151 1667 Juxta
3178 1607 3338 1664 (idem
3384 1606 3478 1662 dc-

226 1720 328 1785 τάς
363 1722 722 1793 ἐπαγγελίας,
746 1723 883 1780 ἀλλὰ
909 1723 1194 1800 πόρρωθεν
1228 1725 1401 1792 αὐτὰς
1448 1701 1654 1791 ίδόντες
1710 1729 1805 1783 καὶ

1935 1715 2088 1772 uncti
2125 1720 2255 1772 sunt
2290 1727 2484 1770 omnes
2520 1709 2635 1778 isti,
2669 1723 2782 1765 non
2805 1705 3050 1779 acceptis
3087 1701 3480 1780 repromissio-

227 1776 613 1889 ἀσπασάμενοι
637 1859 653 1885 ,
681 1776 800 1874 ’καὶ
851 1776 1651 1892 δμολῖξήσαντξέΪὲτίὲἐ-λᾷξ

1935 1805 2095 1870 uibus,
2126 1804 2224 1862 sed
2258 1820 2289 1859 a
2329 1776 2629 1876 longaeas
2655 1776 2993 1874 aspicientes
3015 1839 3030 1866 ,
3061 1804 3118 1855 et
3143 1776 3448 1854 salutantes
3468 1833 3483 1856 .

230 1874 607 1995 παρεπίδημοί
640 1874 778 1966 εἰσιν
810 1874 904 1966 ἐπὶ
926 1874 1174 1985 τῆςγῆς.
1204 1874 1672 1987 comi—3rd

1935 1911 1965 1957 τι
1994 1899 2344 1965 confitentes,
2380 1874 2516 1970 quia
2550 1893 2826 1968 peregrini
2853 1901 2910 1951 et
2932 1891 3184 1965 hospites
3248 1899 3489 1947 suntsu-
3543 1920 3550 1926 -

227 2019 443 2072 γοντες,
476 2002 871 2076 ἐμφανίζουσιν
896 2006 982 2061 δτι
1015 2007 1256 2080 πατρίδα
1299 2009 1642 2082 ἐπιζητοῦσι.
1698 2013 1811 2070 Καὶ

231 2099 282 2150 εί
318 2098 415 2170 μὲν
442 2097 662 2171 ἐκείνης
684 2097 1084 2173 ἐμνημόνευον,
1117 2100 1212 2170 ἀφ’
1235 2094 1305 2173 ἦς
1337 2101 1636 2176 ἐξέϐησαν,
1663 2099 1811 2177 εἶχον

232 2191 303 2246 ἂν
335 2190 528 2264 καιρὸν
559 2191 901 2264 ἀνακάμψαι.
928 2192 1042 2248 Νῦν
1063 2193 1120 2249 δέ
1158 2195 1471 2266 κρείττονος
1505 2197 1811 2270 ὀρέγονται,

232 2283 517 2340 τουτέστιν
544 2285 898 2362 ἐπουρανίου.
931 2286 1024 2342 Διδ
1053 2287 1154 2344 οὐκ
1206 2290 1594 2363 ἐπαισχύνεται
1615 2294 1815 2360 αὐτοὺς

232 2379 266 2430 ὁ
297 2375 453 2445 Θεὸς,
489 2377 622 2444 Θεδς
673 2378 855 2435 αὐτῶν
885 2432 892 2440 ,
917 2380 1320 2439 ἐπικαλεῖσθαι.
1358 2384 1657 2459 Ἦτοίμασε
1707 2389 1815 2462 γὰρ

235 2471 423 2536 αὐτοῖς
455 2471 634 2528 πόλιν.
665 2489 685 2527 ι
723 2470 831 2528 Καὶ
847 2475 975 2545 μετ’
1012 2475 1222 2548 ὀλίγη·
1249 2495 1268 2530 ι
1303 2478 1412 2533 Καὶ
1429 2479 1483 2532 τι
1519 2479 1598 2535 ἔτι
1647 2479 1814 2552 λέγω;

239 2561 507 2634 ἐπιλείψει
545 2565 653 2637 γάρ
684 2581 752 2637 με
782 2565 1139 2638 διηγούμενον
1157 2568 1187 2622 ὁ
1207 2567 1398 2641 χρόνος
1425 2570 1553 2644 περὶ
1583 2572 1812 2643 Γεδεὼν,

241 2657 434 2728 Βαράκ
464 2674 548 2726 τε,
578 2659 674 2714 καὶ
707 2660 967 2732 Σαμψὼν,
1030 2663 1128 2719 καὶ
1161 2663 1390 2735 Ἰεφθάε,
1428 2642 1593 2722 Δαϐίδ
1613 2686 1694 2738 τε,

243 2750 516 2823 Σαμουὴλ,
550 2752 646 2808 καὶ
676 2752 785 2810 τῶν
840 2755 1156 2830 προφητῶν,
1181 2757 1230 2813 oi
1260 2757 1350 2814 διὰ
1381 2758 1619 2828 πίστεως
1683 2781 1819 2821 κατ·

245 2843 591 2912 ηγωνίσαντο
614 2845 914 2918 βασιλείας.
937 2866 956 2902 ι

263 2997 268 3000 _
315 2936 604 3012 Μακάριος
647 2940 677 2995 ό
717 2939 790 2995 τά
865 2941 1138 2999 πλείστων
1192 2944 1321 3013 ἄξια
1385 2949 1746 3022 κεκτημένος,
1794 2953 1824 3008 ό

243 3023 356 3085 τῶν
405 3030 786 3104 ἀναφαιρέτων
824 3034 1075 3107 ἀγαθῶν.
1103 3037 1353 3111 μέτοχος.
1387 3040 1590 3098 Τοῦτον
1623 3042 1680 3098 δέ
1705 3043 1826 3112 πῶς

245 3122 669 3196 ἐπιγνωσόμεθα
695 3141 712 3195 ;
753 3126 853 3192 Ὃς
878 3126 981 3183 οὐκ
1017 3127 1292 3204 ἐπορεύθη
1314 3129 1374 3186 ἐν
1389 3133 1457 3205 τῇ
1500 3131 1666 3208 βουλῇ
1691 3135 1824 3191 des-

246 3214 381 3269 ϐῶν.

317 3311 631 3383 Μακάριος,
663 3311 723 3378 ὃς
769 3311 872 3369 ούκ
927 3311 1088 3371 ἔλασε
1143 3315 1277 3390 περὶ
1316 3315 1453 3374 Θεοῦ
1496 3318 1823 3396 δισταγμὸν,

247 3408 378 3482 ὁμὴ
440 3408 860 3481 μικροψυχήσας
917 3408 1148 3484 περὶτὰ
1185 3413 1452 3483 παρόντα,
1503 3413 1641 3470 άλλά
1692 3417 1828 3473 άνα-

252 3502 432 3574 μένων
451 3503 520 3558 τὰ
548 3500 975 3576 προσδοκώμενα
993 3519 1008 3537 ο
1040 3501 1099 3572 ὃς
1120 3502 1246 3578 ἔσχε
1313 3507 1444 3581 περὶ
1475 3507 1569 3565 τοῦ
1595 3510 1827 3569 Κτίσαν-

248 3615 341 3662 τος
371 3598 521 3671 ἡμᾶς
543 3595 814 3671 ὑπόληψιν
835 3596 1087 3655 ἄπιστον.

322 3691 632 3765 Μαρτύρων
660 3693 879 3765 μνήμης
907 3690 993 3758 τίς
1026 3691 1093 3748 ἂν
1126 3692 1341 3764 γένοιτο
1371 3693 1534 3768 κόρος
1571 3697 1652 3771 τῷ
1676 3700 1830 3770 φιλο-

258 3786 530 3861 μὰρτυρις
563 3787 698 3842 διότι
721 3787 758 3860 ἡ
793 3786 929 3859 πρὸς
949 3789 1076 3854 τοὺς
1101 3787 1343 3860 ἀγαθοὺς
1371 3791 1483 3848 τῶν
1521 3792 1830 3867 ὁμοδούλων

254 3882 389 3955 τιμὴ
426 3881 698 3949 ἀπόδειξιν
727 3882 862 3956 εχει·
887 3882 987 3957 τῆς
1023 3881 1160 3956 πρὸς
1208 3883 1300 3940 τδν
1337 3887 1535 3944 οἰκεῖον
1565 3889 1832 3969 δεσπότην

256 3978 470 4044 εὐνοίας

344 4072 411 4128 Ἦ
464 4073 604 4146 πρὸς
659 4071 790 4138 τοὺς
832 4071 1022 4140 εὔνους
1080 4075 1189 4132 τῶν
1243 4077 1550 4150 ὁμοδούλων
1597 4079 1837 4151 διάθεσις

259 4164 357 4238 τὴν
375 4164 654 4239 ἀναφορὰν
681 4165 775 4221 ἐπὶ
797 4165 890 4222 τὸν
913 4166 1181 4242 δεσπότην
1201 4163 1384 4244 ἐχει,ᾦ
1401 4173 1833 4243 δεδουλεύκασιν,

260 4260 357 4314 καὶ
383 4261 412 4314 ό
438 4258 684 4324 τοὺς-ιδιά
720 4259 901 4315 πίστιν
926 4260 1234 4336 ἠθληκότας
1261 4265 1458 4339 τιμῶν,
1481 4268 1639 4341 δῆλός
1670 4269 1818 4327 ἐστιν

261 4351 352 4405 τὸν
371 4350 533 4425 ζῆλον
564 4351 703 4427 ἔχων
739 4351 842 4427 τῆς
870 4355 1126 4423 πίστεως.

335 4536 555 4609 Ταύτην
615 4531 754 4593 εἶναι
803 4539 1192 4612 πραγματείαν
1244 4541 1475 4617 ἀρίστην
1527 4546 1700 4618 φημὶ,
1757 4549 1842 4604 αϊ-

1912 2010 2012 2068 per
2049 2002 2275 2050 terram.
2300 1989 2411 2060 Qui
2461 1989 2609 2046 enim
2651 1988 2770 2045 haec
2803 1985 3020 2055 dicunt,
3081 1982 3399 2056 signiﬁcant
3430 1996 3489 2037 sc

1914 2090 2148 2164 patriam
2179 2088 2482 2160 inquirere.
2510 2084 2580 2141 Et
2609 2083 2654 2142 si
2691 2081 2914 2156 quidem
2975 2078 3158 2153 ipsius
3211 2076 3492 2136 meminis-

1913 2195 2062 2252 sent,
2105 2184 2173 2241 de
2221 2196 2329 2256 qua
2376 2180 2655 2248 exierunt,
2708 2176 2990 2250 habebant
3027 2175 3222 2247 utique
3277 2183 3492 2244 temws

1914 2277 2246 2337 revertendi.
2298 2274 2462 2332 Nunc
2523 2281 2708 2330 autem
2757 2271 3044 2328 meliorem
3104 2275 3394 2343 appetunt,
3439 2264 3493 2323 id

1918 2385 2004 2432 est
2030 2375 2338 2431 caelestem.
2369 2369 2496 2428 Ideo
2554 2384 2666 2426 non
2704 2364 3070 2424 confunditur
3131 2361 3299 2431 Deus,
3352 2361 3495 2418 Deus

1918 2470 2108 2529 vocari
2160 2483 2375 2527 eorum.
2431 2464 2654 2522 Paravit
2708 2461 2854 2520 enim
2889 2460 3006 2517 illis
3046 2459 3391 2515 civitatem.»
3425 2453 3496 2512 Et

1916 2568 2102 2640 paucis
2154 2563 2441 2636 interfectis
2470 2581 2485 2618 :
2524 2577 2545 2614 ι
2575 2558 2644 2616 Et
2667 2556 2802 2631 quid
2851 2554 3035 2613 adhuc
3085 2553 3252 2610 dico?
3273 2550 3497 2610 “Deﬁciet

1921 2677 2010 2718 me
2052 2671 2270 2732 tempus
2343 2664 2694 2715 enarrantem
2724 2651 2793 2710 de
2841 2649 3088 2714 Gedeon,
3129 2656 3186 2704 et
3219 2645 3416 2711 Barac,
3442 2653 3498 2701 et

1921 2756 2160 2814 Samson
2191 2793 2207 2818 ,
2239 2761 2296 2810 et
2319 2749 2543 2823 Iephte,
2577 2757 2633 2806 et
2674 2744 2873 2812 David,
2902 2754 2959 2802 et
2989 2739 3233 2808 Samuel,
3267 2746 3324 2798 et
3369 2753 3498 2812 pru-

1922 2847 2127 2924 phetis,
2148 2848 2242 2922 qui
2261 2861 2360 2918 per
2392 2842 2552 2899 ﬁdem
2605 2840 2860 2897 vicerunt
2887 2851 3077 2910 regna.
3105 2854 3124 2889 ι

1994 2943 2159 3016 372
2212 2936 2447 2996 Basil.in
2482 2935 2625 3008 μιαί.
2656 2950 2695 2991 ι.
2731 2961 2796 2977 --
2853 2931 3052 2989 Beatus
3100 2937 3208 2998 est,
3267 2927 3360 3002 qui
3413 2944 3501 2985 res

1926 3051 2144 3096 summe
2167 3031 2442 3108 pretiosas
2470 3025 2738 3101 possidet,
2775 3041 2948 3097 eaque
2988 3024 3134 3081 bona
3183 3021 3499 3095 participat,

1927 3145 2050 3204 quae
2077 3126 2243 3186 adimi
2267 3139 2380 3181 non
2412 3128 2666 3195 possunt.
2699 3118 2806 3187 Qui
2857 3132 2988 3176 vero
3032 3117 3181 3173 hunc
3236 3129 3499 3188 agnosce-

1931 3220 2099 3280 mus‘l
2124 3221 2180 3276 ls
2210 3225 2300 3275 est
2335 3213 2434 3288 qui
2486 3227 2597 3270 non
2641 3211 2774 3267 abiit
2799 3209 2854 3265 in
2887 3207 3128 3266 consilio
3183 3205 3500 3278 impiorum.

2003 3314 2149 3372 Ibid.
2179 3342 2251 3353 —
2285 3309 2493 3367 Beatus
2529 3305 2626 3378 qui
2677 3302 3085 3361 dubitationem
3120 3300 3188 3358 de
3221 3298 3333 3356 Deo
3394 3314 3503 3355 non

1933 3404 2163 3465 admisit
2183 3420 2200 3460 :
2217 3401 2327 3476 ’qui
2356 3398 2560 3474 pusillo
2580 3396 2770 3453 animo
2783 3410 2897 3452 non
2919 3402 3006 3451 est
3029 3408 3156 3466 erga
3191 3391 3504 3467 praesentia;

1933 3503 2030 3563 sed
2066 3516 2132 3559 ea
2157 3512 2283 3573 quae
2310 3497 2370 3553 in
2393 3509 2492 3569 spe
2530 3491 2708 3565 posita
2737 3497 2889 3557 sunt,
2922 3495 3233 3561 exspectat,
3264 3501 3367 3543 nec
3402 3486 3505 3541 im-

1933 3598 2082 3672 piam
2104 3593 2174 3652 de
2197 3593 2459 3652 Creatore
2497 3596 2690 3645 nostro
2727 3577 3045 3657 opinionem
3079 3581 3294 3639 habuit.

2009 3685 2208 3759 Ejusd.
2234 3684 2392 3742 Hom.
2421 3681 2477 3739 in
2491 3680 2563 3740 ιο
2614 3686 2875 3734 mart.--
2901 3674 3202 3740 Martyrum
3253 3676 3511 3732 recorda-

1937 3783 2091 3842 tione
2109 3782 2238 3856 quis
2267 3786 2573 3851 martyrum
2601 3790 2798 3833 amans
2823 3774 3018 3832 satiari
3048 3771 3248 3844 queat?
3265 3771 3514 3844 quando-

1935 3877 2160 3953 quidem
2214 3874 2393 3932 ltonos
2465 3871 2563 3944 qui
2619 3869 2784 3928 bonis
2837 3867 3130 3953 conservis
3185 3864 3508 3935 exhibetur,

1937 3951 2336 4028 benevolentia
2369 3978 2497 4040 erga
2519 3963 2807 4020 dominum
2847 3951 3234 4035 argumentum
3265 3966 3369 4015 est.

2021 4063 2162 4119 Ibid.
2202 4091 2268 4103 —
2303 4059 2487 4116 Animi
2513 4071 2642 4130 erga
2687 4054 2990 4112 benevolos
3035 4064 3335 4110 conservos
3381 4050 3513 4107 atre-

1941 4158 2074 4223 ctio,
2111 4157 2178 4212 ad
2203 4156 2509 4222 dominum,
2542 4152 2628 4210 cui
2661 4150 2739 4207 illi
2759 4150 3089 4214 servierunt,
3114 4146 3391 4204 redundat
3418 4165 3431 4201 :
3459 4155 3511 4204 et

1945 4252 2201 4329 quisquis
2227 4266 2323 4310 eos
2347 4248 2439 4322 qui
2472 4246 2597 4304 ﬁdei
2629 4260 2798 4304 causa
2823 4243 3182 4308 dimicarunt,
3213 4240 3380 4297 allicit
3416 4241 3515 4297 lto-

1945 4360 2103 4412 ποτε),
2127 4341 2421 4416 perspicue
2449 4337 2697 4420 ostendit
2734 4335 2925 4394 eodem
2951 4349 3012 4390 se
3045 4332 3167 4389 ﬁdei
3224 4333 3340 4389 zelo
3383 4348 3518 4404 prac-

1945 4439 2119 4496 ditum
2142 4451 2288 4493 esse.

2023 4527 2169 4584 Naz.
2205 4525 2419 4583 Orat.in
2448 4522 2704 4597 Cypr.-
2740 4521 2900 4579 Hunc
2938 4536 3062 4579 esse
3089 4526 3360 4594 quaestum
3400 4533 3519 4575 om-

271 4650 442 4703 ματος
488 4631 670 4702 ὀλίγου
725 4629 1004 4703 βασιλείαν
1061 4613 1307 4706 οὐρανῶν
1359 4613 1694 4709 ὠνήσασθαι,
1747 4641 1828 4696 καί

1951 4623 2104 4679 ιιίιιιιι
2142 4619 2675 4694 praestantissimum
2700 4617 2813 4684 aio,
2840 4616 3045 4689 exiguo
3103 4613 3376 4686 sanguine
3417 4628 3523 4669 ete-

266 4723 427 4793 δόξτις
475 4723 752 4796 άῖδιότητα
791 4721 900 4778 τῶν
938 4727 1303 4798 προσκαίρων
1353 4729 1662 4785 ἀντιλαϐεῖν
1706 4733 1846 4805 ἀγα-

269 4820 403 4877 θῶν.
1151 4834 1153 4837 τ

339 4913 526 4985 Νόμος
562 4913 890 4985 μαρτυρίας,
925 4914 1063 4985 μήτε
1089 4912 1372 4980 ἐθέλοντας
1411 4916 1546 4988 πρὸς
1574 4916 1668 4972 τὸν
1698 4919 1846 4989 ἀγῶ-

272 5024 341 5062 να
363 5009 579 5078 χωρεῖν,
612 5005 784 5076 φειδοῖ
813 5005 921 5060 τῶν
970 5005 1275 5061 διωκόντων
1318 5007 1422 5061 καῖ’
1465 5007 1575 5062 τῶν
1629 5008 1850 5064 ἀσθενε-

275 5099 484 5170 στέρων
514 5138 532 5166 ,
588 5098 726 5169 μήτε
774 5097 1050 5170 παρόντας
1091 5096 1419 5153 ἀναδύεσθαι
1447 5115 1468 5134 ο
1502 5097 1562 5154 τὺ
1588 5097 1691 5168 μέν
1740 5100 1849 5173 γὰρ

275 5192 612 5266 οράσους,τὸ
643 5191 698 5247 δὲ
727 5191 1018 5265 ἀνανδρίας
1049 5193 1216 5248 ἐστίν.

360 5475 426 5529 Ἥ
474 5473 582 5528 τῶν
632 5471 1002 5545 μακαρισμῶν
1066 5472 1360 5556 κοινωνία,
1421 5471 1680 5545 θεότητός
1739 5453 1855 5530 ἐστι

281 5568 534 5625 κοινωνία
557 5584 571 5597 ·
603 5565 738 5622 Θεοῦ
781 5566 894 5639 γὰρ
917 5565 995 5631 ὡς
1020 5566 1236 5637 άληθῶς
1291 5566 1479 5642 ra:qu
1515 5568 1857 5642 μακαριότης

281 5663 450 5720 ἐστίν.

355 5755 416 5808 Εἰ
435 5753 496 5807 τὸ
519 5754 644 5807 ἰδεῖν
691 5752 780 5808 τδν
825 5752 959 5807 Θεὸν
1009 5751 1313 5826 ὑπερϐολὴν
1340 5753 1401 5807 ἐν
1427 5752 1504 5825 τῷ
1537 5751 1728 5826 ἀγαθῷ
1759 5753 1860 5808 οὐκ

285 5847 506 5918 ἓχει,τὸ
539 5847 665 5900 Υίὸν
703 5845 952 5916 γενέσθαι
1005 5847 1099 5902 τοῦ
1164 5845 1322 5913 Θεοῦ,
1372 5847 1515 5918 ὑπὲρ
1562 5845 1861 5918 εύκληρίαν

289 5941 406 5997 ἐστὶ
462 5940 698 6001 πάντων.
738 5941 921 6014 Ὀγᾶρ
950 5941 1078 6006 Υἱὸς
1126 5941 1378 6007 ἀξιωθεὶς
1424 5941 1700 6012 γενέσθαι,
1748 5939 1861 6008 ἕξει

1947 4720 2086 4777 leste
2118 4731 2346 4789 regnum
2381 4729 2588 4780 emere,
2620 4720 2674 4770 et
2700 4728 2801 4784 pro
2833 4709 3062 4767 caducis
3083 4716 3139 4766 et
3171 4708 3522 4780 temporariis

1948 4812 2109 4869 bonis
2142 4808 2506 4866 aeternitatem
2544 4806 2734 4880 gloriae
2761 4805 2991 4862 referre.
3229 4874 3231 4876 η

2026 4905 2278 4978 Ejusdem
2295 4905 2350 4960 in
2378 4902 2549 4958 Basil.
2585 4931 2656 4944 ——
2680 4899 2790 4957 Lex
2817 4898 3069 4972 martyrii
3101 4897 3302 4969 poscit,
3334 4906 3392 4954 ut
3422 4911 3524 4953 nec

1954 5000 2101 5057 ultro
2127 5001 2182 5055 in
2211 5005 2490 5055 certamen
2517 5009 2788 5061 ruamus;
2840 4992 3005 5049 saluti
3046 4991 3308 5048 nimirum
3342 5003 3524 5062 perse-

1951 5102 2209 5150 cutorum
2239 5088 2738 5162 etjmbecilliorum
2766 5086 3124 5142 consulentes
3146 5098 3280 5140 :nec
3307 5096 3526 5147 rursus,

1954 5186 2050 5244 ubi
2078 5185 2190 5259 jam
2221 5184 2278 5239 in
2321 5181 2570 5255 periculo
2627 5177 2915 5236 constituti
2972 5190 3185 5240 sumus,
3250 5180 3525 5230 certamen

1954 5280 2347 5336 detrectemus.
2379 5272 2518 5330 illud
2545 5272 2696 5330 enim
2723 5269 3054 5329 temeritatis
3083 5277 3165 5326 est
3188 5310 3204 5336 ,
3235 5267 3336 5324 hoc
3371 5268 3525 5336 igna-

1955 5373 2076 5430 vite.

2033 5465 2198 5540 Nysa.
2234 5465 2290 5520 in
2346 5462 2643 5518 Beatit.—
2692 5457 3107 5515 Beatitudinum
3163 5453 3529 5527 participatio,

1957 5563 2184 5621 deitatis
2222 5568 2308 5618 est
2333 5557 2709 5632 participatio.
2737 5557 2829 5611 Dei
2860 5553 3136 5626 siquidem
3159 5550 3383 5622 pronria
3411 5548 3544 5606 hea—

1961 5655 2143 5714 titudo
2171 5661 2282 5713 est.

2039 5748 2229 5821 Ejusd.
2251 5747 2405 5804 Orat.
2434 5745 2464 5798 Ἰ
2503 5744 2573 5800 De
2597 5743 2751 5800 Beat.
2777 5771 2840 5785 —-
2868 5740 2925 5796 Si
2955 5739 3126 5796 Deum
3178 5744 3389 5803 videre,
3417 5744 3534 5790 tan-

1965 5853 2086 5900 tum
2121 5851 2210 5900 est
2241 5841 2472 5905 bonum,
2498 5846 2562 5894 ut
2592 5837 2659 5894 ad
2699 5834 2820 5906 ejus
2881 5830 3320 5904 magnitudinem
3381 5841 3568 5896 acce-I

1974 5938 2105 5997 dere
2133 5934 2274 5992 nihil
2304 5932 2520 6005 possit:
2550 5928 2646 5988 Dei
2690 5928 2858 5986 lilium
2928 5922 3091 5992 cllici,
3140 5919 3568 5981 beatitudinem.
