4010 6302
516 352 650 416 1239

1696 353 1755 412 S.
1797 351 2039 412 JOANN
2051 350 2114 410 IS
2154 351 2579 416 DAnlASCENI

3649 353 3775 418 1240

510 469 675 538 plane
700 478 918 520 omnem
953 463 1190 520 excedit.
1224 461 1356 518 Nam
1399 464 1487 518 cui
1531 464 1636 518 hoc
1666 465 1936 519 donatum
1985 472 2091 528 est,

2216 466 2420 531 πάντως
2472 470 2530 522 ἐν
2593 470 2773 537 ἑαυτῷ
2841 465 2932 520 τοῦ
2984 467 3197 541 Πατρὺς
3233 468 3294 523 τδ
3336 463 3558 538 ἀξίωμα
3591 483 3604 497 ·
3640 467 3772 538 ὑπὲρ

511 567 571 614 ιιι
601 559 745 615 ﬁlius
794 557 891 612 Dei
952 557 1067 624 ﬁat,
1106 557 1154 612 is
1188 555 1382 626 procul
1425 557 1593 612 dubio
1643 555 1828 613 Patris
1874 571 2095 628 quoque

515 652 843 723 dignitatem
877 649 1126 705 habebit.
1171 648 1430 706 Felicitas
1483 650 1602 704 haec
1659 663 1828 720 supra
1872 648 2092 705 deside-

516 748 660 800 rium
685 751 769 800 est
791 762 807 798 :
833 759 999 812 supra
1027 758 1178 814 spem
1204 757 1419 798 omnem
1463 749 1545 798 cst
1577 742 1684 797 hoc
1712 757 1916 797 munus
1945 761 1962 796 :
1994 757 2092 797 su-

520 854 615 910 pra
643 847 899 894 naturam
920 837 1039 894 hate
1073 837 1276 907 gratia.

493 1004 498 1010 _
586 928 864 1000 Ejusdem.
890 926 1207 986 —Naturae
1234 929 1323 986 lex
1349 937 1460 996 est,
1511 936 1569 982 ut
1601 926 1880 999 cupiditas
1920 926 1986 981 ad
2039 925 2094 982 id

512 1024 658 1095 quod
692 1023 913 1080 beatum
936 1030 1022 1079 est
1056 1031 1110 1080 et
1130 1023 1433 1089 laudabile,
1470 1021 1797 1079 contendat.

587 1118 784 1175 Omnis
819 1119 949 1175 boni
1002 1127 1171 1192 caput
1215 1116 1324 1174 hoc
1375 1126 1486 1184 est,
1528 1131 1695 1188 supra
1761 1121 2091 1187 potestatem

511 1212 786 1267 viviﬁcam
811 1211 1104 1268 collocari.

591 1303 780 1374 Ejusd.
813 1305 868 1359 in
883 1302 1036 1360 Orat.
1062 1301 1278 1361 Domin.
1308 1333 1380 1346 -
1401 1300 1689 1374 Ejusmodi
1709 1309 1841 1357 sunt
1869 1307 2092 1356 sancto-

511 1412 636 1452 rum
666 1394 886 1463 anima,
908 1405 973 1452 ut
995 1401 1123 1452 ante
1149 1395 1456 1469 erigantur,
1485 1409 1653 1466 quam
1686 1393 1908 1458 cadant,
1943 1406 2094 1448 sese-

511 1504 622 1560 que
650 1499 914 1560 tanquam
951 1486 1109 1544 freno
1139 1491 1380 1560 quodam
1436 1487 1738 1559 reprimant
1770 1487 2090 1558 priusquam

514 1578 572 1634 in
608 1585 897 1651 peccatum
952 1586 1138 1636 ruant.
1184 1578 1458 1645 Quoniam
1520 1585 1787 1649 perpetuo
1837 1576 2089 1647 vigilant,

491 1679 680 1756 atque
706 1686 811 1745 pro
849 1672 1029 1729 salute
1059 1686 1162 1728 sua
1194 1679 1369 1744 agunt
1396 1671 1682 1727 excubias.
1748 1690 1750 1692 ν
2038 1651 2042 1656 ’

584 1786 776 1860 Chrys.
800 1789 854 1843 in
878 1785 936 1843 S.
958 1785 1109 1842 Rom.
1133 1797 1297 1842 mart.
1325 1815 1397 1826 —-
1425 1783 1542 1841 Non
1575 1785 1612 1839 ii
1641 1791 1770 1841 sunt
1794 1784 2092 1856 prmstlgia-

512 1887 664 1938 tores
687 1879 916 1947 Christi,
936 1888 998 1935 ut
1024 1887 1354 1952 pertenuem
1379 1879 1529 1935 tilum
1550 1886 1777 1935 currant
1802 1878 1895 1946 ;'ut
1924 1892 2091 1947 super

512 1976 693 2034 nudos
728 1991 893 2033 enses
928 1975 1250 2042 saltitando,
1280 1983 1398 2031 arte
1423 1975 1660 2046 quadam
1686 1973 1912 2029 vulnera
1953 1971 2093 2028 ellu-

514 2072 672 2144 giant
708 2083 942 2126 :verum
979 2068 1210 2124 funicull
1245 2068 1370 2124 loco
1430 2072 1720 2138 angustam
1751 2074 1806 2121 et
1831 2064 2094 2135 utrinque

515 2171 849 2237 praeruptam
884 2163 1106 2235 pietatis
1134 2163 1280 2219 viam
1308 2164 1467 2219 ﬁrmo
1503 2177 1695 2234 gressu
1753 2165 2088 2232 peragrant;

512 2255 932 2329 tyrannicorum
965 2269 1099 2312 vero
1156 2254 1464 2326 gladiorum
1523 2253 1695 2308 aciem
1728 2265 1826 2309 sua
1861 2252 1916 2306 in
1941 2249 2092 2306 exci-

512 2347 730 2418 piendis
757 2346 1092 2405 vulneribus
1140 2346 1434 2402 alacritate
1471 2345 1794 2400 retundunt.
1824 2340 2012 2412 Neque
2036 2339 2090 2396 id

512 2453 684 2514 agunt
708 2457 776 2498 ne
827 2441 959 2512 quid
1015 2439 1319 2512 patiantur,
1372 2439 1467 2495 sed
1517 2440 1689 2508 magis
1756 2437 2000 2498 student,
2031 2441 2091 2487 ut.

513 2534 780 2607 patiendo
805 2535 1053 2590 vincant.

583 2650 779 2717 Clem.,
810 2652 906 2708 li—b.
935 2669 979 2708 ιι.
1008 2650 1209 2708 Stram.
1244 2680 1315 2691 —-
1345 2651 1578 2706 Videtur
1621 2649 1947 2720 martyrium
1977 2647 2095 2720 glo-

510 2747 661 2805 riosa
686 2747 938 2820 quaedam
978 2761 1107 2804 esse
1131 2753 1480 2819 peccatorum
1505 2744 1854 2818 expurgatio.

595 2862 813 2919 Philan.
844 2893 915 2904 --
945 2862 1114 2918 Beata
1173 2867 1371 2918 natura
1431 2868 1538 2929 est,
1577 2875 1699 2932 quae
1729 2861 1783 2915 in
1836 2858 2095 2916 omnibus

514 2955 740 3029 gaudet,
794 2960 965 3026 atque
997 2954 1071 3009 ita
1133 2951 1329 3011 aﬂ‘ecta
1357 2961 1462 3021 est,
1490 2963 1550 3009 ut
1583 2953 1722 3008 nihil
1782 2967 2014 3024 prorsus
2037 2952 2092 3008 in

513 3048 724 3106 mundo
787 3063 932 3121 aegre
978 3047 1176 3115 ferat,
1243 3062 1436 3105 rerum
1492 3048 1560 3105 iis
1610 3063 1734 3119 quae
1795 3046 2092 3112 accidunt,

514 3141 855 3215 acquiescat.
882 3157 984 3198 ceu
1008 3156 1133 3214 qua:
1170 3145 1324 3199 recte
1345 3148 1512 3215 atque
1544 3141 1758 3197 utiliter
1791 3139 1946 3195 (lant.

515 3280 641 3406 θοι

717 3368 743 3407 ε
771 3363 796 3406 :
816 3351 1029 3423 etquod
1061 3349 1254 3421 o/ferre
1294 3348 1406 3407 Deo
1430 3350 1701 3422 primitias
1737 3360 1999 3421 oporteat.

584 3509 767 3567 Exod.
797 3523 935 3574 nn.
964 3506 1136 3566 29.—-
1167 3525 1188 3561 ι
1223 3506 1510 3565 Primitias
1545 3521 1688 3563 areae
1723 3514 1830 3562 tua:
1851 3519 1960 3561 non
1986 3512 2100 3559 tar-

520 3601 679 3660 dabis
703 3601 955 3658 reddere.
985 3620 1008 3656 ι

594 3692 772 3750 Exod.
825 3709 1019 3762 xxxiv,
1071 3694 1166 3761 20,
1212 3691 1306 3749 26.
1359 3722 1433 3735 -—
1475 3710 1494 3742 ι
1527 3689 1646 3747 Non
1715 3687 2008 3759 apparebis
2043 3687 2098 3742 in

523 3793 826 3857 conspectu
876 3801 1003 3842 meo
1029 3799 1260 3841 vacuus.
1308 3783 1594 3839 Primitias
1640 3782 1948 3853 primorum
1983 3780 2103 3837 fru-

519 3890 712 3940 ctuum
737 3893 903 3941 terra
927 3889 1040 3940 tua:
1072 3881 1280 3939 inferes
1302 3880 1358 3936 in
1389 3881 1608 3935 domum
1647 3877 1887 3934 Domini.
1934 3895 1954 3929 ι

589 3973 759 4032 Leuit.
784 3989 882 4044 vn,
907 3971 1002 4031 32.
1026 4002 1096 4018 α-
1120 3992 1140 4028 ι
1175 3972 1468 4030 Brachium
1498 3970 1754 4028 dextrum
1788 3971 1896 4026 erit
1918 3983 2101 4027 sacer-

521 4067 659 4125 doti.
685 4084 706 4120 ι

594 4160 761 4218 Leuit.
793 4175 967 4228 nm,
1001 4159 1093 4217 ω.
1133 4186 1204 4198 --
1239 4175 1258 4210 ι
1295 4154 1488 4214 Omnis
1531 4155 1747 4213 decima
1791 4162 1954 4210 terra:
1992 4160 2100 4210 tua!

518 4253 629 4310 erit
662 4263 914 4311 sanctum
944 4251 1202 4309 Domino.
1242 4269 1264 4302 ι

595 4367 757 4425 Deut.
791 4382 893 4438 χιι,
917 4365 1104 4423 ι9.-
1137 4382 1156 4417 ι
1193 4363 1428 4420 Attende
1466 4341 1723 4429 tibi-ipsi,
1756 4374 1824 4416 ne
1860 4357 2096 4414 derelin-

714 3278 851 3336 TlT.
880 3276 1098 3334 XXXII.
1126 3308 1198 3319 ——
1245 3277 1322 3349 De
1347 3278 1603 3349 primitiis
1625 3288 1674 3333 ct
1709 3279 1943 3334 decimas
1962 3277 2099 3333 dan-

2197 559 2364 631 εὕχὴν
2396 561 2453 617 δὲ
2486 561 2520 633 ἡ
2549 561 2804 632 ἑπιτυχία
2827 577 2839 591 ·
2867 560 3214 632 ὑπὲρὲλπίδα
3229 561 3286 615 δὲ
3322 561 3384 614 ἰδ
3407 560 3579 632 δῶρον
3600 576 3613 590 ·
3640 560 3775 631 ὑπὲρ

2197 655 2410 733 (ptiij
2435 655 2618 725 χάρις.

2268 924 2438 987 Φύσις
2472 925 2593 980 ἐστὶ
2649 925 2785 996 πρὸς
2804 924 2867 978 τὸ
2913 922 3185 996 μακάριον
3242 920 3337 976 καὶ
3386 918 3773 989 ἐπαινούμενον

2195 1017 2296 1090 τὴν
2326 1016 2624 1089 ἐπιθυμίαν
2653 1017 3045 1072 συντείνεσθαι.

2281 1108 2516 1178 Ἀγαθοῦ
2543 1109 2746 1174 παντὸς
2779 1109 2840 1164 τδ
2861 1107 3191 1179 κεφάλαιον,
3222 1104 3283 1161 to
3309 1103 3451 1176 ὑπὲρ
3495 1101 3595 1174 τὴν
3643 1100 3773 1167 ζωο-

2197 1205 2351 1259 ποιδν
2385 1203 2632 1272 ἐξουσίαν
2660 1203 2943 1275 τετάχθαι.

2266 1296 2643 1352 Τοιαῦται-σῶν
2676 1297 2851 1366 ἁγίων
2905 1293 3170 1367 αίψυχαί.
3201 1290 3390 1366 Πρὶνῆ
3421 1289 3772 1350 καταπεσεῖν,

2196 1391 2514 1446 ἀνίστανται
2535 1407 2551 1424 ο
2579 1391 2707 1460 πρὶν
2737 1391 2770 1462 ἢ
2803 1390 2941 1461 πρὸς
2990 1386 3270 1460 ἁμαρτίαν
3305 1384 3505 1448 ἐλθεῖν,
3551 1384 3775 1452 ἀναχαι-

2195 1483 2438 1550 τίζονται
2458 1499 2471 1515 ·
2500 1483 2686 1555 ἐπειδὴ
2719 1483 2970 1556 νήφουσι,
2994 1480 3085 1535 καὶ
3107 1478 3195 1536 διὰ
3225 1476 3426 1543 παντός
3447 1475 3588 1530 εἰσιν
3615 1473 3774 1544 Erm-

2193 1595 2434 1648 γορυιαι.

2271 1793 2298 1821 ει
2321 1783 2397 1838 Οὐ
2431 1780 2698 1856 μήρινθον
2741 1776 2944 1850 λεπτὴν
2973 1774 3280 1832 διαθέουσιν
3308 1773 3354 1827 oi
3383 1767 3775 1842 θαυματοποιοὶ

2195 1877 2288 1933 τοῦ
2315 1873 2577 1949 Χριστοῦ,
2600 1874 2719 1929 οὐδὲ
2745 1871 2955 1943 ξίφεσιν
3015 1865 3479 1928 ἐπικυσιστῶντες
3527 1862 3771 1934 γυμνοῖς,

2193 1971 2356 2042 τέχνῃ
2391 1966 2492 2032 τὰς
2517 1965 2735 2038 πληγὰς
2767 1962 3178 2036 διαφεύγουσιν,
3210 1957 3346 2014 ἀλλὰ
3362 1956 3484 2011 ἀντὶ
3507 1955 3607 2026 μὲν
3630 1969 3775 2025 σχοιο

2193 2064 2306 2118 νίου
2333 2063 2433 2133 τὴν
2465 2049 2657 2131 στενὴν
2687 2055 3048 2128 καὶάμφίκρη
3059 2069 3190 2126 μνον
3211 2050 3314 2122 τῆς
3340 2047 3624 2112 εὐσεϐείας
3660 2044 3777 2100 ὁδον

2193 2155 2480 2226 ἀσαλεύτῳ
2530 2154 2740 2224 βήματι
2801 2149 3151 2222 διατρέχουσι
3190 2162 3204 2178 ⁸
3237 2146 3349 2202 τῶν
3383 2145 3442 2200 δὲ
3486 2156 3776 2216 τυραννου-

2198 2251 2378 2323 μένων
2435 2248 2607 2318 ξιφῶν
2667 2247 2764 2310 τὰς
2823 2243 3007 2316 ἀκμὰς
3055 2244 3176 2307 ταῖς
3232 2239 3345 2295 τῶν
3393 2237 3615 2293 οἰκείων
3645 2234 3778 2305 πλη-

2195 2343 2308 2413 γῶν
2361 2340 2700 2412 φιλοτιμίαις
2753 2335 3160 2408 ἁμϐλύνουσιν·
3195 2334 3258 2388 οὐ
3306 2331 3367 2387 τὸ
3423 2329 3500 2403 μὴ
3547 2327 3776 2398 πάσχειν

2195 2437 2390 2510 τέχνην
2452 2435 2836 2506 ποιησάμενοι.
2885 2427 3023 2484 ἀλλὰ
3053 2426 3112 2482 τὸ
3145 2427 3303 2500 νικᾷν
3328 2425 3386 2479 ἐν
3416 2424 3494 2496 τῷ
3549 2421 3776 2492 πάσχειν

2195 2527 2548 2600 ἀσκούμενοι.

2270 2645 2454 2698 Ἐοικε
2475 2642 2535 2695 τὸ
2564 2636 2866 2712 μαρτύριον
2899 2633 3303 2706 ἀποκάθαρσις.
3334 2624 3472 2684 εἶναι
3493 2627 3774 2700 ἁμαρτιῶν

2202 2758 2339 2831 μετὰ
2362 2756 2543 2827 δόξης.

2267 2846 2524 2922 Μακαρία
2552 2845 2738 2917 φύσις,
2769 2845 2802 2914 ἡ
2832 2843 2925 2897 ἐπὶ
2983 2840 3149 2896 παντὶ
3191 2838 3483 2910 χαίρουσα,
3515 2833 3615 2888 καὶ
3671 2849 3775 2903 μη-

2194 2944 2309 3001 δενὶ
2353 2938 2764 3013 δυσαρεστοῦσα
2787 2938 2844 2991 ὲν
2888 2934 2967 3008 τῷ
3003 2933 3194 3004 κόσμῳ
3221 2931 3282 2985 τὸ
3313 2930 3600 3002 παράπαν,
3661 2926 3775 2980 ἀλλ’

2196 3033 2568 3108 εὖαρεστοῦσα
2594 3032 2707 3095 τοῖς
2743 3027 3074 3100 γινομένοις,
3103 3023 3179 3090 ὡς
3202 3022 3390 3087 καλῶς
3415 3023 3513 3078 καὶ
3564 3035 3776 3092 συμφι-

2201 3127 2401 3202 ρόντως
2426 3123 2758 3196 γινομένοις.

2202 3268 2385 3324 ΤιΤΛ.
2428 3260 2551 3320 AB'.
2575 3289 2643 3304 --
2671 3259 2814 3329 Περὶ
2860 3251 3156 3381 ἀπαρέχῶν
3197 3251 3295 3334 καὶ
3334 3247 3778 3331 ἀξοδεκατούν-

2263 3354 2384 3381 των
2407 3336 2507 3381 καὶ
2533 3335 2614 3381 ὼν·
2646 3331 2759 3381 mh
2798 3343 3003 3381 ποοσω
3036 3341 3164 3381 οειν
3199 3340 3280 3381 τω
3309 3325 3431 3381 Θεω
3459 3324 3568 3381 τὰς
3587 3320 3776 3381 ἀπαρ-

2407 3336 2507 3390 καί
2533 3335 2614 3402 ὼς
2643 3320 2767 3404 χρῆ
2798 3320 3164 3401 προσςόἐρειν
3199 3320 3280 3390 τῷ
3309 3320 3431 3388 Θεῷ
3459 3324 3568 3388 τὰς
3587 3320 3776 3388 ἀπαρ-

2272 3426 2406 3483 χας.

2277 3544 2295 3578 ι
2340 3519 2624 3596 ’Δπαρχὰς
2646 3516 2851 3584 ἆλωνός
2878 3533 2996 3586 σου,
3021 3506 3122 3587 οὐχ
3149 3509 3494 3583 ὓπερὴσεις.
3519 3524 3545 3560 ι
3587 3560 3596 3568 ,

2279 3720 2298 3753 ι
2337 3699 2453 3754 Οὐκ
2485 3695 2703 3768 ὀφθήσῃ
2728 3690 2957 3747 ἐνώπιόν
2998 3705 3102 3762 μου
3133 3685 3307 3749 κενός.
3352 3679 3635 3752 ’Δπαρχας
3665 3674 3782 3730 τῶν

2203 3789 2749 3868 πρωτογεννημάτων
2795 3785 2895 3856 τῆς
2929 3784 3032 3855 γῆς
3089 3799 3220 3847 σου,
3273 3777 3526 3840 εἰσοίσεις
3571 3774 3648 3837 είς
3682 3770 3782 3824 τὸν

2202 3885 2350 3944 οἷκον
2377 3884 2585 3958 Κυρίου
2615 3882 2711 3937 τοῦ
2741 3878 2878 3937 Θεοῦ
2905 3895 3019 3934 σου.
3055 3895 3076 3931 ι

2279 4002 2299 4035 ι
2335 3983 2394 4037 '0
2427 3977 2670 4053 βραχίων
2698 3976 2728 4029 ὁ
2758 3972 2934 4041 δεξιὸς
2970 3969 3048 4042 τῷ
3075 3969 3215 4040 ἱερεῖ
3245 3965 3418 4021 ἔσται.

2279 4179 2298 4212 ι
2325 4158 2490 4213 Πᾶσα
2515 4154 2720 4224 δεκάτη
2763 4150 2865 4223 τῆς
2901 4148 3005 4220 γῆς
3037 4161 3157 4211 σου,
3198 4141 3351 4196 ἔσται
3377 4138 3530 4209 ᾶγιον
3566 4133 3644 4206 τῷ
3661 4132 3781 4187 Κυ-

2244 4251 2328 4305 ίω.
2365 4267 2384 4301 ι

2244 4268 2258 4305 ι
2315 4289 2328 4304 .
2365 4268 2384 4301 ι

2206 4269 2236 4323 ρ
2263 4268 2570 4436 ιῗῐιρόσεχε
2612 4357 2846 4429 σεαυτῷ,
2883 4355 2958 4428 μὴ
2987 4349 3364 4425 ὲγκαταλίπῃς
3411 4346 3503 4404 τδν
3546 4345 3784 4408 Λευττην

521 4477 663 4532 quas
700 4459 948 4518 Leritam
1000 4457 1154 4516 omni
1208 4462 1456 4526 tempore
1511 4467 1622 4525 quo
1669 4451 1875 4508 vixeris
1929 4466 2091 4522 super

2216 4462 2390 4518 πάντα
2411 4456 2501 4511 τὸν
2531 4452 2746 4527 χρόνον,
2779 4450 2904 4505 ὅσον
2928 4445 3026 4501 ἐὰν
3062 4445 3163 4518 ζῇς
3183 4443 3278 4497 ἐπὶ
3313 4440 3416 4514 τῆς
3444 4438 3572 4510 γῆς.
3601 4456 3621 4491 ι

521 4565 746 4610 terram.
775 4569 799 4608 ι

595 4669 756 4727 Deut.
794 4685 906 4734 xvr,
941 4667 1031 4723 15.
1058 4697 1128 4709 —--
1169 4685 1189 4720 ι
1221 4664 1339 4722 Non
1371 4663 1660 4736 apparebis
1702 4664 1754 4718 in
1796 4671 2095 4733 conspectu

407 4770 412 4775 '
519 4761 736 4818 Domini
766 4760 862 4818 Dei
895 4759 975 4816 tui
998 4772 1202 4816 vacuus
1224 4773 1240 4812 :
1265 4756 1648 4828 unusquisque
1685 4755 1987 4812 secundum
2015 4753 2096 4809 vi-

516 4873 612 4914 res
651 4869 909 4911 manuum
941 4859 1270 4914 vestrarum,
1312 4849 1626 4906 secundum
1659 4846 2094 4905 benedictionem

512 4949 740 5011 Domini
766 4947 863 5003 Dei
899 4945 1185 5018 tui,quam
1220 4943 1435 4999 dederit
1473 4943 1595 4998 tibi.
1631 4961 1650 4994 ι

586 5063 750 5120 Prov.
786 5077 869 5128 ιιι,
895 5063 950 5129 9,
976 5060 1066 5115 l0.
1096 5089 1166 5112 .—-
1193 5078 1212 5114 ι
1251 5056 1474 5115 Honora
1507 5056 1798 5111 Dominum
1831 5055 1898 5111 de
1924 5054 2093 5124 justis

517 5159 803 5214 laboribus
855 5157 986 5224 tuis,
1027 5164 1083 5212 et
1139 5154 1413 5226 primitias
1439 5151 1573 5208 oll‘er
1603 5151 1653 5207 ei
1679 5151 1746 5206 de
1785 5152 1895 5206 tuis
1923 5150 2093 5222 justis

515 5253 817 5318 fructibus,
852 5259 912 5307 ut
965 5250 1295 5320 impleantur
1331 5248 1533 5303 horrea
1578 5254 1671 5302 tua
1712 5244 2015 5311 frumento,
2042 5254 2096 5302 et

519 5348 643 5403 vino
668 5344 971 5403 toreularia
1006 5352 1099 5400 tua
1121 5342 1447 5400 redundent.
1478 5360 1498 5394 ι

589 5458 762 5516 Eneti.
788 5473 953 5523 xxxv,
978 5455 1032 5523 4,
1057 5455 1109 5512 5.
1136 5485 1208 5496 -ο
1238 5474 1260 5508 ι
1292 5453 1372 5511 Ne
1405 5469 1670 5526 apparens
1701 5453 1757 5510 in
1790 5462 2093 5525 conspectu

515 5550 734 5607 Domini
773 5561 1006 5606 vacuus.
1047 5547 1107 5602 In
1146 5544 1295 5602 omni
1323 5545 1452 5601 dato
1497 5545 1725 5601 hilarem
1763 5545 1848 5601 fac
1878 5545 2090 5602 vultum

516 5655 694 5710 tuum,
750 5649 806 5699 ct
847 5642 906 5698 in
941 5637 1311 5698 exsultatione
1346 5637 1631 5696 sanctiﬂca
1677 5637 1966 5694 decimam.
2012 5637 2086 5693 Da

2281 4681 2298 4713 ι
2330 4657 2445 4715 Οὐκ
2478 4653 2693 4726 ὀφθήσῃ
2732 4648 2966 4705 ἐνώπιον
2998 4644 3207 4716 Κυρίου
3249 4637 3346 4696 τού
3384 4636 3521 4694 Θεοῦ
3552 4653 3646 4690 σου
3687 4653 3777 4687 κε·

2203 4756 2326 4820 νόςο
2353 4752 2588 4815 ἕκαστος
2613 4744 2758 4802 κατὰ
2801 4742 2900 4816 τὴν
2943 4739 3174 4813 δύναμιν
3227 4735 3336 4791 τῶν
3370 4732 3569 4807 χειρῶν
3629 4729 3779 4798 ὑμῶν

2203 4848 2346 4904 κατὰ
2377 4845 2476 4914 τὴν
2508 4829 2765 4910 εὐλογίαν
2815 4833 3026 4908 Κυρίου
3051 4830 3147 4887 τοῦ
3175 4827 3314 4884 Θεοῦ
3351 4843 3468 4892 σου,
3511 4827 3578 4896 ἥν
3618 4821 3778 4876 ἐδωκέ

2205 4961 2314 4999 σοι.
2345 4960 2365 4994 ι

2278 5080 2297 5113 e
2329 5057 2476 5130 Τίμα
2505 5053 2598 5110 τὸν
2641 5050 2847 5124 Κύριον
2882 5046 2992 5104 ἀπὸ
3038 5044 3147 5100 σῶν
3186 5039 3414 5097 δικαίων
3445 5038 3648 5130 πύνων,
3685 5034 3775 5130 παὶ

2203 5127 2454 5219 ἀπάρχου
2506 5141 2656 5215 αὐτῷ
2689 5139 2795 5196 ἀπὺ
2845 5139 2954 5194 σῶν
2985 5134 3221 5209 καρπῶν
3271 5128 3646 5200 δικαιοσύνης,
3690 5127 3774 5219 ἵνα

2203 5239 2520 5312 πίμπληται
2543 5236 2613 5290 τὰ
2629 5233 2830 5305 ταμεῖά
2861 5248 2956 5285 σου
2984 5225 3308 5300 πλησμονῆς
3335 5223 3509 5289 σίτου,
3540 5222 3680 5276 οἴνου
3715 5218 3770 5272 δὲ

2203 5335 2259 5389 αἱ
2289 5331 2442 5407 ληνοί
2478 5345 2572 5385 σου
2604 5324 2935 5392 ὲκϐλύζωσι.
2967 5342 2986 5376 ι
3317 5386 3320 5391 _
3425 5403 3429 5407 η

2278 5470 2297 5505 ι
2328 5450 2421 5522 Μὴ
2445 5446 2620 5520 ὀφθῇς
2655 5445 2885 5498 ἐνώπιον
2915 5437 3122 5515 Κυρίου
3155 5435 3332 5503 κενός.
3375 5435 3466 5489 Ἐν
3502 5432 3649 5505 πάσῃ
3691 5427 3772 5483 ἕνό-

2205 5561 2288 5599 σει
2320 5541 2573 5614 ίλάρυνον
2608 5537 2668 5593 τὸ
2693 5535 2984 5611 πρόσωπόν
3010 5550 3130 5610 σου,
3156 5531 3253 5587 καὶ
3279 5529 3595 5605 εὐφροσύνῃ
3621 5527 3768 5597 ἁγία-

2202 5653 2296 5700 σον
2336 5634 2594 5706 δεκάτην.
2638 5631 2736 5697 Ab;
2792 5628 3036 5703 Ύψίστῳ
3080 5626 3226 5689 κατὰ
3259 5623 3363 5684 τὴν
3399 5626 3548 5684 δόσιν
3591 5620 3770 5681 αὐτοῦ.

594 5833 622 5864 υ
651 5821 777 5879 llaec
802 5834 910 5880 non
937 5825 1235 5880 occurrunt
1263 5816 1316 5877 in
1345 5817 1574 5877 liomilia
1602 5814 1664 5874 dc
1692 5817 1751 5875 S.
1793 5819 2039 5876 Romano
2069 5825 2330 5890 martyre.
