  <div class='ocr_page' id='page_1' title='image "/cluster/home/n/w/nwhite01/storage/ocr_20150623/95/mdp.39015004289776/633.png"; bbox 0 0 4010 6302; ppageno 0'>
   <div class='ocr_carea' id='block_1_1' title="bbox 440 381 579 444">
    <p class='ocr_par' dir='ltr' id='par_1_1' title="bbox 440 381 579 444">
     <span class='ocr_line' id='line_1_1' title="bbox 440 381 579 444; baseline -0.007 0"><span class='ocrx_word' id='word_1_1' title='bbox 440 381 579 444; x_wconf 64' lang='lat'><strong>1213</strong></span> 
     </span>
    </p>
   </div>
   <div class='ocr_carea' id='block_1_2' title="bbox 1605 371 2515 436">
    <p class='ocr_par' dir='ltr' id='par_1_2' title="bbox 1605 371 2515 436">
     <span class='ocr_line' id='line_1_2' title="bbox 1605 371 2515 436; baseline 0.001 -2"><span class='ocrx_word' id='word_1_2' title='bbox 1605 373 1670 436; x_wconf 88' lang='lat' dir='ltr'><strong>S.</strong></span> <span class='ocrx_word' id='word_1_3' title='bbox 1709 371 2033 435; x_wconf 80' lang='lat' dir='ltr'><strong>JOANNIS</strong></span> <span class='ocrx_word' id='word_1_4' title='bbox 2079 371 2515 434; x_wconf 77' lang='lat' dir='ltr'><strong>DAMASCENI</strong></span> 
     </span>
    </p>
   </div>
   <div class='ocr_carea' id='block_1_3' title="bbox 3577 369 3705 435">
    <p class='ocr_par' dir='ltr' id='par_1_3' title="bbox 3577 369 3705 435">
     <span class='ocr_line' id='line_1_3' title="bbox 3577 369 3705 435; baseline -0.023 0"><span class='ocrx_word' id='word_1_5' title='bbox 3577 369 3705 435; x_wconf 67' lang='lat'><strong>1‘2“</strong></span> 
     </span>
    </p>
   </div>
   <div class='ocr_carea' id='block_1_4' title="bbox 434 483 2035 566">
    <p class='ocr_par' dir='ltr' id='par_1_4' title="bbox 434 483 2028 564">
     <span class='ocr_line' id='line_1_4' title="bbox 434 483 2028 564; baseline -0.006 -10"><span class='ocrx_word' id='word_1_6' title='bbox 434 499 603 554; x_wconf 65' lang='lat' dir='ltr'><strong>titiusi</strong></span> <span class='ocrx_word' id='word_1_7' title='bbox 639 516 652 552; x_wconf 85' lang='lat'><strong>:</strong></span> <span class='ocrx_word' id='word_1_8' title='bbox 691 495 816 551; x_wconf 92' lang='lat' dir='ltr'><strong>Sint</strong></span> <span class='ocrx_word' id='word_1_9' title='bbox 873 495 1016 552; x_wconf 91' lang='lat' dir='ltr'><strong>sicut</strong></span> <span class='ocrx_word' id='word_1_10' title='bbox 1066 483 1204 564; x_wconf 84' lang='lat' dir='ltr'><strong>puer</strong></span> <span class='ocrx_word' id='word_1_11' title='bbox 1237 492 1529 549; x_wconf 83' lang='lat' dir='ltr'><strong>Abesatom</strong></span> <span class='ocrx_word' id='word_1_12' title='bbox 1579 491 1789 549; x_wconf 88' lang='lat' dir='ltr'><strong>inimici</strong></span> <span class='ocrx_word' id='word_1_13' title='bbox 1820 490 2028 549; x_wconf 84' lang='lat' dir='ltr'><strong>domini</strong></span> 
     </span>
    </p>
   </div>
   <div class='ocr_carea' id='block_1_5' title="bbox 2137 483 3702 566">
    <p class='ocr_par' dir='ltr' id='par_1_5' title="bbox 2137 483 3702 566">
     <span class='ocr_line' id='line_1_5' title="bbox 2137 483 3702 566; baseline 0.001 -21"><span class='ocrx_word' id='word_1_14' title='bbox 2137 483 2383 546; x_wconf 78' lang='grc' dir='ltr'>Γένοιντο</span> <span class='ocrx_word' id='word_1_15' title='bbox 2414 492 2490 557; x_wconf 83' lang='grc' dir='ltr'>ὡς</span> <span class='ocrx_word' id='word_1_16' title='bbox 2523 492 2582 547; x_wconf 79' lang='grc' dir='ltr'>τὸ</span> <span class='ocrx_word' id='word_1_17' title='bbox 2614 493 2898 566; x_wconf 75' lang='grc' dir='ltr'><strong>παιδάριον</strong></span> <span class='ocrx_word' id='word_1_18' title='bbox 2927 491 3248 565; x_wconf 80' lang='grc' dir='ltr'>’Λϐεσαλὼμ</span> <span class='ocrx_word' id='word_1_19' title='bbox 3278 492 3329 548; x_wconf 76' lang='lat' dir='ltr'><strong>ot</strong></span> <span class='ocrx_word' id='word_1_20' title='bbox 3379 491 3566 564; x_wconf 73' lang='grc' dir='ltr'>ἐχθροὶ</span> <span class='ocrx_word' id='word_1_21' title='bbox 3611 493 3702 546; x_wconf 81' lang='grc' dir='ltr'>τοῦ</span> 
     </span>
    </p>
   </div>
   <div class='ocr_carea' id='block_1_6' title="bbox 431 582 2027 660">
    <p class='ocr_par' dir='ltr' id='par_1_6' title="bbox 431 582 2027 660">
     <span class='ocr_line' id='line_1_6' title="bbox 431 582 2027 660; baseline -0.006 -14"><span class='ocrx_word' id='word_1_22' title='bbox 431 593 546 646; x_wconf 76' lang='grc' dir='ltr'><strong>-ιιιρί</strong></span> <span class='ocrx_word' id='word_1_23' title='bbox 601 590 766 660; x_wconf 78' lang='lat' dir='ltr'><strong>regis,</strong></span> <span class='ocrx_word' id='word_1_24' title='bbox 817 597 872 644; x_wconf 88' lang='lat' dir='ltr'><strong>et</strong></span> <span class='ocrx_word' id='word_1_25' title='bbox 921 602 1118 643; x_wconf 88' lang='lat' dir='ltr'><strong>omnes</strong></span> <span class='ocrx_word' id='word_1_26' title='bbox 1159 586 1256 657; x_wconf 89' lang='lat' dir='ltr'><strong>qui</strong></span> <span class='ocrx_word' id='word_1_27' title='bbox 1309 586 1739 642; x_wconf 90' lang='lat' dir='ltr'><strong>insurrexerunt</strong></span> <span class='ocrx_word' id='word_1_28' title='bbox 1779 586 1834 640; x_wconf 87' lang='lat' dir='ltr'><strong>in</strong></span> <span class='ocrx_word' id='word_1_29' title='bbox 1885 591 1940 640; x_wconf 88' lang='lat' dir='ltr'><strong>te</strong></span> <span class='ocrx_word' id='word_1_30' title='bbox 1971 582 2027 638; x_wconf 88' lang='lat' dir='ltr'><strong>in</strong></span> 
     </span>
    </p>
   </div>
   <div class='ocr_carea' id='block_1_7' title="bbox 441 678 2029 756">
    <p class='ocr_par' dir='ltr' id='par_1_7' title="bbox 441 678 2029 756">
     <span class='ocr_line' id='line_1_7' title="bbox 441 678 2029 756; baseline -0.004 -16"><span class='ocrx_word' id='word_1_31' title='bbox 441 688 605 740; x_wconf 83' lang='lat' dir='ltr'><strong>mala.</strong></span> <span class='ocrx_word' id='word_1_32' title='bbox 647 684 716 738; x_wconf 84' lang='lat' dir='ltr'><strong>Et</strong></span> <span class='ocrx_word' id='word_1_33' title='bbox 760 685 1100 756; x_wconf 74' lang='lat' dir='ltr'><strong>lacrymatus</strong></span> <span class='ocrx_word' id='word_1_34' title='bbox 1140 691 1224 737; x_wconf 89' lang='lat' dir='ltr'><strong>est</strong></span> <span class='ocrx_word' id='word_1_35' title='bbox 1261 695 1379 746; x_wconf 88' lang='lat' dir='ltr'><strong>rex,</strong></span> <span class='ocrx_word' id='word_1_36' title='bbox 1425 687 1480 736; x_wconf 88' lang='lat' dir='ltr'><strong>et</strong></span> <span class='ocrx_word' id='word_1_37' title='bbox 1515 680 1764 738; x_wconf 74' lang='lat' dir='ltr'><strong>ascendit</strong></span> <span class='ocrx_word' id='word_1_38' title='bbox 1804 680 1859 734; x_wconf 91' lang='lat' dir='ltr'><strong>in</strong></span> <span class='ocrx_word' id='word_1_39' title='bbox 1889 678 2029 736; x_wconf 86' lang='lat' dir='ltr'><strong>sola-</strong></span> 
     </span>
    </p>
   </div>
   <div class='ocr_carea' id='block_1_8' title="bbox 441 777 2025 852">
    <p class='ocr_par' dir='ltr' id='par_1_8' title="bbox 441 777 2025 852">
     <span class='ocr_line' id='line_1_8' title="bbox 441 777 2025 852; baseline -0.004 -15"><span class='ocrx_word' id='word_1_40' title='bbox 441 783 584 838; x_wconf 90' lang='lat' dir='ltr'><strong>rium</strong></span> <span class='ocrx_word' id='word_1_41' title='bbox 639 789 830 852; x_wconf 60' lang='lat' dir='ltr'><strong>portae,</strong></span> <span class='ocrx_word' id='word_1_42' title='bbox 871 790 928 836; x_wconf 88' lang='lat' dir='ltr'><strong>et</strong></span> <span class='ocrx_word' id='word_1_43' title='bbox 976 777 1163 846; x_wconf 80' lang='lat' dir='ltr'><strong>ﬂevit,</strong></span> <span class='ocrx_word' id='word_1_44' title='bbox 1212 777 1438 848; x_wconf 84' lang='lat' dir='ltr'><strong>haecque</strong></span> <span class='ocrx_word' id='word_1_45' title='bbox 1477 778 1661 835; x_wconf 79' lang='lat' dir='ltr'><strong>aiebat</strong></span> <span class='ocrx_word' id='word_1_46' title='bbox 1702 777 1976 850; x_wconf 83' lang='lat' dir='ltr'><strong>plorando</strong></span> <span class='ocrx_word' id='word_1_47' title='bbox 2011 795 2025 830; x_wconf 89' lang='lat'>:</span> 
     </span>
    </p>
   </div>
   <div class='ocr_carea' id='block_1_9' title="bbox 441 869 2029 939">
    <p class='ocr_par' dir='ltr' id='par_1_9' title="bbox 441 869 2029 939">
     <span class='ocr_line' id='line_1_9' title="bbox 441 869 2029 939; baseline -0.003 -7"><span class='ocrx_word' id='word_1_48' title='bbox 441 873 544 932; x_wconf 80' lang='lat' dir='ltr'><strong>Fili</strong></span> <span class='ocrx_word' id='word_1_49' title='bbox 575 875 650 931; x_wconf 91' lang='lat' dir='ltr'><strong>mi</strong></span> <span class='ocrx_word' id='word_1_50' title='bbox 683 872 1318 939; x_wconf 79' lang='lat' dir='ltr'><strong>Abesalom,Abesalom</strong></span> <span class='ocrx_word' id='word_1_51' title='bbox 1343 871 1418 926; x_wconf 86' lang='lat' dir='ltr'><strong>ﬁli</strong></span> <span class='ocrx_word' id='word_1_52' title='bbox 1449 873 1544 926; x_wconf 89' lang='lat' dir='ltr'><strong>mi.</strong></span> <span class='ocrx_word' id='word_1_53' title='bbox 1583 871 1720 938; x_wconf 84' lang='lat' dir='ltr'><strong>Quis</strong></span> <span class='ocrx_word' id='word_1_54' title='bbox 1745 870 1838 926; x_wconf 89' lang='lat' dir='ltr'><strong>det</strong></span> <span class='ocrx_word' id='word_1_55' title='bbox 1869 869 2029 927; x_wconf 84' lang='lat' dir='ltr'><strong>nobis</strong></span> 
     </span>
    </p>
   </div>
   <div class='ocr_carea' id='block_1_10' title="bbox 356 963 1525 1039">
    <p class='ocr_par' dir='ltr' id='par_1_10' title="bbox 356 963 1525 1039">
     <span class='ocr_line' id='line_1_10' title="bbox 356 963 1525 1039; baseline -0.003 -17"><span class='ocrx_word' id='word_1_56' title='bbox 356 970 363 976; x_wconf 84' lang='lat'>&#39;</span> <span class='ocrx_word' id='word_1_57' title='bbox 442 973 675 1024; x_wconf 86' lang='lat' dir='ltr'><strong>mortem</strong></span> <span class='ocrx_word' id='word_1_58' title='bbox 704 981 807 1039; x_wconf 89' lang='lat' dir='ltr'><strong>pro</strong></span> <span class='ocrx_word' id='word_1_59' title='bbox 831 965 1212 1034; x_wconf 84' lang='lat' dir='ltr'><strong>te,Abesalom</strong></span> <span class='ocrx_word' id='word_1_60' title='bbox 1245 963 1325 1019; x_wconf 82' lang='lat' dir='ltr'><strong>ﬁli</strong></span> <span class='ocrx_word' id='word_1_61' title='bbox 1364 965 1480 1020; x_wconf 80' lang='lat' dir='ltr'><strong>mi?</strong></span> <span class='ocrx_word' id='word_1_62' title='bbox 1505 983 1525 1018; x_wconf 75' lang='grc' dir='ltr'><strong>ι</strong></span> 
     </span>
    </p>
   </div>
   <div class='ocr_carea' id='block_1_11' title="bbox 518 1142 2028 1218">
    <p class='ocr_par' dir='ltr' id='par_1_11' title="bbox 518 1142 2028 1218">
     <span class='ocr_line' id='line_1_11' title="bbox 518 1142 2028 1218; baseline -0.007 -11"><span class='ocrx_word' id='word_1_63' title='bbox 518 1150 652 1208; x_wconf 81' lang='lat' dir='ltr'><strong>Osee</strong></span> <span class='ocrx_word' id='word_1_64' title='bbox 704 1164 803 1217; x_wconf 84' lang='lat' dir='ltr'><strong>vu,</strong></span> <span class='ocrx_word' id='word_1_65' title='bbox 857 1149 945 1206; x_wconf 71' lang='grc'>12.</span> <span class='ocrx_word' id='word_1_66' title='bbox 989 1179 1061 1192; x_wconf 93' lang='lat'><strong>--</strong></span> <span class='ocrx_word' id='word_1_67' title='bbox 1117 1167 1137 1201; x_wconf 78' lang='grc' dir='ltr'><strong>ι</strong></span> <span class='ocrx_word' id='word_1_68' title='bbox 1173 1145 1486 1218; x_wconf 84' lang='lat' dir='ltr'><strong>Corripiam</strong></span> <span class='ocrx_word' id='word_1_69' title='bbox 1534 1160 1632 1203; x_wconf 88' lang='lat' dir='ltr'><strong>eos</strong></span> <span class='ocrx_word' id='word_1_70' title='bbox 1684 1160 1786 1218; x_wconf 91' lang='lat' dir='ltr'><strong>pro</strong></span> <span class='ocrx_word' id='word_1_71' title='bbox 1837 1142 2028 1200; x_wconf 86' lang='lat' dir='ltr'><strong>auditu</strong></span> 
     </span>
    </p>
   </div>
   <div class='ocr_carea' id='block_1_12' title="bbox 445 1245 1173 1301">
    <p class='ocr_par' dir='ltr' id='par_1_12' title="bbox 445 1245 1173 1301">
     <span class='ocr_line' id='line_1_12' title="bbox 445 1245 1173 1301; baseline -0.005 -2"><span class='ocrx_word' id='word_1_72' title='bbox 445 1245 871 1301; x_wconf 88' lang='lat' dir='ltr'><strong>tribulationum</strong></span> <span class='ocrx_word' id='word_1_73' title='bbox 895 1259 1110 1299; x_wconf 89' lang='lat' dir='ltr'><strong>eorum.</strong></span> <span class='ocrx_word' id='word_1_74' title='bbox 1154 1261 1173 1295; x_wconf 75' lang='grc' dir='ltr'><strong>ι</strong></span> 
     </span>
    </p>
   </div>
   <div class='ocr_carea' id='block_1_13' title="bbox 516 1331 2031 1405">
    <p class='ocr_par' dir='ltr' id='par_1_13' title="bbox 516 1331 2031 1405">
     <span class='ocr_line' id='line_1_13' title="bbox 516 1331 2031 1405; baseline -0.004 -14"><span class='ocrx_word' id='word_1_75' title='bbox 516 1337 712 1392; x_wconf 78' lang='lat' dir='ltr'><strong>Ezeclt.</strong></span> <span class='ocrx_word' id='word_1_76' title='bbox 764 1353 863 1405; x_wconf 81' lang='lat' dir='ltr'><strong>vn,</strong></span> <span class='ocrx_word' id='word_1_77' title='bbox 911 1336 1006 1401; x_wconf 70' lang='lat'><strong>26,</strong></span> <span class='ocrx_word' id='word_1_78' title='bbox 1068 1337 1157 1392; x_wconf 72' lang='grc'><strong>27.</strong></span> <span class='ocrx_word' id='word_1_79' title='bbox 1209 1367 1280 1376; x_wconf 94' lang='grc'><strong>-</strong></span> <span class='ocrx_word' id='word_1_80' title='bbox 1318 1355 1339 1388; x_wconf 72' lang='grc' dir='ltr'><strong>ι</strong></span> <span class='ocrx_word' id='word_1_81' title='bbox 1371 1333 1467 1390; x_wconf 70' lang='lat' dir='ltr'><strong>Va:</strong></span> <span class='ocrx_word' id='word_1_82' title='bbox 1515 1350 1684 1405; x_wconf 83' lang='lat' dir='ltr'><strong>super</strong></span> <span class='ocrx_word' id='word_1_83' title='bbox 1712 1347 1792 1388; x_wconf 87' lang='lat' dir='ltr'><strong>vae</strong></span> <span class='ocrx_word' id='word_1_84' title='bbox 1818 1331 1945 1394; x_wconf 88' lang='lat' dir='ltr'><strong>erit.</strong></span> <span class='ocrx_word' id='word_1_85' title='bbox 1976 1337 2031 1387; x_wconf 88' lang='lat' dir='ltr'><strong>et</strong></span> 
     </span>
    </p>
   </div>
   <div class='ocr_carea' id='block_1_14' title="bbox 446 1425 2033 1503">
    <p class='ocr_par' dir='ltr' id='par_1_14' title="bbox 446 1425 2033 1503">
     <span class='ocr_line' id='line_1_14' title="bbox 446 1425 2033 1503; baseline -0.005 -18"><span class='ocrx_word' id='word_1_86' title='bbox 446 1433 675 1488; x_wconf 89' lang='lat' dir='ltr'><strong>nuntius</strong></span> <span class='ocrx_word' id='word_1_87' title='bbox 703 1447 872 1503; x_wconf 82' lang='lat' dir='ltr'><strong>super</strong></span> <span class='ocrx_word' id='word_1_88' title='bbox 905 1431 1185 1486; x_wconf 90' lang='lat' dir='ltr'><strong>nuntium.</strong></span> <span class='ocrx_word' id='word_1_89' title='bbox 1226 1429 1294 1484; x_wconf 89' lang='lat' dir='ltr'><strong>Et</strong></span> <span class='ocrx_word' id='word_1_90' title='bbox 1320 1437 1601 1500; x_wconf 61' lang='lat' dir='ltr'><strong>quaeretur</strong></span> <span class='ocrx_word' id='word_1_91' title='bbox 1631 1427 1772 1484; x_wconf 82' lang='lat' dir='ltr'><strong>visio</strong></span> <span class='ocrx_word' id='word_1_92' title='bbox 1812 1425 1880 1481; x_wconf 92' lang='lat' dir='ltr'><strong>de</strong></span> <span class='ocrx_word' id='word_1_93' title='bbox 1907 1439 2033 1494; x_wconf 81' lang='lat' dir='ltr'><strong>pro-</strong></span> 
     </span>
    </p>
   </div>
   <div class='ocr_carea' id='block_1_15' title="bbox 448 1520 2031 1598">
    <p class='ocr_par' dir='ltr' id='par_1_15' title="bbox 448 1520 2031 1598">
     <span class='ocr_line' id='line_1_15' title="bbox 448 1520 2031 1598; baseline -0.005 -17"><span class='ocrx_word' id='word_1_94' title='bbox 448 1528 632 1596; x_wconf 82' lang='lat' dir='ltr'><strong>pheta,</strong></span> <span class='ocrx_word' id='word_1_95' title='bbox 663 1534 720 1582; x_wconf 91' lang='lat' dir='ltr'><strong>et</strong></span> <span class='ocrx_word' id='word_1_96' title='bbox 756 1526 843 1581; x_wconf 92' lang='lat' dir='ltr'><strong>lex</strong></span> <span class='ocrx_word' id='word_1_97' title='bbox 899 1524 1100 1598; x_wconf 79' lang='lat' dir='ltr'><strong>peribit</strong></span> <span class='ocrx_word' id='word_1_98' title='bbox 1134 1539 1164 1579; x_wconf 90' lang='lat' dir='ltr'><strong>a</strong></span> <span class='ocrx_word' id='word_1_99' title='bbox 1201 1523 1516 1586; x_wconf 85' lang='lat' dir='ltr'><strong>sacerdote,</strong></span> <span class='ocrx_word' id='word_1_100' title='bbox 1555 1531 1610 1579; x_wconf 92' lang='lat' dir='ltr'><strong>et</strong></span> <span class='ocrx_word' id='word_1_101' title='bbox 1664 1520 1954 1577; x_wconf 86' lang='lat' dir='ltr'><strong>consilium</strong></span> <span class='ocrx_word' id='word_1_102' title='bbox 2000 1535 2031 1573; x_wconf 88' lang='lat' dir='ltr'><strong>a</strong></span> 
     </span>
    </p>
   </div>
   <div class='ocr_carea' id='block_1_16' title="bbox 446 1619 2031 1694">
    <p class='ocr_par' dir='ltr' id='par_1_16' title="bbox 446 1619 2031 1694">
     <span class='ocr_line' id='line_1_16' title="bbox 446 1619 2031 1694; baseline -0.004 -16"><span class='ocrx_word' id='word_1_103' title='bbox 446 1622 785 1679; x_wconf 82' lang='lat' dir='ltr'><strong>senioribus.</strong></span> <span class='ocrx_word' id='word_1_104' title='bbox 815 1621 881 1676; x_wconf 88' lang='lat' dir='ltr'><strong>Et</strong></span> <span class='ocrx_word' id='word_1_105' title='bbox 904 1621 1164 1694; x_wconf 89' lang='lat' dir='ltr'><strong>princeps</strong></span> <span class='ocrx_word' id='word_1_106' title='bbox 1185 1620 1448 1678; x_wconf 88' lang='lat' dir='ltr'><strong>induetur</strong></span> <span class='ocrx_word' id='word_1_107' title='bbox 1479 1619 1727 1686; x_wconf 87' lang='lat' dir='ltr'><strong>interitu,</strong></span> <span class='ocrx_word' id='word_1_108' title='bbox 1753 1626 1806 1672; x_wconf 88' lang='lat' dir='ltr'><strong>et</strong></span> <span class='ocrx_word' id='word_1_109' title='bbox 1833 1632 2031 1672; x_wconf 88' lang='lat' dir='ltr'><strong>manus</strong></span> 
     </span>
    </p>
   </div>
   <div class='ocr_carea' id='block_1_17' title="bbox 448 1716 1475 1786">
    <p class='ocr_par' dir='ltr' id='par_1_17' title="bbox 448 1716 1475 1786">
     <span class='ocr_line' id='line_1_17' title="bbox 448 1716 1475 1786; baseline 0 -18"><span class='ocrx_word' id='word_1_110' title='bbox 448 1716 632 1786; x_wconf 86' lang='lat' dir='ltr'><strong>populi</strong></span> <span class='ocrx_word' id='word_1_111' title='bbox 667 1727 824 1772; x_wconf 82' lang='lat' dir='ltr'><strong>terrae</strong></span> <span class='ocrx_word' id='word_1_112' title='bbox 857 1732 992 1772; x_wconf 74' lang='lat' dir='ltr'><strong>meae</strong></span> <span class='ocrx_word' id='word_1_113' title='bbox 1013 1716 1414 1773; x_wconf 85' lang='lat' dir='ltr'><strong>dissolventur.</strong></span> <span class='ocrx_word' id='word_1_114' title='bbox 1455 1733 1475 1768; x_wconf 68' lang='grc' dir='ltr'>ι</span> 
     </span>
    </p>
   </div>
   <div class='ocr_carea' id='block_1_18' title="bbox 447 1827 2026 1904">
    <p class='ocr_par' dir='ltr' id='par_1_18' title="bbox 447 1827 2026 1904">
     <span class='ocr_line' id='line_1_18' title="bbox 447 1827 2026 1904; baseline -0.003 -18"><span class='ocrx_word' id='word_1_115' title='bbox 447 1830 582 1887; x_wconf 86' lang='grc' dir='ltr'><strong>ΤΙΤ.</strong></span> <span class='ocrx_word' id='word_1_116' title='bbox 615 1831 832 1889; x_wconf 76' lang='lat' dir='ltr'><strong>XXXV.</strong></span> <span class='ocrx_word' id='word_1_117' title='bbox 860 1833 1032 1888; x_wconf 78' lang='grc' dir='ltr'><strong>-οε</strong></span> <span class='ocrx_word' id='word_1_118' title='bbox 1071 1834 1252 1889; x_wconf 76' lang='lat' dir='ltr'><strong>osculo</strong></span> <span class='ocrx_word' id='word_1_119' title='bbox 1295 1851 1314 1889; x_wconf 91' lang='lat'><strong><em>:</em></strong></span> <span class='ocrx_word' id='word_1_120' title='bbox 1343 1842 1393 1890; x_wconf 81' lang='lat' dir='ltr'><strong>et</strong></span> <span class='ocrx_word' id='word_1_121' title='bbox 1440 1830 1581 1904; x_wconf 83' lang='lat' dir='ltr'><strong>quod</strong></span> <span class='ocrx_word' id='word_1_122' title='bbox 1633 1828 1890 1887; x_wconf 76' lang='lat' dir='ltr'><strong>modestia</strong></span> <span class='ocrx_word' id='word_1_123' title='bbox 1938 1827 2026 1883; x_wconf 85' lang='lat' dir='ltr'><strong>be-</strong></span> 
     </span>
    </p>
   </div>
   <div class='ocr_carea' id='block_1_19' title="bbox 911 1905 1566 1961">
    <p class='ocr_par' dir='ltr' id='par_1_19' title="bbox 911 1905 1566 1961">
     <span class='ocr_line' id='line_1_19' title="bbox 911 1905 1566 1961; baseline 0.002 -3"><span class='ocrx_word' id='word_1_124' title='bbox 911 1905 1262 1961; x_wconf 74' lang='lat' dir='ltr'><strong>nevolentiam</strong></span> <span class='ocrx_word' id='word_1_125' title='bbox 1299 1906 1566 1960; x_wconf 75' lang='lat' dir='ltr'><strong>conciliet.</strong></span> 
     </span>
    </p>
   </div>
   <div class='ocr_carea' id='block_1_20' title="bbox 521 1993 2033 2068">
    <p class='ocr_par' dir='ltr' id='par_1_20' title="bbox 521 1993 2033 2068">
     <span class='ocr_line' id='line_1_20' title="bbox 521 1993 2033 2068; baseline -0.002 -16"><span class='ocrx_word' id='word_1_126' title='bbox 521 1995 581 2052; x_wconf 84' lang='grc'><strong>11</strong></span> <span class='ocrx_word' id='word_1_127' title='bbox 608 1995 730 2068; x_wconf 81' lang='lat' dir='ltr'><strong>Reg.</strong></span> <span class='ocrx_word' id='word_1_128' title='bbox 753 2013 845 2061; x_wconf 80' lang='lat' dir='ltr'><strong>xv,</strong></span> <span class='ocrx_word' id='word_1_129' title='bbox 870 1996 927 2064; x_wconf 90' lang='lat'><strong>9,</strong></span> <span class='ocrx_word' id='word_1_130' title='bbox 963 1997 1051 2055; x_wconf 73' lang='lat'><strong>10.</strong></span> <span class='ocrx_word' id='word_1_131' title='bbox 1071 2018 1168 2050; x_wconf 80' lang='grc' dir='ltr'>-ι</span> <span class='ocrx_word' id='word_1_132' title='bbox 1196 1997 1262 2053; x_wconf 83' lang='grc' dir='ltr'><strong>Ει</strong></span> <span class='ocrx_word' id='word_1_133' title='bbox 1288 1997 1492 2054; x_wconf 83' lang='lat' dir='ltr'><strong>factum</strong></span> <span class='ocrx_word' id='word_1_134' title='bbox 1512 2003 1620 2062; x_wconf 85' lang='lat' dir='ltr'><strong>est,</strong></span> <span class='ocrx_word' id='word_1_135' title='bbox 1643 2011 1769 2052; x_wconf 89' lang='lat' dir='ltr'><strong>cum</strong></span> <span class='ocrx_word' id='word_1_136' title='bbox 1804 1993 2033 2050; x_wconf 83' lang='lat' dir='ltr'><strong>accede-</strong></span> 
     </span>
    </p>
   </div>
   <div class='ocr_carea' id='block_1_21' title="bbox 444 2087 2033 2158">
    <p class='ocr_par' dir='ltr' id='par_1_21' title="bbox 444 2087 2033 2158">
     <span class='ocr_line' id='line_1_21' title="bbox 444 2087 2033 2158; baseline -0.004 -12"><span class='ocrx_word' id='word_1_137' title='bbox 444 2101 531 2146; x_wconf 87' lang='lat' dir='ltr'><strong>ret</strong></span> <span class='ocrx_word' id='word_1_138' title='bbox 563 2090 646 2144; x_wconf 84' lang='lat' dir='ltr'><strong>vir</strong></span> <span class='ocrx_word' id='word_1_139' title='bbox 679 2090 746 2145; x_wconf 85' lang='lat' dir='ltr'><strong>ad</strong></span> <span class='ocrx_word' id='word_1_140' title='bbox 776 2090 1095 2158; x_wconf 83' lang='lat' dir='ltr'><strong>Abesalom,</strong></span> <span class='ocrx_word' id='word_1_141' title='bbox 1131 2101 1192 2148; x_wconf 92' lang='lat' dir='ltr'><strong>ut</strong></span> <span class='ocrx_word' id='word_1_142' title='bbox 1217 2093 1476 2148; x_wconf 87' lang='lat' dir='ltr'><strong>adoraret</strong></span> <span class='ocrx_word' id='word_1_143' title='bbox 1504 2105 1654 2155; x_wconf 79' lang='lat' dir='ltr'><strong>etim,</strong></span> <span class='ocrx_word' id='word_1_144' title='bbox 1699 2087 2033 2144; x_wconf 75' lang='lat' dir='ltr'><strong>extendebat</strong></span> 
     </span>
    </p>
   </div>
   <div class='ocr_carea' id='block_1_22' title="bbox 448 2182 2032 2251">
    <p class='ocr_par' dir='ltr' id='par_1_22' title="bbox 448 2182 2032 2251">
     <span class='ocr_line' id='line_1_22' title="bbox 448 2182 2032 2251; baseline -0.001 -13"><span class='ocrx_word' id='word_1_145' title='bbox 448 2201 668 2241; x_wconf 86' lang='lat' dir='ltr'><strong>manum</strong></span> <span class='ocrx_word' id='word_1_146' title='bbox 699 2201 878 2251; x_wconf 83' lang='lat' dir='ltr'><strong>suam,</strong></span> <span class='ocrx_word' id='word_1_147' title='bbox 905 2194 960 2242; x_wconf 89' lang='lat' dir='ltr'><strong>et</strong></span> <span class='ocrx_word' id='word_1_148' title='bbox 988 2186 1353 2242; x_wconf 87' lang='lat' dir='ltr'><strong>osculabatur</strong></span> <span class='ocrx_word' id='word_1_149' title='bbox 1381 2200 1529 2242; x_wconf 91' lang='lat' dir='ltr'><strong>eum.</strong></span> <span class='ocrx_word' id='word_1_150' title='bbox 1566 2183 1631 2240; x_wconf 84' lang='lat' dir='ltr'><strong>Et</strong></span> <span class='ocrx_word' id='word_1_151' title='bbox 1666 2182 1792 2240; x_wconf 82' lang='lat' dir='ltr'><strong>fecit</strong></span> <span class='ocrx_word' id='word_1_152' title='bbox 1820 2182 2032 2239; x_wconf 78' lang='lat' dir='ltr'><strong>Abcsa—</strong></span> 
     </span>
    </p>
   </div>
   <div class='ocr_carea' id='block_1_23' title="bbox 447 2269 2036 2336">
    <p class='ocr_par' dir='ltr' id='par_1_23' title="bbox 447 2269 2036 2336">
     <span class='ocr_line' id='line_1_23' title="bbox 447 2269 2036 2336; baseline -0.001 -10"><span class='ocrx_word' id='word_1_153' title='bbox 447 2274 555 2326; x_wconf 78' lang='lat' dir='ltr'><strong>Ioni</strong></span> <span class='ocrx_word' id='word_1_154' title='bbox 585 2274 892 2330; x_wconf 89' lang='lat' dir='ltr'><strong>secundum</strong></span> <span class='ocrx_word' id='word_1_155' title='bbox 918 2275 1148 2331; x_wconf 80' lang='lat' dir='ltr'><strong>verbum</strong></span> <span class='ocrx_word' id='word_1_156' title='bbox 1179 2276 1286 2330; x_wconf 88' lang='lat' dir='ltr'><strong>hoc</strong></span> <span class='ocrx_word' id='word_1_157' title='bbox 1317 2274 1580 2330; x_wconf 87' lang='lat' dir='ltr'><strong>universo</strong></span> <span class='ocrx_word' id='word_1_158' title='bbox 1600 2272 1794 2336; x_wconf 88' lang='lat' dir='ltr'><strong>Israel,</strong></span> <span class='ocrx_word' id='word_1_159' title='bbox 1820 2269 2036 2326; x_wconf 87' lang='lat' dir='ltr'><strong>venien-</strong></span> 
     </span>
    </p>
   </div>
   <div class='ocr_carea' id='block_1_24' title="bbox 447 2364 2035 2439">
    <p class='ocr_par' dir='ltr' id='par_1_24' title="bbox 447 2364 2035 2439">
     <span class='ocr_line' id='line_1_24' title="bbox 447 2364 2035 2439; baseline 0.002 -22"><span class='ocrx_word' id='word_1_160' title='bbox 447 2364 599 2422; x_wconf 90' lang='lat' dir='ltr'><strong>tibus</strong></span> <span class='ocrx_word' id='word_1_161' title='bbox 643 2366 709 2421; x_wconf 91' lang='lat' dir='ltr'><strong>ad</strong></span> <span class='ocrx_word' id='word_1_162' title='bbox 749 2365 1022 2436; x_wconf 83' lang='lat' dir='ltr'><strong>judicium</strong></span> <span class='ocrx_word' id='word_1_163' title='bbox 1064 2366 1134 2423; x_wconf 87' lang='lat' dir='ltr'><strong>ad</strong></span> <span class='ocrx_word' id='word_1_164' title='bbox 1177 2382 1389 2439; x_wconf 84' lang='lat' dir='ltr'><strong>regem.</strong></span> <span class='ocrx_word' id='word_1_165' title='bbox 1436 2365 1504 2420; x_wconf 87' lang='lat' dir='ltr'><strong>Et</strong></span> <span class='ocrx_word' id='word_1_166' title='bbox 1547 2365 1889 2421; x_wconf 84' lang='lat' dir='ltr'><strong>conciliabat</strong></span> <span class='ocrx_word' id='word_1_167' title='bbox 1929 2364 2035 2420; x_wconf 85' lang='lat' dir='ltr'><strong>sibi</strong></span> 
     </span>
    </p>
   </div>
   <div class='ocr_carea' id='block_1_25' title="bbox 447 2456 1778 2516">
    <p class='ocr_par' dir='ltr' id='par_1_25' title="bbox 447 2456 1778 2516">
     <span class='ocr_line' id='line_1_25' title="bbox 447 2456 1778 2516; baseline 0.003 -6"><span class='ocrx_word' id='word_1_168' title='bbox 447 2456 743 2514; x_wconf 82' lang='lat' dir='ltr'><strong>Abesalom</strong></span> <span class='ocrx_word' id='word_1_169' title='bbox 770 2458 940 2515; x_wconf 89' lang='lat' dir='ltr'><strong>corda</strong></span> <span class='ocrx_word' id='word_1_170' title='bbox 970 2460 1221 2516; x_wconf 88' lang='lat' dir='ltr'><strong>omnium</strong></span> <span class='ocrx_word' id='word_1_171' title='bbox 1248 2461 1496 2516; x_wconf 78' lang='lat' dir='ltr'><strong>virorum</strong></span> <span class='ocrx_word' id='word_1_172' title='bbox 1536 2458 1721 2516; x_wconf 81' lang='lat' dir='ltr'><strong>lsrael.</strong></span> <span class='ocrx_word' id='word_1_173' title='bbox 1759 2478 1778 2513; x_wconf 74' lang='grc' dir='ltr'><strong>ι</strong></span> 
     </span>
    </p>
   </div>
   <div class='ocr_carea' id='block_1_26' title="bbox 519 2653 2036 2728">
    <p class='ocr_par' dir='ltr' id='par_1_26' title="bbox 519 2653 2036 2728">
     <span class='ocr_line' id='line_1_26' title="bbox 519 2653 2036 2728; baseline 0.006 -19"><span class='ocrx_word' id='word_1_174' title='bbox 519 2653 720 2712; x_wconf 78' lang='lat' dir='ltr'><strong>Matth.</strong></span> <span class='ocrx_word' id='word_1_175' title='bbox 765 2674 822 2726; x_wconf 84' lang='lat' dir='ltr'><strong>x,</strong></span> <span class='ocrx_word' id='word_1_176' title='bbox 877 2660 966 2715; x_wconf 79' lang='lat' dir='ltr'><strong>l3.</strong></span> <span class='ocrx_word' id='word_1_177' title='bbox 1016 2689 1090 2704; x_wconf 76' lang='grc' dir='ltr'><strong>-ο</strong></span> <span class='ocrx_word' id='word_1_178' title='bbox 1139 2680 1158 2715; x_wconf 77' lang='grc' dir='ltr'>ι</span> <span class='ocrx_word' id='word_1_179' title='bbox 1195 2660 1472 2718; x_wconf 78' lang='lat' dir='ltr'><strong>latrantes</strong></span> <span class='ocrx_word' id='word_1_180' title='bbox 1503 2662 1749 2728; x_wconf 89' lang='lat' dir='ltr'><strong>domum,</strong></span> <span class='ocrx_word' id='word_1_181' title='bbox 1797 2661 2036 2718; x_wconf 83' lang='lat' dir='ltr'><strong>salutate</strong></span> 
     </span>
    </p>
   </div>
   <div class='ocr_carea' id='block_1_27' title="bbox 448 2747 2036 2826">
    <p class='ocr_par' dir='ltr' id='par_1_27' title="bbox 448 2747 2036 2826">
     <span class='ocr_line' id='line_1_27' title="bbox 448 2747 2036 2826; baseline 0.004 -24"><span class='ocrx_word' id='word_1_182' title='bbox 448 2763 592 2802; x_wconf 83' lang='lat' dir='ltr'><strong>eam.</strong></span> <span class='ocrx_word' id='word_1_183' title='bbox 628 2747 695 2803; x_wconf 86' lang='lat' dir='ltr'><strong>Et</strong></span> <span class='ocrx_word' id='word_1_184' title='bbox 723 2749 1000 2821; x_wconf 82' lang='lat' dir='ltr'><strong>siquidem</strong></span> <span class='ocrx_word' id='word_1_185' title='bbox 1045 2750 1212 2809; x_wconf 80' lang='lat' dir='ltr'><strong>fuerit</strong></span> <span class='ocrx_word' id='word_1_186' title='bbox 1251 2756 1454 2810; x_wconf 87' lang='lat' dir='ltr'><strong>domus</strong></span> <span class='ocrx_word' id='word_1_187' title='bbox 1497 2757 1587 2810; x_wconf 90' lang='lat' dir='ltr'><strong>illa</strong></span> <span class='ocrx_word' id='word_1_188' title='bbox 1628 2756 1815 2826; x_wconf 77' lang='lat' dir='ltr'><strong>digna,</strong></span> <span class='ocrx_word' id='word_1_189' title='bbox 1851 2755 2036 2810; x_wconf 79' lang='lat' dir='ltr'><strong>veniat</strong></span> 
     </span>
    </p>
   </div>
   <div class='ocr_carea' id='block_1_28' title="bbox 450 2845 2031 2920">
    <p class='ocr_par' dir='ltr' id='par_1_28' title="bbox 450 2845 2031 2920">
     <span class='ocr_line' id='line_1_28' title="bbox 450 2845 2031 2920; baseline 0.006 -31"><span class='ocrx_word' id='word_1_190' title='bbox 450 2855 558 2909; x_wconf 84' lang='lat' dir='ltr'><strong>pax</strong></span> <span class='ocrx_word' id='word_1_191' title='bbox 589 2849 774 2897; x_wconf 87' lang='lat' dir='ltr'><strong>vestra</strong></span> <span class='ocrx_word' id='word_1_192' title='bbox 805 2857 978 2913; x_wconf 89' lang='lat' dir='ltr'><strong>super</strong></span> <span class='ocrx_word' id='word_1_193' title='bbox 1007 2859 1162 2914; x_wconf 86' lang='lat' dir='ltr'><strong>eam;</strong></span> <span class='ocrx_word' id='word_1_194' title='bbox 1201 2848 1246 2903; x_wconf 91' lang='lat' dir='ltr'><strong>si</strong></span> <span class='ocrx_word' id='word_1_195' title='bbox 1279 2857 1458 2902; x_wconf 88' lang='lat' dir='ltr'><strong>autem</strong></span> <span class='ocrx_word' id='word_1_196' title='bbox 1497 2861 1606 2902; x_wconf 89' lang='lat' dir='ltr'><strong>non</strong></span> <span class='ocrx_word' id='word_1_197' title='bbox 1643 2845 1810 2902; x_wconf 79' lang='lat' dir='ltr'><strong>fuerit</strong></span> <span class='ocrx_word' id='word_1_198' title='bbox 1847 2847 2031 2920; x_wconf 77' lang='lat' dir='ltr'><strong>digna,</strong></span> 
     </span>
    </p>
   </div>
   <div class='ocr_carea' id='block_1_29' title="bbox 451 2938 1411 3008">
    <p class='ocr_par' dir='ltr' id='par_1_29' title="bbox 451 2938 1411 3008">
     <span class='ocr_line' id='line_1_29' title="bbox 451 2938 1411 3008; baseline 0.004 -18"><span class='ocrx_word' id='word_1_199' title='bbox 451 2953 552 3008; x_wconf 82' lang='lat' dir='ltr'><strong>pax</strong></span> <span class='ocrx_word' id='word_1_200' title='bbox 584 2950 767 2994; x_wconf 74' lang='lat' dir='ltr'><strong>vesua</strong></span> <span class='ocrx_word' id='word_1_201' title='bbox 799 2938 868 2994; x_wconf 86' lang='lat' dir='ltr'><strong>ad</strong></span> <span class='ocrx_word' id='word_1_202' title='bbox 897 2955 996 2995; x_wconf 87' lang='lat' dir='ltr'><strong>vos</strong></span> <span class='ocrx_word' id='word_1_203' title='bbox 1021 2949 1355 2998; x_wconf 84' lang='lat' dir='ltr'><strong>revertetur.</strong></span> <span class='ocrx_word' id='word_1_204' title='bbox 1393 2962 1411 2994; x_wconf 73' lang='grc' dir='ltr'>ι</span> 
     </span>
    </p>
   </div>
   <div class='ocr_carea' id='block_1_30' title="bbox 524 3027 2031 3106">
    <p class='ocr_par' dir='ltr' id='par_1_30' title="bbox 524 3027 2031 3106">
     <span class='ocr_line' id='line_1_30' title="bbox 524 3027 2031 3106; baseline 0.004 -23"><span class='ocrx_word' id='word_1_205' title='bbox 524 3027 791 3084; x_wconf 76' lang='lat' dir='ltr'><strong>Naziauz.</strong></span> <span class='ocrx_word' id='word_1_206' title='bbox 820 3061 891 3074; x_wconf 91' lang='lat'><strong>--</strong></span> <span class='ocrx_word' id='word_1_207' title='bbox 918 3032 1205 3089; x_wconf 82' lang='lat' dir='ltr'><strong>All&#39;abilem</strong></span> <span class='ocrx_word' id='word_1_208' title='bbox 1245 3035 1302 3090; x_wconf 88' lang='lat' dir='ltr'><strong>in</strong></span> <span class='ocrx_word' id='word_1_209' title='bbox 1344 3034 1759 3106; x_wconf 77' lang='lat' dir='ltr'><strong>congressibus,</strong></span> <span class='ocrx_word' id='word_1_210' title='bbox 1807 3048 2031 3090; x_wconf 89' lang='lat' dir='ltr'><strong>suavem</strong></span> 
     </span>
    </p>
   </div>
   <div class='ocr_carea' id='block_1_31' title="bbox 453 3120 2031 3196">
    <p class='ocr_par' dir='ltr' id='par_1_31' title="bbox 453 3120 2031 3196">
     <span class='ocr_line' id='line_1_31' title="bbox 453 3120 2031 3196; baseline 0.003 -22"><span class='ocrx_word' id='word_1_211' title='bbox 453 3120 507 3175; x_wconf 90' lang='lat' dir='ltr'><strong>in</strong></span> <span class='ocrx_word' id='word_1_212' title='bbox 533 3122 846 3194; x_wconf 87' lang='lat' dir='ltr'><strong>colloquiis.</strong></span> <span class='ocrx_word' id='word_1_213' title='bbox 894 3121 1010 3180; x_wconf 86' lang='lat' dir='ltr'><strong>Nec</strong></span> <span class='ocrx_word' id='word_1_214' title='bbox 1046 3124 1436 3183; x_wconf 79' lang='lat' dir='ltr'><strong>existimemus</strong></span> <span class='ocrx_word' id='word_1_215' title='bbox 1477 3127 1650 3182; x_wconf 88' lang='lat' dir='ltr'><strong>levem</strong></span> <span class='ocrx_word' id='word_1_216' title='bbox 1685 3136 1739 3183; x_wconf 90' lang='lat' dir='ltr'><strong>et</strong></span> <span class='ocrx_word' id='word_1_217' title='bbox 1779 3125 2031 3196; x_wconf 66' lang='lat' dir='ltr'><strong>exiguam</strong></span> 
     </span>
    </p>
   </div>
   <div class='ocr_carea' id='block_1_32' title="bbox 449 3217 2103 3293">
    <p class='ocr_par' dir='ltr' id='par_1_32' title="bbox 449 3217 2103 3293">
     <span class='ocr_line' id='line_1_32' title="bbox 449 3217 2103 3293; baseline 0.001 -22"><span class='ocrx_word' id='word_1_218' title='bbox 449 3230 573 3271; x_wconf 83' lang='lat' dir='ltr'><strong>esse</strong></span> <span class='ocrx_word' id='word_1_219' title='bbox 604 3218 890 3286; x_wconf 85' lang='lat' dir='ltr'><strong>virtutem,</strong></span> <span class='ocrx_word' id='word_1_220' title='bbox 927 3234 1050 3275; x_wconf 84' lang='lat' dir='ltr'><strong>sese</strong></span> <span class='ocrx_word' id='word_1_221' title='bbox 1078 3217 1351 3277; x_wconf 80' lang='lat' dir='ltr'><strong>all‘abilem</strong></span> <span class='ocrx_word' id='word_1_222' title='bbox 1393 3220 1657 3293; x_wconf 67' lang='lat' dir='ltr'><strong>praebere,</strong></span> <span class='ocrx_word' id='word_1_223' title='bbox 1687 3227 1854 3291; x_wconf 90' lang='lat' dir='ltr'><strong>atque</strong></span> <span class='ocrx_word' id='word_1_224' title='bbox 1895 3217 2032 3274; x_wconf 81' lang='lat' dir='ltr'><strong>faci-</strong></span> <span class='ocrx_word' id='word_1_225' title='bbox 2058 3231 2103 3292; x_wconf 75' lang='grc' dir='ltr'><strong>ο</strong></span> 
     </span>
    </p>
   </div>
   <div class='ocr_carea' id='block_1_33' title="bbox 450 3307 1297 3369">
    <p class='ocr_par' dir='ltr' id='par_1_33' title="bbox 450 3307 1297 3369">
     <span class='ocr_line' id='line_1_33' title="bbox 450 3307 1297 3369; baseline 0.011 -8"><span class='ocrx_word' id='word_1_226' title='bbox 450 3307 662 3362; x_wconf 88' lang='lat' dir='ltr'><strong>litatem</strong></span> <span class='ocrx_word' id='word_1_227' title='bbox 697 3308 971 3366; x_wconf 81' lang='lat' dir='ltr'><strong>sermonis</strong></span> <span class='ocrx_word' id='word_1_228' title='bbox 993 3308 1219 3369; x_wconf 81' lang='lat' dir='ltr'><strong>habere.</strong></span> <span class='ocrx_word' id='word_1_229' title='bbox 1293 3356 1297 3361; x_wconf 85' lang='lat'><strong>.</strong></span> 
     </span>
    </p>
   </div>
   <div class='ocr_carea' id='block_1_34' title="bbox 451 3435 2032 3516">
    <p class='ocr_par' dir='ltr' id='par_1_34' title="bbox 451 3435 2032 3516">
     <span class='ocr_line' id='line_1_34' title="bbox 451 3435 2032 3516; baseline 0.003 -24"><span class='ocrx_word' id='word_1_230' title='bbox 451 3435 586 3493; x_wconf 82' lang='grc' dir='ltr'><strong>ἸΊΤ.</strong></span> <span class='ocrx_word' id='word_1_231' title='bbox 618 3438 862 3516; x_wconf 76' lang='lat' dir='ltr'><strong>XXXVI.</strong></span> <span class='ocrx_word' id='word_1_232' title='bbox 886 3474 956 3485; x_wconf 90' lang='lat'><strong>——</strong></span> <span class='ocrx_word' id='word_1_233' title='bbox 985 3441 1058 3497; x_wconf 82' lang='lat' dir='ltr'><strong>De</strong></span> <span class='ocrx_word' id='word_1_234' title='bbox 1089 3444 1301 3499; x_wconf 76' lang='lat' dir='ltr'><strong>casibus</strong></span> <span class='ocrx_word' id='word_1_235' title='bbox 1325 3454 1374 3498; x_wconf 83' lang='lat' dir='ltr'><strong>et</strong></span> <span class='ocrx_word' id='word_1_236' title='bbox 1397 3444 1742 3509; x_wconf 75' lang='lat' dir='ltr'><strong>occursibus;</strong></span> <span class='ocrx_word' id='word_1_237' title='bbox 1780 3443 1943 3516; x_wconf 79' lang='lat' dir='ltr'><strong>deque</strong></span> <span class='ocrx_word' id='word_1_238' title='bbox 1965 3443 2032 3497; x_wconf 75' lang='lat' dir='ltr'><strong>iis</strong></span> 
     </span>
    </p>
   </div>
   <div class='ocr_carea' id='block_1_35' title="bbox 768 3514 1710 3585">
    <p class='ocr_par' dir='ltr' id='par_1_35' title="bbox 768 3514 1710 3585">
     <span class='ocr_line' id='line_1_35' title="bbox 768 3514 1710 3585; baseline 0.003 -18"><span class='ocrx_word' id='word_1_239' title='bbox 768 3514 860 3583; x_wconf 85' lang='lat' dir='ltr'><strong>qui</strong></span> <span class='ocrx_word' id='word_1_240' title='bbox 889 3529 954 3568; x_wconf 74' lang='lat' dir='ltr'><strong>ex</strong></span> <span class='ocrx_word' id='word_1_241' title='bbox 989 3517 1146 3570; x_wconf 80' lang='lat' dir='ltr'><strong>malis</strong></span> <span class='ocrx_word' id='word_1_242' title='bbox 1178 3516 1231 3569; x_wconf 81' lang='lat' dir='ltr'><strong>in</strong></span> <span class='ocrx_word' id='word_1_243' title='bbox 1254 3515 1399 3571; x_wconf 77' lang='lat' dir='ltr'><strong>mala</strong></span> <span class='ocrx_word' id='word_1_244' title='bbox 1428 3525 1710 3585; x_wconf 79' lang='lat' dir='ltr'><strong>proruunt.</strong></span> 
     </span>
    </p>
   </div>
   <div class='ocr_carea' id='block_1_36' title="bbox 525 3622 2033 3700">
    <p class='ocr_par' dir='ltr' id='par_1_36' title="bbox 525 3622 2033 3700">
     <span class='ocr_line' id='line_1_36' title="bbox 525 3622 2033 3700; baseline 0.002 -21"><span class='ocrx_word' id='word_1_245' title='bbox 525 3622 659 3680; x_wconf 72' lang='lat' dir='ltr'><strong>Osee</strong></span> <span class='ocrx_word' id='word_1_246' title='bbox 690 3641 767 3694; x_wconf 79' lang='lat' dir='ltr'><strong>rx,</strong></span> <span class='ocrx_word' id='word_1_247' title='bbox 815 3627 866 3682; x_wconf 87' lang='lat'><strong>6.</strong></span> <span class='ocrx_word' id='word_1_248' title='bbox 897 3657 966 3670; x_wconf 87' lang='lat'><em>_</em></span> <span class='ocrx_word' id='word_1_249' title='bbox 1009 3647 1026 3680; x_wconf 78' lang='grc' dir='ltr'>ι</span> <span class='ocrx_word' id='word_1_250' title='bbox 1070 3626 1230 3685; x_wconf 89' lang='lat' dir='ltr'><strong>Ibunt</strong></span> <span class='ocrx_word' id='word_1_251' title='bbox 1269 3627 1326 3684; x_wconf 88' lang='lat' dir='ltr'><strong>in</strong></span> <span class='ocrx_word' id='word_1_252' title='bbox 1373 3629 1628 3687; x_wconf 87' lang='lat' dir='ltr'><strong>miserias</strong></span> <span class='ocrx_word' id='word_1_253' title='bbox 1673 3627 1936 3700; x_wconf 68' lang='lat' dir='ltr'><strong>Egypti,</strong></span> <span class='ocrx_word' id='word_1_254' title='bbox 1978 3633 2033 3683; x_wconf 85' lang='lat' dir='ltr'><strong>et</strong></span> 
     </span>
    </p>
   </div>
   <div class='ocr_carea' id='block_1_37' title="bbox 452 3715 2028 3792">
    <p class='ocr_par' dir='ltr' id='par_1_37' title="bbox 452 3715 2028 3792">
     <span class='ocr_line' id='line_1_37' title="bbox 452 3715 2028 3792; baseline 0.001 -20"><span class='ocrx_word' id='word_1_255' title='bbox 452 3715 723 3788; x_wconf 83' lang='lat' dir='ltr'><strong>suscipiet</strong></span> <span class='ocrx_word' id='word_1_256' title='bbox 756 3731 850 3772; x_wconf 86' lang='lat' dir='ltr'><strong>eos</strong></span> <span class='ocrx_word' id='word_1_257' title='bbox 875 3715 1164 3791; x_wconf 81' lang='lat' dir='ltr'><strong>Memphis,</strong></span> <span class='ocrx_word' id='word_1_258' title='bbox 1197 3728 1253 3776; x_wconf 89' lang='lat' dir='ltr'><strong>et</strong></span> <span class='ocrx_word' id='word_1_259' title='bbox 1285 3721 1513 3792; x_wconf 89' lang='lat' dir='ltr'><strong>sepeliet</strong></span> <span class='ocrx_word' id='word_1_260' title='bbox 1541 3735 1637 3778; x_wconf 87' lang='lat' dir='ltr'><strong>eos</strong></span> <span class='ocrx_word' id='word_1_261' title='bbox 1665 3719 1966 3776; x_wconf 75' lang='lat' dir='ltr'><strong>Maehmas.</strong></span> <span class='ocrx_word' id='word_1_262' title='bbox 2007 3736 2028 3773; x_wconf 71' lang='grc' dir='ltr'><strong>ο</strong></span> 
     </span>
    </p>
   </div>
   <div class='ocr_carea' id='block_1_38' title="bbox 524 3889 2036 3967">
    <p class='ocr_par' dir='ltr' id='par_1_38' title="bbox 524 3889 2036 3967">
     <span class='ocr_line' id='line_1_38' title="bbox 524 3889 2036 3967; baseline 0.005 -25"><span class='ocrx_word' id='word_1_263' title='bbox 524 3889 687 3945; x_wconf 77' lang='lat' dir='ltr'><strong>Amos</strong></span> <span class='ocrx_word' id='word_1_264' title='bbox 711 3905 764 3957; x_wconf 76' lang='grc' dir='ltr'><strong>ν,</strong></span> <span class='ocrx_word' id='word_1_265' title='bbox 803 3891 890 3948; x_wconf 73' lang='grc'><strong>19.</strong></span> <span class='ocrx_word' id='word_1_266' title='bbox 926 3923 995 3944; x_wconf 69' lang='grc' dir='ltr'><strong>ν-</strong></span> <span class='ocrx_word' id='word_1_267' title='bbox 1044 3912 1063 3946; x_wconf 79' lang='grc' dir='ltr'><strong>ι</strong></span> <span class='ocrx_word' id='word_1_268' title='bbox 1115 3894 1402 3962; x_wconf 84' lang='lat' dir='ltr'><strong>Quomodo</strong></span> <span class='ocrx_word' id='word_1_269' title='bbox 1451 3911 1574 3953; x_wconf 83' lang='lat' dir='ltr'><strong>cum</strong></span> <span class='ocrx_word' id='word_1_270' title='bbox 1617 3895 1784 3952; x_wconf 85' lang='lat' dir='ltr'><strong>homo</strong></span> <span class='ocrx_word' id='word_1_271' title='bbox 1835 3893 2036 3967; x_wconf 76' lang='lat' dir='ltr'><strong>fugerit</strong></span> 
     </span>
    </p>
   </div>
   <div class='ocr_carea' id='block_1_39' title="bbox 457 3981 2035 4060">
    <p class='ocr_par' dir='ltr' id='par_1_39' title="bbox 457 3981 2035 4060">
     <span class='ocr_line' id='line_1_39' title="bbox 457 3981 2035 4060; baseline 0.006 -28"><span class='ocrx_word' id='word_1_272' title='bbox 457 3995 484 4032; x_wconf 76' lang='grc' dir='ltr'><strong>τι</strong></span> <span class='ocrx_word' id='word_1_273' title='bbox 529 3981 666 4037; x_wconf 81' lang='lat' dir='ltr'><strong>facie</strong></span> <span class='ocrx_word' id='word_1_274' title='bbox 701 3982 894 4052; x_wconf 86' lang='lat' dir='ltr'><strong>leonis,</strong></span> <span class='ocrx_word' id='word_1_275' title='bbox 919 3993 974 4042; x_wconf 87' lang='lat' dir='ltr'><strong>et</strong></span> <span class='ocrx_word' id='word_1_276' title='bbox 1003 3984 1210 4043; x_wconf 88' lang='lat' dir='ltr'><strong>incidat</strong></span> <span class='ocrx_word' id='word_1_277' title='bbox 1239 3988 1293 4044; x_wconf 93' lang='lat' dir='ltr'><strong>in</strong></span> <span class='ocrx_word' id='word_1_278' title='bbox 1315 4003 1438 4044; x_wconf 90' lang='lat' dir='ltr'><strong>eum</strong></span> <span class='ocrx_word' id='word_1_279' title='bbox 1463 4004 1648 4054; x_wconf 89' lang='lat' dir='ltr'><strong>ursus,</strong></span> <span class='ocrx_word' id='word_1_280' title='bbox 1672 3995 1726 4043; x_wconf 89' lang='lat' dir='ltr'><strong>et</strong></span> <span class='ocrx_word' id='word_1_281' title='bbox 1759 3986 2035 4060; x_wconf 79' lang='lat' dir='ltr'><strong>ingredia-</strong></span> 
     </span>
    </p>
   </div>
   <div class='ocr_carea' id='block_1_40' title="bbox 457 4073 2038 4151">
    <p class='ocr_par' dir='ltr' id='par_1_40' title="bbox 457 4073 2038 4151">
     <span class='ocr_line' id='line_1_40' title="bbox 457 4073 2038 4151; baseline 0.006 -27"><span class='ocrx_word' id='word_1_282' title='bbox 457 4082 545 4126; x_wconf 87' lang='lat' dir='ltr'><strong>lur</strong></span> <span class='ocrx_word' id='word_1_283' title='bbox 573 4073 795 4129; x_wconf 86' lang='lat' dir='ltr'><strong>domum</strong></span> <span class='ocrx_word' id='word_1_284' title='bbox 824 4092 1005 4145; x_wconf 86' lang='lat' dir='ltr'><strong>suam,</strong></span> <span class='ocrx_word' id='word_1_285' title='bbox 1043 4086 1097 4135; x_wconf 89' lang='lat' dir='ltr'><strong>et</strong></span> <span class='ocrx_word' id='word_1_286' title='bbox 1129 4079 1403 4135; x_wconf 87' lang='lat' dir='ltr'><strong>innitatur</strong></span> <span class='ocrx_word' id='word_1_287' title='bbox 1438 4082 1692 4138; x_wconf 88' lang='lat' dir='ltr'><strong>manibus</strong></span> <span class='ocrx_word' id='word_1_288' title='bbox 1715 4080 1832 4137; x_wconf 89' lang='lat' dir='ltr'><strong>suis</strong></span> <span class='ocrx_word' id='word_1_289' title='bbox 1871 4094 2038 4151; x_wconf 86' lang='lat' dir='ltr'><strong>super</strong></span> 
     </span>
    </p>
   </div>
   <div class='ocr_carea' id='block_1_41' title="bbox 457 4159 1602 4231">
    <p class='ocr_par' dir='ltr' id='par_1_41' title="bbox 457 4159 1602 4231">
     <span class='ocr_line' id='line_1_41' title="bbox 457 4159 1602 4231; baseline 0.01 -17"><span class='ocrx_word' id='word_1_290' title='bbox 457 4159 745 4231; x_wconf 85' lang='lat' dir='ltr'><strong>parietem,</strong></span> <span class='ocrx_word' id='word_1_291' title='bbox 776 4174 830 4221; x_wconf 93' lang='lat' dir='ltr'><strong>et</strong></span> <span class='ocrx_word' id='word_1_292' title='bbox 866 4167 1118 4224; x_wconf 88' lang='lat' dir='ltr'><strong>mordeat</strong></span> <span class='ocrx_word' id='word_1_293' title='bbox 1142 4185 1266 4225; x_wconf 90' lang='lat' dir='ltr'><strong>eum</strong></span> <span class='ocrx_word' id='word_1_294' title='bbox 1294 4171 1542 4228; x_wconf 89' lang='lat' dir='ltr'><strong>coluber.</strong></span> <span class='ocrx_word' id='word_1_295' title='bbox 1584 4191 1602 4225; x_wconf 72' lang='grc' dir='ltr'><strong>ι</strong></span> 
     </span>
    </p>
   </div>
   <div class='ocr_carea' id='block_1_42' title="bbox 528 4252 2034 4335">
    <p class='ocr_par' dir='ltr' id='par_1_42' title="bbox 528 4252 2034 4335">
     <span class='ocr_line' id='line_1_42' title="bbox 528 4252 2034 4335; baseline 0.007 -28"><span class='ocrx_word' id='word_1_296' title='bbox 528 4252 644 4308; x_wconf 78' lang='lat' dir='ltr'><strong>Isa.</strong></span> <span class='ocrx_word' id='word_1_297' title='bbox 695 4272 844 4324; x_wconf 79' lang='lat' dir='ltr'><strong>xxiv,</strong></span> <span class='ocrx_word' id='word_1_298' title='bbox 891 4257 982 4314; x_wconf 80' lang='grc'><strong>18.</strong></span> <span class='ocrx_word' id='word_1_299' title='bbox 1017 4290 1088 4306; x_wconf 76' lang='grc' dir='ltr'><strong>ο-</strong></span> <span class='ocrx_word' id='word_1_300' title='bbox 1127 4280 1147 4312; x_wconf 74' lang='grc' dir='ltr'>ι</span> <span class='ocrx_word' id='word_1_301' title='bbox 1180 4260 1327 4330; x_wconf 88' lang='lat' dir='ltr'><strong>Erit,</strong></span> <span class='ocrx_word' id='word_1_302' title='bbox 1364 4263 1457 4334; x_wconf 90' lang='lat' dir='ltr'><strong>qui</strong></span> <span class='ocrx_word' id='word_1_303' title='bbox 1501 4263 1703 4335; x_wconf 78' lang='lat' dir='ltr'><strong>fugerit</strong></span> <span class='ocrx_word' id='word_1_304' title='bbox 1759 4264 2034 4331; x_wconf 86' lang='lat' dir='ltr'><strong>timorem,</strong></span> 
     </span>
    </p>
   </div>
   <div class='ocr_carea' id='block_1_43' title="bbox 458 4347 2036 4430">
    <p class='ocr_par' dir='ltr' id='par_1_43' title="bbox 458 4347 2036 4430">
     <span class='ocr_line' id='line_1_43' title="bbox 458 4347 2036 4430; baseline 0.007 -31"><span class='ocrx_word' id='word_1_305' title='bbox 458 4348 617 4404; x_wconf 78' lang='lat' dir='ltr'><strong>cadet</strong></span> <span class='ocrx_word' id='word_1_306' title='bbox 643 4347 700 4402; x_wconf 92' lang='lat' dir='ltr'><strong>in</strong></span> <span class='ocrx_word' id='word_1_307' title='bbox 728 4348 940 4407; x_wconf 81' lang='lat' dir='ltr'><strong>foveam</strong></span> <span class='ocrx_word' id='word_1_308' title='bbox 979 4371 993 4408; x_wconf 90' lang='lat'><strong>:</strong></span> <span class='ocrx_word' id='word_1_309' title='bbox 1024 4362 1079 4410; x_wconf 90' lang='lat' dir='ltr'><strong>et</strong></span> <span class='ocrx_word' id='word_1_310' title='bbox 1111 4355 1206 4426; x_wconf 90' lang='lat' dir='ltr'><strong>qui</strong></span> <span class='ocrx_word' id='word_1_311' title='bbox 1239 4357 1433 4413; x_wconf 84' lang='lat' dir='ltr'><strong>exierit</strong></span> <span class='ocrx_word' id='word_1_312' title='bbox 1472 4358 1538 4416; x_wconf 90' lang='lat' dir='ltr'><strong>de</strong></span> <span class='ocrx_word' id='word_1_313' title='bbox 1574 4356 1753 4426; x_wconf 80' lang='lat' dir='ltr'><strong>fovea,</strong></span> <span class='ocrx_word' id='word_1_314' title='bbox 1781 4358 2036 4430; x_wconf 86' lang='lat' dir='ltr'><strong>capietur</strong></span> 
     </span>
    </p>
   </div>
   <div class='ocr_carea' id='block_1_44' title="bbox 458 4440 742 4511">
    <p class='ocr_par' dir='ltr' id='par_1_44' title="bbox 458 4440 742 4511">
     <span class='ocr_line' id='line_1_44' title="bbox 458 4440 742 4511; baseline 0.014 -18"><span class='ocrx_word' id='word_1_315' title='bbox 458 4455 487 4493; x_wconf 83' lang='lat' dir='ltr'><strong>a</strong></span> <span class='ocrx_word' id='word_1_316' title='bbox 526 4440 742 4511; x_wconf 82' lang='lat' dir='ltr'><strong>laqueo.</strong></span> 
     </span>
    </p>
   </div>
   <div class='ocr_carea' id='block_1_45' title="bbox 597 4579 1891 4658">
    <p class='ocr_par' dir='ltr' id='par_1_45' title="bbox 597 4579 1891 4658">
     <span class='ocr_line' id='line_1_45' title="bbox 597 4579 1891 4658; baseline 0.001 -18"><span class='ocrx_word' id='word_1_317' title='bbox 597 4579 762 4652; x_wconf 78' lang='lat'><strong>375</strong></span> <span class='ocrx_word' id='word_1_318' title='bbox 790 4580 929 4641; x_wconf 82' lang='lat' dir='ltr'><strong>TlT.</strong></span> <span class='ocrx_word' id='word_1_319' title='bbox 957 4581 1222 4640; x_wconf 76' lang='lat' dir='ltr'><strong>XXXVII.</strong></span> <span class='ocrx_word' id='word_1_320' title='bbox 1255 4614 1320 4626; x_wconf 86' lang='lat'><strong>-—</strong></span> <span class='ocrx_word' id='word_1_321' title='bbox 1363 4585 1437 4641; x_wconf 87' lang='lat' dir='ltr'><strong>De</strong></span> <span class='ocrx_word' id='word_1_322' title='bbox 1481 4586 1588 4641; x_wconf 86' lang='lat' dir='ltr'><strong>otio</strong></span> <span class='ocrx_word' id='word_1_323' title='bbox 1624 4593 1672 4642; x_wconf 85' lang='lat' dir='ltr'><strong>et</strong></span> <span class='ocrx_word' id='word_1_324' title='bbox 1699 4588 1891 4658; x_wconf 79' lang='lat' dir='ltr'><strong>quiete.</strong></span> 
     </span>
    </p>
   </div>
   <div class='ocr_carea' id='block_1_46' title="bbox 534 4756 2035 4838">
    <p class='ocr_par' dir='ltr' id='par_1_46' title="bbox 534 4756 2035 4838">
     <span class='ocr_line' id='line_1_46' title="bbox 534 4756 2035 4838; baseline 0.009 -26"><span class='ocrx_word' id='word_1_325' title='bbox 534 4756 615 4812; x_wconf 79' lang='grc' dir='ltr'><strong>ιγ</strong></span> <span class='ocrx_word' id='word_1_326' title='bbox 649 4758 773 4831; x_wconf 73' lang='lat' dir='ltr'><strong>Reg.</strong></span> <span class='ocrx_word' id='word_1_327' title='bbox 805 4777 917 4829; x_wconf 80' lang='lat' dir='ltr'><strong>xiv,</strong></span> <span class='ocrx_word' id='word_1_328' title='bbox 954 4762 1039 4819; x_wconf 77' lang='lat' dir='ltr'><strong>lo.</strong></span> <span class='ocrx_word' id='word_1_329' title='bbox 1071 4795 1140 4806; x_wconf 87' lang='lat'><strong>—-</strong></span> <span class='ocrx_word' id='word_1_330' title='bbox 1189 4782 1206 4816; x_wconf 79' lang='grc' dir='ltr'>ι</span> <span class='ocrx_word' id='word_1_331' title='bbox 1243 4766 1567 4823; x_wconf 80' lang='lat' dir='ltr'><strong>Gloriﬁcare</strong></span> <span class='ocrx_word' id='word_1_332' title='bbox 1619 4765 1712 4838; x_wconf 89' lang='lat' dir='ltr'><strong>qui</strong></span> <span class='ocrx_word' id='word_1_333' title='bbox 1769 4767 1930 4824; x_wconf 83' lang='lat' dir='ltr'><strong>sedes</strong></span> <span class='ocrx_word' id='word_1_334' title='bbox 1982 4768 2035 4825; x_wconf 87' lang='lat' dir='ltr'><strong>in</strong></span> 
     </span>
    </p>
   </div>
   <div class='ocr_carea' id='block_1_47' title="bbox 461 4851 838 4908">
    <p class='ocr_par' dir='ltr' id='par_1_47' title="bbox 461 4851 838 4908">
     <span class='ocr_line' id='line_1_47' title="bbox 461 4851 838 4908; baseline 0 -2"><span class='ocrx_word' id='word_1_335' title='bbox 461 4851 627 4906; x_wconf 84' lang='lat' dir='ltr'><strong>dumo</strong></span> <span class='ocrx_word' id='word_1_336' title='bbox 664 4861 779 4908; x_wconf 89' lang='lat' dir='ltr'><strong>tua.</strong></span> <span class='ocrx_word' id='word_1_337' title='bbox 821 4874 838 4906; x_wconf 78' lang='grc' dir='ltr'><strong>ι</strong></span> 
     </span>
    </p>
   </div>
   <div class='ocr_carea' id='block_1_48' title="bbox 529 4941 2040 5024">
    <p class='ocr_par' dir='ltr' id='par_1_48' title="bbox 529 4941 2040 5024">
     <span class='ocr_line' id='line_1_48' title="bbox 529 4941 2040 5024; baseline 0.01 -27"><span class='ocrx_word' id='word_1_338' title='bbox 529 4941 629 4999; x_wconf 85' lang='lat' dir='ltr'><strong>Job</strong></span> <span class='ocrx_word' id='word_1_339' title='bbox 659 4961 734 5011; x_wconf 81' lang='lat' dir='ltr'><strong>xl,</strong></span> <span class='ocrx_word' id='word_1_340' title='bbox 775 4946 955 5003; x_wconf 80' lang='lat' dir='ltr'><strong>l9.—</strong></span> <span class='ocrx_word' id='word_1_341' title='bbox 982 4968 1001 5002; x_wconf 77' lang='grc' dir='ltr'><strong>ι</strong></span> <span class='ocrx_word' id='word_1_342' title='bbox 1030 4947 1318 5021; x_wconf 80' lang='lat' dir='ltr'><strong>Quiesccs,</strong></span> <span class='ocrx_word' id='word_1_343' title='bbox 1357 4966 1459 5007; x_wconf 81' lang='lat' dir='ltr'><strong>nec</strong></span> <span class='ocrx_word' id='word_1_344' title='bbox 1503 4953 1612 5010; x_wconf 87' lang='lat' dir='ltr'><strong>erit</strong></span> <span class='ocrx_word' id='word_1_345' title='bbox 1649 4954 1742 5024; x_wconf 89' lang='lat' dir='ltr'><strong>qui</strong></span> <span class='ocrx_word' id='word_1_346' title='bbox 1783 4955 1878 5010; x_wconf 83' lang='lat' dir='ltr'><strong>tibi</strong></span> <span class='ocrx_word' id='word_1_347' title='bbox 1927 4956 2040 5012; x_wconf 87' lang='lat' dir='ltr'><strong>bel—</strong></span> 
     </span>
    </p>
   </div>
   <div class='ocr_carea' id='block_1_49' title="bbox 463 5035 884 5097">
    <p class='ocr_par' dir='ltr' id='par_1_49' title="bbox 463 5035 884 5097">
     <span class='ocr_line' id='line_1_49' title="bbox 463 5035 884 5097; baseline 0.014 -8"><span class='ocrx_word' id='word_1_348' title='bbox 463 5035 572 5091; x_wconf 89' lang='lat' dir='ltr'><strong>lum</strong></span> <span class='ocrx_word' id='word_1_349' title='bbox 605 5040 825 5097; x_wconf 81' lang='lat' dir='ltr'><strong>inferat.</strong></span> <span class='ocrx_word' id='word_1_350' title='bbox 867 5062 884 5095; x_wconf 75' lang='grc' dir='ltr'><strong>ι</strong></span> 
     </span>
    </p>
   </div>
   <div class='ocr_carea' id='block_1_50' title="bbox 532 5130 2037 5214">
    <p class='ocr_par' dir='ltr' id='par_1_50' title="bbox 532 5130 2037 5214">
     <span class='ocr_line' id='line_1_50' title="bbox 532 5130 2037 5214; baseline 0.011 -30"><span class='ocrx_word' id='word_1_351' title='bbox 532 5130 686 5190; x_wconf 72' lang='lat' dir='ltr'><strong>Psat.</strong></span> <span class='ocrx_word' id='word_1_352' title='bbox 718 5149 792 5200; x_wconf 83' lang='lat' dir='ltr'><strong>Iv,</strong></span> <span class='ocrx_word' id='word_1_353' title='bbox 832 5135 917 5190; x_wconf 79' lang='grc'><strong>10.</strong></span> <span class='ocrx_word' id='word_1_354' title='bbox 964 5164 1034 5180; x_wconf 84' lang='lat'><strong>--</strong></span> <span class='ocrx_word' id='word_1_355' title='bbox 1084 5156 1102 5190; x_wconf 77' lang='grc' dir='ltr'><strong>ι</strong></span> <span class='ocrx_word' id='word_1_356' title='bbox 1136 5136 1240 5208; x_wconf 89' lang='lat' dir='ltr'><strong>Tu,</strong></span> <span class='ocrx_word' id='word_1_357' title='bbox 1294 5137 1545 5207; x_wconf 88' lang='lat' dir='ltr'><strong>Domine,</strong></span> <span class='ocrx_word' id='word_1_358' title='bbox 1593 5142 1953 5214; x_wconf 84' lang='lat' dir='ltr'><strong>singulariter</strong></span> <span class='ocrx_word' id='word_1_359' title='bbox 1985 5146 2037 5202; x_wconf 91' lang='lat' dir='ltr'><strong>in</strong></span> 
     </span>
    </p>
   </div>
   <div class='ocr_carea' id='block_1_51' title="bbox 467 5227 1126 5293">
    <p class='ocr_par' dir='ltr' id='par_1_51' title="bbox 467 5227 1126 5293">
     <span class='ocr_line' id='line_1_51' title="bbox 467 5227 1126 5293; baseline 0.006 -15"><span class='ocrx_word' id='word_1_360' title='bbox 467 5239 560 5293; x_wconf 78' lang='lat' dir='ltr'><strong>spe</strong></span> <span class='ocrx_word' id='word_1_361' title='bbox 590 5227 933 5284; x_wconf 88' lang='lat' dir='ltr'><strong>constituisti</strong></span> <span class='ocrx_word' id='word_1_362' title='bbox 965 5245 1072 5287; x_wconf 86' lang='lat' dir='ltr'><strong>me.</strong></span> <span class='ocrx_word' id='word_1_363' title='bbox 1107 5249 1126 5282; x_wconf 77' lang='grc' dir='ltr'><strong>ι</strong></span> 
     </span>
    </p>
   </div>
   <div class='ocr_carea' id='block_1_52' title="bbox 537 5314 2040 5400">
    <p class='ocr_par' dir='ltr' id='par_1_52' title="bbox 537 5314 2040 5400">
     <span class='ocr_line' id='line_1_52' title="bbox 537 5314 2040 5400; baseline 0.011 -29"><span class='ocrx_word' id='word_1_364' title='bbox 537 5314 689 5372; x_wconf 76' lang='lat' dir='ltr'><strong>Psal.</strong></span> <span class='ocrx_word' id='word_1_365' title='bbox 728 5335 854 5386; x_wconf 73' lang='grc' dir='ltr'>οη,</span> <span class='ocrx_word' id='word_1_366' title='bbox 888 5319 972 5375; x_wconf 78' lang='grc' dir='ltr'><strong>ω.</strong></span> <span class='ocrx_word' id='word_1_367' title='bbox 996 5350 1065 5362; x_wconf 85' lang='lat'><strong>-—-</strong></span> <span class='ocrx_word' id='word_1_368' title='bbox 1093 5340 1114 5375; x_wconf 76' lang='grc' dir='ltr'><strong>ι</strong></span> <span class='ocrx_word' id='word_1_369' title='bbox 1153 5319 1518 5394; x_wconf 84' lang='lat' dir='ltr'><strong>Singulariter</strong></span> <span class='ocrx_word' id='word_1_370' title='bbox 1538 5341 1655 5382; x_wconf 87' lang='lat' dir='ltr'><strong>sum</strong></span> <span class='ocrx_word' id='word_1_371' title='bbox 1707 5343 1833 5400; x_wconf 76' lang='lat' dir='ltr'><strong>ego,</strong></span> <span class='ocrx_word' id='word_1_372' title='bbox 1866 5327 2040 5387; x_wconf 88' lang='lat' dir='ltr'><strong>donec</strong></span> 
     </span>
    </p>
   </div>
   <div class='ocr_carea' id='block_1_53' title="bbox 468 5419 826 5488">
    <p class='ocr_par' dir='ltr' id='par_1_53' title="bbox 468 5419 826 5488">
     <span class='ocr_line' id='line_1_53' title="bbox 468 5419 826 5488; baseline 0.014 -25"><span class='ocrx_word' id='word_1_373' title='bbox 468 5419 768 5488; x_wconf 72' lang='lat' dir='ltr'><strong>transeam.</strong></span> <span class='ocrx_word' id='word_1_374' title='bbox 807 5432 826 5468; x_wconf 72' lang='grc' dir='ltr'><strong>ι</strong></span> 
     </span>
    </p>
   </div>
   <div class='ocr_carea' id='block_1_54' title="bbox 538 5506 2006 5590">
    <p class='ocr_par' dir='ltr' id='par_1_54' title="bbox 538 5506 2006 5590">
     <span class='ocr_line' id='line_1_54' title="bbox 538 5506 2006 5590; baseline 0.008 -30"><span class='ocrx_word' id='word_1_375' title='bbox 538 5506 694 5563; x_wconf 77' lang='lat' dir='ltr'><strong>Prae.</strong></span> <span class='ocrx_word' id='word_1_376' title='bbox 731 5525 811 5576; x_wconf 81' lang='lat' dir='ltr'><strong>xi,</strong></span> <span class='ocrx_word' id='word_1_377' title='bbox 843 5508 930 5564; x_wconf 77' lang='grc'><strong>12.</strong></span> <span class='ocrx_word' id='word_1_378' title='bbox 962 5541 1032 5552; x_wconf 94' lang='grc'><strong>--</strong></span> <span class='ocrx_word' id='word_1_379' title='bbox 1077 5530 1096 5564; x_wconf 78' lang='grc' dir='ltr'><strong>σ</strong></span> <span class='ocrx_word' id='word_1_380' title='bbox 1128 5510 1226 5566; x_wconf 86' lang='lat' dir='ltr'><strong>Vir</strong></span> <span class='ocrx_word' id='word_1_381' title='bbox 1262 5512 1504 5584; x_wconf 86' lang='lat' dir='ltr'><strong>prudens</strong></span> <span class='ocrx_word' id='word_1_382' title='bbox 1541 5517 1785 5587; x_wconf 82' lang='lat' dir='ltr'><strong>quietem</strong></span> <span class='ocrx_word' id='word_1_383' title='bbox 1811 5518 1942 5590; x_wconf 82' lang='lat' dir='ltr'><strong>agit.</strong></span> <span class='ocrx_word' id='word_1_384' title='bbox 1988 5537 2006 5572; x_wconf 73' lang='grc' dir='ltr'><strong>ι</strong></span> 
     </span>
    </p>
   </div>
   <div class='ocr_carea' id='block_1_55' title="bbox 535 5600 1913 5681">
    <p class='ocr_par' dir='ltr' id='par_1_55' title="bbox 535 5600 1913 5681">
     <span class='ocr_line' id='line_1_55' title="bbox 535 5600 1913 5681; baseline 0.007 -26"><span class='ocrx_word' id='word_1_385' title='bbox 535 5600 668 5670; x_wconf 86' lang='lat' dir='ltr'><strong>Sap.</strong></span> <span class='ocrx_word' id='word_1_386' title='bbox 697 5619 752 5668; x_wconf 91' lang='lat' dir='ltr'><strong>v,</strong></span> <span class='ocrx_word' id='word_1_387' title='bbox 782 5604 871 5659; x_wconf 76' lang='lat' dir='ltr'><strong>l6.</strong></span> <span class='ocrx_word' id='word_1_388' title='bbox 897 5635 966 5647; x_wconf 90' lang='lat'><strong><em>—</em></strong></span> <span class='ocrx_word' id='word_1_389' title='bbox 997 5625 1018 5658; x_wconf 86' lang='grc'><em>‹</em></span> <span class='ocrx_word' id='word_1_390' title='bbox 1060 5605 1195 5662; x_wconf 87' lang='lat' dir='ltr'><strong>Boni</strong></span> <span class='ocrx_word' id='word_1_391' title='bbox 1227 5616 1493 5678; x_wconf 87' lang='lat' dir='ltr'><strong>perpetuo</strong></span> <span class='ocrx_word' id='word_1_392' title='bbox 1527 5611 1848 5681; x_wconf 85' lang='lat' dir='ltr'><strong>quiescunt.</strong></span> <span class='ocrx_word' id='word_1_393' title='bbox 1895 5631 1913 5664; x_wconf 73' lang='grc' dir='ltr'><strong>ι</strong></span> 
     </span>
    </p>
   </div>
   <div class='ocr_carea' id='block_1_56' title="bbox 537 5691 2040 5776">
    <p class='ocr_par' dir='ltr' id='par_1_56' title="bbox 537 5691 2040 5776">
     <span class='ocr_line' id='line_1_56' title="bbox 537 5691 2040 5776; baseline 0.012 -29"><span class='ocrx_word' id='word_1_394' title='bbox 537 5691 654 5748; x_wconf 69' lang='lat' dir='ltr'><strong>lca.</strong></span> <span class='ocrx_word' id='word_1_395' title='bbox 689 5709 840 5762; x_wconf 75' lang='lat' dir='ltr'><strong>uvr,</strong></span> <span class='ocrx_word' id='word_1_396' title='bbox 872 5697 925 5753; x_wconf 72' lang='grc'>4.</span> <span class='ocrx_word' id='word_1_397' title='bbox 959 5716 1025 5742; x_wconf 66' lang='lat'><strong>--&#39;</strong></span> <span class='ocrx_word' id='word_1_398' title='bbox 1056 5719 1074 5752; x_wconf 81' lang='grc' dir='ltr'>ι</span> <span class='ocrx_word' id='word_1_399' title='bbox 1112 5697 1289 5770; x_wconf 87' lang='lat' dir='ltr'><strong>Super</strong></span> <span class='ocrx_word' id='word_1_400' title='bbox 1337 5717 1500 5771; x_wconf 86' lang='lat' dir='ltr'><strong>quem</strong></span> <span class='ocrx_word' id='word_1_401' title='bbox 1559 5708 1871 5776; x_wconf 74' lang='lat' dir='ltr'><strong>respiciam,</strong></span> <span class='ocrx_word' id='word_1_402' title='bbox 1934 5708 2040 5765; x_wconf 88' lang='lat' dir='ltr'><strong>nisi</strong></span> 
     </span>
    </p>
   </div>
   <div class='ocr_carea' id='block_1_57' title="bbox 471 5788 2041 5865">
    <p class='ocr_par' dir='ltr' id='par_1_57' title="bbox 471 5788 2041 5865">
     <span class='ocr_line' id='line_1_57' title="bbox 471 5788 2041 5865; baseline 0.012 -25"><span class='ocrx_word' id='word_1_403' title='bbox 471 5801 634 5854; x_wconf 76' lang='lat' dir='ltr'><strong>super</strong></span> <span class='ocrx_word' id='word_1_404' title='bbox 659 5788 949 5857; x_wconf 83' lang='lat' dir='ltr'><strong>humilem,</strong></span> <span class='ocrx_word' id='word_1_405' title='bbox 980 5798 1035 5848; x_wconf 82' lang='lat' dir='ltr'><strong>et</strong></span> <span class='ocrx_word' id='word_1_406' title='bbox 1065 5793 1339 5865; x_wconf 89' lang='lat' dir='ltr'><strong>quietum,</strong></span> <span class='ocrx_word' id='word_1_407' title='bbox 1379 5800 1432 5850; x_wconf 85' lang='lat' dir='ltr'><strong>et</strong></span> <span class='ocrx_word' id='word_1_408' title='bbox 1474 5802 1797 5853; x_wconf 85' lang='lat' dir='ltr'><strong>trementem</strong></span> <span class='ocrx_word' id='word_1_409' title='bbox 1833 5816 2041 5858; x_wconf 86' lang='lat' dir='ltr'><strong>sermo-</strong></span> 
     </span>
    </p>
   </div>
   <div class='ocr_carea' id='block_1_58' title="bbox 471 5882 835 5937">
    <p class='ocr_par' dir='ltr' id='par_1_58' title="bbox 471 5882 835 5937">
     <span class='ocr_line' id='line_1_58' title="bbox 471 5882 835 5937; baseline 0.003 -4"><span class='ocrx_word' id='word_1_410' title='bbox 471 5897 566 5937; x_wconf 83' lang='lat' dir='ltr'><strong>nes</strong></span> <span class='ocrx_word' id='word_1_411' title='bbox 594 5882 776 5937; x_wconf 67' lang='lat' dir='ltr'><strong>meos?</strong></span> <span class='ocrx_word' id='word_1_412' title='bbox 820 5906 835 5934; x_wconf 79' lang='grc' dir='ltr'><strong>ι</strong></span> 
     </span>
    </p>
   </div>
   <div class='ocr_carea' id='block_1_59' title="bbox 2131 586 3706 660">
    <p class='ocr_par' dir='ltr' id='par_1_59' title="bbox 2131 586 3706 660">
     <span class='ocr_line' id='line_1_59' title="bbox 2131 586 3706 660; baseline 0.001 -20"><span class='ocrx_word' id='word_1_413' title='bbox 2131 586 2324 659; x_wconf 77' lang='grc' dir='ltr'><strong>κυρίου</strong></span> <span class='ocrx_word' id='word_1_414' title='bbox 2363 604 2465 658; x_wconf 89' lang='grc' dir='ltr'><strong>μου</strong></span> <span class='ocrx_word' id='word_1_415' title='bbox 2517 587 2612 640; x_wconf 78' lang='grc' dir='ltr'>τοῦ</span> <span class='ocrx_word' id='word_1_416' title='bbox 2670 588 2957 660; x_wconf 82' lang='grc' dir='ltr'>βασιλέως,</span> <span class='ocrx_word' id='word_1_417' title='bbox 3005 588 3100 642; x_wconf 61' lang='grc' dir='ltr'><strong>καὶ¹</strong></span> <span class='ocrx_word' id='word_1_418' title='bbox 3144 589 3344 650; x_wconf 81' lang='grc' dir='ltr'>πάντες</span> <span class='ocrx_word' id='word_1_419' title='bbox 3391 589 3505 642; x_wconf 85' lang='grc' dir='ltr'>ὅσοι</span> <span class='ocrx_word' id='word_1_420' title='bbox 3540 590 3706 642; x_wconf 81' lang='grc' dir='ltr'>ἐπαν-</span> 
     </span>
    </p>
   </div>
   <div class='ocr_carea' id='block_1_60' title="bbox 2132 662 3704 755">
    <p class='ocr_par' dir='ltr' id='par_1_60' title="bbox 2132 678 3704 755">
     <span class='ocr_line' id='line_1_60' title="bbox 2132 678 3704 755; baseline 0.001 -23"><span class='ocrx_word' id='word_1_421' title='bbox 2132 678 2372 750; x_wconf 80' lang='grc' dir='ltr'>ἐστησάν</span> <span class='ocrx_word' id='word_1_422' title='bbox 2403 698 2484 735; x_wconf 89' lang='grc' dir='ltr'><strong>σοι</strong></span> <span class='ocrx_word' id='word_1_423' title='bbox 2507 683 2586 746; x_wconf 88' lang='grc' dir='ltr'><strong>είς</strong></span> <span class='ocrx_word' id='word_1_424' title='bbox 2613 683 2779 736; x_wconf 84' lang='grc' dir='ltr'>κακά.</span> <span class='ocrx_word' id='word_1_425' title='bbox 2809 683 2914 736; x_wconf 78' lang='grc' dir='ltr'>Καὶ</span> <span class='ocrx_word' id='word_1_426' title='bbox 2945 681 3242 755; x_wconf 78' lang='grc' dir='ltr'>ἐδάκρυσεν</span> <span class='ocrx_word' id='word_1_427' title='bbox 3263 684 3289 736; x_wconf 78' lang='grc' dir='ltr'>ὁ</span> <span class='ocrx_word' id='word_1_428' title='bbox 3314 680 3586 751; x_wconf 80' lang='grc' dir='ltr'>βασιλεὺς.</span> <span class='ocrx_word' id='word_1_429' title='bbox 3613 681 3704 734; x_wconf 78' lang='grc' dir='ltr'>καὶ</span> 
     </span>
    </p>
   </div>
   <div class='ocr_carea' id='block_1_61' title="bbox 2129 772 3702 850">
    <p class='ocr_par' dir='ltr' id='par_1_61' title="bbox 2129 772 3702 850">
     <span class='ocr_line' id='line_1_61' title="bbox 2129 772 3702 850; baseline 0.001 -22"><span class='ocrx_word' id='word_1_430' title='bbox 2129 772 2298 844; x_wconf 78' lang='grc' dir='ltr'><strong>ἀνέὅη</strong></span> <span class='ocrx_word' id='word_1_431' title='bbox 2347 775 2427 838; x_wconf 86' lang='grc' dir='ltr'><strong>είς</strong></span> <span class='ocrx_word' id='word_1_432' title='bbox 2460 776 2521 829; x_wconf 82' lang='grc' dir='ltr'><strong>τὸ</strong></span> <span class='ocrx_word' id='word_1_433' title='bbox 2552 776 2803 849; x_wconf 82' lang='grc' dir='ltr'>ὑπερῷον</span> <span class='ocrx_word' id='word_1_434' title='bbox 2832 781 2932 850; x_wconf 80' lang='grc' dir='ltr'>τῆς</span> <span class='ocrx_word' id='word_1_435' title='bbox 2977 777 3175 849; x_wconf 76' lang='grc' dir='ltr'>πύλης,</span> <span class='ocrx_word' id='word_1_436' title='bbox 3199 777 3293 831; x_wconf 68' lang='grc' dir='ltr'><strong>καὶ</strong></span> <span class='ocrx_word' id='word_1_437' title='bbox 3323 776 3576 843; x_wconf 70' lang='grc' dir='ltr'>ἔκλαυσε,</span> <span class='ocrx_word' id='word_1_438' title='bbox 3615 778 3702 830; x_wconf 72' lang='grc' dir='ltr'>καὶ</span> 
     </span>
    </p>
   </div>
   <div class='ocr_carea' id='block_1_62' title="bbox 2128 865 3676 941">
    <p class='ocr_par' dir='ltr' id='par_1_62' title="bbox 2128 865 3676 941">
     <span class='ocr_line' id='line_1_62' title="bbox 2128 865 3676 941; baseline 0.001 -21"><span class='ocrx_word' id='word_1_439' title='bbox 2128 866 2254 922; x_wconf 81' lang='grc' dir='ltr'>τάδε</span> <span class='ocrx_word' id='word_1_440' title='bbox 2286 865 2446 922; x_wconf 79' lang='grc' dir='ltr'>εἶπεν</span> <span class='ocrx_word' id='word_1_441' title='bbox 2479 871 2537 923; x_wconf 81' lang='grc' dir='ltr'>ὲν</span> <span class='ocrx_word' id='word_1_442' title='bbox 2570 869 2649 941; x_wconf 81' lang='grc' dir='ltr'>τῷ</span> <span class='ocrx_word' id='word_1_443' title='bbox 2683 870 2894 925; x_wconf 76' lang='grc' dir='ltr'><strong>κλαίειν</strong></span> <span class='ocrx_word' id='word_1_444' title='bbox 2927 871 3092 925; x_wconf 84' lang='grc' dir='ltr'>αὐτόν</span> <span class='ocrx_word' id='word_1_445' title='bbox 3114 888 3127 902; x_wconf 89' lang='grc'><strong>·</strong></span> <span class='ocrx_word' id='word_1_446' title='bbox 3159 870 3360 924; x_wconf 85' lang='grc' dir='ltr'>Τέκνον</span> <span class='ocrx_word' id='word_1_447' title='bbox 3384 869 3514 941; x_wconf 74' lang='grc' dir='ltr'>ἐμὸν</span> <span class='ocrx_word' id='word_1_448' title='bbox 3552 871 3607 923; x_wconf 83' lang='grc' dir='ltr'>Ἀ</span> <span class='ocrx_word' id='word_1_449' title='bbox 3623 875 3676 922; x_wconf 72' lang='lat'>6;</span> 
     </span>
    </p>
   </div>
   <div class='ocr_carea' id='block_1_63' title="bbox 2133 961 3708 1036">
    <p class='ocr_par' dir='ltr' id='par_1_63' title="bbox 2133 961 3708 1036">
     <span class='ocr_line' id='line_1_63' title="bbox 2133 961 3708 1036; baseline 0.002 -22"><span class='ocrx_word' id='word_1_450' title='bbox 2133 961 2343 1034; x_wconf 73' lang='grc' dir='ltr'>σαλὼμο</span> <span class='ocrx_word' id='word_1_451' title='bbox 2362 961 2683 1035; x_wconf 81' lang='grc' dir='ltr'>Ἀὄεσαλὼμ</span> <span class='ocrx_word' id='word_1_452' title='bbox 2711 965 2900 1019; x_wconf 82' lang='grc' dir='ltr'>τέκνον</span> <span class='ocrx_word' id='word_1_453' title='bbox 2927 964 3188 1034; x_wconf 84' lang='grc' dir='ltr'>ὲμόν.Τίς</span> <span class='ocrx_word' id='word_1_454' title='bbox 3215 964 3288 1036; x_wconf 84' lang='grc' dir='ltr'>δῷ</span> <span class='ocrx_word' id='word_1_455' title='bbox 3319 966 3448 1036; x_wconf 74' lang='grc' dir='ltr'>ἡμῖν</span> <span class='ocrx_word' id='word_1_456' title='bbox 3480 964 3708 1019; x_wconf 67' lang='grc' dir='ltr'>θάνατον</span> 
     </span>
    </p>
   </div>
   <div class='ocr_carea' id='block_1_64' title="bbox 2131 1054 3125 1130">
    <p class='ocr_par' dir='ltr' id='par_1_64' title="bbox 2131 1054 3125 1130">
     <span class='ocr_line' id='line_1_64' title="bbox 2131 1054 3125 1130; baseline 0.005 -21"><span class='ocrx_word' id='word_1_457' title='bbox 2131 1054 2254 1110; x_wconf 67' lang='grc' dir='ltr'>ἀντὶ</span> <span class='ocrx_word' id='word_1_458' title='bbox 2288 1055 2404 1120; x_wconf 82' lang='grc' dir='ltr'>σοῦ,</span> <span class='ocrx_word' id='word_1_459' title='bbox 2457 1056 2784 1128; x_wconf 73' lang='grc' dir='ltr'>Ἀΰεσαλὼμ</span> <span class='ocrx_word' id='word_1_460' title='bbox 2815 1059 2898 1112; x_wconf 72' lang='grc' dir='ltr'><strong>υἱέ</strong></span> <span class='ocrx_word' id='word_1_461' title='bbox 2934 1077 3070 1130; x_wconf 78' lang='grc' dir='ltr'>μους</span> <span class='ocrx_word' id='word_1_462' title='bbox 3106 1078 3125 1114; x_wconf 71' lang='grc' dir='ltr'><strong>ι</strong></span> 
     </span>
    </p>
   </div>
   <div class='ocr_carea' id='block_1_65' title="bbox 2209 1149 3712 1225">
    <p class='ocr_par' dir='ltr' id='par_1_65' title="bbox 2209 1149 3712 1225">
     <span class='ocr_line' id='line_1_65' title="bbox 2209 1149 3712 1225; baseline 0.002 -23"><span class='ocrx_word' id='word_1_463' title='bbox 2209 1168 2227 1202; x_wconf 79' lang='grc' dir='ltr'><strong>ι</strong></span> <span class='ocrx_word' id='word_1_464' title='bbox 2263 1149 2554 1205; x_wconf 84' lang='grc' dir='ltr'>Παιδεύσω</span> <span class='ocrx_word' id='word_1_465' title='bbox 2598 1151 2798 1217; x_wconf 79' lang='grc' dir='ltr'>αὐτοὺς</span> <span class='ocrx_word' id='word_1_466' title='bbox 2845 1153 2969 1207; x_wconf 78' lang='grc' dir='ltr'>ἀντὶ</span> <span class='ocrx_word' id='word_1_467' title='bbox 3003 1151 3176 1225; x_wconf 82' lang='grc' dir='ltr'><strong>ἀκοῆς</strong></span> <span class='ocrx_word' id='word_1_468' title='bbox 3209 1151 3309 1224; x_wconf 79' lang='grc' dir='ltr'>τῆς</span> <span class='ocrx_word' id='word_1_469' title='bbox 3348 1151 3580 1223; x_wconf 75' lang='grc' dir='ltr'><strong>θλίψεως</strong></span> <span class='ocrx_word' id='word_1_470' title='bbox 3619 1151 3712 1204; x_wconf 78' lang='grc' dir='ltr'><strong>αὖ·</strong></span> 
     </span>
    </p>
   </div>
   <div class='ocr_carea' id='block_1_66' title="bbox 2078 1225 2321 1298">
    <p class='ocr_par' dir='ltr' id='par_1_66' title="bbox 2078 1225 2321 1298">
     <span class='ocr_line' id='line_1_66' title="bbox 2078 1225 2321 1298; baseline -0.004 -2"><span class='ocrx_word' id='word_1_471' title='bbox 2078 1225 2089 1238; x_wconf 65' lang='grc'><strong>’</strong></span> <span class='ocrx_word' id='word_1_472' title='bbox 2131 1241 2261 1298; x_wconf 84' lang='grc' dir='ltr'>τῶν.</span> <span class='ocrx_word' id='word_1_473' title='bbox 2303 1263 2321 1295; x_wconf 72' lang='grc' dir='ltr'><strong>ι</strong></span> 
     </span>
    </p>
   </div>
   <div class='ocr_carea' id='block_1_67' title="bbox 2211 1337 3711 1410">
    <p class='ocr_par' dir='ltr' id='par_1_67' title="bbox 2211 1337 3711 1410">
     <span class='ocr_line' id='line_1_67' title="bbox 2211 1337 3711 1410; baseline 0.001 -21"><span class='ocrx_word' id='word_1_474' title='bbox 2211 1355 2228 1389; x_wconf 74' lang='grc' dir='ltr'><strong>ι</strong></span> <span class='ocrx_word' id='word_1_475' title='bbox 2270 1337 2410 1390; x_wconf 73' lang='grc' dir='ltr'>Οὐαὶ</span> <span class='ocrx_word' id='word_1_476' title='bbox 2444 1338 2536 1391; x_wconf 76' lang='grc' dir='ltr'>ἐπὶ</span> <span class='ocrx_word' id='word_1_477' title='bbox 2561 1337 2686 1392; x_wconf 67' lang='grc' dir='ltr'>οὐαὶ</span> <span class='ocrx_word' id='word_1_478' title='bbox 2714 1338 2891 1404; x_wconf 77' lang='grc' dir='ltr'>ἔσται,</span> <span class='ocrx_word' id='word_1_479' title='bbox 2921 1339 3016 1392; x_wconf 81' lang='grc' dir='ltr'>καὶ</span> <span class='ocrx_word' id='word_1_480' title='bbox 3064 1339 3296 1410; x_wconf 81' lang='grc' dir='ltr'><strong>ἀγγελία</strong></span> <span class='ocrx_word' id='word_1_481' title='bbox 3325 1339 3416 1394; x_wconf 66' lang='grc' dir='ltr'>ἐπὶ</span> <span class='ocrx_word' id='word_1_482' title='bbox 3450 1338 3711 1408; x_wconf 79' lang='grc' dir='ltr'><strong>ἀγγελίαν</strong></span> 
     </span>
    </p>
   </div>
   <div class='ocr_carea' id='block_1_68' title="bbox 2133 1429 3710 1506">
    <p class='ocr_par' dir='ltr' id='par_1_68' title="bbox 2133 1429 3710 1506">
     <span class='ocr_line' id='line_1_68' title="bbox 2133 1429 3710 1506; baseline 0.002 -23"><span class='ocrx_word' id='word_1_483' title='bbox 2133 1429 2308 1486; x_wconf 74' lang='grc' dir='ltr'>ἔσται.</span> <span class='ocrx_word' id='word_1_484' title='bbox 2351 1431 2461 1485; x_wconf 74' lang='grc' dir='ltr'>Καὶ</span> <span class='ocrx_word' id='word_1_485' title='bbox 2505 1431 2878 1503; x_wconf 71' lang='grc' dir='ltr'><strong>ζητηθήσεται</strong></span> <span class='ocrx_word' id='word_1_486' title='bbox 2932 1433 3124 1506; x_wconf 85' lang='grc' dir='ltr'>ὅρασις</span> <span class='ocrx_word' id='word_1_487' title='bbox 3170 1435 3234 1489; x_wconf 73' lang='grc' dir='ltr'>ἐκ</span> <span class='ocrx_word' id='word_1_488' title='bbox 3278 1434 3580 1505; x_wconf 76' lang='grc' dir='ltr'><strong>προφήτου,</strong></span> <span class='ocrx_word' id='word_1_489' title='bbox 3616 1434 3710 1486; x_wconf 72' lang='grc' dir='ltr'><strong>καὶ</strong></span> 
     </span>
    </p>
   </div>
   <div class='ocr_carea' id='block_1_69' title="bbox 2133 1524 3712 1600">
    <p class='ocr_par' dir='ltr' id='par_1_69' title="bbox 2133 1524 3712 1600">
     <span class='ocr_line' id='line_1_69' title="bbox 2133 1524 3712 1600; baseline 0 -24"><span class='ocrx_word' id='word_1_490' title='bbox 2133 1525 2296 1596; x_wconf 81' lang='grc' dir='ltr'>νόμος</span> <span class='ocrx_word' id='word_1_491' title='bbox 2326 1525 2614 1579; x_wconf 82' lang='grc' dir='ltr'>ἀπολεῖται</span> <span class='ocrx_word' id='word_1_492' title='bbox 2644 1524 2705 1592; x_wconf 79' lang='grc' dir='ltr'>ἐξ</span> <span class='ocrx_word' id='word_1_493' title='bbox 2743 1526 2954 1598; x_wconf 71' lang='grc' dir='ltr'>ἱερέως,</span> <span class='ocrx_word' id='word_1_494' title='bbox 2988 1527 3084 1581; x_wconf 73' lang='grc' dir='ltr'>καὶ</span> <span class='ocrx_word' id='word_1_495' title='bbox 3120 1525 3284 1597; x_wconf 79' lang='grc' dir='ltr'>βουλὴ</span> <span class='ocrx_word' id='word_1_496' title='bbox 3317 1528 3379 1579; x_wconf 78' lang='grc' dir='ltr'>ὲκ</span> <span class='ocrx_word' id='word_1_497' title='bbox 3414 1524 3712 1600; x_wconf 70' lang='grc' dir='ltr'>πρεσϐυτέο</span> 
     </span>
    </p>
   </div>
   <div class='ocr_carea' id='block_1_70' title="bbox 2136 1618 3709 1692">
    <p class='ocr_par' dir='ltr' id='par_1_70' title="bbox 2136 1618 3709 1692">
     <span class='ocr_line' id='line_1_70' title="bbox 2136 1618 3709 1692; baseline 0.001 -20"><span class='ocrx_word' id='word_1_498' title='bbox 2136 1636 2267 1691; x_wconf 86' lang='grc' dir='ltr'>ρων.</span> <span class='ocrx_word' id='word_1_499' title='bbox 2292 1618 2402 1672; x_wconf 76' lang='grc' dir='ltr'>Καὶ</span> <span class='ocrx_word' id='word_1_500' title='bbox 2440 1622 2467 1674; x_wconf 86' lang='grc' dir='ltr'>ὁ</span> <span class='ocrx_word' id='word_1_501' title='bbox 2491 1619 2684 1691; x_wconf 80' lang='grc' dir='ltr'>ἄρχων</span> <span class='ocrx_word' id='word_1_502' title='bbox 2709 1621 2994 1676; x_wconf 75' lang='grc' dir='ltr'><strong>ἐνδύσεται</strong></span> <span class='ocrx_word' id='word_1_503' title='bbox 3025 1620 3354 1692; x_wconf 70' lang='grc' dir='ltr'>ἀφανισμὸν,</span> <span class='ocrx_word' id='word_1_504' title='bbox 3385 1622 3478 1674; x_wconf 74' lang='grc' dir='ltr'>καὶ</span> <span class='ocrx_word' id='word_1_505' title='bbox 3506 1622 3562 1675; x_wconf 79' lang='grc' dir='ltr'>αἱ</span> <span class='ocrx_word' id='word_1_506' title='bbox 3595 1621 3709 1690; x_wconf 82' lang='grc' dir='ltr'><strong>χεῖ-</strong></span> 
     </span>
    </p>
   </div>
   <div class='ocr_carea' id='block_1_71' title="bbox 2138 1712 3487 1786">
    <p class='ocr_par' dir='ltr' id='par_1_71' title="bbox 2138 1712 3487 1786">
     <span class='ocr_line' id='line_1_71' title="bbox 2138 1712 3487 1786; baseline -0.001 -20"><span class='ocrx_word' id='word_1_507' title='bbox 2138 1730 2230 1784; x_wconf 89' lang='grc' dir='ltr'><strong>ρες</strong></span> <span class='ocrx_word' id='word_1_508' title='bbox 2253 1713 2351 1769; x_wconf 77' lang='grc' dir='ltr'><strong>τοῦ</strong></span> <span class='ocrx_word' id='word_1_509' title='bbox 2377 1713 2511 1768; x_wconf 81' lang='grc' dir='ltr'>λαοῦ</span> <span class='ocrx_word' id='word_1_510' title='bbox 2542 1731 2646 1786; x_wconf 85' lang='grc' dir='ltr'><strong>μου</strong></span> <span class='ocrx_word' id='word_1_511' title='bbox 2678 1715 2774 1786; x_wconf 79' lang='grc' dir='ltr'><strong>τῆς</strong></span> <span class='ocrx_word' id='word_1_512' title='bbox 2801 1714 2904 1785; x_wconf 80' lang='grc' dir='ltr'>γῆς</span> <span class='ocrx_word' id='word_1_513' title='bbox 2932 1712 3429 1784; x_wconf 78' lang='grc' dir='ltr'>παραλυθήσονται.</span> <span class='ocrx_word' id='word_1_514' title='bbox 3469 1732 3487 1764; x_wconf 77' lang='grc' dir='ltr'>ι</span> 
     </span>
    </p>
   </div>
   <div class='ocr_carea' id='block_1_72' title="bbox 2134 1821 3710 1896">
    <p class='ocr_par' dir='ltr' id='par_1_72' title="bbox 2134 1821 3710 1896">
     <span class='ocr_line' id='line_1_72' title="bbox 2134 1821 3710 1896; baseline -0.003 -15"><span class='ocrx_word' id='word_1_515' title='bbox 2134 1825 2318 1885; x_wconf 77' lang='grc' dir='ltr'><strong>ΤΙΤᾹ.</strong></span> <span class='ocrx_word' id='word_1_516' title='bbox 2354 1826 2480 1882; x_wconf 85' lang='grc' dir='ltr'><strong>ΛΕ’.</strong></span> <span class='ocrx_word' id='word_1_517' title='bbox 2511 1857 2580 1868; x_wconf 91' lang='lat'><strong>——</strong></span> <span class='ocrx_word' id='word_1_518' title='bbox 2605 1826 2742 1895; x_wconf 79' lang='grc' dir='ltr'><strong>Περὶ</strong></span> <span class='ocrx_word' id='word_1_519' title='bbox 2771 1826 3131 1896; x_wconf 47' lang='grc' dir='ltr'>ἀσπασμοῦ</span> <span class='ocrx_word' id='word_1_520' title='bbox 3167 1825 3255 1880; x_wconf 80' lang='grc' dir='ltr'><strong>ὅτι</strong></span> <span class='ocrx_word' id='word_1_521' title='bbox 3286 1824 3354 1879; x_wconf 79' lang='grc' dir='ltr'>τὸ</span> <span class='ocrx_word' id='word_1_522' title='bbox 3380 1821 3710 1895; x_wconf 70' lang='grc' dir='ltr'>μετριάζειν</span> 
     </span>
    </p>
   </div>
   <div class='ocr_carea' id='block_1_73' title="bbox 2633 1897 3216 1968">
    <p class='ocr_par' dir='ltr' id='par_1_73' title="bbox 2633 1897 3216 1968">
     <span class='ocr_line' id='line_1_73' title="bbox 2633 1897 3216 1968; baseline 0 -16"><span class='ocrx_word' id='word_1_523' title='bbox 2633 1899 2879 1954; x_wconf 63' lang='grc' dir='ltr'><strong>εὔνοιαν</strong></span> <span class='ocrx_word' id='word_1_524' title='bbox 2916 1897 3216 1968; x_wconf 78' lang='grc' dir='ltr'>προξενεῖ.</span> 
     </span>
    </p>
   </div>
   <div class='ocr_carea' id='block_1_74' title="bbox 2214 1986 3710 2064">
    <p class='ocr_par' dir='ltr' id='par_1_74' title="bbox 2214 1986 3710 2064">
     <span class='ocr_line' id='line_1_74' title="bbox 2214 1986 3710 2064; baseline -0.002 -20"><span class='ocrx_word' id='word_1_525' title='bbox 2214 2012 2233 2044; x_wconf 77' lang='grc' dir='ltr'><strong>ι</strong></span> <span class='ocrx_word' id='word_1_526' title='bbox 2280 1991 2528 2062; x_wconf 78' lang='grc' dir='ltr'>Ἐγένετο</span> <span class='ocrx_word' id='word_1_527' title='bbox 2557 1993 2615 2046; x_wconf 75' lang='grc' dir='ltr'>ἐν</span> <span class='ocrx_word' id='word_1_528' title='bbox 2649 1991 2726 2063; x_wconf 82' lang='grc' dir='ltr'>τῷ</span> <span class='ocrx_word' id='word_1_529' title='bbox 2754 1990 2993 2061; x_wconf 76' lang='grc' dir='ltr'><strong>ἐγγίζειν</strong></span> <span class='ocrx_word' id='word_1_530' title='bbox 3018 1991 3186 2064; x_wconf 80' lang='grc' dir='ltr'>ἄνδρα</span> <span class='ocrx_word' id='word_1_531' title='bbox 3216 1990 3352 2064; x_wconf 69' lang='grc' dir='ltr'>πρὸς</span> <span class='ocrx_word' id='word_1_532' title='bbox 3388 1986 3710 2060; x_wconf 70' lang='grc' dir='ltr'>Ἀϐεσαλὼμ</span> 
     </span>
    </p>
   </div>
   <div class='ocr_carea' id='block_1_75' title="bbox 2131 2082 3708 2157">
    <p class='ocr_par' dir='ltr' id='par_1_75' title="bbox 2131 2082 3708 2157">
     <span class='ocr_line' id='line_1_75' title="bbox 2131 2082 3708 2157; baseline -0.004 -18"><span class='ocrx_word' id='word_1_533' title='bbox 2131 2085 2226 2140; x_wconf 81' lang='grc' dir='ltr'>τοῦ</span> <span class='ocrx_word' id='word_1_534' title='bbox 2261 2085 2641 2157; x_wconf 81' lang='grc' dir='ltr'>προσκυνῆσαι</span> <span class='ocrx_word' id='word_1_535' title='bbox 2674 2084 2846 2156; x_wconf 80' lang='grc' dir='ltr'>αὐτῷ,</span> <span class='ocrx_word' id='word_1_536' title='bbox 2875 2086 2972 2139; x_wconf 77' lang='grc' dir='ltr'><strong>καὶ</strong></span> <span class='ocrx_word' id='word_1_537' title='bbox 3002 2085 3233 2150; x_wconf 70' lang='grc' dir='ltr'>ἐξέτεινε</span> <span class='ocrx_word' id='word_1_538' title='bbox 3269 2083 3370 2156; x_wconf 82' lang='grc' dir='ltr'>τὴν</span> <span class='ocrx_word' id='word_1_539' title='bbox 3409 2084 3565 2153; x_wconf 83' lang='grc' dir='ltr'>χεῖρα</span> <span class='ocrx_word' id='word_1_540' title='bbox 3605 2082 3708 2134; x_wconf 76' lang='grc' dir='ltr'><strong>αὖ·</strong></span> 
     </span>
    </p>
   </div>
   <div class='ocr_carea' id='block_1_76' title="bbox 2132 2174 3709 2249">
    <p class='ocr_par' dir='ltr' id='par_1_76' title="bbox 2132 2174 3709 2249">
     <span class='ocr_line' id='line_1_76' title="bbox 2132 2174 3709 2249; baseline -0.004 -17"><span class='ocrx_word' id='word_1_541' title='bbox 2132 2179 2250 2246; x_wconf 83' lang='grc' dir='ltr'>τοῦ,</span> <span class='ocrx_word' id='word_1_542' title='bbox 2281 2181 2377 2233; x_wconf 71' lang='grc' dir='ltr'><strong>καὶ</strong></span> <span class='ocrx_word' id='word_1_543' title='bbox 2407 2178 2689 2249; x_wconf 71' lang='grc' dir='ltr'><strong>κατεφίλει</strong></span> <span class='ocrx_word' id='word_1_544' title='bbox 2715 2179 2896 2234; x_wconf 84' lang='grc' dir='ltr'>αὐτόν.</span> <span class='ocrx_word' id='word_1_545' title='bbox 2940 2179 3049 2235; x_wconf 67' lang='grc' dir='ltr'><strong>Καὶ</strong></span> <span class='ocrx_word' id='word_1_546' title='bbox 3093 2178 3347 2248; x_wconf 75' lang='grc' dir='ltr'>ἐποίησεν</span> <span class='ocrx_word' id='word_1_547' title='bbox 3389 2174 3709 2244; x_wconf 77' lang='grc' dir='ltr'>Ἀϐεσαλὼμ</span> 
     </span>
    </p>
   </div>
   <div class='ocr_carea' id='block_1_77' title="bbox 2131 2273 3714 2345">
    <p class='ocr_par' dir='ltr' id='par_1_77' title="bbox 2131 2273 3714 2345">
     <span class='ocr_line' id='line_1_77' title="bbox 2131 2273 3714 2345; baseline -0.001 -18"><span class='ocrx_word' id='word_1_548' title='bbox 2131 2273 2276 2328; x_wconf 81' lang='grc' dir='ltr'>κατὰ</span> <span class='ocrx_word' id='word_1_549' title='bbox 2309 2274 2370 2327; x_wconf 83' lang='grc' dir='ltr'><strong>τὸ</strong></span> <span class='ocrx_word' id='word_1_550' title='bbox 2399 2273 2554 2345; x_wconf 78' lang='grc' dir='ltr'>ῥῆμα</span> <span class='ocrx_word' id='word_1_551' title='bbox 2587 2273 2747 2328; x_wconf 82' lang='grc' dir='ltr'>τοῦτο</span> <span class='ocrx_word' id='word_1_552' title='bbox 2777 2273 2940 2329; x_wconf 75' lang='grc' dir='ltr'>παντὶ</span> <span class='ocrx_word' id='word_1_553' title='bbox 2985 2273 3230 2344; x_wconf 73' lang='grc' dir='ltr'>Ἰσραὴλ,</span> <span class='ocrx_word' id='word_1_554' title='bbox 3258 2273 3373 2336; x_wconf 84' lang='grc' dir='ltr'>τοῖς</span> <span class='ocrx_word' id='word_1_555' title='bbox 3402 2286 3714 2341; x_wconf 68' lang='grc' dir='ltr'>παραγίνου</span> 
     </span>
    </p>
   </div>
   <div class='ocr_carea' id='block_1_78' title="bbox 2136 2365 3713 2442">
    <p class='ocr_par' dir='ltr' id='par_1_78' title="bbox 2136 2365 3713 2442">
     <span class='ocr_line' id='line_1_78' title="bbox 2136 2365 3713 2442; baseline -0.003 -21"><span class='ocrx_word' id='word_1_556' title='bbox 2136 2366 2319 2438; x_wconf 84' lang='grc' dir='ltr'><strong>μένοις</strong></span> <span class='ocrx_word' id='word_1_557' title='bbox 2351 2370 2431 2432; x_wconf 84' lang='grc' dir='ltr'><strong>είς</strong></span> <span class='ocrx_word' id='word_1_558' title='bbox 2462 2368 2646 2440; x_wconf 79' lang='grc' dir='ltr'>κρίσιν</span> <span class='ocrx_word' id='word_1_559' title='bbox 2679 2369 2819 2442; x_wconf 71' lang='grc' dir='ltr'>πρὸς</span> <span class='ocrx_word' id='word_1_560' title='bbox 2861 2369 2953 2423; x_wconf 81' lang='grc' dir='ltr'><strong>τὸν</strong></span> <span class='ocrx_word' id='word_1_561' title='bbox 2990 2368 3246 2439; x_wconf 78' lang='grc' dir='ltr'>βασιλέα’</span> <span class='ocrx_word' id='word_1_562' title='bbox 3283 2366 3377 2422; x_wconf 78' lang='grc' dir='ltr'>καὶ</span> <span class='ocrx_word' id='word_1_563' title='bbox 3403 2365 3713 2421; x_wconf 80' lang='grc' dir='ltr'>ίδιοποιεῖτο</span> 
     </span>
    </p>
   </div>
   <div class='ocr_carea' id='block_1_79' title="bbox 2145 2457 3704 2534">
    <p class='ocr_par' dir='ltr' id='par_1_79' title="bbox 2145 2457 3704 2534">
     <span class='ocr_line' id='line_1_79' title="bbox 2145 2457 3704 2534; baseline -0.002 -21"><span class='ocrx_word' id='word_1_564' title='bbox 2145 2457 2470 2532; x_wconf 79' lang='grc' dir='ltr'>’Δὸεσαλὼμ</span> <span class='ocrx_word' id='word_1_565' title='bbox 2524 2458 2623 2526; x_wconf 68' lang='grc' dir='ltr'>τὰς</span> <span class='ocrx_word' id='word_1_566' title='bbox 2669 2460 2901 2534; x_wconf 78' lang='grc' dir='ltr'>καρδίας</span> <span class='ocrx_word' id='word_1_567' title='bbox 2944 2459 3164 2514; x_wconf 81' lang='grc' dir='ltr'>πάντων</span> <span class='ocrx_word' id='word_1_568' title='bbox 3209 2457 3320 2513; x_wconf 86' lang='grc' dir='ltr'><strong>τῶν</strong></span> <span class='ocrx_word' id='word_1_569' title='bbox 3351 2457 3564 2530; x_wconf 79' lang='grc' dir='ltr'>ἀνδρῶν</span> <span class='ocrx_word' id='word_1_570' title='bbox 3605 2457 3704 2511; x_wconf 76' lang='grc' dir='ltr'><strong>ἰσ-</strong></span> 
     </span>
    </p>
   </div>
   <div class='ocr_carea' id='block_1_80' title="bbox 2135 2552 2348 2626">
    <p class='ocr_par' dir='ltr' id='par_1_80' title="bbox 2135 2552 2348 2626">
     <span class='ocr_line' id='line_1_80' title="bbox 2135 2552 2348 2626; baseline -0.014 -18"><span class='ocrx_word' id='word_1_571' title='bbox 2135 2552 2348 2626; x_wconf 77' lang='grc' dir='ltr'>ραὴλ.»</span> 
     </span>
    </p>
   </div>
   <div class='ocr_carea' id='block_1_81' title="bbox 2211 2644 3706 2718">
    <p class='ocr_par' dir='ltr' id='par_1_81' title="bbox 2211 2644 3706 2718">
     <span class='ocr_line' id='line_1_81' title="bbox 2211 2644 3706 2718; baseline 0.001 -22"><span class='ocrx_word' id='word_1_572' title='bbox 2211 2662 2230 2696; x_wconf 79' lang='grc' dir='ltr'>ι</span> <span class='ocrx_word' id='word_1_573' title='bbox 2265 2644 2652 2717; x_wconf 73' lang='grc' dir='ltr'>Εἰσερχόμενοι</span> <span class='ocrx_word' id='word_1_574' title='bbox 2684 2647 2765 2710; x_wconf 86' lang='grc' dir='ltr'><strong>είς</strong></span> <span class='ocrx_word' id='word_1_575' title='bbox 2801 2645 2899 2718; x_wconf 82' lang='grc' dir='ltr'>τὴν</span> <span class='ocrx_word' id='word_1_576' title='bbox 2930 2645 3129 2710; x_wconf 77' lang='grc' dir='ltr'>οἰκίαν,</span> <span class='ocrx_word' id='word_1_577' title='bbox 3158 2645 3479 2700; x_wconf 78' lang='grc' dir='ltr'><strong>ἀσπάσασθε</strong></span> <span class='ocrx_word' id='word_1_578' title='bbox 3513 2645 3706 2714; x_wconf 76' lang='grc' dir='ltr'>αὑτήν.</span> 
     </span>
    </p>
   </div>
   <div class='ocr_carea' id='block_1_82' title="bbox 2134 2733 3708 2808">
    <p class='ocr_par' dir='ltr' id='par_1_82' title="bbox 2134 2733 3708 2808">
     <span class='ocr_line' id='line_1_82' title="bbox 2134 2733 3708 2808; baseline 0.001 -19"><span class='ocrx_word' id='word_1_579' title='bbox 2134 2735 2246 2789; x_wconf 66' lang='grc' dir='ltr'><strong>Καὶ</strong></span> <span class='ocrx_word' id='word_1_580' title='bbox 2271 2738 2368 2791; x_wconf 81' lang='grc' dir='ltr'>ἐὰν</span> <span class='ocrx_word' id='word_1_581' title='bbox 2410 2737 2512 2808; x_wconf 86' lang='grc' dir='ltr'>μὲν</span> <span class='ocrx_word' id='word_1_582' title='bbox 2571 2734 2656 2808; x_wconf 80' lang='grc' dir='ltr'><strong>εἴη</strong></span> <span class='ocrx_word' id='word_1_583' title='bbox 2717 2739 2751 2807; x_wconf 75' lang='grc' dir='ltr'><strong>ἡ</strong></span> <span class='ocrx_word' id='word_1_584' title='bbox 2794 2737 2943 2791; x_wconf 76' lang='grc' dir='ltr'>οἰκία</span> <span class='ocrx_word' id='word_1_585' title='bbox 2977 2737 3128 2801; x_wconf 79' lang='grc' dir='ltr'>ἀξία,</span> <span class='ocrx_word' id='word_1_586' title='bbox 3189 2733 3392 2790; x_wconf 78' lang='grc' dir='ltr'><strong>ἐλθέτω</strong></span> <span class='ocrx_word' id='word_1_587' title='bbox 3437 2737 3471 2807; x_wconf 80' lang='grc' dir='ltr'><strong>ἡ</strong></span> <span class='ocrx_word' id='word_1_588' title='bbox 3517 2736 3708 2806; x_wconf 74' lang='grc' dir='ltr'>εἰρήνη</span> 
     </span>
    </p>
   </div>
   <div class='ocr_carea' id='block_1_83' title="bbox 2135 2827 3710 2903">
    <p class='ocr_par' dir='ltr' id='par_1_83' title="bbox 2135 2827 3710 2903">
     <span class='ocr_line' id='line_1_83' title="bbox 2135 2827 3710 2903; baseline -0.001 -22"><span class='ocrx_word' id='word_1_589' title='bbox 2135 2827 2291 2899; x_wconf 80' lang='grc' dir='ltr'>ὑμῶν</span> <span class='ocrx_word' id='word_1_590' title='bbox 2321 2829 2407 2884; x_wconf 82' lang='grc' dir='ltr'>ἐπ’</span> <span class='ocrx_word' id='word_1_591' title='bbox 2432 2831 2625 2903; x_wconf 81' lang='grc' dir='ltr'>αὐτήν.</span> <span class='ocrx_word' id='word_1_592' title='bbox 2664 2831 2790 2884; x_wconf 85' lang='grc' dir='ltr'><strong>Ἐὰν</strong></span> <span class='ocrx_word' id='word_1_593' title='bbox 2815 2830 2872 2884; x_wconf 78' lang='grc' dir='ltr'>δὲ</span> <span class='ocrx_word' id='word_1_594' title='bbox 2907 2829 2983 2902; x_wconf 81' lang='grc' dir='ltr'>μὴ</span> <span class='ocrx_word' id='word_1_595' title='bbox 3008 2831 3092 2902; x_wconf 78' lang='grc' dir='ltr'><strong>εἴη</strong></span> <span class='ocrx_word' id='word_1_596' title='bbox 3117 2829 3261 2896; x_wconf 80' lang='grc' dir='ltr'>ἀξία,</span> <span class='ocrx_word' id='word_1_597' title='bbox 3285 2832 3318 2901; x_wconf 79' lang='grc' dir='ltr'><strong>ἡ</strong></span> <span class='ocrx_word' id='word_1_598' title='bbox 3347 2829 3710 2901; x_wconf 52' lang='lat' dir='ltr'><strong>simitu-1:96.;</strong></span> 
     </span>
    </p>
   </div>
   <div class='ocr_carea' id='block_1_84' title="bbox 2136 2921 2855 2996">
    <p class='ocr_par' dir='ltr' id='par_1_84' title="bbox 2136 2921 2855 2996">
     <span class='ocr_line' id='line_1_84' title="bbox 2136 2921 2855 2996; baseline 0.003 -22"><span class='ocrx_word' id='word_1_599' title='bbox 2136 2921 2284 2992; x_wconf 82' lang='grc' dir='ltr'>ὑμᾶς</span> <span class='ocrx_word' id='word_1_600' title='bbox 2304 2924 2800 2996; x_wconf 76' lang='grc' dir='ltr'>ἐπιστραφήσεται.</span> <span class='ocrx_word' id='word_1_601' title='bbox 2836 2943 2855 2976; x_wconf 71' lang='grc' dir='ltr'><strong>ι</strong></span> 
     </span>
    </p>
   </div>
   <div class='ocr_carea' id='block_1_85' title="bbox 2205 3011 3711 3091">
    <p class='ocr_par' dir='ltr' id='par_1_85' title="bbox 2205 3011 3711 3091">
     <span class='ocr_line' id='line_1_85' title="bbox 2205 3011 3711 3091; baseline -0.001 -21"><span class='ocrx_word' id='word_1_602' title='bbox 2205 3017 2636 3091; x_wconf 74' lang='grc' dir='ltr'>Εὐπροσήγορον</span> <span class='ocrx_word' id='word_1_603' title='bbox 2672 3018 2730 3072; x_wconf 81' lang='grc' dir='ltr'>ὲν</span> <span class='ocrx_word' id='word_1_604' title='bbox 2760 3019 2879 3083; x_wconf 83' lang='grc' dir='ltr'>ταῖς</span> <span class='ocrx_word' id='word_1_605' title='bbox 2913 3017 3240 3084; x_wconf 76' lang='grc' dir='ltr'>ὲντεύξεσιν,</span> <span class='ocrx_word' id='word_1_606' title='bbox 3267 3016 3474 3087; x_wconf 81' lang='grc' dir='ltr'>γλυκὺν</span> <span class='ocrx_word' id='word_1_607' title='bbox 3502 3011 3563 3069; x_wconf 61' lang='grc' dir='ltr'>ιν</span> <span class='ocrx_word' id='word_1_608' title='bbox 3595 3019 3711 3079; x_wconf 80' lang='grc' dir='ltr'>ταῖς</span> 
     </span>
    </p>
   </div>
   <div class='ocr_carea' id='block_1_86' title="bbox 2135 3108 3712 3183">
    <p class='ocr_par' dir='ltr' id='par_1_86' title="bbox 2135 3108 3712 3183">
     <span class='ocr_line' id='line_1_86' title="bbox 2135 3108 3712 3183; baseline -0.001 -22"><span class='ocrx_word' id='word_1_609' title='bbox 2135 3108 2399 3181; x_wconf 81' lang='grc' dir='ltr'>ὁμιλίαις.</span> <span class='ocrx_word' id='word_1_610' title='bbox 2437 3111 2530 3182; x_wconf 83' lang='grc' dir='ltr'><strong>Μὴ</strong></span> <span class='ocrx_word' id='word_1_611' title='bbox 2561 3111 2872 3183; x_wconf 80' lang='grc' dir='ltr'>νομίζωμεν</span> <span class='ocrx_word' id='word_1_612' title='bbox 2915 3111 3072 3183; x_wconf 73' lang='grc' dir='ltr'>ψιλὸν</span> <span class='ocrx_word' id='word_1_613' title='bbox 3107 3108 3245 3166; x_wconf 82' lang='grc' dir='ltr'>εἶναι</span> <span class='ocrx_word' id='word_1_614' title='bbox 3276 3112 3369 3165; x_wconf 69' lang='grc' dir='ltr'><strong>καὶ</strong></span> <span class='ocrx_word' id='word_1_615' title='bbox 3396 3109 3616 3172; x_wconf 80' lang='grc' dir='ltr'>εὐτελὲς</span> <span class='ocrx_word' id='word_1_616' title='bbox 3651 3109 3712 3161; x_wconf 70' lang='grc' dir='ltr'><strong>τδ</strong></span> 
     </span>
    </p>
   </div>
   <div class='ocr_carea' id='block_1_87' title="bbox 2135 3201 3712 3279">
    <p class='ocr_par' dir='ltr' id='par_1_87' title="bbox 2135 3201 3712 3279">
     <span class='ocr_line' id='line_1_87' title="bbox 2135 3201 3712 3279; baseline -0.001 -24"><span class='ocrx_word' id='word_1_617' title='bbox 2135 3202 2469 3275; x_wconf 86' lang='grc' dir='ltr'>κατόρθωμα</span> <span class='ocrx_word' id='word_1_618' title='bbox 2499 3204 2676 3271; x_wconf 77' lang='grc' dir='ltr'>τοῦτο,</span> <span class='ocrx_word' id='word_1_619' title='bbox 2717 3204 2964 3275; x_wconf 84' lang='grc' dir='ltr'>γίνεσθαι</span> <span class='ocrx_word' id='word_1_620' title='bbox 2996 3205 3402 3279; x_wconf 77' lang='grc' dir='ltr'>εὐπροσήγορον</span> <span class='ocrx_word' id='word_1_621' title='bbox 3437 3205 3532 3258; x_wconf 70' lang='grc' dir='ltr'><strong>καὶ</strong></span> <span class='ocrx_word' id='word_1_622' title='bbox 3560 3201 3712 3274; x_wconf 80' lang='grc' dir='ltr'>φιλο-</span> 
     </span>
    </p>
   </div>
   <div class='ocr_carea' id='block_1_88' title="bbox 2136 3297 2505 3370">
    <p class='ocr_par' dir='ltr' id='par_1_88' title="bbox 2136 3297 2505 3370">
     <span class='ocr_line' id='line_1_88' title="bbox 2136 3297 2505 3370; baseline 0.014 -21"><span class='ocrx_word' id='word_1_623' title='bbox 2136 3297 2505 3370; x_wconf 80' lang='grc' dir='ltr'>προσήγορον.</span> 
     </span>
    </p>
   </div>
   <div class='ocr_carea' id='block_1_89' title="bbox 2137 3440 3709 3513">
    <p class='ocr_par' dir='ltr' id='par_1_89' title="bbox 2137 3440 3709 3513">
     <span class='ocr_line' id='line_1_89' title="bbox 2137 3440 3709 3513; baseline 0.004 -20"><span class='ocrx_word' id='word_1_624' title='bbox 2137 3440 2323 3496; x_wconf 79' lang='grc' dir='ltr'><strong>ἸΊΤΛ.</strong></span> <span class='ocrx_word' id='word_1_625' title='bbox 2367 3441 2507 3511; x_wconf 66' lang='grc' dir='ltr'><strong>ΑΕΓ.</strong></span> <span class='ocrx_word' id='word_1_626' title='bbox 2538 3474 2606 3483; x_wconf 95' lang='lat'><strong><em>—</em></strong></span> <span class='ocrx_word' id='word_1_627' title='bbox 2641 3443 2778 3511; x_wconf 77' lang='grc' dir='ltr'><strong>Περὶ</strong></span> <span class='ocrx_word' id='word_1_628' title='bbox 2810 3444 3270 3513; x_wconf 76' lang='grc' dir='ltr'>ἀπαντημάτων,</span> <span class='ocrx_word' id='word_1_629' title='bbox 3301 3444 3402 3500; x_wconf 78' lang='grc' dir='ltr'><strong>καί</strong></span> <span class='ocrx_word' id='word_1_630' title='bbox 3446 3444 3567 3499; x_wconf 72' lang='grc' dir='ltr'><strong>τῶν</strong></span> <span class='ocrx_word' id='word_1_631' title='bbox 3594 3445 3709 3500; x_wconf 73' lang='grc' dir='ltr'><strong>ἀπὸ</strong></span> 
     </span>
    </p>
   </div>
   <div class='ocr_carea' id='block_1_90' title="bbox 2438 3513 3397 3587">
    <p class='ocr_par' dir='ltr' id='par_1_90' title="bbox 2438 3513 3397 3587">
     <span class='ocr_line' id='line_1_90' title="bbox 2438 3513 3397 3587; baseline 0.003 -20"><span class='ocrx_word' id='word_1_632' title='bbox 2438 3513 2642 3569; x_wconf 79' lang='grc' dir='ltr'>κακῶν</span> <span class='ocrx_word' id='word_1_633' title='bbox 2671 3519 2757 3582; x_wconf 87' lang='grc' dir='ltr'><strong>εἱς</strong></span> <span class='ocrx_word' id='word_1_634' title='bbox 2785 3517 2943 3572; x_wconf 82' lang='grc' dir='ltr'>κακὰ</span> <span class='ocrx_word' id='word_1_635' title='bbox 2965 3516 3397 3587; x_wconf 72' lang='grc' dir='ltr'><strong>ἐμπιπτόντων.</strong></span> 
     </span>
    </p>
   </div>
   <div class='ocr_carea' id='block_1_91' title="bbox 2214 3627 3709 3702">
    <p class='ocr_par' dir='ltr' id='par_1_91' title="bbox 2214 3627 3709 3702">
     <span class='ocr_line' id='line_1_91' title="bbox 2214 3627 3709 3702; baseline 0.003 -22"><span class='ocrx_word' id='word_1_636' title='bbox 2214 3645 2232 3679; x_wconf 80' lang='grc' dir='ltr'>ι</span> <span class='ocrx_word' id='word_1_637' title='bbox 2266 3627 2634 3700; x_wconf 80' lang='grc' dir='ltr'>Πορεὺσονται</span> <span class='ocrx_word' id='word_1_638' title='bbox 2684 3630 2766 3694; x_wconf 85' lang='grc' dir='ltr'><strong>είς</strong></span> <span class='ocrx_word' id='word_1_639' title='bbox 2829 3628 3212 3702; x_wconf 82' lang='grc' dir='ltr'>ταλαιπωρίας</span> <span class='ocrx_word' id='word_1_640' title='bbox 3256 3630 3559 3700; x_wconf 78' lang='grc' dir='ltr'>Αἰγύπτου,</span> <span class='ocrx_word' id='word_1_641' title='bbox 3617 3631 3709 3685; x_wconf 74' lang='grc' dir='ltr'><strong>καὶ</strong></span> 
     </span>
    </p>
   </div>
   <div class='ocr_carea' id='block_1_92' title="bbox 2137 3718 3710 3793">
    <p class='ocr_par' dir='ltr' id='par_1_92' title="bbox 2137 3718 3710 3793">
     <span class='ocr_line' id='line_1_92' title="bbox 2137 3718 3710 3793; baseline 0.002 -20"><span class='ocrx_word' id='word_1_642' title='bbox 2137 3718 2418 3787; x_wconf 68' lang='grc' dir='ltr'>ικδέξεται</span> <span class='ocrx_word' id='word_1_643' title='bbox 2465 3721 2663 3786; x_wconf 75' lang='grc' dir='ltr'>αὐτοὺς</span> <span class='ocrx_word' id='word_1_644' title='bbox 2715 3721 2969 3792; x_wconf 79' lang='grc' dir='ltr'><strong>Μέμφις,</strong></span> <span class='ocrx_word' id='word_1_645' title='bbox 3020 3721 3113 3776; x_wconf 69' lang='grc' dir='ltr'><strong>καὶ</strong></span> <span class='ocrx_word' id='word_1_646' title='bbox 3161 3721 3322 3793; x_wconf 74' lang='grc' dir='ltr'><strong>θάψει</strong></span> <span class='ocrx_word' id='word_1_647' title='bbox 3363 3722 3563 3788; x_wconf 73' lang='grc' dir='ltr'>αὐτοὺς</span> <span class='ocrx_word' id='word_1_648' title='bbox 3603 3721 3710 3777; x_wconf 73' lang='grc' dir='ltr'><strong>Μα-</strong></span> 
     </span>
    </p>
   </div>
   <div class='ocr_carea' id='block_1_93' title="bbox 2137 3812 2358 3882">
    <p class='ocr_par' dir='ltr' id='par_1_93' title="bbox 2137 3812 2358 3882">
     <span class='ocr_line' id='line_1_93' title="bbox 2137 3812 2358 3882; baseline -0.027 1"><span class='ocrx_word' id='word_1_649' title='bbox 2137 3812 2303 3882; x_wconf 76' lang='grc' dir='ltr'>κμάς.</span> <span class='ocrx_word' id='word_1_650' title='bbox 2338 3831 2358 3864; x_wconf 74' lang='grc' dir='ltr'>ι</span> 
     </span>
    </p>
   </div>
   <div class='ocr_carea' id='block_1_94' title="bbox 2218 3907 3708 3984">
    <p class='ocr_par' dir='ltr' id='par_1_94' title="bbox 2218 3907 3708 3984">
     <span class='ocr_line' id='line_1_94' title="bbox 2218 3907 3708 3984; baseline 0.003 -24"><span class='ocrx_word' id='word_1_651' title='bbox 2218 3925 2237 3960; x_wconf 73' lang='grc' dir='ltr'>ι</span> <span class='ocrx_word' id='word_1_652' title='bbox 2275 3909 2372 3962; x_wconf 85' lang='grc' dir='ltr'>Ὃν</span> <span class='ocrx_word' id='word_1_653' title='bbox 2396 3909 2599 3979; x_wconf 80' lang='grc' dir='ltr'>τρόπον</span> <span class='ocrx_word' id='word_1_654' title='bbox 2619 3910 2744 3966; x_wconf 79' lang='grc' dir='ltr'>ὅταν</span> <span class='ocrx_word' id='word_1_655' title='bbox 2767 3909 2982 3984; x_wconf 73' lang='grc' dir='ltr'>ἐκφύγῃ</span> <span class='ocrx_word' id='word_1_656' title='bbox 3006 3907 3290 3979; x_wconf 82' lang='grc' dir='ltr'>ἄνθρωπος</span> <span class='ocrx_word' id='word_1_657' title='bbox 3324 3909 3390 3963; x_wconf 80' lang='grc' dir='ltr'>ἐκ</span> <span class='ocrx_word' id='word_1_658' title='bbox 3423 3909 3708 3982; x_wconf 75' lang='grc' dir='ltr'>προσώπου</span> 
     </span>
    </p>
   </div>
   <div class='ocr_carea' id='block_1_95' title="bbox 2138 4001 3711 4077">
    <p class='ocr_par' dir='ltr' id='par_1_95' title="bbox 2138 4001 3711 4077">
     <span class='ocr_line' id='line_1_95' title="bbox 2138 4001 3711 4077; baseline 0.001 -22"><span class='ocrx_word' id='word_1_659' title='bbox 2138 4001 2375 4068; x_wconf 82' lang='grc' dir='ltr'>λέοντος,</span> <span class='ocrx_word' id='word_1_660' title='bbox 2428 4002 2524 4056; x_wconf 78' lang='grc' dir='ltr'><strong>καὶ</strong></span> <span class='ocrx_word' id='word_1_661' title='bbox 2557 4001 2774 4077; x_wconf 77' lang='grc' dir='ltr'>ἐμπέσῃ</span> <span class='ocrx_word' id='word_1_662' title='bbox 2817 4001 2966 4074; x_wconf 72' lang='grc' dir='ltr'>αὐτῷ</span> <span class='ocrx_word' id='word_1_663' title='bbox 3008 4002 3235 4074; x_wconf 72' lang='grc' dir='ltr'>ἄρκτος,</span> <span class='ocrx_word' id='word_1_664' title='bbox 3264 4004 3360 4057; x_wconf 74' lang='grc' dir='ltr'>καὶ</span> <span class='ocrx_word' id='word_1_665' title='bbox 3407 4003 3711 4076; x_wconf 76' lang='grc' dir='ltr'>εἰσπηδήσῃ</span> 
     </span>
    </p>
   </div>
   <div class='ocr_carea' id='block_1_96' title="bbox 2140 4091 3709 4171">
    <p class='ocr_par' dir='ltr' id='par_1_96' title="bbox 2140 4091 3709 4171">
     <span class='ocr_line' id='line_1_96' title="bbox 2140 4091 3709 4171; baseline 0.001 -22"><span class='ocrx_word' id='word_1_666' title='bbox 2140 4097 2218 4160; x_wconf 82' lang='grc' dir='ltr'><strong>εἰς</strong></span> <span class='ocrx_word' id='word_1_667' title='bbox 2244 4095 2335 4149; x_wconf 76' lang='grc' dir='ltr'><strong>τὸν</strong></span> <span class='ocrx_word' id='word_1_668' title='bbox 2363 4091 2512 4150; x_wconf 73' lang='grc' dir='ltr'>οἶκον</span> <span class='ocrx_word' id='word_1_669' title='bbox 2544 4096 2731 4163; x_wconf 82' lang='grc' dir='ltr'>αὐτοῦ,</span> <span class='ocrx_word' id='word_1_670' title='bbox 2760 4098 2853 4152; x_wconf 70' lang='grc' dir='ltr'><strong>καὶ</strong></span> <span class='ocrx_word' id='word_1_671' title='bbox 2879 4097 3150 4170; x_wconf 79' lang='grc' dir='ltr'>ἀπερείσῃ</span> <span class='ocrx_word' id='word_1_672' title='bbox 3191 4101 3379 4171; x_wconf 75' lang='grc' dir='ltr'>χεῖρας</span> <span class='ocrx_word' id='word_1_673' title='bbox 3419 4096 3585 4152; x_wconf 81' lang='grc' dir='ltr'>αὑτοῦ</span> <span class='ocrx_word' id='word_1_674' title='bbox 3631 4098 3709 4163; x_wconf 77' lang='grc' dir='ltr'><strong>εἰς</strong></span> 
     </span>
    </p>
   </div>
   <div class='ocr_carea' id='block_1_97' title="bbox 2139 4189 3168 4269">
    <p class='ocr_par' dir='ltr' id='par_1_97' title="bbox 2139 4189 3168 4269">
     <span class='ocr_line' id='line_1_97' title="bbox 2139 4189 3168 4269; baseline 0 -25"><span class='ocrx_word' id='word_1_675' title='bbox 2139 4189 2232 4244; x_wconf 76' lang='grc' dir='ltr'><strong>τὸν</strong></span> <span class='ocrx_word' id='word_1_676' title='bbox 2261 4194 2459 4261; x_wconf 81' lang='grc' dir='ltr'>τοῖχον,</span> <span class='ocrx_word' id='word_1_677' title='bbox 2498 4193 2592 4246; x_wconf 75' lang='grc' dir='ltr'><strong>καὶ</strong></span> <span class='ocrx_word' id='word_1_678' title='bbox 2614 4192 2754 4264; x_wconf 78' lang='grc' dir='ltr'>δάκῃ</span> <span class='ocrx_word' id='word_1_679' title='bbox 2790 4191 2949 4269; x_wconf 69' lang='grc' dir='ltr'>αὑτὸν</span> <span class='ocrx_word' id='word_1_680' title='bbox 2976 4192 3119 4263; x_wconf 69' lang='grc' dir='ltr'>ὕφις.</span> <span class='ocrx_word' id='word_1_681' title='bbox 3148 4210 3168 4244; x_wconf 74' lang='grc' dir='ltr'><strong>ι</strong></span> 
     </span>
    </p>
   </div>
   <div class='ocr_carea' id='block_1_98' title="bbox 2215 4284 3709 4357">
    <p class='ocr_par' dir='ltr' id='par_1_98' title="bbox 2215 4284 3709 4357">
     <span class='ocr_line' id='line_1_98' title="bbox 2215 4284 3709 4357; baseline 0.001 -20"><span class='ocrx_word' id='word_1_682' title='bbox 2215 4302 2233 4337; x_wconf 77' lang='lat' dir='ltr'><strong>t</strong></span> <span class='ocrx_word' id='word_1_683' title='bbox 2276 4285 2472 4338; x_wconf 84' lang='grc' dir='ltr'>Ἔσται</span> <span class='ocrx_word' id='word_1_684' title='bbox 2501 4287 2528 4339; x_wconf 86' lang='grc' dir='ltr'>ὁ</span> <span class='ocrx_word' id='word_1_685' title='bbox 2560 4285 2778 4355; x_wconf 82' lang='grc' dir='ltr'>φεύγων</span> <span class='ocrx_word' id='word_1_686' title='bbox 2807 4285 2897 4338; x_wconf 68' lang='grc' dir='ltr'>τὸν</span> <span class='ocrx_word' id='word_1_687' title='bbox 2928 4284 3115 4355; x_wconf 76' lang='grc' dir='ltr'>φόϐον,</span> <span class='ocrx_word' id='word_1_688' title='bbox 3153 4285 3478 4357; x_wconf 70' lang='grc' dir='ltr'>ἐμπεσεῖται</span> <span class='ocrx_word' id='word_1_689' title='bbox 3510 4287 3591 4351; x_wconf 83' lang='grc' dir='ltr'><strong>είς</strong></span> <span class='ocrx_word' id='word_1_690' title='bbox 3621 4287 3709 4340; x_wconf 70' lang='grc' dir='ltr'>τὸν</span> 
     </span>
    </p>
   </div>
   <div class='ocr_carea' id='block_1_99' title="bbox 2138 4375 3708 4451">
    <p class='ocr_par' dir='ltr' id='par_1_99' title="bbox 2138 4375 3708 4451">
     <span class='ocr_line' id='line_1_99' title="bbox 2138 4375 3708 4451; baseline 0.002 -21"><span class='ocrx_word' id='word_1_691' title='bbox 2138 4375 2396 4450; x_wconf 80' lang='grc' dir='ltr'>βόθυνον·</span> <span class='ocrx_word' id='word_1_692' title='bbox 2429 4377 2521 4431; x_wconf 72' lang='grc' dir='ltr'><strong>καὶ</strong></span> <span class='ocrx_word' id='word_1_693' title='bbox 2557 4378 2585 4430; x_wconf 83' lang='grc' dir='ltr'>ὁ</span> <span class='ocrx_word' id='word_1_694' title='bbox 2614 4378 2883 4433; x_wconf 80' lang='grc' dir='ltr'>ἐκϐαίνων</span> <span class='ocrx_word' id='word_1_695' title='bbox 2931 4380 2992 4432; x_wconf 82' lang='grc' dir='ltr'>ὲκ</span> <span class='ocrx_word' id='word_1_696' title='bbox 3023 4376 3115 4431; x_wconf 74' lang='grc' dir='ltr'>τοῦ</span> <span class='ocrx_word' id='word_1_697' title='bbox 3152 4376 3399 4449; x_wconf 79' lang='grc' dir='ltr'>βοθύνου,</span> <span class='ocrx_word' id='word_1_698' title='bbox 3434 4378 3708 4451; x_wconf 77' lang='grc' dir='ltr'>ἀναλωθή-</span> 
     </span>
    </p>
   </div>
   <div class='ocr_carea' id='block_1_100' title="bbox 2140 4469 2899 4542">
    <p class='ocr_par' dir='ltr' id='par_1_100' title="bbox 2140 4469 2899 4542">
     <span class='ocr_line' id='line_1_100' title="bbox 2140 4469 2899 4542; baseline 0 -20"><span class='ocrx_word' id='word_1_699' title='bbox 2140 4485 2296 4524; x_wconf 85' lang='grc' dir='ltr'>σεται</span> <span class='ocrx_word' id='word_1_700' title='bbox 2325 4469 2428 4524; x_wconf 81' lang='grc' dir='ltr'><strong>ὑπδ</strong></span> <span class='ocrx_word' id='word_1_701' title='bbox 2451 4471 2547 4542; x_wconf 82' lang='grc' dir='ltr'><strong>τῆς</strong></span> <span class='ocrx_word' id='word_1_702' title='bbox 2588 4471 2839 4540; x_wconf 83' lang='grc' dir='ltr'>παγίδος.</span> <span class='ocrx_word' id='word_1_703' title='bbox 2881 4489 2899 4522; x_wconf 73' lang='grc' dir='ltr'><strong>ι</strong></span> 
     </span>
    </p>
   </div>
   <div class='ocr_carea' id='block_1_101' title="bbox 2070 4567 3708 4680">
    <p class='ocr_par' dir='ltr' id='par_1_101' title="bbox 2070 4567 3708 4680">
     <span class='ocr_line' id='line_1_101' title="bbox 2070 4567 3708 4680; baseline 0.004 -21"><span class='ocrx_word' id='word_1_704' title='bbox 2070 4603 2320 4662; x_wconf 84' lang='lat' dir='ltr'><strong>DTITA.</strong></span> <span class='ocrx_word' id='word_1_705' title='bbox 2385 4606 2507 4661; x_wconf 84' lang='lat' dir='ltr'><strong>AZ&#39;.</strong></span> <span class='ocrx_word' id='word_1_706' title='bbox 2565 4638 2636 4649; x_wconf 89' lang='lat'><strong>-——-</strong></span> <span class='ocrx_word' id='word_1_707' title='bbox 2685 4609 2824 4676; x_wconf 79' lang='grc' dir='ltr'>Περί</span> <span class='ocrx_word' id='word_1_708' title='bbox 2875 4567 3347 4678; x_wconf 68' lang='grc' dir='ltr'>ἀπραγμοσύνὴς</span> <span class='ocrx_word' id='word_1_709' title='bbox 3403 4610 3504 4664; x_wconf 78' lang='grc' dir='ltr'>καὶ</span> <span class='ocrx_word' id='word_1_710' title='bbox 3559 4611 3708 4680; x_wconf 77' lang='grc' dir='ltr'>ἠσυ-</span> 
     </span>
    </p>
   </div>
   <div class='ocr_carea' id='block_1_102' title="bbox 2852 4680 3012 4749">
    <p class='ocr_par' dir='ltr' id='par_1_102' title="bbox 2852 4680 3012 4749">
     <span class='ocr_line' id='line_1_102' title="bbox 2852 4680 3012 4749; baseline 0 -17"><span class='ocrx_word' id='word_1_711' title='bbox 2852 4680 3012 4749; x_wconf 84' lang='grc' dir='ltr'>χίας.</span> 
     </span>
    </p>
   </div>
   <div class='ocr_carea' id='block_1_103' title="bbox 2220 4789 3572 4866">
    <p class='ocr_par' dir='ltr' id='par_1_103' title="bbox 2220 4789 3572 4866">
     <span class='ocr_line' id='line_1_103' title="bbox 2220 4789 3572 4866; baseline 0.005 -23"><span class='ocrx_word' id='word_1_712' title='bbox 2220 4811 2238 4843; x_wconf 80' lang='grc' dir='ltr'><strong>ι</strong></span> <span class='ocrx_word' id='word_1_713' title='bbox 2283 4791 2662 4865; x_wconf 78' lang='grc' dir='ltr'>Ἐνδοξάσθητι</span> <span class='ocrx_word' id='word_1_714' title='bbox 2692 4792 3002 4866; x_wconf 80' lang='grc' dir='ltr'>καθήμενος</span> <span class='ocrx_word' id='word_1_715' title='bbox 3036 4793 3096 4848; x_wconf 81' lang='grc' dir='ltr'>ὲν</span> <span class='ocrx_word' id='word_1_716' title='bbox 3119 4789 3200 4864; x_wconf 81' lang='grc' dir='ltr'>τῷ</span> <span class='ocrx_word' id='word_1_717' title='bbox 3229 4794 3364 4866; x_wconf 72' lang='grc' dir='ltr'>οἴκῳ</span> <span class='ocrx_word' id='word_1_718' title='bbox 3401 4812 3517 4850; x_wconf 84' lang='grc' dir='ltr'>σου.</span> <span class='ocrx_word' id='word_1_719' title='bbox 3550 4814 3572 4849; x_wconf 71' lang='grc' dir='ltr'><strong>ι</strong></span> 
     </span>
    </p>
   </div>
   <div class='ocr_carea' id='block_1_104' title="bbox 2223 4972 3593 5046">
    <p class='ocr_par' dir='ltr' id='par_1_104' title="bbox 2223 4972 3593 5046">
     <span class='ocr_line' id='line_1_104' title="bbox 2223 4972 3593 5046; baseline 0.003 -21"><span class='ocrx_word' id='word_1_720' title='bbox 2223 4993 2240 5025; x_wconf 79' lang='grc' dir='ltr'><strong>ι</strong></span> <span class='ocrx_word' id='word_1_721' title='bbox 2285 4974 2637 5045; x_wconf 77' lang='grc' dir='ltr'>Ἡσυχάσεις,</span> <span class='ocrx_word' id='word_1_722' title='bbox 2667 4974 2764 5030; x_wconf 72' lang='grc' dir='ltr'><strong>καὶ</strong></span> <span class='ocrx_word' id='word_1_723' title='bbox 2789 4973 2890 5029; x_wconf 74' lang='grc' dir='ltr'><strong>οὐκ</strong></span> <span class='ocrx_word' id='word_1_724' title='bbox 2923 4974 3076 5029; x_wconf 78' lang='grc' dir='ltr'>ἔσται</span> <span class='ocrx_word' id='word_1_725' title='bbox 3105 4975 3133 5029; x_wconf 81' lang='grc' dir='ltr'>ὁ</span> <span class='ocrx_word' id='word_1_726' title='bbox 3162 4972 3416 5046; x_wconf 72' lang='grc' dir='ltr'>πολεμῶν</span> <span class='ocrx_word' id='word_1_727' title='bbox 3449 4992 3528 5029; x_wconf 88' lang='grc' dir='ltr'><strong>σε.</strong></span> <span class='ocrx_word' id='word_1_728' title='bbox 3572 4995 3593 5029; x_wconf 70' lang='grc' dir='ltr'><strong>ι</strong></span> 
     </span>
    </p>
   </div>
   <div class='ocr_carea' id='block_1_105' title="bbox 2218 5161 3706 5236">
    <p class='ocr_par' dir='ltr' id='par_1_105' title="bbox 2218 5161 3706 5236">
     <span class='ocr_line' id='line_1_105' title="bbox 2218 5161 3706 5236; baseline 0.005 -24"><span class='ocrx_word' id='word_1_729' title='bbox 2218 5182 2234 5212; x_wconf 76' lang='grc' dir='ltr'><strong>ι</strong></span> <span class='ocrx_word' id='word_1_730' title='bbox 2274 5162 2345 5216; x_wconf 75' lang='grc' dir='ltr'><strong>Σὺ</strong></span> <span class='ocrx_word' id='word_1_731' title='bbox 2373 5202 2388 5227; x_wconf 87' lang='grc'><strong>,</strong></span> <span class='ocrx_word' id='word_1_732' title='bbox 2425 5161 2627 5234; x_wconf 78' lang='grc' dir='ltr'>Κύριε,</span> <span class='ocrx_word' id='word_1_733' title='bbox 2684 5165 3003 5235; x_wconf 85' lang='grc' dir='ltr'>καταμόνας</span> <span class='ocrx_word' id='word_1_734' title='bbox 3050 5162 3137 5217; x_wconf 76' lang='grc' dir='ltr'><strong>ἐπ’</strong></span> <span class='ocrx_word' id='word_1_735' title='bbox 3167 5161 3343 5218; x_wconf 79' lang='grc' dir='ltr'>ἑλπίδι</span> <span class='ocrx_word' id='word_1_736' title='bbox 3391 5163 3706 5236; x_wconf 54' lang='lat' dir='ltr'><strong>utuinisi;</strong></span> 
     </span>
    </p>
   </div>
   <div class='ocr_carea' id='block_1_106' title="bbox 2188 5273 2294 5313">
    <p class='ocr_par' dir='ltr' id='par_1_106' title="bbox 2188 5273 2294 5313">
     <span class='ocr_line' id='line_1_106' title="bbox 2188 5273 2294 5313; baseline 0 0"><span class='ocrx_word' id='word_1_737' title='bbox 2188 5273 2294 5313; x_wconf 67' lang='grc' dir='ltr'><strong>Ξ.)</strong></span> 
     </span>
    </p>
   </div>
   <div class='ocr_carea' id='block_1_107' title="bbox 2145 5275 3503 5425">
    <p class='ocr_par' dir='ltr' id='par_1_107' title="bbox 2145 5275 3503 5425">
     <span class='ocr_line' id='line_1_107' title="bbox 2188 5275 2294 5313; baseline 0 0"><span class='ocrx_word' id='word_1_738' title='bbox 2188 5275 2234 5313; x_wconf 82' lang='grc' dir='ltr'><strong>ε.</strong></span> <span class='ocrx_word' id='word_1_739' title='bbox 2280 5275 2294 5307; x_wconf 78' lang='lat' dir='ltr'><strong>I</strong></span> 
     </span>
     <span class='ocr_line' id='line_1_108' title="bbox 2145 5275 3503 5425; baseline 0.002 -24"><span class='ocrx_word' id='word_1_740' title='bbox 2145 5275 2180 5330; x_wconf 70' lang='grc' dir='ltr'>μ</span> <span class='ocrx_word' id='word_1_741' title='bbox 2220 5367 2238 5401; x_wconf 77' lang='grc' dir='ltr'>ι</span> <span class='ocrx_word' id='word_1_742' title='bbox 2280 5348 2614 5418; x_wconf 82' lang='grc' dir='ltr'>Καταμόνας</span> <span class='ocrx_word' id='word_1_743' title='bbox 2648 5349 2762 5419; x_wconf 69' lang='grc' dir='ltr'>εἰμὶ</span> <span class='ocrx_word' id='word_1_744' title='bbox 2797 5348 2926 5420; x_wconf 73' lang='grc' dir='ltr'>ἐγὼ,</span> <span class='ocrx_word' id='word_1_745' title='bbox 2951 5349 3056 5414; x_wconf 74' lang='grc' dir='ltr'>ἕως</span> <span class='ocrx_word' id='word_1_746' title='bbox 3084 5343 3144 5406; x_wconf 73' lang='grc' dir='ltr'>οὗ</span> <span class='ocrx_word' id='word_1_747' title='bbox 3176 5349 3450 5425; x_wconf 74' lang='grc' dir='ltr'>παρέλθω.</span> <span class='ocrx_word' id='word_1_748' title='bbox 3481 5369 3503 5405; x_wconf 70' lang='grc' dir='ltr'><strong>ι</strong></span> 
     </span>
    </p>
   </div>
   <div class='ocr_carea' id='block_1_108' title="bbox 2221 5520 3217 5595">
    <p class='ocr_par' dir='ltr' id='par_1_108' title="bbox 2221 5520 3217 5595">
     <span class='ocr_line' id='line_1_109' title="bbox 2221 5520 3217 5595; baseline 0.006 -23"><span class='ocrx_word' id='word_1_749' title='bbox 2221 5541 2238 5572; x_wconf 77' lang='grc' dir='ltr'><strong>ι</strong></span> <span class='ocrx_word' id='word_1_750' title='bbox 2267 5521 2430 5594; x_wconf 75' lang='grc' dir='ltr'>Ἄνὴρ</span> <span class='ocrx_word' id='word_1_751' title='bbox 2474 5520 2738 5594; x_wconf 69' lang='grc' dir='ltr'>φρόνιμος</span> <span class='ocrx_word' id='word_1_752' title='bbox 2769 5522 3000 5595; x_wconf 75' lang='grc' dir='ltr'>ἡσυχίαν</span> <span class='ocrx_word' id='word_1_753' title='bbox 3029 5523 3172 5593; x_wconf 79' lang='grc' dir='ltr'>ἄγει.</span> <span class='ocrx_word' id='word_1_754' title='bbox 3198 5544 3217 5578; x_wconf 74' lang='grc' dir='ltr'><strong>ι</strong></span> 
     </span>
    </p>
   </div>
   <div class='ocr_carea' id='block_1_109' title="bbox 2225 5618 3283 5690">
    <p class='ocr_par' dir='ltr' id='par_1_109' title="bbox 2225 5618 3283 5690">
     <span class='ocr_line' id='line_1_110' title="bbox 2225 5618 3283 5690; baseline 0.007 -21"><span class='ocrx_word' id='word_1_755' title='bbox 2225 5641 2240 5668; x_wconf 71' lang='grc' dir='ltr'><strong>ι</strong></span> <span class='ocrx_word' id='word_1_756' title='bbox 2275 5618 2497 5687; x_wconf 73' lang='grc' dir='ltr'>Ἀγαθοὶ</span> <span class='ocrx_word' id='word_1_757' title='bbox 2536 5619 2868 5690; x_wconf 71' lang='grc' dir='ltr'>ἡσυχάζουσι</span> <span class='ocrx_word' id='word_1_758' title='bbox 2899 5618 2988 5674; x_wconf 79' lang='grc' dir='ltr'>διὰ</span> <span class='ocrx_word' id='word_1_759' title='bbox 3016 5620 3238 5685; x_wconf 74' lang='grc' dir='ltr'>παντός.</span> <span class='ocrx_word' id='word_1_760' title='bbox 3265 5641 3283 5675; x_wconf 74' lang='grc' dir='ltr'><strong>ι</strong></span> 
     </span>
    </p>
   </div>
   <div class='ocr_carea' id='block_1_110' title="bbox 2222 5713 3702 5788">
    <p class='ocr_par' dir='ltr' id='par_1_110' title="bbox 2222 5713 3702 5788">
     <span class='ocr_line' id='line_1_111' title="bbox 2222 5713 3702 5788; baseline 0.002 -21"><span class='ocrx_word' id='word_1_761' title='bbox 2222 5735 2238 5762; x_wconf 79' lang='grc' dir='ltr'><strong>ι</strong></span> <span class='ocrx_word' id='word_1_762' title='bbox 2285 5713 2556 5768; x_wconf 74' lang='grc' dir='ltr'>Ἐπὶ.τίνα</span> <span class='ocrx_word' id='word_1_763' title='bbox 2593 5713 2893 5785; x_wconf 70' lang='grc' dir='ltr'><strong>ἐπιϐλέψει),</strong></span> <span class='ocrx_word' id='word_1_764' title='bbox 2921 5713 3038 5769; x_wconf 77' lang='grc' dir='ltr'>ἀλλ’</span> <span class='ocrx_word' id='word_1_765' title='bbox 3066 5713 3099 5785; x_wconf 78' lang='grc' dir='ltr'><strong>ἦ</strong></span> <span class='ocrx_word' id='word_1_766' title='bbox 3149 5713 3242 5769; x_wconf 73' lang='grc' dir='ltr'><strong>ἐπὶ</strong></span> <span class='ocrx_word' id='word_1_767' title='bbox 3269 5716 3367 5769; x_wconf 59' lang='grc' dir='ltr'>τοι·</span> <span class='ocrx_word' id='word_1_768' title='bbox 3400 5719 3594 5788; x_wconf 67' lang='grc' dir='ltr'>πρᾶον,</span> <span class='ocrx_word' id='word_1_769' title='bbox 3627 5717 3702 5771; x_wconf 62' lang='grc' dir='ltr'>κατ</span> 
     </span>
    </p>
   </div>
   <div class='ocr_carea' id='block_1_111' title="bbox 2143 5805 3432 5881">
    <p class='ocr_par' dir='ltr' id='par_1_111' title="bbox 2143 5805 3432 5881">
     <span class='ocr_line' id='line_1_112' title="bbox 2143 5805 3432 5881; baseline -0.002 -17"><span class='ocrx_word' id='word_1_770' title='bbox 2143 5807 2390 5881; x_wconf 72' lang='grc' dir='ltr'>ἡσύχιον,</span> <span class='ocrx_word' id='word_1_771' title='bbox 2432 5807 2524 5862; x_wconf 66' lang='grc' dir='ltr'><strong>καὶ</strong></span> <span class='ocrx_word' id='word_1_772' title='bbox 2554 5807 2830 5880; x_wconf 81' lang='grc' dir='ltr'>τρέμοντά</span> <span class='ocrx_word' id='word_1_773' title='bbox 2863 5823 2968 5880; x_wconf 83' lang='grc' dir='ltr'><strong>μου</strong></span> <span class='ocrx_word' id='word_1_774' title='bbox 3000 5808 3124 5873; x_wconf 79' lang='grc' dir='ltr'>τοὺς</span> <span class='ocrx_word' id='word_1_775' title='bbox 3146 5805 3378 5878; x_wconf 68' lang='grc' dir='ltr'>λόγουςς</span> <span class='ocrx_word' id='word_1_776' title='bbox 3411 5829 3432 5862; x_wconf 73' lang='grc' dir='ltr'><strong>ι</strong></span> 
     </span>
    </p>
   </div>
  </div>
