4010 6302
253 359 277 426 1
298 363 410 431 245

1548 362 1788 425 SACRA
1829 359 2288 423 PARALLELA.

3388 353 3544 417 1246,

344 494 367 526 ε
401 473 494 546 Μὴ
527 472 894 545 ἐκπορεύεσθε
918 476 995 537 είς
1025 474 1217 546 ἀγρὸν,
1246 473 1341 527 καὶ
1368 473 1426 527 ὲν
1453 474 1569 536 ταῖς
1595 472 1736 536 ὁδοῖς
1770 474 1816 542 μέ

2019 466 2217 523 Jemn.
2253 484 2329 534 νι,
2355 466 2445 523 25.
2477 497 2543 507 -
2604 466 2814 521 «Nolite
2846 479 2998 520 exure
3035 479 3090 518 tn
3135 477 3351 532 agrum,
3384 465 3521 546 etin

245 564 537 634 βαδίζετε,
561 565 644 620 ὅτι
675 564 923 638 ῥομφαία
947 564 1056 620 τῶν
1089 565 1298 638 ἐχθρῶν
1331 567 1592 636 παροικεῖ
1620 563 1836 620 κύκλω-

232 666 381 713 υεν.
413 674 435 710 ι

337 766 363 801 ε
404 746 636 819 ’Δγαθδν
666 748 843 821 ἀνδρὶ,
877 749 1009 803 ὅταν
1045 749 1155 824 ἄρῃ
1189 748 1279 803 τὸν
1313 746 1478 817 ζυγὸν
1506 747 1566 800 ὲν
1601 743 1834 817 νεότητι.

1940 557 2050 615 viis
2079 575 2150 615 ne
2177 558 2499 625 ambuletis,
2531 557 2661 629 quia
2709 556 2928 630 gladius
2956 554 3198 611 hostium
3228 543 3523 609 habitatio

1937 648 2198 705 circuitu.
2243 667 2278 702 »ι

2014 741 2210 798 Thren.
2247 756 2334 809 ιιι,
2381 739 2473 806 27,
2509 739 2600 797 28.
2635 768 2706 781 -—
2754 758 2773 792 ι
2810 737 3026 794 Bonum
3085 743 3170 794 est
3218 737 3338 793 viro
3392 750 3521 792 cum

231 837 591 910 Καθήμενος
635 838 971 912 καταμόνας,
1023 841 1118 895 καὶ
1154 841 1526 911 σιωπήσεται,
1575 837 1658 892 ὅτι
1702 831 1816 910 ᾕρει

1937 833 2242 906 portaverit
2292 832 2486 903 iugum
2543 847 2704 886 suum
2753 829 2808 885 in
2863 828 3267 885 adolescentia.
3312 826 3520 883 Sedens

227 932 309 996 ἐφ
328 929 348 949 ⁹
378 930 580 1002 ἐαυτῷ.
609 949 629 984 ι

336 1037 361 1072 ε
387 1020 746 1095 ’Λναστρέψει
773 1019 996 1089 Ἰακὼϐ,
1020 1022 1115 1078 καὶ
1145 1020 1432 1094 ήσυχάσει,
1468 1019 1561 1074 κοιλ⁵
1595 1017 1836 1073 ὑπνώσει

1938 925 2227 982 solitarius
2263 933 2317 982 et
2343 925 2571 990 tacebit,
2597 924 2728 996 quia
2765 922 2970 978 levavit
3005 936 3174 992 super
3203 921 3467 987 seipsum.
3495 941 3514 973 ι

2007 1015 2209 1074 Jerem.
2255 1033 2386 1086 xxx,
2412 1016 2466 1075 7.
2500 1047 2570 1058 -
2602 1035 2622 1070 ι
2659 1014 2987 1071 Revertetur
3020 1011 3228 1077 Iacob,
3274 1021 3328 1067 et
3365 1012 3520 1083 quie-

237 1111 338 1174 ιίς
369 1109 431 1165 τὸ
462 1090 726 1185 σωτήριον
754 1114 985 1186 Κυρίου,
1011 1115 1107 1170 καὶ
1131 1090 1230 1169 οῦκ
1253 1090 1407 1167 ἔσται
1427 1114 1455 1166 ὁ
1484 1111 1816 1184 παρενοχλῶπ

1937 1118 2082 1175 seet,
2115 1118 2169 1167 et
2193 1110 2430 1167 dormiet
2456 1109 2512 1166 in
2540 1106 2774 1165 salutari
2803 1106 3043 1172 Domini,
3075 1113 3129 1162 et
3157 1121 3268 1161 non
3299 1104 3516 1176 eritqui

240 1202 448 1259 αὐτόν.
488 1223 508 1258 ι

331 1312 356 1344 I
398 1293 621 1368 Μάρθα,
654 1295 876 1369 Μάρθα,
908 1298 1203 1370 μεριμνᾷς,
1240 1298 1336 1353 καὶ
1375 1296 1674 1368 τυρϐάζεις
1703 1295 1834 1369 περὶ

239 1383 452 1444 πολλὰ.
499 1381 520 1441 ὁ

327 1494 351 1528 ι
393 1478 829 1552 Παρακαλοῦμεν
864 1480 1030 1553 ὑμᾶς,
1089 1482 1308 1552 ἀδελφοί
1350 1501 1473 1555 μου,
1509 1482 1828 1556 ἡσυχάζειν,

1934 1205 2202 1260 molestus
2236 1204 2308 1259 sit
2343 1203 2416 1259 ei.
2456 1222 2476 1256 ι

2008 1295 2140 1352 Luc.
2183 1314 2238 1363 χ,
2275 1297 2362 1352 41.
2395 1327 2464 1339 -—
2487 1316 2505 1348 ε
2548 1294 2784 1359 Martha,
2817 1291 3052 1355 Martha,
3085 1289 3322 1346 sollicita
3350 1306 3430 1355 es,
3462 1293 3515 1345 et

1934 1390 2181 1446 turbaris
2217 1406 2346 1462 erga
2379 1390 2636 1461 plurima.
2671 1407 2689 1439 ι

2002 1482 2029 1536 Ι
2061 1483 2244 1538 Thess.
2279 1498 2352 1548 ιν,
2384 1482 2471 1538 ll.
2503 1513 2574 1524 —
2609 1499 2628 1534 ι
2659 1481 2943 1550 Rogamus
3005 1493 3125 1541 vos,
3186 1479 3410 1542 fratres,
3454 1487 3515 1532 ιιι.

237 1565 348 1619 καὶ
389 1569 655 1639 πράσσειν
699 1568 769 1626 τὰ
806 1570 936 1638 ῐδια,
989 1571 1085 1627 καὶ
1116 1572 1446 1644 ἐργάζεσθαι
1481 1576 1600 1639 ταῖς
1637 1574 1816 1647 χερσὶν

1935 1576 2105 1647 quieti
2136 1577 2279 1640 sitis,
2306 1584 2359 1631 et
2398 1583 2457 1631 ut
2491 1573 2773 1646 negotium
2808 1579 3051 1628 vestrum
3084 1571 3280 1642 agatis,
3312 1579 3361 1626 et
3386 1586 3524 1641 ope-

238 1657 437 1729 ὑμῶν.
473 1679 498 1727 a_

319 1747 404 1802 Τὸ
443 1729 847 1825 έπεσχισμένον
900 1753 994 1806 καὶ
1033 1752 1259 1819 ίδιάζον,
1307 1754 1403 1810 τοῦ
1471 1755 1826 1821 κοινωνικοῦ,

236 1839 345 1893 καὶ
387 1842 671 1915 ἡνωμένου
695 1846 809 1912 τοῖς
836 1843 1052 1910 πολλοῖς
1080 1847 1514 1919 πρπιμὼτερον.

311 2039 546 2112 ’Δφάτῳ
583 2041 786 2098 τοίνυνί
804 2043 1034 2114 δυνάμει
1083 2047 1540 2120 φαντασιούμενοι
1573 2049 1664 2105 τὸν
1700 2051 1826 2106 νοῦν

1928 1667 2124 1721 remini
2155 1667 2412 1724 manibus
2445 1667 2660 1723 vestris.
2703 1682 2723 1716 ι

2000 1757 2214 1814 Basilii.
2244 1789 2314 1799 --
2347 1757 2466 1813 Vita
2504 1755 2755 1813 solitaria
2783 1765 2837 1811 et
2867 1754 3103 1824 privata,
3133 1752 3183 1809 ei
3213 1767 3337 1823 quae
3366 1765 3513 1806 com-

1860 1831 1902 1887 Β
1929 1848 2114 1905 munis
2139 1859 2243 1916 est,
2273 1856 2326 1906 et
2348 1848 2614 1906 societate
2647 1846 2873 1920 gaudet,
2903 1859 2933 1899 a
2965 1846 3247 1916 plerisque
3284 1849 3512 1911 antepo-

1929 1941 2102 1997 tntur.

1997 2055 2277 2127 Ejusdem.
2315 2056 2488 2112 —illi
2518 2055 2687 2126 igitur
2709 2053 2802 2128 qui
2838 2054 2892 2112 vi
2917 2055 3152 2127 quadam
3195 2052 3507 2125 inexplica-

232 2131 290 2184 ol
322 2133 740 2204 ἀπερίσπαστον
779 2138 943 2192 αὐτὸν
972 2140 1072 2216 ,καὶ
1093 2140 1335 2211 καθαρὸν
1379 2142 1614 2214 ἔχοντες,
1662 2143 1816 2198 οἱονεὶ

1935 2146 2021 2202 bili
2055 2157 2293 2204 mentem
2319 2163 2476 2203 suam
2508 2149 2893 2213 informantes,
2922 2148 3090 2204 nullis
3115 2161 3235 2201 eam
3273 2146 3508 2216 negotiis

236 2223 573 2294 ἡνιοχοῦντα
605 2225 800 2291 αὐτοὺς
843 2228 1027 2299 ἔχουσι
1077 2231 1167 2286 τὸν
1212 2231 1369 2303 λόγον
1421 2234 1516 2289 τοῦ
1568 2235 1724 2291 Θεοῦ.
1755 2266 1822 2278 --

243 2319 519 2390 Ἡσυχία,
561 2321 886 2394 καθάρσεως
913 2327 1055 2396 ἀρχὴ
1102 2328 1169 2399 τῇ
1197 2321 1366 2400 ψυχῇ,
1411 2331 1504 2383 καὶ
1536 2330 1724 2402 ὥσπερ
1755 2331 1822 2386 τὰ

233 2412 414 2486 θηρία
459 2415 904 2485 εὐκαταγώνιστά
965 2421 1080 2472 ἐστι
1137 2415 1592 2493 καταψηχθέντα,
1649 2423 1821 2487 οὕτως

229 2506 558 2579 ἐπιθυμίαι,
586 2510 679 2563 καὶ
707 2510 894 2583 ὀργαὶ,
922 2513 1016 2566 καὶ
1037 2511 1226 2580 λύπαι,
1248 2517 1342 2568 καὶ
1365 2515 1518 2585 φόϐοι
1540 2516 1608 2569 τὰ
1640 2515 1819 2570 ίοϐόλα

234 2598 340 2671 τῆς
375 2599 563 2673 ψυχῆς
597 2603 764 2672 κακὰ,
816 2606 1256 2661 κατευνασθέντα
1293 2607 1382 2662 διὰ
1433 2609 1533 2681 τῆς
1563 2610 1815 2682 ἡσυχίας,

233 2694 336 2751 καί⁸
362 2701 443 2768 μὴ
465 2698 862 2770 άγριαινόμενα
893 2699 972 2774 τῷ
997 2704 1216 2774 συνεχεῖ
1252 2701 1550 2776 ἐρεθισμῷ,
1582 2703 1812 2758 εὐκατα-

221 2792 618 2863 γωνιπότερα
652 2795 718 2865 τῇ
752 2793 981 2866 δυνάμει
1008 2790 1104 2849 τοῦ
1143 2795 1303 2866 λόγου
1336 2796 1566 2865 γίνεται.
1589 2827 1661 2837 -
1688 2797 1816 2852 Ἐπὶ

227 2880 327 2934 τὸν
361 2881 574 2954 κόσμον
601 2881 677 2956 μὴ
719 2883 1090 2957 διαχεόμενος,
1124 2888 1373 2943 ἐπάνεισι
1402 2888 1500 2960 μὲν
1529 2890 1664 2960 πρὸς
1689 2889 1817 2944 ἑαυ·

230 2971 351 3038 τδν,
387 2973 461 3028 δι’
488 2973 684 3029 ἑαυτοῦ
713 2975 771 3030 δὲ
809 2977 948 3050 πρὸς
977 2977 1077 3049 τὴν
1099 2979 1228 3051 περὶ
1266 2977 1402 3033 Θεοῦ
1439 2979 1648 3036 ἔννοιαν
1683 2981 1816 3037 ἀνα·

228 3065 445 3131 σαίνει,
483 3068 619 3140 μήτε
642 3068 779 3141 πρὸς
799 3070 1008 3144 τροφῆς
1039 3072 1317 3143 φροντίδα,
1340 3073 1477 3145 μήτε
1495 3073 1632 3146 πρὸς
1661 3090 1816 3148 περι-

1924 2236 2243 2295 distractam
2282 2247 2334 2294 et
2357 2252 2551 2309 puram
2578 2237 2803 2302 habent,
2829 2237 2902 2291 ita
2925 2236 3234 2308 comparati
3271 2243 3419 2300 sunt,
3447 2245 3507 2290 ut

1925 2331 2014 2386 Dei
2073 2348 2256 2388 sermo
2296 2332 2468 2388 instar
2527 2331 2810 2402 quadrigte
2889 2331 3041 2402 ipsos
3121 2330 3500 2387 morderetur.

1919 2422 2246 2480 --Solitudo
2265 2432 2319 2481 et
2337 2425 2492 2496 quies
2511 2423 2804 2495 puritatem
2826 2425 3020 2479 anima:
3037 2422 3279 2480 inchoat.
3299 2421 3506 2490 Quem-

1922 2516 2217 2574 admodum
2254 2519 2403 2574 enim
2457 2517 2589 2574 ferte
2620 2516 2822 2573 blanda
2857 2517 3300 2573 contrectatione
3349 2517 3502 2572 cicuo

1920 2620 2146 2679 rantur;
2177 2612 2260 2669 sic
2287 2612 2450 2667 etiam
2480 2612 2841 2683 cupiditates,
2870 2612 2984 2686 irze,
3014 2625 3302 2676 mmrores,
3337 2610 3501 2666 timo-

1917 2719 2038 2772 res,
2091 2704 2352 2775 pestifera
2413 2705 2583 2760 animi
2639 2705 2804 2770 mala,
2847 2703 3150 2760 solitudine
3188 2703 3498 2774 consepita,

1917 2811 2020 2851 nec
2053 2796 2299 2853 assiduis
2347 2795 2714 2853 irritamentis
2762 2796 3011 2863 efferata,
3059 2794 3282 2850 facilius
3311 2806 3499 2864 postea

1916 2890 1968 2946 \i
1998 2890 2231 2947 rationis
2271 2900 2624 2962 superantur.
2657 2921 2728 2931 -—
2752 2889 2854 2959 Qui
2881 2891 2935 2945 in
2977 2889 3242 2945 mundum
3271 2889 3502 2943 minime

1914 2982 2123 3039 effusus
2153 2994 2260 3045 est.
2299 2977 2355 3038 in
2391 2999 2451 3040 se
2487 2983 2705 3055 quidem
2740 2983 2902 3049 redit,
2927 2997 3023 3053 per
3057 2996 3116 3038 se
3149 2996 3279 3036 vero
3309 2995 3499 3038 assur-

1915 3076 2013 3148 git,
2045 3085 2104 3131 ut
2136 3075 2304 3132 Deum
2339 3076 2568 3147 cogitet.
2598 3074 2855 3146 Tumque
2892 3089 2994 3130 nec
3027 3073 3094 3129 ad
3128 3074 3236 3130 cibi
3278 3088 3495 3138 curam,

229 3157 494 3236 ϐολαίων
521 3160 794 3233 μέριμναν
840 3163 942 3235 τὴν
983 3163 1163 3235 ψυχὴν
1210 3164 1645 3237 καθελκόμενος⁹
1678 3167 1812 3222 ἀλλὰ

1937 3182 2020 3222 nec
2055 3175 2113 3222 ut
2136 3166 2204 3222 de
2237 3167 2582 3223 vestimentis
2611 3167 2886 3222 sollicitus
2916 3167 3010 3233 sit,
3047 3165 3294 3221 animum
3327 3174 3498 3222 retor-

227 3250 442 3323 σχολὴν
470 3251 578 3307 ἀπὸ
599 3251 708 3309 τῶν
735 3254 942 3326 γηΐνων
975 3257 1269 3328 φροντίδων
1306 3260 1475 3330 ἄγων,
1507 3259 1604 3333 τὴν
1632 3264 1812 3316 πᾶσαν

227 3343 440 3399 ἑαυτοῦ
471 3344 708 3420 σπουδὴν
729 3346 825 3404 ἐπὶ
843 3346 944 3422 τὴν
972 3348 1169 3421 κτῆσιν
1195 3351 1305 3406 τῶν
1334 3353 1568 3408 αίωνίων
1592 3354 1813 3424 ἀγαθῶν

228 3439 596 3512 μετατίθησι.

298 3554 430 3626 Χρή
451 3571 504 3608 τι
527 3554 624 3610 καὶ
639 3553 962 3629 ἡσυχάζειν,
987 3556 1128 3614 ὥστε
1152 3558 1436 3625 άθολῶτως
1463 3563 1812 3634 προσομιλεῖν

225 3643 309 3715 τῷ
348 3644 497 3717 Θεῷ,
528 3646 624 3700 καὶ
661 3648 858 3722 μικρὸν
892 3649 1196 3720 ὰπανάγειν
1239 3650 1329 3706 τδν
1378 3651 1503 3709 νοῦν
1551 3653 1662 3708 ἀπὸ
1703 3653 1812 3710 τῶν

230 3737 632 3810 πλανωμένων.

311 3943 380 3998 Ἦ
410 3943 730 4015 ἀπράγμων
766 3944 988 4016 ἡσυχία,
1037 3949 1137 4020 τῆς
1182 3948 1238 4004 ὲν
1291 3950 1610 4022 πράγμασιν
1657 3969 1812 4025 περι-

231 4035 470 4105 φανείας
509 4035 832 4109 τιμιωτέρα.

299 4128 440 4183 τότε
488 4129 723 4201 μάλιστα
778 4131 1078 4190 ἐπιτίθεται
1129 4136 1158 4189 ὁ
1207 4135 1485 4203 διάϐολος,
1548 4137 1679 4192 ὅταν
1727 4139 1810 4212 ίδῃ

233 4222 665 4294 μεμονωμένους
720 4225 901 4296 ἡμᾶς,
948 4225 1042 4281 καὶ
1085 4227 1210 4282 καθ’
1255 4229 1484 4294 ἑαυτοὺς
1529 4231 1708 4298 ὄντας.
1739 4263 1810 4274 -ο

240 4309 505 4384 ’Δρμόζει
535 4313 616 4386 τῷ
641 4316 914 4390 ἐγκρατεῖ,
949 4319 1044 4374 καὶ
1070 4321 1195 4385 τοὺς
1223 4321 1415 4394 ὄχλους
1446 4323 1692 4394 φεύγειν,
1722 4327 1808 4382 ἵνα

228 4403 324 4460 τὸν
357 4405 486 4461 νοῦν
519 4409 929 4480 ἀπερίσπαστον
953 4411 1076 4486 ἔχῃ,
1120 4414 1216 4469 καὶ
1262 4416 1360 4488 τὴν
1410 4417 1637 4490 καρδίαν
1670 4420 1805 4477 άτάο

232 4512 422 4569 ραχον.
450 4497 628 4571 Πολλὴ
655 4498 762 4572 γὰρ
798 4499 858 4557 ἂν
890 4503 1005 4568 τοῖς
1034 4503 1212 4575 δχλοις
1237 4506 1268 4578 ἡ
1297 4510 1536 4581 ταραχή.

303 4675 498 4747 Μέγας
525 4677 789 4752 συνεργὸς
828 4679 966 4751 πρὸς
995 4679 1308 4755 τελειότητα
1358 4684 1468 4741 τῶν
1497 4686 1802 4760 ἀνθρώπων

230 4764 380 4825 ὶστὶν
406 4770 442 4842 ἠ
471 4767 839 4842 ἀναχώρησις.

301 4860 563 4936 Μεγάλην
594 4863 676 4931 είς
700 4865 902 4936 γνῶσιν
926 4868 1101 4942 ῥοπὴν
1135 4869 1545 4945 άπερίσπαστος
1573 4882 1803 4949 παρέχει

235 4955 579 5026 προαίρεσις.

294 5134 408 5206 Ζῆν
439 5136 660 5206 ἄμεινον
690 5138 784 5192 ἐπὶ
819 5140 1066 5207 στιϐάδος
1102 5147 1522 5221 κατακείμενον,
1553 5152 1642 5208 καὶ
1669 5153 1802 5229 θαρ-

237 5227 370 5295 ρεῖν,
398 5227 432 5299 ἦ
457 5230 822 5302 ταράττεσθαι
853 5235 1064 5308 χρυσῆν
1094 5236 1287 5309 ἔχοντα
1320 5240 1529 5315 κλίνην.

306 5401 428 5468 Βίος
478 5407 700 5481 ἡσύχιος
764 5410 1088 5483 χρημάτων·
1125 5415 1339 5476 πολλῶν
1400 5425 1794 5494 περιφανέστε-

241 5511 345 5563 ρης.

315 5587 373 5644 '0
408 5594 567 5666 σοφὸς
592 5596 853 5667 ἠρεμίαν,
880 5600 975 5656 καὶ
1003 5601 1454 5679 ἀπραγμοσύνην,
1482 5611 1574 5666 καί
1599 5615 1790 5687 σχολὴν

1917 3267 2076 3332 quet;
2105 3261 2198 3317 Sed
2230 3261 2299 3316 ab
2326 3261 2587 3318 omnibus
2619 3261 2855 3318 terrenis
2891 3260 3044 3315 euris
3073 3259 3324 3325 feriatus,
3371 3271 3458 3316 stu
3480 3291 3494 3301 -

1915 3351 2063 3407 dium
2086 3367 2248 3408 omne
2279 3368 2436 3409 suum
2463 3354 2531 3408 ad
2566 3361 2903 3411 teternorum
2936 3353 3207 3408 bonorum
3242 3351 3496 3424 adeptio-

1914 3461 2037 3502 nem
2073 3446 2360 3503 transfert.

1985 3558 2045 3615 S.
2075 3559 2230 3632 (ἔτερ.
2255 3557 2525 3614 Nazianz.
2562 3558 2720 3616 Orat.
2751 3559 2815 3614 de
2835 3560 3025 3630 seipse.
3046 3585 3111 3598 ——
3131 3557 3490 3616 Solitudinem

1913 3647 2170 3703 nonnihil
2200 3645 2457 3718 amplecti
2502 3653 2720 3717 oportet
2743 3687 2759 3713 ,
2808 3653 2867 3699 ut
2902 3647 3086 3700 animo
3119 3645 3343 3701 minime
3378 3654 3491 3699 tur-

1914 3739 2042 3796 bido
2075 3737 2242 3794 Deum
2292 3738 2643 3809 alloquamur
2717 3745 2771 3795 et
2811 3746 3049 3793 mentem
3082 3753 3109 3791 ιι
3137 3739 3299 3794 rebus
3341 3737 3489 3809 vagis

1913 3831 2260 3886 reducamus.

1987 3940 2179 4016 Εμιςά.
2209 3946 2359 4015 epist.
2414 3943 2481 4000 76
2512 3954 2631 3998 ν.-
2664 3944 2912 4000 Solitudo
2952 3958 2980 3998 a
3023 3944 3257 4015 negotiis
3295 3943 3487 4009 libera,

1913 4039 2205 4111 splendOrc
2238 4055 2362 4095 cum
2399 4039 2636 4111 negotiis
2668 4039 2969 4109 coniuncto
2996 4039 3352 4110 praestantior
3381 4047 3485 4094 est.

1981 4133 2257 4204 Chrysost.
2299 4131 2455 4186 flant.
2504 4134 2570 4187 M
2622 4135 2675 4188 in
2731 4131 2925 4186 Matth.
2961 4165 3028 4173 -—
3061 4130 3201 4186 Tum
3255 4133 3484 4186 maxime

1909 4223 2164 4280 diabolus
2202 4224 2430 4294 ingruit,
2453 4239 2577 4279 cum
2610 4239 2715 4279 nos
2746 4224 2896 4280 solos
2921 4266 2935 4290 ,
2970 4232 3021 4278 et
3051 4223 3226 4278 nostri
3262 4239 3498 4293 compo—

1911 4323 1992 4372 tes
2022 4316 2189 4373 videt.
2219 4347 2288 4358 ——
2317 4316 2374 4371 Ei
2406 4317 2499 4387 qui
2541 4319 2902 4373 continentize
2955 4316 3160 4384 studet,
3205 4319 3481 4382 convenit,

1910 4416 2046 4465 utet
2084 4411 2277 4465 turbas
2316 4424 2535 4480 quoque
2580 4409 2774 4481 fugiat,
2817 4416 2876 4464 ut
2922 4420 3160 4466 mentem
3221 4423 3249 4462 a
3283 4409 3497 4473 distra-

1908 4502 2091 4556 ctione
2123 4500 2374 4563 liberam,
2404 4507 2460 4554 et
2484 4514 2583 4555 cor
2617 4498 3074 4571 imperturbatum
3119 4498 3340 4557 habeat.
3375 4497 3478 4554 Ma.

1835 4591 1873 4646 ο
1905 4610 2012 4667 gna
2043 4595 2248 4667 quippe
2287 4596 2584 4651 commotio
2605 4605 2682 4651 est
2713 4595 2858 4652 inter
2885 4595 3078 4650 turbas
3106 4593 3411 4650 hominum.

1976 4688 2160 4756 δεῖξιν.
2187 4688 2353 4742 -ΑιΙ
2385 4687 2781 4760 perfectionem
2825 4686 3241 4760 adipiscendam
3277 4675 3497 4757 ingenti

1907 4781 2150 4841 Sulisidio
2177 4797 2431 4836 secessus
2467 4775 2571 4838 est.

1975 4875 2143 4932 Clem.
2172 4876 2264 4930 lib.
2303 4891 2338 4930 ll
2363 4875 2564 4932 Strom.
2592 4905 2661 4915 —
2693 4873 2773 4930 Ad
2805 4873 3251 4944 consequendam
3280 4875 3498 4930 d0t‘ll'l-v.

1907 4984 2030 5024 nam
2061 4969 2359 5039 plurimum
2403 4967 2619 5026 confert
2661 4969 2880 5024 animus
2927 4983 2955 5022 a
2996 4967 3352 5024 distractione
3383 4970 3472 5022 im-

1907 5063 2108 5119 munis.

1977 5154 2215 5226 Evagrii.
2241 5187 2308 5197 -—
2338 5152 2569 5210 Przestat
2617 5156 2670 5209 in
2705 5162 2889 5208 storea
2941 5154 3255 5209 rccubando
3317 5155 3478 5210 vitam

1903 5263 2084 5320 agerc,
2117 5264 2180 5302 ac
2214 5247 2403 5303 fidenti
2437 5263 2559 5304 esse
2582 5246 2790 5314 animo,
2832 5260 2997 5317 quam
3037 5246 3091 5301 in
3123 5246 3264 5302 lecto
3311 5263 3485 5303 aureo

1900 5342 2225 5414 perturbari.

1972 5435 2138 5506 376
2172 5433 2308 5490 Nili.
2343 5465 2411 5475 —
2437 5432 2561 5488 Vita
2597 5433 2844 5488 solitaria
2871 5442 2924 5488 et
2962 5433 3144 5503 quieta
3177 5434 3366 5491 multis
3395 5447 3474 5494 est

1903 5529 2101 5598 Opibus
2126 5527 2487 5598 splendidior.

1972 5621 2328 5679 I’Izilonis.—-
2355 5621 2586 5693 Sapiens
2627 5622 3106 5693 tranquillitatem,
3143 5623 3377 5694 quietem
3421 5632 3472 5682 et

309 5767 420 5877 mg:
450 5767 1090 5877 ὥπίῖηῑὶιε
1119 5783 1404 5861 inscriptio
1436 5800 1536 5861 est,
1580 5792 1674 5848 τοῦ
1711 5794 1816 5852 αὐτ

1935 5797 1988 5853 ἐκ
2018 5799 2118 5873 τῆς
2168 5801 2234 5876 ιβ’
2284 5802 2591 5876 ἐπιστολῆς.
2661 5800 2876 5860 Melissa
2924 5803 3178 5870 Creqorio
3229 5802 3466 5877 Nyssmo

240 5835 442 5904 \f'tbuit,
474 5835 754 5918 Γρηγορίῳ
783 5847 1022 5920 Νύσσης.
