4010 6302
173 409 306 483 125Ἱ

247 553 269 587 ι
312 532 372 588 '0
401 529 582 606 τιμῶν
606 530 841 606 πατέρα,
881 530 1186 599 ἑξιλάσεται
1216 529 1513 601 ἁμαρτίας.
1553 548 1571 581 3

252 735 274 772 ι
303 717 539 776 Εὖδοκία
584 717 817 792 Κυρίου,
868 718 1174 791 ἀποστῆναι
1223 717 1333 773 ἀπὸ
1378 713 1615 779 ἀδικίας,
1664 711 1758 766 καὶ

174 812 469 886 ἰξιλασμδς
499 811 807 883 ἀποστῆναι
837 811 947 867 ἀπὸ
978 810 1274 886 ἁμαρτίας.
1315 828 1333 865 ι

251 1021 272 1057 ε
317 1000 444 1056 Ἐὰν
476 998 652 1071 ἀφῆτε
702 999 816 1063 τοῖς
862 996 1172 1070 ἀνθρώποις
1209 994 1276 1050 τὰ
1297 1041 1306 1050 .
1331 992 1757 1066 παραπτώματα

167 1092 374 1159 αὐτῶν,
408 1090 610 1163 ἀφήσει
634 1088 730 1146 καὶ
756 1090 885 1161 ὑμῖν
907 1089 936 1144 ὁ
969 1088 1157 1162 Πατὴρ
1185 1086 1340 1159 ὑμῶν
1365 1084 1393 1137 ὁ
1428 1084 1699 1158 οὐράνιος.
1729 1099 1750 1133 3

240 1301 262 1335 ι
318 1281 377 1337 '0
404 1278 741 1352 ἐπιστρέψας
783 1274 1104 1349 ἁμαρτωλὸν
1141 1277 1206 1329 ὲκ
1239 1273 1443 1345 πλάνης
1483 1269 1605 1327 ὁδοῦ
1654 1269 1755 1324 αὐ-

166 1375 287 1443 τοῦ,
322 1372 485 1428 σώσει
513 1370 691 1446 ψυχὴν
718 1373 785 1426 ὲκ
822 1369 1075 1435 θανάτου,
1131 1367 1226 1422 καὶ
1272 1364 1504 1437 καλύψει
1548 1361 1753 1435 πλῆθος

168 1470 203 1525 ἁ
208 1485 286 1540 μα
294 1465 481 1538 ρτιῶν.
524 1483 543 1519 ι

164 1625 353 1682 ΤΙΤΛ.
383 1622 525 1679 net.
542 1619 770 1691 -ῌερι
794 1613 1203 1691 ἀπογνώσεως
1229 1629 1244 1645 ο
1269 1613 1359 1667 ὅτι
1386 1613 1467 1691 οὐ,
1483 1608 1754 1682 δεῖήμᾶς

359 1694 474 1765 τῆς
495 1683 728 1749 caveati-
770 1683 1216 1760 ἀπογὶνώσκειν
1242 1683 1561 1754 σωτηρίας.

238 1848 262 1884 c
294 1825 582 1893 Πεποιθὼς
611 1823 734 1898 ἔσῃ,
764 1824 846 1878 ὅτι
874 1839 958 1877 σοι
991 1818 1138 1876 ἔστιν
1175 1816 1348 1883 ἐλπίς.
1381 1835 1407 1871 3

234 2039 256 2074 ι
292 2018 358 2074 οε
386 2012 796 2090 ἀπηλπισμένοι
824 2009 933 2065 τῶν
958 2003 1285 2080 ἀνθρώπων,
1324 1999 1741 2076 ἑμπλησθήσον-

155 2131 248 2169 ται
283 2107 653 2182 εὐφροσύνης.
693 2122 717 2160 s

225 2204 418 2268 Οὐδεὶς
444 2200 593 2273 φόϐῳ
621 2197 732 2254 τῶν
756 2194 1069 2268 στερήσεων
1096 2192 1166 2248 τὰ
1202 2190 1382 2262 ἀγαθὰ
1411 2185 1737 2245 ἀπωθεῖται.

158 2298 312 2355 οὕτω
337 2295 454 2369 γὰρ
475 2292 541 2348 ἂν
559 2290 713 2347 οὐδὲν
748 2288 858 2345 τῶν
886 2283 1243 2359 ἀνθρωπίνων
1292 2282 1545 2352 συνέστη,
1576 2280 1625 2333 εί
1656 2277 1741 2347 ἐφ’

156 2393 375 2464 ἑκάστῳ
402 2388 514 2444 τῶν
559 2382 1010 2454 σπουδαζομένων
1048 2379 1146 2441 τὰς
1175 2374 1477 2447 ἀποτυχίας
1503 2369 1742 2443 ιλογιζό-

162 2487 320 2561 μεθα.
350 2483 695 2558 Παράκειται
721 2477 831 2551 γὰρ
880 2479 949 2548 τῇ
982 2473 1230 2547 γεωργίᾳ
1257 2474 1294 2545 ἡ
1346 2466 1570 2541 ἀφορία,
1618 2468 1741 2533 ταῖς

160 2579 457 2655 ἐμπορίαις
494 2577 551 2632 δὲ
581 2574 650 2630 τὰ
688 2572 942 2641 ναυάγια,
977 2571 1090 2633 τοῖς
1127 2566 1329 2637 γάμοις
1380 2562 1437 2617 αί
1462 2563 1737 2655 ⁸χιιιρεῖαι,

159 2651 277 2741 ταῖς
307 2651 746 2745 ⁷παιδοτροςιοίαις
803 2665 861 2721 αι
916 2660 1337 2723 ἁποτεκνώσεις.
1401 2651 1741 2745 autem

160 2743 670 2839 Enetpoﬁpsvvroi;
704 2757 908 2831 ἔργοις,
941 2756 1059 2819 ταῖς
1091 2746 1485 2825 χρηστοτέραις
1525 2743 1743 2801 ἐλπίσιν

161 2859 592 2935 ἑπερειδὸμενοι,
621 2854 721 2927 τὴν
752 2852 809 2907 δὲ
830 2849 940 2905 τῶν
963 2846 1327 2903 ἐλπισθέντων
1356 2841 1580 2898 ἔκϐασιν
1605 2841 1741 2898 ἀνα-

159 2954 398 3019 τιθέντες
424 2949 505 3023 τῷ
524 2949 594 3004 τὰ
622 2946 866 3021 ἡμέτερα
898 2939 1268 3014 οἰκονομοῦντι
1301 2935 1441 3009 Θεῷ.

229 3136 366 3193 Οὔτε
398 3138 429 3192 ὁ
463 3136 541 3208 μὴ
581 3131 841 3209 ῥαθυμῶν
894 3131 972 3195 είς
1038 3126 1352 3199 ἀπόγνωσιν
1404 3123 1473 3179 ἂν
1510 3119 1744 3192 ἐμπέσοι

163 3232 313 3297 ποτὲ,
374 3230 502 3287 οὔτε
547 3231 575 3284 ὁ
625 3227 957 3302 τρεφόμενος
1039 3220 1223 3277 ἐλπίσι
1290 3218 1586 3291 χρησταῖς,
1647 3216 1743 3271 καὶ

166 3329 240 3399 μὴ
261 3295 674 3397 ἀπογινώσκων·
709 3295 927 3387 ἑαυτοῦ,
974 3317 1054 3383 είς
1130 3313 1405 3389 ρᾳθυμίαν
1453 3310 1742 3383 δυνήσεται
1768 3295 1814 3359 C

162 3419 445 3490 ἐμπεσεῖν.

228 3577 412 3634 ΤΙΤΔ.
431 3570 603 3631 N'.—
623 3571 761 3642 "api
792 3566 1162 3639 ἀναθέματυς
1184 3561 1283 3618 καὶ
1310 3557 1673 3632 ἀφορισμοῦ.
1720 3631 1731 3641 ‘

250 3711 269 3744 ι
292 3692 407 3747 υὺκ
422 3689 681 3751 εἰσοίσεις
709 3683 983 3759 βδέλυγμα
1010 3682 1087 3745 είς
1107 3678 1197 3733 τὸν
1223 3673 1368 3732 οἶκόν
1393 3691 1507 3741 σου,
1529 3674 1625 3731 καὶ
1645 3672 1743 3745 ἔσῃ

164 3788 413 3861 ἀνάθεμα
441 3786 637 3857 ὥσπερ
663 3782 844 3838 τοῦτο.
892 3774 1337 3851 Προσοχθίσματι
1377 3770 1744 3845 προσοχθιείς,

166 3883 261 3937 καὶ
290 3880 626 3953 βδελύγματι
683 3872 942 3948 saetae“,
981 3872 1064 3926 ὅτι
1116 3866 1368 3938 ἀνάθεμα
1412 3867 1579 3918 ἐστιν.
1622 3882 1643 3918 3
1676 3892 1747 3905 --

173 3976 323 4046 «Οὐχ
350 3974 707 4048 εὑρεθήσεται
759 3969 818 4023 ὲν
863 3968 931 4039 τῇ
999 3962 1141 4037 χειρί
1187 3978 1280 4015 σου
1323 3958 1475 4013 οὐδὲν
1512 3956 1619 4012 ἀπὸ
1649 3957 1744 4012 τοῦ

171 4068 534 4142 ἁναθέματος.
571 4084 589 4119 ι

246 4252 409 4312 «Eine
462 4252 671 4327 Κύριος
729 4249 866 4318 πρὸς
901 4246 1141 4315 Ἰησοῦν·
1185 4243 1261 4299 Οὐ
1318 4245 1572 4300 δύνανται
1638 4240 1745 4298 υἱοὶ

183 4350 399 4423 Ἰσραὴλ
418 4348 719 4418 ὑποστῆναι
738 4345 876 4399 κατὰ
894 4344 1183 4415 πρόσωπον
1198 4342 1305 4394 τῶν
1322 4337 1529 4412 ἐχθρῶν
1546 4336 1745 4405 αὐτῶν,

172 4443 251 4496 ὅτι
271 4442 609 4514 ἐγενήθησαν
633 4438 901 4509 ἀνάθεμα.
932 4436 1007 4489 Οὐ
1033 4434 1325 4507 προσθήσω
1358 4433 1436 4485 ἔτι
1454 4430 1571 4503 μεθ’
1592 4428 1745 4501 ὑμῶν

172 4528 330 4601 εἶναι,
364 4537 459 4591 ἐὰν
494 4536 569 4607 μὴ
596 4533 829 4606 ἑξάρτιτε
860 4534 920 4584 τὸ
954 4528 1200 4598 ἀνάθεμα
1253 4527 1312 4594 ἐξ
1345 4525 1498 4597 ὑμῶν
1541 4522 1742 4577 αὐτῶν.

1376 409 1613 471 SACRA
1651 407 1845 470 PARA
1854 408 2115 471 LLELA.

1780 532 1826 591 Α
1931 525 2101 583 Eccti.
2133 541 2214 594 ut,
2248 526 2303 582 5.
2327 556 2395 570 ρ-
2430 545 2448 577 ι
2482 522 2588 592 Qui
2644 522 2879 581 honorat
2926 533 3162 596 patrem,
3200 522 3443 596 expiabit

3308 403 3445 473 1258

1861 627 2109 690 peccata.
2140 637 2163 680 3

1928 709 2098 767 Eccli.
2129 726 2293 777 xxxv,
2344 709 2399 767 5.
2434 738 2505 751 —--
2538 727 2558 763 ι
2605 704 3021 779 Beneplacitum
3079 702 3301 760 Domini
3353 712 3440 761 est

1857 801 2136 860 abstinere
2169 802 2238 858 ab
2277 799 2569 873 injustitia,
2604 807 2660 857 et
2699 795 3041 872 propitiatio,
3088 794 3371 853 abstinere
3405 811 3438 852 a

1857 903 2103 966 peccato.
2146 914 2165 947 3

1925 982 2127 1039 Matth.
2178 999 2251 1048 vt,
2304 983 2392 1039 14.
2441 1014 2512 1026 --
2567 1001 2586 1036 ι
2622 980 2683 1038 Si
2732 977 3063 1039 dimiseritis
3117 978 3437 1037 hominibus

1858 1087 2082 1150 peccata
2111 1091 2325 1146 eorum,
2371 1074 2613 1132 dimittet
2653 1084 2708 1131 et
2740 1072 2907 1130 Pater
2957 1083 3136 1129 vester
3190 1056 3437 1129 caelestis

1855 1170 2056 1227 delicta
2080 1177 2284 1227 vestra.
2322 1189 2342 1223 3

1924 1262 2050 1319 Jac.
2084 1280 2137 1331 ν,
2166 1262 2260 1320 20.
2292 1292 2361 1304 —
2393 1282 2411 1315 ι
2442 1261 2548 1329 Qui
2579 1258 2828 1318 converti
2859 1259 3052 1318 fecerit
3082 1268 3433 1332 peccatorem

1856 1358 1927 1415 ab
1952 1374 2139 1416 errore
2165 1359 2264 1415 vite
2287 1374 2420 1426 suac,
2447 1356 2684 1415 salvabit
2717 1355 2961 1412 animam
2991 1355 3117 1428 ejus
3143 1370 3210 1413 ex
3233 1362 3429 1422 morte,

1854 1458 1910 1506 et
1942 1450 2150 1523 operiet
2174 1449 2581 1507 multitudinem
2614 1454 2993 1521 peccatorum.
3027 1463 3054 1503 3

1854 1606 1991 1664 TIT.
2026 1606 2217 1663 XLIX.
2251 1638 2322 1649 —-
2353 1606 2425 1662 De
2476 1606 2842 1676 desperatione
2889 1621 2908 1660 :
2956 1614 3007 1661 et
3044 1604 3186 1676 quod
3234 1605 3430 1663 salutis

2102 1690 2298 1736 nostra:
2318 1694 2458 1748 spem
2486 1679 2716 1750 abjicere
2745 1693 2851 1732 non
2876 1676 3178 1733 debeamus.

1810 1844 1813 1845 ν
1922 1794 2023 1852 Job
2079 1812 2156 1864 xi,
2190 1795 2278 1852 l8.
2307 1825 2379 1838 -ρ
2404 1814 2422 1848 ι
2450 1793 2603 1851 Βοηο
2629 1794 2740 1850 eris
2775 1793 2981 1859 animo,
3020 1792 3148 1865 quia
3174 1808 3302 1867 spes
3333 1794 3431 1851 tibi

1778 1919 1822 1975 Β
1851 1898 1955 1947 est.
1996 1908 2015 1941 3

1920 1982 2036 2040 Ira.
2068 1999 2218 2048 xxrx,
2253 1983 2340 2039 19.
2371 2011 2440 2024 —-
2466 2002 2485 2035 ι
2513 1980 2776 2036 Homines
2797 1995 3033 2053 quorum
3057 1980 3210 2038 salus
3239 1979 3429 2055 deplo-

1848 2086 1971 2135 rata
2005 2087 2144 2144 erat,
2174 2077 2553 2149 implebuntur
2582 2075 2793 2131 laetitia.
2829 2094 2847 2128 3

1918 2172 2093 2229 Basit.
2134 2170 2360 2227 Exhort.
2398 2170 2470 2227 ad
2514 2169 2660 2241 bapt.
2686 2199 2759 2211 --
2790 2167 2963 2225 Nemo
3008 2168 3155 2225 bona
3204 2167 3427 2241 projicit

1848 2280 2039 2322 eorum
2077 2264 2504 2322 amlttendoruru
2545 2272 2716 2321 metu.
2747 2261 2883 2320 Nam
2918 2263 3020 2319 hoc
3064 2271 3228 2335 pacto
3276 2263 3427 2319 nulla

1849 2377 1940 2419 res
1964 2361 2204 2418 humana
2238 2361 2589 2427 consisteret,
2628 2360 2677 2417 si
2713 2359 2768 2415 in
2814 2358 3053 2432 singulis
3092 2358 3258 2414 rebus
3288 2373 3428 2429 quas

1847 2452 2255 2527 persequimur,
2308 2452 2558 2524 jacturas
2610 2449 3116 2510 consideraremus.
3170 2451 3428 2522 Agricul-

1849 2549 1989 2599 tura
2007 2542 2153 2598 enim
2182 2541 2447 2599 sterilitas
2468 2541 2739 2610 imminet,
2767 2550 3095 2599 mercatura:
3116 2540 3423 2613 naufragia,

1849 2635 2127 2708 coniugiis
2172 2633 2487 2699 viduitates,
2520 2633 2947 2692 educationibus
2998 2634 3239 2691 ﬁliorum
3273 2636 3425 2691 orbi-

1848 2738 2012 2789 tates.
2043 2726 2229 2785 Nihilo
2264 2736 2448 2783 tamen
2494 2726 2654 2801 381
2688 2726 2871 2785 secius
2923 2742 3014 2785 res
3056 2726 3425 2800 aggredimur,

1847 2836 2066 2896 semper
2094 2820 2317 2894 quidem
2347 2820 2556 2877 laetiora
2599 2819 2762 2877 nobis
2815 2818 3141 2894 poilicentes
3181 2835 3199 2877 :
3239 2833 3426 2876 rerum

1850 2933 1980 2976 vero
2005 2930 2144 2991 quas
2171 2930 2481 2988 speramus,
2503 2921 2763 2973 eventum
2792 2912 2863 2970 ad
2889 2928 3073 2972 rerum
3104 2920 3426 2972 nostrarum

1848 3010 2281 3083 dispensatorem
2328 3006 2493 3063 Deum
2544 3004 2859 3065 referimus.

1925 3099 2205 3174 Chrysost.
2240 3130 2312 3142 -
2340 3097 2529 3172 Neque
2560 3101 2607 3156 is
2635 3100 2728 3173 qui
2763 3099 3059 3173 abignavia
3088 3111 3144 3158 et
3175 3104 3427 3161 socordia

1851 3203 2091 3263 remotus
2120 3202 2226 3258 est,
2255 3195 2313 3249 in
2369 3193 2805 3265 desperationem
2855 3208 3093 3266 unquam
3167 3197 3424 3254 incidet:

1846 3301 1944 3344 nec
1971 3285 2063 3357 qui
2096 3284 2216 3341 laeta
2241 3299 2335 3354 spe
2365 3284 2622 3350 lactetur,
2664 3284 2730 3341 de
2758 3299 2855 3341 sua
2885 3285 3062 3342 salute
3097 3303 3202 3343 non
3235 3289 3431 3360 despe-

1845 3394 1996 3448 rans,
2029 3379 2082 3434 in
2113 3377 2417 3435 socordiam
2466 3392 2705 3449 unquam
2764 3376 2867 3433 labi
2922 3382 3200 3450 potuerit.

1948 3550 2086 3609 TIT.
2116 3551 2334 3608 L.——De
2357 3554 2690 3609 anathemate
2721 3562 2769 3609 et
2797 3555 3363 3612 “communicatione.

1918 3665 2076 3723 Deut.
2111 3682 2216 3733 vu,
2247 3665 2338 3732 26,
2368 3665 2459 3721 27.
2490 3692 2563 3707 -ι
2596 3684 2617 3719 ι
2655 3664 2771 3722 Non
2830 3665 3034 3723 inferes
3064 3666 3427 3723 abominatio-

1845 3776 1968 3818 nem
2003 3762 2054 3817 in
2087 3761 2307 3817 domum
2366 3768 2537 3829 tuam,
2571 3775 2640 3816 ne
2670 3759 2770 3817 ﬁas
2803 3763 3125 3823 anathema.
3185 3761 3325 3818 sicut
3374 3773 3429 3818 et
3490 3812 3497 3817 ,

1847 3854 1979 3911 illud
2038 3862 2141 3911 est.
2199 3853 2576 3912 Detestatione
2627 3852 3017 3920 detestaberis,
3050 3862 3103 3909 et
3138 3853 3428 3911 abomina-

1849 3948 1996 4006 tione
2019 3947 2447 4014 abominaberis,
2497 3946 2759 4018 quoniam
2812 3947 3101 4002 anathema
3153 3953 3259 4003 est.
3300 3965 3321 4000 3
3355 3976 3428 3991 --

1852 4060 1872 4097 ι
1911 4041 2031 4100 Non
2064 4041 2371 4098 inveniatur
2399 4040 2452 4096 in
2483 4054 2644 4096 manu
2704 4047 2799 4095 tua
2857 4039 3152 4111 quidquam
3185 4039 3251 4095 de
3282 4053 3419 4093 ana-

1849 4136 2107 4193 themate.
2138 4153 2157 4187 3

1918 4230 2080 4286 Josue
2117 4245 2213 4299 vn,
2249 4228 2435 4285 i2—25.
2467 4257 2537 4269 -—
2571 4245 2590 4279 ι
2622 4224 2771 4281 Dixit
2814 4225 3073 4282 Dominus
3105 4224 3170 4280 ad
3198 4223 3422 4282 Iesum:

1851 4322 1966 4379 Non
2000 4329 2260 4395 poterunt
2319 4321 2410 4377 lilii
2470 4319 2638 4376 Israel
2686 4319 2983 4376 subsistere
3038 4330 3167 4374 ante
3226 4317 3423 4373 faciem

1848 4417 2198 4473 inimicorum
2229 4430 2492 4482 suorum;
2525 4413 2781 4485 quoniam
2814 4411 3087 4468 factisunt
3108 4410 3420 4467 anathema.

1849 4508 1966 4564 Non
1999 4509 2255 4580 adjiciam
2281 4509 2421 4563 ultra
2466 4522 2589 4564 esse
2612 4506 2916 4573 vobiscum,
2949 4504 3053 4563 nisi
3085 4504 3423 4561 abstuleritis

187 4596 444 4693 Ἀναστὰς
474 4596 712 4695 ἁγίασον.
736 4596 828 4679 τὸν
870 4621 1003 4677 λαὸν
1054 4596 1137 4685 είς
1163 4620 1262 4693 τὴν
1302 4596 1524 4690 αῠριονο
1563 4616 1657 4670 καὶ
1688 4615 1745 4680 ὃς

1861 4604 2144 4658 anathema
2185 4617 2252 4657 ex
2297 4600 2451 4656 vobis
2502 4598 2654 4671 ipsis.
2720 4597 2962 4670 Surgens
3018 4596 3298 4654 sanctiﬁca
3331 4613 3425 4669 po-

953 4676 1434 4785 κατακαυθήσεται
1472 4711 1531 4763 ὲν
1586 4676 1742 4780 πυρὶ,

1861 4694 2033 4766 pulum
2067 4696 2119 4749 in
2178 4694 2481 4750 crastinum
2516 4712 2532 4749 :
2567 4701 2623 4749 ct
2647 4692 2734 4764 qui
2794 4691 3173 4763 deprehensus
3235 4689 3422 4757 fuerit,

183 4814 275 4866 καὶ
326 4814 503 4869 πάντα
561 4816 661 4868 ὃσα
696 4812 842 4865 ἐστὶν
869 4807 1018 4879 αὐτῷ
1042 4850 1058 4875 ,
1088 4808 1171 4861 ὅτι
1205 4804 1417 4877 παρέϐη
1439 4802 1535 4876 τὴν
1562 4802 1746 4873 διαθή-

179 4920 281 4976 κην
311 4907 534 4979 Κυρίου,
566 4907 660 4961 καὶ
688 4904 942 4976 ἐποίησεν
969 4901 1229 4971 ἁνόμημα
1255 4898 1313 4950 ὲν
1357 4895 1593 4967 Ἰσραήλ,
1634 4894 1745 4948 Καὶ

179 4995 441 5070 ὣρθρισεν
505 4999 711 5072 Ἰησοῦς
770 4996 828 5052 τὺ
879 4992 1045 5067 πρωί,
1087 4993 1195 5045 xa‘t'
1227 4986 1349 5043 εἷπε
1400 4986 1476 5059 τῷ
1537 4986 1709 5057 Ἀχὰρ

191 5088 533 5163 Ἀνάγγειλόν
573 5110 682 5165 μοι,
743 5091 796 5145 τί
837 5087 1117 5157 ἐποίησας.
1166 5084 1277 5138 Καὶ
1323 5079 1473 5135 εἶπεν
1539 5080 1745 5150 Ἀχὰρ’

180 5176 329 5236 Εἶδον
379 5186 436 5239 ὲν
488 5188 555 5259 τῇ
617 5183 864 5257 προνομῇ
915 5178 1075 5251 ψιλὴν
1121 5174 1372 5246 ποικίλην
1410 5170 1604 5243 καλὴν,
1653 5171 1747 5224 καὶ

181 5272 422 5331 διακόσια
446 5279 719 5352 δίδραχμα
764 5273 1052 5350 ἀργυρίου,
1102 5271 1197 5326 καὶ
1253 5268 1503 5339 γλῶσσαν
1540 5267 1747 5338 χρυσῆν

185 5368 512 5438 πεντήκοντα
572 5369 905 5442 διδράχμων,
962 5362 1057 5419 καὶ
1105 5358 1298 5415 ἔλαϐον
1338 5374 1352 5390 ·
1383 5357 1475 5412 καὶ
1513 5356 1622 5411 ἰδοὺ
1652 5373 1745 5410 κε-

1845 4789 2200 4845 comburetur
2261 4786 2413 4859 igni,
2445 4796 2499 4843 et
2541 4785 2725 4843 omnia
2774 4799 3112 4855 quamcunque
3166 4792 3294 4837 sunt
3322 4784 3368 4837 ei
3404 4799 3420 4849 ;

1850 4880 2113 4951 quoniam
2148 4889 2522 4951 transgressus
2552 4887 2633 4934 est
2664 4885 3049 4933 testamentum
3096 4874 3334 4940 Domini,
3367 4887 3422 4929 et

1849 4974 1978 5029 fecit
2039 4972 2380 5042 iniquitatem
2438 4972 2491 5027 in
2538 4970 2726 5026 Israel.
2775 4972 2841 5025 Et
2889 4967 3128 5025 diluculo
3186 4970 3420 5024 surrexit

1845 5066 2025 5135 Jesus,
2054 5077 2108 5123 et
2136 5065 2275 5121 dixit
2304 5066 2485 5121 Achar
2518 5084 2532 5119 :
2566 5065 2841 5120 Annuntia
2874 5063 3006 5118 mihi
3038 5062 3166 5134 quid
3220 5058 3423 5117 fecisti.

1856 5164 1921 5218 Ει
1950 5160 2087 5216 dixit
2120 5159 2338 5216 Achar:
2372 5157 2497 5214 Vidi
2529 5160 2581 5213 in
2614 5158 2796 5232 praeda
2832 5165 3033 5213 vestem
3068 5155 3268 5210 variant
3302 5155 3423 5224 pul-

1847 5256 2058 5319 chram,
2090 5263 2144 5310 et
2174 5254 2404 5311 ducenta
2432 5254 2782 5309 didrachmas
2827 5251 3059 5322 argenti,
3094 5258 3147 5305 et
3179 5247 3418 5317 linguam

1850 5362 2016 5403 uuam
2061 5362 2282 5404 auream
2316 5346 2710 5418 quinquaginta
2743 5344 3213 5409 didrachmarum,
3245 5351 3300 5397 et
3329 5357 3419 5398 ac-

185 5433 468 5529 κρυμιιένα
521 5433 837 5533 craticiis.
872 5458 964 5531 γῇ.
996 5454 1109 5511 Καὶ
1150 5451 1538 5523 ἐλιθοϐόλησαν
1585 5448 1746 5504 αὑτὸν

1861 5439 1968 5509 eepi
2004 5455 2019 5494 :
2051 5448 2106 5495 et
2135 5453 2263 5496 ecce
2294 5438 2609 5495 abscondita
2669 5444 2797 5494 sunt
2828 5437 2880 5492 in
2913 5443 3079 5492 terra.
3115 5433 3180 5489 Et
3206 5433 3421 5506 lapida-

187 5548 276 5600 καὶ
298 5551 500 5620 πάντας
525 5557 648 5622 τοὺς
676 5553 865 5611 αὐτοῦ.
892 5571 912 5604 3

188 5680 365 5742 ΤΙΤΛ.
395 5689 524 5748 NA'.
557 5724 626 5735 -
644 5691 780 5763 Περι
811 5691 1095 5763 ἀμίκτων,
1138 5683 1388 5763 θεαί-τῷν
1415 5677 1745 5750 ἀκοινωντὶ-

500 5780 609 5834 τως
656 5758 923 5836 ἐχόντων
963 5761 1112 5831 πρὸς
1146 5758 1403 5826 ἄλληλα.

262 5884 282 5919 ι
310 5869 374 5924 Τί
400 5873 461 5928 τὸ
483 5876 681 5953 ἄχυρον
709 5878 844 5951 πρὸς
873 5876 963 5932 τὸν
993 5878 1175 5942 σίτον;
1213 5891 1235 5925 ι

262 5975 284 6015 t
310 5962 374 6018 Ti
402 5976 719 6049 κοινωνήσει
768 5972 931 6037 λύκος
978 5968 1168 6044 apud);
1202 5966 1372 6031 οὕτως
1426 5961 1747 6039 ἁμαρτωλὸς

459 6064 723 6133 Parnm"
758 6070 875 6133 (in.
895 6058 1087 6135 XCV;

1848 5541 2049 5589 verunt
2082 5548 2233 5601 eum,
2262 5542 2317 5591 et
2348 5548 2540 5591 omnes
2571 5533 2662 5605 qui
2695 5531 2868 5604 ipsius
2900 5538 3077 5586 erant.
3116 5548 3136 5586 3

1848 5672 1985 5730 τΙΤ.
2020 5671 2260 5728 LL—De
2285 5673 2349 5727 iis
2378 5688 2495 5745 φρίσ
2522 5670 2728 5726 ntisteri
2766 5686 2865 5745 non
2889 5678 3128 5740 possunt,
3154 5684 3246 5724 nec
3276 5682 3419 5722 com-

2248 5742 2497 5800 mercium
2530 5746 2663 5799 inter
2691 5760 2745 5798 se
2772 5742 2979 5798 habere.

1918 5864 2112 5919 Jerem.
2143 5879 2298 5927 xxut,
2334 5863 2502 5919 28.»
2534 5883 2551 5916 ι
2594 5863 2733 5931 Quid
2791 5863 2959 5935 palea:
2990 5860 3056 5917 ad
3088 5858 3330 5915 triticum
3359 5857 3422 5911 i3

1928 5958 2103 6015 Eali.
2130 5974 2251 6027 xui,
2284 5959 2338 6031 '5,
2368 5960 2544 6018 ﬁl."
2581 5980 2598 6013 ι
2637 5958 2774 6026 Quid
2807 5953 3235 6018 communicabit
3268 5952 3428 6024 lupus

3036 6050 3110 6115 40
