4010 6302
472 387 615 453 1263

543 509 606 566 8.
634 507 855 579 Gregor.
897 505 1190 569 Νιιιίιιιε..
1220 501 1294 558 De
1318 514 1498 556 amore
1517 512 1733 568 pauper.
1763 527 1832 537 —
1854 493 2059 561 Quem-
2090 505 2136 561 Α

473 598 767 656 admodum
788 597 935 655 varia
960 607 1088 654 sunt
1104 595 1225 652 vita:
1243 590 1610 654 instituta,sic
1632 587 1818 643 multa:
1837 599 2056 656 quoque

473 692 618 762 apud
645 690 813 746 Deum
833 690 1147 746 mansiones
1172 694 1337 744 sunt:
1364 697 1482 754 quae
1511 679 1729 752 quidem
1758 677 2058 746 unicuique

472 785 784 855 promerito
806 781 1234 837 distribuuntur.
1260 782 1332 832 Ae
1349 773 1568 846 quidem
1599 772 1740 827 alius
1771 769 1914 826 hanc
1947 771 2059 826 vir-

471 885 664 943 tutem,
697 875 839 932 alius
886 875 1056 942 illam,
1085 875 1270 945 plures
1293 869 1460 935 alius,
1494 867 1640 922 alius
1673 865 1907 935 denique
1931 878 2054 918 om-

470 985 591 1038 nes,
651 967 699 1025 si
736 968 854 1026 ﬁeri
906 968 1134 1039 possit:
1179 972 1392 1019 tantum
1441 956 1730 1033 procedat,
1784 965 1838 1012 et
1891 969 2056 1027 porro

469 1059 723 1132 progredi
756 1057 1001 1126 studeat,
1036 1064 1090 1112 et
1122 1055 1328 1126 optime
1358 1056 1718 1122 praeeuntem,
1749 1055 1807 1100 ut
1836 1059 1921 1116 per
1960 1058 2058 1098 auo

469 1162 686 1226 gnatam
717 1151 860 1206 viam
893 1157 950 1206 et
990 1155 1226 1220 portam,
1270 1141 1338 1198 ad
1390 1140 1752 1198 beatitudinis
1784 1137 1940 1192 illius
1971 1134 2057 1191 lu-

470 1253 607 1300 tum
635 1242 978 1298 latitudinem
1009 1250 1159 1297 recta
1193 1237 1489 1292 ducentem
1548 1237 1842 1304 sequatur.

540 1334 732 1407 Ejusd.
789 1345 926 1390 orat.
959 1334 1014 1387 in
1063 1330 1199 1387 Cm.
1244 1329 1404 1399 fratr.
1439 1358 1510 1368 -——
1540 1323 1661 1380 Una
1709 1338 1795 1378 me
1841 1327 2060 1391 oportet

470 1430 696 1502 sepeliri
735 1443 861 1485 cum
891 1425 1135 1490 Christo,
1171 1438 1278 1479 una
1306 1436 1432 1477 cum
1473 1419 1696 1475 Christo
1739 1427 2057 1485 resurgere,

470 1540 577 1579 una
613 1538 736 1577 eum
767 1520 992 1577 Christo
1019 1516 1295 1572 haeredem
1327 1528 1452 1571 esse
1477 1551 1494 1579 ,
1539 1512 1713 1566 lilium
1759 1507 1857 1566 Dei
1892 1504 2055 1571 edici,

474 1620 589 1673 imo
615 1617 778 1671 deum
802 1615 1010 1686 ipsum.

538 1707 791 1778 Nyiseni.
826 1737 894 1748 -
933 1704 1165 1759 Virtutis
1220 1700 1506 1773 praemium
1565 1698 1669 1754 hoc
1709 1704 1794 1754 est
1823 1736 1838 1761 ,
1893 1693 2056 1750 deum

470 1802 610 1864 ﬁeri,
652 1809 710 1856 et
751 1797 1054 1871 purissimo
1085 1796 1294 1850 lumine
1327 1791 1672 1849 collustrari.
1710 1818 1780 1831 -
1813 1788 1974 1845 Certa
2005 1793 2060 1842 et

1655 382 1718 446 S.
1750 381 2073 445 JOANNIS
2101 377 2538 442 DAMASCENI

2232 496 2448 566 Ὥσπερ
2477 492 2725 564 διάφοροι
2755 491 2886 565 βίων
2913 491 3176 562 αἱρέσεις,
3225 489 3400 556 οὕτως
3445 493 3543 546 καὶ
3579 485 3730 558 μοναὶ

2163 586 2319 643 ἄλλαι
2356 585 2511 658 παρὰ
2537 584 2614 658 τῷ
2642 584 2762 656 Θεῷ
2793 584 2934 639 κατὰ
2963 583 3060 656 τὴν
3089 583 3246 648 ἀξίαν
3273 581 3493 655 ἑκάστῳ
3520 580 3731 654 μεριζό-

2166 699 2343 753 μεναι.
2378 681 2488 736 Καὶ
2520 680 2548 734 ὁ
2584 679 2686 751 μὲν
2713 678 2870 750 τήνδε
2901 676 3245 751 κατορθούτω
3270 675 3491 752 ἀρετήν,
3517 678 3548 731 ὸ
3566 675 3620 730 δε
3637 675 3732 740 τὰς

2162 775 2404 840 ἁπάσας,
2437 775 2485 828 εί
2520 768 2631 831 οἷόν
2660 791 2716 826 τε
2735 773 2942 845 ’μόνον
2964 771 3219 840 ὁδευέτω,
3257 771 3352 826 καὶ
3386 769 3622 842 ἐφιέσθω
3640 767 3731 823 τοῦ

2165 867 2373 939 πρόσω,
2403 863 2662 920 καὶκατὰ
2690 866 2855 930 πόδας
2889 864 3106 920 ἑπέσθω
3134 863 3210 938 τῷ
3240 862 3423 928 καλῶς
3454 863 3731 935 ὁδηγοῦντι

2164 962 2256 1018 καὶ
2314 961 2738 1028 κατευθύνοντι,
2799 960 2898 1016 καὶ
2946 959 3038 1017 διὰ
3102 961 3202 1033 τῆς
3247 963 3440 1032 στενῆς
3484 957 3604 1015 ὁδοῦ
3639 958 3734 1014 καὶ

2165 1055 2340 1126 πύλης
2370 1055 2466 1110 ἐπὶ
2514 1055 2576 1108 τὸ
2627 1053 2826 1120 πλάτος
2869 1053 3056 1123 ἄγοντι
3093 1053 3192 1124 τῆς
3225 1052 3435 1108 έκεῖθεν
3474 1051 3736 1126 μακαριό-

2163 1165 2346 1220 τητος.

2233 1333 2457 1407 Χριστῷ
2495 1331 2832 1402 συνταφῆναί
2865 1348 2933 1403 με
2987 1330 3090 1396 δεῖ,
3127 1330 3347 1402 Χριστῷ
3385 1331 3734 1402 συναστῆναι,

2167 1426 2679 1499 συγκληρονομῆσαι
2711 1421 2956 1496 Χριστῷ,
2994 1423 3110 1478 υῑὺν
3142 1422 3396 1493 γενέσθαι
3423 1421 3579 1489 Θεοῦ,
3601 1423 3727 1477 θεὸν

2165 1519 2327 1576 αὐτόν
2337 1560 2355 1580 .

2236 1700 2437 1760 Ἀθλον
2466 1704 2689 1776 ἀρετῆς,
2742 1703 2864 1758 θεὸν
2919 1702 3196 1773 γενέσθαι,
3247 1700 3344 1757 καὶ
3374 1700 3454 1772 τῷ
3486 1700 3739 1772 καθαρω-

2166 1801 2316 1873 τάτῳ
2372 1801 2514 1872 φωτὶ
2581 1798 3118 1870 καταστράπτεσθαι.
3172 1825 3239 1840 -ι
3298 1796 3374 1850 Τὸ
3401 1796 3589 1850 πιστδν
3642 1797 3738 1849 καὶ

471 1894 778 1950 indubitata
808 1892 1008 1947 futura:
1041 1888 1234 1961 gratia:
1283 1901 1412 1956 spes
1445 1884 1711 1953 majorem
1747 1882 1804 1937 in
1831 1879 2049 1935 modum

2173 1892 2527 1963 ίναμφίϐολον
2560 1891 2661 1961 τῆς
2711 1890 3073 1961 ἐλπιζομένης
3127 1888 3351 1961 χάριτος
3380 1929 3394 1955 ,
3434 1887 3738 1951 ἀπόλαυσις

468 2003 565 2044 eos
597 1986 857 2051 oblectat,
889 1982 984 2054 qui
1021 1995 1143 2038 eam
1179 1994 1276 2051 per
1303 1976 1629 2049 patientiam
1669 1979 2018 2045 exspectant.

542 2098 730 2172 Ejusd.
765 2099 907 2154 hom.
934 2107 1048 2152 octo
1075 2097 1126 2151 in
1156 2091 1671 2162 maximi—Regni
1703 2089 1938 2159 dignitas
1965 2105 2058 2145 su-

472 2197 744 2266 periorem
771 2208 831 2250 se
860 2190 1206 2265 tyrannidem
1261 2201 1370 2242 non
1407 2186 1588 2240 habet.
1633 2215 1701 2225 —
1747 2181 2058 2238 Tribulatio

473 2289 576 2342 llos
603 2295 686 2342 est
721 2286 990 2341 bonorum
1021 2297 1143 2353 quae
1171 2279 1586 2352 praestolamur.
1628 2275 1843 2330 Florem
1889 2274 2058 2347 igitur

475 2390 696 2453 propter
729 2377 970 2434 fructum
993 2376 1356 2447 decerpamus
1373 2421 1391 2438 ,

543 2517 714 2574 Clem.
765 2515 921 2574 Alex.
973 2513 1105 2582 Quis
1144 2511 1284 2566 diues
1323 2506 1457 2565 salu.
1481 2505 1514 2581 ᾗ
1541 2505 1636 2562 21.
1666 2535 1738 2546 —-
1783 2500 1901 2557 Non
1934 2499 2056 2556 dor-

473 2613 766 2669 mientium
800 2625 903 2666 nec
932 2609 1254 2680 ignavorum
1282 2611 1368 2662 est
1401 2613 1636 2676 regnum
1667 2596 1786 2664 Dei,
1819 2595 1917 2653 sed
1949 2594 2059 2650 vio-

474 2705 605 2760 lenti
631 2704 854 2774 rapiunt
883 2699 1038 2755 illud.
1067 2697 1178 2753 Hoc
1203 2695 1350 2751 enim
1374 2695 1556 2753 solum
1583 2683 1858 2748 violentia
1881 2703 2059 2760 genus

476 2797 774 2853 honestum
806 2801 862 2849 et
895 2792 1221 2864 pra-clarum
1245 2796 1354 2852 est,
1389 2785 1501 2842 Deo
1527 2786 1638 2840 vim
1676 2781 1912 2846 inferre,
1944 2789 1998 2835 et
2028 2794 2058 2834 a

471 2886 588 2944 Deo
615 2888 782 2943 vitam
829 2892 1180 2956 extorquere.
1233 2880 1329 2937 ille
1355 2887 1563 2940 autem,
1617 2891 1745 2931 cum
1800 2872 2059 2946 cognitos

466 2981 598 3038 .illos
640 2980 860 3046 habeat,
887 2978 980 3050 qui
1012 2976 1265 3038 ﬁrmiter,
1299 2973 1409 3027 imo
1443 2970 1717 3028 violenter
1751 2966 2056 3038 stringunt,

475 3074 740 3131 concedet
794 3082 848 3130 et
899 3070 1052 3126 dabit
1094 3083 1313 3125 manus.
1347 3065 1493 3124 Deus
1533 3065 1682 3122 enim
1714 3061 1918 3135 gaudet
1952 3060 2059 3115 hoc

480 3167 642 3223 modo
665 3163 943 3237 superari.

2159 1992 2272 2052 τοῖς
2296 1988 2363 2043 δι’
2385 1987 2666 2061 ὑπομονῆς
2697 1985 3158 2058 ἀπεκδεχομένοις
3193 1985 3429 2054 γίνεται.

2242 2101 2306 2155 Ἦ
2369 2101 2471 2173 τῆς
2529 2100 2807 2173 βασιλείας
2873 2098 3019 2165 ἀξία,
3077 2099 3482 2172 ὑπερκειμένην
3537 2098 3739 2169 ἑαυτῆς
3801 2120 3804 2123 ·

2157 2195 2450 2268 τυραννίδα
2470 2195 2572 2250 οὐκ
2601 2195 2735 2265 ἔχει.
2768 2223 2839 2235 --
2871 2192 2993 2247 Τῶν
3015 2191 3486 2266 προσδοκωμένων
3514 2190 3738 2262 ἀγαθῶν

2158 2291 2198 2452 2
2222 2287 2401 2362 θλίψις
2428 2287 2587 2354 ἄνθος
2620 2289 2788 2344 ἐστίν.
2825 2287 2926 2344 Διὰ
2957 2286 3048 2342 τὸν
3089 2287 3303 2360 καρπὸν
3330 2288 3392 2342 τὸ
3419 2287 3579 2353 άνθος
3607 2286 3738 2359 δρε-

2199 2380 2413 2452 ὠμεθα.

2233 2515 2307 2570 Oti
2332 2514 2442 2570 τῶν
2468 2515 2841 2572 καθευδόντων
2877 2517 2973 2572 καὶ
3014 2517 3389 2588 βλακευόντων
3412 2520 3446 2590 ἡ
3488 2517 3739 2590 βασιλεία

2159 2607 2254 2663 τοῦ
2288 2605 2448 2674 Θεοῦ,
2474 2607 2590 2663 ἀλλ’
2617 2608 2669 2662 oi
2701 2607 2923 2680 βιασταὶ
2973 2609 3318 2682 ἁρπάζουσιν
3350 2609 3542 2683 αὐτὴν.
3589 2609 3739 2681 Αῦτη

2159 2703 2268 2775 γὰρ
2292 2700 2429 2774 μόνη
2456 2699 2550 2772 βία
2580 2702 2744 2775 καλὴ,
2770 2701 2906 2756 Θεὸν
2949 2700 3266 2773 βιάσασθαι,
3301 2703 3396 2758 καὶ
3430 2702 3582 2776 παρὰ
3601 2702 3738 2757 Θεοῦ

2160 2792 2306 2865 ζωὴν
2334 2793 2602 2866 ἁρπάσαι.
2641 2793 2701 2848 '0
2726 2793 2783 2848 δὲ
2815 2795 2978 2862 γνοὺς
3005 2797 3134 2861 τοὺς
3164 2794 3422 2868 βεϐαίως,
3459 2795 3659 2868 μᾶλλον
3683 2795 3739 2850 δδ

2161 2885 2352 2958 βιαίως
2391 2885 2815 2958 ἀντεχομένους,
2858 2883 3205 2960 συνεχώρησε
3252 2887 3343 2942 καὶ
3377 2884 3509 2954 εῐξε.
3545 2887 3738 2960 Χαίρει

2161 2979 2270 3051 γὰρ
2291 2980 2319 3034 ό
2341 2979 2473 3044 Θεὸς
2495 2979 2563 3034 τὰ
2591 2977 2816 3034 τοιαῦτα
2845 2977 3184 3052 ἡττώμενος.

549 3259 744 3331 Ejusd.
771 3273 841 3313 ex
860 3259 1015 3328 epist.
1045 3254 1136 3310 ‘2l.
1164 3284 1233 3295 —
1267 3252 1514 3322 Regnum
1544 3249 1684 3304 illud
1723 3245 2058 3319 incorrupti-

2231 3249 2346 3304 Οὐκ
2382 3248 2496 3320 ἔχει
2541 3247 2841 3321 ἐπιθυμίαν
2874 3257 2904 3299 7
2931 3248 2965 3322 η
2995 3247 3269 3324 ἄφθαρτος
3307 3246 3579 3321 βασιλεία,
3605 3249 3743 3307 ἀλλὰ

471 3353 590 3412 bile
621 3350 984 3422 cupiditatem
1021 3363 1131 3402 non
1157 3344 1342 3411 habet,
1372 3341 1467 3400 sed
1493 3341 1764 3397 bonorum
1806 3336 2055 3394 omnium

479 3445 848 3518 praseutiam.
891 3440 1048 3499 Unde
1098 3439 1174 3495 ibi
1227 3452 1338 3492 non
1375 3445 1460 3493 est
1487 3432 1810 3504 cupiditatis
1839 3431 2002 3487 locus
2038 3447 2053 3484 :

475 3557 547 3597 es
583 3537 809 3611 penuria
860 3535 1061 3606 quippe
1115 3529 1282 3602 386.
1334 3528 1611 3599 cupiditas
1658 3525 1875 3590 oritur;
1910 3523 2056 3595 quod

475 3648 612 3690 vero
635 3628 758 3704 quis
787 3627 1046 3684 omnibus
1087 3625 1352 3698 potiatur,
1385 3623 1512 3677 hinc
1561 3619 1767 3684 oritur,
1818 3627 1874 3673 ut
1920 3618 2059 3672 nihil

477 3725 861 3796 concupiscat.
889 3750 961 3761 -—
984 3719 1232 3789 Regnum
1274 3714 1370 3770 Dei
1422 3721 1600 3769 status
1626 3726 1821 3767 eorum
1863 3709 2059 3765 dicen-

469 3821 586 3876 dus
611 3826 721 3884 est,
749 3814 844 3890 qui
875 3815 1044 3870 vitam
1075 3818 1238 3885 agant
1271 3808 1476 3865 divinis
1515 3807 1728 3878 legibus
1763 3813 2060 3861 consenta-

479 3928 666 3970 neam.

481 4025 618 4083 Tl'l'.
648 4025 715 4084 ll.
751 4056 815 4068 —
847 4023 920 4080 De
952 4020 1172 4077 consilio
1212 4018 1304 4074 Dei
1350 4033 1369 4070 :
1421 4026 1469 4072 et
1522 4015 1658 4087 quod
1706 3999 1797 4070 nec
1833 4013 2051 4078 mutari,

695 4113 787 4152 nec
813 4093 1176 4165 comprehendi
1199 4089 1264 4145 ab
1309 4087 1608 4144 hominibus
1639 4095 1832 4154 potest.

559 4212 707 4269 Psal.
743 4227 915 4274 xxxn,
948 4208 1038 4263 10.
1070 4238 1143 4249 —
1175 4225 1193 4261 ι
1228 4205 1492 4262 Dominus
1535 4202 1773 4274 dissipat
1819 4201 2054 4258 consilia

483 4305 764 4378 gentium,
820 4303 1075 4374 reprobat
1145 4309 1329 4355 autem
1379 4295 1747 4369 cogitationes
1816 4291 2048 4365 populo-

485 4413 628 4456 rum.
662 4416 680 4449 ι
711 4406 826 4453 elc.

553 4494 701 4548 Psal.
731 4506 914 4557 ωινιιι,
941 4489 991 4543 5.
1025 4517 1092 4528 -—
1131 4506 1149 4538 ι
1179 4484 1465 4542 Terribilis
1493 4484 1548 4539 in
1585 4481 1836 4538 consiliis
1883 4493 2049 4551 super

490 4586 629 4640 lilios
666 4583 971 4637 hominum.
1009 4599 1027 4631 ι

562 4678 720 4733 Prov.
751 4692 865 4737 xix,
893 4673 985 4728 2i.
1026 4703 1096 4713 --
1128 4691 1145 4723 ι
1189 4669 1368 4725 Multae
1392 4667 1750 4737 cogitationes
1802 4665 1855 4719 in
1896 4663 2060 4720 corde

490 4769 727 4825 hominis
760 4782 774 4819 :
810 4765 1099 4821 consilium
1140 4773 1320 4817 autem
1353 4758 1445 4814 Dei
1476 4768 1656 4815 manet
1683 4757 1735 4812 in
1769 4754 2061 4828 sempiter-

490 4879 641 4920 num.
677 4882 694 4914 Ι

561 4955 673 5010 lsa.
714 4969 825 5019 xiv,
850 4953 940 5007 28.
973 4982 1039 4994 -—
1071 4970 1088 5002 ‹
1117 4948 1249 5016 Qua:
1298 4948 1441 5003 Deus
1499 4954 1727 5002 sanctus
1786 4943 2059 5009 decrevit,

489 5049 614 5116 quis
641 5044 951 5115 dissipabit,
974 5050 1028 5096 et
1051 5054 1271 5094 manum
1299 5037 1418 5107 ejus
1441 5035 1731 5093 sublimem
1754 5037 1878 5106 quis
1904 5050 2062 5091 avere

485 5141 612 5194 tat?
652 5159 670 5192 ι

563 5231 674 5286 lsa.
714 5249 825 5295 six,
861 5230 945 5295 15,
995 5228 1082 5282 24.
1118 5255 1188 5268 --
1229 5247 1246 5277 ι
1283 5224 1409 5280 Haec
1456 5223 1595 5279 dicit
1631 5223 1896 5279 Dominus
1957 5220 2057 5277 Sa-

489 5327 652 5381 baoth
687 5342 701 5378 :
735 5321 1199 5391 Quemadmodum
1224 5319 1356 5384 dixi,
1401 5317 1482 5372 sic
1515 5317 1618 5372 erit
1647 5334 1660 5382 ;
1695 5324 1749 5371 et
1792 5313 2064 5384 quemad-

492 5421 710 5474 modum
763 5424 940 5471 mente
970 5413 1221 5476 tractavi,
1274 5411 1356 5467 sic
1419 5408 1684 5464 manebit.
1726 5425 1746 5460 ›
1779 5439 1847 5451 --
1897 5426 1916 5459 ι
1961 5404 2064 5462 Ubi

486 5519 620 5566 sunt
651 5509 924 5579 sapientes
964 5505 1157 5560 tuiiet
1192 5503 1522 5559 annuntient
1559 5501 1679 5568 tibi,
1730 5501 1862 5572 quid
1913 5501 2065 5572 cogi-

491 5604 692 5658 laverit
716 5601 982 5655 Dominus
1005 5597 1271 5653 Sabaoth.
1309 5614 1328 5646 ›

564 5694 677 5751 lsa.
716 5710 808 5762 ιι,
845 5693 931 5758 15,
963 5691 1056 5749 9.8.
1083 5721 1151 5733 -—
1172 5710 1191 5742 ι
1231 5687 1369 5755 Quis
1400 5689 1658 5756 cognovit
1691 5695 1929 5743 mentem
1957 5686 2063 5741 Do-

2167 3343 2469 3415 παρουσίαν
2500 3344 2718 3399 πάντων
2783 3341 2895 3398 τῶν
2952 3341 3194 3413 ἀγαθῶν.
3229 3341 3394 3398 Ὅθεν
3440 3344 3541 3398 οὐκ
3595 3342 3744 3399 ἔστιν

2166 3437 2543 3510 ἐπιθυμῆσαι·
2580 3439 2644 3492 ὲκ
2703 3438 2812 3509 γάρ
2857 3437 2954 3494 τοῦ
2998 3437 3266 3511 ὑστερεῖν,
3336 3439 3401 3494 τὸ
3449 3439 3742 3512 ἐπιθυμεῖν

2165 3532 2347 3587 έστινο
2382 3535 2447 3586 ὲκ
2484 3532 2542 3586 δὲ
2577 3531 2668 3585 τοῦ
2710 3533 2886 3587 πάντα
2907 3531 3074 3604 ἔχειν,
3107 3531 3168 3585 τὸ
3190 3531 3422 3604 μηδενὸς
3451 3531 3741 3604 ἐπιθυμεῖν

2165 3628 2302 3680 ἐστι.
2341 3655 2409 3665 --
2437 3624 2727 3680 Βασιλείαν
2776 3625 2912 3681 Θεοῦ
2970 3625 3213 3692 λεκτέον,
3257 3627 3356 3699 τὴν
3407 3629 3741 3686 κατάστασιν

2166 3718 2275 3772 τῶν
2302 3718 2443 3773 κατὰ
2473 3719 2599 3784 τοὺς
2631 3718 2810 3784 θείους
2832 3719 3034 3791 νόμους
3067 3717 3349 3792 βιούντων.

2170 4014 2353 4072 ΤΙΤΛ.
2397 4017 2470 4072 B'.
2489 4048 2556 4058 -—
2580 4015 2718 4088 Περί
2735 4015 2979 4086 ,ϐουλῆς
2997 4016 3148 4088 Θεοῦ
3163 4031 3177 4048 ⁸
3196 4016 3294 4072 καί
3314 4015 3404 4072 ὅτι
3427 4016 3741 4087 ἄτρεπτος,

2369 4089 2468 4145 καί
2513 4086 2840 4161 ἀνέφικτος
2888 4086 3222 4157 ἀνθρώποις
3258 4086 3533 4159 ὑπάρχει.

2243 4223 2263 4258 ι
2295 4203 2499 4276 Κύριος
2530 4199 2870 4266 διασκεδάζει
2903 4200 3102 4273 βουλάς
3131 4200 3304 4257 ἐθνῶν
3332 4242 3349 4270 ,
3385 4202 3743 4259 ἁθετεῖδὲλο-

2171 4296 2400 4366 γισμοὺς
2431 4294 2595 4348 λαῶν.
2630 4313 2647 4344 ι

2240 4492 2261 4528 ε
2307 4474 2396 4539 Ὠς
2436 4473 2664 4546 φοϐερὸς
2722 4473 2779 4528 ἐν
2839 4474 3057 4546 βουλαῖς
3123 4475 3266 4548 ὑπὲρ
3300 4475 3431 4543 τοὺς
3472 4475 3621 4542 υἱοὺς
3649 4477 3742 4532 ἀν-

2169 4567 2424 4640 θρώπων.
2451 4587 2468 4620 ι

2240 4680 2257 4713 ι
2277 4660 2468 4715 Πολλοὶ
2482 4660 2732 4731 λογισμοὶ
2755 4662 2812 4716 ὲν
2843 4662 3044 4735 καρδίᾳ
3068 4662 3355 4736 ἀνθρώπου
3381 4681 3397 4699 ·
3434 4665 3469 4736 ἠ
3495 4663 3551 4720 δὲ
3574 4664 3741 4738 βουλὴ

2161 4751 2254 4808 τοῦ
2293 4751 2428 4807 Θεοῦ
2459 4753 2706 4826 μένειείς
2738 4754 2831 4809 τὸν
2855 4753 3048 4812 αἰῶνα.
3092 4773 3112 4808 ι

2237 4954 2256 4987 ι
2298 4937 2363 4989 Ἀ
2408 4936 2436 4989 δ
2468 4935 2598 5000 Θεὸς
2649 4936 2800 5004 ἅγιος
2842 4934 3206 5005 βεϐούλευται,
3238 4937 3323 5002 τίς
3365 4937 3737 5008 διασκεδάσεις

2163 5030 2258 5085 καὶ
2277 5031 2376 5104 τὴν
2414 5032 2571 5102 χεῖρα
2609 5028 2707 5100 τὴν
2737 5027 2947 5100 ὑψηλὴν
2981 5029 3062 5094 τίς
3099 5029 3470 5105 ἀποστρέψεις
3496 5051 3515 5083 ι

2247 5230 2266 5263 ι
2301 5207 2440 5263 Τάδε
2462 5205 2609 5275 λέγει
2667 5202 2871 5276 Κύριος
2898 5203 3146 5272 Σαϐαὼθ,
3177 5202 3351 5276 λέγων
3371 5209 3388 5227 ⁶
3430 5207 3528 5260 ⁸ον
3544 5207 3739 5280 τρόπον

2171 5299 2584 5376 είρηκοι,οθτως
2645 5297 2820 5362 ἔσται,
2878 5297 2972 5351 καὶ
3025 5297 3086 5352 ὃν
3116 5297 3318 5372 τρόπον
3356 5298 3736 5373 βεϐούλευμαι,

2171 5398 2342 5461 οὓτως
2399 5394 2568 5466 μενεῖ.
2595 5412 2613 5445 ι
2658 5420 2726 5430 --
2757 5409 2774 5442 ι
2813 5388 2922 5443 Ποῦ
2998 5391 3138 5446 εἰσιν
3192 5393 3243 5446 oi
3283 5393 3437 5463 σοφοί
3474 5411 3610 5464 σονς
3653 5395 3734 5448 ul

2171 5485 2648 5560 ἁναγγειλάτωσὰν
2716 5500 2797 5537 σοι
2826 5481 2856 5536 ὃ
2887 5499 2940 5537 τι
2975 5482 3324 5556 βεϐούλευται
3394 5488 3602 5558 Κύριος
3638 5488 3736 5543 Σε-

2175 5584 2392 5642 ϐαὼθ.»

2251 5699 2269 5734 ι
2309 5679 2403 5745 Τίς
2428 5679 2568 5749 ἔγνω
2601 5679 2724 5735 νοῦν
2758 5679 2989 5753 Κυρίου,
3029 5680 3063 5754 ἢ
3105 5677 3190 5744 τίς
3223 5676 3533 5750 σύμϐουλος
3581 5673 3733 5733 αὐτοῦ

569 5901 594 5944 7
625 5888 793 5963 llnj'us
819 5888 1103 5947 sententia:
1135 5884 1376 5942 auctoris
1406 5897 1603 5941 nomen
1629 5886 1836 5946 innullo
1856 5883 2048 5941 codice
2087 5881 2289 5953 reperi.
2325 5880 2419 5939 Est
2452 5881 2638 5940 forsan
2668 5882 2777 5939 Nili
2810 5881 2892 5940 vel
2925 5880 3264 5957 Serapionis.
