4010 6302
279 305 413 374 1273
1554 316 1793 379 SACRA
1821 318 2281 379 PARALLEIA.
3398 310 3538 381 1274

279 426 511 499 χρηστός
539 428 711 494 ἔστιν,
744 426 975 499 ἐλαφρός,
1014 429 1185 495 ἐστιν,
1219 431 1280 484 οὑ
1309 430 1485 503 τρίϐει
1516 433 1608 487 τὸν
1632 430 1855 503 αὐχένα,

1976 426 2104 496 Quid
2158 425 2411 498 refugis?
2468 443 2567 483 cur
2620 438 2878 501 tanquam
2943 427 3153 486 vitulus
3210 427 3529 502 inexpertus

278 520 415 576 ἀλλὰ
441 519 674 587 δοξάζει.
706 522 783 575 Οὐ
829 521 938 595 γὰρ
991 522 1273 594 δεσμεῖται
1310 524 1344 596 ἠ
1383 524 1583 598 ζεύγλη
1607 526 1735 597 περὶ
1759 528 1849 580 τὸν

1981 540 2108 595 ugo,
2140 525 2330 597 jugum
2367 525 2607 582 metuis?
2641 540 2811 580 suave
2833 532 2941 593 est,
2982 525 3100 581 leve
3127 508 3233 581 est.
3264 524 3382 579 Non
3411 540 3533 581 cer-

277 614 569 687 τράχη).ον.
627 614 982 680 Αὑτεξούσιον
1045 616 1297 688 ιπιζητεῖ
1375 618 1467 673 τὸν
1522 618 1849 690 ὑφέλκοντα.

1976 616 2136 672 licem
2197 616 2429 690 premit,
2476 616 2571 673 sed
2628 617 2865 688 gloriam
2913 615 3200 672 conciliat.
3231 614 3351 671 Non
3385 615 3532 682 enim

290 705 453 779 Ὁρᾷς
494 706 580 762 ὅτι
625 710 1013 780 κατηγορεῖται
1049 707 1312 781 Ἐφραῖμ.
1349 708 1538 781 ὥσπερ
1581 709 1856 781 οίστρῶσα

1976 711 2097 766 :ollo
2137 710 2328 783 jugum
2379 710 2736 781 astringitur,
2794 709 2891 768 sed
2938 710 3084 765 ultro
3131 719 3186 766 et
3222 710 3391 766 libere
3421 720 3534 766 tra-

278 799 531 872 δάμαλις,
569 798 653 854 ὅτι
693 800 905 857 ἄτακτα
952 800 1376 874 περιπλανᾶται,
1408 802 1503 858 τὸν
1558 800 1649 859 τοῦ
1690 803 1853 875 νόμου

1976 811 2177 861 tentem
2219 804 2419 875 poscit.
2470 801 2638 860 Vides
2689 803 2938 860 accusari
2986 803 3270 875 Ephraim,
3321 805 3400 860 uti
3439 804 3532 875 ju-

283 892 451 964 ζυγὸν
469 894 773 967 ἀτιμάζων.
801 893 1032 959 Ὑπόθες
1057 911 1153 951 σου
1178 894 1270 951 τδν
1289 895 1600 968 ἀδάμαστον
1618 897 1822 970 αὐχένα
1837 912 1854 926 '

1976 897 2243 952 renculam
2290 904 2464 954 (estro
2491 895 2756 969 percitam
2808 895 2979 966 (Osee
3009 913 3066 960 ι,
3112 896 3238 969 Η),
3280 896 3531 967 quia°teo

285 987 442 1058 γενοῦ
469 987 764 1058 ὑποζύγιον
782 987 878 1046 τιτῢ
906 989 1168 1063 Χριστοῦ,
1209 990 1297 1046 ἵνα
1338 992 1413 1065 μὴ
1463 993 1734 1064 ἀφέμενος
1760 996 1859 1065 τῆς

1976 1004 2107 1044 nere
2138 987 2263 1044 huc.
2315 997 2372 1044 et
2396 988 2527 1045 illuc
2548 998 2802 1061 vagatur,
2820 990 2957 1063 legis
2986 1005 3294 1061 aspernans
3321 990 3534 1061 iugum.

283 1079 541 1151 ζεύγλης,
586 1078 721 1151 μηδὲ
766 1077 1159 1149 ἐλευθεριάζων
1184 1082 1262 1153 τῷ
1289 1081 1409 1155 βίῳ,
1446 1080 1859 1156 εύεπιχεῖρητος

1976 1080 2186 1151 Subjice
2222 1081 2551 1137 indomitum
2581 1082 2785 1138 collum
2835 1091 2993 1138 tuum
3019 1099 3037 1151 ;
3069 1092 3193 1141 esto
3219 1082 3534 1153 iumentum

283 1168 347 1247 ᾖς
379 1172 495 1233 τοῖς
525 1169 758 1242 θηρίοις.
786 1170 1088 1237 Γεύσασθε,
1116 1174 1214 1227 καὶ
1251 1172 1391 1229 ἴδετε
1435 1173 1519 1229 ὅτι
1566 1175 1803 1247 χρηστὸς
1830 1176 1858 1229 6

1976 1174 2165 1232 ΞΙιι-ἰειί
2197 1193 2214 1231 :
2246 1190 2318 1231 ne
2349 1174 2555 1246 alioqui
2585 1175 2633 1230 si
2661 1174 2850 1247 jugum
2884 1179 3219 1242 excusseris,
3250 1176 3538 1248 soluteque

287 1265 511 1336 Κύριος.
569 1262 895 1337 Γλυκύτητα
967 1264 1183 1339 μέλιτος
1238 1267 1357 1330 πῶς
1412 1267 1700 1338 ἀναγγελῶ
1746 1270 1858 1333 τοῖς

1976 1275 2013 1324 :t
2044 1267 2221 1323 libere
2274 1266 2501 1331 vixeris,
2550 1267 2750 1338 prazdae
2786 1267 2989 1324 belluis
3055 1271 3156 1325 sis.
3204 1269 3453 1337 Gustate,
3483 1279 3539 1323 et

285 1355 575 1425 άγνοοῦσις
620 1355 894 1412 Γεύσασθε
926 1357 1025 1412 καὶ
1060 1355 1219 1414 ῖδετε.
1245 1355 1509 1430 Αἴσθησις
1538 1360 1740 1425 παντὸς
1768 1359 1858 1416 λύ-

1976 1360 2167 1425 ridete,
2200 1361 2461 1429 quoniam
2499 1360 2687 1416 suavis
2718 1360 2978 1418 Christus
3033 1360 3299 1417 Dominus
3344 1363 3362 1431 (
3384 1359 3536 1416 Psal.

285 1461 382 1515 του
404 1450 790 1523 ἑναργεστέρα.

1976 1469 2155 1515 txxut.
2188 1454 2279 1519 9).
2311 1448 2488 1506 Mellis
2523 1452 2869 1508 dulcedinem
2910 1452 3132 1525 quinam
3168 1452 3375 1524 ignaris
3403 1468 3537 1521 pra:-

1963 1548 2258 1604 dieavero?
2308 1548 2535 1606 Gustate
2576 1559 2632 1604 et
2685 1547 2887 1605 videte.
2932 1546 3141 1603 Sensus
3192 1547 3387 1618 quovis
3422 1560 3536 1601 ser-

1965 1654 2127 1695 mone
2166 1640 2443 1697 valentior
2470 1641 2854 1711 eflicaciorque
2878 1648 2984 1696 est.

359 1730 475 1785 Νῦν
497 1728 686 1805 ὥσπερ
717 1731 810 1788 ἐπὶ
830 1731 1103 1805 τρυτάνης
1140 1731 1363 1789 ἑστάναι
1412 1733 1601 1806 νόμιζέ
1628 1750 1722 1789 σου
1757 1733 1862 1807 τὴν

2033 1731 2191 1789 Nunc
2231 1734 2469 1789 animam
2504 1742 2651 1788 tuam
2703 1734 2851 1789 velut
2904 1734 2959 1787 in
2994 1732 3200 1787 trutina
3242 1738 3393 1787 stare.
3421 1731 3540 1787 exi-

287 1823 489 1898 ψυχὴν,
522 1800 674 1880 ἔνθεν
709 1825 801 1881 ὑπ’
840 1800 1110 1896 ἀγγέλων,
1158 1826 1415 1882 κάκεῖθεν
1460 1800 1564 1881 ὑπὸ
1592 1800 1861 1898 δαιμόνων

1976 1829 2145 1894 stima,
2179 1837 2342 1900 atque
2381 1828 2512 1884 hinc
2565 1828 2638 1883 ab
2679 1827 2917 1896 angelis,
2964 1826 3097 1882 hinc
3131 1841 3161 1881 a
3192 1823 3537 1882 dtemouibus

290 1917 611 1990 ἑλκομένην.
638 1918 895 1989 ’Δγγελοί
926 1936 984 1973 σε
1012 1918 1504 1993 παραλήψονται,ἧ
1540 1920 1861 1988 καθέξουσιν

1976 1923 2127 1979 trahi.
2180 1923 2371 1996 Angeli
2422 1933 2476 1981 te
2535 1924 2839 1994 excipient,
2889 1931 2984 1978 aut
3012 1922 3295 1978 dasutones
3329 1921 3534 1975 retine-

284 2014 338 2066 οῖ
375 2012 713 2085 κατέχοντες.
766 2014 889 2070 Ἐπὶ
924 2015 1285 2089 παρατάξεως
1333 2013 1382 2070 οἱ
1437 2018 1733 2089 στρατηγοὶ
1798 2016 1863 2070 τὸ

1976 2023 2119 2072 sunt.
2154 2015 2208 2070 iu
2267 2016 2387 2072 acie
2432 2018 2603 2074 duces
2655 2023 2924 2071 tesseram
2966 2014 3249 2087 militibus
3280 2013 3402 2071 suis
3433 2010 3538 2068 tri-

287 2104 535 2178 σύνθεμα
577 2109 690 2172 τοῖς
749 2105 843 2161 ὑπ’
900 2107 1086 2174 αὐτοῖς
1116 2106 1491 2180 διανέμουσιν,
1534 2109 1624 2163 ἵνα
1676 2109 1772 2164 καὶ
1812 2109 1861 2162 οἱ

1976 2112 2159 2176 buunt,
2188 2116 2247 2162 ut
2296 2116 2350 2162 et
2401 2124 2522 2165 sese
2564 2107 2798 2162 invicem
2849 2103 3012 2161 amici
3046 2104 3211 2159 facile
3259 2112 3539 2169 revocent,

287 2199 437 2269 φίλοι
472 2197 670 2277 ῥαδίως
704 2198 1085 2256 ἀνακαλῶνται
1123 2199 1408 2273 ἀλλήλους,
1443 2201 1537 2257 καὶ
1572 2202 1711 2273 πρὸς
1736 2202 1864 2266 τοὺς

1976 2212 2017 2258 3t
2036 2203 2081 2257 si
2115 2204 2167 2257 in
2201 2218 2379 2273 pugna
2411 2217 2538 2257 cum
2584 2201 2835 2257 hostibus
2869 2200 3118 2272 permisti
3155 2198 3383 2263 fuerint,
3418 2213 3544 2267 per-

285 2290 569 2356 ὲναντίους
589 2292 646 2345 ἐν
663 2293 785 2356 ταῖς
814 2290 1155 2364 συμπλοκαῖς
1178 2291 1579 2365 ἀναμιχθεῖσιν,
1606 2294 1863 2367 εὐκρινὴς

1976 2297 2152 2364 spicue
2177 2294 2361 2350 dirimi
2406 2304 2635 2365 queant.
2685 2293 2859 2349 Nemo
2896 2303 2985 2360 te,
3020 2300 3211 2349 noster
3249 2291 3348 2357 sis,
3379 2305 3446 2345 an
3475 2306 3543 2345 ex

251 2383 513 2447 ,δύναται
556 2382 821 2456 ὑπάρχειν
856 2387 886 2440 6
925 2386 1223 2458 χωρισμός.
1264 2386 1458 2451 Οὐδεὶς
1492 2384 1865 2461 ,ἔπιγνὼσεταί

1976 2387 2321 2453 adversariis,
2372 2400 2671 2459 agnoscet,
2728 2386 2838 2443 nisi
2896 2402 2995 2457 per
3042 2388 3271 2459 mystica
3300 2384 3542 2459 symbols

285 2493 375 2540 σε,
409 2478 460 2531 εί
491 2474 758 2551 ἡμέτερος
787 2472 856 2543 ei,
885 2478 921 2551 ἢ
954 2477 1061 2534 τῶν
1104 2478 1463 2544 ὑπεναντίων,
1509 2479 1605 2532 ἐὰν
1633 2479 1711 2552 μὴ
1749 2482 1866 2544 τοῖς

287 2569 581 2639 μυστικοῖς
621 2569 913 2640 συμϐόλοις
946 2569 1203 2644 παράσχῃ
1230 2571 1331 2643 τὴν
1365 2571 1694 2642 οἰκειότητα.
1738 2569 1865 2626 Ἐὰν

286 2660 367 2734 μὴ
399 2663 681 2737 σημειωθῇ
712 2662 806 2716 ἰπὶ
834 2662 893 2717 σὲ
929 2662 989 2717 τδ
1026 2663 1141 2736 φῶς
1170 2664 1268 2720 τοῦ
1297 2663 1599 2735 προσώπου
1635 2666 1864 2738 Κυρίου,

283 2752 411 2819 πῶς
460 2752 944 2825 ἀντιποιηθήσεταί
991 2772 1083 2810 σου
1121 2757 1152 2811 6
1190 2756 1465 2827 ἀγγελοςς
1512 2756 1632 2822 πῶς
1674 2758 1732 2813 δὲ
1764 2759 1868 2828 ἀφ-

284 2844 499 2900 ελεῖται
524 2845 634 2901 τῶν
669 2845 1013 2919 ιχθρῶν,ιάν
1058 2849 1137 2920 μὴ
1181 2847 1391 2923 ἐπιγνῷ
1420 2850 1528 2922 τὴν
1552 2852 1865 2924 σφραγῖδας

284 2937 416 3004 Πῶς
446 2937 506 2993 δὲ
541 2940 605 2993 σὺ
632 2941 799 3012 ἐρεῖς,
828 2939 936 2996 Τοῦ
964 2939 1099 2997 Θεοῦ
1119 2944 1256 3015 είμι,
1273 2942 1351 3016 μὴ
1373 2942 1774 3016 ἐπιφερόμενος
1798 2943 1869 2998 τὰ

281 3032 689 3104 γνωρίσματα;
732 3034 805 3088 Ἥ
853 3035 1089 3105 ἀγνοεῖς,
1129 3036 1212 3091 ὅτι
1269 3034 1373 3101 τάς
1424 3035 1869 3109 ισφραγισμένας

1969 2481 2127 2537 fidem
2161 2479 2335 2537 facias
2370 2489 2421 2537 te
2451 2496 2575 2537 esse
2599 2489 2877 2537 nostrum.
2916 2478 3032 2536 Nisi
3078 2479 3356 2552 signatum
3381 2490 3544 2549 super

1967 2580 2021 2626 te
2052 2570 2217 2628 fuerit
2252 2572 2437 2626 lumen
2463 2572 2653 2627 vultus
2682 2568 2902 2626 Domini
2927 2609 2944 2633 .
2974 2582 3213 2640 quonam
3251 2567 3411 2624 modo
3443 2581 3545 2620 an-

1966 2661 2120 2735 gelus
2165 2669 2220 2720 te
2264 2661 2608 2718 vindicabit?
2667 2661 2946 2734 quomodo
2976 2672 3029 2717 te
3066 2659 3324 2717 hostibus
3363 2668 3545 2716 θειοτ-

1968 2756 2183 2828 quebit,
2218 2755 2327 2811 nisi
2356 2754 2595 2825 sigillum
2621 2754 2912 2825 agnoverit
2932 2754 2959 2809 ’ί
2995 2752 3100 2820 Qui
3128 2768 3259 2808 vero
3297 2752 3549 2808 dicturus

1969 2849 2070 2914 sis,
2100 2847 2193 2904 Dei
2231 2863 2378 2912 sum,
2412 2848 2459 2905 si
2495 2847 2703 2904 indicia
2734 2855 2917 2903 tecum
2946 2861 3059 2902 non
3088 2845 3273 2902 feras?
3297 2844 3382 2901 An
3414 2843 3547 2901 illud

1968 2943 2176 3009 nescis,
2199 2942 2348 3013 quod
2373 2942 2776 2998 exterminator
2808 2942 3057 3012 signatas
3088 2939 3286 2997 domos
3320 2947 3545 3010 prestera

1972 3036 2107 3102 ibat,
2134 3045 2190 3093 et
2218 3038 2274 3092 in
2323 3036 2432 3093 illis
2477 3051 2600 3108 quae
2643 3037 2875 3109 signatae
2907 3049 3016 3090 non
3062 3042 3245 3114 erant,
3279 3035 3545 3104 primoge-

280 3122 474 3186 οίκίας
512 3125 541 3178 6
578 3122 903 3198 ὀλοθρευτὴς
934 3126 1307 3201 ὑπερϐαίνων,
1335 3130 1394 3184 ιν
1420 3128 1477 3183 δὲ
1503 3131 1627 3194 ταῖς
1649 3129 1868 3202 ἀσφρα-

1976 3129 2120 3186 nitos
2157 3128 2565 3186 luteriiciebat?
2605 3127 2929 3185 Thesaurus
2959 3141 3068 3183 non
3111 3124 3438 3196 ubslgnatus
3466 3122 3545 3178 in-

279 3214 505 3297 γίστοις
552 3216 883 3287 κατεφόνευε
930 3219 1001 3273 τά
1053 3220 1412 3293 πρωτότοκα;
1472 3220 1872 3295 ’Δσφράγιστος

278 3301 592 3379 θησαυρὸς,
632 3306 1045 3381 εὐεπιχείρητος
1088 3310 1372 3377 κλέπταις.
1408 3309 1687 3386 Πρὸὄατον
1737 3314 1872 3385 ἀση-

281 3399 556 3473 μείωτον,
588 3399 887 3467 ἀκινδύνως
923 3402 1358 3460 ἐπιϐουλεύεται.
1400 3403 1541 3470 Νέος
1572 3400 1660 3471 si;
1694 3404 1875 3475 ἀσφά-

276 3491 439 3546 λισαι
488 3489 585 3573 τῂν
646 3490 873 3564 νεότητα
932 3491 1013 3565 τῷ
1064 3493 1160 3549 τοῦ
1212 3494 1588 3567 βαπτίσματος
1647 3495 1870 3569 χαλινῷ.

278 3585 662 3658 Παρέδραμεν
708 3587 742 3660 ἡ
781 3588 970 3662 dmM;
1003 3591 1081 3664 μὴ
1114 3591 1401 3667 ζημιωθῇς
1435 3593 1506 3649 τὰ
1532 3594 1719 3665 ἐφόδια
1746 3611 1761 3625 ·
1796 3595 1872 3666 μὴ

276 3678 573 3752 ἀπολέσῃς
614 3678 684 3734 τά
728 3680 1077 3755 φυλακτήρια
1100 3696 1117 3715 ο
1147 3683 1224 3756 μὴ
1256 3686 1387 3759 περὶ
1414 3686 1514 3759 τῆς
1560 3685 1872 3760 ἑνδεκάτης,

274 3768 360 3831 ὡς
393 3771 531 3841 ειτερῖ⁸
568 3770 792 3844 πρώτης
829 3771 1061 3830 διανοοῦ.

358 3862 433 3919 Et
475 3881 561 3929 τις
602 3864 801 3937 ἰατρῶν
831 3864 1197 3939 ἑπηγγείλατό
1219 3886 1303 3924 σοι
1342 3873 1614 3943 μηχαναῖς
1637 3890 1748 3928 τισι
1780 3876 1876 3930 καὶ

276 3958 569 4023 ἰπινοίαις
602 3960 724 4014 νέον
759 3952 933 4015 ποιεῖν
959 3962 1023 4017 ὲκ
1047 3963 1325 4036 γέροντος,
1358 3965 1462 4021 οὐκ
1491 3966 1558 4020 ἂν
1604 3967 1877 4041 ἐπεθύμη-

278 4070 392 4119 σας
454 4052 636 4107 ὲλθείν
684 4054 771 4108 ὑπ’
819 4053 1039 4128 εκείνην
1068 4054 1166 4128 τὴν
1190 4056 1432 4131 ἡμέραν,
1474 4054 1601 4133 ἕνῇ
1649 4062 1875 4118 σεαυτὸν

274 4148 423 4219 ὸρᾷν
457 4144 691 4218 ἔμελλες
714 4146 853 4217 πρὸς
878 4148 1063 4221 ἀκμὴν
1090 4150 1531 4225 ὕποστράφοντα;
1565 4153 1783 4225 Ἐπειδὴ
1818 4154 1877 4208 δὲ

272 4240 386 4310 τὴν
436 4238 622 4312 ψυχήν
666 4257 759 4294 σου
807 4240 1175 4315 ἀναθαλήσειν
1234 4242 1635 4315 ιπαγγᾶλεταί
1682 4264 1764 4302 σοι
1816 4247 1878 4302 τὸ

277 4330 611 4403 βάπτισμα,
642 4330 709 4403 ἦν
757 4330 823 4385 σὺ
856 4329 1226 4398 ἑπαλαίωσας,
1266 4335 1361 4388 καὶ
1399 4336 1664 4407 ῥυπῶσαν
1702 4335 1877 4405 αὐτὴν

273 4424 345 4479 ὲκ
368 4421 494 4478 τῶν
522 4421 786 4494 ἀνομιῶν,
814 4422 911 4479 καὶ
937 4424 1318 4498 ὲσπιλωμένην
1361 4426 1671 4495 ἀπέδειξας,
1706 4445 1877 4484 κατα-

1973 3222 2132 3282 sidiis
2173 3221 2355 3278 furum
2389 3229 2560 3293 patet.
2600 3220 2776 3278 Pecus
2808 3220 2965 3276 nullo
2996 3218 3156 3290 signo
3188 3225 3378 3272 notata
3410 3217 3549 3271 citra

1974 3316 2280 3390 periculum
2327 3315 2626 3387 appetitur.
2676 3311 2909 3371 Iuvenis
2953 3313 3054 3369 es?
3099 3309 3362 3382 baptismi
3393 3309 3558 3377 signo

1967 3410 2315 3481 iuventutem
2350 3419 2497 3464 tuam
2552 3406 2808 3475 oblirma,
2853 3413 2909 3462 et
2937 3404 2993 3462 in
3024 3412 3146 3461 tuto
3175 3403 3411 3459 colloca.
3448 3399 3550 3456 νε-

1980 3510 2104 3575 geta
2157 3508 2291 3559 mtas
2342 3499 2588 3557 efﬂuxit?
2640 3498 2857 3555 cavesis
2901 3513 2973 3555 ne
3002 3495 3205 3553 viatico
3236 3509 3452 3558 careas,
3504 3511 3576 3554 ne

1973 3595 2291 3668 praesidium
2321 3609 2387 3651 ac
2428 3593 2577 3650 velut
2628 3593 2926 3649 amuletum
2956 3590 3181 3648 amittas
3217 3607 3235 3645 :
3271 3602 3453 3659 neque
3484 3586 3552 3643 de

1974 3690 2269 3749 undecima
2303 3688 2441 3745 hora
2479 3699 2739 3762 tanquam
2772 3686 2841 3743 de
2868 3685 3044 3759 prima
3074 3684 3307 3757 cogites.

2049 3878 2108 3935 Si
2140 3878 2268 3951 quis
2301 3878 2552 3936 medicus
2597 3875 2702 3934 hoc
2732 3876 2832 3933 tibi
2865 3873 3199 3948 quibusdam
3233 3871 3444 3929 artibus
3473 3868 3549 3927 fa-

1974 3987 2197 4035 cturum
2222 3991 2283 4033 se
2315 3976 2691 4047 polliceretur,
2726 3980 2786 4029 ut
2844 3986 2875 4027 a
2924 3978 3213 4029 senectute
3244 3968 3312 4024 ad
3358 3966 3553 4037 juven-

1976 4077 2093 4126 tam
2131 4067 2367 4135 redires,
2403 4082 2586 4123 annon
2611 4064 2677 4120 ad
2714 4064 2861 4121 diem
2893 4062 3048 4119 illum
3076 4060 3265 4119 venire
3296 4073 3552 4131 cuperes,

1977 4161 2033 4217 in
2068 4177 2181 4233 quo
2230 4170 2284 4218 te
2321 4161 2522 4218 iterum
2572 4158 3026 4228 iuvenescentem
3078 4151 3376 4212 cerneres?
3416 4151 3552 4207 Cum

1979 4261 2162 4311 autem
2218 4252 2531 4325 baptismus
2574 4253 2677 4308 hoc
2731 4250 2831 4307 tibi
2881 4264 2942 4306 se
2983 4247 3256 4305 facturum
3295 4242 3554 4315 spondet,

1980 4356 2041 4404 ut
2072 4348 2252 4403 anima
2281 4357 2395 4410 tua,
2428 4361 2593 4415 quam
2618 4351 2893 4400 vetustate
2921 4338 3237 4406 confecisti,
3266 4349 3320 4396 et
3351 4337 3554 4409 iniqui-

1979 4447 2157 4495 tatum
2223 4439 2378 4511 rugis
2434 4452 2685 4509 asperam
2738 4434 3051 4505 foedamque
3105 4430 3417 4497 reddidisti,
3484 4425 3553 4483 ad

273 4516 527 4588 φρονεῖς
570 4512 665 4569 τοῦ
706 4513 1026 4586 εύεργὲτους
1056 4517 1132 4571 Οὐ
1179 4518 1539 4591 προστρέχεις
1574 4518 1652 4591 τῷ
1702 4522 1875 4590 ἐπαγ-

1980 4531 2281 4601 pristinum
2337 4528 2529 4585 ﬂorem
2579 4528 2789 4593 redeat,
2844 4528 2986 4583 bene
3031 4526 3098 4581 tle
3140 4533 3201 4595 te
3248 4529 3552 4579 merentem

273 4609 571 4683 τέλματις
600 4608 713 4663 οὑκ
742 4608 1031 4681 ἐπιθυμεῖς
1064 4609 1190 4664 ἰδεῖν
1217 4610 1277 4667 τί
1297 4611 1359 4666 τδ
1396 4612 1538 4684 μέγα
1568 4612 1754 4685 θαῦμα
1774 4614 1877 4686 τῆς

274 4701 685 4774 ὑποσχέσεως;
722 4700 839 4765 πῶς
878 4702 1004 4755 ἄνευ
1037 4702 1244 4773 μητρὸς
1280 4704 1641 4774 ἀναγεννᾶται
1665 4705 1872 4778 ἄνθρω-

275 4806 392 4853 πος
415 4804 433 4855 ;
475 4786 601 4852 πῶς
627 4786 656 4839 6
689 4788 1084 4861 παλαιούμενος
1106 4792 1199 4846 καὶ
1223 4791 1581 4866 φθειρόμενος
1608 4796 1751 4851 κατά
1781 4798 1879 4861 τὰς

274 4882 605 4955 ἐπιθυμίας
634 4883 732 4953 τῆς
772 4885 1008 4955 ἀπάτης,
1057 4890 1264 4959 σφριγᾷ
1315 4889 1495 4955 πάλιν,
1539 4891 1633 4945 καὶ
1679 4892 1876 4965 ἀνηϐᾷ,

275 4977 381 5032 καὶ
410 4975 503 5040 είς
529 4973 593 5027 τὸ
622 4975 876 5047 ἀληθινὸν
900 4977 1058 5043 ἄνθος
1078 4979 1175 5051 τῆς
1201 4981 1452 5052 νεότητος
1478 4983 1880 5057 ἐπανέρχεταις

271 5071 599 5138 Βάπτισμα
639 5067 1002 5140 αἰχμαλώτοις
1044 5069 1256 5144 λύτρον,
1296 5075 1626 5147 ὀφλημάτων
1666 5079 1880 5148 ἄφεσις,

272 5163 539 5227 θάνατος
561 5162 857 5233 ἁμαρτίας,
888 5163 1275 5234 παλιγγενεσία
1300 5165 1498 5239 ψυχῆς,
1531 5169 1733 5241 ἔνδυμα
1767 5188 1881 5241 φω-

271 5257 498 5319 τεινδν,
540 5255 781 5327 σφραγὶς
832 5258 1273 5331 ἀνεπιχείρητος,
1307 5260 1491 5333 ὗχημα
1541 5263 1678 5335 πρὸς
1719 5264 1886 5336 οὐραη

270 5350 396 5417 νὺν,
455 5345 749 5420 βασιλείας
809 5348 1087 5422 πρόξενον,
1131 5350 1402 5418 υἱοθεσίας
1462 5354 1726 5426 χάρισμα.
1783 5356 1883 5410 To»

274 5441 513 5498 σούτων
566 5438 790 5509 ἀγαθῶν
821 5443 914 5497 καὶ
942 5443 1297 5515 τηλικούτων,
1331 5448 1503 5515 ἄθλιε,
1541 5450 1885 5523 προτιμωτέ-

274 5550 391 5611 ραν
425 5532 604 5603 ἄγεις
626 5532 724 5604 τὴν
747 5533 974 5608 ήδονήν;
1007 5536 1132 5591 Νοῶ
1150 5539 1259 5610 γάρ
1295 5557 1391 5593 σου
1424 5541 1525 5613 τὴν
1556 5542 1880 5615 ὑπέρθεσιν·

256 5632 390 5689 κᾶν
423 5627 805 5700 περιστέλλῃς
828 5632 941 5696 τοῖς
966 5631 1227 5704 ῥήμασιν.
1266 5634 1416 5688 Αὑτά
1445 5634 1555 5707 ,βοᾷ
1595 5637 1663 5691 τὰ
1710 5640 1887 5709 πρᾶγ-

280 5737 473 5794 ματα,
501 5718 619 5775 κᾶν
652 5723 720 5794 τῇ
740 5723 891 5795 φωνῇ
916 5726 1356 5797 σιωπᾷς.Ἔασον
1382 5728 1783 5802 ἀποχρήσωμαι
1816 5734 1881 5804 τῇ

275 5815 465 5891 σαρκὶ
500 5812 648 5886 πρὸς
677 5810 775 5888 τὴν
818 5816 1116 5875 ἀπόλαυσιν
1154 5820 1263 5875 τῶν
1288 5821 1551 5894 αἰσχρῶν,
1580 5823 1885 5896 ἐγκυλισθῶ

1980 4623 2317 4689 contemnis,
2346 4638 2451 4679 nec
2481 4621 2549 4678 ad
2580 4619 2898 4692 huiusmodi
2954 4617 3409 4691 pollicitationem
3457 4629 3555 4671 sca

1978 4716 2205 4774 curris?
2240 4715 2360 4772 Non
2391 4715 2747 4788 concupiscis
2767 4712 2958 4769 videre
2990 4712 3180 4786 ingens
3221 4710 3356 4767 illud
3386 4708 3557 4765 mira-

1982 4809 2190 4875 culum,
2232 4806 2384 4880 quod
2443 4807 2543 4862 tibi
2588 4804 2966 4879 promittitur?
3024 4819 3239 4876 nempe,
3277 4801 3560 4876 quomodo

1984 4901 2132 4957 nulla
2167 4900 2364 4956 matris
2399 4914 2565 4968 opera
2608 4900 2773 4955 homo
2805 4897 3117 4954 renascitur
3151 4895 3471 4967 :quomodo
3510 4893 3559 4951 is

1980 4994 2075 5066 qui
2110 5000 2441 5051 vetustatem
2478 4993 2785 5058 contraxit,
2813 4992 3048 5064 jamque
3084 4988 3373 5047 desideriis
3403 5003 3562 5045 erro-

1956 5087 2060 5144 ris
2094 5096 2398 5157 corruptus
2422 5094 2528 5153 est,
2563 5100 2788 5142 rursum
2825 5084 2975 5155 viget
3004 5092 3059 5140 et
3082 5082 3362 5155 pubescit,
3396 5088 3561 5151 atque

1984 5182 2051 5239 ad
2092 5196 2279 5237 verum
2313 5181 2495 5237 aetatis
2519 5180 2709 5237 florem
2744 5176 2929 5233 redit?
2969 5176 3283 5248 Baptismus
3309 5174 3560 5245 captivo-

1986 5288 2107 5329 rum
2165 5271 2477 5342 redemptio
2526 5282 2635 5339 est,
2687 5270 3000 5326 debitorum
3064 5266 3345 5333 remissio,
3409 5281 3561 5321 mors

1986 5364 2220 5437 peccati,
2247 5363 2447 5418 animae
2478 5360 2846 5433 regeneratio,
2887 5357 3238 5431 splendidum
3270 5355 3562 5412 indumen-

1985 5463 2127 5522 tum,
2162 5454 2406 5526 sigillum
2454 5453 2663 5509 nullius
2695 5460 2957 5508 conatum
3006 5458 3280 5515 metuens,
3328 5447 3558 5503 vehicuo

1987 5549 2098 5603 lum
2140 5549 2194 5603 in
2249 5547 2475 5613 cmlum,
2527 5546 2682 5617 regni
2734 5543 3078 5611 conciliator,
3118 5542 3431 5615 adoptionis
3461 5542 3560 5599 be-

1988 5642 2265 5699 neficium.
2309 5640 2485 5698 Totne
2536 5642 2819 5712 tantisque
2867 5638 3028 5697 bonis
3081 5638 3460 5710 voluptatem,
3523 5650 3558 5691 ο

1987 5736 2178 5803 miser,
2239 5734 2636 5806 pratferendam
2686 5733 2891 5806 putas?
2947 5732 3200 5805 Intelligo
3252 5731 3398 5788 enim
3438 5745 3560 5801 qua:

1989 5830 2089 5886 tibi
2120 5829 2401 5889 dilationis
2457 5847 2624 5890 causa
2658 5831 2753 5897 sit,
2788 5829 2893 5888 etsi
2936 5829 3123 5889 verbis
3169 5846 3288 5887 eam
3317 5828 3556 5902 obtegis.
