4010 6302
501 369 637 438 1275

1685 372 1747 435 S.
1782 370 2025 435 JOANN
2036 372 2104 435 [S
2138 371 2572 435 DAMASCENI

3621 376 3751 445 1276

499 486 608 572 ﬂes
636 501 766 558 ipsae
796 483 964 558 389
993 486 1255 552 clamant,
1310 486 1416 543 etsi
1454 499 1591 542 voce
1642 486 1795 545 siles.
1848 489 1981 545 Sine
2015 495 2077 544 ut

2205 485 2256 556 ’ᾧ
2286 485 2533 559 βορϐόρῳ
2592 482 2703 539 τῶν
2738 481 2962 556 ἡδονῶν,
2994 482 3211 557 αἷμὰξω
3255 485 3356 551 τάς
3390 487 3598 561 χεῖρας,
3647 496 3754 563 ἀφ.

497 593 664 634 carne
692 576 761 633 ad
789 579 1039 649 turpium
1072 594 1256 633 rerum
1301 576 1622 634 fruitionem
1662 577 1881 644 abutar,
1922 587 1983 635 ut
2018 579 2075 634 in

2208 577 2391 649 λωμαι
2440 578 2512 632 τὰ
2549 578 2827 650 ἀλλότρια,
2850 577 3037 643 δολίως
3082 579 3353 652 πορευθῶ,
3418 582 3751 656 ἐπιορκήσω,

496 673 847 741 voluptatum
884 685 1047 727 emno
1074 671 1315 736 voluter,
1360 680 1421 727 ut
1453 686 1651 727 manus
1680 680 1986 738 eruentem,
2021 682 2080 728 ut

2205 671 2491 744 νεύσωμαι,
2522 672 2618 727 καὶ
2670 673 2793 727 τότε
2842 672 2904 727 τὸ
2955 673 3260 747 βάπτισμα,
3285 676 3416 731 ὅταν
3460 676 3607 749 λήξω
3651 679 3755 733 τῶν

502 766 682 824 aliena
746 768 979 839 rapiam,
1030 774 1256 823 versute
1297 765 1570 835 incedam,
1613 765 1879 837 pejerem,
1919 780 2077 822 men-

503 860 612 915 tiar
650 877 666 916 :
696 875 761 916 ac
795 870 911 915 tum
944 860 1304 932 baptismum,
1346 873 1471 914 eum
1501 859 1767 930 peccandi
1814 861 1974 916 tinem
2006 861 2083 917 fe-

502 966 656 1017 cero,
692 952 1016 1024 suscipiam.
1070 952 1277 1024 Ecquis
1334 961 1516 1010 autem
1556 954 1653 1009 tibi
1703 953 1827 1011 vita:
1884 964 2080 1011 metam

507 1044 665 1101 ﬁxit?
695 1045 821 1115 quis
855 1044 954 1100 tibi
1011 1045 1316 1102 senectutis
1352 1043 1650 1100 terminum
1706 1046 2084 1117 praescripsit?

506 1135 634 1208 quis
690 1136 836 1210 apud
890 1148 942 1193 te
987 1148 1097 1193 tam
1157 1137 1401 1209 locuples
1459 1136 1774 1193 futurorum
1810 1138 2086 1209 sponsor?

507 1232 703 1286 Annon
736 1230 891 1287 vides
914 1229 1158 1287 infantes
1192 1239 1369 1286 morte
1393 1230 1595 1301 abripi,
1631 1238 1796 1286 aelate
1825 1231 2086 1289 ﬂorentes

504 1320 748 1377 abduci?
780 1324 889 1376 vita
918 1322 1130 1377 nullum
1155 1329 1365 1377 certum
1394 1320 1689 1377 terminum
1725 1319 1914 1376 habet.
1944 1318 2085 1389 Quid

505 1426 799 1488 exspectas
838 1426 899 1472 ut
928 1417 1235 1489 baptismus
1259 1414 1359 1472 tibi
1400 1417 1668 1473 beneﬂcio
1699 1408 1871 1472 (ehi-is
1904 1417 2089 1474 obtin-

513 1509 645 1581 gat?
675 1512 894 1580 quando
922 1510 1034 1581 jam
1072 1527 1142 1567 ne
1179 1511 1441 1567 salutaria
1490 1513 1587 1568 tibi
1637 1510 1803 1568 verba
1844 1526 2089 1581 pronun-

509 1602 677 1669 tiare,
723 1613 777 1660 et
826 1604 1012 1659 forsan
1047 1619 1115 1660 ne
1163 1604 1325 1676 plane
1361 1603 1585 1676 quidem
1633 1604 1827 1660 audire
1857 1604 2087 1676 poteris,

2180 766 2391 832 κακῶν,
2440 764 2795 839 ὑποδέξομαι.
2832 766 2929 832 Τίς
2979 767 3036 822 δέ
3100 785 3185 823 σοι
3233 771 3331 824 καὶ
3375 770 3470 825 τὸν
3508 771 3634 844 ὅρον
3660 776 3757 845 τῆς

2181 856 2329 930 ζωῆς
2369 858 2612 931 ἐπηξενς
2648 858 2731 923 τίς
2778 876 2861 914 σοι
2902 860 3006 931 τὴν
3056 858 3396 933 προθεσμίαν
3442 861 3537 917 τοῦ
3574 864 3761 936 γήρως

2181 949 2417 1023 ῶρισεν;
2453 950 2537 1015 τίς
2578 950 2750 1014 οὕτως
2796 951 3111 1018 ἀξιόπιστος
3166 954 3320 1026 παρά
3365 953 3451 1007 σοὶ
3482 954 3592 1011 τῶν
3636 956 3764 1028 μελ-

2182 1044 2386 1099 λόντων
2410 1045 2685 1117 ἐγγυητής
2705 1062 2721 1111 ς
2742 1044 2855 1117 Οὐχ
2881 1046 3014 1118 ὁρᾷς
3041 1046 3210 1118 νήπια
3233 1046 3610 1121 ἀρπαζόμενα,
3636 1051 3762 1115 τοῦς

2184 1138 2241 1192 ἐν
2286 1138 2474 1210 ἡλικίᾳ
2502 1136 2927 1208 ἀπαγομένους;
2964 1140 3063 1195 οὐκ
3107 1138 3221 1211 ἔχει
3255 1141 3388 1211 μίαν
3423 1141 3761 1215 προθεσμίαν

2185 1232 2213 1283 ό
2246 1228 2378 1301 βίος.
2416 1230 2481 1285 Τί
2510 1230 2802 1302 ἀναμένεις
2838 1231 3075 1304 πυρετοῦ
3104 1248 3186 1287 σοι
3212 1232 3389 1306 δῶρον
3426 1235 3679 1305 γενέσθαι
3705 1236 3765 1289 τὸ

2191 1324 2513 1398 βάπτισμα;
2538 1326 2625 1380 ὅτε
2648 1322 2772 1379 οὔτε
2804 1325 3144 1396 φθέγξασθαι
3165 1327 3368 1401 δυνήσῃ
3408 1328 3477 1383 τά
3522 1332 3765 1403 σωτήρια

2191 1422 2435 1493 ῥήματα,
2465 1420 2604 1491 τάχα
2641 1419 2699 1473 δὲ
2725 1417 2890 1493 [οὐδὲ]
2906 1418 3135 1474 ἀκοῦσαι
3168 1421 3425 1494 καθαρῶς
3444 1439 3458 1454 ⁶
3491 1423 3552 1476 οὐ
3576 1426 3765 1497 χεῖρας

2191 1509 2323 1585 ἆραι
2340 1514 2420 1576 εἰς
2444 1511 2800 1586 οίιρανδν,οὐκ
2820 1513 2914 1568 ἐπὶ
2932 1513 3095 1578 πόδας
3114 1513 3488 1587 διαναστῆναι,
3509 1515 3569 1569 οὐ
3587 1514 3767 1570 κλῖναι

2193 1605 2320 1676 γόνυ
2350 1608 2432 1671 είς
2454 1605 2556 1677 τὴν
2585 1604 2981 1677 προσκύνησιν,
3015 1606 3078 1661 οὗ
3116 1605 3431 1677 διδαχθῆναι
3455 1607 3768 1683 χρησίμως,

513 1710 627 1752 non
658 1711 854 1752 manus
884 1697 951 1752 ad
1002 1697 1206 1751 coelum
1229 1697 1451 1759 tollere,
1499 1713 1609 1753 non
1650 1697 1889 1770 pedibus
1919 1705 2088 1764 stare,

2205 1701 2291 1771 ιύχ
2320 1699 2668 1777 ⁸ὁμολογῆσαι
2712 1699 2993 1768 ἀσφαλῶς,
3030 1699 3155 1772 οὐχὶ
3198 1696 3492 1754 συνθέσθαὶ
3529 1700 3773 1771 Χριστῷ,

514 1805 627 1848 ιιοη
668 1790 1007 1847 adorationis
1055 1804 1226 1848 causa
1272 1790 1682 1863 genuﬂectere,
1726 1807 1832 1848 non
1883 1792 2094 1847 utiliter

2205 1793 2295 1847 sint
2332 1790 2709 1856 ἀποτάξασθαι
2744 1789 2823 1861 τῷ
2854 1788 3055 1862 ἐχθρῷ,
3097 1790 3239 1862 τάχα
3263 1790 3321 1844 δὲ
3353 1790 3475 1846 οὐδὲ
3534 1793 3777 1859 συνετῶς

515 1882 762 1949 edoceri,
804 1900 913 1940 non
963 1896 1117 1941 certo
1151 1886 1424 1953 conﬁteri,
1456 1901 1567 1941 non
1609 1896 1663 1943 te
1709 1887 1776 1941 ad
1807 1885 2089 1941 Christum

2205 1881 2496 1950 ἐπακοῦσαι
2526 1849 3117 1953 *μυσταγῶγοδμξενοθ
3159 1849 3471 1953 άμφίϐολος
3521 1881 3598 1939 ῶν
3663 1849 3782 1950 τοῖς

519 1975 841 2048 adiungere,
889 1993 996 2032 non
1043 1976 1187 2033 hosti
1222 1978 1637 2043 abrenuntiare,
1672 1978 1809 2049 quin
1850 1994 1951 2035 nec
1980 1976 2094 2033 for-

2205 1976 2479 2049 παροῦσιν,
2512 1970 2659 2048 Ἀρα
2685 1972 2881 2047 ᾔσθετο
2924 1973 3022 2044 τῆς
3065 1973 3307 2045 χάριτος,
3348 1975 3383 2045 ἦ
3436 1975 3782 2048 ἀναισθήτως

518 2069 692 2127 tassis
743 2070 1115 2142 intelligenter
1165 2071 1393 2138 audire,
1439 2089 1565 2127 eum
1618 2072 1982 2130 initiabcris:
2035 2087 2098 2128 ac

2205 2070 2309 2141 ἔχει
2352 2067 2462 2122 τῶν
2494 2066 2803 2139 γενομένων
2828 2084 2844 2134 ;
2870 2066 3012 2121 ,ὅταν
3060 2067 3118 2121 δὲ
3156 2068 3252 2121 καὶ
3276 2068 3657 2141 ἐπιστημόνως
3681 2068 3787 2142 τὴ)

518 2161 759 2234 denique
796 2163 871 2217 ita
916 2161 1145 2220 aﬂectus
1176 2164 1310 2231 eris,
1353 2172 1413 2220 ut
1446 2166 1541 2236 qui
1588 2166 1824 2222 aderunt
1875 2166 2098 2237 ancipiti

2205 2162 2357 2235 χάριν
2388 2161 2539 2234 δέξῃ,
2573 2160 2694 2215 τότε
2725 2160 2786 2214 τὸ
2809 2161 2909 2229 μὲν
2933 2158 3192 2216 τάλαντον
3211 2159 3379 2232 ἔχεις,
3410 2162 3513 2235 τὴν
3535 2162 3593 2217 δὲ
3615 2163 3786 2235 ἐργα-

520 2252 710 2308 animo
742 2253 876 2321 sint,
919 2254 1148 2325 gratiam
1198 2271 1263 2313 ne
1315 2258 1578 2321 senseris,
1624 2274 1692 2313 an
1738 2272 1929 2313 eorum
1982 2272 2099 2328 qua:

2205 2256 2324 2310 σίαν
2354 2254 2458 2309 οὐκ
2491 2252 2800 2326 ἑπιφέρεις.
3778 2314 3779 2317 η

520 2358 877 2421 peragentur,
907 2350 1056 2405 omni
1104 2363 1271 2406 sensu
1319 2364 1535 2408 careas.
1576 2350 1780 2408 Demus
1834 2367 1964 2408 vero
2012 2359 2091 2419 te,
2131 2353 2365 2422 gratiam
2401 2351 2479 2406 ita
2513 2364 2732 2420 quoque
2765 2356 3170 2419 suscepturum,
3217 2353 3279 2404 ut
3366 2363 3487 2406 eam
3572 2352 3785 2410 sentias

521 2452 577 2501 et
592 2458 858 2514 agnoscas
888 2462 901 2499 :
930 2444 1196 2500 talentum
1215 2445 1434 2517 quidem
1467 2446 1716 2514 habebis,
1746 2458 1801 2504 at
1829 2455 2098 2522 quaestum
2135 2465 2196 2505 ex
2238 2463 2306 2505 eo
2340 2447 2547 2504 nullum
2584 2455 2764 2503 tecum
2797 2444 2968 2509 feres.

594 2580 656 2638 S.
689 2579 841 2654 Greg.
880 2579 1025 2636 Nos.
1068 2578 1225 2639 Orat.
1254 2583 1309 2636 in
1355 2583 1499 2652 bapt.
1525 2613 1594 2623 —
1629 2582 2099 2650 Quemadmodum

2269 2586 2483 2658 ’Ὠσπερ
2512 2585 2613 2640 οὐκ
2641 2584 2803 2649 όντας
2835 2585 3168 2657 ὑπέστησεν,
3217 2584 3394 2651 οὕτως
3433 2586 3788 2652 ὑποστάντας

524 2693 648 2743 nos,
679 2693 803 2733 cum
835 2686 963 2731 ante
996 2691 1105 2731 non
1135 2691 1416 2743 essemus,
1462 2681 1707 2743 creavit,
1758 2677 1834 2732 ita
1884 2686 2099 2734 creatos

2205 2680 2530 2745 ἀνέπλασεν,
2562 2677 2760 2735 πλάσιν
2806 2678 3093 2751 θειοτέραν
3136 2696 3197 2733 τε
3249 2680 3348 2735 καὶ
3405 2682 3523 2753 τῆς·
3562 2668 3789 2756 πρώτης

523 2770 705 2825 denuo
736 2768 894 2823 tinxit
943 2766 1401 2839 instauravitquc,
1452 2776 1507 2824 et
1552 2767 1777 2840 quidem
1843 2769 2099 2840 ﬁgmento

2205 2772 2581 2846 ὑψηλοτέραν
2624 2772 2659 2844 ἢ
2694 2772 2808 2834 τοῖς
2844 2769 2947 2843 μὶν
2978 2770 3309 2844 ἀρχομένοις
3351 2772 3481 2829 ἐστὶ
3518 2776 3789 2846 σφραγὶς,

516 2860 808 2930 diviniori,
832 2876 897 2917 ac
915 2860 1060 2930 quod
1098 2860 1334 2931 primum
1368 2862 1528 2934 longe
1560 2869 1850 2933 superaret
1881 2858 2099 2935 (quippe

2205 2869 2320 2932 τοῖς
2342 2866 2401 2921 δὲ
2430 2865 2787 2937 τελειοτέροις
2830 2865 2932 2938 τὴν
2975 2865 3192 2938 ἠλικίαν
3236 2867 3506 2940 χάρισμα,
3550 2868 3652 2925 καὶ
3691 2871 3791 2941 τῆς

521 2953 700 3023 quod,
730 2953 807 3007 uti
840 2952 1025 3008 vivere
1054 2952 1452 3023 incipientibus
1492 2954 1733 3027 sigillum
1771 2962 1878 3023 est,
1909 2955 1986 3010 ita
2036 2955 2099 3011 iis

2205 2963 2486 3033 παθούσης
2518 2960 2727 3025 εἰκόνος
2753 2960 2846 3016 διὰ
2872 2958 2972 3033 τὴν
3020 2959 3221 3015 κακίαν
3265 2961 3670 3035 ἐπανόρθωσις,
3699 2962 3794 3019 ἵνα

524 3046 619 3116 qui
664 3043 928 3117 vegetiori
978 3053 1110 3101 sunt
1166 3053 1349 3114 aetate,
1399 3045 1575 3118 gratia
1624 3061 1851 3118 quoque
1895 3053 2005 3113 est,
2055 3055 2099 3104 el

2216 3057 2293 3130 μὴ
2322 3058 2387 3129 τῇ
2410 3053 2721 3127 ἀπογνώσει
2749 3055 2969 3127 χείρους
2997 3054 3307 3127 γενόμενοι,
3332 3053 3431 3110 καὶ
3456 3056 3549 3113 ἀεὶ
3571 3056 3718 3130 πρὸς
3738 3058 3797 3112 τὺ

525 3138 738 3195 aﬂ'ectae
764 3136 1023 3209 imaginis
1050 3139 1301 3204 erectio).
1324 3154 1395 3195 ne
1425 3139 1626 3212 alioqui
1649 3156 1747 3212 per
1770 3138 2109 3212 desperatio-

527 3246 650 3287 nem
685 3230 1070 3287 sceleratiores
1098 3230 1461 3300 eﬂiceremur,
1478 3241 1532 3289 et
1564 3234 1619 3288 in
1641 3232 1898 3305 graviora
1928 3232 2110 3305 quoti-

525 3323 615 3377 die
642 3319 843 3393 ﬂagitia
871 3322 1304 3394 prorumpendo,
1329 3338 1360 3380 a
1394 3324 1539 3382 bono
1571 3334 1627 3382 et
1656 3328 1861 3383 virtute
1886 3327 2110 3398 penitus

526 3413 910 3470 cxcideremus
922 3448 940 3465 .

601 3524 745 3581 Ibid.
768 3557 841 3569 -
864 3526 956 3582 Sic
985 3536 1037 3582 te
1059 3543 1339 3600 compara,
1368 3539 1425 3584 ut
1460 3530 1743 3588 lavacrum
1772 3547 1881 3590 non
1907 3548 2109 3606 corpus

529 3620 715 3688 modo,
750 3620 843 3676 sed
869 3620 1163 3693 imaginem
1191 3638 1414 3695 quoque
1443 3624 1537 3681 Dei
1572 3626 1797 3695 abluat;
1842 3644 1951 3685 non
1982 3645 2111 3702 pec-

526 3721 650 3769 cata
686 3712 863 3768 solum
895 3711 1097 3777 deleat,
1121 3714 1213 3769 sed
1245 3730 1440 3773 mores
1475 3717 1642 3773 etiam
1671 3719 1969 3789 emendet;
2001 3737 2109 3778 non

527 3804 797 3876 pristinas
851 3812 1065 3862 tantum
1128 3808 1254 3863 vita:
1303 3808 1498 3866 sordes
1551 3812 1864 3884 abstergat,
1921 3830 2109 3870 verum

531 3894 737 3953 fontem
763 3911 983 3968 quoque
1014 3897 1195 3969 ipsum
1220 3909 1520 3971 expurget;
1552 3917 1663 3958 non
1688 3906 1873 3960 animo
1898 3914 2110 3963 tantum

530 3990 830 4062 insculpat,
879 3998 941 4046 ut
999 4005 1136 4063 opes
1192 3994 1443 4051 honestis
1505 3995 1813 4053 rationibus
1857 4014 2108 4070 quaeras,

528 4101 720 4141 verum
772 4094 831 4141 ut
882 4085 1231 4143 laudabiliter
1258 4086 1528 4157 eﬂ‘undas,
1574 4100 1669 4145 aut
1712 4092 1865 4163 quod
1900 4094 2112 4149 levissi-

530 4191 680 4231 mum
715 4176 903 4244 fuerit,
940 4178 1082 4233 male
1114 4189 1298 4249 partas
1326 4180 1576 4251 abjicias.
1628 4182 1768 4249 Quid
1820 4184 1968 4240 enim
2012 4185 2111 4243 tibi

530 4270 824 4342 profuerit,
856 4271 932 4327 ita
970 4272 1180 4342 peccati
1211 4272 1425 4328 veniam
1446 4274 1812 4346 impetrasse,
1840 4286 1899 4332 ut
1930 4286 2113 4333 tamen

530 4364 579 4417 ei
626 4376 789 4432 quem
824 4363 1054 4429 laeseris,
1104 4362 1368 4419 damnum
1398 4380 1509 4421 non
1537 4367 1837 4434 sarciatur,
1885 4383 2011 4425 cum
2052 4378 2111 4426 tu

2212 3152 2399 3223 χεῖρον
2426 3147 2893 3221 καταφερόμενοι,
2923 3146 3146 3212 τελείως
3183 3146 3291 3217 ἔξω
3332 3147 3431 3205 τοῦ
3488 3148 3664 3206 καλοῦ
3705 3151 3798 3206 καὶ

2212 3244 2314 3315 τῆς
2333 3239 2540 3316 ἀρετῆς
2563 3241 2874 3314 πίπτωμεν.
3752 3239 3757 3242 ’

2283 3530 2531 3587 Γενέσθω
2556 3548 2637 3587 σοι
2690 3533 2750 3587 τὸ
2771 3533 3015 3608 λουτρὸν,
3067 3533 3142 3607 μὴ
3173 3533 3270 3591 τοῦ
3314 3534 3569 3607 σώματος
3611 3534 3799 3607 μόνον,

2214 3624 2355 3683 ἀλλὰ,
2379 3626 2596 3698 καὶτῆς
2618 3627 2825 3692 εἰκόνος
2849 3643 2864 3658 ο
2880 3627 2956 3701 μὴ
2977 3618 3326 3701 τῶνάμαρτη
3334 3629 3521 3701 μάτων
3534 3627 3805 3695 tactiost;

2220 3703 2380 3790 μόνον
2401 3760 2415 3785 ,
2445 3718 2582 3775 ἀλλὰ
2621 3720 2826 3792 καῖτοῦ
2855 3721 3059 3793 τρόπου
3089 3722 3375 3795 διόρθωσις
3393 3739 3409 3753 ·
3441 3722 3638 3796 μὴ’τδν
3674 3742 3807 3797 προ-

2215 3808 2448 3865 λαϐόντα
2502 3810 2762 3884 βόρϐορον
2805 3812 3159 3878 amabam
3194 3813 3379 3887 μόνον,
3413 3813 3551 3869 ἀλλά
3575 3816 3679 3871 καὶ
3704 3816 3806 3888 τὴν

2216 3902 2400 3976 πηγὴν
2425 3902 2761 3978 καθαιρέτω·
2786 3906 2861 3978 μὴ
2893 3907 2955 3961 τὸ
2973 3907 3155 3971 καλῶς
3173 3907 3405 3964 κτᾶσθαι
3426 3911 3690 3966 τυπούτω
3712 3911 3808 3983 μό-

2216 3997 2477 4061 νον,ἀλλὰ
2517 4000 2611 4054 καὶ
2647 4000 2709 4055 τὸ
2731 4000 2914 4067 καλῶς
2934 4001 3276 4058 ἀποκτᾶσθαι
3295 4044 3313 4072 ,
3328 4003 3361 4076 ἢ
3378 4004 3505 4077 τόγε
3528 4007 3806 4078 κουφᾶη-

2214 4103 2328 4154 τον,
2341 4087 2403 4143 τὸ
2421 4088 2606 4154 κακῶς
2628 4091 2827 4162 κτηθὶν
2849 4094 3219 4150 ἀποτίθεσθαι.
3239 4095 3306 4149 Τί
3326 4097 3436 4169 γὰρ
3463 4098 3664 4169 όςρελος
3687 4142 3703 4164 ,
3725 4104 3807 4155 σοὶ

2221 4179 2323 4253 μὲν
2342 4183 2761 4257 συγχωρηθῆναι
2793 4186 2892 4259 τὴν
2919 4188 3210 4262 ἁμαρτίαν,
3222 4189 3301 4263 τῷ
3318 4189 3379 4247 δὲ
3392 4192 3716 4266 ἠδικημένῳ
3730 4194 3807 4266 μὴ

2217 4273 2446 4348 λυθῆναι
2474 4277 2576 4352 τὴν
2596 4279 2747 4354 παρά
2767 4281 2862 4337 σοῦ
2888 4281 3127 4356 ζημίαν;
3157 4282 3251 4339 δύο
3274 4301 3357 4339 σοι
3387 4285 3577 4340 κακῶν
3605 4286 3804 4353 ὄντων,

2218 4368 2315 4424 τοῦ
2344 4388 2405 4425 τε
2455 4374 2760 4446 κτήσασθαι
2791 4376 2869 4449 μὴ
2919 4378 3170 4444 δικαίως,
3202 4378 3425 4434 καὶτοῦ
3479 4379 3545 4435 τὸ
3598 4382 3807 4454 κτηθὲν

531 4453 744 4525 duplici
776 4454 987 4513 scelere
1016 4456 1356 4513 constrictus
1408 4460 1648 4516 tenearis
1682 4480 1695 4518 :
1742 4461 1938 4532 altero,
1983 4464 2099 4535 qui:

2219 4441 2569 4535 κατέχεσθαι,
2615 4466 2709 4521 τοῦ
2762 4441 2869 4539 μὲν
2906 4441 3349 4540 ἄφεσιν-ἔλαθες,
3382 4470 3442 4526 τὸ
3469 4471 3527 4526 δὲ
3558 4441 3806 4547 σήμερον

534 4545 741 4615 injuste
808 4548 1060 4617 possides
1121 4548 1418 4606 facultates
1486 4560 1647 4619 tuas;
1716 4555 1924 4622 altero,
1986 4555 2099 4626 qui:

2220 4550 2449 4619 ἀδικεῖς.
2484 4555 2737 4628 Σήμερον
2784 4559 2895 4628 γάρ
2931 4560 3051 4613 ἐστι
3081 4561 3237 4634 παρὰ
3276 4562 3359 4616 σοὶ
3390 4562 3455 4616 τὸ
3490 4545 3802 4635 ἀλλότριον,

504 4644 723 4706 partas
777 4652 912 4709 opes
967 4636 1249 4695 mordicus
1295 4648 1493 4706 tenes;
1552 4636 1645 4695 illa
1702 4642 1924 4712 quidem
1977 4658 2099 4698 nox:

2220 4645 2315 4699 καὶ
2341 4647 2444 4703 οὐκ
2474 4650 2715 4723 ἀνῃρέθη
2766 4653 2829 4707 τὸ
2864 4654 3195 4728 ἁμάρτημα,
3239 4655 3319 4729 τῷ
3371 4659 3553 4730 χρόνῳ
3599 4657 3661 4713 δὲ
3729 4661 3804 4713 δι-

538 4729 632 4786 tibi
684 4731 993 4786 condonata
1054 4740 1161 4798 est,
1209 4730 1312 4785 hac
1348 4746 1479 4787 vero
1514 4733 1694 4790 adhuc
1741 4734 1901 4791 hodie
1942 4735 2095 4807 impli

2226 4737 2400 4811 εκόπη
2420 4740 2513 4795 ’τὸ
2547 4742 2644 4812 μὲν
2677 4744 2782 4818 πρὸ
2811 4746 2905 4802 τοῦ
2934 4747 3311 4823 βαπτίσματος
3342 4750 3639 4824 τολμηθὲν,
3660 4753 3727 4808 τὸ
3751 4754 3806 4808 δὲ

535 4825 727 4880 caris?
755 4823 929 4879 Hodie
967 4823 1113 4879 enim
1143 4823 1285 4896 apud
1319 4832 1371 4879 te
1403 4825 1579 4880 aliena
1613 4842 1705 4883 res
1734 4837 1857 4892 est;
1890 4827 2099 4900 ideoqin

2228 4831 2389 4902 μένον
2444 4837 2583 4905 μετά
2614 4837 2677 4891 τδ
2728 4840 3035 4916 βάπτισμα.
3069 4843 3190 4898 Τῶν
3232 4845 3340 4916 γάρ
3368 4847 3802 4919 ἡμαρτημένων,

532 4930 886 4989 nequaquam
924 4916 1162 4972 deletum
1211 4924 1298 4976 est
1358 4927 1643 4988 peccatum
1674 4959 1689 4985 ,
1741 4921 1836 4976 sed
1877 4929 2099 4992 tempori

2222 4925 2283 4979 οὐ
2308 4925 2419 4981 τῶν
2442 4928 2930 5003 ἁμαρτανομένων,
2956 4935 3018 4989 τδ
3039 4934 3263 5009 λουτρὸν
3289 4916 3417 5010 ἔχει
3432 4916 3799 5013 συγχῶρησιν.

527 5011 1185 5068 duntaxat'rintercisum.
1222 5009 1355 5066 Pars
1390 5011 1562 5066 altera
1611 5026 1741 5069 ante
1781 5014 2099 5085 baptismun

2223 5020 2316 5072 Δεῖ
2338 5019 2395 5075 δὲ
2425 5022 2501 5096 μὴ
2537 5026 2862 5101 σοφισθῆναι
2907 5027 3000 5083 τὸν
3033 5009 3341 5103 καθαρμὸν,
3375 5030 3496 5087 ἀλλ’
3526 5009 3799 5105 ἐνσημαν-

538 5112 850 5175 perpetrata
872 5108 979 5169 est,
998 5102 1171 5158 altera
1198 5110 1321 5174 post
1350 5102 1688 5175 baptismum
1710 5116 1915 5163 manet.
1935 5107 2099 5180 Nequi

2225 5112 2388 5185 θῆναι
2410 5132 2425 5147 ο
2462 5118 2880 5195 λαμπρυνθῆναί
2902 5140 2963 5177 σε
2989 5102 3231 5192 τελείως,
3262 5125 3401 5182 ἀλλά
3428 5127 3506 5200 μὴ
3550 5102 3803 5202 namq-oi.

531 5199 685 5255 enim
716 5197 1082 5271 praesentibus
1106 5193 1349 5267 ﬂagitiis,
1373 5196 1467 5252 sed
1498 5197 1568 5253 iis
1598 5213 1720 5268 qua:
1741 5196 1854 5270 jam
1881 5200 2099 5260 admiss:

2222 5223 2314 5261 ναι
2340 5222 2356 5292 ξ
2410 5211 2547 5282 μηδὲ
2574 5193 2907 5287 ἐπικάλυψιν
2932 5214 3041 5272 τῶν
3092 5217 3403 5292 ἁμαρτιῶν,
3628 5193 3801 5278 dna);-

534 5298 692 5355 sunt,
719 5289 938 5345 veniam
979 5285 1139 5343 aﬂert
1171 5288 1501 5360 baptismus.
1547 5287 1723 5347 Porro
1756 5304 1864 5348 non
1905 5303 2099 5351 vetera

2221 5289 2397 5373 λαγῆν
2434 5303 2579 5375 ἔχειν
2607 5306 2669 5360 τὸ
2687 5285 2955 5381 χάρισμα.

533 5384 682 5441 torie
704 5380 1023 5453 accipienda
1061 5382 1317 5452 purgatio
1346 5388 1454 5451 est,
1480 5382 1575 5439 sed
1620 5383 1766 5439 serio
1800 5385 2201 5480 imprimenda;
2234 5392 2442 5467 tibique
2503 5380 2803 5472 agendum,
2862 5380 2926 5459 ut
2998 5402 3161 5474 pleno
3221 5404 3582 5480 perfectoque
3621 5409 3800 5480 splen-

537 5484 677 5540 dore
701 5483 900 5551 niteas,
922 5498 1029 5541 non
1057 5500 1118 5541 ut
1138 5501 1195 5541 ιιι
1218 5482 1565 5556 superﬁciem
1582 5479 1839 5538 illiuaris.
1859 5477 2123 5551 Baptismi
2158 5483 2363 5545 donum
2391 5508 2501 5549 non
2516 5498 2900 5557 tantummodo
2913 5500 3139 5560 obducit
3167 5477 3534 5574 peccata,sed
3594 5477 3668 5561 ab
3720 5505 3799 5561 bis

545 5582 769 5655 penitus
797 5581 1012 5639 eximit.

615 5699 890 5772 Chrysost.
936 5703 1097 5757 Hom.
1141 5698 1209 5754 ad
1261 5713 1438 5752 recens
1486 5694 1663 5751 illum.
1694 5722 1763 5735 -
1800 5692 2097 5751 Bcnedictu

2304 5682 2612 5756 Εὐλογητὸς
2652 5684 2689 5739 ό
2728 5684 2888 5754 Θεὸς,
2929 5688 2960 5742 ό
3010 5685 3183 5742 ποιῶν
3234 5685 3516 5757 θαυμάσια
3555 5685 3739 5756 μόνος.
3778 5700 3799 5736 5

548 5792 714 5859 Deus,
741 5794 834 5865 qui
870 5794 1000 5850 facit
1028 5792 1303 5851 mirabilia
1326 5794 1477 5850 solus
1503 5790 1678 5861 (Psal.
1712 5806 1858 5853 aut,
1885 5789 1994 5860 18),
2030 5805 2099 5860 qu

2235 5777 2404 5831 ποιῶν
2448 5779 2625 5834 πάντα
2649 5816 2665 5844 ,
2703 5781 2801 5835 καὶ
2839 5780 3268 5846 κατασκευάζων
3330 5780 3497 5836 αὐτὰ.
3560 5780 3627 5833 0i
3680 5776 3794 5856 ιιις

554 5896 750 5946 cuncta
780 5889 1047 5957 condidit,
1074 5903 1252 5959 eaque
1283 5894 1637 5943 transmutat.
1659 5883 1761 5952 Qui
1788 5882 1903 5941 heri
1929 5883 2099 5953 captis

2236 5870 2592 5943 αἰχμάλωτοι,
2643 5874 2738 5930 νῦν
2777 5873 3075 5949 ἐλεύθεροι,
3121 5870 3214 5929 καὶ
3263 5871 3482 5929 πολίται
3510 5871 3614 5944 τῆς
3695 5869 3796 5926 Εκ-
