4010 6302
180 373 308 439 1277

1439 374 1677 435 SACRA
1713 372 2154 434 PABALLELA
2173 411 2190 427 .

3301 370 3431 436 1278

176 489 421 560 κλησίας.
471 486 534 540 Ol
570 486 762 558 πρώην
789 487 849 540 ἐν
882 485 1115 561 αἰσχύνῃ
1163 485 1601 559 ἁμαρτημάτων,
1648 487 1734 540 vin

1849 496 2030 553 erant,
2091 481 2254 542 hodie
2293 485 2449 542 liberi
2483 494 2632 552 sunt,
2685 495 2739 542 et
2782 486 2931 545 cives
2965 487 3241 546 Ecclesu'c.
3286 491 3435 556 Quos

173 588 229 638 ἐν
253 582 534 654 παρρησίᾳ
559 579 931 653 δικαιοσύνης.

237 761 297 814 El
329 760 389 814 τ’)
415 760 615 816 εἰδέναι
645 760 738 814 τὸν
762 760 892 815 Θεὸν
907 758 1212 832 ὑπερϐολὴν
1234 760 1291 813 ὲν
1316 758 1394 831 τῷ
1427 758 1619 830 ἀγαθῷ
1643 757 1743 813 οὐκ

172 850 303 920 ἔχει,
337 850 397 903 τὸ
447 850 562 904 tale
610 851 866 921 γενέσθαι
916 851 1052 905 Θεοῦ
1109 852 1250 924 ὑπὲρ
1296 850 1592 918 εὐκληρίαν
1625 850 1744 902 ἐστὶ

169 947 368 997 πᾶσαν.
411 943 471 997 '0
497 943 606 1016 γὰρ
658 944 792 998 Θεοῦ
828 944 944 1008 υίὸς
998 944 1251 1012 ἀξιωθεὶς
1307 943 1585 1013 γενέσθαι,
1632 943 1744 1010 ἕξει

171 1036 386 1099 πάντως
417 1036 513 1090 τοῦ
550 1037 764 1108 Πατρὸς
803 1037 865 1090 τὸ
905 1035 1146 1106 ἀξίωμα.
1198 1036 1372 1108 ’Υπὲρ
1415 1037 1579 1106 εὐχὴν
1621 1035 1676 1088 δὲ
1708 1038 1742 1108 ἡ

166 1129 420 1200 ἐπιτυχία
443 1147 458 1162 ·
484 1129 624 1200 ὑπὲρ
654 1129 842 1182 ἐλπίδα
877 1128 932 1181 δὲ
965 1128 1026 1181 τὺ
1053 1126 1227 1200 δῶρον
1249 1146 1263 1158 ·
1317 1128 1457 1198 ὑπὲρ
1514 1125 1677 1197 φύσιν
1707 1128 1740 1200 η

165 1222 344 1292 χάρις.
378 1252 447 1261 -—-
475 1220 810 1286 Βαπτίζεται
845 1222 986 1291 ἁγίῳ
1036 1220 1336 1291 Πνεὺματι,
1369 1221 1398 1273 ὁ
1429 1219 1519 1272 διά
1560 1217 1739 1288 πάσης

165 1314 426 1386 νοήσεως,
459 1314 553 1367 καὶ
581 1313 781 1384 λόγων,
814 1315 908 1367 καὶ
936 1313 1190 1391 πράξεων
1231 1311 1611 1383 ἁγιαζόμενος,
1640 1328 1734 1366 και

165 1407 238 1460 ὢν
291 1407 682 1478 πνευματικός.
721 1408 808 1474 Ὦς
834 1410 941 1480 γὰρ
969 1408 999 1460 ό
1031 1409 1110 1470 είς
1138 1405 1284 1475 ὕδωρ
1308 1404 1737 1476 βαπτιζόμενος,

164 1497 298 1562 ὅλως
327 1499 663 1570 ὑγραίνεται,
693 1498 864 1564 οὕτως
898 1499 926 1552 ὁ
964 1500 1023 1553 ὲν
1054 1499 1194 1569 ἁγίῳ
1233 1498 1512 1567 Πνεύματι
1541 1497 1739 1569 βαπτι-

165 1589 408 1660 ζόμενος,
438 1591 574 1656 ὅλως
598 1593 969 1663 πνευματικὸς
994 1593 1089 1647 καὶ
1107 1591 1263 1660 ἅγιος
1281 1591 1519 1662 γίνεται,
1542 1590 1742 1666 γνώμῃ

164 1683 258 1737 καὶ
288 1685 484 1756 πράξει
521 1685 763 1751 τοιοῦτος
794 1683 1252 1758 ἀποτελούμενος.

1848 594 2029 650 nuper
2062 587 2414 650 peccatorum
2445 579 2707 652 pudebat,
2742 581 2797 637 hi
2841 598 2988 639 nunc
3025 583 3078 638 in
3107 583 3360 639 libertate
3379 594 3429 638 et

1846 669 2052 728 ﬁducia
2083 681 2232 729 sunt.

1921 766 1984 821 S.
2017 765 2176 837 (ἶνες.
2225 766 2456 837 Nyssen.
2491 767 2546 822 in
2583 765 2741 820 Beat.
2779 776 2920 821 orat.
2968 766 3022 820 7.
3047 798 3113 808 —
3148 764 3204 821 Si
3263 764 3431 821 Deum

1848 856 2040 915 videre
2067 865 2278 912 tantum
2312 859 2512 914 bonum
2545 867 2650 923 est,
2699 866 2759 912 ut
2804 858 2968 924 hujus
2999 857 3430 926 magnitudinem

1850 952 1986 1006 nihil
2036 962 2202 1022 queat
2252 965 2536 1022 superare,
2597 951 2848 1023 prnfecto
2903 951 2995 1006 Dei
3047 951 3216 1005 ﬁlium
3269 949 3428 1017 cllici,

1849 1040 2114 1096 felicitate
2143 1040 2294 1095 omni
2325 1039 2502 1110 majus
2535 1050 2639 1096 est.
2670 1039 2805 1095 Nam
2840 1042 2928 1096 cui
2960 1039 3124 1112 390
3153 1041 3256 1094 hoc
3299 1055 3431 1094 con-

1845 1147 2063 1188 cessum
2082 1141 2187 1198 est,
2225 1139 2286 1188 ut
2317 1129 2411 1187 Dei
2445 1132 2590 1187 illius
2618 1133 2731 1198 fiat,
2760 1132 2809 1187 is
2839 1135 3031 1204 procul
3058 1132 3224 1188 dubio
3245 1131 3428 1187 Patris

1844 1225 2167 1295 dignitatem
2221 1223 2514 1280 obtinebit.
2568 1223 2683 1280 Hoc
2733 1240 2866 1280 vero
2917 1227 3208 1294 consequi,
3260 1239 3430 1294 supra

1842 1331 2005 1371 omne
2043 1323 2228 1373 votum
2267 1324 2374 1381 est,
2438 1333 2603 1386 supra
2645 1332 2798 1388 spem
2854 1324 2937 1372 est
2988 1316 3218 1382 donum,
3261 1331 3428 1384 supra

1847 1418 2099 1465 naturam
2127 1409 2326 1482 gratia.
2365 1439 2434 1452 -ο
2477 1409 2801 1478 Baptizatur
2835 1408 3045 1481 Spiritu
3082 1416 3301 1477 sancto,
3334 1407 3427 1478 qui

1844 1502 2176 1573 cogitatione
2230 1516 2333 1558 sua
2386 1504 2575 1568 omni,
2635 1516 3019 1574 sermoneque,
3076 1511 3133 1558 et
3184 1505 3425 1566 actione,

1846 1601 2073 1649 sanctus
2103 1593 2380 1660 redditur,
2432 1577 2637 1666 quique
2685 1595 2995 1665 spiritualis
3026 1594 3266 1650 exsistit.
3317 1592 3426 1648 Ye-

1844 1685 1942 1740 luti
1975 1685 2126 1742 enim
2154 1687 2246 1756 qui
2291 1689 2554 1756 mergitur
2585 1687 2640 1742 in
2672 1703 2893 1757 aquam,
2929 1696 3078 1742 totus
3103 1684 3423 1741 bumescit:

163 1774 244 1832 sic
285 1778 382 1845 qui
427 1778 481 1832 in
524 1777 729 1848 Spiritu
782 1788 978 1835 sancto
1016 1779 1353 1852 baptizatur,
1389 1787 1542 1836 totus
1585 1777 1890 1850 spiritualis
1915 1788 1970 1836 et
1999 1788 2227 1836 sanctus
2256 1778 2515 1847 edicitur,
2557 1780 2796 1853 talisque
2855 1783 3040 1836 animo
3100 1789 3154 1836 et
3212 1781 3426 1838 ratione

160 1871 367 1927 evadit.

160 1965 346 2022 ΤΙΤΛ.
391 1966 469 2022 E'.
499 1995 575 2007 --
604 1965 1222 2050 Περὶρδελυπςμᾴτων,
1259 1969 1359 2025 και
1400 1969 1522 2024 τῶν
1556 1971 1734 2040 Juno-

1849 1967 1969 2023 l‘lT.
2003 1966 2069 2026 γ.
2101 1999 2173 2012 -
2204 1967 2283 2025 De
2309 1971 2809 2050 abominationibus,
2831 1989 2922 2027 seu
2952 1972 3133 2040 idolis,
3155 1982 3207 2028 et
3248 1975 3313 2030 iis
3336 1975 3428 2047 qui

738 2040 938 2109 μένων
967 2040 1139 2097 θεῶν.

234 2172 254 2207 t
302 2153 421 2208 Οὐκ
477 2136 693 2210 ἔσονταί
745 2173 827 2209 σοι
881 2156 997 2210 θεοὶ
1049 2157 1229 2228 ἕτεροι
1275 2156 1414 2229 πλὴν
1469 2156 1626 2228 ἐμοῦ.
1660 2156 1736 2211 Οὐ

159 2250 410 2320 ποιήσεις
442 2246 656 2320 σεαυτῷ
690 2248 930 2315 εἴδωλον,
958 2249 1080 2304 οὐδὲ
1115 2251 1226 2304 πᾶν
1257 2267 1308 2304 τι
1336 2249 1613 2321 ὁμοίωμα,
1634 2249 1736 2304 ὃσα

156 2343 217 2397 ἑν
249 2340 325 2414 τῷ
361 2341 601 2416 οὐρανῷ,
650 2343 745 2397 καὶ
778 2344 878 2397 ὅσα
911 2343 971 2397 ὲν
1004 2345 1069 2415 τῇ
1101 2345 1172 2414 γῇ
1212 2342 1385 2406 κάτω,
1421 2343 1517 2398 καὶ
1543 2344 1642 2397 ὅσα
1680 2344 1738 2396 ἐν

157 2438 268 2501 τοῖς
288 2435 481 2512 ὕδασιν
514 2437 775 2491 ὑποκάτω
803 2438 900 2504 τῆς
927 2436 1140 2507 γῆς.οὐ
1169 2436 1593 2508 προσκυνήσεις,
1611 2435 1736 2490 οὐδὲ

159 2528 236 2602 μὴ
261 2528 573 2602 λατρεύσῃς
595 2529 802 2594 αὐτοῖς.
844 2528 988 2600 Ἐγὼ
1007 2531 1118 2602 γάρ
1150 2530 1267 2602 εἰμι
1295 2529 1523 2600 Κύριος.
1569 2548 1588 2582 ι

233 2728 252 2762 ι
288 2712 406 2775 Πᾶς
427 2712 699 2777 θυσιάξων
717 2711 859 2777 θεοῖς
884 2712 1110 2784 ἑτέροις,
1140 2711 1678 2786 ὲξολοθρευθήσεται.
1709 2732 1729 2767 ›

231 2903 252 2939 ο
287 2887 407 2942 Οὐκ
445 2887 700 2954 εἰσοίσεις
735 2888 1010 2961 βδέλυγμα
1050 2892 1130 2952 εἰς
1177 2890 1270 2944 τὸν
1302 2885 1452 2945 οἶκόν
1484 2907 1604 2954 σου,
1639 2891 1734 2946 καὶ

151 2978 252 3052 εστι
270 2981 524 3052 ἀνάθεμα
549 2980 738 3052 ὥσπερ
763 2982 942 3037 τοῦτο.
983 3001 1001 3034 ι
1469 2988 1482 2996 ’

227 3093 249 3129 ι
290 3074 375 3130 Τά
404 3074 607 3129 εἴδωλα
654 3075 764 3129 τῶν
813 3075 986 3129 ἐθνῶν
1040 3077 1307 3149 ἀργύριον
1341 3075 1438 3131 καὶ
1481 3077 1729 3150 χρυσίον,

148 3166 288 3240 εργα
321 3169 523 3240 χειρῶν
555 3167 880 3240 ἀνθρώπων.
919 3186 940 3220 r

224 3279 246 3316 ι
286 3261 438 3325 Θεοὶ,
470 3261 521 3316 οἱ
545 3259 641 3316 τὸν
669 3260 900 3332 οὐρανὸν
927 3259 1023 3317 καὶ
1048 3260 1146 3333 τὴν
1177 3263 1281 3333 γῆν
1311 3262 1411 3316 οὐκ
1442 3262 1728 3336 ἐποίησαν,

2376 2043 2457 2096 dii
2491 2055 2890 2114 nuncupantur.

1911 2153 2086 2209 Exod.
2141 2171 2249 2221 xx,
2298 2157 2420 2212 5-4.
2447 2186 2519 2200 -
2563 2177 2582 2211 ι
2623 2157 2740 2215 Non
2777 2169 2938 2215 erunt
2970 2159 3045 2216 dii
3093 2161 3186 2216 alii
3229 2169 3426 2232 praeter

1839 2261 1949 2304 me.
1977 2245 2095 2304 Non
2129 2248 2300 2306 facies
2334 2251 2430 2307 tibi
2458 2251 2692 2318 idolum,
2719 2240 2902 2324 neque
2924 2269 3139 2310 onmem
3166 2255 3426 2311 similitu-

1838 2340 2021 2395 dinem
2043 2356 2260 2406 eornm,
2292 2358 2636 2415 quaecunque
2667 2345 2722 2400 in
2758 2347 2902 2401 caelo
2927 2355 3055 2402 sunt
3085 2346 3341 2416 desuper,
3368 2356 3425 2403 et

1838 2447 2183 2507 quaecunque
2217 2437 2271 2492 in
2309 2446 2456 2494 terra
2485 2436 2768 2505 deorsum,
2803 2457 2906 2496 nec
2928 2456 3122 2496 eorum
3147 2456 3266 2512 qua:
3296 2449 3425 2496 sunt

1839 2521 1895 2576 in
1927 2523 2091 2593 aquis
2121 2525 2226 2581 sub
2255 2533 2427 2583 terra.
2466 2526 2586 2585 Non
2625 2530 2886 2587 adorabis
2913 2546 3003 2600 ea,
3035 2548 3214 2604 neque
3245 2532 3417 2590 coles.

1839 2612 1955 2684 Ego
1989 2632 2111 2671 sum
2146 2616 2436 2677 Dominus.
2477 2639 2497 2674 ι

1909 2707 2088 2766 Exod.
2125 2728 2264 2779 nn,
2296 2713 2391 2770 20.
2422 2744 2491 2756 -
2541 2733 2562 2769 ι
2595 2713 2701 2783 Qui
2753 2715 3000 2772 immolat
3051 2715 3157 2773 diis
3201 2717 3422 2784 alienis,

1835 2805 2323 2863 exterminabitur.
2363 2826 2387 2861 ι

1905 2895 2068 2952 Deut.
2102 2915 2200 2966 vn,
2234 2899 2323 2956 26.
2357 2928 2432 2944 -
2487 2919 2508 2954 ι
2558 2899 2677 2957 Non
2718 2899 2924 2958 infcres
2958 2901 3420 2958 abominationem

1835 2989 1890 3046 in
1920 2993 2143 3047 doruum
2182 3002 2356 3061 tuam,
2385 3002 2446 3051 ut
2471 2995 2551 3052 sis
2587 2996 2880 3052 anathema
2911 2996 3057 3053 sicut
3087 2997 3242 3053 illud.
3279 3016 3298 3049 ι

1907 3083 2062 3141 Psal.
2089 3101 2243 3152 cxm,
2273 3087 2361 3142 12.
2393 3119 2463 3130 -
2510 3107 2531 3142 ι
2569 3087 2874 3144 Simulacra
2917 3091 3162 3162 gentium
3226 3105 3421 3164 argen-

1835 3185 1951 3232 tum
1992 3185 2048 3232 et
2085 3191 2305 3243 aurum,
2342 3193 2507 3250 opera
2550 3194 2810 3234 manuum
2839 3178 3147 3234 hominum.
3189 3198 3209 3234 ι

1901 3266 2103 3327 Jerem.
2140 3287 2194 3338 ι,
2228 3270 2319 3328 10.
2353 3301 2422 3312 —-—
2459 3291 2478 3323 ι
2517 3270 2600 3326 Dii
2632 3274 2726 3343 qui
2783 3287 2891 3326 non
2938 3271 3189 3328 fecerunt
3219 3272 3418 3328 cmlum

145 3353 548 3410 ἀπολέσθωσαν
584 3353 693 3409 ἀπὸ
717 3353 818 3426 τῆς
847 3354 981 3428 γῆς.
1019 3354 1112 3408 καὶ
1139 3354 1399 3410 ὑποκάτω
1439 3353 1534 3409 τοῦ
1570 3355 1728 3428 οὐρα-

1849 3368 1885 3416 ιι
1914 3369 2141 3427 terram,
2172 3371 2398 3434 pereant
2429 3364 2495 3421 de
2535 3373 2702 3429 terra,
2732 3375 2786 3419 et
2825 3364 2928 3419 sub
2956 3364 3096 3420 malo
3123 3363 3247 3419 hoc.
3286 3382 3304 3416 ›

145 3445 240 3502 νοῦ
268 3447 492 3501 τούτου.
528 3465 548 3500 ι

217 3558 236 3592 ι
294 3538 541 3594 Μάταιοι
585 3539 786 3604 πάντες
836 3538 1116 3610 ἄνθρωποι
1146 3579 1160 3604 ,
1222 3532 1303 3603 οἷς
1350 3539 1534 3611 παρῆν
1591 3537 1730 3595 Θεοῦ
1802 3560 1805 3562 ·

140 3633 409 3701 ἀγνωσία,
446 3631 542 3686 καὶ
566 3632 632 3686 ἐκ
661 3631 770 3686 τῶν
790 3633 1082 3704 ὁρωμένων
1111 3630 1332 3701 ἀγαθῶν
1357 3632 1461 3686 οὐκ
1491 3633 1721 3704 ίσχυσαν

143 3724 345 3780 ειδέναι
375 3724 471 3778 τὸν
515 3721 680 3777 avras
708 3721 834 3776 οὔτε
883 3724 999 3786 τοῖς
1061 3725 1244 3792 ἔργοις
1300 3723 1730 3794 προστρέχοντες

143 3817 471 3887 ἀπέγνωσαν
501 3816 593 3870 τὸν
627 3815 877 3888 τεχνίτην
905 3832 917 3847 ·
959 3815 1077 3869 ἀλλ’
1119 3816 1151 3887 ἢ
1190 3815 1382 3888 πῦρ,ἢ
1419 3816 1658 3887 πνεῦμα,
1692 3816 1726 3889 ἢ

142 3911 366 3981 ταχινὸν
395 3910 562 3984 ἀέρα,
610 3907 642 3981 ἢ
692 3907 890 3963 κύκλον
920 3907 1186 3979 ἀστέρων,
1215 3908 1247 3980 ἥ
1281 3908 1455 3980 βίαιον
1493 3906 1657 3979 ὕδωρ,
1692 3909 1727 3980 ἢ

146 4005 444 4076 φωστῆρας
472 3993 732 4076 οὐρανοῦ,
767 4003 1068 4074 πρυτάνεις
1109 4003 1318 4074 κόσμου
1355 4003 1515 4067 θεοὺς
1545 4003 1730 4074 ἐνόμι-

143 4114 276 4153 σαψ
302 4090 381 4151 ὧν
408 4097 460 4151 εί
485 4095 584 4169 μὲν
610 4095 710 4167 τὴν
736 4095 999 4166 καλλονὴν
1019 4097 1372 4165 τερπόμενοι,
1398 4094 1570 4151 ταῦτα
1629 4083 1728 4151 ὑπο

142 4190 476 4263 θάμὸανον,
501 4189 816 4258 γνώτωσαν,
832 4189 986 4262 πόσῳ
1007 4190 1208 4260 μᾶλλον
1238 4191 1266 4244 ὁ
1293 4189 1500 4244 τούτων
1525 4190 1731 4243 Δεσπόο

141 4299 244 4354 της
291 4281 414 4335 ἐστὶ
459 4279 710 4351 βελτίων.
755 4279 814 4334 '0
838 4280 946 4350 γὰρ
979 4280 1074 4333 τοῦ
1107 4279 1314 4351 κόσμου
1364 4279 1728 4350 γενεσιάρχης

142 4374 329 4430 ἔκτισε
363 4373 562 4429 ταῦτα.
606 4373 669 4428 El
699 4373 755 4427 δὲ
777 4372 1005 4446 δύναμιν
1052 4373 1148 4429 καὶ
1189 4375 1472 4447 ἐνέργειαν
1523 4373 1729 4427 ἐκπλα-

140 4469 356 4537 γέντες,
404 4468 758 4539 νοησάτωσαν
825 4468 924 4522 ἀπ’
979 4468 1164 4523 αὐτῶν
1194 4508 1211 4534 ,
1270 4467 1422 4539 πόσῳ
1472 4468 1500 4520 ὁ
1561 4484 1725 4520 κατα-

142 4558 423 4622 σκευάσας
452 4559 593 4613 αὑτά
621 4559 993 4632 δυνατώτερός
1023 4559 1192 4615 ἐστιν.
1258 4560 1355 4614 Ἐκ
1399 4558 1508 4629 γὰρ
1559 4559 1728 4632 μεγέο

139 4652 269 4717 θους
299 4652 396 4707 καὶ
419 4652 686 4722 καλλονῆς
714 4658 1030 4724 κτισμάτων
1053 4653 1333 4723 ἀναλόγως
1367 4655 1394 4707 ό
1417 4670 1728 4724 γενεσιουρ-

141 4746 236 4814 γὸς
263 4746 451 4800 αὐτῶν
475 4745 786 4818 θεωρεῖται.
812 4745 1162 4818 ’ταλαίπωροι
1187 4747 1265 4810 δὲ,
1300 4747 1393 4803 καὶ
1424 4748 1481 4802 ὲν
1512 4748 1727 4818 νεκροῖς

137 4839 195 4892 αἱ
223 4838 445 4901 ἐλπίδες
481 4839 682 4902 αὐτῶν,
731 4839 935 4902 οἵτινες
958 4838 1222 4893 ἐκάλεσαν
1258 4837 1416 4901 θεοὺς
1444 4837 1582 4909 ἔργα
1614 4857 1726 4909 χει-

141 4931 253 4999 ρῶν
285 4929 621 5004 ἀνθρώπων,
656 4931 856 5003 χρυσὸν
897 4932 988 4985 καὶ
1030 4930 1292 5004 ἄργυρον,
1324 4930 1524 5002 τέχνης
1550 4933 1730 5002 ἔμμε-

139 5018 454 5092 λετήματα,
503 5021 600 5077 καὶ
632 5022 1024 5095 ἀπεικάσματα
1073 5021 1250 5089 ζώων,
1295 5007 1519 5095 ἢλίθων
1553 5025 1731 5096 ἀχρήσ

142 5128 304 5167 στων.
340 5130 363 5166 ι
1620 5141 1624 5146 ”

199 5393 220 5427 ι
261 5374 340 5429 Τὸ
387 5374 776 5447 χειροποίητον
840 5376 1265 5452 ἑπικατάρατον,
1303 5382 1397 5434 καὶ
1431 5382 1460 5436 ὁ
1493 5385 1724 5455 ποιήσας

143 5464 316 5529 αὐτὸ,
347 5465 432 5519 ὅτι
467 5465 498 5518 6
558 5466 658 5537 μὲν
713 5460 1039 5538 εἰργάσατο,
1082 5471 1142 5524 τὸ
1189 5471 1246 5526 δὲ
1305 5472 1564 5544 φθαρτὸν,
1595 5473 1728 5530 Θεὸν

143 5559 456 5630 ὠνόμασεν.
490 5558 580 5612 Ἐν
613 5561 712 5634 ῐσῳ
739 5563 943 5635 μισητά
969 5563 1109 5636 Θεῷ,
1145 5565 1240 5619 καὶ
1260 5568 1288 5619 ὁ
1317 5565 1660 5634 inﬂuunt
1690 5570 1724 5640 ἡ

146 5650 377 5705 ἀσέϐεια
401 5649 592 5707 αὐτοῦ.
622 5652 734 5708 Καὶ
769 5654 874 5730 γὰρ
897 5655 953 5712 τὸ
973 5657 1213 5730 πραχθὲν
1238 5658 1334 5714 σὺν
1364 5657 1443 5732 τῷ
1471 5658 1728 5733 δράσαντι

145 5744 718 5819 ἐξολοθρευθήσονται.
761 5767 786 5804 ι

1906 3533 2039 3606 Sep.
2069 3551 2194 3601 xui,
2231 3537 2350 3594 {-9.
2384 3569 2456 3583 σ-
2509 3557 2528 3591 ι
2567 3537 2703 3594 Vani
2735 3550 2865 3597 sunt
2910 3555 3104 3597 omnes
3145 3541 3416 3606 homines,

1831 3625 1887 3683 in
1913 3629 2114 3699 quibus
2153 3645 2264 3686 non
2311 3629 2489 3686 adfuit
2533 3632 2766 3688 scicntia
2823 3632 2916 3688 Dei
2945 3673 2958 3697 ,
2991 3642 3047 3688 et
3082 3633 3151 3690 de
3183 3635 3249 3691 iis
3289 3649 3413 3704 quae

1830 3719 2089 3776 videntur
2120 3721 2303 3786 bonis,
2337 3739 2447 3778 non
2487 3734 2789 3794 potuerunt
2823 3725 3127 3796 intelligere
3153 3741 3276 3781 cum
3318 3727 3415 3797 qui

1831 3821 1936 3879 est,
1981 3829 2162 3884 neque
2208 3815 2468 3886 operibus
2502 3815 2874 3882 attendentes,
2923 3826 3266 3888 agnoverunt
3295 3819 3418 3890 quis

1831 3911 1980 3961 esset
2034 3904 2232 3961 artifex
2272 3925 2287 3962 :
2341 3907 2440 3962 sed
2493 3916 2588 3962 aut
2638 3907 2842 3976 ignem,
2888 3917 2982 3964 aut
3017 3909 3288 3980 spiritum,
3325 3918 3420 3964 aut

1830 3995 2062 4050 citatum
2103 4011 2310 4062 aerem,
2343 4005 2438 4052 aut
2470 4014 2665 4070 gyrum
2705 4001 3014 4070 stellarum,
3056 4009 3150 4056 aut
3191 4001 3415 4056 nimiam

1830 4106 2052 4163 aquam,
2089 4099 2185 4146 aut
2236 4092 2528 4148 luminaria
2559 4095 2707 4162 caeli,
2761 4105 2999 4153 rectores
3052 4099 3203 4153 orbis
3245 4106 3418 4152 terra-

1830 4197 1954 4237 rum
1982 4186 2114 4239 deos
2148 4193 2522 4254 putaverunt:
2551 4202 2784 4257 quorum
2821 4188 2868 4244 si
2919 4189 3102 4259 Specie
3134 4189 3415 4254 delectati,

1831 4273 1965 4329 deos
1996 4288 2060 4329 ea
2085 4290 2211 4330 esse
2251 4285 2609 4346 putaverunt,
2650 4280 2830 4334 sciant
2855 4290 3064 4351 quanto
3099 4280 3187 4338 his
3229 4280 3418 4336 Domi-

1830 4375 1996 4421 nator
2017 4380 2210 4423 eorum
2240 4370 2541 4439 speciosior
2562 4381 2669 4429 est.
2705 4370 2922 4443 Speciei
2957 4375 3103 4428 enim
3131 4383 3185 4430 ct
3227 4376 3416 4432 mundi

1830 4469 2125 4531 generator
2168 4464 2282 4518 tunc
2325 4465 2509 4518 omnia
2550 4467 2861 4522 constituit.
2892 4468 3001 4523 Aut
3051 4469 3098 4524 si
3152 4469 3414 4526 virtutem

1831 4562 1886 4609 ct
1935 4569 2100 4624 opera
2152 4569 2343 4610 eorum
2394 4557 2577 4613 mirati
2625 4567 2779 4624 sunt,
2820 4560 3129 4632 intelligant
3173 4563 3241 4617 ab
3284 4563 3413 4631 illis,

1831 4646 2091 4717 quoniam
2127 4649 2222 4717 qui
2261 4649 2377 4702 haec
2406 4647 2557 4714 fecit,
2589 4650 2785 4706 fortior
2813 4661 2897 4708 est
2929 4652 3031 4708 eis.
3061 4655 3102 4706 A
3145 4655 3417 4724 magnitu-

1829 4739 1958 4794 dine
2011 4738 2160 4794 enim
2210 4749 2266 4797 et
2317 4741 2501 4810 specie
2555 4750 2936 4798 creaturarum
2972 4746 3417 4816 cognoscibiliter

1833 4827 2030 4897 poterit
2062 4835 2284 4882 creator
2315 4845 2504 4883 earum
2532 4830 2731 4886 videri.
2767 4831 3017 4888 Infelices
3053 4845 3234 4889 autem
3267 4847 3413 4899 sunt,

1837 4927 1891 4974 ct
1926 4918 2069 4974 inter
2102 4928 2351 4974 mortuos
2384 4927 2508 4991 Spes
2543 4921 2760 4978 illorum
2809 4933 2914 4985 est,
2963 4924 3059 4995 qui
3114 4926 3415 4995 appellare-

1842 5017 1970 5064 runt
2031 5009 2161 5067 deos
2210 5026 2373 5081 opera
2431 5028 2690 5069 manuum
2744 5015 3066 5084 hominum,
3118 5032 3312 5072 aurum
3363 5029 3414 5074 ct

1843 5108 2154 5172 argentum,
2185 5102 2323 5157 artis
2364 5104 2761 5172 inventionem,
2799 5115 2854 5162 et
2884 5107 3273 5166 similitudines
3300 5111 3414 5164 ani-

1835 5191 2088 5261 malium,
2123 5201 2220 5246 aut
2266 5193 2497 5265 lapidem
2538 5196 2809 5265 inutilem,
2843 5213 2983 5270 opus
3032 5214 3225 5256 manus
3273 5201 3420 5256 anti-

1825 5300 1963 5358 qua}.
2005 5303 2024 5337 δ

1901 5377 2033 5449 Sap.
2059 5395 2173 5447 xw,
2199 5379 2461 5436 8-l0.——-t
2487 5381 2590 5437 Per
2616 5397 2812 5440 manus
2842 5394 3020 5439 autem
3049 5388 3193 5456 quod
3215 5386 3268 5440 ﬁt
3299 5385 3421 5442 ιιιο..

1828 5471 1964 5539 lum,
1995 5473 2346 5528 maledictum
2385 5484 2489 5542 cst,
2530 5486 2584 5531 et
2620 5476 2822 5546 ipsum,
2856 5485 2912 5532 et
2943 5479 3036 5548 qui
3076 5478 3206 5535 fecit
3237 5480 3367 5535 illud
3396 5487 3414 5522 ’-

1835 5565 1966 5636 quia
2002 5565 2094 5620 ille
2131 5567 2348 5637 quidem
2385 5574 2649 5638 operatus
2681 5577 2809 5636 est;
2861 5569 2990 5625 illud
3044 5583 3248 5637 autem,
3291 5589 3416 5628 cum

1837 5666 1985 5715 esset
2047 5658 2276 5731 fragile,
2326 5661 2463 5716 deus
2519 5662 2941 5731 cognominatus
2996 5670 3098 5720 est.
3151 5664 3421 5722 Similiter

1833 5751 1958 5805 odio
1987 5760 2118 5807 sunt
2160 5754 2288 5822 Deo,
2326 5752 2526 5824 impius
2571 5763 2626 5809 et
2678 5755 2932 5825 impietas
2990 5756 3137 5827 ejus.
3193 5757 3416 5813 Etenim

1841 5844 1986 5914 quod
2023 5843 2227 5903 factum
2259 5853 2366 5910 est.
2402 5864 2523 5905 cum
2564 5867 2628 5906 eo
2668 5849 2763 5920 qni
2805 5849 2976 5917 fecit,
3019 5849 3428 5908 catenninabh

1829 5947 1936 5993 tur.
1977 5955 1997 5991 ι
