4010 6302
198 391 325 461 1281

194 604 258 661 τὰ
283 603 496 676 πονηρὰ
526 603 591 656 ὲκ
618 603 892 674 νεότητος.
933 621 954 658 ι

263 717 282 750 ι
315 695 550 768 Πότερον
573 695 693 768 οὐχὶ
713 695 1073 773 πειρατηριόν
1099 698 1250 751 ἐστιν
1271 699 1300 752 ό
1321 696 1440 770 βίος
1470 695 1766 771 ἀνθρώπου

193 789 280 843 ἐπὶ
307 789 407 859 τῆς
432 787 566 860 ﬂe;
617 807 635 840 ι

263 900 283 935 ι
321 879 709 953 Περισπασμδν
751 874 990 952 πονηρὸν
1025 879 1226 933 ἔδωκεν
1249 881 1277 933 ό
1313 878 1446 944 Θεδς
1471 879 1586 945 τοῖς
1629 881 1768 945 υίοτς

190 975 293 1030 τῶν
324 973 644 1048 ἀνθρώπων,
674 973 769 1028 τοῦ
798 973 1171 1046 περισπᾶσθαι
1202 975 1262 1028 ὲν
1289 972 1458 1046 αὐτῷ.
1493 992 1514 1026 ι

262 1084 282 1120 ι
318 1066 642 1138 Συνάντημα
699 1065 760 1121 ἕν
810 1065 889 1138 τῷ
932 1065 1128 1138 δικαίῳ
1165 1067 1262 1120 καὶ
1299 1066 1376 1138 τῷ
1423 1065 1632 1136 ἀσεϐεῖ,
1685 1063 1768 1139 τῷ

191 1158 376 1230 ἀγαθῷ
403 1162 500 1214 καὶ
522 1159 599 1232 τῷ
625 1157 805 1230 κακῷ,
827 1157 907 1232 τῷ
937 1157 1164 1230 καθαρῷ
1194 1159 1288 1213 καὶ
1316 1158 1397 1231 τῷ
1436 1157 1763 1232 ἀκαθάρτῳ,

189 1253 264 1327 τῷ
292 1251 598 1319 θυσιάζοντι
629 1254 724 1309 καὶ
759 1251 840 1324 τῷ
869 1253 945 1324 μὴ
970 1249 1282 1317 θυσιάζοντι
1307 1268 1326 1286 ο
1345 1251 1424 1317 ὡς
1458 1257 1489 1307 ό
1534 1252 1762 1323 ἀγαθὸς,

184 1350 212 1404 ό
245 1345 604 1420 ἁμαρτάνων
643 1344 721 1411 ὡς
757 1343 995 1415 ὀμνύων,
1043 1342 1230 1408 καθὼς
1266 1346 1296 1399 ό
1328 1343 1421 1397 τὸν
1466 1344 1630 1416 δρκον
1665 1359 1764 1413 φο-

184 1442 467 1512 6ούμινος.
497 1438 672 1497 Τοῦτο
697 1439 934 1513 πονηρὸν
964 1441 1023 1493 ὲν
1055 1438 1224 1492 παντὶ
1269 1437 1630 1510 πεποιημένῳ
1659 1437 1765 1492 ὑπὸ

182 1536 269 1590 etv
298 1533 470 1607 ἥλιον,
501 1535 586 1590 δτι
617 1533 936 1604 συνάντημα
957 1530 1014 1586 ἓν
1044 1534 1158 1594 τοῖς
1190 1533 1380 1586 πᾶσιν.
1421 1550 1441 1583 ι

260 1648 276 1681 ι
315 1629 430 1682 Οὐκ
464 1627 610 1681 ἔστιν
635 1626 885 1700 ἀλήθεια,
921 1625 1045 1680 οὐδὲ
1084 1624 1258 1688 ἕλεος,
1303 1625 1424 1678 οὐδὲ
1469 1624 1764 1695 ίπίγνωσις

182 1720 313 1776 Θεοῦ
353 1723 446 1776 ἔπι
467 1720 566 1792 τῆς
591 1720 713 1792 γῆς.
763 1718 921 1791 ’Δρά,
952 1720 1049 1772 καὶ
1068 1718 1291 1788 ψεῦδος,
1318 1719 1418 1772 καὶ
1449 1718 1633 1789 φόνος,
1665 1719 1762 1774 καὶ

182 1811 377 1884 κλοπὴ,
409 1811 502 1866 καὶ
533 1812 755 1881 μοιχεία
776 1809 1071 1880 ἐκκέχυται
1099 1808 1193 1863 ἐπὶ
1217 1809 1316 1879 τῆς
1340 1809 1464 1880 γῆς.
1499 1827 1518 1862 t

257 2009 276 2044 ι
327 1989 462 2045 Ἀπὸ
489 1987 782 2062 φοροῦντος
806 1985 1062 2043 ὑάκινθον
1082 1985 1176 2043 καὶ
1207 1982 1495 2058 στέφανον,
1527 1983 1638 2051 ῑως
1664 1961 1763 2056 φοι

182 2085 400 2159 ροῦντος
451 2083 737 2156 ὠμόλινον,
768 2081 964 2154 θυμὸς,
1012 2083 1106 2139 καὶ
1138 2080 1303 2153 ζῆλος
1315 2122 1332 2148 ι
1385 2081 1482 2136 καὶ
1518 2080 1758 2157 ταραχὴν

180 2181 271 2236 καὶ
318 2178 502 2247 σάλος,
535 2177 631 2234 καὶ
680 2175 845 2249 φόϐος
893 2175 1149 2246 θανάτου,
1188 2176 1284 2232 καὶ
1324 2175 1578 2249 μήνισμα
1602 2217 1618 2246 ,
1665 2179 1762 2234 καὶ

178 2273 316 2344 ιρις.
353 2291 379 2325 ι

251 2469 272 2504 ι
311 2449 426 2506 οὒκ
453 2449 654 2514 οἴδατε,
698 2449 781 2503 ὅτι
824 2448 860 2522 ἡ
893 2445 1048 2520 φιλία
1085 2444 1180 2502 τοῦ
1225 2446 1434 2521 κόσμου
1467 2447 1638 2522 ἔχθρα
1663 2447 1760 2504 τοῦ

176 2539 310 2597 Θεοῦ
339 2542 518 2608 ιστινς
545 2540 606 2603 δς
625 2539 722 2596 ἐὰν
748 2539 986 2616 βουληθῇ
1017 2539 1177 2612 φίλος
1225 2535 1367 2596 εἶναι
1397 2541 1493 2596 τοῦ
1521 2542 1757 2616 κόσμου,

179 2634 368 2708 ἐχθρὸς
400 2632 496 2690 τοῦ
525 2632 661 2688 Θεοῦ
689 2632 1040 2692 καθίσταται.
1086 2647 1112 2686 ι

245 2747 266 2782 ι
309 2727 403 2803 Μὴ
429 2728 682 2798 ἀγαπᾶτε
702 2726 792 2782 τὸν
821 2726 1047 2797 κόσμον,
1083 2724 1221 2798 μηδὲ
1257 2724 1327 2780 τὰ
1349 2725 1407 2780 ὲν
1433 2725 1514 2798 τῷ
1538 2726 1756 2800 κόσμῳ.

187 2822 311 2877 Ἐἀν
337 2839 418 2885 τις
449 2821 641 2893 ἀγαπᾷ
669 2818 764 2874 τὸν
805 2817 1032 2889 κόσμον,
1061 2820 1163 2874 οὐκ
1205 2818 1353 2872 ἔστιν
1379 2820 1412 2893 η
1437 2820 1627 2892 ἀγάπη
1661 2822 1758 2876 τοῦ

176 2913 389 2987 Πατρὸς
417 2915 477 2968 έν
497 2912 648 2984 αὐτῷ
667 2928 682 2943 ·
712 2912 796 2967 ὅτι
833 2913 942 2966 πᾶν
973 2911 1034 2966 τὸ
1063 2912 1123 2964 ἐν
1150 2909 1231 2983 τῷ
1260 2911 1470 2984 κόσμῳ,
1502 2914 1539 2985 ἡ
1571 2913 1760 2969 ἐπιθυ·

176 3007 271 3079 μία
301 3008 402 3081 τῆς
437 3006 662 3080 σαρκὸς,
693 3007 842 3078 καὶὴ
875 3003 1144 3076 ἐπιθυμία
1169 3003 1278 3058 τῶν
1299 3004 1616 3077 ὀφθαλμῶν,
1659 3007 1758 3062 καὶ

172 3105 203 3173 ἡ
234 3102 530 3171 ἀλαζονεία
568 3100 664 3156 τοῦ
693 3100 812 3172 βίου
834 3139 849 3165 ,
885 3098 921 3172 ἢ
949 3100 1051 3155 οὐκ
1079 3097 1230 3154 ἔστιν
1276 3100 1340 3152 ὲκ
1388 3097 1483 3154 τοῦ
1519 3093 1752 3172 Πατρός,

170 3195 283 3249 ἀλλ’
313 3195 380 3249 ἐκ
401 3194 500 3249 τοῦ
537 3193 748 3264 κόσμου
793 3189 962 3246 ἐστίν.
1002 3189 1114 3246 Καὶ
1143 3190 1174 3244 ό
1229 3190 1436 3263 κόσμος
1474 3191 1742 3266 παράγει,

170 3290 262 3344 καὶ
295 3291 330 3362 η
361 3287 633 3360 ἐπιθυμία
678 3283 864 3342 αὑτοῦ.
902 3284 963 3339 '0
990 3283 1048 3339 δὲ
1101 3283 1273 3340 ποιῶν
1321 3285 1387 3340 τὸ
1417 3286 1631 3359 θέλημα
1652 3284 1748 3341 τοῦ

171 3385 327 3450 θεοῦ,
353 3385 512 3456 μένει
541 3386 621 3447 είς
643 3382 734 3436 τὸν
756 3379 953 3438 αίῶνα.
994 3399 1014 3434 ι

238 3477 679 3540 Πολυστένακτος
699 3476 727 3530 ό
747 3473 860 3546 βίος
877 3472 1055 3546 ἡμῶν,
1071 3473 1166 3530 καὶ
1188 3474 1492 3548 κατηφείας
1515 3475 1753 3548 πλήρης.

245 3660 308 3718 '0
340 3661 550 3734 κόσμος
577 3651 734 3724 οὗτος
771 3656 1204 3731 προηγουμένως
1242 3655 1345 3731 μὲν
1380 3655 1752 3713 διδασκαλεῖον

169 3757 264 3812 καὶ
305 3754 697 3828 παιδευτήριον
738 3749 848 3804 τῶν
895 3749 1254 3822 ἀνθρωπίνων
1305 3749 1498 3822 ψυχῶν
1556 3749 1708 3807 ἔστιν
1733 3767 1745 3781 ·

167 3849 361 3904 ἔπειτα
395 3847 583 3920 μέντοι
624 3846 719 3901 καὶ
748 3843 896 3909 ἅπαξ
932 3841 1122 3908 ἅπλῶς
1161 3842 1271 3897 τῶν
1302 3844 1362 3900 ἐν
1410 3843 1624 3914 γενέσει
1653 3843 1751 3898 καὶ

169 3940 345 4014 φθορᾷ
409 3937 717 4011 ἐπιτήδειον
776 3935 1120 4007 ἐνδιαίτημα.
1178 3935 1444 4008 Συμφυὴς
1510 3936 1620 4008 ἄρα
1669 3934 1750 4009 τῷ

168 4035 380 4109 κόσμῳ,
425 4034 524 4090 καὶ
556 4034 669 4099 τοῖς
714 4033 773 4087 ὲν
819 4029 966 4103 αὑτῷ
995 4029 1157 4096 ζώοις
1206 4047 1268 4084 τε
1306 4033 1406 4085 καὶ
1458 4032 1667 4101 φυτοῖς,
1706 4032 1740 4103 η

165 4131 361 4202 χρόνου
388 4125 624 4196 διέξοδος
654 4125 880 4198 ἐπέστη,
912 4123 1242 4198 ἐπειγομένη
1274 4123 1380 4187 ἀεὶ.
1413 4123 1511 4179 καὶ
1534 4127 1747 4198 παραρο

167 4223 391 4296 ῥέουσα,
429 4224 522 4278 καὶ
557 4219 822 4294 μηδαμῶς
853 4219 1133 4292 παυομένη
1162 4221 1256 4274 τοῦ
1294 4219 1531 4292 δρόμου.

234 4407 317 4462 Τά
343 4405 454 4462 ἀπὸ
490 4403 685 4478 χρόνον
709 4404 1013 4478 ἀρξάμενα,
1051 4403 1266 4478 ἀνάγκη
1301 4403 1521 4472 πάντως
1553 4407 1651 4463 καὶ
1678 4407 1737 4463 ἐν

165 4501 342 4572 χρόνῳ
399 4497 792 4554 συντελεῖσθαι.
850 4498 913 4553 Et
954 4497 1130 4572 ἀρχὴν
1159 4497 1273 4570 ἔχει
1324 4499 1608 4573 χρονικὴν,
1667 4502 1744 4575 μὴ

163 4593 488 4667 ἀμφιϐάλῃς
518 4592 650 4665 περὶ
675 4591 771 4646 τοῦ
801 4590 1011 4659 τέλους.

244 4771 306 4827 '0
328 4769 538 4844 κόσμος
567 4765 720 4834 οὗτος
753 4769 915 4835 αὐτός
941 4769 1002 4825 τέ
1035 4770 1154 4824 ἐστι
1180 4770 1395 4843 θνητὸς,
1424 4773 1518 4827 καὶ
1547 4774 1746 4848 χωρίον

163 4869 645 4942 ἀποθνησκόντων.
690 4867 908 4940 Ἐπειδὴ
937 4865 1046 4939 γὰρ
1091 4867 1343 4933 σύνθετός
1379 4870 1528 4923 ἐστιν
1561 4872 1594 4942 ἡ
1630 4870 1742 4926 τῶν

162 4964 461 5037 ὁρωμένων
492 4960 766 5027 σύστασις,
792 4960 852 5014 τὸ
876 4959 934 5014 δὲ
958 4957 1214 5015 σύνθετον
1241 4959 1386 5015 ἆπαν
1413 4961 1736 5016 διαλύεσθαι

164 5058 431 5128 πέφυκεν,
465 5057 516 5111 oi
568 5057 625 5110 ὲν
667 5054 744 5128 τῷ
781 5055 972 5127 κόσμῳ
999 5054 1222 5120 ζῶντες,
1270 5054 1409 5126 μέρη
1460 5055 1613 5122 ὄντες
1642 5055 1739 5111 τοῦ

162 5151 410 5224 κόσμου,
450 5150 772 5220 ἀναγκαίως
815 5147 915 5221 τῆς
945 5147 1040 5203 τοῦ
1088 5147 1288 5212 παντὸς
1332 5147 1548 5216 φύσεως
1605 5150 1744 5204 ἀπο-

162 5245 422 5317 λαύομεν.

230 5422 338 5478 Τὸν
371 5422 471 5493 μὲν
500 5419 652 5476 οὔπω
676 5421 788 5485 τοῖς
814 5419 1035 5490 δεσμοῖς
1057 5419 1153 5474 τοῦ
1177 5419 1358 5492 γάμου
1383 5420 1741 5490 συνεζευγμέ·

161 5533 270 5581 νον,
295 5513 592 5579 λυσσώδεις
625 5512 939 5585 ἐπιθυμίαι,
985 5513 1081 5568 καὶ
1122 5515 1295 5586 ὁρμαὶ
1346 5514 1734 5583 δυσκάθεκτοι,

163 5611 256 5664 καὶ
275 5609 479 5681 ἔρωτες
507 5607 809 5680 δυσέρωτες
832 5607 1249 5680 ὲκταράττουσι.
1274 5609 1378 5662 Τὸν
1399 5609 1455 5662 δὲ
1475 5607 1576 5682 ἤδη
1605 5627 1738 5664 κατο

161 5701 495 5774 ειλημμένον
549 5694 802 5773 όμοζόγῳ
851 5701 1038 5774 ἔτερος
1067 5701 1296 5774 θόρυϐος
1336 5701 1446 5758 τῶν
1512 5703 1737 5776 φροντίτ

160 5797 266 5850 δων
301 5794 584 5867 ἐκδέχεται
609 5811 623 5828 ·
655 5796 712 5849 ἐν
742 5793 970 5870 ἀπαιδίᾳ
993 5795 1203 5851 παίδων
1242 5795 1526 5867 ἐπιθυμία,
1575 5799 1633 5852 ἐν
1669 5800 1735 5871 τῇ

163 5885 356 5958 κτήσει
388 5886 496 5942 τῶν
528 5887 729 5943 παίδων
754 5887 1145 5961 παιδοτροφίας
1180 5888 1442 5962 μέριμνα,
1475 5891 1734 5962 γυναικὸς

1456 393 1698 457 sacrm
1735 393 2206 462 PARALLELA.
3311 395 3447 462 1-282
3575 484 3578 488 λ

269 530 288 564 ι
327 510 604 581 Ἐγκειται
637 511 670 584 ἡ
695 508 904 566 διάνοια
922 509 1018 567 τοῦ
1045 509 1336 584 ἀνθρώπου
1363 510 1646 583 ἑπιμελῶς
1668 512 1751 568 tul

1935 516 2072 575 Gen.
2121 528 2242 580 nu,
2293 513 2383 571 ιε.
2425 544 2494 557 -
2525 534 2544 569 ι
2581 512 2789 573 Sensus
2829 522 2885 571 et
2915 514 3174 588 cogitatio
3212 517 3451 575 hominis
3569 580 3571 582 ,

3311 395 3447 462 1282

1868 621 2041 679 prona
2072 617 2203 664 sunt
2226 607 2293 664 ad
2329 607 2534 665 malum
2565 609 2634 664 ab
2654 608 3025 664 adolescentia
3052 623 3175 665 sua.
3212 626 3234 663 ι

1933 697 2060 753 Jac.
2103 713 2202 766 vn,
2240 699 2294 755 1.
2321 728 2395 740 -
2437 717 2458 753 ι
2493 697 2756 772 Nunquid
2785 715 2898 754 non
2949 699 3178 756 tentatio
3221 707 3308 756 est
3339 699 3450 756 vita

1865 789 2106 848 hominis
2137 806 2304 863 super
2331 799 2536 847 terram
2567 790 2591 844 1
2618 809 2639 843 ι

1939 882 2113 937 ισῒεειὶ.
2147 898 2301 950 xm,
2333 881 2421 939 15.
2452 912 2523 926 -
2563 901 2585 936 ι
2619 881 3276 954 Occupationem-malam
3302 880 3452 937 dedit

1867 973 2012 1030 Dens
2049 973 2180 1030 ﬁliis
2209 974 2518 1042 hominum,
2547 985 2604 1030 ut
2627 982 2975 1045 occupentur
3006 975 3060 1028 in
3097 989 3182 1029 ea.
3215 991 3236 1026 ›

1937 1065 2116 1122 Ecclc.
2149 1081 2227 1134 ις,
2261 1067 2316 1132 '5,
2337 1065 2469 1122 4.-
2503 1085 2523 1121 ι
2551 1067 2794 1123 Eventus
2823 1083 2966 1122 unus
2990 1067 3142 1137 justo
3171 1075 3225 1121 et
3260 1066 3448 1138 impio,

1865 1157 2016 1216 bono
2040 1166 2096 1214 et
2145 1158 2315 1225 malo,
2360 1159 2568 1215 mundo
2615 1168 2669 1216 et
2717 1160 2951 1230 polluto,
3006 1158 3350 1213 sacriﬁcanti
3398 1169 3453 1213 et

1865 1265 1976 1306 non
2009 1249 2369 1305 sacriﬁcanti.
2427 1246 2516 1303 Sic
2555 1248 2758 1314 bonus,
2801 1257 2858 1304 ut
2901 1258 3204 1318 peccator:
3242 1247 3323 1304 sic
3359 1246 3451 1319 ju-

1865 1353 2017 1405 rans,
2055 1339 2200 1395 sicut
2233 1335 2601 1410 juramentum
2644 1340 2865 1394 timens.
2895 1337 3008 1393 lloc
3043 1347 3127 1393 est
3155 1339 3449 1408 pessimum

1865 1430 1924 1487 in
1950 1431 2097 1488 omni
2148 1429 2300 1502 quod
2349 1429 2550 1485 factum
2579 1440 2663 1486 cst
2710 1432 2816 1487 sub
2871 1429 3006 1498 sole,
3036 1429 3181 1502 quod
3216 1438 3447 1486 eventus

1865 1538 2011 1580 unus
2048 1523 2307 1578 omnibus
2347 1523 2442 1578 sit.
2479 1541 2500 1575 ι

1938 1613 2072 1670 Osee
2117 1631 2194 1683 tv,
2229 1617 2284 1673 2.
2332 1647 2403 1659 --
2445 1635 2464 1670 ι
2497 1614 2614 1671 Non
2647 1625 2730 1672 est
2760 1616 2987 1682 veritas,
3021 1631 3196 1687 neque
3231 1614 3448 1672 miseri-

1863 1707 2074 1774 cordia,
2106 1724 2280 1778 neque
2311 1709 2544 1766 scientia
2566 1709 2661 1764 Dei
2687 1725 2851 1779 super
2874 1718 3095 1763 terram.
3116 1707 3446 1774 Maledictio,

1867 1811 1922 1856 et
1958 1801 2326 1869 mendacium,
2363 1812 2418 1858 et
2452 1802 2834 1868 homicidium,
2859 1810 2913 1857 ει
2947 1801 3177 1866 furtum,
3205 1811 3258 1858 et
3292 1799 3452 1857 adul-

1796 1898 1840 1958 B
1869 1893 2064 1948 terium
2090 1893 2323 1951 effusum
2355 1901 2438 1950 est
2477 1909 2644 1965 super
2673 1905 2894 1950 terram.
2931 1913 2950 1945 ι

1937 1984 2106 2039 Eccli.
2140 2001 2228 2052 η,
2261 1985 2318 2046 4.
2347 1985 2404 2040 5.
2429 2015 2501 2027 —
2527 1985 2688 2056 392
2724 2003 2743 2036 ι
2780 1985 2862 2041 Ab
2894 2000 2959 2040 eo
2989 1983 3079 2054 qui
3115 1983 3286 2038 utitur
3313 1981 3448 2056 hya-

1864 2075 2077 2144 cintho,
2110 2085 2166 2134 et
2198 2087 2380 2151 portat
2410 2092 2693 2146 coronam,
2723 2093 2900 2149 usque
2927 2077 2994 2132 ad
3024 2092 3148 2133 eum
3186 2077 3283 2147 qni
3315 2091 3448 2146 ope-
3482 2098 3485 2100 ·

1862 2171 2006 2226 ritur
2053 2171 2164 2226 lino
2197 2171 2391 2238 crudo,
2445 2170 2599 2226 furor
2637 2178 2692 2226 et
2747 2172 2920 2239 zelus,
2963 2178 3019 2226 et
3062 2171 3352 2234 tumultus,
3390 2176 3448 2223 et

1862 2263 2174 2330 ﬂuctuatio,
2205 2275 2259 2320 et
2287 2264 2452 2319 timor
2495 2263 2710 2330 mortis,
2742 2263 3026 2320 iracundia
3062 2277 3443 2335 perseverans,

1861 2364 1918 2413 et
1949 2357 2252 2412 contentio.
2285 2375 2304 2409 ι

1929 2449 2050 2505 Jac.
2080 2466 2154 2515 tv,
2177 2450 2231 2509 4.
2259 2480 2328 2492 -
2365 2470 2384 2503 ι
2428 2453 2505 2506 An
2556 2451 2781 2506 nescitis
2803 2452 2933 2522 quia
2960 2451 3200 2507 amicitia
3230 2452 3442 2520 mundi,

1861 2541 2152 2598 inimicitia
2181 2550 2266 2599 est
2301 2542 2392 2599 Dei
2412 2542 2435 2597 ‘l
2455 2543 2548 2614 qui
2580 2544 2820 2600 voluerit
2844 2544 3056 2601 amicus
3082 2559 3204 2601 esse
3231 2546 3444 2612 mundi,

1859 2632 2120 2690 inimicus
2151 2631 2243 2690 Dei
2274 2636 2652 2691 constituitur.
2687 2654 2708 2690 ι

1932 2726 1962 2781 Ι
1993 2726 2157 2782 Joan.
2189 2745 2252 2796 ll,
2283 2728 2470 2786 15-17.
2507 2758 2581 2771 --
2624 2747 2646 2783 ι
2681 2729 2858 2785 Nolite
2890 2729 3123 2800 diligere
3153 2730 3441 2799 mundum,

1858 2834 2038 2890 neque
2073 2835 2136 2875 ea
2168 2836 2290 2891 qua:
2322 2820 2377 2877 in
2405 2822 2612 2878 mundo
2650 2831 2798 2878 sunt.
2833 2821 2891 2878 Si
2922 2823 3049 2895 quis
3070 2823 3248 2895 diligit
3283 2841 3445 2880 muno

1859 2907 2013 2974 dum,
2051 2925 2162 2965 non
2220 2919 2306 2966 est
2337 2910 2579 2967 Charitas
2610 2911 2790 2967 Patris
2844 2913 2901 2966 in
2942 2928 3008 2969 eo
3049 2932 3064 2970 :
3118 2914 3247 2986 quia
3281 2929 3446 2972 omne

1856 3004 2004 3075 quod
2033 3012 2120 3061 est
2154 3004 2208 3060 in
2261 3005 2492 3074 mundo,
2521 3017 2606 3063 est
2654 3009 3109 3078 concupiscentia
3146 3009 3354 3076 carnis,
3385 3020 3443 3067 et

1856 3097 2311 3170 concupiscentia
2370 3101 2685 3168 oculorum,
2731 3107 2787 3156 et
2839 3100 3094 3172 superbia
3127 3101 3272 3170 vitae,
3320 3118 3442 3175 quae

1857 3206 1966 3247 non
1998 3200 2083 3248 est
2124 3207 2190 3246 ex
2234 3189 2418 3259 Patre,
2471 3191 2568 3250 sed
2616 3208 2682 3250 ex
2717 3194 2923 3250 mundo
2959 3204 3064 3253 est.
3099 3195 3165 3252 Et
3199 3196 3441 3254 mundus

1859 3285 2056 3341 transit
2085 3293 2142 3341 et
2171 3285 2619 3358 concupiscentia
2641 3285 2784 3357 ejus.
2818 3285 2922 3356 Qui
2956 3299 3140 3346 autem
3177 3288 3309 3345 facit
3340 3305 3441 3346 vo-

1854 3380 2125 3434 luntatem
2160 3377 2273 3446 Dei,
2304 3391 2488 3436 manet
2510 3379 2566 3436 in
2588 3390 2876 3438 aeternum.
2909 3401 2929 3435 a

1924 3469 2048 3526 Vita
2105 3481 2294 3529 nostra
2336 3474 2636 3544 gemitibus
2697 3476 2885 3532 multis
2933 3476 3170 3533 obnoxia
3223 3485 3334 3545 est,
3383 3489 3439 3536 ct

1854 3561 2110 3617 maeroris
2147 3563 2331 3634 plena.

1923 3654 2094 3710 Basil.
2124 3658 2284 3714 Hom.
2323 3655 2347 3711 1
2383 3657 2439 3712 in
2468 3654 2598 3714 Gen.
2650 3687 2721 3697 —-
2748 3654 2986 3714 Mundus
3029 3659 3140 3730 hic,
3197 3662 3436 3733 primum

1854 3749 2074 3822 quidem
2101 3751 2466 3806 humanorum
2498 3749 2807 3808 animorum
2841 3752 3031 3811 schola
3065 3757 3438 3827 gymnasium-

1852 3858 1959 3915 que
1983 3848 2068 3898 est
2097 3860 2114 3899 :
2149 3849 2379 3914 tumque
2422 3850 2480 3899 et
2506 3857 2620 3899 uno
2658 3845 2854 3912 verbo,
2886 3855 3071 3917 aptum
3116 3863 3306 3904 eorum
3338 3850 3437 3905 do.

1852 3934 2124 3990 micilium
2163 3934 2259 4005 qui
2309 3935 2365 3990 in
2397 3936 2750 4007 generatione
2775 3946 2830 3994 et
2855 3940 3210 4011 corruptione
3240 3952 3430 4013 agunt.

1853 4027 2126 4096 Quocirca
2163 4029 2425 4099 temporis
2455 4029 2798 4085 curriculum
2840 4032 3070 4098 mundo,
3118 4043 3285 4106 atque
3312 4038 3432 4091 ani-

1851 4123 2160 4192 mantibus,
2189 4131 2243 4178 et
2265 4121 2536 4195 stirpibus
2558 4139 2680 4195 quae
2710 4124 2766 4180 in
2794 4127 2999 4182 mundo
3029 4137 3179 4194 sunt,
3201 4129 3430 4200 ingruit,

1852 4229 2156 4286 properans
2190 4229 2408 4285 semper
2453 4221 2508 4270 et
2556 4212 2808 4284 efﬂuens,
2859 4232 2964 4274 nec
3021 4234 3262 4290 unquam
3307 4236 3432 4276 cur-

1852 4307 2006 4364 rendi
2039 4307 2198 4364 tinem
2232 4307 2457 4366 faciens.

1923 4398 2065 4458 Ibid.
2097 4431 2167 4442 —
2193 4399 2324 4468 Quae
2353 4416 2382 4455 a
2408 4409 2653 4474 tempore
2690 4418 2815 4460 esse
2846 4415 3154 4475 coeperunt,
3188 4420 3251 4462 ea
3284 4423 3426 4477 quo-

1850 4509 1953 4567 que
1982 4494 2036 4550 in
2066 4504 2312 4566 tempore
2341 4493 2594 4553 desinere
2640 4512 2870 4554 necesse
2915 4506 3020 4555 est.
3078 4497 3134 4554 Si
3190 4503 3428 4558 mundus

1777 4605 1823 4664 υ
1852 4588 2154 4660 temporale
2181 4589 2468 4646 exordium
2503 4590 2715 4658 habuit,
2754 4592 2821 4650 de
2866 4590 2975 4648 ﬁne
3000 4592 3135 4648 nihil
3168 4603 3253 4650 est
3280 4597 3424 4668 quod

1849 4680 2093 4736 dubites.

1921 4767 2064 4826 Ibid.
2103 4798 2168 4810 —-
2196 4767 2434 4826 Mundus
2481 4770 2596 4838 hic,
2653 4779 2709 4828 et
2763 4774 3018 4831 mortalis
3067 4774 3185 4848 ipse
3234 4786 3339 4843 est,
3371 4787 3426 4833 et

1847 4863 2199 4920 morientium
2226 4864 2400 4934 regio.
2425 4863 2696 4931 Quoniam
2746 4867 2894 4923 enim
2934 4884 3124 4924 eorum
3165 4886 3286 4942 qua:
3325 4873 3426 4928 sub

1847 4971 2070 5012 sensum
2121 4956 2349 5023 cadunt,
2382 4959 2687 5029 composita
2742 4960 3050 5016 substantia
3089 4971 3217 5018 est:
3257 4965 3422 5034 quid—

1844 5054 1978 5125 quid
2032 5067 2167 5108 vero
2212 5054 2580 5124 compositum
2617 5062 2721 5122 est,
2767 5055 2910 5112 hanc
2951 5065 3206 5113 naturam
3236 5059 3419 5126 habet,

1847 5156 1906 5203 ut
1934 5147 2308 5214 dissolvatur;
2335 5163 2434 5203 nos
2461 5163 2683 5219 quoque
2714 5149 2806 5220 qui
2841 5149 2895 5204 in
2925 5149 3128 5206 mundo
3163 5151 3418 5217 vivimus,

1842 5247 1897 5294 et
1929 5254 2058 5310 pars
2095 5239 2286 5294 mundi
2327 5254 2539 5306 sumus,
2577 5250 2787 5298 naturae
2816 5241 2982 5298 etiam
3013 5244 3200 5298 mundi
3228 5260 3419 5301 sumus

1842 5335 2164 5406 participes.

1914 5426 1973 5483 S.
2007 5426 2177 5483 Basil.
2221 5430 2379 5498 epist.
2408 5429 2461 5497 1,
2500 5427 2583 5483 Ad
2612 5427 2767 5500 (ἶνες.
2820 5429 2979 5486 tlteol.
3003 5461 3072 5472 --
3097 5428 3229 5486 Eum
3265 5434 3421 5504 equi-

1841 5520 2000 5588 dem,
2048 5522 2143 5592 qui
2203 5522 2538 5578 matrimonii
2597 5523 2838 5579 nondum
2887 5523 3149 5580 astrictus
3187 5524 3418 5581 vinculis

1840 5623 1946 5678 est,
1977 5613 2181 5671 rabidae
2229 5615 2590 5686 cupiditates,
2637 5615 2997 5688 eﬂ'renatique
3053 5618 3315 5689 impetus,
3363 5630 3418 5676 et

1840 5707 2027 5764 miseri
2066 5707 2285 5780 quidam
2327 5724 2542 5766 amores
2593 5710 2896 5781 exagitant.
2934 5710 3067 5766 Eum
3101 5720 3286 5768 autem
3322 5712 3415 5782 qui

1839 5798 1994 5854 uxori
2055 5797 2168 5872 jam
2212 5814 2458 5857 annexus
2496 5809 2599 5868 est,
2655 5802 2792 5857 alter
2829 5817 3088 5858 curarum
3145 5804 3415 5859 tumultus

1839 5890 2040 5964 excipit
2082 5909 2098 5949 :
2144 5892 2202 5950 in
2239 5893 2531 5953 sterilitate
2575 5897 2746 5968 prolis
2781 5897 3136 5965 desiderium,
3189 5897 3243 5953 in
3280 5911 3410 5969 pro-
