4010 6302
544 390 681 457 P283

1705 378 1765 440 s.
1785 373 2113 441 JOANNIS
2149 358 2580 454 DAMASCENI

3649 361 3786 429 1284

540 508 817 566 creatione
843 504 1163 571 liberorum,
1201 497 1519 558 eorumdem
1544 496 1865 554 alendorum
1901 490 2112 550 sollici-

2235 482 2457 564 ρυλακη,
2490 491 2640 546 οῐκου
2702 482 3015 564 ἐπιμέλεια,
3063 487 3293 544 οἰκετῶν
3328 484 3673 559 προστασίαι,
3725 485 3782 537 al

542 601 695 666 tudo,
728 597 976 654 custodia
1007 594 1218 661 uxoris,
1253 592 1572 664 procuratio
1619 588 1840 654 domus,
1872 584 2111 639 famulo—

540 710 660 749 rum
693 708 846 757 cura,
870 691 1068 747 damna
1094 689 1150 743 in
1179 672 1578 749 contractibus,
1632 681 1765 737 rixa:
1806 694 1933 736 cum
1968 675 2113 732 vici-

538 786 649 858 nis,
712 782 958 838 forenses
1014 777 1343 843 conﬂictus,
1397 771 1788 846 negotiationis
1848 767 2113 840 pericula,

542 876 894 948 agriculturae
927 873 1167 928 labores.
1199 868 1392 937 Quivis
1434 868 1553 924 dies
1603 864 1900 921 adveniens
1958 877 2115 919 suam

543 967 1045 1039 animm-caliginem
1075 963 1307 1019 oﬂ‘undit
1336 980 1351 1018 :
1392 968 1449 1018 et
1496 968 1686 1016 noctes
1714 957 1932 1015 diurnis
1962 956 2116 1012 curis

544 1059 937 1125 succedentes,
984 1071 1081 1129 per
1120 1054 1344 1113 easdem
1390 1053 1607 1126 Species
1651 1058 1888 1108 mentem
1932 1049 2118 1106 luditi-

544 1164 765 1212 cantur.

615 1289 753 1345 Nili.
791 1319 861 1330 -
888 1284 1207 1359 Omnigenis
1242 1281 1750 1355 perturbationibus
1774 1288 1828 1336 et
1860 1280 2120 1336 arumnis

545 1385 747 1441 misera
778 1383 895 1438 haec
934 1379 1043 1436 vita
1072 1378 1347 1434 obruitur.

618 1498 895 1570 Chrysost.
928 1494 1089 1550 Hom.
1114 1494 1169 1549 in
1200 1491 1335 1546 iliud
1368 1490 1509 1560 ρειαί.
1556 1503 1810 1544 xxxvm:
1844 1504 1863 1539 ι
1898 1485 2118 1543 Verum-

547 1601 720 1647 tamen
745 1592 991 1645 uniuersa
1018 1587 1248 1643 vanitas.
1284 1603 1304 1637 ι
1338 1582 1715 1655 Supposititia.
1737 1580 1960 1646 -—Vide,
1990 1580 2125 1635 cba-

548 1684 787 1747 rissime,
822 1696 1003 1738 annon
1040 1695 1127 1736 res
1165 1679 1419 1733 humanae
1471 1689 1619 1730 mare
1658 1671 1976 1740 imitentur;
2024 1687 2125 1726 an-

548 1793 655 1834 non
681 1776 871 1833 eadem
905 1771 1324 1846 perturbatione
1363 1771 1475 1826 vita
1507 1769 1670 1841 plena
1705 1768 1815 1836 sit;
1854 1782 2034 1823 annon
2069 1764 2123 1820 in

2213 585 2355 640 κατά
2387 584 2457 637 τά
2482 582 2791 654 συμϐόλαια
2825 582 3053 654 βλάϐαι,
3079 584 3130 637 oi
3167 582 3305 655 πρὸς
3350 580 3479 644 τοὺς
3535 579 3786 648 γείτονας

2213 674 2677 748 διαπληκτισμοὶ,
2700 675 2759 730 αἱ
2802 679 2862 731 ὲν
2886 678 3001 741 τοῖς
3038 673 3416 746 δικαστηρίοις
3454 670 3785 743 συμπλοκαὶ,

2213 771 2311 825 καὶ
2335 770 2435 841 τῆς
2459 769 2733 841 ἐμπορίας
2762 769 2813 823 οί
2846 768 3110 833 κίνδυνοι,
3140 769 3199 822 αί
3237 767 3338 840 τῆς
3369 763 3646 837 γεωργίας
3671 762 3787 816 δια-

2215 862 2511 934 πονήσεις·
2555 864 2705 917 πᾶσα
2754 862 2937 936 ἡμέρα
2993 861 3150 916 ίδίανι
3184 861 3308 933 ἣκει
3363 857 3669 929 κομίζουσα
3692 856 3791 926 τῆς

2215 956 2398 1028 ψυχῆς
2424 956 2798 1027 ἐπισκότησιν,
2830 957 2925 1010 καὶ
2968 956 3027 1009 αἱ
3057 954 3250 1019 νύκτες
3280 952 3382 1018 τὰς
3416 948 3791 1023 καθημερινὰς

2218 1048 2505 1122 φροντίδας
2537 1049 2975 1122 παραλαϐοῦσαι,
3003 1051 3064 1105 ὲν
3087 1052 3211 1115 ταῖς
3235 1049 3430 1113 αὐταῖς
3464 1047 3793 1117 φαντασίαις

2219 1142 2540 1210 ἐξαπατῶσι
2571 1144 2664 1200 τὸν
2697 1142 2845 1200 νοῦν.

2289 1280 2574 1345 Παντοίοις
2628 1281 2825 1335 πάθεσι
2890 1282 2985 1337 καὶ
3040 1278 3440 1353 ταλαιπωρίαις
3485 1278 3795 1334 καταϐεϐα-

2223 1372 2512 1444 πτισται.ή
2542 1370 2795 1443 ἀθλιότης
2820 1372 2919 1442 τῆς
2948 1364 3048 1426 ὧδε
3081 1370 3249 1443 ζωῆς.

2296 1482 2438 1554 Ὅρα
2470 1492 2517 1550 ³,
2552 1482 2822 1554 ἀγαπητὲ,
2846 1481 2964 1547 πῶς
2984 1480 3257 1536 θάλατταν
3293 1483 3543 1553 μιμεῖται
3566 1478 3680 1533 τῶν
3702 1479 3799 1535 ἀν-

2225 1572 2461 1646 θρώπων
2488 1573 2557 1628 τά
2582 1575 2887 1647 πράγματα
2909 1591 2924 1607 ·
2948 1574 3000 1630 εἰ
3027 1574 3104 1648 μὴ
3122 1576 3223 1645 τῆς
3248 1574 3497 1646 ταραχῆς
3529 1574 3750 1644 ἐκείνης
3776 1576 3804 1627 ὁ

2228 1661 2341 1732 βίος
2370 1662 2789 1734 ἐμπέπλησται*
2811 1665 2860 1719 εί
2893 1665 2969 1738 μὴ
3010 1665 3112 1737 τῆς
3156 1665 3331 1737 ὑγρᾶς
3356 1664 3520 1719 πλέον
3564 1666 3664 1721 ἐπὶ
3706 1666 3803 1734 τῆς

2227 1752 2397 1824 ξηρᾶς
2425 1753 2832 1827 χειμαζόμεθα’
2855 1756 2907 1810 εί
2938 1756 3015 1828 μὴ
3035 1757 3147 1810 τῶν
3175 1757 3395 1828 ἀνέμων
3438 1754 3804 1829 σφοδρότερον

549 1879 694 1926 terra
729 1868 927 1940 magis,
965 1880 1130 1939 quam
1163 1878 1333 1929 mare,
1361 1862 1679 1935 iactemur;
1726 1875 1911 1917 annon
1958 1867 2124 1915 vento

2235 1847 2305 1940 είς
2334 1846 2595 1919 ἀλλήλους
2627 1848 3035 1921 συμπίπτομενο
3064 1851 3118 1917 εί
3155 1849 3229 1922 μὴ
3260 1849 3328 1903 τά
3359 1850 3644 1922 χρήματα,
3672 1848 3805 1903 καθ-

549 1962 743 2038 quovis
784 1958 1163 2018 vehementius
1191 1958 1249 2012 in
1297 1970 1399 2012 nos
1441 1954 1677 2011 invicem
1736 1952 2125 2019 incurramus;
2161 1977 2168 1987 ο

549 2070 731 2112 annon
764 2052 1015 2126 pecunias
1055 2049 1418 2123 procellarum
1472 2047 1649 2103 instar
1692 2061 1794 2103 nos
1821 2052 2022 2103 mutuo
2073 2041 2128 2098 in

551 2165 654 2207 nos
678 2146 981 2213 collidant;
1031 2158 1214 2198 annon
1259 2149 1521 2212 tanquam
1575 2138 1630 2192 in
1680 2135 1850 2192 maris
1890 2132 2131 2206 caligine

550 2241 662 2298 huc
720 2241 964 2311 illucque
1017 2233 1494 2292 circumferamur.
1559 2228 1661 2285 Hic
1725 2228 1877 2284 illius
1937 2240 2129 2298 agrum

552 2331 756 2405 rapuit,
782 2330 875 2385 ille
908 2326 1134 2384 alterius
1165 2333 1365 2380 terram
1399 2319 1669 2377 abstulit:
1704 2316 1867 2390 393
1896 2314 2130 2386 proximi

553 2439 781 2483 uxorem
835 2420 975 2477 alter
1022 2414 1377 2488 concupivit,
1426 2413 1566 2468 alter
1608 2410 1838 2467 alterius
1894 2407 2131 2464 famulos

553 2518 814 2589 abripuit.
846 2514 947 2571 llic
985 2510 1054 2569 de
1096 2523 1239 2582 aqua
1272 2523 1394 2564 cum
1428 2506 1613 2561 vicino
1657 2504 1835 2575 litigat
1876 2521 1893 2559 :
1942 2502 2035 2558 ille
2064 2500 2135 2556 de

553 2610 707 2667 auris
756 2622 882 2663 cum
941 2599 1323 2661 contubernali
1374 2613 1479 2653 suo
1532 2593 1888 2668 digladiatur.
1940 2592 2011 2647 Hi
2062 2589 2133 2647 de

556 2712 722 2759 terra:
768 2711 1029 2756 mensura
1082 2694 1474 2752 conﬂictantur
1518 2711 1532 2747 :
1582 2688 1665 2745 illi
1699 2689 1771 2745 ob
1797 2688 1991 2744 :edinm
2036 2701 2133 2743 ex-

556 2794 916 2853 structionem
946 2805 1069 2847 sese
1099 2797 1287 2843 mutuo
1333 2785 1671 2859 opprimunt.
1730 2780 1831 2838 Hic
1867 2796 1990 2853 quae
2020 2794 2129 2835 non

552 2888 728 2953 dedit,
775 2884 1024 2955 accipere
1074 2878 1438 2952 aggreditur:
1489 2877 1587 2933 ille
1632 2880 1852 2940 contra,
1905 2881 1967 2928 ut
2012 2886 2135 2944 quae

554 2978 770 3051 accepit
801 2990 911 3032 non
933 2973 1148 3039 reddat,
1184 2970 1395 3044 judicio
1432 2968 1735 3026 contendit.
1769 2964 1863 3021 llic
1900 2963 2134 3036 augendi

556 3070 790 3129 {terroris
838 3065 1155 3140 inexplebili
1194 3063 1499 3137 cupiditate
1547 3060 1782 3134 ﬂagrat;
1840 3058 1934 3115 ille
1966 3058 2131 3113 etiam

557 3164 674 3238 ipsa
710 3177 925 3221 summa
972 3157 1233 3215 fraudare
1280 3155 1611 3212 creditorem
1661 3150 1879 3207 nititur.
1935 3147 2035 3204 Hic
2063 3148 2133 3204 ob

551 3276 740 3320 rerum
766 3256 1053 3332 penuriam
1090 3250 1501 3317 discruciatur;
1544 3248 1636 3303 ille
1680 3248 1738 3301 in
1781 3243 2136 3316 amplissimis
2161 3220 2205 3280 (ἶ

550 3354 755 3425 opibus
793 3356 989 3405 aestuat
1022 3345 1229 3401 animo.
1261 3342 1369 3410 Qui
1407 3355 1614 3412 egenus
1651 3348 1758 3407 est,
1794 3336 1999 3409 probro
2035 3335 2136 3391 ba-

476 3490 477 3493 η
560 3448 753 3513 betur;
787 3441 881 3515 qui
920 3439 1119 3512 opibus
1168 3436 1363 3504 afﬂuit,
1419 3432 1693 3506 appetitur
1740 3429 1981 3487 insidiis.
2031 3427 2137 3497 Qui

552 3541 768 3613 potitur
795 3534 1067 3607 imperio,
1115 3526 1622 3602 conspiratiouibus
1671 3524 1943 3581 obnoxius
2002 3531 2137 3581 est:

550 3631 657 3705 qui
678 3628 1031 3699 magistratus
1053 3621 1214 3695 gerit,
1251 3618 1569 3692 suapicioue
1619 3622 1676 3673 et
1721 3614 2028 3670 invidentia
2058 3613 2140 3669 la-

558 3729 724 3783 borat
760 3740 775 3779 :
810 3720 903 3793 qui
958 3711 1207 3791 potentia
1252 3713 1455 3786 pollet,
1504 3710 1736 3765 habetur
1783 3707 1929 3763 odio.
1990 3707 2139 3764 Bella

559 3810 824 3880 continua
867 3820 1022 3879 sunt,
1082 3807 1258 3866 caedes
1295 3804 1550 3862 assiduae.
1604 3799 1952 3873 lnexplebilis
1981 3801 2135 3871 cupi-

561 3913 708 3971 ditas
736 3904 1082 3983 tyrannidem
1129 3907 1372 3963 exercet,
1410 3894 1748 3951 dominatum
1795 3892 2048 3958 avaritia,
2082 3898 2138 3949 et

561 4002 909 4063 mendacium
955 4009 1124 4068 supra
1166 3990 1391 4048 modum
1426 3986 1713 4043 attollitur.
1764 3984 1948 4041 Mutua
2002 3985 2135 4043 fides

563 4096 779 4169 aufugit
805 4111 821 4151 :
850 4102 1054 4150 terram
1085 4087 1290 4145 veritas
1330 4082 1571 4141 deseruit
1603 4100 1616 4137 :
1650 4080 1892 4136 amicitia
1933 4080 2135 4136 mensis

564 4186 1086 4250 circumscribitur;
1144 4177 1399 4237 nonnulli
1461 4178 1630 4231 etiam
1682 4173 1788 4229 vim
1842 4179 1901 4228 et
1965 4172 2134 4229 robur

566 4301 727 4345 suum
790 4281 1117 4338 amiserunt.
1171 4272 1544 4329 Salutatioues
1592 4265 1906 4338 suspicione
1962 4266 2134 4339 plenae

2230 1939 2373 2011 ἅπερ
2430 1940 2743 2012 καταιγίδες
2794 1943 2919 1997 κατ’
2973 1941 3220 2014 ἀλλήλων
3260 1943 3409 2015 ἡμᾶς
3461 1941 3805 2014 συγκρούουο

2232 2048 2345 2086 σιν·
2380 2034 2427 2087 εί
2457 2030 2534 2104 μὴ
2567 2032 2819 2107 καθάπερ
2850 2034 2911 2088 ἐν
2948 2033 3099 2106 ζόφῳ
3127 2032 3401 2107 θαλαττίῳ
3428 2027 3532 2089 ὧδε
3576 2038 3808 2090 κάκεῖσε

2232 2124 2666 2198 περιφερόμεθα.
2690 2119 2862 2191 Οὗτος
2883 2126 3097 2182 ἐκείνου
3118 2126 3211 2182 τὸν
3226 2127 3397 2200 ἀγρὸν
3416 2129 3806 2201 ἀφηρπάσατο·

2230 2218 2419 2290 ἔτερος
2466 2218 2652 2291 ἑτέρου
2678 2219 2777 2291 τὴν
2804 2220 2908 2291 γῆν
2940 2219 3308 2291 ὲπαφείλατο·
3358 2218 3519 2285 ἄλλος
3565 2220 3677 2291 τῆς
3719 2220 3809 2275 τοῦ

2232 2310 2465 2382 πλησίου
2497 2310 2754 2380 γυναικὸς
2785 2310 3159 2384 ἐπεθύμησεν,
3194 2312 3355 2378 ἀλλος
3377 2313 3473 2368 τοῦ
3494 2314 3659 2369 δεῖνα
3685 2316 3812 2378 sub;

2231 2402 2450 2467 οίκέτας
2474 2402 2823 2475 ἀφήρπασεν.
2869 2402 2930 2460 '0
2967 2405 3068 2476 μὲν
3121 2405 3257 2477 περὶ
3301 2404 3495 2469 ὓδατος
3546 2405 3691 2475 πρὸς
3713 2405 3813 2462 ,τὸν

2231 2496 2447 2567 γείτονα
2475 2495 2722 2568 κρίνεται
2752 2512 2766 2527 ο
2799 2498 2828 2550 ό
2880 2496 2935 2551 δὲ
2985 2495 3115 2569 περὶ
3143 2497 3329 2570 ἀέρων
3360 2497 3440 2566 τῷ
3477 2501 3810 2570 συνκτήτορι

2236 2592 2493 2665 μάχεται.
2531 2592 2595 2644 Οἱ
2632 2591 2734 2662 μὲν
2755 2590 2884 2663 περὶ
2909 2590 3090 2662 μέτρα
3113 2592 3213 2663 τῆς
3253 2590 3356 2662 γῆς
3384 2589 3810 2663 διαπληκτίζον-

2233 2704 2363 2743 ται·
2397 2687 2446 2742 οι
2478 2687 2534 2742 δὲ
2563 2686 2654 2742 διά
2676 2685 2985 2758 οἰκοδομίας
3031 2686 3224 2741 οἰκιῶν
3290 2685 3558 2759 ἀλλήλους
3603 2685 3812 2741 διαθλίο

2234 2781 2421 2835 ϐουσιν
2441 2797 2455 2812 ·
2483 2774 2635 2845 οὗτος
2667 2780 2809 2850 ἅπερ
2853 2778 2953 2835 οὐκ
2983 2778 3185 2835 ἔδωκεν
3231 2778 3417 2834 λαϐεῖν
3467 2778 3774 2851 ἐπιφύεται
3793 2795 3809 2811 ·

2234 2876 2441 2939 ἐκεῖνος
2495 2874 2637 2945 ἀπερ
2685 2872 2897 2936 ἔλαϐεν,
2934 2873 3011 2944 μὴ
3055 2872 3243 2928 δοῦναι
3282 2872 3719 2938 ἀντιδικάζεται.
3757 2874 3813 2926 '0

2238 2966 2337 3038 μὲν
2363 2967 2492 3039 περὶ
2530 2965 2725 3030 τόκους
2759 2964 3171 3039 ἀπληστεύεται
3193 2980 3209 2997 ο
3236 2968 3265 3020 ὀ
3305 2965 3365 3020 δὲ
3410 2966 3473 3019 τὸ
3511 2965 3814 3033 κεφάλαιον

2236 3061 2558 3132 ἀποστερεῖν
2589 3058 3005 3131 διισχυρίζεται.
3046 3048 3221 3123 Οὗτος
3263 3058 3487 3130 ἀπορῶν
3533 3056 3812 3119 ὀδυνᾰται,

2236 3154 2445 3218 ἐκεῖνος
2475 3151 2723 3226 εὐπορῶν
2755 3152 3092 3224 θορυσεῖται.
3152 3153 3211 3207 ’0
3262 3150 3339 3223 μὴ
3375 3150 3517 3222 ἔχων
3556 3151 3813 3217 ὀνειδίζε-

2236 3258 2349 3309 ται,
2375 3241 2468 3296 καὶ
2485 3242 2514 3295 ὁ
2530 3240 2668 3312 ἔχων
2687 3238 3099 3296 ἐπιϐουλεύεται
3117 3259 3131 3272 ο
3154 3244 3184 3296 ό
3203 3242 3423 3314 κρατῶν
3446 3241 3811 3313 ἐνεδρεύεται,

2236 3332 2267 3386 ὁ
2296 3333 2355 3387 ἐν
2377 3332 2574 3404 ἀρχαῖς
2600 3332 2967 3387 ὑποϐλέπεται
2991 3349 3007 3365 ο
3037 3334 3067 3386 ό
3093 3335 3149 3388 ὲν
3177 3333 3453 3400 ἐξουσίαις
3483 3335 3759 3405 μισεῖται,
3787 3336 3814 3386 ὁ

2240 3423 2300 3479 ὲν
2319 3421 2662 3487 δυναστείαις
2697 3423 3023 3490 σκευάζεται
3046 3439 3062 3457 ο
3110 3427 3161 3478 οἱ
3197 3424 3427 3497 πόλεμοι
3459 3430 3737 3497 συνεχεῖς,
3770 3430 3815 3482 οξ

2241 3517 2391 3586 φόνοι
2419 3516 2734 3589 ἐπάλληλοι.
2784 3517 2850 3571 Ἠ
2896 3516 3171 3589 ἀπληστία
3216 3522 3491 3591 τυραννεῖ,
3537 3520 3574 3592 ἡ
3626 3520 3808 3575 πλεονι

2242 3609 2360 3677 εξία
2389 3609 2727 3674 δυναστεύει,
2754 3609 2814 3662 τὸ
2843 3608 3037 3679 ψεῦδος
3069 3609 3427 3683 ὑπεραίρεται
3451 3626 3463 3641 ·
3499 3612 3535 3684 ἡ
3554 3612 3700 3683 πρὸς
3734 3615 3815 3667 dl-

2242 3703 2441 3777 λήλους
2485 3702 2669 3767 πίστις
2715 3702 3020 3774 ἀπέφυγεν,
3067 3704 3101 3773 ή
3131 3703 3363 3774 ἀλήθεια
3403 3702 3500 3775 τὴν
3536 3702 3645 3775 γῆν
3690 3723 3807 3761 κατ-

2244 3798 2432 3854 έλιπεν
2452 3815 2465 3828 ·
2497 3798 2532 3870 ἡ
2569 3796 2721 3869 φιλία
2751 3797 2914 3869 μέχρι
2940 3796 3222 3869 τραπέζης
3259 3796 3645 3870 περιώρισται,
3681 3800 3736 3853 οἱ
3764 3799 3817 3853 δὲ

2243 3893 2338 3948 καὶ
2383 3891 2485 3964 τὴν
2539 3892 2677 3947 ίδίαν
2737 3892 2888 3965 ἰσχὺν
2947 3892 3238 3948 ἀπώλεσαν
3266 3907 3283 3923 θ
3333 3892 3391 3944 αἱ
3447 3892 3817 3965 προσηγορίαι

2240 3986 2477 4057 ὑποψίας
2518 3986 2926 4059 πεπλήρωνται.
2970 3983 3128 4041 Οὕτω
3153 3985 3219 4059 δὴ
3270 3985 3489 4040 πάντων
3531 3986 3592 4040 ὲν
3622 3989 3817 4049 κακᾶς

2242 4080 2623 4153 σεσοϐημένων
2668 4082 2847 4153 ἡμῶν,
2881 4082 2909 4135 ὁ
2943 4080 3230 4152 προφήτης
3266 4078 3359 4134 τδν
3406 4077 3522 4152 βίον
3580 4080 3816 4133 ἔκπτυό-

2244 4192 2402 4249 μενος
2434 4174 2623 4256 ἐκϐοᾷ,
2647 4172 2821 4244 λέγων
2844 4188 2860 4205 ·
2901 4191 2920 4225 ι
2951 4172 3099 4246 Πλὴν
3134 4172 3312 4244 μάτην
3342 4171 3683 4244 ταράσσεται
3714 4173 3815 4235 πᾶς

2239 4268 2526 4341 ἄνθρωπος
2558 4266 2688 4334 ζῶν.
2734 4285 2754 4320 ι

568 4390 719 4442 sunt.
773 4377 853 4434 Ad
891 4376 1038 4432 bunc
1076 4371 1241 4445 igitur
1269 4367 1513 4434 modum,
1544 4379 1672 4421 cum
1701 4376 1802 4418 nos
1848 4375 2042 4418 omnes
2072 4362 2129 4418 in
2169 4364 2328 4421 malis
2391 4365 2684 4437 agitemur,
2734 4362 2998 4439 prapltcta
3048 4361 3344 4417 humanam
3389 4360 3558 4415 vitam
3621 4371 3813 4431 asper-

571 4492 732 4542 nans,
781 4472 837 4528 in
881 4471 1000 4526 ltrec
1030 4465 1192 4523 verba
1245 4463 1444 4520 clamat
1480 4478 1496 4518 :
1530 4478 1551 4514 ι
1585 4457 1975 4515 Verumtamen:
2012 4459 2268 4517 universa
2301 4461 2513 4517 vanitas
2540 4458 2720 4516 omnis
2753 4458 2915 4515 homo
2944 4457 3158 4514 vivens.
3192 4477 3211 4511 ι

570 4572 706 4631 TIT.
738 4568 849 4626 νιι.
880 4596 949 4611 —-
982 4565 1056 4620 De
1086 4564 1332 4627 violento,
1376 4570 1424 4616 et
1465 4575 1527 4615 eo
1562 4572 1595 4613 a
1623 4571 1727 4628 quo
1772 4554 1848 4611 vis
1879 4554 2131 4625 infertur.
2169 4562 2211 4617 ι)

646 4665 814 4722 Eccii.
848 4678 924 4729 IV,
954 4661 1043 4717 δὲ.
1071 4686 1145 4701 --
1177 4676 1197 4711 ι
1233 4655 1311 4712 Ne
1356 4653 1577 4711 coneris
1606 4661 1799 4708 contra
1836 4648 2003 4706 ictum
2035 4648 2136 4723 ﬂu-

573 4763 667 4822 vii.
697 4782 716 4815 ι

648 4875 667 4907 ι
706 4848 913 4908 Bovem'
939 4848 1212 4903 volentem
1245 4839 1438 4897 incita.
1476 4857 1495 4891 ι

646 4946 676 5003 1
707 4946 855 5002 Petr.
884 4957 936 5009 v,
960 4939 1017 4994 2.
1043 4966 1113 4979 --
1140 4952 1159 4989 ι
1195 4931 1312 4990 Non
1351 4938 1562 4997 coacte,
1590 4927 1683 4985 sed
1714 4939 2033 4999 spontanee.
2072 4946 2093 4981 ι

644 5039 816 5098 Basil.
879 5035 937 5089 in
996 5029 1253 5087 Hexaem.
1298 5053 1367 5067 -——
1415 5020 1573 5093 Quod
1622 5029 1869 5077 coactqu
1920 5032 2027 5087 est,
2082 5026 2139 5077 et

575 5140 775 5207 praeter
800 5136 1076 5188 naturam,
1098 5127 1384 5192 postquam
1411 5114 1481 5172 ad
1510 5116 1675 5172 breve
1698 5116 1969 5184 quoddam
2002 5122 2142 5169 tem-

472 5240 474 5244 '
576 5240 678 5297 pus
704 5230 883 5279 ortum
930 5225 1036 5284 est,
1080 5214 1244 5286 idque
1290 5226 1432 5285 aegre
1465 5225 1529 5267 ac
1575 5224 1671 5281 per
1704 5209 1835 5276 vim,
1872 5210 2055 5265 statim
2080 5207 2134 5263 in

575 5334 637 5374 ea
662 5332 728 5372 ex
759 5314 958 5384 quibus
993 5308 1289 5366 conﬂatum
1319 5304 1445 5369 fuit,
1476 5302 1821 5359 dissolvitur.

648 5408 710 5467 S.
741 5406 897 5478 Greg.
953 5403 1097 5460 Nux.
1150 5399 1305 5472 Apol.
1356 5413 1626 5470 magn.—-
1658 5392 1814 5462 Quod
1860 5393 2137 5460 iuviteﬂt,

576 5515 946 5576 praeterquam
976 5499 1124 5572 quod
1156 5494 1499 5571 tyrannicum
1532 5497 1636 5557 est,
1665 5490 1828 5547 etiam
1860 5486 2018 5545 laude
2041 5502 2140 5543 sua

578 5608 751 5669 caret,
784 5616 885 5658 nec
926 5597 1165 5664 ﬁrmum,
1220 5608 1323 5650 nec
1350 5588 1548 5649 stabile
1574 5597 1678 5646 est.
1730 5584 1883 5642 Solet
1912 5585 2058 5642 enim
2091 5584 2142 5639 id

2415 4557 2597 4616 ΤΙΤΛ.
2634 4559 2708 4614 Ζ’.
2726 4583 2793 4597 -—
2820 4556 2959 4626 Περὶ
2990 4555 3196 4620 ,ϐιαίου
3227 4553 3325 4610 καὶ
3349 4551 3636 4619 βιαστοῦ.

2319 4675 2336 4707 ι
2376 4655 2466 4725 Μὴ
2499 4653 2686 4729 βιάζου
2713 4653 2841 4725 ῥοῦν
2873 4650 3142 4724 ποταμοῦ.
3177 4669 3195 4702 ι

2316 4856 2333 4889 ι
2373 4836 2475 4890 Τὸν
2502 4834 2721 4890 θέλοντα
2752 4832 2876 4905 βοῦν
2905 4832 3111 4888 ἔλαυνε.
3152 4850 3177 4887 ι

2317 4950 2337 4984 ι
2367 4930 2461 5002 Μὴ
2488 4929 2864 4999 ἀναγκαστῶς,
2883 4925 2996 4982 ἀλλ’
3022 4924 3301 4989 ἑκουσίως.
3336 4942 3358 4976 ι

2314 5027 2385 5081 Τὸ
2419 5023 2851 5097 ἠναγκασμένον.
2913 5020 3008 5077 καὶ
3067 5020 3216 5092 παρά
3246 5018 3427 5090 φύσιν,
3496 5018 3589 5073 ἐπ’
3638 5018 3804 5086 ὀλίγον

2243 5121 2481 5192 ἀνίαχον,
2508 5120 2605 5174 καὶ
2660 5118 2814 5175 τοῦτο
2845 5117 3055 5189 βιαίως,
3090 5113 3184 5172 καὶ
3230 5115 3383 5186 μόλις
3416 5098 3560 5187 ταχὺ
3602 5114 3801 5182 διελύθη

2240 5218 2321 5282 είς
2354 5215 2423 5270 τὰ
2451 5214 2510 5277 ἐξ
2537 5207 2612 5270 ὧν
2634 5213 2912 5285 συνετέθη.

2309 5394 2383 5450 Τδ
2412 5393 2665 5449 ἀκούσιον
2697 5390 2833 5466 πρὸς
2866 5390 2931 5445 τὸ
2980 5386 3301 5463 τυραννικὸν
3347 5380 3488 5443 εἶναι
3508 5429 3529 5452 ,
3583 5387 3681 5442 καὶ
3712 5384 3801 5441 οὐκ

2240 5488 2539 5553 ἐπαινετὸν,
2562 5487 2680 5541 οὐδὲ
2702 5486 2948 5557 μόνιμον.
2978 5484 3129 5538 Φιλεῖ
3151 5480 3261 5554 γὰρ
3278 5479 3341 5537 τὸ
3364 5479 3614 5553 Bacch,
3629 5480 3799 5546 ὥσπερ

2252 5582 2415 5657 φυτὸν
2445 5582 2537 5655 βίᾳ
2584 5581 2740 5653 χερσὶ
2794 5576 3255 5652 μετασπὼμενον,
3310 5575 3390 5640 είς
3418 5572 3615 5629 ἑαυτδν
3658 5570 3799 5628 πάλιν

654 5814 681 5847 ι
720 5805 795 5860 Ex
818 5804 1099 5874 supposita
1121 5798 1517 5874 Chrysostomo
1539 5792 1909 5874 enarratione
1939 5806 1990 5849 v.
2018 5789 2052 5847 6
2084 5785 2281 5862 psalmi
2318 5798 2545 5854 sxxvtn,
2574 5795 2739 5857 quam
2775 5779 2999 5838 alterius
3032 5778 3277 5836 auctoris
3303 5792 3454 5847 esse,
3480 5784 3534 5835 et
3581 5775 3699 5834 Nilo
3726 5789 3795 5829 se-

584 5878 794 5949 quioris
840 5864 1042 5932 Noster
1069 5864 1253 5930 forsan
1279 5868 1496 5926 videtur
1539 5864 1806 5922 indicare.
