4010 6302
308 381 439 444 1285

1511 382 1749 444 SACRA
1797 381 2257 446 PARALLEIA.

3389 382 3531 449 1286

299 493 499 564 άφεθὲν
528 494 862 568 ἀνατρέχειν.
896 495 968 549 Τὸ
1004 496 1059 551 δὲ
1091 498 1154 551 ἐκ
1181 493 1550 569 προαιρέσεως
1577 537 1592 560 ,
1628 495 1862 570 ἐννομώ-

1964 499 2110 570 quod
2150 508 2400 554 eoactum
2444 511 2550 568 est,
2597 515 2702 556 non
2741 514 2904 558 secus
2950 513 3014 556 ac
3062 498 3247 571 planta
3278 500 3536 556 manibus

296 603 455 642 τατον
482 585 598 656 ἃμα
635 589 728 640 καὶ
759 587 1182 655 ἀσφαλέστατον,
1211 587 1421 652 εὐνοίας
1442 587 1623 660 δεσμῷ
1663 587 1864 661 τηροῦ·-

295 694 478 750 μενον.
519 709 579 720 --
606 679 969 751 Βουλομένων,
1000 682 1061 735 οὐ
1096 681 1540 753 τυραννουμένων
1565 681 1625 736 τὸ
1647 681 1745 753 τῆς
1771 683 1864 736 εὑ-

293 770 510 834 σεὸείας
538 774 854 845 μυστήριον.

363 1058 436 1113 Τό
463 1077 523 1115 τε
553 1058 912 1132 βεϐιασμένον
931 1099 946 1126 ,
988 1060 1084 1114 καὶ
1109 1059 1271 1130 ἀηδὲς
1301 1059 1435 1132 ταχὺ
1459 1075 1473 1092 ⁸
1509 1060 1572 1114 τὸ
1608 1060 1664 1114 δὲ
1705 1060 1863 1114 ἀϐία-

295 1170 440 1217 στον,
477 1155 577 1210 οὐκ
606 1154 719 1226 ἔχει
753 1155 936 1226 κόρον,
989 1154 1105 1208 ἀλλ’
1133 1154 1222 1209 ἀεὶ
1259 1153 1442 1226 χάριτί
1478 1171 1539 1208 τε
1573 1155 1666 1208 καὶ
1714 1154 1865 1227 πόθῳ

297 1243 500 1300 θάλλει.

363 1335 612 1391 Μάλιστα
643 1322 859 1388 πάντων
887 1336 1228 1407 Χριστιανοϊς
1259 1336 1360 1390 οὐκ
1388 1335 1596 1406 ἐφίεται
1637 1335 1698 1389 τὸ
1729 1335 1865 1408 πρὸς

299 1429 416 1500 βίαν
449 1429 782 1502 ἐπανορθοῦν
823 1428 894 1484 τὰ
943 1429 1053 1484 τῶν
1079 1428 1495 1502 ἁμαρτημάτων
1522 1429 1861 1502 πταίσματα.

297 1526 370 1578 Ub
400 1524 508 1596 γάρ
561 1524 686 1588 τοὺς
714 1523 924 1596 ἀνάγκη
953 1522 1050 1594 τῆς
1081 1523 1280 1589 κακίας
1310 1523 1699 1594 ἀπεχομένους,
1729 1521 1866 1579 ἀλλά

299 1619 420 1683 τοὺς
447 1617 782 1690 προαιρέσει,
807 1618 1062 1686 στεφανοῖ
1091 1618 1119 1672 ὁ
1152 1615 1303 1681 Θεός.

365 1714 465 1769 Βία
496 1714 615 1786 Θεῷ
637 1713 696 1767 οὗ
728 1711 1040 1785 πρόσεστιν.

293 1825 477 1886 ΤΙΤΛ.
506 1829 587 1884 H’.
617 1859 687 1873 ——
715 1825 855 1896 Περὶ
876 1825 1251 1917 ,ϐλασφήμου
1280 1824 1380 1882 καί
1401 1825 1856 1898 μταλοῤῥήμο·
1881 1861 1938 1917 ,Β

1009 1915 1135 1966 νος.

367 2014 388 2050 ι
415 1988 550 2051 Eine
579 1994 783 2067 Κύριος
831 1993 969 2067 πρὸς
1007 1991 1213 2064 Mde
1235 2006 1250 2024 ο
1283 1989 1529 2062 Λάλησον
1570 1991 1686 2054 τοῖς
1726 1988 1863 2051 uicit;

305 2088 542 2162 Ἰσραὴλ,
593 2088 801 2158 λέγων’
861 2088 1180 2159 ’Ἄνθρωπος
1233 2085 1293 2149 ὃς
1337 2085 1431 2141 ἐὰν
1482 2083 1863 2154 καταράσηται

294 2181 445 2244 Θεὸν,
471 2180 741 2252 ἁμαρτίαν
777 2178 1008 2252 λήψεται
1031 2192 1048 2209 ⁶
1090 2179 1119 2232 ὁ
1165 2175 1449 2249 ὀνομάζων
1475 2177 1532 2232 δὲ
1550 2176 1720 2248 ὄνομα
1753 2176 1868 2230 Κυ-

297 2277 434 2351 ρίου,
465 2276 630 2340 λίθοις
663 2274 1006 2330 λιθοϐολείτω
1038 2273 1201 2328 αὑτὸν
1226 2273 1374 2330 πᾶσα
1407 2271 1699 2344 συναγωγὴ
1731 2271 1864 2326 υίῶν

307 2369 540 2442 Ἰσραήλ.
587 2387 607 2422 ›

368 2479 386 2514 ι
422 2461 516 2533 Μὴ
544 2460 804 2528 ἐξελθέτω
827 2455 1349 2534 μεγαλορῤημοσύνη
1376 2457 1444 2512 ἐκ
1469 2453 1566 2512 τοῦ
1597 2456 1865 2530 στόματος

291 2553 466 2626 ὑμῶν.
510 2572 531 2608 ι

366 2665 385 2699 ι
431 2646 498 2701 Τί
525 2645 824 2718 ἐτόλμησεν
850 2646 884 2718 ἠ
929 2643 1126 2718 καρδία
1167 2660 1284 2712 σου,
1317 2643 1397 2700 ὅτι
1429 2643 1603 2718 θυμὸν
1629 2641 1865 2718 ἔρῤηξας

293 2740 471 2795 ἔναντι
503 2739 744 2812 Κυρίους
785 2758 805 2792 ι

367 2945 386 2979 ι
436 2923 839 2999 Ἐξολοθρεῠσει
866 2921 1072 2995 Κύριος
1108 2921 1285 2978 πάντα
1322 2919 1392 2977 τά
1415 2918 1567 2994 χείλη
1596 2918 1665 2974 τὰ
1691 2916 1864 2986 δόλια,

286 3020 541 3090 γλῶσσαν
571 3019 1026 3092 μεγαλορῥήμονα
1045 3032 1058 3045 ·
1090 3015 1216 3081 τοὺς
1252 3015 1526 3080 τίπόντας,
1549 3013 1661 3087 Τὴν
1691 3013 1868 3084 γλῶσο

293 3134 392 3174 σαν
421 3114 577 3188 ἡμῶν
603 3111 1017 3186 μεγαλυνοῦμεν
1035 3152 1049 3176 ,
1094 3108 1165 3166 τὰ
1192 3108 1350 3183 χείλη
1382 3107 1540 3182 ἡμῶν
1566 3106 1698 3181 παρ’
1733 3108 1866 3182 ἡμῖν

290 3213 406 3266 ἐστι
431 3227 446 3241 ο
477 3209 563 3274 τίς
588 3207 746 3281 ἡμῶν
773 3205 960 3281 κύριός
994 3206 1174 3272 tactv;
1208 3221 1230 3257 ι
1715 3242 1717 3245 .

365 3321 385 3356 ‹
431 3301 890 3374 Ἀφανισθήσιται
915 3298 1222 3372 Σαμάρεια,
1250 3296 1332 3351 ὅτι
1356 3295 1578 3353 ἀντεῖπε
1610 3292 1745 3367 πρὸς
1767 3293 1860 3348 τὸν

292 3398 420 3453 Θεὸν
463 3396 634 3468 αὐτῆς
658 3408 675 3430 ⁶
727 3395 785 3449 ὲν
834 3391 1080 3466 ῥομφαίᾳ
1125 3389 1418 3445 πεσοῦνται
1464 3388 1640 3458 αὐτοὶ,
1669 3388 1861 3444 καὶτὰ

292 3490 572 3547 ὕποτίτθια
602 3487 780 3545 αὐτῶν
812 3477 1286 3558 ὲδαφισθήσονται.
1322 3502 1342 3536 ι

365 3607 384 3639 ι
418 3584 707 3642 Μεθύσατε
741 3582 924 3648 αὐτὸν,
949 3581 1032 3636 ὅτι
1059 3581 1151 3635 ἐπὶ
1185 3580 1387 3650 Κύριον
1417 3575 1786 3650 ὲμεγαλύνθη.
1833 3595 1854 3628 ι

363 3785 382 3819 ι
419 3764 559 3820 Τάδε
604 3763 751 3832 λέγει
779 3761 1018 3835 Κύριος·
1054 3759 1280 3833 Ἒπειδὴ
1308 3759 1547 3824 δέδωκας
1585 3758 1686 3832 τὴν
1721 3775 1860 3832 καρ-

288 3858 404 3912 δίαν
437 3875 530 3911 σου
554 3855 627 3920 ὡς
663 3854 892 3927 καρδίαν
912 3851 1070 3917 Θεοῦ,
1101 3852 1212 3906 ἰδοὺ
1255 3849 1446 3919 ἐπάγω
1470 3849 1565 3904 ἐπὶ
1601 3849 1662 3905 σὲ
1701 3849 1859 3903 ἀλλο-

285 3953 490 4027 τρίους,
525 3949 747 4020 λοιμοὺς
781 3947 972 4014 ἐθνῶν,
1007 3946 1104 4002 καὶ
1135 3943 1503 4000 ὲκκενὼσουσι
1528 3942 1624 4008 τὰς
1663 3942 1860 4016 μαχαίο

291 4063 388 4119 ρας
414 4043 593 4100 αὐτῶν
622 4043 715 4097 ἐπὶ
750 4041 828 4107 σὲ,
854 4040 948 4095 καὶ
976 4039 1071 4096 ἐπὶ
1099 4038 1162 4094 τὸ
1197 4036 1391 4103 κάλλος
1422 4036 1523 4107 τῆς
1549 4038 1859 4108 ὲπιστήμης

290 4155 406 4204 σου,
437 4139 530 4194 καὶ
558 4135 862 4210 στρώσουσι
894 4134 956 4190 τδ
984 4133 1181 4202 κάλλος
1204 4148 1298 4186 σου
1320 4133 1401 4194 είς
1419 4129 1717 4186 ἀπώλειαν.
1762 4149 1780 4182 ι

363 4340 383 4376 ι
413 4318 798 4391 Φιλάνθρωπον
826 4316 1041 4389 πνεῦμα
1060 4315 1271 4387 σοφίας,
1303 4315 1400 4370 καὶ
1423 4312 1484 4370 οὗ
1517 4313 1858 4386 κατορθώσει

290 4415 605 4489 βλάσφημον
635 4413 744 4470 ἀπὸ
769 4412 993 4485 χειλέων
1029 4409 1216 4467 αὑτοῦ.
1257 4426 1278 4462 ι

361 4530 382 4563 α
428 4510 488 4565 '0
522 4509 729 4584 βάλλων
764 4508 908 4566 λίθον
937 4509 1016 4573 είς
1044 4506 1198 4582 ῦψος,
1232 4506 1327 4562 ἐπὶ
1353 4506 1450 4580 τὴν
1497 4505 1733 4579 κεφαλὴν
1758 4507 1858 4560 αὑ-

286 4603 381 4659 τοῦ
418 4603 621 4676 βάλλει.
658 4623 676 4656 ι

363 4718 382 4751 ι
418 4699 573 4752 Πᾶσα
609 4695 850 4769 ἁμαρτία
906 4695 1237 4767 ἀφεθήσεται
1269 4697 1381 4760 τοῖς
1405 4693 1738 4767 ἀνθρώποις·
1776 4694 1853 4768 τῷ

287 4790 344 4845 δὲ
372 4793 450 4856 είς
477 4792 541 4845 τὸ
569 4791 723 4860 ἅγιον
756 4788 980 4862 Πνεῦμα
1011 4789 1459 4862 βλασφημήσαντι
1492 4788 1594 4842 οὐκ
1644 4787 1851 4861 ἀφεοήο

292 4902 464 4954 σεται,
493 4884 614 4939 οὐδὲ
647 4885 703 4937 ὲν
729 4882 804 4955 τῷ
824 4882 917 4938 νῦν
946 4883 1124 4950 αίῶνι,
1148 4881 1269 4936 οὐδὲ
1301 4882 1358 4936 ὲν
1379 4880 1456 4955 τῷ
1487 4880 1757 4954 μέλλοντι.
1797 4901 1817 4934 ι

371 5064 430 5117 '0
463 5063 563 5135 μὲν
594 5062 943 5137 ἁμαρτάνων,
977 5062 1304 5134 παραϐαίνει
1329 5063 1523 5136 νόμονο
1546 5063 1573 5115 ἦ
1597 5062 1652 5118 δὲ
1686 5063 1852 5137 βλασ-

291 5181 364 5236 φη
373 5161 506 5235 μῶν,
533 5161 612 5225 είς
632 5159 802 5232 αὐτὴν
827 5157 1015 5213 ἀσεϐεῖ
1035 5157 1134 5230 τὴν
1163 5159 1424 5233 Θεότητα.

357 5345 496 5411 Τοὺς
522 5345 579 5400 ὲν
600 5346 667 5417 τῇ
690 5341 841 5398 πόλει
873 5342 1351 5415 βλασφημοῦντας,
1380 5344 1682 5417 σωφρὸνιζε
1707 5359 1721 5376 ⁸
1755 5344 1860 5400 κᾶν

285 5436 524 5507 ἀκούσῃς
568 5435 714 5500 τινὸς
761 5435 818 5487 ἐν
845 5433 1095 5506 άμφόδῳ,
1125 5435 1159 5504 ἢ
1195 5435 1254 5490 ὲν
1283 5435 1481 5507 ἀγορᾷ,
1507 5433 1860 5508 ἐπιτίμησον,

285 5531 387 5587 κᾶν
416 5530 629 5603 πληγὰς
676 5523 942 5585 ἐπιθεῖναι
976 5528 1092 5602 δέῃ,
1126 5529 1200 5603 μὴ
1229 5531 1564 5606 παραιτήσῃ.
1606 5531 1861 5586 Ῥάπισον

283 5622 446 5680 αὑτοῦ
475 5624 573 5697 τὴν
606 5623 747 5694 δψιν,
781 5622 1068 5695 σύντριψον
1104 5622 1270 5678 αὐτοῦ
1296 5623 1360 5677 τδ
1396 5626 1592 5696 στόμα,
1625 5624 1851 5696 άγίασόν

287 5733 386 5771 σου
408 5718 507 5789 τὴν
539 5719 700 5789 χεῖρα
725 5715 817 5772 διὰ
842 5716 942 5789 τῆς
967 5719 1206 5792 πληγῆς.
1229 5717 1350 5772 Κᾶν
1371 5717 1648 5787 ἐγκαλῶσι
1678 5736 1846 5785 τινες,

283 5811 386 5867 κᾶν
414 5811 494 5877 είς
515 5810 862 5885 δικαστήριον
886 5814 1138 5877 ἕλκωσιν,
1169 5811 1554 5886 ἀκολούθησον.

1965 608 2065 663 per
2111 591 2217 647 vim
2275 591 2501 658 innexa,
2549 594 2712 650 simul
2762 604 2928 665 atque
2967 593 3256 649 dimissum
3306 598 3411 659 est,
3469 592 3536 648 ad

1965 686 2206 755 seipsunt
2261 685 2459 742 redire.
2520 685 2745 752 Contra,
2798 688 2943 758 quod
2996 686 3163 742 animi
3218 686 3538 744 inductione

1968 779 2048 845 tit,
2108 777 2476 846 iustissimum
2533 794 2597 836 ac
2638 779 3012 836 ﬁrmissimqu
3049 789 3157 843 est,
3191 789 3376 850 utpote
3406 796 3535 852 pro-

1966 857 2251 941 pensionis
2281 873 2498 928 vinculo
2527 881 2934 929 conservatum.
2967 906 3036 916 --
3059 871 3396 941 Volentiutn,
3426 890 3536 931 nou

1967 963 2288 1031 invitorum,
2325 967 2546 1036 pietatis
2578 976 2986 1023 sacramentum
3025 975 3130 1024 est.

2037 1056 2206 1112 Clem.
2260 1057 2416 1113 Alex.
2450 1058 2698 1125 —Quod
2756 1059 2927 1116 invite
2983 1058 3062 1126 ﬁt,
3099 1060 3285 1116 statim
3339 1059 3536 1131 displi-

1966 1157 2054 1204 cet
2090 1169 2105 1205 :
2137 1150 2286 1221 quod
2315 1158 2495 1206 autem
2531 1158 2747 1220 sponte,
2779 1151 3088 1208 satietatem
3128 1167 3236 1208 non
3264 1152 3534 1222 admittit,

1966 1243 2061 1298 sed
2099 1257 2315 1312 semper
2338 1252 2390 1299 et
2425 1243 2600 1314 gratia
2636 1251 2689 1299 et
2721 1243 2992 1299 desiderio
3020 1244 3266 1300 virescit.

2039 1332 2316 1406 Ejusdem.
2342 1363 2411 1378 --
2441 1334 2774 1390 Christianis
2821 1336 3125 1406 praesertim
3163 1352 3275 1408 prae
3319 1337 3537 1394 caeteris

1964 1425 2155 1486 minim
2197 1441 2544 1486 .concessum
2575 1436 2660 1483 est
2683 1428 3035 1498 peccantium
3076 1430 3268 1501 lapsus
3298 1445 3395 1499 per
3425 1431 3535 1486 vim

1967 1518 2267 1587 corrigere.
2295 1517 2409 1575 Nec
2443 1521 2588 1575 enim
2625 1517 2773 1575 Deus
2805 1535 2898 1576 eos
2935 1532 3184 1587 coronat,
3209 1522 3304 1593 qui
3339 1537 3536 1579 neces-

1967 1610 2153 1676 sitate,
2187 1613 2282 1668 sed
2313 1614 2406 1685 qui
2438 1615 2723 1670 voluntate
2756 1629 2786 1668 a
2823 1615 2956 1669 vitio
2985 1614 3298 1675 abstinent.

2037 1705 2269 1763 Eusebii.
2294 1741 2363 1752 σα-
2389 1707 2664 1766 Violentia
2695 1709 2805 1766 Deo
2848 1727 2954 1766 non
2985 1712 3160 1768 decet.

2036 1817 2169 1875 Tl'l‘.
2217 1818 2356 1874 Vlll.
2389 1853 2459 1864 --
2484 1819 2558 1876 De
2611 1821 2937 1893 blaspheme,
2973 1833 3024 1881 et
3065 1824 3464 1898 superbiloquo.

2032 1973 2198 2030 Leuit.
2228 1989 2374 2040 xxiv,
2409 1973 2499 2031 15.
2535 2006 2588 2016 -
2629 1994 2649 2028 ι
2683 1977 2830 2032 Dixit
2877 1975 3144 2035 Dominus
3179 1978 3246 2033 ad
3272 1976 3529 2051 Moysen:

1964 2069 2214 2141 Loquere
2243 2068 2371 2125 [iliis
2399 2068 2567 2124 lsrael
2599 2069 2789 2125 dicens
2817 2085 2832 2124 :
2865 2072 3043 2126 Homo
3071 2072 3164 2143 qui
3189 2072 3536 2128 maledixerit

1963 2160 2098 2225 Deo,
2130 2163 2372 2232 portabit
2421 2170 2708 2234 peccatum
2751 2179 2950 2219 suum:
3003 2166 3096 2235 qui
3139 2174 3322 2222 autem
3356 2169 3535 2223 nomi-

1965 2256 2179 2311 naverit
2224 2270 2422 2310 nomen
2476 2253 2716 2322 Domini,
2772 2254 3050 2326 lapidibus
3099 2257 3375 2330 opprimat
3406 2275 3537 2316 eum

1964 2348 2146 2406 omnis
2176 2348 2474 2404 multitudo
2499 2347 2737 2403 ﬁliorum
2767 2347 2954 2405 Israel.
2984 2369 3006 2403 ι

2038 2439 2068 2496 Ι
2098 2439 2223 2511 Reg.
2259 2457 2322 2507 ιι,
2367 2441 2420 2496 3.
2445 2472 2513 2482 —
2544 2459 2562 2492 ι
2593 2439 2709 2496 Non
2748 2454 2905 2499 exeat
2942 2443 3178 2502 sublime
3227 2446 3432 2503 dictum
3466 2462 3536 2505 ex

1963 2550 2060 2593 ore
2083 2545 2286 2592 νεειιο.
2325 2555 2343 2589 ι

2032 2627 2136 2685 Job
2187 2645 2277 2696 xv,
2339 2629 2578 2685 £2.-t
2635 2631 2772 2700 Quid
2831 2635 2978 2689 enim
3039 2650 3235 2691 ausum
3297 2643 3378 2692 est
3437 2650 3534 2692 eor

1965 2730 2143 2786 tuum,
2178 2721 2328 2793 quod
2371 2720 2426 2776 in
2478 2721 2816 2779 iracundiam
2867 2725 3097 2796 erupisti
3137 2726 3400 2783 adversus
3419 2723 3532 2782 Do.

1966 2815 2219 2871 minum?
2250 2834 2270 2870 ι

2033 2911 2197 2986 394
2243 2913 2392 2972 Psal.
2425 2929 2503 2980 xl,
2543 2911 2596 2977 '5,
2646 2911 2703 2967 4.
2743 2942 2814 2954 -
2842 2930 2862 2966 ι
2919 2911 3208 2985 Disperdet
3264 2913 3530 2972 Dominus
3621 2953 3630 2960 -

1965 3006 2227 3061 universa
2262 3004 2404 3062 labia
2433 3005 2649 3075 dolosa,
2679 3005 2921 3078 linguam
2958 3007 3389 3079 magniloquam.
3424 3006 3530 3076 Qui

1965 3098 2244 3168 dixerunt,
2272 3099 2518 3174 linguam
2570 3109 2816 3156 nostram
2866 3101 3363 3172 magniﬁeabimus,
3388 3101 3528 3158 labia

1967 3199 2151 3248 nostra
2195 3206 2228 3248 a
2261 3193 2423 3251 nobis
2451 3201 2601 3251 sunt.
2645 3191 2782 3260 Quis
2827 3202 3017 3248 noster
3051 3191 3314 3250 Dominus
3355 3193 3476 3249 est?
3505 3212 3524 3245 ο

2036 3286 2169 3344 Osee
2194 3303 2308 3355 xlv,
2345 3288 2398 3344 ί.
2428 3319 2500 3331 --
2531 3307 2551 3342 ι
2587 3286 2946 3360 Disperdetur
2976 3287 3244 3354 Samaria,
3267 3290 3528 3360 quoniam

1964 3381 2144 3438 locuta
2194 3390 2281 3439 est
2317 3382 2584 3439 adversm
2637 3379 2806 3437 Deum
2840 3397 3023 3439 suum.
3062 3381 3121 3438 In
3157 3382 3349 3456 gladio
3399 3398 3526 3454 per-

1961 3474 2118 3531 ibunt
2138 3475 2338 3547 ipsi,et
2358 3477 2626 3532 laetantes
2652 3491 2840 3532 eorum
2864 3476 3138 3532 elidentur
3160 3476 3224 3532 ad
3255 3485 3520 3549 petram.»

2027 3567 2226 3624 Jerem.
2262 3583 2453 3635 xum,
2481 3566 2573 3623 20.
2599 3599 2666 3610 -—
2697 3585 2717 3620 ι
2751 3566 3030 3625 lnebriate
3076 3585 3225 3635 eum,
3259 3571 3525 3645 quoniam

1959 3669 2151 3717 contra
2177 3661 2467 3719 Dominum
2500 3669 2718 3719 erectus
2748 3669 2857 3719 est.
2888 3681 2909 3716 ι

2033 3751 2228 3809 Ezech.
2267 3769 2463 3819 xxvm,
2509 3753 2565 3819 2,
2607 3755 2662 3811 ὅ.
2691 3785 2761 3796 -—
2790 3772 2808 3807 ι
2859 3756 2987 3812 Haec
3035 3754 3172 3812 dicit
3211 3755 3473 3814 Dominus
3507 3776 3524 3814 :

1957 3846 2064 3904 Pro
2097 3862 2164 3904 eo
2195 3847 2341 3920 quod
2368 3847 2570 3905 dedisti
2601 3863 2700 3903 cor
2737 3857 2890 3905 tuum
2917 3851 3072 3919 quasi
3105 3865 3200 3906 cor
3232 3849 3361 3917 Dei;
3397 3867 3528 3908 ecce

1959 3940 2173 3998 adduco
2213 3955 2381 4012 super
2430 3948 2483 3997 te
2526 3940 2758 4008 alienos,
2785 3943 3112 4012 pestilentes
3141 3943 3208 3999 de
3244 3945 3524 4015 gentibus,

1958 4043 2013 4093 et
2049 4035 2422 4109 evagiuabuut
2465 4035 2676 4106 gladios
2722 4051 2855 4093 suos
2905 4038 2962 4094 in
3013 4047 3085 4104 te,
3118 4047 3174 4096 et
3204 4055 3371 4111 super
3399 4041 3526 4111 pul-

1959 4127 2272 4186 chritudine
2324 4130 2572 4186 scientia:
2603 4139 2729 4201 ture,
2766 4138 2821 4186 et
2853 4129 3226 4188 ltumiliabunt
3273 4132 3526 4204 pulchri-

1960 4221 2204 4278 tudinem
2230 4229 2378 4277 tuam
2407 4220 2475 4277 in
2512 4219 2900 4292 perditionem.
2929 4241 2947 4274 ι

2028 4312 2160 4385 Sep.
2195 4329 2232 4379 ι,
2262 4313 2317 4370 6.
2349 4343 2422 4357 -—
2443 4332 2465 4368 ι
2517 4314 2798 4387 Benignus
2842 4324 2926 4372 est
2962 4315 3193 4388 spiritus
3221 4317 3522 4388 sapientiae,

1955 4418 2011 4466 et
2039 4425 2146 4466 non
2181 4409 2428 4466 absolvet
2454 4409 2829 4481 blaspltetuum
2867 4425 2895 4465 a
2927 4410 3087 4467 labiis
3115 4411 3253 4474 suis.
3290 4431 3308 4463 ι

2030 4501 2198 4558 Ecclt'.
2223 4517 2395 4568 xxvn,
2426 4501 2517 4558 28.
2550 4533 2621 4544 --
2657 4519 2674 4554 ι
2705 4499 2808 4568 Qui
2857 4504 2912 4558 iu
2968 4504 3136 4557 altum
3183 4503 3351 4559 mittit
3385 4504 3524 4575 lapic

1886 4617 1928 4673 ι)
1958 4596 2102 4659 dem,
2133 4597 2187 4652 in
2215 4605 2378 4667 caput
2417 4611 2577 4651 suum
2614 4595 2803 4650 mittit.
2843 4613 2862 4648 ι

2026 4689 2222 4746 Matth.
2258 4703 2356 4756 xu,
2386 4691 2474 4746 5t.
2513 4719 2578 4731 —-
2605 4709 2624 4743 t
2671 4689 2844 4748 Omne
2893 4697 3176 4761 peccatum
3213 4691 3522 4749 remittetur

1955 4782 2304 4839 hominibus:
2359 4783 2406 4838 ei
2465 4789 2648 4839 autem
2696 4783 2790 4855 qui
2836 4783 2890 4838 in
2945 4781 3209 4854 Spiritum
3267 4793 3520 4840 sanctum

1956 4878 2444 4951 blasphemaverit,
2507 4893 2616 4934 non
2673 4877 3005 4943 remittetur,
3042 4893 3252 4949 'ncque
3306 4878 3362 4933 in
3417 4879 3522 4933 hoc

1955 4973 2179 5037 ateculo,
2210 4986 2391 5042 neque
2425 4971 2480 5026 in
2507 4969 2716 5026 futuro.
2755 4988 2775 5023 ι

2032 5063 2245 5121 Basilii.
2275 5095 2347 5105 —
2371 5064 2475 5131 Qui
2507 5070 2721 5135 peccat,
2777 5063 2949 5136 legem
2981 5064 3203 5136 quidem
3234 5065 3437 5122 violat:
3466 5075 3521 5121 at

1959 5157 2053 5230 qui
2084 5157 2452 5229 blasphemat,
2496 5157 2762 5213 adversus
2815 5157 2989 5229 ipsum
3021 5156 3266 5212 divinum
3307 5157 3518 5215 Numen

1956 5255 2160 5324 impius
2194 5261 2299 5310 est.

2029 5345 2534 5418 Chryttst.—Eos
2582 5347 2675 5418 qui
2727 5347 2782 5402 in
2837 5347 3056 5404 civitate
3103 5348 3520 5418 blaspltemavc-

1954 5439 2090 5507 rint,
2130 5439 2367 5510 castiga.
2400 5438 2558 5509 Quod
2589 5441 2634 5496 si
2669 5455 2830 5512 quem
2867 5441 2922 5496 in
2973 5440 3121 5497 bivio
3167 5452 3261 5498 aut
3305 5442 3357 5497 in
3398 5442 3517 5498 t'oro

1959 5532 2222 5600 audieris,
2261 5531 2526 5603 .objurga.
2575 5530 2729 5599 Quod
2762 5532 2806 5587 si
2835 5532 3003 5588 etiam
3037 5533 3221 5604 plagas
3267 5532 3519 5589 incutere

1959 5627 2287 5699 oportuerit,
2321 5643 2389 5682 ne
2437 5626 2490 5682 id
2530 5625 2710 5683 facere
2741 5627 2982 5683 dubites.
3014 5625 3315 5699 Colapbum
3347 5628 3400 5682 in
3435 5628 3518 5683 fa-

1953 5721 2092 5779 ciem
2121 5722 2241 5794 ejus
2284 5720 2526 5793 impinge
2564 5738 2580 5776 :
2615 5736 2679 5778 os
2734 5720 2854 5792 ejus
2894 5732 3134 5776 contere.
3186 5719 3368 5775 Manui
3412 5727 3517 5776 tua:

1953 5830 2050 5888 per
2103 5815 2372 5888 ejusmodi
2431 5815 2646 5888 plagam
2697 5816 3042 5872 sanctitatem
3090 5816 3345 5874 concilia.
3399 5817 3514 5876 Etsi

284 5907 502 5981 quidam
545 5908 932 5977 criminantur,
964 5911 1066 5968 etsi
1117 5919 1167 5968 te
1199 5911 1252 5965 in
1281 5908 1548 5982 judicium
1588 5909 1832 5981 trahunt,
1873 5925 2126 5983 sequere.
