4010 6302
478 360 626 439 ἠδ-ι

1664 381 1727 441 s.
1759 376 2079 441 JOANNIS
2118 348 2550 437 DAMASCENI

3602 365 3739 435 1988

551 480 819 552 Largam.
850 477 1079 546 11οηι.3,
1114 478 1188 535 De
1222 480 1568 551 incompr.—-
1589 482 2043 550 Quemadmodun

2230 479 2497 550 Καθάπερ
2523 480 2551 533 6
2572 478 2717 532 λίθον
2749 478 3047 545 ἀκοντίζων
3079 479 3159 543 είς
3186 458 3246 534 έδ
3274 477 3430 551 ὕψος,
3457 479 3551 534 τοῦ
3572 482 3738 553 οὐρα·

480 571 572 642 qui
612 585 808 627 saxum
849 572 902 625 in
955 570 1129 625 altum
1185 569 1518 641 ejaculatur,
1569 586 1775 643 corpus
1828 572 2054 644 quidem

479 662 607 720 ειεΙί
664 662 942 729 scindere,
985 672 1153 734 atque
1199 662 1269 719 ad
1313 678 1434 719 eam
1469 665 1816 722 altitudinem
1868 681 2061 737 perve-

477 754 603 809 nire
655 770 767 810 non
810 757 989 823 valet;
1033 757 1167 829 quin
1216 757 1437 829 plagam
1480 759 1663 830 capite
1693 775 1795 815 suo
1825 759 2055 840 excipit,

2164 575 2258 631 νοῦ
2282 577 2382 647 μὲν
2401 574 2464 630 τδ
2496 575 2655 646 σῶμα
2673 575 2949 649 διατεμεῖν
2976 576 3037 630 οὐ
3068 575 3311 643 δύναται,
3338 574 3462 631 οὐδὲ
3490 578 3629 648 πρὸς
3676 575 3739 630 τὸ

2166 667 2299 739 ὕψος
2324 668 2530 740 φθάσαι
2576 669 2772 737 ἐκεῖνο,
2802 669 2903 741 τὴν
2929 668 2987 724 δὲ
3013 669 3229 741 πληγὴν
3262 671 3331 742 τῇ
3374 667 3493 741 -ίδίᾳ
3520 669 3735 741 δέχεται

2163 764 2398 835 κορυφῇ,
2437 762 2574 834 πρὸς
2599 761 2689 816 τὸν
2717 760 3081 818 ἁκοντίσαντα
3108 762 3421 827 ἐπανιόντος
3442 760 3536 815 τοῦ
3562 760 3733 816 λίθου’

478 861 612 904 saxo
643 849 905 904 nimirum
945 849 1014 903 ad
1052 849 1447 921 ejaculalorem
1500 852 1807 908 redeunte:
1846 853 1928 909 sic
1962 855 2043 924 qui

2163 852 2337 917 οὕτως
2363 854 2459 907 καὶ
2488 855 2517 908 6
2564 851 2897 925 βλασφημῶν
2931 854 3012 917 είς
3037 853 3136 922 τὴν
3180 853 3458 925 μακαρίαν
3481 852 3576 907 τοῦ
3597 854 3735 908 Θεοῦ

476 941 880 998 contumeliosa
903 951 959 996 et
988 940 1155 1013 impia
1196 942 1362 997 verba
1410 941 1679 998 adversus
1710 943 1926 997 beatam
1960 942 2053 998 Dei

476 1034 778 1091 essentiam
836 1032 1065 1105 profert,
1134 1047 1258 1088 eam
1312 1033 1539 1105 quidem
1612 1035 1767 1089 nullo
1817 1050 2053 1105 unquam

477 1128 813 1184 detrimento
865 1124 1083 1194 aﬂiciet,
1117 1134 1175 1180 ut
1205 1140 1331 1197 quae
1381 1126 1544 1196 longe
1579 1128 1757 1198 major
1787 1134 1844 1182 et
1883 1127 2057 1184 subli-

476 1221 624 1278 mior
664 1220 943 1278 exsistat:
992 1230 1051 1275 at
1083 1234 1212 1276 vero
1250 1219 1308 1275 in
1346 1221 1545 1275 anima:
1597 1234 1712 1277 suae
1754 1220 2052 1290 perniciem

479 1312 719 1383 gladium
758 1311 927 1379 acuit,
964 1311 1096 1367 dum
1132 1325 1192 1366 se
1233 1311 1284 1365 ei
1336 1309 1496 1381 cujus
1542 1310 1826 1367 beneﬁciis
1856 1317 2053 1366 auctus

476 1414 581 1471 est,
614 1405 889 1476 ingratum
921 1404 1146 1475 praebet.

478 1536 617 1598 τΙΤ.
651 1537 743 1596 1X.
776 1570 847 1582 -
873 1538 946 1593 De
973 1555 1085 1610 rege
1133 1538 1319 1608 probo,
1369 1548 1419 1593 et
1471 1540 1562 1610 qui
1601 1539 1800 1593 malum
1853 1537 2046 1593 oderit.

550 1714 715 1772 Num.
746 1730 897 1782 xxiv,
934 1713 986 1769 7.
1009 1745 1078 1756 —
1105 1732 1125 1766 ι
1158 1713 1460 1785 Augcbitur
1504 1728 1731 1784 regnum
1774 1711 2049 1782 ejus;coo

476 1807 663 1864 medet
711 1816 903 1879 gentes
942 1806 1295 1861 inimicorum
1334 1819 1584 1870 suorum,
1618 1811 1672 1859 et
1716 1803 2048 1859 crassitudi-

476 1913 605 1954 nem
645 1914 833 1955 eorum
879 1898 944 1952 ad
985 1897 1281 1953 medullam
1317 1913 1490 1967 usque
1515 1906 1843 1965 consumet;
1877 1903 1930 1953 et
1964 1895 2051 1968 ja-

474 1991 621 2048 culis
653 1990 771 2048 suis
809 1999 1000 2062 gentes
1030 2005 1203 2046 cornu
1234 1998 1402 2062 petet.
1428 2009 1451 2042 ι

547 2083 709 2139 Deut.
739 2099 934 2147 xxxttt,
969 2083 1056 2149 l7,
1090 2083 1179 2138 59.
1211 2113 1281 2125 -ο
1314 2100 1334 2135 ι
1365 2080 1586 2137 Cornua
1612 2082 1897 2139 utticornis
1930 2097 2050 2139 cor-

476 2192 586 2233 nua
619 2176 742 2247 ejus
772 2195 786 2233 :
824 2176 880 2231 in
926 2175 1062 2245 ipsis
1092 2183 1283 2248 gentes
1318 2190 1489 2230 cornu
1521 2183 1688 2245 petet.
1715 2173 2050 2236 Mentientur

476 2270 579 2326 tibi
629 2270 838 2325 inimici
895 2269 1017 2336 tui;
1074 2277 1130 2325 et
1182 2274 1239 2323 tu
1298 2281 1469 2338 super
1530 2269 1803 2325 cervicem
1851 2280 2048 2324 eorum

475 2363 763 2420 ascendes.
800 2380 824 2416 ι

554 2455 617 2513 II
654 2455 779 2528 Reg.
808 2471 926 2521 vm,
948 2455 1040 2513 ‘25.
1075 2483 1147 2498 -
1173 2472 1192 2507 ι
1227 2453 1605 2521 δοινυηῌερὶι
1641 2454 1905 2511 Dominus
1940 2453 2048 2510 Da-

475 2552 567 2609 vid
607 2552 660 2607 in
693 2551 972 2618 omnibus,
1016 2550 1071 2605 in
1107 2549 1311 2621 quibus
1358 2548 1684 2616 ambulavit,
1718 2547 1930 2605 faciens
1953 2547 2048 2619 juo

477 2647 684 2702 dicium
715 2653 769 2700 et
793 2644 1090 2716 justitiam.
1124 2662 1144 2696 ι

548 2734 614 2791 Il
650 2734 780 2805 Reg.
809 2751 922 2800 xu,
955 2734 1044 2800 10,
1085 2731 1288 2799 11,12.
1314 2763 1384 2777 --
1414 2751 1435 2785 ι
1472 2732 1621 2788 Dixit
1656 2731 1827 2788 David
1859 2752 1872 2787 :
1913 2732 2048 2791 Sine

474 2845 602 2887 cum
631 2827 1003 2884 maledicere:
1043 2824 1186 2882 Deus
1215 2825 1362 2883 enim
1396 2826 1659 2897 praecepit
1690 2826 1763 2881 ei.
1809 2824 1865 2880 Si
1904 2825 2045 2883 forte

476 2922 741 2994 respiciat
777 2919 923 2975 Deus
952 2919 1307 2975 alliictionem
1350 2934 1552 2986 meam,
1585 2928 1637 2975 et
1672 2917 1865 2974 reddat
1909 2919 2042 2975 milii

475 3015 618 3071 bona
646 3027 743 3083 pro
774 3011 1162 3067 maledictione
1193 3011 1317 3066 hac.
1352 3029 1374 3064 ›

543 3102 610 3159 II
647 3101 768 3175 Reg.
807 3118 919 3167 xix,
962 3101 1151 3159 19-25.
1176 3130 1245 3144 —
1275 3120 1295 3153 ι
1330 3099 1397 3156 Et
1428 3099 1609 3157 Semei
1646 3101 1846 3158 cecidit
1877 3120 2047 3175 super

2160 945 2369 1011 οὐσίαν,
2397 943 2611 1015 ἐκείνην
2643 946 2705 999 οὐ
2735 944 3082 1018 παρασλάψει
3113 945 3265 1009 ποτὲ,
3302 942 3481 1014 πολλῷ
3512 944 3735 1015 μείζονα

2160 1033 2328 1093 οὖσαν
2366 1037 2461 1092 καὶ
2508 1036 2846 1110 ὑψηλοτέραν
2866 1050 2881 1067 ⁸
2917 1038 3060 1093 κατὰ
3086 1037 3146 1093 δὲ
3177 1037 3275 1110 τῆς
3321 1037 3519 1093 ἑαυτοῦ
3556 1036 3736 1110 ψυχῆς

2158 1129 2221 1183 τὸ
2257 1129 2409 1201 ξίφος
2433 1129 2623 1202 ἀκονᾷ,
2647 1128 2917 1203 ἀγνώμων
2948 1130 3077 1204 περὶ
3119 1129 3211 1185 τὸν
3242 1130 3540 1205 εὐεργέτην
3578 1131 3733 1199 γενό-

2162 1238 2340 1293 μενος.

2155 1528 2341 1584 ΤΙΤΔ.
2373 1526 2453 1582 Θ’.
2483 1557 2552 1571 --
2581 1526 2721 1598 Περὶ
2748 1527 3058 1670 ,βαῖνιῇακ
3101 1526 3373 1598 χρηστοῦ
3422 1527 3520 1581 καί
3554 1542 3732 1598 μισο-

2792 1613 2837 1653 π
2987 1616 3081 1654 ου.

2792 1613 3081 1654 πονηοου.

2230 1731 2251 1765 e
2284 1710 2663 1785 Αὐξηθήσεται
2722 1713 2756 1786 ὴ
2818 1712 3062 1786 βασιλεία
3116 1711 3305 1779 αὐτοῦ,
3362 1711 3538 1768 ἔδεται
3595 1710 3725 1783 ἔθνη

2131 1803 2366 1878 ’ἐχθρῶν
2407 1804 2596 1871 αὐτοῦ,
2643 1806 2737 1859 καὶ
2780 1806 2850 1860 τὰ
2878 1805 3025 1877 πάχη
3065 1803 3247 1858 αὐτῶν
3275 1804 3555 1876 ὲκμυελιεϊ
3578 1843 3593 1870 ,
3629 1804 3727 1857 καὶ

2150 1897 2274 1960 ταῖς
2304 1896 2509 1972 βολίσιν
2531 1898 2694 1952 αὐτοῦ
2724 1900 2782 1952 ὲν
2812 1898 2994 1962 αὐτοῖς
3020 1897 3146 1969 ἔθνη
3174 1899 3437 1970 κερατιεῖ.
3468 1915 3487 1947 ι

2227 2094 2248 2131 ι
2280 2076 2504 2150 Κέρατα
2538 2078 2911 2150 μονοκέρωτος
2938 2077 3006 2134 τὰ
3037 2078 3248 2151 κέρατα
3290 2076 3490 2134 αὐτοῦ’
3528 2080 3588 2132 tv
3624 2078 3724 2132 αίθ⁴

2150 2170 2262 2230 τοῖς
2294 2166 2420 2239 ἔθνη
2457 2171 2716 2240 κερατιεῖ.
2742 2169 3046 2223 Ψεύσονταί
3078 2185 3138 2222 σε
3175 2169 3224 2223 oi
3267 2167 3453 2240 ἐχθροί
3477 2184 3593 2231 σου,
3627 2168 3722 2223 καὶ

2153 2262 2217 2316 σὺ
2250 2262 2342 2316 ἐπὶ
2371 2263 2639 2334 τραχήλου
2672 2261 2848 2317 αὐτῶν
2877 2263 3133 2336 ἐπιϐήσῃ.
3175 2280 3194 2314 ι

2226 2466 2245 2499 ι
2278 2447 2523 2505 Ἔσωσεν
2559 2449 2587 2500 ὁ
2615 2445 2749 2511 Θεὸς.
2770 2445 2863 2501 τὸν
2889 2445 3054 2501 Δασιδ
3084 2449 3142 2501 ὲν
3185 2448 3350 2502 πᾶσιν
3380 2442 3460 2509 οἷς
3488 2443 3715 2517 ὲπορεῦο

2150 2539 2239 2613 θη,
2270 2542 2363 2595 καὶ
2387 2537 2455 2613 ἦν
2478 2540 2640 2595 Δασὶδ
2684 2540 2852 2595 ποιῶν
2877 2544 3052 2614 κρῖμα
3086 2541 3181 2595 καὶ
3209 2540 3582 2612 δικαιοσύνην.
3618 2557 3640 2593 ι

2226 2742 2244 2776 ι
2282 2716 2417 2777 Eine
2450 2719 2613 2774 Δαόίδ
2638 2739 2653 2755 ·
2689 2722 2862 2789 ’Λφες
2891 2720 3051 2774 αὑτὸν
3070 2720 3435 2793 καταρᾶσθαι,
3457 2722 3541 2777 ὃτι
3564 2716 3713 2777 εἶπεν

2147 2815 2295 2888 αὐτῷ
2331 2815 2359 2867 6
2382 2814 2515 2879 Θεός
2537 2832 2549 2844 ·
2583 2815 2649 2868 Et
2674 2832 2786 2880 πως
2812 2814 2942 2868 εἴδοι
2964 2814 3165 2885 Κύριος
3200 2815 3293 2869 ἐπὶ
3320 2814 3421 2887 τὴν
3450 2816 3713 2871 tantvm-

2149 2908 2232 2961 σίν
2261 2924 2386 2979 μου,
2418 2909 2513 2961 καὶ
2537 2906 2858 2981 ἐπιστρέψει
2889 2924 2979 2980 μοι
2995 2908 3175 2977 ἀγαθὰ
3196 2907 3317 2962 ἀντὶ
3345 2909 3444 2982 τῆς
3470 2908 3713 2982 κατάρας

2144 3002 2366 3074 ταύτης.
2405 3020 2424 3053 ι
2687 3020 2690 3023 τ

2222 3115 2241 3148 ι
2279 3096 2389 3151 Καὶ
2422 3095 2620 3167 Σεμεεὶ
2650 3095 2846 3150 ἔπεσεν
2893 3094 2985 3149 ἐπὶ
3033 3096 3325 3167 πρόσωπον
3372 3094 3535 3149 αὐτοῦ
3573 3098 3715 3150 ἐναν-

473 3196 671 3253 faciem
708 3210 864 3253 suam
910 3210 1097 3251 coram
1128 3209 1255 3266 rege
1276 3235 1292 3259 ,
1340 3202 1397 3249 et
1436 3194 1575 3249 dixit
1610 3195 1676 3251 ad
1708 3212 1890 3267 regem
1921 3215 1935 3253 :
1966 3198 2042 3254 Ne

2146 3187 2256 3241 τίον
2290 3187 2383 3240 τοῦ
2418 3186 2699 3258 βασιλέως,
2734 3187 2830 3242 καὶ
2880 3182 2999 3240 εἷπε
3038 3186 3174 3259 πρὸς
3204 3188 3296 3241 τὸν
3324 3178 3582 3258 βασιλέα·
3626 3185 3715 3259 Μὴ

473 3295 690 3359 reputet
738 3287 998 3343 dominus
1044 3301 1197 3341 meus
1227 3284 1604 3356 iniquitatem,
1648 3285 1809 3358 395
1859 3302 2036 3359 neque

472 3380 787 3436 memineris
822 3378 1091 3443 omnium,
1127 3392 1469 3448 quaecunque
1497 3392 1632 3449 puer
1677 3390 1803 3435 tuus
1852 3382 2044 3452 inique

472 3473 583 3543 egit
615 3473 668 3528 in
709 3471 798 3528 die
827 3486 935 3543 qua
962 3484 1220 3541 egressus
1251 3477 1336 3526 est
1374 3469 1641 3527 Dominus
1668 3486 1826 3528 meus
1851 3488 1944 3529 rex
1974 3474 2044 3529 de

470 3565 816 3631 Jerusalem;
844 3563 973 3635 quia
1011 3560 1247 3634 cognovi
1298 3576 1493 3618 servus
1537 3570 1690 3631 tuus,
1724 3564 1873 3635 quod
1904 3581 2038 3637 pec-

473 3656 614 3712 cavi.
652 3654 717 3709 Et
741 3655 951 3727 juravit
984 3653 1034 3711 ei
1060 3669 1153 3710 rex
1181 3671 1196 3711 :
1228 3651 1349 3709 Non
1374 3654 1653 3712 morieris.
1698 3672 1717 3709 ι

541 3746 695 3803 Psal.
732 3762 822 3813 xx,
855 3746 906 3801 1.
932 3774 1003 3789 -
1035 3763 1055 3796 ι
1093 3743 1342 3810 Domine,
1388 3742 1444 3799 in
1474 3745 1677 3801 virtute
1717 3750 1809 3798 tua
1836 3742 2043 3800 laetabi-

470 3850 561 3895 tur
589 3856 703 3903 rex,
744 3857 762 3891 ι
794 3848 844 3894 ει
878 3854 995 3909 qua:
1017 3846 1331 3905 sequuntur.

543 3930 695 3988 Psal.
723 3948 814 3997 ιιι,
864 3931 917 3987 5.
945 3959 1017 3972 --
1062 3949 1083 3982 ι
1142 3928 1290 3986 Diem
1346 3943 1513 4002 super
1556 3927 1674 3986 dies
1716 3930 1858 4002 regis
1904 3930 2043 4003 adji-

470 4028 603 4089 cics,
637 4046 655 4079 ι
682 4035 732 4081 et
761 4040 875 4095 quia
904 4032 1209 4095 sequuntur.

541 4118 694 4174 Psal.
730 4132 881 4181 Lxxt,
910 4116 962 4171 l.
988 4143 1054 4156 --
1078 4134 1098 4167 ‹
1136 4114 1297 4181 Deus,
1327 4113 1591 4185 judicium
1616 4122 1763 4169 tuum
1801 4116 1916 4186 regi
1947 4114 2037 4184 da,

470 4223 532 4275 et
553 4212 843 4281 justitiam,
880 4228 899 4262 ι
930 4218 981 4264 et
1011 4225 1127 4280 qua:
1159 4216 1473 4276 sequuntur.

540 4305 689 4360 Psal.
745 4318 934 4369 xcvut,
985 4302 1038 4357 ὅ.
1064 4330 1137 4343 -
1180 4319 1199 4353 ι
1235 4301 1417 4355 llonor
1455 4300 1599 4372 regis
1645 4299 1918 4371 judicium
1951 4301 2035 4357 di-

472 4399 609 4469 ligit.
653 4416 671 4449 ι

539 4490 693 4545 Prov.
728 4505 841 4555 xm,
870 4487 925 4543 ι.
952 4518 1022 4529 -—
1049 4504 1067 4538 ι
1105 4485 1260 4542 Sicut
1294 4485 1544 4557 impetus
1607 4499 1783 4557 aquae,
1829 4488 1904 4542 ita
1935 4503 2037 4547 cor

470 4578 614 4650 regis
643 4580 694 4632 in
727 4592 892 4633 manu
924 4577 1040 4633 Dei.
1072 4594 1091 4628 ι

540 4694 696 4748 Prov.
727 4708 836 4757 xvt,
872 4692 1051 4747 10-13.
1076 4720 1145 4731 --
1173 4708 1196 4743 ι
1227 4689 1574 4747 Abominatio
1601 4689 1737 4761 regi,
1764 4690 1855 4763 qui
1890 4694 2033 4751 mala

468 4793 761 4860 perpetrat.
795 4783 933 4841 Cum
976 4783 1189 4854 juStitia
1238 4784 1383 4839 enim
1424 4793 1755 4855 praeparatur
1801 4786 2035 4843 thronus

380 4878 387 4883 “
468 4880 823 4951 principatus.
875 4876 1110 4946 Accepta
1162 4884 1294 4931 sunt
1339 4878 1456 4947 regi
1492 4878 1636 4932 labia
1665 4877 1857 4947 justa;
1900 4894 2033 4935 ser-

468 4989 656 5029 mones
698 4982 879 5028 autem
934 4979 1113 5027 rectos
1164 4972 1358 5041 diligit.
1400 4969 1733 5027 Vaticinium
1767 4973 1822 5027 in
1857 4973 2026 5032 labiis

468 5070 648 5140 regis:
687 5069 741 5122 in
775 5065 985 5137 judicio
1024 5071 1205 5121 autem
1246 5080 1354 5119 non
1402 5066 1675 5121 erraverit
1708 5082 1769 5123 os
1808 5067 1975 5125 illius.
2004 5090 2024 5123 ι

536 5183 697 5238 Prae.
748 5195 859 5246 xxv,
908 5178 1098 5234 28.-—
1126 5198 1146 5232 ι
1192 5177 1250 5234 ln
1298 5179 1467 5235 multo
1511 5180 1713 5251 populo
1743 5189 1825 5237 est
1856 5182 2026 5253 gloria

465 5277 652 5349 regis:
685 5276 738 5330 in
775 5273 997 5331 delectu
1042 5282 1223 5330 autem
1259 5273 1445 5345 populi
1478 5283 1560 5329 est
1586 5273 1847 5331 contritio
1876 5278 2031 5347 prin-

463 5370 667 5440 cipum.
702 5387 721 5422 ι

530 5462 691 5518 Prov.
746 5477 839 5529 xx,
896 5459 951 5516 8.
990 5479 1107 5513 -ι
1168 5460 1303 5516 Cum
1366 5477 1461 5518 rex
1503 5463 1690 5534 justus
1736 5462 1945 5522 sederit
1971 5481 2025 5521 tn

462 5556 679 5613 throno.
720 5570 828 5610 non
860 5555 1081 5612 resistet
1114 5555 1169 5609 in
1204 5555 1379 5611 oculis
1410 5555 1530 5626 ejus
1562 5555 1864 5627 quidquam
1898 5572 2022 5611 ma-

462 5651 594 5705 lum.
624 5648 1001 5705 Misericordia
1030 5657 1084 5705 et
1119 5649 1319 5705 veritas
1359 5649 1683 5705 custodiunt
1729 5664 1938 5723 regem,
1971 5662 2025 5709 et

460 5743 879 5800 circumdabunt
909 5742 965 5796 in
994 5740 1209 5811 justitia
1246 5742 1441 5799 solium
1484 5740 1623 5812 ejus.
1670 5760 1688 5795 ι

530 5835 686 5892 Prov.
743 5852 871 5903 xw,
902 5835 954 5892 5.
986 5864 1057 5877 -
1093 5854 1111 5888 ι
1147 5832 1347 5893 Occide
1390 5833 1589 5907 impios
1622 5850 1651 5891 a
1682 5832 1822 5893 facie
1851 5835 2020 5909 regis,

2145 3277 2441 3347 λογιζέσθω
2487 3278 2515 3330 6
2554 3277 2742 3349 κύριος
2789 3279 3038 3347 ἀνομίαν,
3100 3280 3192 3332 καὶ
3234 3279 3308 3349 μὴ
3352 3282 3595 3351 μνησθῇς
3616 3280 3715 3333 ὅσα

2146 3368 2403 3441 ἠδίκησεν
2457 3370 2485 3423 6
2532 3372 2661 3432 παῖς
2692 3386 2785 3422 σου
2816 3372 2874 3422 ὲν
2904 3372 2969 3441 τῇ
3016 3369 3201 3441 ἡμέρᾳ
3314 3370 3664 3443 ἐξεπορεύετο
3686 3372 3714 3424 6

2144 3460 2333 3533 κύριός
2374 3479 2476 3533 μου
2516 3464 2543 3516 6
2574 3461 2826 3534 βασιλεὺς
2850 3460 2909 3529 ἐξ
2949 3463 3326 3537 Ἰερουσαλὴμ,
3359 3463 3442 3519 ὅτι
3482 3464 3655 3533 ἔγνων
3684 3465 3713 3516 6

2143 3556 2326 3623 δοῦλός
2372 3574 2486 3624 σου,
2526 3559 2606 3613 ὅτι
2629 3560 2894 3631 ἥμαρτον.
2927 3561 3038 3614 Καὶ
3072 3557 3288 3631 ὤμοσεν
3318 3559 3466 3631 αὐτῷ
3492 3561 3522 3613 6
3554 3559 3711 3631 βασι-

2142 3648 2266 3716 λεύς
2286 3665 2300 3681 ·
2333 3651 2408 3705 Οὐ
2435 3651 2509 3723 μὴ
2542 3652 2839 3724 ἀποθάνῃς.
2866 3672 2885 3705 ι

2219 3764 2239 3798 ‹
2280 3745 2471 3818 Κύριε,
2493 3746 2549 3798 ὲν
2575 3748 2641 3817 τῇ
2666 3746 2892 3819 δυνάμει
2923 3763 3015 3801 σου
3037 3746 3473 3819 εὐφρανθήσεται
3498 3747 3529 3801 ὁ
3552 3747 3708 3819 βασι-

2141 3836 2289 3905 λεὺς,
2330 3855 2350 3889 ι
2393 3839 2485 3893 καὶ
2512 3838 2582 3893 τὰ
2602 3837 2785 3894 λοιπά.

2219 3951 2240 3986 ι
2284 3931 2527 4004 Ἦμέραν
2555 3933 2640 4003 ἐφ’
2664 3932 2875 4005 ἡμέρας
2901 3933 2996 3989 τοῦ
3030 3933 3293 4007 βασιλέως
3334 3933 3642 4008 προσθήσῃ,
3680 3953 3701 3987 ι

2141 4025 2321 4079 καὶτὰ
2348 4025 2528 4079 λοιπά.

2215 4140 2234 4173 ι
2285 4121 2344 4175 'O
2376 4122 2528 4188 Θεὸς,
2549 4121 2606 4175 τὸ
2638 4122 2813 4194 κρῖμά
2842 4138 2933 4175 σου
2963 4121 3040 4193 τῷ
3066 4121 3275 4194 βασιλεί
3297 4123 3405 4193 δὸς,
3428 4125 3515 4179 καὶ
3534 4124 3652 4197 τὴν,
3679 4143 3697 4176 ι

2141 4214 2236 4268 καὶ
2259 4212 2327 4268 τὸ.
2356 4214 2539 4269 λοιπά.

2215 4325 2234 4359 ι
2269 4308 2413 4379 Τιμὴ
2444 4306 2708 4379 βασιλέως
2733 4310 2913 4380 κρίσιν
2939 4310 3148 4383 ἀγαπᾷ.
3186 4330 3208 4365 ι

2211 4497 2231 4532 ι
2264 4479 2474 4553 ’Ὠσπερ
2503 4481 2647 4554 ὁρμὴ
2673 4482 2881 4550 ὓδατος,
2904 4482 3075 4551 οὕτως
3105 4484 3299 4558 καρδία
3321 4485 3411 4540 τοῦ
3435 4484 3701 4557 βασιλέως

2062 4561 2107 4616 Ι)
2135 4570 2193 4624 ὲν
2224 4572 2366 4645 χειρὶ
2389 4573 2544 4627 Θεοῦ.
2584 4593 2602 4626 ι

2212 4704 2231 4739 ι
2266 4685 2551 4759 Βδέλυγμα
2581 4687 2809 4759 βασιλεῖ,
2837 4690 2867 4743 6
2904 4689 3075 4743 ποιῶν
3101 4689 3266 4747 κακά.
3297 4691 3453 4746 Μετά
3482 4694 3591 4767 γὰρ
3619 4695 3699 4749 διο

2132 4778 2428 4850 καιοσὺνης
2459 4781 2806 4854 ἑτοιμάζεται
2829 4781 3016 4853 θρόνος
3048 4783 3243 4856 ἀρχῆς.
3285 4785 3462 4841 Δεκτὰ
3487 4787 3700 4859 βασιλεῖ

2132 4872 2286 4946 χείλη
2317 4872 2519 4938 δίκαια,
2548 4873 2736 4943 λόγους
2765 4876 2821 4930 δὲ
2858 4877 3052 4949 ὀρθοὺς
3079 4877 3288 4949 ἀγαπᾷ.
3323 4878 3594 4935 Μαντεῐον
3641 4884 3698 4935 ἐν

2130 4966 2335 5040 χείλεσι
2367 4965 2649 5037 βασιλέως,
2669 4969 2727 5024 ἐν
2751 4968 2809 5024 δὲ
2835 4970 3011 5044 κρίσει
3032 4971 3092 5025 οὐ
3110 4969 3190 5041 μὴ
3216 4970 3463 5045 πλανηθῇ
3494 4973 3556 5027 τδ
3584 4975 3697 5028 στό-

2134 5080 2211 5133 μα
2242 5062 2425 5118 αὑτοῦ.
2470 5080 2490 5115 ι

2208 5200 2226 5234 t
2274 5179 2362 5234 ’Ev
2391 5178 2568 5251 πολλῷ
2594 5178 2737 5234 ἔθνει
2767 5179 2892 5247 δόξα
2943 5179 3224 5252 βασιλέως,
3263 5181 3322 5237 ἐν
3372 5181 3429 5236 δὲ
3460 5182 3693 5254 ἐκλείψει

2130 5275 2258 5331 λαοῦ
2295 5277 2549 5350 συντριϐῇ
2570 5277 2859 5333 δυναστῶν.
2896 5297 2916 5330 ι

2204 5476 2223 5509 ι
2255 5457 2421 5512 Ὅταν
2454 5456 2707 5527 βασιλεὺς
2742 5456 2947 5523 δίκαιος
2987 5456 3188 5530 καθίσῃ
3231 5458 3324 5513 ἐπὶ
3349 5457 3566 5531 θρόνου,
3598 5461 3692 5514 οὐκ

2124 5550 2461 5604 ἐναντιοῦται
2497 5550 2553 5603 ὲν
2576 5548 2870 5621 ὀφθαλμοῖς
2892 5550 3053 5604 αὑτοῦ
3079 5549 3231 5604 οὐδὲν
3251 5549 3689 5623 πονηρόν.Ἔλεη-

2129 5643 2334 5716 μοσὺνη
2360 5644 2451 5698 καὶ
2475 5644 2704 5716 ἀλήθεια
2729 5643 2943 5716 φυλακὴ
2972 5643 3204 5715 βασιλεῖ,
3232 5644 3328 5699 καὶ
3357 5643 3690 5719 περικυκλώ-

2127 5755 2309 5793 σουσιν
2338 5741 2393 5792 ὲν
2412 5736 2728 5813 δικαιοσύνῃ
2760 5736 2853 5792 τδν
2884 5738 3071 5811 θρόνον
3108 5735 3295 5794 αὑτοῦ.
3334 5754 3355 5790 ι

2201 5853 2218 5887 ι
2257 5835 2449 5890 Κτετνε
2508 5832 2726 5899 ἀσεϐεῖς
2754 5834 2861 5891 ἁπδ
2918 5832 3212 5906 προσώπου
3263 5830 3555 5909 βασιλέως,
3605 5830 3687 5887 καὶ
