4010 6302
485 353 623 424 1295

1637 359 1701 423 S.
1738 356 2058 424 IOANNIS
2094 359 2524 426 DAMASCENI

3605 355 3745 426 1296

481 491 590 532 non
624 473 929 534 secundum
967 477 1299 531 eharitatem
1332 474 1608 530 ambulas.
1639 474 1762 530 Noli
1798 475 1926 530 cibo
1953 481 2049 529 tuo

2179 492 2240 530 ον
2267 477 2503 534 ἀπόλλυε
2523 476 2663 550 ὑπὲρ
2695 469 2758 532 οὗ
2792 475 3027 549 Κριστδς
3045 473 3338 531 ἀπέθανεν.
3380 471 3436 525 '0
3462 470 3743 538 διακρινό-

479 569 634 624 illum
664 569 917 642 perdere,
961 582 1063 641 pro
1098 583 1211 641 quo
1249 568 1509 626 Christus
1551 577 1801 625 mortuus
1840 576 1945 623 est.
1991 567 2052 622 Si

477 662 607 733 quis
632 661 926 728 discernit,
960 660 1009 718 si
1053 661 1494 725 manducaverit,
1527 660 1822 715 damnatus
1845 668 1955 715 est.
1990 677 2011 712 ι

552 751 664 808 Tit.
709 767 750 820 l,
802 752 892 809 i5.
937 781 1012 793 --
1044 750 1284 809 «Omnia
1334 752 1532 808 munda
1573 751 1796 808 mundis
1834 764 1855 805 :
1894 748 2052 806 coin-

471 845 729 917 quinatis
771 854 955 901 autem
995 853 1052 903 et
1088 844 1404 901 inﬁdelibus
1444 841 1582 899 nihil
1617 851 1704 900 est
1743 841 2051 907 mundum;

473 941 568 996 sed
615 937 915 1009 inquinatas
953 948 1085 996 sunt
1123 954 1342 1006 eorum,
1371 945 1428 994 et
1458 953 1636 1002 mens,
1672 945 1729 994 et
1761 932 2055 992 conscien-

475 1047 572 1090 tia.
625 1051 644 1085 ι

1042 1123 1360 1181 IJTTERA
1417 1125 1489 1180 Γ.

483 1219 616 1275 Tl'l‘.
655 1219 695 1275 Ι.
724 1251 793 1262 -
825 1219 896 1276 De
935 1220 1194 1291 gnosticis
1220 1218 1380 1284 veris,
1413 1226 1462 1273 et
1493 1215 1866 1285 spiritualibus
1891 1215 2053 1270 uiris:

681 1302 727 1347 el
761 1300 887 1361 quot
919 1298 1225 1361 quantaque
1254 1291 1392 1343 bona
1420 1304 1508 1343 eos
1535 1297 1842 1358 sequentur.

548 1385 708 1440 Prov.
750 1400 804 1447 χ,
839 1385 933 1440 2i.
970 1411 1037 1422 -—
1090 1399 1110 1439 ι
1157 1380 1326 1438 Labia
1363 1380 1644 1454 justorum
1694 1387 1904 1435 norunt
1955 1393 2054 1436 suo

483 1477 696 1532 ltlitnia.
736 1495 758 1529 ι

556 1569 584 1625 1
627 1568 755 1627 Cor.
801 1584 863 1635 ll.
917 1569 1008 1626 15.
1038 1598 1109 1612 --
1138 1585 1158 1621 ι
1191 1565 1512 1639 Spirituaiis
1545 1565 1762 1638 judieat
1811 1563 2001 1620 omnia
2033 1579 2052 1619 :

485 1665 602 1735 ipse
626 1672 808 1718 autem
841 1676 872 1716 a
897 1662 1113 1718 nemine
1127 1661 1430 1733 iudicatur.
1472 1677 1492 1712 ι

554 1756 735 1813 Galat.
765 1774 822 1825 ν,
853 1756 943 1823 16,
969 1756 1061 1813 22.
1083 1784 1154 1796 —-
1180 1774 1200 1808 ι
1238 1753 1450 1826 Spiritu
1493 1752 1789 1821 ambulate,
1824 1762 1879 1809 et
1910 1752 2057 1809 desi-

2155 591 2315 647 μενος
2339 575 2438 627 ἐὰν
2462 573 2634 646 φάγῃ,
2665 571 3086 644 κατακέκριται.
3122 588 3140 624 ι

2227 772 2250 806 ε
2291 753 2476 810 Πάντα
2503 750 2727 824 καθαρά
2747 752 2862 815 τοῖς
2894 748 3178 822 καθαροῖς,
3202 749 3314 812 τοῖς
3333 747 3391 800 δὲ
3424 743 3739 817 μεμιασμί-

2152 863 2266 912 νοις
2293 846 2392 900 καὶ
2455 844 2710 908 ἀπίστοις
2755 843 2908 898 οὐδὲν
2937 842 3217 915 καθαρὸνο
3261 839 3402 897 ἀλλά
3439 840 3740 912 μεμίανται

2153 936 2336 993 αὐτῶν
2360 936 2456 993 καὶ
2479 939 2510 992 ὀ
2537 935 2683 1004 νοῦς,
2720 939 2814 991 καὶ
2843 936 2879 1006 ἠ
2907 934 3236 1005 συνείδησις.
3274 952 3296 985 z

2681 1112 3084 1169 ΣΤΟΙΧΕΙΟΝ
3114 1111 3187 1167 Γ.

2155 1208 2338 1263 ΤΙΤΛ.
2378 1205 2546 1264 Α’.-
2578 1204 2719 1273 Περὶ
2756 1201 3141 1273 γνωστικῶη
3167 1200 3265 1256 καὶ
3319 1195 3741 1273 πνευματικῶν

2294 1276 2562 1346 ἀνδρῶν’
2595 1269 2692 1330 καὶ
2717 1269 2833 1331 ὄὸνα
2870 1275 3062 1344 ἀγαθὰ
3112 1272 3320 1340 ἕψεται
3347 1269 3573 1333 αὐτοῖς.

2230 1388 2250 1422 ε
2293 1368 2462 1438 Χείλη
2493 1365 2718 1420 δικαίων
2747 1364 3040 1418 ἐπίσταται
3066 1360 3265 1432 ὑψηλά.
3294 1378 3312 1411 z

2231 1567 2250 1602 ι
2291 1549 2349 1605 '0
2371 1547 2742 1619 πνευματικὸς
2773 1545 3062 1618 ἅνθρωπος
3105 1541 3386 1615 ἀνακρίνει
3417 1541 3486 1594 τὰ
3521 1540 3735 1593 πάντ-α’

2155 1638 2318 1704 αὐτὸς
2347 1639 2402 1694 δὲ
2437 1638 2528 1692 ὑπ’
2555 1637 2767 1701 οὐδενὸς
2787 1636 3161 1709 ἀνακρίνεται.
3207 1652 3230 1687 ι

2231 1749 2251 1784 ι
2294 1729 2454 1800 Λέγω
2486 1728 2648 1799 ὑμῖν·
2689 1725 2961 1798 πνεύματι
3009 1727 3385 1797 περιπατεῖτε,
3414 1723 3512 1778 καὶ
3540 1722 3734 1776 ἐπιθυ·

479 1851 634 1908 deria
661 1851 941 1907 carnisne
975 1846 1298 1920 perliciatis.
1345 1847 1493 1902 Caro
1529 1844 1678 1900 enim
1713 1846 2060 1916 concupiscit

2179 1824 2294 1879 tiav
2351 1821 2553 1894 σαρκὸς
2608 1820 2685 1893 μὴ
2737 1819 3013 1891 τελέσητε.
3055 1818 3120 1872 Ἥ
3161 1820 3269 1890 γὰρ
3297 1817 3434 1886 σὰρξ
3473 1816 3738 1884 ἐπιθυμεῖ

482 1948 752 2003 adversus
777 1947 1058 2018 spiritum,
1093 1953 1149 2002 et
1184 1941 1416 2015 spiritus
1457 1942 1731 2000 adversus
1773 1958 1998 1999 carnem
2041 1960 2057 1998 :

485 2040 602 2096 haec
651 2045 834 2094 autem
879 2034 986 2093 sibi
1013 2035 1152 2107 ipsis
1178 2033 1566 2091 adversantur.
1605 2031 1844 2090 Fructus
1877 2042 2058 2089 autem

485 2133 718 2205 spiritus
737 2140 842 2196 est,
874 2129 1147 2196 eharitas,
1177 2126 1459 2200 gaudium,
1487 2142 1618 2201 pax,
1648 2126 2057 2199 longanimitas,

488 2226 820 2298 benignitas,
875 2223 1036 2288 ﬁdes,
1078 2222 1303 2290 lenitas,
1355 2220 1726 2279 continentia.
1780 2220 2060 2278 Adversus

485 2319 762 2389 eiusmodi
793 2332 901 2374 non
929 2326 1017 2374 est
1045 2317 1150 2373 lex.
1190 2334 1210 2370 ι

560 2411 619 2468 ll
657 2410 812 2467 Patr.
847 2425 887 2476 ι,
916 2409 1060 2466 9.-
1093 2428 1113 2463 ι
1150 2409 1252 2466 Cui
1297 2421 1412 2464 non
1449 2415 1656 2481 praesto
1675 2417 1759 2465 est
1798 2409 2060 2477 scientia,

487 2521 666 2562 caecus
718 2511 826 2570 est,
885 2518 1051 2559 manu
1098 2509 1341 2569 tentans,
1398 2501 1681 2573 accipiens
1725 2502 2058 2560 oblivionem

490 2597 834 2675 purgationis
862 2607 1232 2667 peccatorum.
1273 2613 1296 2651 z

559 2692 589 2747 1
627 2691 753 2749 Cor.
782 2707 901 2758 vm,
933 2691 986 2746 ι.
1016 2717 1088 2731 -
1131 2706 1152 2743 ι
1193 2687 1436 2744 Scientia
1470 2686 1645 2745 inﬂat.
1689 2709 1709 2743 ι

557 2782 725 2840 Joan.
760 2798 844 2849 tu,
872 2783 928 2848 ϐ,
964 2782 1112 2842 8.-
1140 2799 1160 2836 ι
1198 2779 1357 2850 Quod
1401 2787 1593 2838 natum
1639 2789 1726 2841 est
1764 2798 1830 2839 es
1871 2797 2061 2848 carne,

489 2894 623 2933 caro
643 2885 834 2934 est:et
856 2876 1004 2949 quod
1033 2883 1218 2931 natum
1245 2883 1420 2932 estex
1445 2877 1668 2947 spiritu,
1696 2877 1926 2948 spiritus
1955 2887 2059 2932 est.

492 2969 736 3040 Spiritus
775 2968 870 3024 ubi
919 2967 1037 3024 vult
1078 2967 1270 3039 spirat,
1313 2973 1370 3024 et
1409 2982 1596 3025 vocem
1635 2969 1756 3040 eius
1797 2969 1978 3036 audis,
2010 2980 2065 3025 ct

493 3060 679 3116 nescis
715 3059 859 3115 unde
886 3058 1095 3124 veniat,
1128 3064 1226 3114 aut
1266 3072 1380 3131 quo
1405 3057 1594 3116 vadat.
1628 3057 1722 3116 Sic
1761 3069 1842 3117 est
1881 3061 2062 3115 omnis

490 3148 585 3218 qui
623 3163 786 3206 natus
814 3156 901 3204 est
931 3162 998 3204 ex
1030 3147 1250 3220 spiritu.
1289 3166 1315 3202 ι

566 3241 708 3297 Ναι.
746 3251 885 3296 orat.
915 3240 971 3294 in
997 3236 1161 3312 (ἔργα.
1188 3254 1303 3294 sor.
1337 3266 1409 3281 —-
1445 3238 1764 3309 ingenuitas
1802 3246 1888 3295 est
1927 3239 2066 3294 ima-

491 3332 636 3403 ginis
669 3331 872 3389 divine
912 3329 1294 3398 conservatio,
1346 3339 1515 3402 atque
1565 3345 1825 3401 expressa
1865 3331 2063 3388 arche-

495 3423 609 3497 typi
643 3421 974 3492 similitudo,
995 3437 1171 3495 quam
1187 3421 1330 3479 ratio
1354 3432 1411 3479 et
1439 3422 1609 3480 virtus
1654 3423 1804 3491 facit,
1839 3439 2066 3495 purum-

489 3530 601 3587 que
637 3513 998 3582 desiderium,
1034 3514 1211 3587 magis
1258 3523 1314 3572 et
1357 3515 1536 3587 magis
1561 3515 1862 3572 secundum
1893 3513 2064 3570 Deum

493 3607 739 3664 formans
784 3620 881 3664 eos
916 3605 1013 3678 qui
1061 3605 1228 3664 rebus
1277 3606 1537 3677 supernis
1587 3605 1805 3663 sincere
1861 3604 2064 3661 initiati

495 3708 626 3758 sunt
664 3722 677 3758 :
701 3699 834 3774 quin
858 3699 1026 3756 etiam
1046 3699 1390 3771 exploratum
1420 3699 1641 3767 habere,
1676 3699 1837 3764 unde.
1865 3709 1919 3757 et
1941 3699 2066 3769 qui-

494 3808 646 3860 nam,
671 3803 728 3849 et
759 3807 865 3864 qua
894 3791 963 3848 de
988 3807 1158 3848 causa
1188 3791 1334 3864 ,t’acti
1382 3792 1579 3848 simus.
1609 3824 1682 3838 -—
1706 3791 2068 3850 Praestantior

491 3889 578 3941 est
613 3881 869 3956 cognatio
893 3881 1228 3955 spiritualis,
1256 3898 1422 3954 quam
1455 3883 1782 3954 corporalis.

562 3973 881 4031 lsstini.—
908 3972 999 4031 Uti
1041 3974 1248 4031 bonum
1285 3975 1539 4046 corporis
1587 3984 1673 4031 est
1705 3974 1942 4040 sanitas,
1983 3975 2066 4032 sic

495 4067 694 4122 animae
726 4063 931 4121 bonum
961 4072 1047 4121 est
1077 4062 1174 4120 Dei
1203 4065 1471 4138 cognitio,
1496 4081 1617 4136 quae
1644 4065 1792 4122 velut
1815 4065 2064 4138 quaedam

497 4158 666 4213 animi
697 4158 908 4216 sanitas
930 4165 1034 4226 est,
1064 4172 1161 4229 per
1183 4172 1349 4230 quam
1381 4156 1566 4213 divina
1593 4156 1895 4216 similitudo
1911 4173 2066 4216 com-

497 4264 564 4324 pa
573 4262 748 4307 ratur.

567 4342 629 4401 S.
668 4343 954 4418 Chrysa“.
993 4375 1066 4389 -—
1108 4345 1463 4420 Spiritualem
1505 4347 1784 4405 hominem
1822 4365 1851 4403 a
1886 4348 2070 4420 pravi-

498 4445 610 4493 tate
630 4452 755 4496 esse
789 4438 1032 4496 alienum
1061 4449 1303 4513 oportet,
1350 4441 1773 4513 simplicemque
1799 4450 1855 4498 et
1873 4456 2068 4513 exper-

500 4538 607 4586 tem
637 4529 772 4586 doli.

570 4621 630 4678 S.
684 4622 946 4682 Clemens.
984 4654 1054 4666 --
1082 4625 1386 4685 Gnosticus
1421 4626 1644 4699 quidem
1681 4626 1910 4683 omnino
1959 4635 2070 4694 est,

500 4716 592 4785 qui
625 4727 995 4776 consentanea
1048 4719 1243 4776 virtuti
1281 4734 1450 4792 opera
1476 4727 1804 4793 perpetrat:
1834 4719 1929 4792 qui
1966 4735 2067 4777 au-

501 4817 608 4863 tem
635 4809 770 4864 nihil
806 4812 919 4882 agit
945 4813 1151 4884 operis,
1182 4812 1331 4870 haud
1357 4814 1543 4871 statim
1575 4813 1860 4887 gnostieus
1891 4825 1996 4872 est.

575 4898 766 4970 Ejusd.
797 4901 892 4958 lib.
925 4918 964 4960 ιι
997 4902 1263 4961 Stromat.
1299 4937 1370 4949 —
1399 4903 1588 4962 Trium
1631 4905 1859 4961 istarum
1889 4922 2071 4964 rerum

504 4992 865 5065 philosOphus
895 5006 1084 5055 noster
1109 4999 1396 5057 studiosus
1417 5009 1505 5056 est
1536 5019 1551 5055 :
1583 5002 1823 5071 primum
1847 5001 2069 5073 quidem

500 5086 1017 5157 contemplationis;
1065 5089 1265 5147 deinde
1301 5105 1432 5149 vero
1460 5092 1846 5149 mandatorum
1880 5094 2073 5152 obser-

502 5177 740 5234 vationis
767 5195 781 5244 ;
814 5181 976 5235 tertio
1005 5181 1244 5255 denique
1272 5185 1512 5241 virorum
1547 5187 1844 5258 proborum
1881 5187 2072 5245 erudi-

501 5272 670 5328 tionis
704 5293 716 5328 :
751 5290 873 5345 quce
902 5276 1122 5346 quidem
1153 5296 1278 5335 cum
1308 5278 1477 5352 399
1509 5279 1567 5337 in
1596 5297 1765 5337 unum
1795 5282 2075 5341 conﬂuxe-

502 5364 629 5428 rint,
652 5368 956 5436 gnosticum
983 5372 1228 5427 numeris
1262 5371 1520 5428 omnibus
1541 5373 1848 5431 absolvunt.
1879 5375 2071 5443 Quod-

501 5459 632 5513 libet
680 5467 865 5517 autem
917 5461 1110 5518 horum
1165 5465 1430 5530 defuerit,
1477 5467 1717 5536 cognitio
1773 5469 2072 5528 scientiave

499 5551 787 5608 claudicat.
823 5583 893 5596 -—
916 5556 1018 5624 Qui
1050 5559 1331 5628 gnosticus
1354 5568 1459 5626 est,
1484 5575 1514 5614 a
1546 5559 1788 5631 peccatis
1827 5563 2073 5621 abstine-

501 5645 600 5708 bit,
637 5655 749 5700 tum
783 5663 904 5718 quae
947 5664 1222 5719 sermone,
1259 5660 1375 5709 tum
1409 5667 1532 5724 qua:
1567 5655 1924 5726 cogitatione.
1958 5669 2071 5717 tum

2086 3178 2134 3240 Β

2097 4531 2145 4588 D

2161 1916 2304 1970 κατά
2336 1913 2430 1969 τοῦ
2458 1911 2870 1983 πνεύματος,τὸ
2899 1911 2956 1964 δὲ
2985 1909 3206 1980 πνεῦμα
3227 1909 3369 1964 κατά
3398 1908 3498 1979 τῆς
3512 1907 3738 1978 σαρκὸς·

2158 2005 2334 2062 ταῦτα
2361 2004 2418 2059 δὲ
2447 2002 2696 2075 ἀλλήλοις
2734 2003 3093 2056 ἀντίκεινται.
3118 2002 3177 2052 ’0
3211 2000 3420 2073 καρπὸς
3448 1999 3544 2054 τοῦ
3571 1998 3739 2050 πνεύ-

2163 2097 2333 2169 ματός
2363 2097 2531 2164 ἐστιν,
2589 2095 2802 2166 ἀγάπη,
2857 2095 3020 2169 χαρὰ,
3079 2094 3295 2167 εἰρήνη,
3350 2090 3736 2164 μακροθυμία,

2160 2190 2484 2261 χρηστότης,
2519 2187 2852 2260 ἀγαθοσύνη,
2874 2186 3079 2249 πίστις,
3109 2183 3376 2256 πραότης,
3399 2183 3698 2256 ιγκράτεια
3721 2199 3735 2211 ·

2162 2279 2306 2336 κατὰ
2320 2280 2427 2334 τῶν
2458 2277 2716 2333 τοιούτων
2745 2277 2847 2332 οὐκ
2879 2276 2994 2331 ἐστι
3024 2276 3211 2347 νόμος.
3251 2294 3270 2330 ι

2241 2391 2261 2426 ι
2296 2365 2366 2444 ᾯ
2385 2373 2460 2444 μὴ
2486 2370 2718 2444 πάρεστι
2742 2369 2964 2440 γνῶσις,
2989 2365 3192 2439 τυφλός
3217 2368 3360 2430 ἐστι,
3401 2364 3734 2437 μυωπάζων.

2162 2465 2330 2538 λήθην
2359 2464 2539 2518 λαϐὼν
2568 2461 2663 2518 τοῦ
2694 2460 3046 2536 καθαρισμοῦ
3066 2460 3175 2516 τῶν
3204 2458 3372 2516 πάλαι
3398 2457 3739 2532 ἁμαρτημά-

2161 2577 2291 2613 των.
2332 2578 2350 2610 ι

2238 2671 2257 2703 ι
2311 2651 2370 2703 'H
2405 2648 2605 2719 γνῶσις
2645 2651 2849 2720 φυσιοῖ.
2890 2666 2912 2702 ι

2240 2760 2258 2793 ι
2305 2741 2378 2794 Τὸ
2403 2740 2800 2811 γεγεννημένον
2823 2741 2887 2794 ὲκ
2917 2739 3015 2810 τῆς
3047 2739 3274 2809 σαρκὸς,
3301 2735 3441 2808 σάρξ
3468 2737 3586 2792 ἔστι
3614 2753 3629 2766 ·
3648 2736 3738 2789 καὶ

2163 2833 2225 2884 τὸ
2259 2831 2653 2902 γεγεννημένον
2707 2831 2774 2885 ἐκ
2827 2830 2923 2885 τοῦ
2953 2829 3298 2900 πνεύματος,
3337 2826 3562 2899 τινεῦμά
3603 2829 3736 2881 ἐστι.

2164 2926 2238 2980 Τὸ
2262 2925 2479 2996 πνεῦμα
2528 2926 2662 2979 ὅπου
2721 2922 2864 2977 θέλει
2921 2925 3063 2988 πνεῖ,
3097 2923 3193 2977 καὶ
3228 2920 3328 2990 τὴν
3360 2920 3549 2992 φωνὴν
3578 2920 3739 2973 αἱ.ςοῦ

2162 3019 2421 3082 ἀκούεις·
2479 3017 2594 3072 ἀλλ’
2660 3017 2760 3071 οὐκ
2817 3013 2963 3080 οἶδας
3013 3015 3179 3070 πόθεν
3251 3014 3491 3086 ἔρχεται,
3549 3014 3583 3084 ἦ
3635 3016 3738 3067 ποτ]

2167 3113 2390 3181 ὑπάγει.
2414 3111 2600 3177 Οὕτως
2633 3109 2754 3165 ἐστὶ
2786 3110 2934 3175 πᾶςό
2963 3107 3359 3180 γεγεννημένος
3376 3108 3443 3162 ὲκ
3467 3105 3562 3162 τοῦ
3582 3109 3742 3160 πνεύ-

2165 3221 2357 3276 ματος.
2399 3223 2418 3256 ι

2237 3295 2526 3364 Εὑγὲνεια,
2575 3295 2610 3365 ἡ
2661 3293 2760 3366 τῆς
2815 3294 3024 3358 εἰκόνος
3067 3294 3318 3366 τήρησις,
3362 3293 3459 3348 καὶ
3506 3289 3646 3364 προς
3688 3291 3742 3344 τὺ

2165 3387 2478 3461 ἀρχέτυπον
2496 3385 2836 3458 ἐξομοίωσις,
2856 3385 2923 3457 ἢν
2947 3385 3238 3457 meum.
3259 3383 3419 3454 λόγος
3437 3384 3533 3437 καὶ
3553 3382 3737 3454 ἀρετὴ,

2164 3479 2262 3534 ztai.
2284 3477 2523 3549 καθαρὸς
2560 3476 2745 3545 πόθος,
2776 3477 2864 3531 ἀεὶ
2895 3477 2992 3531 καὶ
3019 3475 3221 3548 μᾶλλον
3248 3475 3474 3549 μορφῶν
3505 3476 3576 3531 τά
3603 3477 3742 3529 κατὰ

2166 3571 2298 3626 Θεὸν
2325 3572 2452 3635 τοὺς
2489 3569 2747 3640 γνησίους
2776 3569 2889 3623 τῶν
2914 3571 3028 3626 ἀνω
3067 3569 3314 3642 μύστας·
3349 3569 3446 3623 καὶ
3488 3568 3554 3622 τὸ
3580 3567 3743 3636 γινώ-

2167 3680 2338 3730 σκειν,
2367 3662 2512 3729 ὅθεν,
2545 3667 2640 3719 καὶ
2668 3665 2830 3729 τίνες,
2854 3665 2949 3716 καὶ
2965 3662 3042 3725 είς
3062 3660 3431 3733 ὂγεγόναμεν.
3455 3684 3525 3703 σι-
3546 3661 3744 3731 lipsi:-

2165 3773 2275 3810 των
2309 3759 2342 3828 η
2367 3757 2719 3829 πνευματικὴ
2752 3754 3043 3824 συγγένεια
3067 3753 3170 3827 τῆς
3200 3752 3546 3824 σωματικῆς.

2249 4018 2336 4083 Ὠς
2393 4016 2450 4071 δὲ
2519 4017 2768 4089 σώματος
2827 4014 3038 4086 ἀγαθὸν
3093 4013 3298 4084 ὑγεία,
3336 4013 3513 4079 οὕτως
3567 4014 3748 4086 ψυχῆς

2166 4111 2394 4183 ἀγαθὸν,
2416 4110 2616 4179 γνῶσις
2639 4107 2801 4174 Θεοῦ,
2833 4107 2991 4178 ὑγεία
3008 4123 3093 4173 τις
3123 4106 3260 4161 οὖσα
3281 4108 3482 4178 ψυχῆς,
3523 4108 3649 4162 καθ’
3683 4113 3748 4180 ἢν

2166 4203 2302 4277 πρὸς
2331 4202 2464 4258 Θεὸν
2491 4202 2753 4274 ὁμοίωσις
2783 4201 3016 4273 γίνεται.

2238 4380 2344 4436 Τὸν
2364 4378 2735 4453 πνευματικὸν
2763 4375 3033 4450 ἀπόνηρον
3061 4370 3201 4433 εἶναι
3230 4377 3358 4450 χρὴ,
3385 4379 3484 4432 καὶ
3518 4376 3748 4436 ἁπλοῦν.

2170 4472 2267 4528 καὶ
2295 4472 2500 4528 ἄδολον.

2253 4651 2311 4705 '0
2366 4650 2465 4722 μὲν
2526 4648 2846 4720 γνωστικδς,
2905 4649 3122 4709 πάντως
3182 4645 3280 4700 καὶ
3327 4645 3466 4718 εργα
3510 4643 3753 4698 ἐπιτελεῖ

2171 4740 2488 4812 καθήκοντα
2508 4743 2580 4796 ’ὁ
2610 4741 2669 4796 δὲ
2705 4739 2776 4795 τά
2800 4740 2940 4814 ἔργα
2970 4739 3047 4811 μὴ
3100 4737 3386 4802 ἐπιτελῶν,
3423 4736 3486 4790 οὗ
3529 4736 3750 4799 πάντως

2173 4837 2270 4890 καὶ
2292 4835 2593 4905 γνωστικός
2615 4835 2752 4888 ἐστι.

2244 4927 2426 4998 Τριῶν
2451 4925 2657 4980 τούτων
2701 4923 2984 4996 ἀντέχεται
3014 4923 3045 4977 ὁ
3086 4919 3367 4994 ἡμεδαπὸς
3413 4918 3704 4989 φιλόσοφος
3739 4938 3748 4950 ’

2168 5017 2386 5091 πρῶτον
2421 5019 2521 5088 μὲν
2549 5019 2647 5090 τῆς
2686 5016 2941 5090 θεωρίας,
2993 5016 3185 5070 ἔπειτα
3210 5014 3268 5069 δι
3304 5013 3406 5084 τῆς
3455 5013 3570 5067 τῶν
3607 5014 3747 5065 ἐντο-

2167 5109 2277 5166 λῶν
2345 5109 2730 5176 ἑπιτελέσεως,
2788 5109 2996 5183 τρίτον,
3053 5105 3267 5178 ἀνδρῶν
3317 5102 3542 5174 ἀγαθῶν
3591 5121 3741 5158 κατα.

2170 5200 2408 5271 σκευῆς’
2437 5199 2473 5255 ἃ.
2509 5199 2575 5272 δὴ
2607 5198 2957 5264 συνελθόντα,
2990 5197 3086 5252 τὸν
3126 5194 3432 5266 γνωστικδν
3469 5193 3744 5249 ἀποτελεῖ.

2171 5294 2241 5349 '0
2266 5310 2320 5347 τι
2349 5291 2394 5348 δ’
2426 5293 2496 5350 ἂν
2521 5291 2678 5364 ἐνδέῃ
2707 5290 2937 5355 τούτων,
2965 5290 3194 5363 χωλεύει
3237 5289 3304 5343 τὰ
3337 5287 3437 5360 τῆς
3477 5286 3745 5357 γνώσεως.

2187 5385 2248 5440 '0
2280 5384 2581 5458 γνωστικδς
2621 5383 2882 5456 ἀφέξεται
2937 5382 3045 5439 τῶν
3103 5383 3243 5437 κατά
3283 5380 3464 5451 λόγον,
3504 5381 3602 5436 καὶ
3645 5378 3746 5430 τῶν

2176 5481 2321 5537 κατά
2346 5481 2607 5545 διάνοιαν,
2639 5480 2736 5535 καὶ
2761 5480 2872 5535 τῶν
2901 5477 3022 5534 κατ’
3043 5477 3296 5547 αῐσθησιν
3343 5476 3437 5531 καὶ
3473 5476 3746 5545 ἐνέργειαν

2178 5574 2616 5647 ἁμαρτημάτων.
2641 5601 2708 5615 --
2735 5571 2872 5626 Θεοῦ
2921 5571 3123 5642 γνῶσιν
3151 5569 3335 5625 λαϐεῖν
3364 5571 3482 5632 τοῖς
3534 5567 3617 5621 ἔτι
3650 5564 3744 5619 ὑπὸ

2177 5665 2289 5720 τῶν
2319 5665 2507 5721 παθῶν
2539 5665 2911 5737 ἀπαγομένοις
2937 5664 3222 5720 ἀδύνατον.

499 5752 620 5832 qua:
657 5755 818 5798 sensu
854 5754 908 5801 ει
943 5759 1108 5816 opere
1133 5756 1547 5818 perpetrantur.
1588 5777 1652 5790 --
1687 5749 1782 5808 Dei
1821 5754 2189 5825 cognitionem
2234 5759 2270 5814 ii
2303 5772 2498 5832 capere
2557 5767 2855 5832 nequeunt,
2879 5758 2970 5831 qui
3005 5771 3037 5814 a
3067 5755 3301 5815 turbidis
3325 5751 3527 5832 ,ιιιίωί
3595 5746 3741 5807 moti-

502 5829 608 5888 bus
634 5835 1000 5894 abducuntur.
