4010 6302
356 384 490 454 1297

1563 377 1802 442 SACRA
1838 375 2037 440 PARA
2045 373 2306 437 LLELA.

3493 355 3630 424 1296

427 495 807 569 Πνευματικδν
860 493 954 550 καὶ
1011 490 1346 565 γνωστικὸν,
1402 490 1496 545 τδν
1543 484 1710 545 αὐτὸν
1737 481 1882 575 οἶδεν
1917 511 1920 529 ι

2129 480 2274 540 Ibid.
2311 481 2405 537 tib.
2441 495 2496 536 τ.
2526 508 2594 522 -—
2630 475 2979 550 Spirimalem
3020 481 3074 531 et
3101 471 3411 540 gnosticum
3474 485 3619 540 euin-

363 589 726 657 Ἀπόστολος,
749 587 842 643 τδν
887 584 985 641 τοῦ
1008 584 1168 655 ἀγίου
1219 581 1539 655 Πνεΰματος
1584 583 1851 654 μαθητήν.
1872 607 1945 624 —-

364 685 422 740 '0
457 681 763 754 γνωστικδς
812 678 1004 735 θεόθεν
1047 675 1232 733 λαϐὼν
1283 676 1346 732 τὺ
1373 674 1640 731 δύνασθαι
1679 673 1941 746 ὠφελεῖν,

349 778 616 849 ὀνίνησιν,
636 776 768 841 τοὺς
805 774 907 848 μὶν
935 774 1005 846 τῇ
1039 770 1516 844 παρακολουθήσει
1558 768 1939 841 σχηματίζων,

348 868 480 933 τοὺς
506 867 564 922 δὲ
589 870 657 941 τῇ
691 864 1016 938 ἐξομοιώσει
1065 865 1538 937 προτρεπόμενος,
1586 863 1714 928 τοὺς
1750 860 1809 917 δὲ
1843 861 1940 916 καὶ

347 964 415 1032 τῇ
450 959 748 1034 προστάξαι
777 957 1054 1016 παιδεύων
1082 958 1179 1014 καὶ
1202 955 1494 1013 διδάσκων.

418 1136 532 1190 Καί
571 1152 664 1208 μοι
715 1136 1115 1208 καταφαίνεται
1147 1133 1277 1208 τρία
1306 1128 1447 1187 εῖναι
1485 1130 1588 1206 τῆς
1625 1127 1940 1202 γνωστικῆς

342 1228 633 1302 δυνάμεως
653 1227 1075 1299 ἀποτελέσματα
1090 1241 1104 1256 ”
1125 1226 1186 1280 τὸ
1205 1225 1496 1296 γινώσκειν
1517 1225 1586 1280 τὰ
1608 1225 1932 1297 πράγματα·

344 1319 621 1392 δεύτερον,
669 1320 731 1373 τὸ
761 1319 1070 1374 ὲπιτελεῖνο
1106 1318 1314 1391 τρίτον,
1354 1319 1417 1372 τὸ
1456 1318 1811 1390 παραδιδόναι
1844 1317 1936 1370 δύ-

344 1412 540 1467 νασθαι
567 1412 890 1485 θεοπρεπῶς
923 1411 995 1467 τὰ
1023 1411 1180 1482 παρά
1206 1413 1276 1484 τῇ
1296 1409 1530 1482 ἀληθείᾳ
1549 1407 1929 1483 κεκρυμμένα.

2044 583 2169 637 dem
2202 571 2543 654 [Apostolus]
2572 573 2842 645 agnoscit,
2867 585 2995 626 eum
3029 582 3228 640 nempe
3259 568 3350 638 qui
3390 562 3632 635 Spiritus

2044 671 2230 730 sancti
2255 667 2564 739 discipulus
2592 673 2700 724 est.
2727 695 2802 708 -
2828 663 3144 727 Gnosticus,
3183 674 3309 714 cum
3343 657 3394 712 id
3431 654 3632 711 divini-

2043 773 2132 822 tus
2161 768 2499 820 consecutus
2543 765 2652 825 est,
2698 766 2762 813 ut
2814 755 3079 828 prodesse
3129 752 3324 824 possit,
3372 748 3440 805 ad
3485 747 3628 804 hunc

2043 857 2266 914 modum
2289 853 2468 926 juvat,
2492 858 2552 907 ut
2582 850 2724 907 alios
2761 864 2859 921 per
2886 844 3314 903 assentationem
3344 841 3630 905 informet,

2041 963 2141 1021 per
2184 945 2549 1006 imitationem
2604 943 2744 998 alios
2795 940 3144 1005 coltortetur,
3199 935 3340 993 alios
3391 931 3630 1004 denique

2039 1037 2417 1114 praecipiendo
2449 1035 2670 1093 erudiat
2699 1044 2754 1091 et
2790 1033 3008 1090 doceat.

2110 1129 2255 1186 Ibid.
2304 1128 2397 1183 lib.
2432 1142 2531 1182 ut.
2562 1156 2632 1168 --
2675 1122 2809 1180 Mihi
2847 1136 3069 1195 quoque
3098 1117 3359 1192 gnosticse
3393 1116 3626 1173 faculta-

2037 1226 2112 1282 tis
2153 1237 2265 1281 tres
2289 1222 2517 1280 effectus
2563 1219 2830 1276 videntur
2860 1232 2876 1272 ι
2909 1217 3142 1287 primus,
3193 1228 3284 1270 res
3315 1213 3628 1285 exploratas

2037 1319 2278 1385 habere;
2315 1315 2615 1379 secundus,
2645 1310 2909 1381 exsequi;
2944 1309 3141 1366 tertius
3161 1307 3419 1378 denique,
3441 1320 3622 1378 posse.

2031 1412 2186 1482 juxta
2239 1425 2307 1466 ac
2358 1411 2582 1482 dignum
2618 1407 2731 1462 Deo
2782 1414 2891 1476 est,
2951 1402 3073 1460 aliis
3115 1417 3180 1458 ea
3236 1399 3471 1466 trudere,
3502 1412 3630 1472 qua:

341 1533 415 1546 -—
451 1504 667 1576 Ὥσπερ
719 1507 829 1560 πᾶν
881 1503 912 1559 δ
968 1503 1246 1575 βούλεται,
1292 1501 1520 1558 δύναται
1548 1503 1576 1555 ὁ
1603 1502 1756 1566 Θεὸς,
1788 1498 1920 1556 οὖτα

2042 1505 2177 1577 apud
2227 1504 2515 1561 veritatem
2557 1501 2812 1556 abstrusa
2852 1505 3004 1554 sunt.
3044 1525 3118 1540 -—
3148 1493 3618 1564 Quemadmodum

344 1599 454 1652 πᾶν
489 1597 518 1652 ὃ
538 1597 604 1651 ἂν
631 1597 834 1670 αἰτήσῃ
856 1598 886 1654 ό
907 1594 1235 1668 γνωστικδς,
1283 1593 1574 1667 λαμϐάνει.
1596 1624 1666 1635 -—-
1696 1593 1920 1647 Ἔπεται

2042 1598 2181 1656 Deus
2214 1596 2484 1671 quidquid
2515 1594 2652 1661 vult,
2677 1600 2860 1667 potest
2892 1607 2907 1648 :
2937 1591 3018 1648 sic
3046 1589 3310 1662 quidquid
3333 1589 3621 1661 gnosticus

341 1693 407 1762 τῇ
448 1688 650 1760 γνώσει
683 1689 753 1744 τὰ
802 1688 962 1764 ἔργα,
1011 1688 1088 1757 ὡς
1141 1688 1220 1760 τῷ
1242 1686 1461 1759 σώματι
1491 1690 1524 1757 ἡ
1567 1686 1716 1740 σκιά.
1756 1715 1827 1726 —
1853 1685 1920 1739 Οὐ

2042 1693 2275 1764 petierit,
2324 1689 2549 1761 accipit.
2596 1718 2662 1729 -—
2694 1685 2857 1744 Velut
2901 1685 3100 1741 umbra
3151 1698 3369 1755 corpus,
3430 1695 3617 1737 veram

343 1785 745 1858 μνησικακήσει
797 1786 827 1838 ὀ
891 1782 1199 1854 γνωστικός
1286 1797 1454 1836 ποτε·
1505 1781 1566 1834 οὐ
1633 1778 1920 1850 χαλεπανεῖ

2042 1786 2328 1844 scientiam
2368 1791 2528 1841 actus
2577 1788 2905 1855 sequuntur.
2937 1776 3326 1848 -—Nunquam
3365 1772 3621 1831 meminit

337 1879 539 1946 οὐδενὶ,
562 1878 668 1934 κάν
698 1877 893 1950 μίσους
946 1876 1078 1946 ἀξια
1131 1875 1402 1949 τυγχάνῃ,
1428 1876 1515 1943 ἐφ’
1551 1868 1634 1940 οἷς
1657 1872 1920 1946 διαπράτ-

2042 1878 2317 1954 gnosticus
2354 1875 2688 1950 iniuriarum
2734 1880 3081 1932 :succenset
3122 1869 3353 1934 nemini,
3397 1866 3616 1922 etiamsi

335 1989 509 2027 τεται.
540 1971 696 2026 Σέϐει
729 1970 829 2041 μὲν
848 1969 958 2043 γὰρ
983 1969 1078 2024 τὸν
1095 1967 1359 2042 Ποιητὴν,
1392 1966 1587 2037 ἀγαπᾷ
1614 1965 1671 2020 δὲ
1694 1963 1788 2020 τδν
1815 1981 1931 2020 κει-

336 2061 566 2117 νωνικδν
590 2060 687 2116 τοῦ
720 2059 865 2133 βίου,
897 2058 1186 2131 οἰκτείρων
1209 2059 1308 2115 καὶ
1351 2056 1793 2130 ὑπερευχόμενπ
1823 2055 1928 2112 αὒ-

334 2153 432 2209 τοῦ
454 2153 544 2208 διὰ
563 2152 670 2228 ,τὴν
724 2153 951 2224 ἄγνοιαν
996 2151 1183 2208 αὐτοῦ.
1213 2181 1281 2193 —-
1307 2151 1413 2206 Τὺν
1458 2148 1763 2221 γνωστικὴν
1783 2147 1929 2214 οὐδό-

336 2271 468 2308 ππε
501 2254 562 2308 τὸ
591 2254 844 2308 πλουτεῖν
870 2251 1064 2325 γήθειν
1123 2252 1289 2319 ποιεῖ,
1320 2251 1444 2306 οὐδὲ
1474 2248 1586 2307 τῶν
1623 2249 1927 2324 χρημάτων

334 2348 589 2418 ἀπορεῖν,
622 2347 702 2411 εἰς
732 2345 1066 2401 ταπείνωσιν
1113 2344 1260 2413 ἄγει,
1315 2344 1415 2415 τῆς
1450 2343 1654 2414 ἀρετῆς
1697 2339 1792 2397 καὶ
1834 2356 1927 2397 co-

335 2441 466 2509 φίας
495 2437 660 2494 αὑτὸν
684 2435 1094 2512 ὕπερυψούσης,
1124 2436 1220 2492 καὶ
1265 2435 1522 2506 ὑπεράνω
1554 2433 1738 2488 αὐτῶν
1766 2433 1924 2487 ἵστα-

337 2533 464 2586 σθαι
491 2530 1048 2605 παρασκευαζούσης.
1074 2529 1151 2595 ὡς
1167 2529 1258 2584 διὰ
1275 2529 1684 2604 μεγαλοψυχίαν
1711 2529 1925 2582 ἐναδια-

336 2625 526 2696 φορεῖν
557 2627 670 2692 τοῖς
689 2625 844 2697 ἡδέσι
872 2626 969 2683 καὶ
997 2623 1212 2698 ἀηδέσι.

334 2840 520 2896 ΤΙΤΛ.
551 2841 625 2914 B’.
655 2841 889 2912 -Περί
915 2841 1045 2914 τοῦ,
1082 2861 1102 2896 ι
1149 2840 1343 2914 Γνῶθι
1380 2843 1667 2914 σεαυτὸν,
1709 2863 1727 2897 ι
1763 2843 1920 2914 ἦτοι,

415 2913 730 2995 ρηεόσεκε
769 2912 1036 2994 σεαυτῷο
1073 2932 1094 2967 s
1139 2913 1385 2995 καί-ὅτι.
1411 2912 1825 2995 Exacto—v-
1848 2914 1922 2970 τὰ

405 2983 594 3056 οἰκεῖα
625 2983 1043 3054 περισκοπεῖν,
1073 2985 1174 3039 καί
1193 2984 1282 3056 μὴ
1323 2985 1398 3039 τὰ
1435 2985 1733 3054 ἀλλότρια
1762 2997 1921 3056 περιρ

402 3051 771 3125 εργάτεσθαι.

405 3167 649 3240 Πρόσεχε
706 3168 942 3241 σεαυτῷ,
989 3169 1084 3224 καὶ
1145 3169 1382 3241 φύλαξον
1430 3168 1530 3243 τὴν
1591 3170 1770 3243 ψυχήν
1822 3187 1917 3226 σου

331 3262 568 3334 σφόδρα,
609 3261 687 3335 μὴ
716 3263 957 3338 ἑπιλάοῃ
983 3264 1197 3329 πάντας
1219 3263 1343 3330 τοὺς
1363 3264 1581 3334 λόγους,
1613 3263 1707 3330 οὓς
1740 3265 1921 3335 ιωρά-

332 3367 496 3406 κασιν
532 3353 583 3406 οἱ
610 3352 882 3426 ὀφθαλμοί
946 3373 1041 3410 σου
1066 3371 1082 3388 ο
1135 3355 1231 3411 καὶ
1267 3354 1344 3429 μὴ
1387 3355 1787 3429 ἀποστήτωσαν
1811 3356 1921 3413 ἀπὸ

328 3443 430 3513 τῆς
467 3443 696 3517 καρδίας
723 3462 839 3502 σου.
872 3465 892 3499 ι

406 3556 425 3589 ι
460 3540 522 3591 Οί
553 3539 767 3596 ἑαυτῶν
798 3540 1198 3612 ἐπιγνώμονες,
1233 3542 1412 3612 σοφοί.
1451 3561 1470 3595 s

403 3735 422 3766 ι
465 3716 834 3790 Συντήρησον,
864 3720 961 3774 καὶ
985 3720 1221 3793 πρόσεχε
1248 3721 1515 3796 σφοδρῶς,
1537 3722 1621 3777 ὅτι
1646 3722 1786 3795 μετά
1814 3723 1915 3796 τῆς

326 3807 594 3875 πτώσεὼς
626 3827 719 3865 σου
752 3815 1096 3883 περιπατεῖς.
1131 3833 1150 3867 s

403 3920 421 3952 ι
470 3903 559 3956 Ἑν
589 3903 730 3976 φίλῳ
759 3904 854 3959 καὶ
876 3905 1056 3979 ἐχθρῷ
1089 3908 1162 3977 μὴ
1189 3905 1380 3979 διηγοῦ
1407 3907 1579 3979 βίους,
1609 3908 1727 3963 ἀλλ’
1762 3910 1912 3964 ὲπαί·

324 4011 472 4060 νους.
518 3996 628 4050 Καὶ
656 3997 714 4051 εί
741 3995 826 4051 σοί
869 3999 1020 4054 ἔστιν
1050 3998 1320 4071 ἁμαρτία,
1357 3999 1432 4073 μὴ
1478 4001 1852 4058 ἀποκάλυπτε.
1888 4021 1906 4056 s

401 4196 419 4227 ι
449 4174 515 4229 Τί
535 4175 758 4248 βλέπεις
775 4177 837 4232 τὸ
854 4177 1065 4250 κάρφος
1083 4181 1142 4234 ἐν
1175 4181 1251 4252 τῷ
1272 4180 1535 4254 ὀφθαλμῷ
1557 4181 1652 4237 τοῦ
1677 4182 1909 4254 ἀδελφοῦ

330 4283 452 4334 σου,
482 4269 585 4341 τὴν
608 4269 666 4325 δι
706 4270 766 4324 ἐν
793 4269 873 4342 τῷ
895 4270 974 4344 σῷ
999 4271 1270 4346 ὀφθαλμῷ
1316 4273 1472 4329 δοκὸν
1494 4275 1556 4330 οὐ
1583 4275 1908 4343 κατανοεῖς;

321 4363 355 4433 ἢ
391 4363 506 4427 πῶς
537 4365 682 4436 ἐρεῖς
709 4361 788 4435 τῷ
811 4363 1028 4437 ἀδελφῷ
1055 4383 1171 4432 σου,
1208 4367 1401 4437 Ἄφες,
1437 4366 1637 4424 ἔκϐαλε
1667 4369 1729 4423 τὸ
1771 4369 1909 4442 κάρ-

1944 3113 1992 3175 C

2029 1973 2196 2046 digna
2233 1971 2347 2029 sint
2382 1969 2549 2037 odio,
2575 1983 2699 2043 qua:
2751 1973 2901 2040 gesta
2941 1973 3134 2023 contra
3165 1979 3225 2021 se
3258 1961 3482 2020 fuerint.
3519 1959 3615 2014 Et-

2028 2067 2177 2124 enim
2200 2065 2278 2122 uti
2328 2062 2650 2122 Creatorem
2705 2060 2859 2128 colit,
2900 2058 2981 2117 sic
3028 2058 3158 2114 vitae
3197 2055 3410 2112 socium
3444 2060 3613 2123 amat,

2027 2174 2266 2233 eumque
2301 2156 2635 2231 ignorantia
2674 2153 2906 2212 nomine
2934 2150 3387 2214 commiseratur,
3420 2153 3476 2202 et
3508 2161 3611 2218 pro

2025 2269 2098 2313 eo
2123 2267 2320 2326 preces
2374 2249 2578 2308 fundit.
2612 2277 2686 2290 --
2722 2246 3049 2306 Gnosticum
3085 2257 3362 2314 nunquam
3402 2238 3610 2296 divitiae

2026 2343 2330 2410 delectant,
2361 2355 2466 2398 nec
2509 2355 2677 2412 opum
2715 2338 2941 2411 penuria
2980 2334 3256 2406 abiectum
3299 2346 3366 2387 ac
3404 2330 3607 2387 demis-

2026 2455 2150 2496 sum
2175 2437 2359 2495 reddit
2395 2454 2410 2493 :
2438 2433 2640 2507 quippe
2668 2447 2834 2506 quem
2858 2431 3035 2487 virtus
3050 2436 3106 2486 et
3133 2424 3404 2499 sapientia
3434 2423 3489 2479 in
3523 2421 3606 2477 al-

2027 2545 2142 2591 tum
2171 2535 2373 2599 ferant,
2414 2531 2592 2604 iisque
2629 2527 3016 2589 sublimiorem
3068 2523 3325 2588 reddant,
3370 2521 3507 2578 adeo
3549 2530 3608 2575 ιιι

2021 2630 2097 2686 ob
2129 2627 2299 2683 animi
2325 2625 2631 2684 celsitatem
2655 2618 2904 2696 jucunda
2939 2632 3197 2692 peraeque
3225 2627 3281 2672 et
3301 2613 3604 2686 injucunda

2025 2723 2246 2777 habeat.

2023 2855 2164 2940 ΤΓΓἶ
2186 2854 2253 2910 ll.
2280 2850 2448 2909 -—De
2505 2851 2602 2908 illo
2654 2850 2841 2976 eicio,
2863 2864 2916 2932 ,ι
2956 2842 3134 2901 Nosce
3163 2842 3411 2926 teipsum,
3457 2857 3478 2922 ι
3513 2855 3602 2892 seu

2090 2939 2276 2976 etiam.
2329 2943 2349 2976 ι
2389 2925 2618 2976 Attende
2647 2931 2684 2976 tt
2727 2942 2743 2975 ι
2772 2936 2874 2976 mss
2911 2932 2931 2974 :
2966 2935 2988 2971 ι
3023 2926 3075 2972 et
3112 2913 3253 2976 quod
3279 2910 3334 2964 td
3381 2926 3602 2976 quisque

2090 2910 2276 2989 etiam,
2329 2943 2349 2977 ι
2389 2925 2618 2979 Attende
2647 2910 2744 2976 tibi
2772 2910 2876 2990 ipsi
2911 2932 2931 2974 :
2966 2935 2988 2971 ι
3023 2926 3075 2972 et
3112 2910 3253 2990 quod
3279 2910 3336 2990 id
3377 2911 3603 2990 quisque

2092 2983 2304 3053 studere
2355 2995 2562 3060 debeat,
2602 3002 2661 3050 ut
2710 2983 2828 3065 qua:
2865 3006 2967 3047 sua
3010 2983 3157 3052 sunt,
3201 2983 3470 3053 inspiciat,
3510 2997 3602 3034 nec

2094 3070 2272 3126 aliena
2302 3065 2636 3138 pervestiget.

2095 3184 2251 3240 Deut.
2281 3183 2426 3248 tv,9.
2459 3212 2532 3225 —
2552 3199 2572 3235 ι
2595 3179 2830 3237 Attende
2854 3176 2952 3234 tibi
2991 3173 3120 3247 ipsi,
3145 3183 3199 3228 et
3233 3169 3445 3228 custodi
3478 3169 3598 3224 ani-

2021 3294 2167 3336 mam
2199 3287 2351 3334 tuam
2386 3275 2547 3332 valde
2572 3292 2588 3344 ;
2611 3289 2685 3331 ne
2720 3269 3073 3330 obliviscaris
3109 3264 3356 3322 omnium
3389 3276 3599 3320 sermo-

2021 3388 2150 3429 num
2176 3379 2425 3437 tuorum,
2471 3384 2594 3440 quae
2623 3365 2882 3423 viderunt
2923 3362 3067 3421 oculi
3110 3360 3190 3419 tui
3221 3379 3236 3418 :
3264 3367 3320 3416 et
3349 3373 3418 3416 ne
3447 3371 3597 3413 rece-

2023 3466 2156 3522 dant
2186 3464 2256 3521 de
2277 3462 2444 3519 corde
2483 3471 2602 3518 tuo.
2642 3481 2663 3516 ›

2091 3554 2253 3612 Prov.
2285 3553 2522 3620 xm,10.
2569 3582 2642 3595 —-
2693 3570 2712 3606 ι
2743 3549 2847 3620 Qui
2897 3548 3109 3619 seipsos
3143 3552 3364 3612 norunt,
3415 3542 3472 3598 lii
3506 3555 3596 3597 sa-

2018 3649 2234 3721 pientes
2256 3657 2409 3706 sunt.
2448 3665 2468 3700 ι

2089 3740 2262 3798 Εεείὶ.
2306 3747 2431 3808 xm,
2483 3737 2571 3796 16.
2611 3767 2682 3780 ο-
2726 3753 2745 3789 ι
2783 3733 2930 3792 Cave
2961 3732 3086 3798 tibi,
3127 3739 3181 3788 et
3208 3727 3434 3787 attende
3464 3725 3593 3782 dili-

2016 3841 2232 3903 genter,
2261 3832 2526 3905 quoniam
2553 3843 2682 3886 cum
2707 3825 3071 3885 subversione
3095 3831 3186 3878 tua
3221 3820 3492 3877 ambulas.
3531 3837 3551 3872 ι

2087 3925 2259 3983 Eccli.
2309 3941 2427 3991 ιιι,
2470 3924 2524 3980 8.
2557 3952 2626 3966 —-
2655 3939 2674 3975 ι
2710 3921 2903 3977 Amico
2952 3927 3008 3975 et
3054 3915 3282 3973 inimico
3331 3922 3429 3970 tuo
3480 3913 3591 3968 noli

2015 4033 2246 4075 narrare
2293 4018 2464 4072 vitam
2494 4024 2668 4079 tuam,
2709 4011 2802 4069 sed
2844 4012 3033 4068 laudes
3064 4027 3081 4067 :
3109 4017 3164 4066 et
3211 4007 3256 4064 si
3309 4005 3409 4063 tibi
3449 4005 3590 4062 deli.

2011 4122 2162 4168 ctum
2198 4117 2302 4173 est.
2328 4108 2441 4166 noli
2471 4107 2777 4164 denudare.
2813 4125 2834 4158 ι

2086 4201 2281 4258 Matth.
2317 4217 2418 4268 vn,
2455 4201 2510 4268 3,
2548 4199 2604 4254 4.
2652 4229 2719 4243 —-
2753 4216 2772 4250 ι
2807 4194 2952 4264 Quid
3007 4194 3161 4250 vides
3209 4192 3476 4248 festucam
3535 4189 3590 4246 in

2011 4295 2175 4351 oculo
2227 4293 2415 4349 fratris
2448 4292 2550 4358 tui,
2585 4299 2642 4346 ct
2685 4289 2894 4346 trabem
2935 4285 3131 4358 qutein
3159 4284 3323 4341 oculo
3359 4293 3452 4340 tuo
3481 4293 3590 4347 est,

2013 4403 2123 4443 non
2151 4385 2349 4442 vides?
2377 4395 2472 4441 aut
2513 4381 2796 4455 quomodo
2840 4379 2992 4438 dices
3022 4377 3183 4433 fratri
3235 4384 3332 4432 tuo
3368 4391 3384 4430 :
3432 4373 3585 4442 Sine,

322 4477 420 4552 φος
442 4459 507 4552 ὲκ
536 4456 631 4552 τοῦ
663 4455 946 4532 ὀφθαλμοῦ
976 4477 1070 4515 σου
1094 4477 1110 4494 ο
1156 4462 1250 4515 καὶ
1293 4462 1402 4517 ίδοὺ
1466 4464 1500 4535 ἠ
1538 4463 1696 4528 δοκὸς
1732 4466 1791 4519 ὲν
1823 4463 1904 4535 τῷ

2042 4481 2223 4552 jiciam
2269 4478 2537 4536 festucam
2587 4476 2657 4533 de
2699 4475 2861 4532 oculo
2916 4481 3034 4541 tuo,
3087 4480 3141 4528 et
3172 4485 3301 4528 ecce
3338 4467 3493 4524 trabs
3531 4467 3585 4522 in

318 4549 583 4624 ὀφθαλμῷ
617 4569 711 4607 σου
737 4571 752 4620 ς
794 4552 1119 4626 ’Υποκριτά,
1148 4553 1346 4608 ἔκϐαλε
1375 4553 1594 4626 πρῶτον
1615 4556 1712 4628 τὴν
1748 4557 1906 4612 δοκὸν

319 4642 385 4698 ἐκ
411 4642 505 4698 τοῦ
539 4643 822 4716 ὀφθαλμοῦ
851 4663 969 4711 σου,
1004 4647 1101 4702 καὶ
1137 4645 1260 4700 τότε
1303 4646 1618 4719 διαϐλέψεις
1650 4649 1904 4706 ἐκϐαλεῖν

317 4737 378 4792 τὸ
409 4738 619 4811 κάρφος
641 4739 701 4794 τὸ
729 4740 788 4794 ἐν
813 4737 894 4812 τῷ
924 4737 1190 4812 ὀφθαλμῷ
1219 4739 1316 4795 τοῦ
1351 4739 1585 4813 ἀδελφοῦ
1616 4759 1731 4798 σου.
1759 4763 1779 4796 s

392 4847 415 4885 ι
443 4830 537 4897 Μὴ
574 4831 822 4903 κρίνετε,
851 4831 940 4886 ἵνα
977 4829 1052 4904 μὴ
1081 4832 1329 4904 κριθῆτε.
1369 4851 1389 4886 s

393 5026 412 5059 ι
454 5005 679 5075 Σκόπει,
713 5008 872 5082 μὴτὸ
904 5011 1022 5080 φῶς
1051 5011 1112 5068 τὺ
1136 5015 1195 5067 ἐν
1227 5013 1310 5069 σοὶ
1340 5013 1533 5081 σκότος
1562 5015 1732 5073 ἐστίν.
1770 5035 1789 5069 s
1908 5013 1913 5016 ”

390 5230 408 5262 ι
439 5208 511 5264 Σὺ
535 5209 620 5275 τίς
649 5205 704 5264 εἴ
764 5211 794 5265 ὀ
833 5210 1037 5284 κρίνων
1059 5211 1344 5286 ἀλλότριον
1379 5214 1640 5292 οίκέτην;
1673 5214 1751 5283 τῷ
1781 5215 1899 5288 ἰδίῳ

311 5304 489 5375 κυρίῳ
522 5305 731 5376 στήκει,
763 5302 799 5377 ἢ
828 5303 1041 5360 πίπτει.
1086 5306 1426 5378 Σταθήσεται
1454 5305 1546 5361 δέ’
1584 5306 1811 5372 δυνατὸς
1839 5307 1898 5362 ss

306 5401 336 5451 ὀ
377 5399 511 5464 Θεὸς
570 5400 770 5456 στῆσαι
832 5402 997 5456 αὐτόν
1022 5446 1036 5459 .
1094 5402 1168 5454 Σὺ
1192 5402 1250 5456 δὲ
1294 5402 1348 5457 τί
1377 5403 1586 5475 κρίνεις
1617 5404 1709 5458 τὸν
1738 5405 1896 5459 ἀδελ-

308 5495 409 5562 φὸν
453 5509 586 5562 σου;
634 5493 843 5561 Πάντες
897 5497 1364 5570 παραστησόμεθα
1415 5497 1494 5570 τῷ
1546 5498 1750 5570 βήματι
1797 5498 1894 5554 τοῦ

307 5584 573 5656 Χριστοῦ.
610 5603 629 5638 s

385 5695 405 5728 ι
445 5676 676 5733 Σεαυτδν
699 5678 862 5749 ἀγνδν
883 5681 1058 5751 τήρει.
1092 5700 1110 5732 ι

384 5866 409 5908 s
448 5849 506 5910 ὀ
519 5852 839 5912 καταλαλῶν
859 5856 952 5911 τοῦ
968 5856 1200 5926 ἀδελφοῦ
1226 5855 1457 5927 αὖτοῦ,ῆ
1479 5857 1700 5928 κρίνων,
1718 5877 1883 5917 κατα-

2008 4571 2168 4627 oculo
2201 4580 2298 4626 tuo
2323 4570 2348 4624 ’ί
2379 4567 2702 4641 Hypocrita,
2743 4565 2883 4638 ejice
2915 4565 3070 4638 prius
3097 4561 3308 4618 trabem
3334 4559 3402 4616 de
3427 4557 3592 4615 oculo

2007 4676 2126 4731 tuo,
2180 4672 2235 4719 et
2284 4672 2418 4718 tunc
2460 4660 2673 4718 videbis
2717 4660 2925 4730 ejicere
2982 4655 3244 4713 festucam
3305 4652 3375 4708 de
3423 4651 3588 4708 oculo

2007 4755 2195 4812 fratris
2225 4754 2326 4808 ttti.
2368 4772 2385 4804 ι

2076 4846 2205 4902 Luc.
2233 4861 2308 4910 vr,
2345 4843 2437 4900 '57.
2463 4873 2533 4885 —
2570 4860 2589 4894 ι
2618 4841 2799 4899 Nolite
2830 4839 3103 4911 judicare,
3144 4849 3199 4894 et
3234 4853 3341 4893 non
3375 4836 3585 4892 iudica-

2002 4937 2222 4996 ltimini.
2255 4954 2274 4989 ι

2070 5027 2204 5084 Luc.
2239 5043 2319 5091 xi,
2341 5026 2432 5085 55.
2466 5056 2528 5068 -—
2557 5043 2576 5078 ι
2609 5021 2770 5090 Vide,
2804 5036 2874 5081 ne
2907 5021 3092 5080 lumen
3132 5021 3277 5093 quod
3308 5022 3365 5078 in
3390 5028 3444 5077 te
3473 5031 3579 5083 est.

2001 5123 2238 5179 tenebras
2267 5119 2400 5178 sint.
2445 5136 2466 5172 ι

2073 5211 2224 5269 Rom.
2259 5228 2373 5280 xw,
2400 5209 2633 5268 4οίθ.--
2666 5227 2685 5263 ι
2715 5207 2796 5265 Tu
2820 5207 2946 5281 quis
2967 5223 3050 5274 es,
3075 5207 3168 5281 qui
3211 5206 3427 5278 iudicas
3450 5205 3582 5261 alie-

1996 5321 2130 5363 num
2177 5304 2450 5363 servum?
2493 5301 2731 5361 Domino
2762 5318 2866 5360 suo
2910 5309 3020 5360 stat
3056 5308 3153 5361 aut
3185 5301 3357 5357 cadit.
3400 5298 3581 5355 Stabit

1996 5404 2203 5452 autem.
2237 5393 2444 5452 Potens
2491 5403 2580 5450 est
2621 5394 2770 5450 enim
2813 5393 2956 5455 Deus
2987 5401 3236 5450 statuere
3276 5392 3452 5447 illum.
3495 5389 3577 5445 Τιι

1996 5497 2176 5545 autem
2205 5487 2335 5559 quid
2353 5487 2575 5559 judicas
2605 5485 2834 5544 fratrem
2874 5498 3026 5543 tuum
3051 5490 3076 5542 ἲ
3111 5487 3318 5544 Omnes
3368 5485 3578 5544 astabi-

1993 5598 2120 5639 mus
2150 5591 2280 5639 ante
2313 5581 2560 5639 tribunal
2585 5582 2819 5638 Christi.
2858 5602 2879 5634 ι

2058 5673 2226 5750 (σου
2275 5672 2304 5732 ι
2339 5675 2480 5733 Tim.
2520 5691 2577 5746 ν,
2619 5675 2713 5734 22.
2764 5709 2828 5722 ο-
2869 5694 2889 5730 ι
2926 5674 3185 5750 Teipsnm
3231 5683 3444 5734 castum
3479 5689 3576 5729 cu-

1992 5769 2160 5826 stodi.
2196 5787 2218 5823 ι

2067 5859 2190 5920 Jac.
2226 5878 2300 5933 tv,
2346 5862 2432 5920 ii.
2482 5895 2550 5909 --
2585 5882 2605 5918 ι
2646 5864 2753 5935 Qui
2804 5863 3051 5925 detrahit
3110 5860 3295 5934 fratri,
3341 5871 3436 5921 aut
3483 5859 3574 5948 Iu-
