4010 6302
492 347 627 413 1299
1028 405 1031 408 .
1661 359 1722 421 s.
1760 356 2084 422 JOANNIS
2123 350 2554 420 DAMASCENI
3618 348 3750 414 1300

481 471 651 536 dicat,
691 468 932 526 detrahit
978 470 1081 543 legi
1108 512 1123 539 ,
1174 480 1229 526 et
1273 471 1485 542 judicat
1526 477 1723 546 legem.
1770 475 1825 532 Si
1873 462 2057 532 autem

2162 477 2312 530 λαλεῖ
2349 476 2530 547 νόμον,
2566 477 2659 530 καὶ
2693 475 2868 545 κρίνει
2903 474 3088 544 νόμον.
3126 473 3187 527 Εἰ
3213 471 3269 526 δὲ
3317 473 3481 542 νόμον
3512 470 3745 540 κρίνεις,

473 560 695 628 judicas
731 560 906 636 legem
933 603 948 631 ,
988 561 1098 634 iam
1140 578 1247 619 non
1289 580 1348 620 es
1405 564 1578 622 iactor
1620 567 1791 640 legis,
1832 569 1928 626 sed
1965 570 2055 641 ju-

1289 580 1348 620 es
1405 564 1578 622 factor
1620 567 1791 640 legis,
1832 569 1928 626 sed
1965 570 2055 641 ju-
2162 571 2261 625 οὐκ
2287 565 2338 624 εἶ
2367 569 2595 643 ποιητὴς
2628 571 2816 640 νόμου.
2853 589 2870 621 ι

476 651 603 709 dex.
653 671 673 706 ι

545 745 665 801 Nili
739 750 1007 806 monachi.
1036 782 1098 792 ——
1139 751 1279 808 Ante
1327 753 1515 809 omnia
1568 770 1737 812 nosce
1790 756 2048 828 teipsum.

2227 756 2402 811 Γνῶθι
2433 755 2657 810 σεαυτὸν
2689 755 2794 824 πρὸ
2836 753 3076 810 πάντων.
3115 749 3285 805 Οὐδὲν
3331 745 3442 817 γὰρ
3480 741 3739 814 δυσχερέ-

468 833 615 894 Niitil
660 841 868 913 quippe
921 841 1200 900 dimcilius
1249 855 1354 901 est.
1410 846 1547 902 Cum
1593 847 1743 904 enim
1810 850 2047 920 teipsum

2159 865 2368 921 στερον.
2402 848 2567 922 Ὅταν
2587 847 2642 902 δὲ
2673 847 2871 900 σαυτὸν
2904 844 3070 915 γνῷς,
3101 843 3224 896 τότε
3247 841 3455 912 δυνήσῃ
3484 839 3581 891 καὶ
3609 833 3740 886 Θεὸν

470 946 690 998 nosces,
721 927 854 990 tunc
889 942 943 990 et
967 927 1137 990 Deum
1180 951 1506 1007 agnoscere,
1554 943 1609 996 et
1639 955 1751 1007 res,
1782 949 1844 996 ut
1866 943 2046 1011 decet,

2155 939 2472 1010 ἐπιγνῶναι,
2501 939 2596 996 καὶ
2628 936 2875 1010 λογισμῷ
2906 935 3156 991 ἐπελθεῖν
3189 936 3258 990 τὰ
3294 930 3625 1003 πράγματα,
3665 924 3735 988 ὡς

469 1026 651 1082 animo
680 1042 1014 1096 percurrere
1038 1031 1267 1099 poteris.
1505 1058 1512 1064 -

823 1043 1014 1084 urrere
1038 1031 1267 1099 poteris.
1505 1058 1512 1064 -
2153 1034 2406 1106 καθήκει.

539 1119 750 1178 Basilii.
782 1151 851 1164 --
882 1113 1024 1178 Tute
1076 1123 1192 1193 ipse
1233 1127 1464 1194 pateris,
1497 1142 1530 1182 ο
1563 1127 1746 1196 homo,
1770 1130 1914 1202 quod
1953 1147 2044 1187 re-

2221 1128 2487 1196 Ἐπαθες,
2530 1125 2808 1200 ἄνθρωπε,
2834 1124 2862 1180 ὃ
2896 1121 3186 1194 ὲγκαλεῖς;
3215 1117 3314 1173 καὶ
3342 1115 3404 1170 τὸ
3445 1113 3547 1184 μὲν
3577 1110 3669 1166 ἀλ)
3682 1109 3731 1161 ό⁴

460 1213 797 1284 prehendis;
864 1230 927 1272 ac
990 1212 1230 1271 alienum
1292 1219 1513 1289 quidem
1577 1217 1805 1277 malum
1847 1224 2042 1280 sedulo

2149 1237 2296 1292 τριον
2317 1214 2487 1276 κακὸν
2511 1219 2785 1292 ἐπιμελῶς
2820 1215 3162 1278 ὲπιϐλέπεις,
3214 1211 3277 1265 τὸ
3324 1209 3382 1264 δὲ
3431 1202 3603 1263 αὐτοῦ
3652 1202 3732 1254 αἱς

460 1306 893 1374 animadvertis,
944 1308 1250 1381 foeditatem
1302 1324 1484 1367 autem
1534 1324 1685 1371 tuam
1726 1317 1883 1374 nullo
1918 1317 2039 1374 loco

1228 1326 1250 1363 rt
1302 1324 1484 1367 autem
1534 1324 1685 1371 tuam
1726 1317 1883 1374 nullo
1918 1317 2039 1374 loco
2150 1318 2312 1388 σχρδν
2341 1310 2576 1388 οὐδαμοῦ
2605 1311 2811 1378 τιθεϊς;

458 1405 619 1475 ponis
643 1402 668 1456 ?

529 1497 721 1567 Ejusd.
749 1500 802 1554 in
826 1499 991 1554 illud:
1028 1497 1290 1554 «Attende
1317 1501 1412 1554 tibi
1439 1502 1667 1571 ipsin—
1689 1503 1931 1562 Facilius
1951 1514 2036 1562 est

2226 1498 2436 1570 Ῥᾴδιον
2454 1496 2670 1565 ἑκάστῳ
2702 1492 2862 1564 ἡμῶν
2911 1484 3394 1561 πολυπραγμονεῖν
3448 1478 3518 1532 τὰ
3571 1473 3728 1571 ἀλ)ζὸ-

453 1593 757 1664 unicuique
811 1604 1065 1650 nostrum
1117 1592 1299 1649 aliena
1354 1597 1630 1653 curiosius
1671 1602 2030 1670 perscrutari,

2141 1568 2346 1666 τριαξῆ
2376 1591 2447 1645 τὰ
2501 1588 2676 1643 οἰκεῖα
2737 1581 2935 1640 ἑαυτοῦ
2978 1575 3430 1637 διασκέπτεσθαι.
3475 1572 3599 1625 Ἵνα
3634 1568 3724 1621 οῦν

451 1699 617 1756 quam
644 1700 745 1742 sua
771 1688 1147 1755 considerare.
1172 1682 1287 1745 lloc
1308 1691 1496 1759 itaque
1525 1707 1594 1746 ne
1620 1691 1779 1748 nobis
1794 1693 2028 1748 accidat.

2144 1664 2218 1760 μὴ
2265 1685 2423 1739 τοῦτο
2485 1680 2803 1752 πάσχωμεν,
2831 1678 3057 1739 παῦσαι,
3100 1673 3257 1746 φησὶ,
3289 1670 3357 1725 τὰ
3411 1666 3508 1722 τοῦ
3552 1664 3724 1724 δεῖνος

448 1776 671 1841 Desine,
704 1777 905 1851 inquit,
950 1772 1103 1837 illius
1133 1779 1262 1837 vitia
1294 1781 1594 1852 inquirere.
1621 1783 1700 1839 Ne
1734 1787 2028 1855 permittas

2140 1758 2285 1836 κακὰ
2327 1775 2850 1850 περιερευνὼμενος.
2909 1770 3000 1843 Μὴ
3053 1768 3196 1823 δίδου
3255 1764 3453 1837 σχολὴν
3486 1758 3723 1855 cois-1e-

447 1847 887 1940 cogitationibus
920 1871 1054 1937 tuis,
1090 1879 1148 1927 ut
1174 1847 1491 1943 aegritudini
1521 1875 1718 1933 aliena:
1735 1847 2030 1947 esploran-

2138 1871 2356 1943 γισμοίς
2395 1847 2454 1924 τὸ
2491 1847 2793 1938 ἀλλότριον
2844 1859 3126 1931 ἐξετάζειν
3167 1856 3536 1947 ἀρρώστημα,
3583 1849 3721 1904 ἀλλὰ

448 1962 533 2019 da:
567 1971 783 2020 vacent.
831 1963 1035 2021 Verum
1077 1967 1301 2022 attende
1332 1968 1432 2022 tibi
1489 1967 1621 2038 ipsi;
1673 1968 1780 2026 hoc
1811 1944 1924 2034 est,
1962 1973 2029 2026 ad

2137 1963 2320 2034 σαυτῷ
2351 1961 2585 2035 πρόσεχε
2612 1976 2626 1990 ⁸
2661 1957 2943 2014 τουτέστιν
2980 1954 3074 2008 ἐπὶ
3104 1951 3204 2025 τὴν
3239 1950 3449 2004 οἰκείαν
3489 1944 3719 2015 ἔρευναν

444 2055 528 2112 tui
561 2056 734 2125 ipsius
770 2062 1270 2133 pet-scrutationem
1291 2063 1464 2118 animi
1497 2064 1722 2119 oculum
1745 2050 2027 2130 converte,

2135 2057 2336 2130 στρέφε
2372 2055 2434 2110 τὸ
2454 2054 2611 2128 ὄμμα
2643 2069 2739 2106 σου
2801 2049 2903 2121 τῆς
2953 2046 3153 2120 ψυχῆς,
3183 2043 3279 2097 καὶ
3307 2041 3381 2115 μὴ
3410 2037 3597 2107 παύσῃ
3639 2036 3718 2088 δι-

445 2162 550 2205 nec
579 2149 649 2203 ab
682 2165 748 2204 eo
776 2149 1033 2206 examine
1067 2150 1372 2210 desciscas.

1196 2155 1372 2210 :iscas.
2129 2151 2499 2226 ερευνώμενος
2532 2148 2779 2203 σεαυτόν.

520 2239 664 2296 Ibid.
689 2272 759 2284 —-
786 2242 842 2296 Si
875 2253 1086 2323 natura
1112 2243 1509 2312 reminisceris,
1547 2257 1829 2315 nunquam
1859 2255 1913 2302 te
1936 2246 2026 2301 in-

2160 2221 2561 2316 -Μεμνημένος
2619 2239 2722 2310 τῆς
2774 2236 3015 2307 φύσεως,
3047 2233 3162 2286 ὀὐκ
3207 2225 3511 2323 ὲπαρθίδσὲ
3554 2221 3708 2323 ποτε.

443 2333 686 2389 solenter
724 2315 943 2391 eli‘eres.
984 2333 1088 2393 Tui
1139 2354 1268 2394 vero
1310 2340 1486 2409 ipsius
1541 2338 1948 2407 recordaberis,
1977 2341 2024 2396 si

2130 2338 2396 2411 Μεμνήσῃ
2419 2336 2477 2390 δὲ
2509 2331 2729 2396 ἑαυτοῦ,
2768 2330 2865 2385 δάν
2899 2327 3175 2400 προσέχῃς
3209 2318 3442 2391 σεαυτῷ.
3462 2315 3713 2401 Πρόσεχε

441 2427 541 2497 tibi
585 2427 685 2495 ipsi
719 2429 1002 2486 attendas.
1038 2431 1276 2488 Attende
1306 2448 1440 2503 ergo
1469 2431 1604 2498 tibi;
1631 2432 1684 2487 id
1716 2439 1821 2497 est,
1857 2433 2024 2486 unde-

2130 2428 2217 2488 οῦν
2245 2427 2489 2499 σεαυτῷ·
2529 2424 2775 2480 τουτέστι
2798 2420 3138 2490 πανταχόθεν
3170 2414 3416 2471 ’σεαυτὸν
3446 2411 3713 2481 περισκό-

441 2537 666 2591 cunque
693 2523 931 2592 teipsum
974 2525 1345 2596 circumspice
1377 2541 1390 2576 :
1423 2517 1876 2597 pervigili'oculo
1905 2529 2024 2580 ani-

2127 2540 2239 2579 πει.
2284 2522 2614 2592 Ἀκοίμητον
2670 2517 2759 2588 ἔχε
2788 2515 2926 2587 πρὸς
2955 2514 3056 2585 τὴν
3089 2507 3322 2581 σεαυτοῦ
3367 2503 3622 2575 φυλακὴν
3653 2500 3710 2552 τὴ

369 2670 372 2672 .
439 2615 514 2670 mi
547 2615 598 2668 in
640 2616 872 2670 salutem
901 2624 1048 2672 tuam
1080 2619 1315 2674 excuba.
1368 2619 1427 2674 ln
1477 2619 1657 2674 medio
1696 2617 1952 2691 laqueoru

2121 2620 2220 2689 τῆς
2261 2615 2446 2688 ψυχῆς
2491 2610 2668 2686 όμμα.
2712 2609 2802 2664 Ἐν
2844 2604 2997 2679 μέσῳ
3051 2604 3301 2674 παγίδων
3355 2598 3704 2661 διαϐαίνεις·

438 2706 691 2762 ambulas
748 2709 1034 2766 :occult:e
1092 2711 1384 2767 teudiculae
1441 2711 1510 2766 ab
1568 2712 1726 2768 ltoste
1777 2713 2021 2782 undique

2127 2709 2500 2783 κεκρυμμένοι
2542 2706 2727 2779 βρόχοι
2779 2703 2934 2777 παρά
2991 2701 3088 2755 τοῦ
3143 2696 3341 2770 ἐχθροῦ
3372 2692 3710 2765 πολλαχόθεν

437 2797 561 2855 ἤτω
600 2809 731 2855 sunt
799 2799 1044 2858 Proinde
1102 2801 1191 2857 fac
1233 2805 1419 2858 omnia
1473 2804 1913 2877 circumspicias.
1963 2814 2020 2860 ut

2124 2804 2598 2876 καταπεπήγασιν.
2648 2798 2852 2854 Πάντα
2878 2789 2974 2852 οῦν
3027 2792 3376 2868 περισκόπει,
3429 2789 3519 2843 ἵνα
3557 2785 3707 2857 σώζῃ

433 2893 651 2948 eruaris
704 2893 862 2964 quasi
907 2895 1126 2950 damula
1181 2910 1214 2952 e
1257 2897 1490 2964 retibus,
1535 2905 1592 2970 et
1641 2897 1802 2968 quasi
1836 2898 1953 2952 avis
1991 2915 2016 2951 a

2126 2899 2308 2968 ὥσπερ
2334 2895 2533 2972 δορκάς
2561 2895 2626 2949 ἐκ
2654 2891 2886 2965 βρόχων,
2908 2889 3002 2945 καὶ
3021 2888 3214 2957 ὥσπερ
3241 2885 3430 2957 ὄρνεον
3450 2883 3522 2934 ὲκ
3542 2880 3709 2947 παγί-

433 2982 653 3056 laqueo.
692 2983 830 3042 Vide
865 2985 1056 3058 igitur,
1097 3002 1166 3042 ne
1201 2988 1256 3043 in
1286 2989 1365 3042 tui
1397 2988 1656 3044 Custodia
1682 2989 1858 3044 brutis
1896 2989 2016 3042 ani-

2123 2994 2226 3058 δος.
2268 2991 2411 3064 Ὅρα
2437 2987 2531 3044 οῦν
2582 2987 2657 3059 μὴ
2708 2982 2912 3059 χείρων
2968 2983 3145 3053 φανῇς
3171 2979 3289 3034 ’τῶν
3330 2976 3546 3045 ἀλόγων
3571 2972 3706 3042 πρὸς

431 3078 717 3134 mantibus
756 3078 1087 3135 deteriorem
1145 3088 1200 3135 te
1249 3082 1491 3150 praebeas
1527 3100 1541 3110 -
1579 3097 1649 3136 ne
1690 3081 1894 3152 alioqui
1942 3082 2014 3134 la-

2122 3083 2217 3154 τὴν
2245 3079 2476 3136 σεαυτοῦ
2503 3077 2778 3149 φυλακὴν,
2839 3075 3052 3147 μήποτε
3083 3074 3205 3135 ταῖς
3258 3067 3486 3138 παγίσιν
3521 3067 3705 3126 ἁλοὺς,

430 3170 976 3244 queisintereeptus,
1009 3172 1237 3230 diabolo
1264 3174 1318 3228 in
1353 3173 1593 3246 praedam
1635 3176 1822 3238 cedas,
1856 3175 1923 3230 ab
1949 3190 2013 3230 eo

2121 3176 2344 3250 θήραμα
2372 3168 2506 3243 γένῃ
2543 3169 2637 3224 τοῦ
2666 3167 2938 3232 διαϐόλου,
2973 3162 3364 3235 ὲζωγρημένος
3402 3159 3496 3213 ὑπ’
3537 3155 3704 3210 αὐτοῦ

433 3262 698 3324 videlicet
722 3266 973 3337 captivus
1009 3265 1282 3341 adductus
1322 3265 1389 3321 ad
1430 3267 1608 3337 ipsius
1647 3267 2010 3322 voluntatem.

2122 3270 2200 3332 είς
2228 3266 2290 3321 τὸ
2327 3265 2536 3320 ἐκείνου
2563 3261 2798 3333 θέλημα.
2864 3260 3110 3332 Πρόσεχε
3147 3251 3244 3311 οὖν
3279 3251 3514 3322 σεαυτῷ,
3549 3268 3705 3304 τουτ-

429 3355 800 3424 Quamobrem
859 3358 1082 3416 attende
1116 3359 1213 3414 tibi
1261 3360 1403 3430 ipsi;
1453 3360 1554 3416 hoc
1580 3368 1684 3422 est.
1740 3376 1842 3416 nec
1879 3361 2010 3426 tuis,

2122 3361 2237 3416 ἐστι
2266 3361 2403 3432 μήτε
2425 3359 2538 3421 τοῖς
2570 3358 2709 3420 σοῖς,
2743 3354 2883 3426 μήτε
2919 3355 3032 3416 τοῖς
3056 3352 3186 3422 περὶ
3221 3350 3305 3414 σὲ,
3328 3347 3466 3402 ἀλλά
3492 3343 3705 3414 σεαυτῷ

435 3464 540 3507 nec
559 3450 627 3506 iis
650 3466 770 3521 quae
789 3451 935 3507 circa
965 3463 1014 3506 te
1042 3461 1191 3520 sunt,
1210 3468 1397 3510 verum
1418 3453 1738 3522 tibimetipsi
1766 3454 2010 3510 attende.

2122 3452 2320 3526 μᾶλλον
2356 3451 2609 3524 πρόσεχε.
2647 3447 2809 3502 ’Ἄλλο
2834 3445 2944 3517 γάρ
2977 3448 3144 3517 ἐσμεν
3174 3445 3337 3514 ἡμεῖς
3371 3442 3552 3504 αὐτοὶ,
3575 3439 3705 3494 ἄλλο

426 3542 592 3600 Aliud
625 3544 775 3599 enim
815 3560 916 3601 nos
955 3539 1060 3617 ipsi
1097 3561 1315 3612 sumus,
1346 3545 1494 3601 aliud
1524 3553 1739 3615 nostra,
1774 3555 1828 3603 et
1862 3545 2009 3602 aliud

2120 3548 2182 3601 τὰ
2227 3545 2494 3617 ἡμέτερα,
2517 3543 2613 3597 καὶ
2655 3541 2784 3598 ἄλλο
2836 3540 2967 3611 περὶ
3008 3538 3176 3610 ἡμᾶς.
3229 3537 3424 3607 Ἡμεῖς
3467 3534 3569 3605 μὲν
3611 3530 3703 3585 οὖν

432 3650 560 3707 quae
589 3635 740 3691 circa
766 3650 871 3692 nos
895 3644 1045 3694 sunt.
1089 3635 1204 3693 Nos
1236 3637 1382 3692 enim
1413 3637 1597 3694 anima
1625 3643 1680 3693 et
1714 3653 1873 3694 mens
1915 3653 2010 3695 suo

2118 3640 2284 3709 ὲσμεν
2311 3638 2346 3709 ἡ
2374 3635 2523 3708 ψυχὴ
2568 3635 2666 3690 καὶ
2708 3636 2737 3689 ό
2781 3632 2930 3699 νοῦς,
2964 3631 3090 3687 καθ’
3113 3630 3171 3685 δν
3221 3628 3344 3683 κατ’
3387 3627 3576 3681 εἰκόνα
3603 3624 3701 3678 τοῦ

434 3745 576 3794 mus,
602 3727 912 3785 secundum
943 3745 1110 3801 quam
1140 3728 1207 3786 ad
1245 3729 1540 3803 imaginem
1565 3729 1850 3788 Creatoris
1875 3746 2011 3788 con-

2122 3731 2414 3794 Κτίσαντος
2445 3725 2817 3802 γεγενήμεθα.
2851 3725 3156 3798 Ἥμέτερον
3191 3723 3252 3778 δὲ
3275 3721 3339 3776 τὸ
3375 3721 3563 3792 σῶμα,
3605 3718 3705 3773 καὶ

424 3820 528 3879 diti
562 3819 790 3877 fuimus.
834 3819 1095 3877 Nostrum
1134 3831 1270 3878 vero
1309 3829 1394 3876 est
1430 3834 1656 3893 corpus,
1701 3834 1768 3878 ac
1806 3836 2007 3888 sensus

2116 3825 2168 3882 αἱ
2200 3821 2291 3879 διὰ
2333 3819 2528 3877 τούτου
2580 3820 2885 3890 αἰσθήσεις,
2929 3816 3062 3890 περὶ
3103 3815 3256 3887 ἡμᾶς
3302 3814 3359 3868 δὲ
3409 3814 3699 3886 χρήματα,

425 3911 520 3982 qui
548 3928 707 3972 suum
741 3927 838 3983 per
857 3910 993 3966 illud
1021 3927 1224 3970 munus
1247 3910 1475 3968 obeunt.
1513 3909 1675 3967 Circa
1708 3927 1812 3970 nos
1845 3927 2004 3985 opes,

2121 3917 2316 3990 τέχναι,
2339 3916 2436 3971 καὶ
2461 3915 2496 3988 ἠ
2523 3911 2688 3986 λοιπὴ
2714 3911 2809 3967 τοῦ
2843 3911 2957 3984 βίου
2985 3907 3308 3980 κατασκευή
3334 3923 3348 3938 ·
3383 3905 3438 3960 τί
3466 3905 3564 3960 οῦν
3595 3923 3704 3976 φης

425 4014 602 4072 artes,
626 4013 680 4062 et
714 4001 930 4076 reliqua
962 4002 1086 4059 vitae
1114 3997 1391 4060 subsidia.
1426 4002 1573 4071 Quid
1601 4018 1736 4076 ergo
1763 4003 1841 4059 ait
1857 4002 2008 4060 Scri-

2122 4031 2198 4068 τιν
2233 4011 2263 4067 ό
2299 4010 2490 4083 λόγος;
2521 4008 2615 4082 Μὴ
2637 4010 2705 4082 τῇ
2742 4007 2910 4080 σαρκὶ
2938 4005 3199 4078 πρόσεχε,
3233 4002 3372 4074 μηδὲ
3410 3999 3705 4070 τὺταύτης

422 4098 630 4171 pturai
667 4097 746 4154 Nc
792 4097 1053 4154 attendas
1098 4095 1280 4163 carni,
1332 4112 1435 4155 nec
1477 4095 1685 4155 bonum
1724 4096 1846 4169 ejus
1892 4095 2005 4154 ulla

2118 4105 2314 4175 ἀγαθὸν
2339 4106 2402 4160 ὲκ
2430 4102 2635 4167 παντὸς
2660 4102 2865 4173 τρόπου
2891 4098 3076 4164 δίωκε,
3103 4097 3315 4168 ὑγείαν,
3339 4095 3436 4150 καὶ
3475 4095 3701 4160 κάλλος,

422 4193 641 4249 ratione
672 4201 999 4250 consectare
1027 4210 1039 4248 :
1070 4191 1180 4249 hoc
1210 4199 1319 4258 est,
1359 4206 1470 4248 non
1505 4191 1705 4248 bonam
1734 4192 2005 4250 valetudi-

2118 4197 2205 4256 καὶ
2237 4196 2444 4271 ἡδονῶν
2468 4192 2828 4262 ἀπολαύσεις,
2850 4193 2946 4250 καὶ
2978 4177 3377 4265 μακροῦίωσιν,
3401 4189 3543 4262 μηδὲ
3561 4189 3701 4259 χρή-

422 4301 576 4351 ncm,
621 4300 731 4341 non
782 4283 1252 4356 pulchritudinem
1277 4325 1293 4350 ,
1321 4297 1432 4339 non
1470 4284 1814 4355 voluptatum
1856 4284 2005 4367 oblev

2120 4309 2282 4365 ματα,
2314 4290 2414 4346 καὶ
2432 4286 2617 4356 δόξαν,
2635 4287 2732 4343 καὶ
2756 4283 3080 4343 δυναστείαν
3114 4281 3390 4355 θαύμαζε,
3433 4281 3562 4354 μηδ’
3595 4283 3703 4335 ὅσα

421 4385 726 4441 ctamenta.
757 4392 865 4433 non
913 4377 1038 4433 vita:
1081 4376 1511 4434 diuturnitatem
1546 4395 1560 4432 :
1595 4392 1706 4434 non
1756 4377 2002 4446 divitias,

2112 4403 2190 4440 σοι
2236 4383 2338 4454 τῆς
2373 4379 2715 4456 προσκαίρου
2769 4379 2917 4453 ζωῆς
2971 4379 3072 4453 τὴν
3122 4377 3433 4451 ὑπηρεσίαν
3471 4376 3695 4448 πληροῖ.

421 4474 653 4546 gloriam
685 4481 740 4529 et
770 4473 1068 4543 potentiam
1108 4471 1406 4537 admirare,
1437 4487 1539 4527 nec
1559 4471 1833 4543 quidquid
1851 4472 2001 4527 aliud

2118 4478 2279 4534 Ἀλλὰ
2306 4476 2549 4549 πρόσεχε
2579 4475 2817 4548 σεαυτῷ,
2855 4472 3111 4529 τουτέστι
3136 4474 3202 4546 τῇ
3225 4471 3373 4545 ψυχῇ
3401 4486 3520 4525 σου.
3551 4471 3701 4524 Ταύ-

422 4567 772 4638 temporariae
803 4567 928 4621 vitae
967 4564 1310 4621 adminiculo
1344 4575 1451 4623 est.
1493 4567 1695 4622 Verum
1742 4567 1840 4622 tibi
1889 4567 1993 4639 ipsi

2113 4588 2202 4641 την
2245 4571 2691 4638 κατακόσμησον,
2759 4567 2854 4621 καὶ
2915 4564 3123 4638 ταύτης
3187 4559 3490 4635 ἐπιμελοῦ·
3550 4563 3696 4616 ὥστε

424 4657 666 4720 attende.
702 4659 805 4712 hoc
844 4667 930 4713 est
965 4657 1163 4712 anima:
1212 4665 1342 4714 tuae.
1384 4655 1536 4713 Hanc
1565 4673 1795 4725 exorna,
1833 4660 1998 4732 hujus

2112 4663 2282 4717 πάντα
2310 4659 2406 4732 μὲν
2433 4660 2523 4714 τὸν
2552 4662 2616 4714 ὲκ
2645 4659 2910 4731 πονηρίας
2937 4655 3317 4728 ὲπιγινόμενον
3346 4656 3484 4727 αὐτῇ
3522 4655 3695 4726 ῥύπον

419 4766 613 4809 curam
649 4765 799 4822 gere,
853 4750 990 4805 adeo
1041 4759 1102 4805 ut
1145 4749 1269 4821 ejus
1314 4749 1641 4822 spurciticm
1674 4768 1894 4808 omnem
1932 4769 1998 4809 ex

2110 4754 2587 4824 ἀποικονομεϊσθαι
2640 4754 2730 4808 διὰ
2780 4753 2880 4821 τῆς
2935 4746 3233 4824 προσοχῆς,
3257 4750 3368 4804 πᾶν
3401 4749 3459 4803 δὲ
3495 4747 3560 4802 τὸ
3585 4748 3693 4800 ἀπὸ

418 4843 774 4916 improbitate
795 4851 1138 4899 contractam
1180 4843 1427 4901 adhibita
1463 4847 1766 4902 attentione
1808 4848 1998 4902 discu-

2110 4851 2306 4911 κακίας
2337 4843 2526 4918 αἶσχος
2552 4844 3049 4918 ἀποκαθαίρεσθαι,
3086 4843 3249 4898 παντὶ
3271 4843 3330 4898 δὲ
3360 4841 3439 4915 τῷ
3469 4841 3531 4908 ἐξ
3565 4843 3693 4912 ἀρε-

419 4941 545 4998 tias.
596 4951 928 5007 omnemque
969 4937 1178 4991 illatam
1233 4952 1261 4991 a
1299 4937 1434 4992 vitio
1464 4937 1762 4994 fmditatcm
1825 4942 1998 5004 cluas.

2108 4947 2198 5016 τῆς
2227 4941 2412 4998 κάλλει
2440 4943 2810 5011 κατακοσμεῖν
2857 4939 3031 5012 αὐτὴν
3060 4941 3156 4994 καὶ
3188 4937 3529 5010 φαιδρύνειν.
3576 4936 3691 5000 Ἐξ-

415 5042 469 5082 (ιι
499 5029 650 5084 omni
685 5045 805 5100 quae
834 5045 897 5084 es
930 5030 1135 5084 virtute
1164 5028 1548 5099 proﬁciscatur
1581 5031 1852 5103 elegantia
1877 5051 1997 5089 eam

2103 5037 2293 5090 ἐτασον
2352 5034 2599 5099 σεαυτὸν,
2652 5033 2738 5097 τίς
2766 5027 2853 5086 εί·
2886 5032 3055 5102 γνῶθι
3098 5029 3327 5086 σεαυτοῦ
3375 5030 3474 5102 τὴν
3499 5032 3686 5099 φύσιν,

417 5136 608 5189 ornes,
649 5135 714 5177 ac
742 5120 978 5176 nitidam
1011 5121 1237 5178 reddas.
1287 5122 1552 5193 Expende
1587 5125 1842 5194 quisnam
1883 5125 1999 5196 ipse

2104 5131 2182 5184 ὃτι
2213 5127 2406 5200 θνητὸν
2431 5127 2531 5198 μέν
2555 5144 2648 5181 σου
2675 5127 2734 5180 τὸ
2752 5125 2934 5198 σῶμα,
2955 5125 3226 5188 ἀθάνατος
3251 5123 3308 5177 δὲ
3335 5125 3368 5195 ἠ
3395 5122 3572 5196 ψυχὴ,
3594 5124 3687 5177 καὶ

417 5216 495 5270 sis
529 5233 542 5269 ε
584 5223 853 5272 tuammet
892 5221 1143 5270 naturam
1183 5230 1350 5272 nosce
1384 5235 1396 5269 :
1431 5233 1627 5287 nempe
1665 5217 1813 5288 quod
1846 5234 1999 5273 mor-

2102 5225 2184 5278 ὅτι
2213 5221 2372 5294 διπλῆ
2412 5238 2496 5281 τις
2557 5218 2773 5292 ὴμῶνή
2817 5218 2966 5291 ζωήο
2994 5219 3027 5290 ἡ
3060 5216 3157 5290 μὲν
3208 5215 3386 5272 οίκεία
3411 5219 3479 5289 τῇ
3519 5217 3685 5288 σαρκὶ

417 5317 527 5363 tale
555 5310 653 5366 tibi
687 5324 890 5381 corpus
918 5311 1011 5376 sit,
1046 5309 1268 5366 animus
1307 5310 1636 5368 immortalis
1668 5331 1683 5369 :
1718 5311 1866 5385 quod
1898 5314 2000 5369 du-

2102 5311 2235 5382 ταχὺ
2269 5309 2678 5382 παρερχομένην
2708 5312 2740 5378 ἡ
2771 5309 2830 5362 δὲ
2875 5309 3148 5378 συγγενὴς
3191 5309 3258 5379 τῇ
3291 5306 3462 5379 ψυχῆς
3495 5307 3574 5377 μὴ
3598 5307 3685 5360 δε-

419 5401 545 5473 plex
585 5403 822 5472 quodam
867 5406 1030 5459 modo
1079 5409 1276 5459 natura
1311 5414 1504 5459 nostra
1533 5408 1629 5472 sit,
1663 5407 1833 5463 altera
1869 5423 1995 5462 cor-

2101 5403 2304 5477 χομένη
2335 5405 2713 5476 περιγραφήν.
2748 5402 2996 5475 Πρόσεχε
3027 5397 3123 5457 οὖν
3146 5399 3380 5471 σεαυτῷ,
3417 5401 3556 5471 μηδὲ
3573 5402 3683 5464 τοῖς

419 5496 574 5564 poris
623 5495 866 5565 propria,
911 5497 1168 5552 celeriter
1213 5497 1411 5564 (luens,
1459 5499 1633 5553 altera
1677 5499 1874 5554 animae
1907 5515 2001 5554 co-

2101 5497 2316 5570 θνητοῖς
2340 5496 2414 5561 ὼς
2438 5495 2628 5560 ἀϊδίοις
2657 5496 3021 5569 ἐναπομένῃς,
3077 5496 3216 5567 μήτε
3245 5494 3356 5549 τῶν
3391 5495 3587 5549 ἀϊδίων
3610 5493 3683 5557 ὡς

423 5594 614 5658 gnata,
640 5587 847 5643 nullam
877 5589 1443 5660 circumscriptionem
1473 5592 1790 5649 admittens.
1830 5592 1999 5664 igitur

2101 5591 2533 5664 παρερχομένων
2584 5590 3026 5664 καταφρονήσῃς,
3096 5588 3377 5662 Ὑπερόρα
3433 5589 3679 5661 σαρκός,

424 5677 648 5740 attende
699 5680 795 5736 tibi
843 5679 971 5753 ipsi,
1022 5699 1122 5738 nec
1165 5685 1220 5739 in
1271 5686 1594 5741 mortalibus
1642 5685 1802 5741 rebus
1850 5689 2000 5743 velut

2104 5687 2436 5757 παρέρχεται
2462 5684 2588 5754 γάρ.
2631 5682 2923 5755 Ἐπιμελοῦ
2960 5683 3159 5755 ψυχῆς,
3189 5683 3525 5755 πράγματος
3549 5682 3687 5737 ἀθα-

427 5774 990 5845 sempiternislmre;
1021 5792 1120 5832 nec
1144 5794 1342 5834 rursus
1368 5780 1699 5848 sempiterna
1738 5781 1816 5834 uti
1850 5797 1999 5836 mor-

2102 5779 2280 5832 νὰτου.
2319 5775 2603 5846 Ἐπίστηθι
2635 5776 2771 5846 μετὰ
2800 5778 2980 5847 πάσης
3007 5775 3295 5847 ἀκριϐείας
3326 5777 3568 5846 σεαυτῷ,
3599 5779 3680 5830 ἵνα

430 5865 558 5923 talia
595 5873 905 5925 contemne.
942 5867 1177 5929 Carnem
1205 5883 1504 5948 aspernare
1543 5887 1553 5925 :
1600 5870 1793 5929 difﬂuit
1825 5872 1994 5929 enim.

2102 5873 2244 5945 εἰδῇς
2266 5871 2509 5944 ἑκατέρῳ
2525 5869 2798 5942 διανέμειν
2821 5870 2880 5926 τὸ
2905 5871 3230 5947 πρόσφορον·
3257 5874 3420 5945 σαρκὶ
3443 5872 3545 5946 μὲν
3568 5873 3681 5929 δια-
