4010 6302
319 333 456 400 1305

1593 337 1833 400 ΞᾹΕΒΛ
1864 335 2329 400 PARALLELA.

3454 325 3592 394 1306

315 465 521 518 σωμεν,
553 446 668 502 ἀλλ’
695 447 780 502 ἵνα
823 445 1276 521 προσπλήςωμεν,
1312 442 1404 497 καὶ
1442 449 1742 521 ἀπολογίαν
1777 449 1884 523 ἔχω

2015 467 2157 518 mur,
2171 451 2267 508 sed
2298 458 2356 507 ut
2380 447 2632 506 morbum
2656 446 3063 511 exulceremus,
3081 450 3248 516 atque
3273 457 3337 500 ex
3354 442 3591 500 aliorum

316 556 416 611 μεν
446 539 557 595 τῶν
579 541 866 612 ἡμετέρων
914 541 1100 598 κακῶν
1150 543 1219 596 τὰ
1257 543 1366 597 τῶν
1425 543 1672 615 πλησίων
1724 543 1899 618 τραύ-

317 649 490 703 ματα.
523 633 745 697 Κακοὺς
781 633 837 687 δὲ
877 633 971 688 καὶ
1015 635 1279 704 ἀγαθοὺς,
1323 636 1423 708 οὐχ
1464 636 1495 690 ὁ
1535 637 1763 709 τρόπος,
1787 623 1904 692 ἀλλ’

316 726 655 798 ήδιάστασις
685 726 782 780 καὶ
817 727 851 800 ἡ
895 727 1047 796 φιλία
1088 728 1522 802 χαρακτηρίζει⁹
1570 730 1668 785 καὶ
1720 729 1756 787 ἃ
1803 730 1903 802 σή·-

314 837 480 892 μερον
512 820 864 892 ἐπαινοῦμεν,
894 821 1084 896 αὔριον
1099 821 1458 896 ὲκακίσαμεν.

395 913 762 985 Ἐνὲγκωμεν
792 914 964 985 θυμὸν
1015 915 1092 980 ὥς
1131 915 1344 989 θηρίον,
1383 919 1480 971 καὶ
1530 916 1783 987 γλῶσσαν
1824 916 1902 981 ὡς

308 1006 478 1076 τομὸν
529 1007 706 1077 ξίφος,
758 1007 856 1062 καὶ
907 1007 1106 1081 ἡδονὴν
1129 1008 1216 1086 ,ὡς
1266 1009 1382 1081 πῦρ
1426 1009 1895 1081 κατασϐέσωμεν·

309 1099 536 1171 θώμεθα
575 1103 696 1165 ταῖς
732 1101 927 1161 ἀκοαῖς
963 1100 1136 1174 θύρας
1165 1100 1349 1167 καλῶς
1378 1102 1767 1174 ἀνοιγομένας,
1801 1100 1899 1156 καὶ

309 1193 656 1263 κλειομένας,
689 1195 784 1247 καὶ
837 1194 928 1248 τὸν
965 1193 1246 1265 ὀφθαλμὸν
1291 1195 1744 1266 σωφρονίσωμεν,
1798 1192 1897 1246 καὶ

309 1286 502 1354 γεῦσιν
553 1287 994 1358 σπαράττουσαν,
1043 1287 1121 1360 μὴ
1167 1286 1398 1351 θάνατος
1442 1285 1618 1359 ἀναϐῇ
1657 1285 1745 1342 διὰ
1787 1284 1896 1340 τῶν

310 1377 542 1452 θυρίδων
585 1379 762 1452 ἡμῶν,
802 1380 895 1434 καὶ
936 1379 1171 1449 γέλωτος
1203 1380 1472 1453 ἀμετρίας
1512 1376 1898 1449 καταγελάσον-

308 1490 433 1542 μεν.

388 1656 447 1710 ὐ
482 1653 594 1725 ἄρα
635 1651 919 1723 γινώσκων
954 1652 1169 1718 ἑαυτὸν,
1198 1650 1364 1716 τόπος
1407 1649 1528 1706 εστὶ
1571 1651 1671 1708 καὶ
1703 1649 1894 1725 θρόνος

307 1747 403 1803 τοῦ
435 1747 668 1817 Κυρίου.

373 1845 563 1900 Βούλει
587 1843 793 1917 γνῶναι
814 1843 952 1900 Θεόν
969 1859 991 1911 ;
1009 1839 1298 1916 προλαϐὼν
1320 1839 1490 1914 γνῶθι
1523 1838 1774 1900 σεαυτόν.

375 2028 500 2084 Βίον
567 2026 851 2098 ἀλλότριον
931 2022 1418 2098 περιεργάζεσθαι,
1497 2018 1887 2092 ἀνελευθερίας

297 2121 558 2193 ἐσχάτης.
616 2117 934 2190 Οὐδαμόθεν
1005 2115 1115 2186 γάρ
1162 2115 1437 2187 ἠμέληται
1489 2113 1560 2168 τά
1614 2111 1884 2186 ἡμέτερα,

297 2218 333 2290 ἢ
367 2220 432 2271 ὲκ
477 2213 572 2272 τοῦ
624 2214 695 2270 τὰ
742 2214 1000 2285 ἀλλότρια
1043 2211 1526 2283 πολυπραγμονεῖν
1583 2207 1678 2263 καὶ
1724 2223 1884 2276 περι-

298 2309 651 2382 εργάζεσθαι.
709 2307 786 2362 Οὐ
846 2305 958 2378 γὰρ
1024 2302 1175 2358 ἔστιν
1243 2301 1533 2374 ἄνθρωπον
1611 2299 1743 2364 τοὺς
1787 2298 1885 2352 ἀλ-

296 2401 549 2473 λοτρίους
591 2395 1160 2469 πολυπραγμονοῦντα
1213 2394 1382 2466 βίους,
1408 2393 1511 2464 τῆς
1533 2390 1742 2454 οἰκείας
1767 2390 1886 2445 ἑπι-

299 2491 603 2564 μεληθῆναί
630 2507 763 2546 ποτε
797 2489 967 2560 ζωῆς.
1007 2489 1122 2560 Τῆς
1171 2488 1280 2558 γάρ
1328 2485 1569 2557 σπουδῆς
1599 2481 1750 2555 αὐτῷ
1782 2482 1890 2538 πά-

298 2603 400 2658 σης
451 2586 533 2649 είς
581 2585 684 2656 τὴν
728 2581 838 2636 τῶν
889 2580 1098 2653 ἑτέρων
1155 2574 1697 2650 πολυπραγμοσύνην
1757 2575 1886 2628 ἀνα·

294 2678 649 2750 λισκομένης,
704 2675 922 2746 ἀνάγκη
963 2671 1034 2728 τά
1071 2668 1242 2726 αὑτοῦ
1290 2668 1484 2735 ἁπλῶς
1534 2668 1752 2722 κεῖσθαι
1789 2665 1885 2721 καὶ⁸

291 2773 682 2846 ἠμελημένως.

366 2867 479 2924 Καὶ
506 2865 683 2929 άλλως
708 2863 766 2920 δὲ
793 2862 1041 2935 πέφυκεν
1064 2861 1374 2934 ἄνθρωπος,
1404 2856 1473 2913 τά
1527 2857 1626 2927 μὲν
1681 2872 1884 2926 κατορ-

293 2959 524 3032 θώματα
547 2956 644 3012 τοῢ
688 2955 940 3029 πλησίον,
987 2954 1088 3010 καὶ
1129 2953 1307 3008 πολλά
1347 2953 1499 3015 ὄντα,
1536 2951 1631 3006 καὶ
1667 2946 1883 3022 μεγάλα

289 3051 542 3124 παρορᾷν
563 3065 580 3084 ο
610 3050 660 3103 εί
698 3047 758 3103 δὲ
809 3044 1105 3118 ὲλάττωμά
1141 3061 1244 3099 που
1297 3045 1462 3115 φανῇ,
1488 3041 1595 3096 κᾶν
1631 3040 1693 3094 τὸ
1715 3039 1882 3111 τυχὸν

288 3141 350 3223 ᾖ,
394 3143 502 3200 κᾶν
541 3140 631 3196 διὰ
667 3139 898 3203 πολλοὺς
949 3135 1321 3209 συμϐεϐηκὸς,
1355 3136 1451 3190 καὶ
1489 3131 1881 3188 ἔπαισθάνεται

288 3237 522 3310 ταχέως,
547 3232 646 3289 καὶ
672 3230 1110 3303 ἐπιλαμϐάνεται
1158 3227 1493 3301 προχείρως,
1524 3227 1618 3281 καὶ
1667 3225 1882 3296 μέμνη-

287 3343 382 3382 ται
429 3325 521 3381 διὰ
563 3322 788 3388 παντός.
822 3322 935 3379 Καὶ
981 3319 1042 3376 τὺ
1082 3320 1280 3393 μικρὸν
1304 3319 1465 3375 τοῦτο
1515 3319 1614 3374 καὶ
1644 3318 1882 3382 εὐτελὲς,

286 3420 402 3476 τῶν
428 3417 642 3475 πολλῶν
668 3417 764 3474 καὶ
790 3415 1048 3492 μεγάλων
1082 3413 1349 3479 πολλάκις
1379 3412 1666 3486 ἠλάττωσε
1698 3412 1882 3479 δόξαν.

606 3621 794 3678 ΤιΤΛ.
827 3618 901 3676 Γ’.
923 3649 993 3662 --
1009 3616 1150 3688 Περί
1178 3613 1562 3690 γογγυσμῶν.

364 3759 389 3795 ε
415 3734 527 3796 Ἦν
557 3740 588 3796 ὀ
611 3735 740 3803 λαὸς
768 3734 1056 3807 γογγύξων
1076 3749 1093 3765 ⁶
1118 3732 1213 3788 καὶ
1239 3729 1500 3805 ἐθυμώθη
1533 3727 1763 3802 Κύριος,
1788 3725 1886 3782 καὶ

285 3831 555 3904 ἐξεκαύθη
582 3831 713 3904 πῦρ,
737 3829 833 3886 καὶ
853 3828 1132 3898 κατέφαγε
1157 3824 1323 3901 μέρος
1347 3823 1446 3895 τῆς
1471 3818 1883 3896 παρεμϐολῆς.)

349 4031 370 4068 ι
408 4009 721 4079 ὼλάξασθε
763 4008 1081 4080 γογγυσμδν
1121 4006 1402 4079 ἀνωφελῆ,
1447 4005 1547 4061 καὶ
1571 4005 1678 4062 ἀπὺ
1709 4021 1884 4061 καταο

285 4105 474 4170 λαλιᾶς
502 4101 762 4176 φείσασθε
795 4101 1070 4174 γλώσσης,
1089 4099 1175 4155 δτι
1198 4098 1420 4172 πνεῦμα
1443 4097 1703 4171 λαθραῖον
1724 4096 1886 4153 κενὸν

281 4201 348 4256 οὐ
377 4198 726 4272 πορεύσεται.
768 4215 788 4250 t

358 4313 378 4347 ι
422 4291 589 4365 Ἀνὴρ
615 4291 937 4361 επιστήμων
954 4287 1017 4342 οὕ
1047 4286 1335 4359 γογγύζει.
1375 4304 1398 4340 ι

358 4403 379 4438 ι
411 4382 505 4455 Mi;
536 4379 860 4453 γογγύζετε,
899 4378 1082 4444 καθώς
1107 4395 1254 4445 τινες
1277 4375 1740 4448 ὲγόγγυσαν,ξκαὶ
1773 4375 1881 4430 άπ-

279 4475 483 4533 ώλοντο
512 4474 616 4530 ὑπὸ
644 4473 738 4528 τοῦ
765 4467 1111 4545 ὀλοθρευτοῦ.
1141 4488 1160 4524 ι
1545 4481 1550 4488 ·

357 4676 379 4708 ι
410 4656 595 4711 Πάντα
645 4656 850 4710 ποιεῖτε
897 4653 1028 4710 ἀνευ
1083 4648 1440 4724 γογγυσμῶν,
1493 4649 1584 4705 ἴνα
1631 4649 1870 4723 γένησθε

279 4752 582 4821 ἄμεμπτοι.
625 4767 646 4803 ι

362 4843 760 4917 Ἀπρόσδεκτος
811 4841 848 4916 ἠ
904 4840 1018 4898 ἀπὸ
1057 4841 1172 4898 τῶν
1227 4841 1552 4913 γογγυστῶν
1607 4840 1866 4914 ἐργασία,

272 4937 349 5004 ὡς
379 4935 542 4990 θυσία
564 4934 874 5008 ἑπίμωμος.
902 4963 975 4976 --
1003 4933 1126 5007 Χρή
1147 4931 1245 4989 οὖν
1289 4935 1351 4990 τὸ
1390 4936 1485 4990 τοῦ
1514 4933 1748 5006 ὀκνηροῦ
1774 4935 1869 4988 καὶ

272 5028 622 5103 ἀντιλογικοῦ
678 5028 838 5102 ἔργον
891 5027 1260 5100 ἀλλοτριιῖισαι
1316 5029 1420 5099 τῆς
1477 5027 1861 5101 ἀδελφότητος.

269 5358 458 5415 ἸΊΤΛ.
497 5359 573 5415 Δ⁹.
593 5355 828 5430 -Ληερί
856 5357 1154 5430 γερόντων
1179 5357 1280 5413 καί
1305 5357 1582 5415 παλαιῶν
1597 5359 1866 5430 ἀνδρῶν’

593 5426 696 5484 καὶ
723 5426 804 5496 ὥς
841 5426 958 5500 χρὴ
989 5429 1270 5500 τιμᾶσθαι
1297 5431 1544 5498 αὐτούς.

349 5562 376 5600 ε
421 5545 556 5601 Ἀπὸ
576 5546 869 5616 προσώπου
903 5544 1091 5600 πολιοῦ
1115 5544 1480 5622 ἐξαναστήσῃ,
1497 5550 1591 5604 καὶ
1609 5551 1864 5622 τιμήσεις

275 5635 575 5714 πρόσωπον
602 5638 1004 5713 πρεσϐυτέρου.
1038 5659 1056 5691 r

353 5747 375 5783 ε
427 5729 810 5805 Ἐπεριῖηησον
869 5731 962 5787 τὸν
1006 5731 1221 5806 πατέρα
1267 5748 1383 5799 σου,
1433 5733 1530 5791 καὶ
1572 5733 1867 5808 ἀναγγελεῖ

275 5839 389 5894 σοι,
411 5824 538 5894 τοὺς
571 5822 976 5901 πρεσϐυτέρους
1009 5842 1126 5894 σου,
1155 5827 1250 5886 καὶ
1285 5828 1473 5904 ἐροῦσι
1493 5847 1597 5890 σοι.
1639 5849 1662 5886 ›

2013 542 2331 602 vulneribus
2394 543 2558 598 malis
2593 540 2799 598 nostris
2849 549 3098 597 texamus
3151 538 3590 596 excusationem.

2012 639 2180 695 Malos
2205 649 2373 709 porro
2396 651 2459 693 ac
2487 636 2685 700 bonos,
2719 650 2826 691 non
2882 648 3092 700 mores,
3118 631 3214 690 sed
3266 630 3588 691 dissidium,

2010 731 2095 788 vel
2116 729 2389 797 amicitia,
2412 744 2512 786 ceu
2547 729 2721 785 certis
2743 726 3078 799 quibusdam
3103 726 3256 784 notis
3279 724 3541 800 exprimit
3569 740 3588 780 :

2008 836 2062 882 et
2106 839 2229 897 quae
2256 822 2425 879 hodie
2452 820 2761 887 laudamus,
2790 823 3037 877 crastino
3069 819 3159 876 die
3187 820 3587 889 vituperamus.

2076 916 2353 988 Ejusdem.
2383 948 2456 958 —
2486 914 2836 970 lracundiam
2875 928 2979 971 ceu
3009 913 3254 970 belluam
3285 912 3584 985 quamdam

2006 1011 2409 1078 sustineamus,
2465 1018 2521 1067 et
2553 1007 2804 1082 linguam
2844 1017 2902 1064 ut
2952 1016 3291 1080 prmacutum
3343 1006 3586 1078 gladium

2005 1104 2402 1170 retundamus;
2426 1101 2759 1175 voluptatem
2782 1109 3040 1170 tanquam
3066 1099 3249 1171 ignem
3271 1098 3591 1169 exstingua—

2005 1214 2166 1266 mus;
2220 1198 2422 1269 jannas
2476 1196 2709 1253 auribus
2748 1207 3116 1267 apponamus,
3181 1207 3305 1262 qua
3331 1192 3435 1248 rite
3459 1205 3584 1246 cum

2003 1292 2353 1365 aperiantur,
2416 1298 2534 1346 tum
2563 1290 2931 1354 claudantur;
2977 1295 3145 1358 atque
3177 1285 3399 1341 oculum
3425 1298 3585 1339 coer-

2001 1399 2228 1442 ceamus
2249 1424 2265 1450 ,
2298 1392 2353 1441 et
2382 1392 2602 1457 gustum
2645 1383 3015 1446 vellicantem,
3041 1396 3110 1435 ne
3137 1394 3287 1435 mors
3311 1394 3407 1449 per
3433 1377 3585 1432 fene-

2001 1486 2147 1535 stras
2189 1483 2418 1533 nostras
2485 1473 2778 1540 ascendat,
2827 1472 3356 1542 immoderatumque
3413 1472 3583 1526 risum

1999 1570 2359 1628 irrideamus.

2070 1660 2330 1716 Clement.
2352 1687 2422 1700 —-
2451 1657 2558 1726 Qui
2595 1671 2730 1730 ergo
2761 1654 3014 1728 scipsum
3060 1656 3329 1727 agnoscit,
3364 1655 3580 1710 Domini

1995 1749 2158 1808 locus
2189 1757 2244 1805 et
2271 1749 2430 1806 sedes
2451 1753 2560 1805 est.

1913 1831 1960 1891 Β
2064 1843 2259 1914 Euagr.
2297 1871 2369 1883 —-
2403 1839 2503 1899 Vis
2533 1839 2707 1897 Deum
2741 1840 2949 1898 nosse?
2999 1838 3160 1911 prius
3186 1838 3242 1896 id
3279 1853 3380 1911 age
3409 1849 3470 1896 ut
3499 1847 3578 1896 te-

1986 1936 2169 2010 ipsum
2189 1948 2418 1992 noscas.

2059 2030 2346 2102 Chrysost.
2378 2058 2451 2070 --
2469 2027 2719 2084 Alterius
2748 2025 2916 2083 vitam
2969 2023 3336 2098 perscrutari,
3364 2025 3581 2082 servilis

1987 2139 2156 2196 supra
2186 2123 2412 2179 modum
2433 2119 2599 2195 503
2626 2128 2713 2178 est
2740 2119 2933 2176 animi.
2959 2117 3150 2191 Neque
3174 2118 3320 2175 enim
3352 2117 3580 2173 aliunde

1988 2223 2048 2278 lit
2081 2230 2141 2279 ut
2177 2228 2370 2280 nostra
2400 2218 2778 2293 negligamus,
2809 2231 2974 2289 quam
3007 2216 3152 2287 quod
3179 2214 3235 2270 in
3266 2214 3464 2271 alienis
3493 2211 3578 2268 in.

1985 2313 2277 2390 quirendis
2337 2310 2808 2382 excutiendisque
2852 2308 3045 2366 attenti
3087 2323 3306 2364 sumus.
3338 2305 3484 2363 Fieri
3505 2307 3583 2361 si-

1985 2409 2210 2481 quidem
2275 2421 2386 2463 non
2417 2411 2622 2476 potest,
2677 2411 2740 2461 ut
2771 2403 2940 2462 homo
2993 2401 3089 2473 qui
3125 2401 3294 2457 vitam
3332 2399 3578 2456 aliorum

1985 2507 2389 2573 perscrutatur,
2414 2512 2529 2554 suae
2549 2511 2796 2568 unquam
2816 2508 3008 2552 curam
3034 2494 3255 2552 habeat.
3286 2491 3426 2548 Nam
3449 2509 3577 2550 cum

1984 2591 2105 2664 ejus
2139 2605 2305 2647 omne
2333 2589 2581 2648 studium
2614 2589 2672 2644 in
2715 2588 2845 2645 aliis
2877 2585 3235 2660 inquirendis
3286 2601 3580 2643 consuma-

1985 2694 2096 2749 tur.
2129 2684 2304 2755 ipstus
2334 2683 2496 2754 piane
2528 2696 2619 2737 res
2643 2680 2919 2752 neglectas
2944 2680 3129 2752 jacere
3145 2694 3434 2735 necessum
3469 2686 3574 2734 est.

2060 2775 2246 2845 Ejusd.
2318 2772 2414 2828 lib.
2461 2786 2496 2827 ν
2532 2769 2606 2828 De
2659 2767 2968 2828 saeerd.-—-
3022 2768 3190 2840 Atqui
3243 2769 3353 2824 alio
3412 2766 3578 2824 modo

1984 2878 2366 2941 comparatum
2427 2876 2550 2936 est,
2609 2872 2670 2920 ut
2721 2864 2892 2922 homo
2925 2863 3165 2936 proximi
3225 2872 3376 2919 recte
3402 2860 3577 2930 facta,

1983 2963 2242 3036 quamvis
2295 2975 2362 3018 ea
2442 2958 2610 3032 multa
2681 2972 2991 3031 magnaque
3028 2957 3162 3026 sint,
3213 2954 3574 3026 contemptim

1982 3061 2198 3112 cernat.
2248 3054 2321 3107 At
2360 3052 2408 3110 si
2448 3050 2646 3106 vitium
2693 3063 2930 3121 usquam
2957 3055 3245 3119 appareat,
3277 3053 3576 3119 quantum-

1984 3147 2122 3203 iibct
2150 3146 2254 3202 hoc
2279 3143 2400 3200 leve
2437 3142 2532 3211 sit,
2565 3152 2620 3199 et
2649 3158 2681 3197 a
2713 3142 2906 3198 multis
2932 3139 3266 3204 factitatum,
3303 3138 3357 3194 id
3382 3154 3578 3210 qnam-

1988 3244 2226 3317 primum
2280 3238 2701 3305 animadvertit,
2745 3246 2802 3295 et
2853 3245 3110 3310 prompte
3145 3236 3349 3308 carpit,
3375 3250 3578 3306 perpe-

1987 3348 2192 3409 tuaque
2252 3334 2519 3393 memoria
2590 3333 2784 3404 agitat.
2842 3329 2958 3387 Hoc
3024 3344 3194 3401 porro
3256 3343 3484 3401 parvum
3520 3335 3576 3383 et

1985 3431 2117 3500 vile,
2152 3434 2451 3488 multorum
2499 3445 2646 3505 saepe
2673 3440 3114 3501 magnorumque
3144 3423 3400 3479 virorum
3455 3421 3574 3494 glo-

1985 3525 2125 3582 riam
2155 3526 2376 3582 minuit.

2267 3637 2404 3696 ΤΙΤ.
2428 3637 2518 3694 lii.
2546 3669 2616 3682 ο·-
2637 3636 2716 3695 De
2745 3633 3286 3692 murmurationibus.

2060 3749 2227 3808 Num.
2270 3763 2349 3818 τι,
2382 3751 2435 3817 1,
2465 3749 2525 3806 2.
2546 3779 2619 3795 --
2643 3767 2668 3804 ε
2699 3746 2837 3805 Erat
2887 3747 3131 3820 populus
3167 3757 3522 3800 murmurans
3552 3757 3566 3794 :

1982 3851 2042 3902 et
2068 3843 2244 3901 iratus
2271 3850 2358 3902 est
2387 3841 2676 3910 Dominus,
2709 3849 2767 3899 et
2806 3841 3019 3899 exarsit
3047 3837 3216 3912 ignis,
3246 3845 3303 3893 et
3328 3834 3572 3893 comedit

1983 3947 2197 4011 partem
2223 3948 2556 3995 castrorum.
2582 3955 2606 3992 ι
2891 3986 2894 3990 ί

2054 4028 2187 4102 Sap.
2221 4030 2379 4099 1,12.
2409 4061 2484 4075 -
2519 4048 2538 4083 ε
2570 4027 2861 4087 Custodite
2917 4040 3066 4085 voss
3105 4023 3565 4086 murmuratione.

1981 4140 2105 4198 qua:
2126 4124 2265 4182 nihil
2293 4124 2540 4197 prodest,
2560 4132 2617 4179 et
2642 4137 2672 4178 a
2702 4120 3047 4180 detractione
3076 4119 3288 4191 parcite
3315 4117 3520 4189 lingua
3551 4133 3567 4172 :

1980 4216 2113 4288 quia
2145 4215 2378 4288 spiritus
2402 4213 2680 4270 obscurus
2709 4212 2768 4268 in
2809 4226 3043 4269 vacuum
3076 4225 3186 4266 non
3221 4208 3343 4265 ibit.
3382 4225 3402 4261 ι

2053 4307 2224 4365 Eccli.
2247 4323 2302 4377 v,
2330 4307 2423 4363 25.
2452 4336 2524 4348 —
2561 4324 2581 4360 ι
2610 4305 2710 4362 Vir
2733 4305 2957 4377 sapiens
2985 4317 3097 4360 non
3139 4299 3566 4358 murmurabit.»

2050 4404 2080 4458 1
2110 4401 2237 4459 Cor.
2286 4416 2342 4470 ε,
2375 4400 2464 4459 to.
2487 4429 2555 4444 --
2599 4419 2622 4455 ε
2653 4399 2733 4458 Ne
2767 4398 3150 4466 murmuretis,
3205 4395 3556 4468 quemadmo-

1884 4496 1948 4567 '_
1979 4497 2113 4552 dum
2148 4491 2377 4567 quidam
2404 4499 2915 4559 murmuraverunt,
2955 4498 3015 4548 et
3068 4491 3349 4564 perierunt
3370 4488 3438 4545 ab
3470 4504 3568 4544 ex-

1906 4555 1956 4616 D

1984 4587 2361 4647 terminatore.
2390 4603 2412 4640 ε

2045 4701 2284 4773 Philipp.
2338 4716 2408 4766 rt,
2444 4701 2532 4760 ιε.
2561 4729 2633 4742 —--
2663 4717 2683 4753 ι
2714 4696 2912 4756 Omnia
2956 4695 3120 4753 facite
3159 4693 3282 4750 sine
3312 4705 3558 4747 murmu-

1973 4795 2310 4859 rationibus.
2339 4805 2402 4850 ut
2432 4793 2555 4852 sitis
2594 4795 2718 4852 sine
2751 4791 3211 4866 reprehensione.
3245 4809 3264 4842 ι

2043 4882 2218 4941 Basii.
2254 4884 2378 4956 Reg.
2408 4884 2584 4955 fusius
2631 4885 2835 4955 disput.
2876 4900 3015 4954 resp.
3043 4885 3132 4941 39.
3171 4915 3236 4926 --
3265 4887 3560 4954 Acreptum

1972 4991 2114 5048 opus
2139 4991 2250 5032 non
2273 4985 2382 5044 est,
2413 4976 2561 5048 quod
2597 4992 2627 5031 a
2658 4976 3137 5033 murmurantibus
3173 4974 3420 5038 oﬂ'ertur,
3451 4989 3558 5027 non

1975 5084 2144 5126 secus
2200 5085 2266 5125 ac
2297 5068 2520 5126 victima
2578 5069 2670 5124 cui
2732 5070 2922 5126 subest
2961 5070 3196 5125 macula.
3231 5097 3301 5109 --
3330 5068 3555 5138 Oportet

1971 5177 2101 5235 ergo
2149 5164 2335 5236 segnis
2365 5174 2421 5220 et
2450 5163 2782 5222 reluctantis
2830 5177 2974 5235 Opus
3015 5161 3270 5220 sodalitio
3323 5159 3557 5215 fratrum

1970 5269 2179 5311 arcere.

1970 5368 2110 5428 TIT.
2163 5370 2258 5428 IV.
2296 5401 2368 5414 ιι·-
2393 5370 2472 5427 De
2498 5373 2736 5438 senibus,
2783 5382 2835 5427 et
2874 5383 3030 5446 ωροτε
3073 5371 3331 5446 protecti:
3372 5370 3501 5427 viris
3532 5391 3553 5430 :

2285 5452 2336 5499 et
2373 5447 2514 5514 quod
2539 5460 2626 5502 eos
2655 5455 2892 5514 oporteat
2927 5445 3210 5504 honorare.

2041 5552 2210 5611 Leuit.
2237 5571 2352 5621 xu,
2385 5555 2477 5612 32.
2504 5587 2575 5599 —-
2617 5576 2640 5610 ι
2658 5558 2862 5614 Coram
2898 5573 3038 5618 cano
3067 5563 3248 5634 capite
3269 5580 3553 5638 assurgvs,

1969 5653 2025 5704 et
2063 5647 2362 5704 lmnorabis
2395 5648 2592 5706 faciem
2615 5650 2872 5709 senioris.
2901 5671 2920 5705 ι

2041 5737 2202 5795 Deut.
2236 5757 2410 5806 χχιιι,
2443 5741 2499 5798 ’1.
2538 5769 2609 5786 --
2646 5762 2666 5797 ι
2711 5742 2988 5821 Interroga
3036 5757 3244 5819 patrem
3282 5760 3457 5818 tuum,
3490 5761 3548 5809 et

1972 5831 2326 5892 annuntiabit
2366 5831 2488 5901 tibi,
2523 5845 2578 5893 et
2630 5837 2878 5895 seniores
2906 5845 3053 5908 tuos,
3080 5848 3134 5898 ct
3167 5839 3348 5900 dicent
3368 5839 3490 5900 tibi.
3517 5859 3541 5897 ε
