4010 6302
461 335 592 407 i311

458 556 604 609 tata,
639 550 805 601 rebus
835 547 1089 604 adversis
1125 546 1290 604 facile
1321 549 1560 607 deletur.

533 637 768 711 Didymi.
793 670 864 682 —
888 639 964 694 Ex
1000 641 1261 699 diuturna
1293 643 1652 701 meditatione
1681 652 1737 702 et
1767 648 2043 703 exercita-

1625 345 1688 408 S.
1725 343 2046 407 JOANNIS
2087 346 2518 413 DAMASCENI

530 454 795 526 Theologi.
826 483 897 499 -—
917 453 1107 513 Virtus
1136 457 1190 512 in
1219 458 1534 517 actionibus
1569 462 1795 520 minime
1828 467 2044 522 exerei-
2074 484 2119 538 Α

3593 357 3736 429 1312

2232 463 2428 536 Ἀρετὴ
2481 463 2816 536 ἀμελέτητος
2843 468 2900 522 ἐν
2931 472 3045 537 τοίς
3100 469 3308 544 ῑργοις,
3365 473 3578 554 ταχέως
3625 477 3737 533 ὐωδ

2154 555 2264 610 τῶν
2288 557 2670 631 περιστάσεων
2703 561 3054 632 ἀφανίζεται.

2237 651 2334 707 Ἐκ
2362 651 2593 726 μελέτης
2641 653 2843 727 πολλῆς
2890 657 2988 711 καὶ
3047 658 3337 731 ἀσκήσεως
3367 661 3400 734 ή
3426 638 3678 734 βίασλκαι
3700 666 3738 728 ἡ

458 733 611 788 tione
667 734 1044 806 violentiaet
1098 735 1292 794 feritas
1340 738 1819 810 perturbationum
1873 741 2044 796 animi

2202 745 2410 818 τριότης
2437 746 2544 800 τῶν
2567 746 2757 803 παθῶν
2780 749 3021 807 ἀσθενεῖ.

459 827 758 898 frangitur.

533 919 798 976 Philonis.
832 951 905 963 -—
941 923 1178 981 Assidua
1212 924 1565 993 exercitatio,
1615 925 1828 981 firmam
1864 927 2048 983 scicn-

460 1016 592 1070 tiam
622 1015 810 1086 ellicit,
828 1019 1294 1089 quemadmodum
1319 1021 1738 1078 exercitationis
1766 1023 2048 1094 negligen-

461 1113 535 1164 tia
565 1112 844 1167 inscitiam
873 1114 1041 1184 parit.
1072 1113 1428 1186 Rursumque
1455 1117 1858 1188 experientiam
1885 1124 2049 1190 auget

2230 922 2561 1005 'Hiouvsx'l);
2594 926 2829 1000 ἄσκησις
2850 924 3167 1003 ἐπιστήμην
3192 931 3398 1002 παγίαν
3415 934 3737 1005 ἐργάζεται,

2145 1015 2224 1082 ὡς
2251 1004 2493 1087 ἀμαθίαν
2521 1018 2861 1093 ἀμελετησία
2890 1039 2908 1056 ο
2937 1024 3033 1080 καὶ
3054 1023 3222 1079 πάλιν
3249 1024 3404 1093 αὔξει
3451 1004 3555 1098 τὴν
3619 1030 3741 1080 πεῖ-

2151 1127 2253 1179 ραν
2273 1110 2309 1182 ἡ
2331 1111 2461 1184 περὶ
2495 1112 2669 1185 αὐτὴν
2697 1113 2886 1187 τριϐή.
2913 1145 2988 1157 —-
3017 1116 3238 1190 Μελέτη
3276 1117 3479 1190 τροφὸς
3514 1119 3740 1190 ἐπιστή-

461 1205 708 1260 studium
730 1206 880 1276 quod
912 1206 966 1261 in
998 1223 1063 1262 ea
1094 1209 1424 1265 conteritur.
1445 1240 1514 1250 —
1542 1209 1828 1268 Meditatio
1858 1210 2050 1268 nutrix
2151 1217 2286 1273 μηςο

461 1307 546 1353 est
585 1299 855 1354 scientiae.

710 1389 845 1448 ΤΙΤ.
885 1390 1089 1448 Vll.-—
1111 1391 1188 1448 De
1222 1393 1288 1449 iis
1325 1393 1416 1464 qui
1456 1394 1798 1466 resipiscunt.

536 1485 688 1540 Psal.
729 1502 898 1550 xxxr,
952 1484 1009 1540 5.
1042 1515 1114 1526 —-
1150 1506 1167 1538 ι
1213 1485 1482 1543 Delictum
1533 1503 1713 1543 meum
1765 1488 2049 1559 cognitum

465 1581 562 1633 tibi
605 1579 705 1633 feci
728 1620 742 1645 ,
776 1587 831 1634 et
869 1579 1200 1651 iniustitiam
1235 1595 1412 1634 meam
1445 1596 1556 1636 non
1584 1581 1872 1637 abscondi.
1905 1600 1925 1635 ι

540 1674 689 1730 Ριαι.
729 1689 914 1730 xxxvu
936 1715 952 1742 ,
981 1672 1071 1740 l9,
1096 1704 1152 1714 -—
1197 1693 1215 1725 ι
1248 1673 1600 1744 lniquitatem
1631 1688 1809 1730 meam
1836 1688 2052 1729 annun-

467 1772 617 1827 tiabo
640 1811 656 1835 ,
693 1777 748 1825 et
775 1768 1035 1841 cogitabo
1065 1784 1163 1839 pro
1196 1775 1422 1838 peccato
1453 1781 1600 1823 meo.
1637 1785 1658 1819 ι

2363 1386 2550 1442 ΤΙΤΛ.
2584 1386 2661 1442 Ζ⁹.
2694 1416 2764 1428 --
2791 1389 2930 1458 Περὶ
2955 1388 3523 1460 τνωσιμαχούντων.

2229 1495 2249 1529 ι
2279 1476 2392 1550 Τὴν
2422 1479 2657 1550 ἀνομίαν
2693 1498 2794 1551 μου
2857 1480 3156 1556 ἐγνώρισα,
3207 1481 3301 1536 καὶ
3333 1481 3433 1552 τὴν
3458 1481 3742 1555 ἁμαρτίαν

2154 1586 2258 1642 μου
2284 1571 2384 1626 οὐκ
2422 1571 2688 1644 ἐκάλυψα.
2717 1593 2738 1627 ›

2230 1682 2248 1716 ι
2277 1663 2388 1735 Τὴν
2412 1663 2781 1737 ἀνομίαν“μου
2815 1666 2929 1736 ἐγὼ
2951 1667 3259 1738 ἀναγγελῶ,
3287 1673 3383 1726 καὶ
3418 1673 3743 1744 μεριμνήοω

2154 1755 2298 1829 ὑπὲρ
2316 1757 2416 1830 τῆς
2445 1758 2724 1829 ἁμαρτίας
2753 1776 2876 1831 μου.
2917 1779 2936 1813 ι

541 1867 696 1921 Prov.
717 1879 874 1930 xvut,
895 1861 1293 1919 t7.--r.iustus
1315 1862 1465 1933 prior
1483 1869 1566 1916 est
1589 1867 1886 1916 accusator
1902 1857 2013 1917 sui.
2029 1878 2049 1913 ι

2231 1869 2251 1902 ‹
2278 1850 2499 1915 Δῖκαιος
2517 1852 2713 1907 ἑαυτοῦ
2737 1855 3048 1929 κατήγορος
3075 1854 3137 1910 ὲν
3161 1856 3529 1931 πρωτολογίᾳ.
3551 1876 3569 1911 ι

545 1959 714 2013 Eccli.
743 1971 908 2021 mu,
943 1956 1118 2012 t9.—
1143 1973 1164 2007 ι
1185 1955 1328 2010 Ante
1363 1953 1637 2024 judicium
1683 1954 1938 2009 examina
1971 1960 2057 2009 te-

472 2051 688 2120 ipsum,
729 2059 784 2104 et
815 2048 872 2104 in
921 2056 1167 2117 tempore
1202 2043 1535 2102 visitationis
1579 2043 1828 2102 invenies
1871 2043 2062 2117 propi-

471 2144 785 2198 tiationetu.
819 2158 837 2193 ι

548 2233 710 2289 Eccli.
745 2250 797 2300 ι,
828 2233 917 2289 3i.
953 2225 1068 2285 --’‹
1103 2229 1225 2288 Non
1257 2226 1616 2287 confundaris
1648 2227 1899 2286 conﬁteri
1932 2230 2062 2300 per-

472 2339 595 2384 cata
628 2339 738 2383 tua.
773 2348 793 2380 ι
1801 2331 1811 2341 '

475 2440 642 2513 406
675 2439 811 2513 Tl'i‘.
846 2437 982 2494 Vlli.
1006 2469 1079 2480 —
1102 2437 1177 2513 De
1207 2436 1516 2513 mulieribus
1541 2452 1561 2492 :
1590 2435 1730 2513 quod
1758 2451 1852 2491 eas
1905 2448 2061 2504 opor-

547 2509 652 2566 ἱεᾶι
689 2512 956 2581 subjectus
981 2526 1097 2565 esse
1129 2511 1258 2581 viris
1290 2509 1434 2572 suis,
1467 2523 1561 2563 nec
1589 2511 1728 2563 citra
1753 2521 1936 2563 eorum
1967 2521 2063 2560 att-

548 2579 859 2638 ctoritatem
889 2581 1180 2654 quidquam
1216 2579 1413 2649 facere.

548 2698 679 2753 Gen.
713 2712 810 2762 ιιι,
850 2694 938 2751 16.
964 2723 1036 2737 -υ
1065 2715 1083 2748 ι
1114 2693 1263 2749 Dixit
1294 2692 1438 2749 Deus
1471 2692 1690 2748 mulieri
1720 2710 1733 2748 :
1766 2690 1848 2746 Ad
1881 2691 2059 2746 virum

477 2800 632 2846 tuum
665 2790 770 2846 erit
799 2787 1091 2845 conversio
1126 2795 1252 2853 tua,
1282 2794 1336 2842 et
1372 2786 1490 2857 ipse
1516 2785 1900 2841 dominabitur
1921 2785 2058 2840 tui.»

555 2882 718 2940 Num.
746 2899 856 2938 xxx
878 2921 894 2948 ,
924 2879 1080 2937 6-10.
1104 2909 1175 2920 —-
1204 2898 1223 2931 ι
1258 2877 1449 2933 Mulier
1475 2878 1523 2934 si
1555 2881 1816 2932 maritum
1851 2876 2063 2933 baltue-

481 2977 590 3039 rit,
629 2981 685 3031 et
719 2982 844 3031 vota
895 2972 1071 3045 ipsius
1108 2985 1274 3043 super
1309 2985 1429 3025 eam
1483 2969 1724 3037 fuerint,
1760 2968 2063 3024 secundum

479 3067 895 3123 distinctionem
930 3065 1203 3120 labiorum
1229 3063 1352 3134 ejus
1373 3104 1391 3132 ,
1432 3076 1774 3132 quascunque
1802 3061 2063 3116 determi-

483 3159 704 3216 naverit
751 3159 807 3214 in
853 3158 1093 3213 animam
1147 3172 1303 3213 suam
1327 3197 1344 3224 ,
1381 3154 1732 3224 audieritque
1758 3153 1842 3209 vir
1876 3153 2024 3208 illius
2049 3191 2064 3216 ,

494 3266 546 3307 et
579 3253 630 3309 ei
659 3251 940 3307 silentium
966 3250 1174 3322 egerit,
1209 3262 1542 3319 quacunque
1568 3246 1658 3303 die
1687 3245 1954 3308 audierit,
1989 3243 2071 3297 sic

483 3361 708 3418 quoque
741 3345 970 3402 stabunt
996 3344 1184 3400 omnia
1221 3353 1348 3398 vota
1384 3342 1536 3398 illius
1559 3380 1574 3408 ,
1630 3348 1687 3397 et
1735 3338 2072 3396 determina-

487 3441 668 3494 tinues
731 3435 929 3497 illius.
989 3448 1128 3506 quas
1183 3429 1642 3488 determinaverit
1701 3428 1759 3481 in
1823 3425 2070 3479 animam

487 3547 680 3598 suam,
716 3529 963 3586 stabunt.
1003 3527 1103 3583 Sin
1157 3540 1291 3583 vero
1344 3521 1639 3580 abnuendo
1688 3518 1947 3576 abnuerit
1990 3517 2076 3570 vir

487 3631 663 3700 ipsius
685 3669 700 3694 ,
733 3642 841 3697 qua
869 3625 960 3681 die
991 3622 1267 3685 audierit.
1299 3619 1487 3676 omnia
1523 3624 1651 3674 vota
1694 3614 1817 3686 ejus
1869 3625 1924 3670 et
1976 3612 2074 3668 de-

493 3721 913 3778 terminationes
946 3717 1105 3788 ejus,
1137 3730 1278 3786 quas
1311 3709 1700 3770 determinavit
1735 3708 1792 3764 in
1829 3707 2072 3761 animant

494 3829 688 3879 suam,
719 3828 829 3868 non
862 3813 1125 3875 stabunt,
1157 3805 1418 3879 quoniam
1452 3801 1646 3860 abnuit
1676 3800 1763 3858 vir
1797 3799 1986 3856 illius:
2023 3807 2078 3854 et

494 3909 762 3964 Dominus
792 3906 1053 3962 mundam
1087 3904 1251 3959 faciet
1284 3915 1428 3956 eam.
1465 3917 1484 3952 ι

573 4023 592 4057 ι
619 4002 814 4058 Mulier
831 4015 953 4072 quae
975 4000 1210 4055 honorat
1239 3997 1416 4051 virum
1452 4008 1638 4060 suum,
1655 3991 1877 4064 sapiens
1901 3987 2081 4045 omni-

495 4099 602 4156 bus
627 4095 928 4153 videbitur.
959 4112 978 4147 ι

574 4188 770 4259 Ephes.
799 4202 858 4256 v,
887 4185 996 4254 25,
1023 4187 1118 4242 24.
1143 4214 1211 4227 --
1241 4202 1260 4238 ι
1299 4183 1563 4240 Mulieres
1593 4180 1826 4240 subdita:
1870 4177 1982 4235 sint
2007 4173 2087 4232 vi-

2235 1964 2254 1997 t
2290 1945 2404 2017 Πρὸ
2419 1946 2653 2016 κρίσεως
2674 1945 2898 2014 ἐξέταζε
2928 1947 3181 2017 σεαυτὸν,
3211 1949 3308 2005 καὶ
3337 1951 3396 2006 ἐν
3427 1950 3603 2024 καιρῷ
3619 1950 3745 2007 ἑται-

2160 2038 2372 2112 σκοπῆς
2397 2038 2655 2110 εὑρήσεις
2685 2039 2937 2113 ίλασμόν.
2965 2060 2986 2096 ι

2236 2238 2256 2274 ι
2285 2220 2378 2294 Μὴ
2395 2221 2700 2296 αἰσχυνθῇς
2758 2222 3102 2297 ὁμολογῆσαι
3136 2225 3222 2296 ἐφ’
3252 2225 3555 2299 ἁμαρτίαις
3589 2241 3741 2282 σου.»

2161 2429 2319 2487 ΤΙΤΛ
2329 2477 2341 2489 .
2361 2435 2516 2487 H'.—-—
2530 2434 2666 2506 Περὶ
2684 2432 2992 2506 γυναικῶν
3004 2453 3022 2469 ο
3034 2434 3126 2506 ,ὅτι
3144 2433 3263 2506 χρὴ
3278 2432 3468 2506 αὺτᾲς
3482 2429 3746 2506 ὑποτάσ-

2229 2499 2797 2572 σεσθαιτοῖςῖδίοις
2850 2499 3272 2575 ἀνδράσιίῖιαὶ
3299 2504 3498 2575 μηδὲν
3559 2499 3746 2556 ,ποιεῖν

2232 2576 2415 2643 χωρὶς
2444 2575 2663 2632 αὐτῶν.

2238 2708 2258 2742 ι
2289 2686 2458 2746 Εἶπεν
2483 2693 2512 2747 ό
2540 2693 2674 2759 Θεὸς
2710 2697 2779 2766 τῇ
2809 2693 3033 2764 γυναικί
3052 2709 3067 2725 °
3101 2693 3246 2764 Πρὸς
3271 2693 3364 2746 τὸν
3387 2691 3557 2762 ἄνδρα
3590 2706 3684 2744 σου
3707 2687 3740 2759 ἠ

2164 2782 2481 2858 ἀποστροφή
2513 2804 2627 2851 σου,
2661 2789 2756 2841 καὶ
2787 2787 2947 2853 αὐτός
2980 2805 3073 2842 σου
3102 2786 3404 2860 κυριεύσει.
3440 2803 3459 2837 ι
3597 2841 3600 2845 .

2243 2899 2261 2931 r
2305 2880 2434 2932 Ἐὰν
2461 2881 2726 2954 γενομένη
2777 2882 3023 2955 γένηται·
3056 2882 3193 2950 γυνὴ
3241 2879 3430 2948 ἀνδρὶ.
3467 2878 3563 2932 καὶ
3591 2875 3748 2947 εὐχαὶ

2166 2972 2338 3041 αὐτῆς
2369 2974 2455 3027 ἐπ’
2485 2975 2624 3044 αὐτῇ
2648 3015 2663 3037 ,
2716 2973 2860 3029 κατά
2906 2974 3004 3045 τὴν
3043 2973 3328 3044 διαστολὴν
3360 2971 3471 3026 τῶν
3524 2969 3748 3043 χειλέων

2168 3066 2359 3138 αὐτῆς,
2390 3067 2519 3127 ὅσας
2560 3067 2799 3138 ὡρίσατο
2855 3067 2998 3121 κατά
3049 3067 3152 3137 τῆς
3179 3067 3359 3136 ψυχῆς
3409 3065 3602 3134 αὐτῆς,
3662 3064 3749 3116 καὶ

2169 3159 2378 3230 ἀκούσῃ
2404 3161 2433 3212 ό
2466 3161 2602 3230 ἀνὴρ
2638 3160 2831 3231 αὐτῆς,
2868 3162 2961 3216 καὶ
2997 3160 3412 3232 παρασιωπήσῃ
3440 3158 3603 3228 αὐτῇ,
3633 3151 3752 3230 ᾖάν

2174 3253 2355 3324 ἡμέρᾳ
2379 3251 2610 3324 ἀκούσῃ,
2635 3254 2731 3305 καὶ
2759 3252 2903 3306 οὕτω
2960 3255 3250 3324 στήσονται
3303 3253 3477 3304 πᾶσαι
3508 3250 3567 3304 αἱ
3599 3249 3752 3320 εὐχαὶ

2172 3343 2362 3414 αὐτῆς,
2389 3345 2484 3398 καὶ
2511 3347 2560 3398 οἱ
2589 3346 2809 3417 όρισμοὶ
2862 3346 3054 3417 αὐτῆς,
3080 3345 3174 3409 οὓς
3207 3343 3450 3416 ὡρίσατο
3487 3343 3632 3398 κατὰ
3660 3344 3749 3413 τῆς

2170 3437 2354 3510 ψυχῆς
2413 3438 2586 3507 αὐτῆς
2633 3439 2944 3508 στήσονται.
2984 3437 3112 3492 Ἐὰν
3154 3437 3212 3490 δὲ
3265 3436 3539 3510 ἀνανεύσῃ
3571 3437 3756 3506 eam,

2173 3531 2369 3601 αὐτῆς,
2459 3531 2556 3586 ἐὰν
2581 3531 2770 3604 ἡμέρᾳ
2827 3532 3069 3604 ἀκούσῃ,
3096 3532 3272 3585 πᾶσαι
3300 3531 3358 3585 ai
3379 3529 3539 3599 εὐχαὶ
3567 3529 3759 3597 αὐτῆς,

2175 3623 2270 3678 καὶ
2295 3625 2342 3677 οἱ
2370 3625 2590 3693 ὁρισμοί
2619 3624 2815 3694 αὐτῆς,
2863 3621 2959 3687 οὓς
2997 3619 3242 3693 ὡρίσατο
3291 3619 3435 3675 κατά
3462 3619 3560 3690 τῆς
3584 3618 3760 3689 ψυχῆς

2177 3713 2370 3784 αὐτῆς,
2405 3713 2466 3766 οὐ
2503 3713 2781 3783 μενοῦσιν,
2820 3713 2902 3767 ὅτι
2944 3709 3084 3784 ἀνὴρ
3105 3710 3366 3766 ἀνένευσε
3388 3726 3401 3743 ο
3435 3709 3529 3764 καὶ
3558 3708 3763 3780 Κύριος

2178 3805 2472 3878 καθαρίσει
2505 3806 2702 3878 αὐτήν.
2733 3825 2751 3858 ι

2257 4010 2276 4045 ι
2309 3991 2452 4063 Γυνὴ
2483 3991 2617 4044 ἴδιον
2659 3990 2828 4063 ἄνδρα
2886 3989 3137 4061 τιμῶσα,
3173 3987 3314 4059 σοφὴ
3355 3988 3493 4040 πᾶσι
3534 3985 3778 4055 φανήσε-

2181 4102 2293 4141 ται.
2321 4103 2338 4138 1

2259 4194 2279 4228 t
2316 4176 2382 4230 Αἱ
2409 4178 2673 4246 γυναῖκες
2700 4177 2812 4239 τοῖς
2857 4175 3011 4237 ἰδίοις
3055 4171 3315 4244 ἀνδράσιν
3349 4167 3763 4226 ὑποτασσέσθω

498 4284 580 4338 ris
611 4281 732 4338 suis
765 4290 1030 4350 tanquam
1063 4276 1320 4333 Domino.
1366 4275 1642 4344 Quoniam
1687 4274 1776 4330 vir
1807 4279 1973 4344 caput
2002 4279 2075 4327 est

2202 4284 2288 4322 ταν
2320 4267 2398 4332 ὡς
2423 4266 2498 4337 τῷ
2527 4266 2718 4338 Κυρίῳ
2761 4283 2775 4300 ·
2820 4267 2900 4320 ὅτι
2936 4264 3076 4336 ἀνὴρ
3115 4262 3332 4334 κεφαλὴ
3354 4264 3454 4334 τῆς
3490 4262 3777 4331 γυναικδς,

500 4374 775 4443 mulieris,
803 4375 949 4428 sicut
978 4372 1228 4427 Christus
1257 4377 1424 4444 caput
1449 4379 1532 4426 est
1556 4367 1820 4425 Ecclesiae
1839 4409 1855 4434 ,
1882 4375 1935 4422 et
1968 4363 2075 4435 ipse

2202 4361 2262 4427 ὓς
2292 4361 2390 4417 καὶ
2416 4363 2444 4416 ό
2472 4359 2707 4431 Χριστὸς
2761 4357 2972 4429 κεφαλὴ
3019 4357 3121 4429 τῆς
3167 4357 3526 4426 Ἐκκλησίαςο
3558 4354 3652 4408 καὶ
3676 4355 3772 4407 αὖ·

499 4477 584 4523 est
614 4476 777 4538 caput
807 4466 1075 4537 corporis.
1110 4463 1216 4522 Sed
1248 4466 1391 4520 sicut
1422 4462 1666 4520 Ecclesia
1701 4461 1951 4532 subjecta
2005 4470 2075 4515 est

2202 4456 2281 4520 τός
2307 4455 2424 4509 ἐστι
2450 4453 2663 4526 κεφαλὴ
2690 4451 2784 4507 τοῦ
2821 4453 3101 4523 σώματος.
3132 4450 3275 4503 Ἀλλ’
3310 4449 3387 4514 ὡς
3417 4453 3450 4518 ἡ
3476 4446 3781 4515 Ἐκκλησὲσ

501 4561 762 4626 Christo,
801 4560 875 4614 ita
930 4571 985 4614 et
1035 4558 1294 4638 mulieres
1344 4555 1477 4612 viris
1529 4555 1646 4611 suis
1697 4554 1752 4610 in
1805 4552 2075 4609 omnibus.

2202 4550 2559 4603 δποτάσσεται
2609 4545 2687 4618 τῷ
2741 4542 2997 4616 Χριστῷ,
3045 4541 3217 4606 οὕτως
3276 4541 3372 4596 καὶ
3406 4540 3464 4593 αἱ
3517 4539 3782 4608 γυναῖκες

505 4652 898 4725 Unusquisque
943 4667 1171 4707 uxorem
1219 4665 1374 4708 suam
1407 4651 1552 4707 sicut
1581 4649 1822 4720 seipsum
1851 4645 2085 4719 diligat:

519 4748 721 4803 mulier
750 4752 974 4813 autem,
1005 4754 1066 4800 ut
1097 4745 1285 4801 timeat
1319 4744 1500 4800 virum
1533 4756 1717 4798 suum.
1749 4759 1768 4794 ι

584 4925 610 4980 1
649 4923 796 4981 Patr.
828 4940 888 4981 ιιι
910 4969 924 4989 ,
968 4923 1085 4979 i-G.
1112 4955 1178 4967 -~
1213 4945 1231 4976 ι
1263 4922 1520 4980 Mulieres
1553 4923 1789 4978 subditm
1821 4923 1934 4978 sint
1962 4921 2096 4977 viris

510 5021 667 5085 Suis;
702 5027 762 5073 ut
797 5027 852 5074 et
887 5018 932 5074 si
965 5019 1061 5088 qui
1105 5034 1212 5074 nou
1249 5019 1482 5072 credunt
1517 5017 1711 5080 verbo,
1749 5031 1847 5085 per
1896 5015 2094 5070 mulie-

513 5126 636 5165 rum
673 5109 1154 5166 conversationem
1191 5105 1472 5162 lucrifiant
1495 5148 1508 5173 ,
1547 5105 1968 5160 considerantes
2002 5119 2096 5158 ve-

511 5215 688 5261 Stram
727 5205 784 5259 in
824 5204 1023 5259 timore
1060 5200 1560 5258 conversationem.
1603 5199 1848 5266 Quarum
1882 5212 1988 5252 non
2024 5196 2098 5252 sit

513 5297 865 5353 extrinsecus
893 5295 1221 5366 capillatura
1243 5333 1258 5357 .
1295 5304 1390 5348 aut
1425 5292 1790 5347 cireunulatio
1820 5289 1938 5344 auri
1964 5331 1978 5355 ,
2008 5299 2099 5343 aut

517 5387 831 5444 indumenti
859 5388 1316 5444 vestimentorum
1351 5385 1534 5440 cultus
1563 5403 1575 5439 :
1613 5384 1707 5441 sed
1736 5383 1828 5453 qui
1861 5382 2098 5438 abscon-

516 5483 672 5538 ditus
702 5489 788 5537 est
828 5479 1012 5537 cordis
1044 5481 1207 5535 homo
1231 5524 1245 5547 ,
1278 5481 1332 5535 in
1371 5477 1896 5546 incorruptibilitate
1926 5475 2098 5545 quieti

519 5585 574 5626 rt
610 5575 844 5632 modesti
879 5575 1140 5646 spiritus,
1171 5574 1264 5644 qui
1294 5581 1380 5630 est
1409 5573 1464 5628 in
1495 5579 1795 5642 conspectu
1827 5569 1919 5624 Dei
1950 5569 2102 5624 locu-

521 5672 664 5738 ples.
705 5669 797 5723 Sic
832 5671 977 5725 enim
1013 5681 1067 5725 ct
1100 5667 1395 5738 aliquando
1431 5667 1688 5723 mulieres
1725 5672 2013 5736 sperantes
2046 5664 2100 5717 in

529 5760 639 5815 Deo
677 5762 952 5818 ornabant
1001 5779 1096 5830 se,
1143 5763 1403 5831 subjecta
1456 5759 1693 5832 propriis
1744 5759 1897 5814 viris.
1950 5757 2101 5811 Sicut

531 5853 668 5910 Sara
704 5854 989 5922 obedicbat
1040 5853 1308 5921 Abralue,
1340 5855 1622 5924 dominum
1676 5869 1798 5911 cum
1857 5865 2058 5908 vocans
2087 5869 2100 5906 :

2192 4642 2307 4706 τοῖς
2355 4639 2614 4709 ἀνδράσιν
2645 4637 2704 4692 ὲν
2740 4638 2926 4690 πᾶσιν.
2960 4634 3231 4696 Ἕκαστος
3297 4631 3399 4703 τὴν
3453 4628 3644 4683 ἑαυτοῦ
3678 4645 3774 4696 γυ·

2193 4736 2356 4790 ναῖκα
2380 4731 2458 4798 ὡς
2477 4731 2668 4786 ἑαυτὸν
2709 4729 2982 4800 ἀγαπάτω
3005 4745 3020 4760 ’
3055 4730 3089 4800 ἠ
3133 4727 3191 4781 δὲ
3219 4725 3377 4796 γυνὴ,
3427 4726 3515 4778 ἵνα
3559 4723 3784 4794 φοὸηθῇ

2195 4827 2285 4880 τὸν
2312 4825 2498 4895 ἄνδρα.
2529 4842 2545 4872 ι

2276 4936 2295 4969 ι
2324 4917 2389 4971 Αἱ
2419 4916 2678 4983 γυναῖκες
2706 4909 3150 4978 ὑποτασσόμεναι
3177 4909 3288 4970 τοῖς
3309 4907 3463 4971 ἰδίεις
3490 4906 3783 4976 ἀνδράσιν,

2199 5009 2285 5062 ἵνα
2305 5011 2357 5060 εἴ
2384 5024 2529 5069 τινες
2574 5003 2863 5058 ἀπειθοῦσι
2896 5001 2973 5071 τῷ
3000 5000 3178 5069 λόγῳ,
3233 4996 3320 5052 διὰ
3380 4998 3480 5067 τῆς
3539 4999 3645 5050 τῶν
3679 5015 3784 5066 γυ-

2199 5101 2410 5157 ναικῶν
2468 5099 2817 5169 ἀναστροφῆς
2880 5097 3009 5152 ἄνευ
3072 5095 3231 5163 λόγου
3290 5092 3784 5164 κερδηθήσωνται·

2199 5195 2642 5257 ἐποπτεύσαντες
2667 5193 2768 5264 τὴν
2790 5192 2848 5246 ὲν
2892 5189 3044 5262 φόϐῳ
3072 5187 3423 5258 ἀναστροφὴν
3470 5185 3646 5256 ὑμῶν.
3679 5180 3787 5238 Ὠν

2199 5289 2339 5344 ἔστω
2371 5289 2469 5358 οὐχ
2496 5290 2524 5342 ό
2547 5289 2604 5340 ὲν
2632 5287 2860 5348 πλοκαῖς
2897 5282 3100 5355 τριχῶν
3130 5283 3223 5336 καὶ
3257 5278 3593 5352 περιθέσεως
3651 5297 3787 5350 χρυ·

2202 5381 2422 5452 σίων,ἥ
2452 5378 2715 5442 ἐνδύσεως
2752 5376 2985 5449 ἱματίων
3034 5376 3259 5445 κόσμος,
3319 5371 3435 5425 ἀλλ’
3469 5373 3497 5424 ὁ
3540 5370 3786 5441 upon-th;

2201 5476 2299 5546 τῆς
2325 5474 2553 5545 καρδίας
2580 5472 2868 5544 ἄνθρωπος
2907 5471 2965 5523 ὲν
2995 5467 3260 5538 ἀφθάρτῳ
3294 5464 3390 5517 τοῦ
3422 5462 3624 5535 πραέος
3689 5463 3787 5515 καὶ

2203 5564 2426 5637 ἡσυχίου
2489 5560 2821 5632 πνεύματος,
2878 5560 2935 5622 ὃς
3002 5559 3150 5611 ἐστιν
3206 5554 3440 5608 ἐνώπιον
3490 5551 3584 5607 τοῦ
3643 5549 3789 5604 Θεοῗι

2207 5656 2522 5724 πολυτελής.
2549 5652 2736 5716 Οὕτως
2761 5651 2869 5723 γάρ
2905 5667 3038 5704 ποτε
3064 5650 3118 5702 αἱ
3153 5648 3414 5716 γυναῖκες
3450 5648 3506 5699 αί
3535 5643 3787 5706 ἐλπίζου-

2208 5769 2297 5808 σαι
2341 5752 2419 5814 εἱς
2454 5747 2608 5809 Θεὸν,
2658 5745 2929 5816 ἐκόσμουν
2953 5741 3175 5806 ἑαυτὰς,
3202 5739 3640 5806 ὑποτασσόμεναι
3665 5739 3788 5799 τοῖς

2211 5846 2359 5910 ἰδίοις
2413 5841 2692 5915 ἀνδράσιν,
2724 5839 2797 5906 ὡς
2836 5835 3019 5913 Σάρρα
3069 5835 3348 5908 ὑπήκουσε
3382 5832 3459 5905 τῷ
3499 5826 3786 5902 Ἀϐραὰμ,
