4010 6302
395 362 533 431 1313

1670 360 1909 438 SACRA
1947 371 2411 448 PARALLELA.

3525 402 3657 470 13M

388 476 577 550 κύριον
595 478 757 532 αὑτὸν
791 478 1050 546 καλοῦσα,
1080 474 1149 554 ἦς
1177 483 1471 556 ἐγενήθητε
1527 486 1712 552 τέκνα,
1774 487 1926 556 ἀγαο‹

2043 532 2049 546 ι
2079 491 2240 560 cujus
2275 494 2433 552 facta:
2464 499 2596 555 estis
2631 500 2753 556 lilia:
2784 501 3228 577 benefacienles,
3257 518 3311 566 et
3342 527 3454 569 non
3479 531 3653 582 peru-

386 568 662 634 ποιοῦσαι,
683 572 780 628 καὶ
810 572 888 645 μὴ
917 573 1254 646 φοϐούμεναι
1273 577 1546 648 μηδεμίαν
1573 581 1824 652 πτόησιν.

384 682 568 739 ΤΙΤΛ.
587 684 664 741 Θθ.
687 689 906 756 -Περὶ
930 686 1235 758 γυναικῶν
1250 706 1270 724 ο
1282 691 1371 746 ὅτι
1395 695 1467 748 οὐ
1481 694 1578 748 δεῖ
1586 694 1967 751 ἀκατακαλύο

449 767 614 837 πτωρ
636 757 1160 837 εύχεᾳθάιαρτάς.
1193 759 1234 830 ἡ
1280 764 1501 820 λαλεῖν
1521 805 1537 831 ,
1563 767 1601 837 ἢ
1647 764 1968 823 διδάσκειν

450 824 520 878 ἐν
540 824 844 899 ἐκκλησίᾳ
872 832 1044 887 Θεοῦ.

457 959 479 995 ε
519 940 610 997 Ἑν
630 943 760 1017 ὑμῖν
782 947 970 1012 αὐτοῖς
1003 950 1227 1022 κρίνατε
1255 965 1272 984 ⁸
1298 952 1511 1024 πρέπον
1561 954 1681 1009 ἐστὶ
1729 957 1965 1026 γυναῖκα

2073 593 2285 642 tuentes
2317 589 2480 644 ullam
2513 593 3008 661 perturbationem.
3039 614 3061 648 ι

2069 696 2469 784 ΤΙΤ.¹ΙΧ.-τ-οε
2489 707 2797 784 mulieribus
2817 725 2834 763 .'
2853 712 2992 784 quod
3008 711 3211 770 detecta
3228 716 3363 784 [acie
3377 737 3532 775 orare
3545 741 3573 777 ιι
3583 739 3651 779 οη

2137 770 2399 840 debeant,
2427 792 2520 830 nec
2550 776 2726 848 loqui,
2758 770 3070 839 aut'doeere
3099 785 3155 841 in
3199 770 3423 845 ecclesia

2137 944 2168 1000 1
2195 945 2324 1006 Cor.
2352 966 2440 1016 xl,
2473 954 2572 1020 15,
2609 956 2694 1012 ιι.
2721 987 2789 999 --
2816 977 2837 1011 ι
2869 959 2927 1017 In
2975 964 3136 1021 vobis
3184 966 3322 1039 ipsis
3353 971 3640 1040 judicatez.

376 1035 844 1092 ἀκατακάλυπτον
866 1040 944 1111 τῷ
971 1040 1093 1114 Θεῷ
1123 1045 1562 1117 προσεύχεσθαι;
1591 1047 1714 1102 οὐδὲ
1733 1049 1768 1120 ἠ
1800 1048 1926 1139 φύσι

2064 1034 2230 1095 Decet
2257 1043 2540 1100 mulierem
2567 1062 2676 1103 non
2709 1049 2942 1108 velatam
2968 1071 3129 1113 orare
3160 1059 3374 1118 Deum?
3399 1079 3496 1121 nec
3526 1067 3643 1139 ipsi

375 1127 518 1198 αὑτὴ
532 1128 774 1185 διδάσκει
807 1131 977 1204 ὑμᾶς,
1012 1135 1096 1188 ὅτι
1125 1135 1268 1208 ἀνὴρ
1291 1139 1410 1208 μὲν,
1442 1138 1538 1194 ἑάν
1564 1141 1729 1213 κομᾷ,
1764 1138 1923 1212 άτιμί

2062 1140 2260 1188 natura
2293 1133 2458 1192 docet
2491 1154 2625 1206 vos,
2658 1143 2809 1212 quod
2844 1146 2933 1201 vir
2963 1149 3183 1218 quidem
3213 1152 3261 1208 si
3291 1172 3502 1213 comam
3534 1127 3642 1216 nn-

373 1217 526 1288 αύτῷ
558 1223 708 1276 ἐστι’
740 1225 882 1296 γυνὴ
909 1225 966 1278 δὲ
996 1226 1092 1281 ὲάν
1123 1230 1289 1301 κομᾷ,
1332 1229 1458 1298 δόξα
1491 1233 1629 1306 αὐτῇ
1663 1237 1844 1303 tactv;
1874 1236 1926 1290 ὅτ

2061 1223 2228 1288 triat,
2282 1225 2585 1296 ignominia
2635 1240 2720 1288 est
2765 1232 2885 1292 illi:
2921 1217 3119 1296 mulier
3163 1259 3293 1300 vero
3333 1248 3382 1304 si
3427 1264 3640 1307 comam

375 1313 409 1381 ἡ
442 1312 590 1384 κόμη
625 1315 747 1369 ἀντὶ
782 1317 1132 1388 περιϐολαίου
1159 1321 1298 1396 αὐτῇ
1333 1323 1553 1382 δίδοται.
1577 1344 1597 1378 ι

449 1507 469 1541 ι
497 1489 610 1545 ούκ
645 1490 795 1548 ἔστιν
825 1493 1246 1564 ἀκαταστασίας
1272 1500 1302 1554 ὁ
1331 1499 1488 1566 Θεὸς,
1521 1500 1642 1557 ἀλλ’
1705 1503 1952 1578 εἰρήνης,

369 1580 448 1644 ὡς
485 1582 546 1635 ἐν
574 1583 780 1648 πάσαις
830 1587 953 1650 ταῖς
983 1587 1306 1660 ἐκκλησίαις
1356 1590 1468 1646 τῶν
1493 1592 1690 1661 ἁγίων.
1726 1595 1794 1649 Ai
1849 1613 1952 1665 γυ-

369 1677 554 1743 ναῖκες
574 1678 633 1733 έν
650 1682 773 1743 ταῖς
820 1680 1143 1754 ἐκκλησίαις
1176 1685 1490 1755 σιγάτωσαν
1520 1703 1537 1718 °
1577 1688 1640 1743 ού
1661 1689 1772 1760 γὰρ
1825 1692 1948 1747 ἐπι-

361 1767 625 1839 τρέπεται
653 1770 845 1836 αύταῖς
887 1772 1094 1840 λαλεῖν,
1133 1777 1251 1830 ἀλλ’
1280 1778 1712 1847 ὑποτάσσεσθαι,
1760 1784 1946 1852 καθὼς

362 1863 460 1915 καὶ
483 1864 513 1916 ὁ
537 1862 700 1934 νόμος
720 1863 891 1935 λέγει.
926 1869 989 1922 Εί
1012 1867 1071 1923 δέ
1100 1888 1152 1924 τι
1180 1872 1373 1943 μαθεῖν
1402 1873 1699 1943 ἐθέλουσιν,
1730 1877 1790 1932 έν
1809 1877 1945 1951 οἴκῳ

359 1955 495 2020 τοὺς
551 1956 716 2023 ἰδίους
763 1960 965 2033 ἄνδρας
1020 1963 1479 2035 ἐπερωτάτωσαν.
1533 1967 1772 2042 Αἰσχρδν
1830 1973 1943 2048 γάρ

358 2049 478 2102 ἐστι
507 2052 731 2119 γυναικὶ
761 2051 945 2108 λαλεῖν
974 2055 1036 2110 ὲν
1057 2056 1346 2131 ἐκκλησίᾳ.
1370 2078 1389 2113 ι

432 2160 454 2195 ε
484 2143 624 2216 Γυνὴ
654 2145 712 2199 ὲν
741 2146 945 2219 ἠσυχίᾳ
993 2150 1316 2220 μανθανέτω
1372 2152 1433 2207 ὲν
1460 2155 1612 2229 πάσῃ
1665 2156 1938 2233 ὑποταγῇ.

355 2234 643 2292 Διδάσκειν
666 2236 723 2292 δὲ
755 2239 979 2309 γυναικὶ
1016 2240 1119 2298 οὐκ
1148 2242 1450 2316 ἐπιτρέπω,
1478 2247 1605 2303 οὐδὲ
1659 2248 1940 2309 αὐθεντεῖν

355 2326 572 2398 ἀνδρός.
603 2347 622 2381 ι

427 2423 495 2475 Δί
519 2423 778 2490 γυναῖκες
831 2423 933 2490 τὰς
991 2423 1261 2501 φλυαρίας
1292 2429 1359 2483 ὲκ
1385 2429 1494 2486 τῶν
1515 2436 1805 2508 στομάτων
1836 2441 1934 2494 αὐο

349 2514 464 2570 τῶν
512 2515 878 2572 παυσάτωσαν
902 2556 920 2582 ,
949 2519 1044 2573 καὶ
1073 2522 1203 2586 τοὺς
1251 2521 1622 2598 ψιθυρισμοὺς
1641 2569 1656 2594 ,
1717 2548 1936 2605 μνημο.

351 2608 609 2664 νεύουσαι
641 2609 756 2674 πῶς
785 2612 856 2683 τῇ
889 2611 1007 2685 Εὔα
1052 2611 1347 2686 ψιθυρίσας
1369 2618 1400 2672 ό
1428 2621 1686 2694 πονηρὸς,
1710 2623 1935 2693 ἐξέϐαλε

347 2701 446 2756 τοῦ
480 2700 837 2774 παραδείσου.

348 2838 536 2929 ΤιζΛ.
574 2836 706 2895 l'.--—
724 2840 867 2929 μερι
886 2841 1194 2929 fugatfuga-
1216 2851 1616 2929 ςιυτσκουσῷν
1641 2870 1656 2885 ⁸
1687 2855 1797 2929 ἐὰν
1817 2857 1935 2929 μὲν

432 2910 632 2987 dyon;
675 2910 846 2987 rem,
895 2910 998 2987 ἐπὶ
1025 2919 1082 2984 μ’
1116 2915 1344 2987 ἡμέρας
1372 2922 1488 2976 οὐκ
1509 2910 1931 2985 studuissent

416 2976 509 3047 sic
567 2976 740 3037 οἶκον
787 2976 1058 3052 Κυρίουλ
1097 2976 1170 3042 εἴ
1202 2976 1275 3042 6e
1314 2976 1933 3071 'aﬁzv,"é:ii"3{~56£l

416 3067 621 3106 κοντα.

427 3183 450 3218 ε
502 3164 764 3236 ἐλάλησε
799 3166 1022 3276 Κύριος.
1042 3169 1187 3276 πρὸς
1256 3173 1500 3250 Μωῦσῆν
1551 3178 1730 3251 λέγων
1765 3199 1781 3216 °
1816 3185 1929 3242 Λά-
1953 3215 1997 3276 c

341 3257 507 3332 λησον
535 3260 645 3324 τοῖς
670 3259 809 3324 uici;
852 3258 1094 3334 Ἰσραὴλ,
1117 3265 1214 3320 καὶ
1238 3265 1385 3338 ὲρεῖς
1408 3270 1547 3342 πρὸς
1588 3273 1810 3341 αὐτοὺς,
1840 3279 1927 3334 λέ-

341 3369 457 3423 γων
477 3368 492 3383 ·
518 3351 660 3426 Γυνὴ
680 3353 734 3409 εί
759 3369 844 3418 τις
876 3353 943 3409 ἂν
974 3360 1381 3433 σπερματισθῇ,
1427 3363 1525 3418 καὶ
1546 3365 1681 3439 τέκῃ
1731 3370 1922 3441 άρῤεν,

339 3445 654 3516 ἀκάθαρτος
683 3445 839 3501 ἔσται
856 3448 1000 3502 ἑπτά
1023 3449 1258 3523 ἡμέρας,
1289 3454 1435 3509 κατά
1457 3457 1560 3522 τὰς
1587 3460 1803 3534 ἡμέρας
1828 3462 1922 3518 τοῦ

339 3541 626 3614 χωρισμοῦ
671 3543 770 3614 τῆς
834 3543 1069 3614 άφέδρου
1124 3546 1318 3620 αὐτῆς.
1378 3549 1491 3604 Καὶ
1516 3555 1584 3625 τῇ
1640 3555 1826 3629 ἡμέρᾳ
1851 3561 1920 3631 τῇ

337 3632 504 3708 ὀγδόῃ
532 3637 851 3706 περιτεμεῖς
881 3636 985 3709 τὴν
1041 3635 1225 3710 σάρκα
1257 3639 1358 3712 τῆς
1396 3641 1770 3714 ἀκροϐυστίας
1825 3651 1925 3704 αὖ-

334 3729 470 3784 τοῦ·
509 3727 604 3782 καὶ
649 3729 949 3799 τριάκοντα
1000 3729 1098 3784 καὶ
1139 3733 1290 3801 τρεῖς
1341 3733 1557 3807 ἡμέρας
1609 3739 1670 3793 έν
1722 3741 1918 3812 αἵματι

335 3820 639 3893 ἀκαθάρτῳ
661 3821 838 3893 αὐτῆς
865 3820 1269 3894 καθεσθήσεται
1291 3841 1311 3858 ο
1338 3828 1543 3895 παντὸς
1601 3832 1759 3902 ἁγίου
1820 3838 1919 3910 οὐχ

336 3911 558 3983 ἅψεται,
595 3912 691 3967 καὶ
742 3912 905 3977 είςτδ
955 3913 1318 3988 ἀγιαστήριον
1367 3919 1472 3975 ούκ
1521 3922 1915 3995 εἰσελεύσεται,

333 4005 441 4069 ῑως
466 4001 528 4058 οὗ
551 4004 921 4076 πληρωθῶσιν
945 4006 1003 4060 αἱ
1033 4006 1243 4078 ἡμέραι
1267 4010 1593 4085 καθάρσεως
1617 4017 1816 4091 αὐτῆς.
1851 4022 1916 4079 Ei

330 4097 392 4151 δὲ
438 4096 576 4169 θῆλυ
607 4098 765 4171 τέκῃ,
817 4098 1130 4170 ἀκάθαρτος
1195 4099 1349 4158 ἔσται
1395 4104 1481 4171 δὶς
1517 4106 1656 4164 ἑπτά
1704 4112 1918 4186 ἡμέρας

333 4193 478 4247 κατά
526 4192 630 4266 τὴν
677 4191 912 4264 άφεδρον
973 4194 1148 4269 αὐτῆς
1183 4210 1202 4227 ⁸
1237 4197 1333 4252 καὶ
1384 4198 1652 4271 ἐξήκοντα
1701 4206 1918 4280 ἡμέρας

330 4286 426 4339 καὶ
473 4283 533 4352 ἓξ
578 4284 980 4360 καθεσθήσεται
1038 4289 1098 4341 ὲν
1167 4287 1366 4362 αἵματι
1425 4292 1728 4369 ἀκαθάρτῳ
1811 4301 1914 4355 αὑ..

329 4395 500 4444 τος.»

401 4473 482 4527 Τὰ
515 4470 658 4528 κατά
687 4472 927 4547 γαστρὸς
957 4472 1135 4548 βρέφη
1161 4477 1330 4547 μησὶν
1352 4478 1493 4535 ἑπτά
1522 4478 1910 4555 ζωογονεῖσθαι

2057 1317 2300 1385 nutriat,
2331 1321 2506 1392 gloria
2543 1325 2621 1379 illi
2652 1333 2777 1395 est,
2821 1329 3082 1400 quoniam
3119 1337 3305 1410 capilli
3353 1356 3452 1412 pro
3489 1347 3645 1400 vela-

2057 1410 2208 1466 mine
2233 1412 2284 1468 ei
2313 1413 2425 1469 dati
2456 1428 2606 1473 sunt.
2634 1437 2658 1471 ι

2127 1501 2161 1557 1
2187 1502 2313 1560 Cor.
2350 1525 2475 1576 xw,
2507 1511 2616 1578 55,
2649 1512 2738 1570 54.
2761 1544 2833 1556 —-
2869 1536 2888 1569 ι
2917 1517 3039 1575 Non
3087 1524 3234 1579 enim
3287 1538 3370 1584 est
3424 1531 3640 1591 dissen-

2053 1596 2230 1654 sionis
2264 1599 2406 1658 Deus
2427 1645 2444 1668 ,
2475 1606 2569 1661 sed
2599 1608 2749 1676 pacis
2769 1649 2786 1675 ,
2816 1611 2959 1667 sicut
2991 1614 3044 1669 in
3079 1619 3340 1678 omnibus
3387 1628 3640 1686 ecclesiis

2053 1700 2371 1750 sanctorum
2408 1698 2598 1755 doceo.
2651 1701 2912 1762 Mulieres
2960 1706 3012 1761 in
3065 1713 3318 1771 ccclesiis
3368 1726 3635 1780 taceant:

2053 1799 2161 1840 non
2190 1788 2334 1843 enim
2367 1791 2709 1862 permittitur
2739 1795 2820 1851 eis
2851 1797 3036 1870 loqui,
3070 1807 3162 1857 sed
3194 1807 3442 1864 subditas
3473 1828 3633 1880 esse.

2047 1877 2194 1934 sicut
2227 1888 2281 1936 et
2315 1883 2400 1939 lex
2433 1885 2592 1945 dicit.
2627 1887 2686 1946 Si
2717 1902 2901 1949 autem
2953 1895 3147 1952 volunt
3187 1897 3436 1969 discere,
3485 1877 3632 1965 «Iouini

2043 1967 2391 2044 interrogent
2425 1979 2576 2036 viros
2602 1997 2760 2041 suos.
2790 1981 2978 2057 Turpe
3003 1997 3087 2045 est
3116 1991 3265 2047 enim
3300 1997 3514 2052 mulieri
3550 1999 3632 2054 lo-

2039 2062 2135 2134 qui
2165 2064 2222 2119 in
2249 2069 2506 2129 ecclesia.
2537 2091 2558 2127 ι

2113 2153 2144 2212 I
2183 2155 2318 2214 Tim.
2352 2177 2423 2230 ιι,
2459 2165 2548 2222 Η.
2573 2196 2643 2211 -
2671 2187 2692 2223 ι
2721 2169 2927 2230 Mulier
2956 2174 3011 2232 in
3045 2178 3269 2236 silentio
3296 2181 3476 2240 discat
3503 2200 3628 2242 cum

2038 2249 2190 2305 omni
2205 2253 2572 2324 subiectione.
2593 2259 2801 2320 Docere
2817 2274 2999 2324 autem
3025 2271 3243 2330 mulieri
3267 2289 3377 2330 non
3407 2280 3631 2346 permit-

2038 2347 2129 2408 to,
2164 2358 2340 2416 neque
2363 2347 2634 2407 dominari
2667 2354 2722 2410 in
2754 2359 2928 2412 virum
2949 2402 2964 2427 ,
2993 2363 3230 2420 sedesse
3253 2365 3305 2419 in
3336 2365 3579 2424 silentio.
3600 2389 3622 2426 ι

2113 2431 2358 2493 Ειιεείιὶἕι
2380 2469 2453 2481 -—
2475 2439 2742 2503 Mulieres
2776 2462 3110 2520 nugamenta
3159 2471 3223 2509 ex
3277 2471 3374 2513 ore
3403 2474 3508 2516 suo
3537 2476 3627 2516 ar-

2035 2535 2198 2582 ceant
2219 2568 2237 2593 ,
2269 2528 2405 2586 illud
2438 2532 2706 2595 habentes
2736 2539 2795 2594 in
2832 2542 3092 2599 memoria
3113 2586 3128 2612 ,
3155 2543 3470 2619 diabolum,
3499 2567 3623 2608 cum

2034 2617 2162 2675 Era:
2193 2619 2637 2697 insusurrasset,
2673 2645 2705 2687 e
2738 2635 2996 2704 paradiso
3036 2653 3156 2693 eam
3187 2643 3491 2714 expulisse.

2029 2840 2196 2917 407
2232 2843 2474 2937 Τιφηχ.
2506 2881 2576 2937 επ-
2607 2852 2680 2910 De
2711 2856 3022 2937 mulieribus
3052 2867 3322 2937 puerperis
3356 2882 3376 2921 .°
3404 2869 3542 2937 quod
3573 2873 3623 2924 si

2102 2921 2404 2973 ntascutum
2428 2924 2626 3010 mulier
2640 2929 2899 3010 pepererit
2917 2969 2932 2993 ,
2965 2921 3090 3010 ante
3105 2921 3240 3010 diem
3254 2921 3620 3010 Aquarii-opai;

2103 3002 2250 3042 mum
2279 3005 2387 3045 non
2419 2993 2758 3078 ingrediatur
2786 3001 3002 3056 domum
3048 2993 3301 3072 Domini}
3332 3012 3419 3064 sin
3462 2993 3618 3081 ﬁlii-

2101 3072 2229 3113 nam
2247 3099 2265 3128 ,
2301 3073 2425 3117 ante
2454 3072 2857 3137 octogesimum.

2101 3166 2267 3233 Leuit.
2298 3190 2409 3242 ιιι,
2445 3177 2498 3233 1.
2523 3209 2594 3219 -—
2621 3199 2639 3233 ι
2666 3178 2916 3242 Locutus
2943 3194 3029 3245 est
3061 3187 3330 3248 Dominus
3361 3194 3431 3251 ad
3460 3195 3612 3270 Moy-

2029 3276 2122 3317 sen
2143 3302 2162 3329 ,
2187 3265 2376 3323 dicens
2403 3287 2417 3323 :
2449 3268 2700 3340 Loquere
2725 3273 2853 3330 ﬁliis
2886 3277 3053 3335 Israel
3072 3320 3088 3344 .
3118 3290 3174 3336 et
3199 3281 3352 3341 dices
3379 3288 3445 3343 ad
3471 3265 3566 3345 eos
3595 3311 3607 3346 :

2029 3352 2223 3412 Mulier
2266 3359 2312 3414 si
2352 3375 2612 3431 suscepto
2654 3367 2865 3424 semine
2940 3374 3216 3446 pepererit
3266 3381 3608 3451 masculum,

2027 3447 2305 3506 immunda
2329 3455 2433 3508 erit
2459 3468 2667 3524 septem
2687 3457 2902 3530 diebus,
2914 3462 3065 3531 juxta
3083 3466 3204 3524 dies
3238 3447 3607 3542 separationis

2026 3551 2321 3598 menstruae
2357 3560 2489 3602 suae.
2528 3547 2589 3602 Et
2629 3549 2720 3606 die
2742 3559 2934 3608 octava
2967 3556 3332 3619 circumcides
3383 3580 3605 3623 carnem

2024 3632 2272 3704 praeputii
2301 3637 2493 3693 illius:
2546 3640 2662 3711 ipsa
2704 3658 2839 3700 vero
2870 3646 3095 3718 triginta
3125 3649 3316 3709 diebus
3367 3659 3607 3713 manebit

2022 3723 2078 3778 in
2103 3724 2374 3795 sanguine
2397 3729 2680 3788 immundo
2706 3748 2830 3790 suo.
2855 3735 3029 3794 Omne
3055 3753 3305 3801 sanctum
3335 3762 3446 3803 non
3478 3756 3603 3807 tan-

2020 3823 2148 3884 get,
2178 3821 2233 3870 et
2267 3816 2326 3872 in
2356 3821 2740 3879 sanctuarinm
2770 3839 2884 3881 non
2911 3826 3276 3904 ingredietur,
3303 3837 3477 3895 donec
3507 3841 3600 3894 int-

2020 3905 2274 3976 pleantur
2305 3908 2426 3967 dies
2454 3913 2858 3984 puriﬁcationi:
2889 3935 3025 3978 suae.
3059 3923 3157 3980 Sin
3214 3936 3397 3983 autem
3441 3931 3602 3987 ίοιιιί-

2017 4013 2146 4057 nam
2172 4007 2753 4074 pepererit,immunda
2771 4012 2878 4070 erit
2897 4013 3118 4074 duabus
3141 4019 3599 4093 hebdomadibus,

2016 4095 2320 4153 Secundum
2367 4112 2652 4159 menstrua
2685 4119 2821 4175 sua,
2853 4114 2909 4163 et
2953 4112 3238 4183 sexaginta
3275 4131 3371 4172 sex
3406 4117 3602 4175 diebus

2015 4189 2228 4249 sedebit
2259 4192 2314 4249 in
2351 4197 2617 4269 sanguine
2648 4199 2932 4257 immundo
2963 4219 3084 4260 suo.
3119 4225 3138 4258 ι

2082 4463 2303 4522 Philan.
2361 4464 2435 4521 De
2489 4467 2675 4522 mundi
2721 4467 2854 4540 opif.
2885 4467 3150 4527 —Felus
3201 4472 3341 4528 intra
3379 4480 3596 4530 uterum

328 4567 596 4639 πέφυκεν,
622 4565 700 4631 ὡς
730 4569 1168 4638 παραδοξότατόν
1207 4586 1263 4624 τι
1298 4573 1645 4643 συμϐαίνειν.
1691 4579 1908 4635 Γίνεται

2043 4570 2230 4615 menses
2291 4568 2502 4630 septem
2534 4560 2699 4616 vividi
2736 4562 2918 4618 solent
2943 4577 3107 4628 esse,
3142 4566 3218 4619 ita
3273 4573 3335 4620 ut
3383 4565 3593 4638 aliquid

325 4660 439 4736 γὰρ
454 4660 746 4733 ἑπτάμηνα
767 4660 1048 4732 ἀγώγιμα,
1065 4663 1174 4717 τῶν
1199 4663 1524 4736 ὀκταμήνων
1550 4668 1757 4727 ἐπίπαν
1778 4671 1913 4738 ζωο-

2043 4649 2278 4707 ειῑιιιίιιιιι
2359 4667 2592 4725 prorsus
2640 4654 2948 4727 contingat.
3004 4653 3170 4711 Fiunt
3217 4658 3362 4712 enim
3421 4662 3593 4729 septi-

325 4754 608 4827 γονεῖσθαι
645 4757 723 4828 μὴ
751 4755 1089 4826 δυναμένων.

322 4939 510 4994 ἸἹΤΛ.
548 4941 653 4995 ιΑσ.
681 4967 750 4978 -
784 4930 921 5009 Περὶ
973 4941 1261 5011 γυναικὸς
1302 4943 1585 5013 ἀνδρείας
1633 4948 1731 5002 καὶ
1784 4949 1901 5004 σώι

987 5029 1237 5082 soporae.

396 5145 418 5181 ι
449 5125 796 5199 ’Δνεχώρησε
832 5129 947 5192 τοῖς
975 5127 1136 5181 ποσὶν
1171 5129 1251 5192 εἰς
1288 5130 1497 5202 σκηνὴν
1532 5131 1678 5204 Ἰαὴλ
1706 5152 1903 5204 γυναι-

319 5221 416 5287 κδς
442 5221 642 5292 Χαδὴρ
669 5220 765 5274 τοῦ
799 5220 1048 5276 Κιναίου.
1083 5218 1192 5273 Καὶ
1219 5220 1446 5291 έξῆλθεν
1473 5221 1622 5296 Ἰαὴλ
1651 5226 1734 5290 είς
1773 5245 1902 5284 συν-

317 5315 546 5386 ἀντησιν
571 5313 803 5386 Σισάρα,
835 5313 932 5368 καὶ
973 5307 1129 5369 εἶπεν
1157 5313 1341 5384 αὐτῷ’
1374 5315 1684 5382 Ἐκκλινον,
1732 5321 1897 5394 κύριέ

320 5424 449 5478 μου,
480 5407 729 5462 ἐκκλινον
752 5407 889 5478 πρός
908 5423 1009 5478 με’
1036 5405 1114 5479 μὴ
1143 5405 1334 5478 φοϐοῦ.
1360 5407 1471 5463 Καὶ
1495 5408 1737 5475 ἐξέκλινε
1759 5415 1898 5485 πρὸς

317 5499 490 5570 αὐτὴν
506 5501 567 5554 έν
587 5502 654 5571 τῇ
685 5501 882 5571 σκηνῇ,
909 5501 1004 5554 καὶ
1033 5499 1360 5571 περιέϐαλεν
1390 5501 1555 5556 αὐτὸν
1575 5504 1893 5578 ὲ-πιὸολαίῳ.

318 5590 431 5644 Καὶ
456 5584 578 5644 εἶπε
607 5589 816 5661 Σισάρα
845 5589 980 5662 πρὸς
1011 5590 1208 5655 αὑτήν⁸
1245 5591 1475 5647 Πότισον
1502 5591 1566 5664 δή
1600 5611 1667 5665 με
1699 5599 1896 5668 μικρὸν

319 5681 486 5754 ὕδωρ,
516 5683 598 5738 ὅτι
637 5681 891 5754 ιδίψησα.
917 5683 1028 5738 Καὶ
1065 5681 1248 5754 ἤνοιξε
1277 5682 1370 5738 τὸν
1405 5683 1575 5738 ἀσκὸν
1604 5685 1699 5739 τοῦ
1723 5687 1898 5756 γάλα-

318 5790 466 5836 γτος,
502 5773 594 5829 καὶ
621 5774 872 5830 ἐπότισεν
902 5775 1087 5839 αὐτὸν,
1121 5775 1215 5829 καὶ
1245 5774 1569 5846 περιέϐαλεν
1590 5777 1739 5849 αύτῷ
1769 5781 1892 5834 ἔπι-

313 5864 552 5935 εύλαιον.
589 5868 700 5923 Καὶ
722 5865 841 5923 εἶπε
869 5869 1007 5940 πρὸς
1044 5869 1213 5941 αὐτὴν
1235 5869 1445 5941 Σισάρα
1465 5885 1480 5900 ·
1516 5869 1678 5942 Στηθι
1705 5871 1768 5943 δὴ
1800 5875 1892 5929 ἐπὶ

2013 4751 2249 4798 mestres
2292 4752 2486 4814 partus
2536 4745 2776 4812 vitales;
2826 4747 2920 4817 qui
2971 4755 3158 4804 autem
3211 4750 3591 4820 octimcstres,

2009 4834 2205 4892 vitales
2234 4851 2462 4906 prorsus
2495 4852 2622 4894 esse
2647 4847 2950 4909 nequeunt.

2223 4948 2360 5005 ΤΙΤ.
2398 4950 2491 5006 XL
2515 4981 2579 4995 —
2603 4950 2682 5007 De
2713 4953 2936 5010 muliere
2962 4954 3096 5023 forti
3121 4965 3172 5012 et
3198 4968 3377 5018 costa.

2070 5127 2254 5185 Judic.
2293 5144 2364 5195 Iv,
2405 5130 2564 5186 i7.--
2587 5148 2607 5183 ι
2639 5130 2826 5188 Sisara
2859 5137 3088 5190 secessit
3123 5137 3288 5207 pedes
3317 5137 3370 5193 in
3404 5139 3590 5196 taber-

2005 5221 2262 5278 naculum
2301 5222 2417 5278 Jael
2456 5223 2646 5281 uxoris
2691 5225 2912 5282 Cbaber
2937 5227 3127 5284 Cinaei.
3160 5228 3223 5284 Et
3252 5246 3476 5302 egressa
3505 5242 3591 5290 est

2001 5313 2118 5370 Jael
2145 5315 2199 5369 in
2233 5331 2530 5372 occursum
2566 5317 2800 5386 Sisara,
2828 5327 2884 5374 et
2917 5321 3053 5375 dixit
3085 5325 3178 5386 ei;
3213 5322 3465 5390 Diverte,
3495 5328 3588 5379 do-

2002 5407 2153 5465 mine
2184 5408 2258 5465 mi
2282 5450 2299 5476 ,
2333 5408 2548 5466 diverte
2582 5410 2650 5466 ad
2682 5427 2810 5479 me;
2842 5427 2912 5467 ne
2943 5414 3160 5470 timeas.
3199 5413 3263 5469 Et
3294 5416 3591 5473 declinavit

1999 5501 2066 5556 ad
2098 5515 2220 5556 eam
2253 5503 2308 5556 in
2344 5503 2761 5558 tabernaculum
2790 5520 2806 5572 ;
2840 5520 2962 5576 quae
2990 5506 3218 5560 involvit
3244 5523 3366 5563 eum
3400 5509 3583 5578 pallio.

2001 5594 2066 5649 Et
2094 5596 2235 5652 dixit
2276 5597 2326 5651 ei
2354 5595 2542 5651 Sisara
2571 5612 2585 5650 :
2642 5596 2716 5652 Da
2745 5598 2875 5654 mihi
2915 5598 3199 5670 paululum
3231 5615 3386 5671 aquae
3408 5643 3421 5666 ,
3456 5603 3583 5671 quia

1997 5689 2145 5745 sitio.
2173 5687 2306 5756 Quae
2333 5690 2548 5760 aperuit
2579 5701 2755 5746 utrem
2787 5691 2946 5748 lactis
2967 5730 2982 5754 .
3009 5701 3063 5747 et
3097 5692 3250 5748 dedit
3275 5693 3325 5749 ei
3361 5693 3545 5748 bibere
3566 5736 3579 5756 ,

1996 5791 2052 5840 et
2078 5783 2297 5853 operuit
2331 5783 2485 5838 illum
2523 5783 2713 5856 pallio.
2749 5782 3010 5855 Dixitque
3053 5788 3120 5840 ad
3166 5800 3287 5843 eam
3345 5784 3531 5843 Sisara
3562 5806 3575 5842 :

1998 5876 2096 5932 Sta
2127 5886 2254 5936 ante
2287 5877 2494 5936 ostium
2525 5877 2904 5938 tabernaculi.
2935 5887 2994 5957 «et
3031 5894 3154 5938 cum
3185 5880 3397 5939 venerit
3431 5879 3494 5934 ad
3527 5888 3580 5937 te
