4010 6302
470 358 607 431 I319

1652 352 1717 414 S.
1750 350 1784 411 J
1789 349 1938 410 ΟΑΝ
1944 348 1992 408 Ν
2006 347 2073 407 lS
2115 343 2546 409 DAMASCENI

3601 342 3730 411 13s)

468 488 783 554 ligaverunt
840 479 1000 534 'llum
1042 477 1099 532 in
1151 473 1511 545 compedibus
1559 474 1728 531 aeneis
1772 478 1875 527 :ct
1925 477 2043 527 erat

2167 469 2469 540 szdtt'qoav
2513 466 2675 522 αὐτὸν
2716 466 2765 521 οί
2801 462 3115 538 ἀλλόφυλοι,
3158 464 3255 520 καὶ
3295 459 3575 537 ἐξώρυξαν
3612 468 3727 520 τοὺς

470 577 685 633 molens
719 575 777 631 in
805 572 974 628 domo
998 568 1267 627 carceris.
1309 585 1328 620 ι

552 839 649 900 ΙΙΙ
676 841 805 915 Reg.
827 858 906 910 xi,
931 843 1090 898 4.-ι
1109 838 1319 897 Factus
1344 844 1429 894 est
1455 836 1715 893 Salomon
1734 834 1790 889 in
1814 840 2058 904 tempore

474 936 808 1001 senectutis,
844 944 900 990 et
935 948 1047 989 non
1085 939 1204 990 erat
1231 946 1329 988 cor
1350 930 1473 1000 ejus
1515 925 1761 1001 perfecte
1795 939 1921 981 cum
1950 921 2059 978 Do-

474 1028 651 1093 mino,
686 1028 852 1083 sicuti
899 1041 995 1080 cor
1032 1021 1200 1079 David
1230 1022 1411 1094 patris
1456 1020 1658 1091 ipsius.
1705 1018 1773 1074 Et
1816 1016 2060 1072 declina-

473 1126 677 1177 verunt
734 1117 998 1173 mulieres
1051 1113 1380 1183 alienigenae
1426 1125 1524 1167 cor
1572 1108 1696 1179 ejus
1738 1113 1866 1179 post
1924 1104 2059 1161 deos

476 1229 633 1270 suos.
672 1210 828 1267 Tunc
855 1206 1153 1266 mdilicavit
1190 1204 1457 1261 Salomon
1502 1201 1787 1260 excelsum
1821 1197 2060 1255 Chamos

477 1306 626 1362 idolo
666 1303 843 1369 Moab,
881 1311 936 1357 et
981 1299 1094 1371 regi
1141 1298 1377 1353 ﬁliorum
1429 1294 1689 1361 Ammon,
1740 1300 1797 1349 ct
1834 1291 2061 1348 Astarte

478 1393 883 1455 abominationi
956 1390 1337 1448 Sidoniorum.
1386 1388 1453 1443 Et
1511 1387 1578 1441 ad
1642 1386 1788 1440 hunc
1833 1383 2059 1439 modum

480 1492 613 1548 fecit
645 1488 908 1545 omnibus
939 1484 1269 1542 mulieribus
1298 1481 1415 1538 suis
1450 1478 1799 1550 alienigenis.
1831 1473 1898 1531 Et
1928 1476 2061 1532 ado-

479 1586 691 1651 lcbant,
729 1590 786 1638 et
819 1577 1216 1638 sacrificabant
1259 1572 1580 1641 simulacris
1613 1570 1751 1629 suis.
1792 1588 1811 1625 ι

552 1760 712 1815 Prov.
748 1774 802 1825 v,
828 1756 886 1812 2.
916 1787 989 1798 -—
1038 1771 1059 1808 ι
1092 1753 1173 1810 Ne
1212 1752 1467 1808 attendas
1499 1748 1564 1803 ad
1600 1760 1826 1818 pravam
1862 1745 2059 1801 mulie-

2157 559 2472 633 ὀφθαλμοὺς
2500 559 2690 625 αὑτοῦ,
2725 559 2820 614 καὶ
2846 561 3195 632 κατήνεγκαν
3223 558 3386 613 αὑτὸν
3417 557 3500 622 είς
3538 557 3735 624 Γάζανσ

2159 651 2271 705 Καὶ
2298 652 2495 723 ἔδησαν
2523 651 2685 709 αὐτὸν
2707 652 2766 708 ἐν
2794 650 2986 716 πέδαις
3016 650 3273 724 χαλκαῖς,
3296 651 3391 705 καὶ
3417 644 3489 722 ἦν
3516 649 3734 723 ἀλήθων

2158 744 2217 795 ἐν
2246 744 2381 814 οτκῳ
2414 742 2518 814 τῆς
2550 742 2798 814 φυλακῆς
2853 760 2872 792 ι

2236 853 2255 887 ι
2289 834 2555 908 Ἐγενήθη
2583 835 2643 889 ἐν
2670 833 2747 905 τῷ
2772 832 2952 906 καιρῷ
2981 833 3189 906 γήρους
3209 831 3487 905 Σολομὼν,
3515 831 3609 888 καὶ
3629 832 3729 887 οὐκ

2156 918 2280 998 ἧνὴ
2314 925 2512 998 καρδία
2561 925 2730 981 αὐτοῦ
2764 925 2988 991 τελείως
3025 926 3167 998 μετά
3221 924 3453 997 Κυρίου,
3492 922 3676 989 καθώς
3701 926 3735 995 ή

2159 1016 2358 1090 καρδία
2393 1016 2560 1072 Δαῦὶδ
2584 1016 2678 1071 τοῦ
2722 1014 2938 1084 πατρὸς
2977 1012 3166 1069 αὐτοῦ.
3199 1011 3637 1090 Καὶ-ἐξέκλιναν
3680 1012 3736 1067 αι

2161 1088 2426 1179 γυναῖκες
2480 1113 2536 1165 αἰ
2587 1110 2871 1183 ἀλλότριαι
2928 1107 3028 1180 τὴν
3070 1106 3301 1178 καρδίαν
3326 1088 3508 1161 ἀὐτοῦ
3557 1104 3735 1159 ὀπίσω

2161 1201 2303 1258 θεῶν
2358 1201 2557 1260 αὐτῶν.
2583 1204 2717 1257 Τότε
2742 1201 3060 1274 ᾠκοδόμησε
3110 1194 3362 1271 Σολομὼν
3406 1196 3611 1269 ύψηλδν
3656 1198 3735 1268 τῷ

2161 1296 2371 1369 Χαμῶς
2424 1294 2629 1368 εἰδώλῳ
2676 1295 2875 1361 Murali,
2910 1292 3005 1349 xei.
3058 1290 3139 1363 τῷ
3184 1289 3400 1363 βασιλεῖ
3453 1288 3562 1343 τῶν
3604 1287 3735 1343 υἱῶν

2165 1391 2422 1460 Ἄμμων,
2451 1388 2549 1444 καὶ
2577 1392 2644 1461 τῇ
2665 1386 2943 1461 Ἀστάρτῃ
2971 1382 3301 1458 βδελύγματι
3316 1381 3618 1439 Σιδωνίων·
3642 1382 3733 1436 καὶ

2161 1481 2336 1546 οὕτως
2390 1482 2619 1553 ἐποίησε
2664 1479 2866 1544 πάσαις
2910 1480 3032 1542 ταῖς
3082 1474 3338 1548 γυναιξὶν
3394 1474 3560 1529 αὐτοῦ
3614 1476 3733 1540 ταῖς

2161 1574 2510 1647 ἀλλοτρίαιςο
2567 1575 2663 1629 καὶ
2688 1572 2955 1645 ἐθυμίων,
2992 1570 3089 1626 καὶ
3134 1569 3293 1627 ἔθυον
3331 1568 3445 1633 τοῖς
3497 1567 3734 1633 εἰδώλοις

2162 1664 2368 1720 αὐτῶν.
2398 1682 2418 1716 ι

2240 1775 2260 1810 ι
2285 1755 2378 1829 Μὴ
2404 1753 2641 1828 πρόσεχε
2667 1753 2847 1827 φαύλῃ
2870 1752 3111 1823 γυναικί.
3134 1750 3278 1807 Μὲλι
3301 1750 3413 1823 γὰρ
3439 1749 3733 1816 ἀποστάζει

481 1872 620 1911 rem.
656 1851 792 1909 Nam
827 1853 932 1908 mel
965 1849 1202 1906 distillat
1234 1862 1264 1904 e
1305 1845 1491 1917 lingua
1534 1841 1867 1908 meretricis,
1904 1848 1958 1896 et
1989 1838 2055 1895 ad

2167 1848 2271 1905 ἀπὸ
2299 1845 2525 1921 χειλέων
2554 1844 2814 1915 γυναικὸς
2842 1845 3072 1916 πόρνης,
3100 1844 3135 1916 ἡ
3176 1843 3314 1916 πρὸς
3345 1844 3536 1916 καιρὸν
3556 1842 3736 1897 λιπαί-

481 1958 704 2016 tempus
735 1943 1045 2016 impinguat
1089 1939 1282 1997 fauces
1308 1946 1469 2000 tuas:
1501 1943 1842 2008 postremum
1875 1940 2057 1988 autem

480 2041 602 2112 ejus
640 2041 888 2094 amarius
922 2031 1226 2109 absymhio
1254 2031 1519 2105 reperies,
1548 2036 1604 2084 et
1632 2034 1860 2083 acutum
1884 2022 2061 2095 magis

480 2150 647 2206 quam
674 2130 918 2204 gladium
950 2127 1277 2199 ancipitem.
1308 2142 1328 2176 ι

557 2225 719 2282 Prov.
752 2240 831 2290 γι,
856 2221 949 2279 26.
982 2252 1052 2265 —
1079 2237 1100 2273 ι
1132 2217 1327 2274 Mulier
1348 2214 1626 2287 pretiosas
1658 2210 1899 2265 virorum
1937 2207 2060 2262 ani.

482 2334 605 2376 mas
637 2317 802 2387 capit.
848 2314 1020 2372 Sedes
1062 2307 1405 2385 ignominiaa.
1458 2305 1660 2363 mulier
1687 2302 1817 2361 odio
1853 2301 2062 2359 habens

484 2410 657 2466 iusta.
691 2425 711 2462 ι

506 2426 657 2466 usta.
691 2426 711 2462 ι

480 2426 498 2483 ι
553 2502 715 2557 Prov.
750 2512 852 2565 vn,
887 2494 945 2553 2.
989 2526 1049 2539 -
1092 2512 1111 2547 ι
1153 2489 1283 2557 Fili,
1330 2502 1490 2547 serva
1537 2485 1791 2543 mandata
1822 2499 1968 2551 mea,
2004 2490 2061 2540 et

484 2595 639 2651 vives
670 2611 685 2649 :
722 2598 785 2646 ut
817 2599 870 2645 te
896 2584 1217 2644 custodiant
1251 2597 1285 2637 a
1320 2580 1551 2636 muliere
1594 2580 1777 2634 aliena
1809 2585 1864 2633 et
1891 2574 2060 2631 mala.

481 2685 562 2742 De
613 2683 861 2741 fenestra
916 2678 1067 2735 enim
1101 2676 1302 2731 domus
1355 2686 1493 2728 meae
1545 2686 1644 2743 per
1683 2667 1963 2725 cancellos
2004 2667 2061 2723 in

484 2779 698 2850 plateas
725 2771 1101 2848 prospiciens,
1130 2781 1295 2840 quem
1324 2765 1529 2821 viderit
1558 2778 1589 2818 e
1623 2762 1752 2818 tiliis
1791 2759 2062 2832 insipien-

484 2872 636 2927 tibus
666 2868 927 2941 juvenem
958 2872 1240 2933 expertem
1275 2873 1466 2922 sensu,
1499 2854 1597 2928 qui
1641 2854 1842 2909 transit
1872 2852 1928 2908 in
1965 2867 2064 2908 an-

484 2963 638 3037 gulo.
689 2960 745 3014 in
792 2955 956 3014 biviis
982 2953 1274 3010 domorum
1321 2950 1468 3020 ejus,
1514 2956 1571 3003 ct
1631 2947 1953 3017 loquentem
2006 2944 2062 3000 in

486 3052 805 3126 vespertina
844 3047 1212 3112 obscuritate,
1256 3043 1483 3115 quando
1517 3043 1630 3114 jam
1669 3049 1756 3098 est
1795 3048 2064 3096 nocturna

484 3148 643 3218 quies
703 3150 760 3198 et
798 3138 1148 3211 caliginosa:
1210 3134 1410 3190 mulier
1452 3140 1639 3188 autem
1682 3131 1928 3197 occurrit
1983 3131 2060 3185 illi

486 3237 728 3312 speciem
762 3233 979 3290 habens
1018 3226 1415 3291 meretriciam,
1456 3241 1579 3297 qua:
1624 3226 1838 3282 seducit
1871 3225 2061 3294 junio-

485 3346 609 3389 rum
640 3327 833 3385 corda.
869 3325 989 3381 Alis
1010 3324 1290 3379 instructa
1324 3327 1412 3375 est
1443 3318 1831 3391 intemperanti
1860 3331 2012 3371 more
2046 3333 2061 3370 ε

485 3424 638 3482 domi
666 3420 838 3493 quieti
871 3434 983 3474 non
1016 3423 1148 3472 sunt
1180 3413 1348 3486 pedes
1374 3412 1520 3484 ejus.
1550 3409 1688 3466 Nam
1724 3410 1885 3466 modo
1914 3412 2064 3464 l‘uras

488 3515 871 3587 circumgirat,
911 3508 1077 3567 modo
1122 3508 1177 3563 in
1206 3504 1407 3578 plateis
1442 3504 1603 3577 juxta
1640 3518 1861 3558 omnem
1891 3516 2064 3573 angu-

488 3616 601 3671 lum
653 3608 969 3665 insidiatur.
1012 3599 1222 3657 Deinde
1253 3596 1572 3669 suscipieus
1602 3594 1889 3650 osculatur
1914 3607 2061 3657 eum,

486 3700 793 3776 impudenti
852 3710 984 3753 vero
1025 3693 1179 3749 vultu
1224 3691 1381 3746 illum
1421 3687 1728 3759 alloquitur
1783 3684 2063 3741 :Victima

488 3795 718 3871 pacifica
753 3791 889 3847 mihi
918 3797 1027 3853 est,
1060 3784 1228 3841 hodie
1256 3781 1434 3839 reddo
1461 3789 1586 3837 vota
1613 3793 1754 3835 mea.
1787 3776 1953 3850 [οιο
1976 3775 2065 3831 ld-

487 3869 640 3948 circo
670 3898 894 3959 egressa
927 3895 1049 3938 sum
1074 3879 1131 3935 in
1164 3888 1463 3933 occursum
1498 3884 1653 3929 tuum
1680 3888 1696 3939 ;
1732 3869 2065 3927 desiderans

489 3985 690 4043 faciem
721 3989 896 4043 tuam,
931 3984 986 4031 te
1018 3972 1223 4045 reperi.
1265 3967 1480 4026 Fasciis
1520 3964 1762 4023 instruxi
1797 3961 2063 4021 lectulum

490 4092 711 4144 meum;
765 4070 1157 4141 tapetibusque
1210 4061 1484 4136 Egyptiis
1547 4057 1719 4117 stravi
1779 4076 1793 4109 :
1850 4052 2061 4125 aspersi

488 4170 675 4230 cubile
708 4178 891 4223 meum
914 4173 1107 4226 croco,
1143 4166 1198 4214 et
1218 4155 1441 4212 domum
1479 4166 1656 4208 meam
1685 4150 2063 4207 cinnamomo.

488 4262 652 4328 Veni,
680 4270 735 4317 et
767 4256 1019 4314 fruamur
1063 4248 1348 4307 amoribus
1383 4260 1561 4315 usque
1595 4257 1779 4299 mane.
1815 4238 1980 4303 Veni,
2009 4246 2067 4295 et

490 4356 840 4425 involvamur
878 4360 1089 4403 amore.
1124 4340 1422 4398 Nonenim
1456 4346 1543 4394 est
1577 4336 1668 4391 vir
1707 4348 1864 4390 meus
1890 4333 2064 4394 domi,

492 4450 628 4507 abiit
653 4446 799 4501 viam
828 4437 1236 4511 longissimam,
1292 4432 1521 4489 sacculo
1562 4426 1811 4501 pecuniae
1844 4435 2066 4496 sumpto

2161 1958 2247 1996 νει
2278 1939 2373 1995 σὺν
2403 1939 2689 2008 φάρυγγα,
2720 1937 2948 2014 ὕστερον
2990 1933 3178 2008 μέντοι
3207 1938 3538 2009 πικρότερον
3572 1935 3734 2009 χολῆς

2162 2034 2444 2105 εὑρήσεις,
2486 2029 2580 2085 καὶ
2629 2028 2973 2102 ⁴Ινριονημιίνον
3014 2025 3217 2100 μᾶλλον
3260 2028 3538 2102 μαχαίρας
3560 2028 3741 2084 διστό-

2165 2143 2290 2198 μου.
2326 2144 2345 2177 ι

2239 2234 2259 2272 ι
2297 2214 2444 2289 Γυνὴ
2482 2213 2671 2287 τιμίας
2707 2212 2890 2286 ψυχὰς
2920 2211 3132 2286 ἀνδρῶν
3159 2212 3412 2286 ἀγρεύει.
3442 2244 3515 2257 -
3540 2211 3736 2285 Ope-Ioc

2120 2401 2133 2413 ι
2165 2308 2413 2384 ἀτιμίας,
2436 2308 2576 2381 γυνὴ
2605 2306 2845 2381 μισοῦσα
2872 2306 3080 2362 δίκαια.
3110 2322 3131 2357 ι

2240 2510 2261 2545 ι
2293 2492 2411 2559 ru,
2445 2489 2692 2561 φύλασσε
2720 2487 2860 2560 ἐμὰς
2881 2483 3124 2552 ἐντολὰς,
3156 2484 3253 2539 καὶ
3292 2479 3533 2554 βιώσεις,
3564 2479 3649 2536 ινα
3675 2496 3738 2535 σε

2165 2586 2382 2659 τηρήσῃ
2413 2583 2523 2639 ἀπὸ
2552 2580 2815 2653 γυναικὸς
2843 2577 3134 2650 ἀλλοτρίας
3167 2576 3263 2633 καὶ
3313 2574 3576 2647 πονηρᾶς.
3603 2572 3744 2629 Ἀπὸ

2165 2678 2277 2749 γὰρ
2305 2675 2523 2749 θυρίδος
2575 2676 2641 2727 ἐκ
2678 2671 2775 2727 τοῦ
2812 2672 2962 2725 οἴκου
3002 2668 3176 2739 αὐτῆς
3219 2667 3303 2733 εἰς
3326 2667 3427 2732 τάς
3478 2663 3740 2728 πλατείας

2168 2768 2635 2842 παρακύπτουσα,
2680 2766 2741 2819 ὃν
2795 2764 2862 2820 ἀν
2912 2763 2997 2836 ἴδῃ
3051 2761 3161 2816 τῶν
3212 2759 3469 2833 ἀφρόνων
3535 2758 3742 2813 τέκνων

2168 2864 2391 2919 νεανίαν
2428 2860 2581 2933 ἐνδεῆ
2627 2858 2843 2931 φρενῶν
2890 2854 3414 2929 παραπορευόμενον
3459 2853 3519 2907 ἐν
3547 2849 3742 2925 γωνίᾳ,

2168 2960 2227 3013 ἐν
2274 2956 2470 3021 διόδοις
2520 2955 2686 3011 οἴκων
2726 2944 2897 3022 αύτῆς
2924 2988 2939 3017 ,
2994 2950 3088 3004 καὶ
3118 2946 3386 3003 λαλοῦντα
3448 2948 3506 2999 ἐν
3560 2944 3745 2999 σκότει

2169 3048 2470 3122 ἐσπερινῷ,
2500 3049 2663 3120 ήνίκα
2692 3046 2759 3101 ἀν
2785 3040 2822 3120 ᾖ
2851 3041 3055 3116 ήσυχία
3078 3039 3373 3113 νυκτερινὴ
3405 3037 3500 3094 καὶ
3532 3036 3744 3107 γνοφώ-

2167 3143 2266 3216 δης
2285 3160 2301 3174 ο
2326 3144 2360 3215 ή
2387 3142 2447 3196 δέ
2472 3139 2614 3212 γυνὴ
2638 3134 2875 3209 συναντᾷ
2902 3132 3052 3206 αὐτῷ
3073 3130 3213 3199 ε’ίδος
3236 3130 3440 3205 ἔχουσα
3463 3127 3743 3203 πορνικδν,

2168 3238 2203 3307 ἢ
2234 3237 2381 3290 ποιεῖ
2423 3234 2562 3288 νέων
2613 3230 2940 3296 ἐξίπτασθαι
2994 3225 3246 3299 καρδίας.
3285 3221 3743 3295 Ἀνεπτερωμένη

2167 3330 2317 3383 ἐστὶν
2350 3324 2581 3389 ἀσώτως
2599 3340 2613 3355 ·
2640 3325 2700 3377 ἐν
2726 3321 2863 3393 οἴκῳ
2892 3319 2949 3373 δέ
2975 3319 3077 3390 οὐχ
3116 3316 3485 3391 ἡσυχάζουσιν
3506 3315 3556 3369 οἰ
3586 3314 3745 3373 πόδες

2167 3421 2357 3492 αὐτῆς.
2387 3418 2596 3490 Χρόνον
2640 3415 2751 3486 γάρ
2784 3430 2907 3467 τινα
2932 3410 3038 3477 ἔξω
3071 3408 3361 3484 ῥέμϐεται,
3391 3406 3571 3480 χρόνῳ
3606 3404 3661 3459 δέ
3684 3406 3745 3458 ἐν

2168 3511 2452 3573 πλατείαις
2496 3508 2650 3580 παρά
2685 3509 2867 3562 πᾶσαν
2905 3504 3111 3575 γωνίαν
3141 3501 3432 3574 ἐνεδρεύει.
3463 3496 3597 3554 Εἶτα
3624 3499 3745 3552 ἐπι-

2168 3602 2446 3675 λαϐομένη
2476 3600 2734 3672 ἐφίλησεν
2759 3596 2945 3663 αὐτὸν,
2966 3595 3174 3651 ἀναιδεῖ
3191 3593 3251 3649 δέ
3274 3591 3552 3667 προσώπῳ
3577 3607 3746 3665 προσ-

2167 3699 2321 3750 εῖπεν
2349 3692 2497 3762 αύτῷ
2520 3708 2533 3724 ·
2568 3690 2744 3745 Θυσία
2768 3686 3021 3761 εἰρηνική
3046 3684 3137 3758 μοί
3167 3686 3307 3749 ἐστι,
3344 3685 3581 3755 σήμερον
3604 3683 3743 3736 ἀπο-

2166 3788 2362 3858 δίδωμι
2400 3786 2500 3849 τάς
2539 3781 2704 3854 εύχάς
2747 3797 2871 3851 μου.
2914 3778 3118 3833 Ἕνεκα
3146 3774 3339 3831 τούτου
3392 3773 3615 3846 ἐξῆλθον
3659 3775 3747 3837 εἰς

2171 3875 2501 3948 συνάντησίν
2548 3890 2652 3928 σοι.
2687 3865 2929 3925 ποθοῦσα
2972 3865 3035 3921 τδ
3068 3863 3365 3939 πρόσωπόν
3401 3881 3495 3919 σου
3533 3862 3745 3935 εὓρηκά

2169 3986 2259 4024 σεο
2294 3968 2533 4038 κειρίαις
2560 3964 2765 4018 τέτακα
2789 3960 2889 4033 τήν
2932 3956 3121 4029 κλίνην
3158 3973 3285 4030 μου,
3318 3954 3654 4028 ἀμφιτάποις
3680 3953 3746 4007 δὲ

2170 4064 2427 4135 ἐστρωκα
2464 4060 2579 4121 τοῖς
2603 4056 2698 4112 ἀπ’
2724 4052 3005 4125 Αἰγύπτου
3026 4068 3041 4084 ο
3070 4050 3373 4125 διὲρῤαγκα
3419 4048 3518 4120 τὴν
3553 4047 3745 4117 κοίτην

2176 4175 2279 4229 μου
2310 4153 2519 4229 κρόκῳ,
2561 4150 2653 4204 τὸν
2701 4148 2761 4203 δέ
2794 4142 2942 4201 οἶκόν
2978 4162 3081 4218 μου
3124 4140 3490 4214 κινναμώμῳ.
3557 4139 3744 4204 Ἐλθέ,

2168 4252 2267 4305 καὶ
2309 4245 2711 4315 ἀπολαύσωμεν
2759 4238 2945 4311 φιλίας
3004 4237 3113 4302 ἓως
3160 4234 3385 4308 δρθρου.
3428 4232 3600 4305 Δεῦρο
3646 4232 3747 4287 καὶ

2169 4335 2586 4409 ἐγκυλισθῶμεν
2622 4334 2809 4406 ἔρωτι.
2847 4331 2921 4388 Ού
2946 4329 3058 4402 γάρ
3094 4329 3361 4403 πάρεστιν
3403 4330 3433 4384 ό
3465 4329 3606 4402 ἀνήρ
3636 4345 3745 4401 μου

2172 4434 2231 4489 ἐν
2258 4434 2393 4503 οἴκῳ
2414 4448 2429 4462 ο
2460 4428 2797 4501 πεπόρευται
2825 4423 2929 4496 όδῷ
2957 4423 3165 4496 μακρᾷ,
3187 4420 3449 4493 ἔνδεσμον
3477 4421 3746 4494 ἀργυρίου

491 4546 550 4602 in
584 4554 750 4599 manu
780 4552 879 4592 sua
925 4540 1108 4605 :‘p‘ost
1152 4526 1275 4584 dies
1321 4525 1529 4582 multos
1580 4520 1781 4578 redibit
1840 4519 2062 4573 domum

2170 4521 2354 4579 λαϐὼν
2384 4522 2443 4574 ἐν
2463 4521 2531 4593 τῇ
2572 4519 2718 4592 χειρὶ
2745 4515 2937 4582 αὐτοῦ,
2980 4515 3049 4570 δι’
3084 4514 3308 4587 ἡμερῶν
3337 4513 3550 4569 πολλῶν
3576 4516 3748 4568 ἐπανο

490 4651 673 4699 suam.
708 4628 942 4688 Seduxit
971 4638 1097 4682 eum
1136 4620 1310 4676 multo
1340 4610 1641 4686 colloquio,
1671 4621 1724 4669 et
1751 4611 1959 4667 retibus
1983 4609 2064 4663 la-

431 4766 439 4772 -
488 4736 709 4791 biorum
761 4719 1033 4795 pertraxit
1076 4717 1255 4772 illum.
1312 4710 1424 4765 Πίον
1450 4716 1634 4765 autem
1690 4706 2069 4761 circumactus

488 4830 723 4883 secutus
749 4826 859 4872 est.
895 4812 1054 4868 Sicut
1082 4809 1182 4866 bos
1216 4805 1284 4862 ad
1317 4803 1597 4859 victimam
1629 4799 1870 4862 ducitur,
1906 4804 1960 4852 et
1994 4795 2072 4851 si-

488 4923 584 4971 cut
615 4910 775 4968 canis
799 4906 867 4961 ad
891 4903 1195 4964 vinculum,
1220 4904 1314 4952 aut
1345 4895 1492 4953 sicut
1523 4907 1723 4949 cervus
1748 4890 2070 4945 vulneratus

490 5008 545 5059 iu
602 5003 812 5075 jecore,
848 5000 1109 5068 prsperat
1173 4987 1322 5044 velut
1368 4984 1486 5041 avis
1529 4982 1595 5038 ad
1647 4982 1928 5051 laqueum,
1969 4993 2069 5033 ne-

493 5071 678 5154 sciens
713 5092 842 5165 quia
886 5103 990 5161 pro
1029 5083 1214 5139 anima
1253 5079 1455 5137 currit.
1498 5075 1702 5132 Multos
1732 5071 2071 5127 vulnerando

496 5160 1191 5259 dejecitiinnumerubiles
1230 5179 1365 5229 sunt
1401 5182 1545 5240 quos
1599 5164 1923 5221 trucidavit.
1958 5160 2073 5217 Vite

499 5254 806 5337 inferorum
856 5270 1057 5327 domus
1104 5265 1250 5339 ejus,
1300 5262 1639 5320 deducentcs
1671 5258 1726 5313 iu
1769 5254 2071 5330 penetralia

500 5370 718 5429 mortis.
752 5387 771 5421 ι

577 5464 733 5519 Prov.
762 5476 845 5524 xt,
873 5459 962 5513 τε.
993 5484 1061 5497 --
1089 5474 1107 5505 ι
1137 5451 1298 5508 Velut
1340 5449 1560 5505 inauris
1586 5446 1643 5500 in
1681 5445 1908 5501 naribus
1933 5444 2071 5507 suis,

502 5556 583 5613 sic
617 5551 837 5609 mulieri
872 5560 1134 5619 perverso
1169 5544 1354 5598 animo
1385 5537 1761 5612 pulchritudo.
1805 5555 1821 5586 ι

577 5646 740 5702 Prov.
762 5660 841 5706 ix,
874 5642 961 5697 l5.
995 5667 1059 5680 —-
1106 5656 1124 5690 ι
1162 5635 1358 5691 Mulier
1392 5632 1560 5688 stulta
1600 5640 1654 5685 et
1696 5644 1918 5701 procax,
1952 5628 2078 5683 cibo

2170 4616 2292 4689 ἡξει
2314 4615 2394 4679 εἰς
2416 4613 2505 4667 τὸν
2530 4608 2681 4667 οἷκον
2707 4607 3280 4679 αύτοῦ.’Δπεπλάνησε
3308 4607 3367 4663 δέ
3385 4607 3550 4662 αὑτὸν
3573 4607 3748 4680 πολλῇ

2169 4706 2379 4780 ὁμιλίᾳ,
2419 4705 2637 4778 βρόχοις
2659 4703 2718 4759 δέ
2744 4704 2856 4767 τοῖς
2879 4701 2986 4757 ἀπὸ
3006 4699 3234 4772 χειλέων
3254 4697 3544 4765 ἐξώκειλεν
3561 4698 3747 4757 αὐτόν,

2182 4802 2241 4856 '0
2274 4800 2331 4854 δέ
2376 4796 2783 4868 ἐπηκολούθησε
2829 4793 3164 4863 κεπφωθεὶς,
3192 4792 3288 4847 καὶ
3312 4792 3503 4862 ὥσπερ
3532 4792 3587 4846 δὲ
3618 4791 3751 4864 βοῦς

2171 4894 2266 4949 ἐπὶ
2298 4892 2519 4963 σφαγήν
2554 4891 2771 4959 ἄγεται,
2804 4888 2897 4942 καὶ
2928 4886 3117 4958 ὥσπερ
3155 4885 3301 4939 κύων
3343 4885 3436 4939 ἐπὶ
3464 4886 3681 4955 δεσμὸν,
3714 4886 3748 4957 ἢ

2171 4983 2247 5047 ὼς
2278 4983 2476 5051 ἔλαφος
2506 4976 2803 5049 πεπληγὼς
2830 4978 2910 5041 εἰς
2936 4977 2996 5030 τὸ
3019 4970 3194 5049 ἧπαρ,
3222 4976 3441 5030 σπεύδει
3473 4976 3532 5031 δέ
3556 4976 3748 5045 ὥσπερ

2173 5076 2361 5146 ὄρνεον
2390 5077 2469 5138 εἰς
2498 5072 2725 5142 παγίδα,
2753 5072 2854 5125 οὐκ
2886 5068 3041 5132 εἰδὼς
3065 5070 3151 5123 ὅτι
3175 5070 3303 5140 περὶ
3334 5068 3513 5142 ψυχῆς
3536 5070 3743 5144 τρέχει.

2177 5168 2415 5230 Πολλοὺς
2464 5164 2726 5238 τρώσασα
2776 5158 3157 5234 καταϐέϐληκε
3178 5199 3193 5224 ,
3235 5159 3334 5214 καὶ
3385 5160 3747 5233 ἀναρίθμητοε

2175 5263 2315 5314 εἰσιν
2342 5258 2436 5322 οὓς
2463 5256 2817 5327 πεφόνευκεν.
2835 5254 2975 5310 Ὀδοὶ
3004 5253 3132 5325 ᾅδου
3158 5254 3188 5307 ό
3217 5252 3365 5316 οἶκος
3392 5251 3586 5324 αὐτῆς,
3615 5270 3748 5309 κατ⁶

2176 5352 2410 5420 ἄγουσαι
2433 5348 2512 5412 είς
2542 5346 2745 5418 ταμεῖα
2774 5342 3029 5399 θανάτου.
3057 5360 3076 5393 ι

2254 5461 2270 5494 ι
2300 5442 2513 5511 Ὥσπερ
2549 5435 2766 5492 ἐνώτιον
2791 5440 2846 5491 ἐν
2880 5436 2991 5507 ῥινὶ
3021 5434 3131 5499 ὑὸς,
3164 5430 3339 5497 οὕτως
3388 5433 3612 5502 γυναικὶ
3648 5450 3745 5487 και

2177 5538 2403 5608 κὸςρρονι
2430 5532 2645 5595 κάλλος.
2678 5550 2695 5582 ι

2256 5650 2274 5681 ι
2304 5626 2447 5698 Γυνὴ
2470 5620 2666 5697 ’ἄφρων
2692 5622 2787 5679 xc).
2818 5621 3070 5694 θρασεῖα,
3098 5617 3282 5690 ἐνδεὴς
3299 5616 3490 5691 ψωμοῦ
3512 5618 3741 5689 γίνεται,

505 5742 763 5812 indigens
781 5736 1036 5802 efficitur,
1085 5747 1208 5805 qua
1240 5744 1342 5786 nec
1385 5731 1539 5785 novit
1596 5725 1885 5797 pudorem.
1923 5722 2063 5778 SEdil

2181 5722 2216 5793 ἥ
2250 5723 2350 5774 οὐκ
2378 5719 2663 5810 ἐπίσταται
2694 5714 2974 5787 αἰσχύνην.
3010 5712 3294 5769 Ἐκάθισεν
3320 5712 3411 5768 ἐπὶ
3433 5711 3624 5786 θύραις
3650 5712 3740 5767 τοῦ

513 5837 569 5892 in
606 5830 826 5890 furibus
850 5830 1050 5888 domus
1085 5840 1199 5883 suae
1228 5837 1397 5894 super
1428 5820 1644 5887 sellam,
1677 5816 1858 5889 palam
1884 5817 1939 5871 in
1962 5816 2079 5889 pla-

2182 5800 2391 5885 ἑαυτῆς
2427 5812 2608 5872 οἴκου,
2674 5810 2767 5863 ἐπὶ
2803 5808 2995 5880 δίφρου
3049 5806 3307 5879 ἐμφανῶς
3355 5808 3411 5862 ἐν
3453 5805 3739 5877 πλατείαις
