4010 6302
337 313 467 383 1321

1581 321 1826 384 SACRA
1855 320 2320 386 PARALLELA.

3437 323 3571 392 1322

332 428 787 501 προσκαλουμένη
823 427 948 495 τοὺς
1003 426 1298 500 παριόντας
1332 428 1429 485 καὶ
1472 428 1902 490 κατευθύνοντας

2016 428 2109 488 teis
2147 445 2359 489 vocans
2411 438 2786 498 transeuntes,
2829 438 2884 488 et
2933 437 3084 488 recta
3119 432 3236 492 vias
3279 450 3410 492 suas
3453 452 3574 506 pcr-

330 521 392 574 ὲν
426 523 551 586 ταῖς
580 520 717 586 όδοῖς
748 520 949 575 αὐτῶν.
979 519 1082 585 ’Ός
1113 522 1262 576 ἔστιν
1292 520 1449 594 ὑμῶν
1473 521 1900 595 ἀφρονέστατος,

332 613 639 668 ἐκκλινάτω
669 613 808 685 πρός
843 630 935 686 με,
976 612 1164 685 ἐνδεὴς
1190 613 1254 667 δὲ
1281 614 1617 687 φρονήσεως,
1657 630 1904 686 παρακε-

331 703 584 774 λεύομαι,
624 703 891 774 λέγουσω
923 704 1142 775 Ἀρτων
1173 703 1423 776 κρυφίων
1457 703 1630 775 ἡδέως
1668 702 1902 774 ἃψασοε,

332 796 431 853 καὶ
459 795 651 862 ὓδατος
676 797 885 870 κλοπῆς
909 795 1182 868 γλυκεροῦ
1210 794 1426 853 πίεσθε.
1456 796 1517 852 '0
1547 795 1607 851 δὶ
1635 795 1736 851 οὐκ
1763 791 1905 850 οἶδεν

330 890 417 944 ὅτι
450 892 707 962 γηγενεῖς
740 891 874 964 παρ’
902 890 1040 962 αὐτῇ
1071 887 1341 956 ὀλοῦνται,
1376 889 1473 944 καὶ
1508 889 1602 955 είς
1633 888 1906 961 πιίταυρον

333 981 464 1054 ᾅδου
494 985 753 1054 συναντᾷ.
787 1001 807 1036 ο

409 1095 430 1129 ι
467 1076 678 1149 Ὥσπερ
702 1075 922 1148 σκώληξ
946 1076 1006 1131 ὲν
1050 1075 1220 1150 ξύλῳ,
1244 1074 1419 1141 οὕτως
1447 1073 1617 1148 ἄνδρα
1641 1075 1907 1132 ἀπόλλυσι

332 1173 472 1244 γυνὴ
508 1172 826 1240 κακοποιός.
864 1192 883 1226 ι

411 1285 430 1319 ι
476 1267 534 1320 ⁸0
557 1264 806 1338 κατέχων
840 1265 1144 1338 μοιχαλίδα,
1173 1267 1365 1339 ἄφρων
1394 1266 1495 1322 καὶ
1517 1266 1746 1340 ἀσεϐής.
1775 1284 1795 1318 ι

409 1467 429 1503 ι
450 1450 720 1521 Κρετσσον
745 1451 914 1504 οἰκεῖν
943 1449 1003 1504 ὲν
1040 1450 1254 1522 ἐρήμῳ,
1289 1449 1323 1521 ἢ
1357 1450 1495 1521 μετὰ
1524 1449 1786 1522 γυναικὸς
1809 1467 1910 1523 μα-

332 1543 493 1616 χίμου
526 1543 619 1597 καὶ
643 1542 999 1614 γλωσσὼδους
1024 1547 1119 1597 καὶ
1148 1542 1391 1616 ὀργίλου.
1426 1563 1446 1596 ι

409 1753 428 1787 ι
464 1732 734 1803 Σταγόνες
758 1731 1117 1790 ἐκϐάλλουσιν
1142 1729 1428 1806 ἄνθρωπον
1464 1736 1523 1789 ὲν
1562 1734 1744 1808 ἡμέρᾳ
1795 1752 1906 1806 χει-
1941 1783 1982 1839 Β

335 1827 530 1897 μερινῇ
550 1825 615 1879 ὲκ
641 1823 737 1879 τοῦ
760 1823 912 1880 οἴκου
944 1823 1136 1892 αὐτοῦ,
1159 1824 1426 1890 ὡσαύτως
1451 1828 1542 1881 καὶ
1565 1826 1704 1897 γυνὴ
1736 1826 1906 1880 λοίδο-

331 1933 429 1988 ρος
462 1918 529 1973 tat
547 1916 643 1973 τοῦ
674 1916 804 1973 ίδιου
835 1917 988 1974 οίκου
1019 1919 1187 1990 ἄνδρα
1212 1917 1488 1974 ἐκϐάλλει.
1527 1938 1546 1971 ι

407 2029 428 2063 ι
453 2011 590 2066 Ἀπὸ
612 2011 712 2084 τῆς
749 2011 1039 2083 συγκοίτου
1072 2027 1166 2065 σου
1203 2010 1460 2082 φύλαξαι,
1492 2012 1586 2068 τοῦ
1610 2013 1904 2068 ἀναθέσθαι

330 2105 471 2178 αὐτῇ
491 2119 550 2160 ’τι
574 2107 772 2161 ποιεῖν.
804 2125 824 2158 ι

399 2221 427 2255 ί
457 2203 550 2273 Μὴ
589 2200 698 2275 δῷς
737 2203 962 2273 γυναικὶ
1012 2203 1112 2276 τὴν
1160 2203 1342 2277 ψυχήν
1391 2221 1511 2270 σου,
1568 2203 1646 2276 μὴ
1691 2189 1903 2260 ὑπάντα

328 2295 740 2371 ἑταιριζομέντι.
770 2297 929 2354 Μετὰ
958 2296 1269 2372 ψαλλοὺσης
1291 2297 1368 2372 μὴ
1396 2297 1719 2371 ὲνδελέχιζε.
1751 2301 1903 2370 Παρ-

329 2390 487 2447 Θένον
521 2391 597 2463 μὴ
643 2392 1056 2465 καταμάνθανε.
1085 2391 1178 2465 Μὴ
1224 2391 1332 2464 δῷς
1362 2393 1540 2468 πόρνῃ
1586 2393 1685 2465 τὴν
1722 2392 1906 2467 ψυχήν

331 2501 450 2541 σου.
483 2485 860 2559 Ἀπόστρεψον
901 2486 997 2540 τὸν
1028 2485 1310 2559 ὀφθαλμόν
1344 2505 1440 2542 σου
1480 2487 1588 2543 ἀπὸ
1637 2487 1901 2556 γυναικός

328 2577 631 2650 εὐμόρφου.
677 2579 833 2634 Μετὰ
877 2577 1153 2652 ὑπάνδρου
1191 2579 1452 2649 γυναικὸς
1495 2579 1573 2651 μὴ
1620 2579 1790 2636 κάθου
1842 2578 1903 2634 ea

330 2668 574 2726 σύνολον.
605 2670 695 2724 Ἐν
720 2669 908 2725 κάλλει
931 2671 1044 2743 γὰρ
1075 2671 1338 2741 γυναικὸς
1366 2671 1556 2727 πολλοὶ
1587 2670 1903 2745 ἐπλανήθηο

329 2779 453 2820 σαν.
482 2782 504 2818 ι

405 2877 428 2912 ι
464 2854 622 2922 Divo;
651 2859 745 2914 καὶ
774 2861 1033 2930 γυναῖκες
1057 2859 1430 2933 άποστήσουσι
1462 2858 1737 2924 συνετούς.
1769 2876 1792 2914 ι

403 3065 423 3099 ι
461 3046 683 3118 Πατέρα
719 3048 816 3101 καὶ
860 3047 1030 3120 ἄνδρα
1074 3046 1488 3120 καταισχύνειή
1528 3048 1778 3122 θρασεῖα,
1810 3052 1906 3105 καὶ

325 3139 434 3194 ὑπὸ
468 3140 799 3212 ἀμφοτέρων
828 3141 1292 3213 άτιμασθήσεται.
1322 3159 1342 3194 ι

404 3255 424 3289 ι
454 3237 594 3309 Γυνὴ
638 3237 1020 3293 καταλιποῦσα
1066 3239 1161 3293 τὸν
1204 3238 1394 3310 ἄνδρα,
1433 3239 1529 3293 καὶ
1584 3237 1910 3310 παριστῶσα

325 3328 668 3402 κληρονόμον
698 3327 758 3396 ἐξ
778 3329 1097 3402 ἀλλοτρίων,
1128 3329 1347 3402 πρῶτον
1374 3332 1432 3385 ὲν
1473 3330 1624 3402 νόμῳ
1652 3330 1907 3402 ⁹Υιιαίιιτου

333 3423 626 3496 ἡπείθησε,
657 3425 753 3479 καὶ
796 3424 1050 3498 δεύτερον
1075 3427 1158 3491 είς
1205 3425 1374 3497 ἄνδρα
1406 3425 1575 3497 αὐτῆς
1619 3425 1910 3498 ἐπλημμέ-

325 3517 516 3589 λησεν,
545 3519 641 3572 καὶ
669 3518 734 3573 τό
763 3519 948 3589 τρίτον
984 3520 1043 3573 ὲν
1085 3517 1315 3591 πορνείᾳ
1353 3517 1671 3592 ἐμοιχεύθη,
1710 3519 1806 3574 καὶ
1851 3519 1911 3584 ἐξ

325 3609 613 3680 ἀλλοτρίου
643 3609 838 3682 ἀνδρὸς
887 3610 1055 3666 τέκνα
1085 3603 1455 3684 παρέστησεν.
1509 3609 1659 3683 Αὕτη
1707 3611 1788 3674 εἰς
1813 3611 1910 3665 ὲκ-

332 3700 566 3774 κλησίαν
595 3701 986 3775 ὲξαχθήσεταιο
1018 3703 1078 3757 οὐ
1099 3702 1425 3778 διαδώσουσι
1450 3703 1520 3758 τά
1545 3703 1715 3758 τέκνα
1737 3703 1911 3776 αὐτῆς

335 3792 518 3868 ῥίζαν,
575 3795 672 3850 καὶ
722 3796 775 3851 οἱ
823 3796 1008 3853 κλάδοι
1045 3796 1219 3867 αὐτῆς
1262 3795 1363 3850 οὐκ
1411 3796 1616 3852 οἴσουσι
1660 3797 1908 3870 καρπόνθ

326 3886 648 3958 καταλείψει
677 3886 760 3950 είς
786 3888 1037 3960 κατάραν
1076 3887 1138 3942 τὺ
1173 3887 1525 3960 μνημόσυνον
1552 3887 1744 3959 αὐτῆς.
1779 3907 1798 3941 ι

403 3998 423 4033 ε
451 3979 545 4053 Μὴ
573 3980 682 4053 δῷς
729 3979 886 4036 ὕδατι
929 3980 1188 4047 διέξοδον,
1242 3980 1382 4053 μηδὲ
1421 3981 1646 4050 γυναικὶ
1694 3981 1909 4055 πονηρᾷ

323 4071 534 4128 ἄνεσιν.
564 4073 630 4127 Ei
667 4074 744 4146 μὴ
780 4074 1077 4146 πορεύεται
1131 4074 1275 4129 κατὰ
1296 4074 1458 4145 χεῖρά
1492 4090 1609 4138 σου,
1653 4073 1762 4129 άπὸ
1798 4074 1908 4130 τῶν

326 4164 549 4239 σαρκῶν
577 4183 672 4221 σου
700 4166 944 4238 ἀπότεμε
994 4166 1185 4237 αὐτήν.
1224 4165 1549 4238 Συνοικῆσαι
1577 4165 1775 4234 λέοντι,
1814 4166 1910 4221 καὶ

322 4258 578 4330 δράκοντι
629 4258 938 4330 εὐδόκησαι,
1005 4258 1039 4329 ἢ
1095 4257 1415 4329 συνοικῆσαι
1477 4257 1619 4330 μετὰ
1654 4257 1910 4328 γυναικὸς

323 4353 591 4426 πονηρᾶς.
635 4352 826 4424 Μικρά
880 4353 1031 4407 πᾶσα
1079 4349 1247 4406 κακία
1291 4350 1429 4422 πρὸς
1479 4350 1676 4405 κακίαν
1717 4367 1908 4422 γυναι-

323 4446 453 4511 κός·
497 4445 698 4518 κλῆρος
737 4444 1062 4519 άμαρτωλοῢ
1111 4445 1368 4500 ὲπιπεσεί
1397 4442 1485 4498 ἐπ’
1523 4443 1718 4516 αὐτήν.
1750 4443 1907 4499 Ἀνά-

325 4539 485 4603 ϐασις
539 4538 808 4612 άμμώδης
856 4540 916 4594 ὲν
966 4539 1097 4594 ποσὶ
1124 4537 1540 4612 πρεσϐυτέρου,
1593 4535 1738 4592 οὕτω
1768 4536 1904 4610 γυνὴ

324 4632 655 4704 γλωσσώδης
720 4634 875 4707 ἀνδρὶ
953 4631 1162 4707 ἡσύχῳ.
1231 4633 1366 4688 Ἀπὸ
1427 4631 1688 4702 γυναικὸς
1760 4633 1904 4704 ἀρχὴ

325 4726 622 4798 ἁμαρτίας,
679 4728 773 4782 καὶ
815 4726 883 4782 δι’
938 4727 1112 4797 αὐτῆς
1162 4725 1583 4796 ἀποθνήσκομεν
1625 4724 1846 4788 πάντες.
1882 4742 1900 4777 ι

331 4836 351 4870 ι
383 4817 476 4889 Μὴ
507 4817 613 4890 δῷς
645 4817 865 4889 γυναικὶ
894 4819 1105 4891 πονηρᾷ
1132 4817 1466 4891 παρρησίαν.
1497 4833 1520 4869 ι

405 5023 424 5057 ι
472 5004 640 5077 ὐργὴ
683 5005 892 5077 μεγάλη
926 5003 1065 5078 γυνὴ
1103 5005 1359 5077 μέθυσος.
1387 5005 1621 5077 Πορνεία
1648 5003 1908 5074 γυναικὸς

329 5101 391 5153 ἐν
423 5097 721 5168 μετεώροις
761 5097 1081 5170 ὀφθαλμῶν,
1121 5099 1217 5154 καὶ
1246 5100 1304 5154 ὲν
1342 5102 1456 5163 τοῖς
1487 5098 1782 5170 βλεφάροις
1811 5097 1909 5150 αὐ-

331 5195 435 5266 τῆς
465 5194 864 5265 γνωσθήσεται.
899 5212 918 5247 ι

407 5309 426 5338 ι
455 5286 742 5359 Κρείσσων
773 5286 1011 5359 πονηρία
1048 5287 1269 5361 ἀνδρὸς,
1310 5287 1344 5359 ἢ
1375 5285 1704 5358 άγαθοποιδς
1743 5282 1904 5358 γυνή.

344 5379 470 5436 Ἐπὶ
491 5381 716 5453 γυναικὶ
748 5383 966 5455 πονηρᾷ
992 5380 1155 5437 καλὸν
1183 5382 1440 5455 σφραγίς.
1472 5400 1493 5434 ι

402 5561 824 5644 ’Λμαρτήματα
851 5568 1154 5640 γυναικῶν,
1186 5568 1399 5642 ἀνδρῶν
1431 5568 1783 5626 ἀπαιδευσία.

397 5765 544 5836 Γυνὴ
573 5762 950 5836 φιλόπλουτος,
974 5758 1300 5812 συνοικοῦσα
1329 5757 1485 5832 ἀνδρὶ
1512 5757 1800 5830 όμόφρονι,
1827 5759 1910 5812 διιο

327 5861 554 5925 tt)th»;
582 5859 757 5920 νόσος.
791 5858 904 5922 Τάς
936 5873 996 5911 τε
1045 5852 1155 5921 γὰρ
1197 5852 1411 5922 τρυφάς
1456 5851 1769 5922 ἀναφλέγει,
1804 5851 1900 5904 καὶ

657 5960 926 6021 ΡΑτιιοι..
968 5962 1081 6018 Gn.
1128 5952 1305 6016 XCV.

2005 531 2251 594 agentes.
2281 522 2384 592 Qui
2409 525 2804 583 insanissimus
2827 533 2912 581 est
2935 535 3200 593 vestrum,
3232 527 3473 586 declinet
3506 530 3573 584 ad

2005 629 2115 679 me,
2162 623 2257 671 aut
2305 615 2558 687 indigens
2603 631 2803 686 sensu,
2852 632 2977 673 eum
3027 617 3223 686 invito,
3254 619 3513 694 inquiens
3559 639 3573 674 :

2003 704 2182 762 Panes
2210 706 2564 769 absconditos
2583 715 2820 776 gustato,
2854 717 2907 762 et
2939 723 3110 779 aquas
3129 708 3361 768 furtivas
3383 711 3577 768 dulces

2005 797 2198 855 bibite.
2238 797 2342 855 llic
2369 813 2497 855 vero
2527 800 2750 872 ignorat
2788 800 2936 873 quod
2978 800 3230 873 gigantes
3267 805 3411 875 apud
3452 820 3575 860 eam
3624 845 3627 848 μ

2006 891 2283 962 peribunt,
2308 891 2441 948 etin
2472 893 2739 964 perticam
2767 893 2962 950 inferni
2997 899 3263 956 occurrit.
3302 918 3324 953 ι

2078 1077 2244 1134 Prov.
2294 1094 2426 1143 xxv,
2469 1080 2561 1134 20.
2584 1109 2656 1121 -
2691 1099 2711 1133 ι
2745 1078 2906 1137 Sicut
2943 1081 3146 1140 vermis
3185 1082 3246 1139 in
3271 1082 3452 1158 ligno,
3493 1089 3577 1146 sic

2011 1168 2187 1225 virum
2227 1168 2408 1241 perdit
2435 1170 2633 1228 mulier
2658 1171 2824 1228 mala.
2852 1191 2873 1227 ι

2080 1262 2241 1319 Prov.
2271 1279 2425 1329 xvm,
2448 1263 2539 1319 22.
2561 1296 2631 1309 --
2650 1283 2671 1320 ι
2703 1264 2805 1333 Qui
2832 1275 2981 1324 tenet
3008 1267 3317 1326 adulteram
3338 1314 3354 1339 ,
3377 1274 3581 1330 stultus

2009 1363 2096 1414 cst
2120 1366 2178 1414 et
2201 1357 2425 1429 impius.
2474 1376 2493 1410 ι
3439 1363 3448 1372 ‘

2083 1449 2392 1522 Prov..xxl,
2421 1451 2510 1508 i9.
2543 1482 2612 1493 —
2653 1469 2674 1505 ι
2706 1451 2905 1512 Melius
2957 1462 3042 1512 est
3087 1457 3336 1515 habitare
3386 1461 3441 1515 in
3482 1459 3578 1515 de-

2011 1551 2184 1607 serto,
2213 1557 2374 1614 quam
2411 1557 2535 1598 cum
2567 1543 2798 1600 muliere
2825 1546 3038 1616 rixosa,
3071 1548 3321 1622 linguosa
3381 1561 3436 1607 et
3469 1553 3580 1607 ira-

2011 1636 2216 1694 cunda.

2084 1730 2244 1786 Prov.
2282 1747 2454 1796 nvu,
2482 1730 2568 1788 lii.
2597 1760 2666 1773 --
2697 1749 2720 1786 ι
2759 1730 2936 1788 8ιί11ω
2964 1733 3194 1804 ejiciunt
3224 1735 3498 1794 hominem
3524 1739 3577 1792 in

2012 1826 2102 1883 die
2133 1825 2328 1882 hiemis
2358 1825 2427 1882 de
2458 1826 2623 1882 domo
2651 1841 2790 1883 sua:
2821 1826 2903 1882 sic
2951 1842 3174 1900 quoque
3209 1831 3408 1888 mulier
3443 1848 3575 1889 con-

2006 1922 2210 1978 riciosa
2243 1923 2419 1978 virum
2453 1923 2619 1979 domo
2661 1937 2761 1978 sua
2792 1921 2970 1994 ejicit.
2999 1941 3020 1974 ι

2075 2013 2242 2070 Mich.
2265 2031 2358 2081 vn,
2384 2015 2439 2072 5.
2468 2047 2537 2058 —
2567 2035 2586 2069 ι
2620 2016 2700 2072 Ab
2733 2031 2796 2073 ea
2825 2032 2950 2089 qua:
2971 2018 3141 2074 cubat
3169 2025 3380 2086 tecum,
3424 2035 3564 2075 cave

2006 2123 2074 2163 ne
2110 2109 2159 2164 ei
2201 2109 2506 2180 quidquam
2535 2107 2890 2166 commendes
2921 2119 2983 2164 ut
3011 2108 3200 2165 faciat.
3235 2130 3257 2162 ι

2075 2197 2243 2255 Ereti.
2283 2217 2360 2269 Ix,
2389 2199 2444 2256 2.
2471 2232 2540 2242 --
2568 2219 2586 2252 ι
2624 2197 2703 2256 Ne
2731 2199 2829 2256 des
2868 2200 3079 2258 mulieri
3111 2202 3350 2258 animam
3407 2212 3579 2268 tuam.

2007 2306 2109 2348 nec
2132 2291 2349 2348 obviam
2391 2290 2661 2365 procedas
2684 2291 2990 2348 meretrici.
3018 2291 3154 2348 Cum
3178 2294 3489 2352 cantatrice
3512 2311 3582 2350 nc

2007 2384 2085 2440 sis
2110 2385 2390 2442 assiduus.
2434 2383 2720 2456 Virginem
2755 2400 2825 2440 ne
2871 2384 3161 2443 intuearis.
3219 2384 3298 2443 Ne
3330 2388 3431 2444 des
3463 2404 3579 2446 me-

2005 2477 2189 2535 retrici
2248 2478 2489 2534 animam
2549 2488 2724 2535 tuam.
2785 2478 2987 2534 Avertc
3053 2479 3276 2536 oculum
3339 2488 3497 2536 tuum
3547 2496 3581 2536 ι

2006 2574 2238 2628 muliere
2284 2572 2555 2642 speciosa.
2599 2571 2736 2627 Cum
2786 2571 2963 2628 aliena
3009 2573 3244 2629 muliere
3277 2588 3346 2628 ne
3381 2575 3577 2630 sedeas

2006 2664 2254 2722 omnino.
2293 2663 2521 2736 Propter
2565 2666 2801 2736 speciem
2844 2665 3096 2722 mulieris
3150 2665 3308 2719 multi
3361 2682 3583 2725 errave-

2007 2767 2156 2815 runt.
2192 2779 2210 2811 ι

2079 2852 2248 2908 Eccli.
2280 2869 2394 2908 nx.
2425 2852 2482 2908 2.
2512 2884 2579 2894 -—-
2612 2870 2631 2904 ι
2661 2850 2862 2907 Vinum
2889 2859 2944 2908 et
2975 2851 3238 2910 mulieres
3266 2861 3585 2925 apostatare

2011 2946 2216 3005 facient
2254 2950 2553 3019 sapientes.
2599 2965 2619 3000 ι

2083 3040 2257 3097 Eccli.
2286 3058 2421 3108 xxu,
2447 3042 2501 3097 5.
2543 3071 2612 3083 -—
2653 3059 2672 3092 ι
2709 3038 2929 3097 Patrem
2974 3050 3027 3098 ct
3073 3041 3251 3098 virum
3293 3044 3581 3102 confundit

1957 3134 1975 3196 2
2008 3149 2230 3207 procax,
2259 3143 2314 3191 et
2342 3135 2410 3190 ab
2439 3144 2674 3206 utroque
2696 3135 2996 3206 ignominia
3024 3134 3313 3192 allicietur.
3352 3156 3373 3190 ι

2086 3225 2255 3284 Eccli.
2311 3242 2471 3294 nm,
2513 3226 2607 3281 22.
2639 3255 2708 3267 —-
2743 3245 2762 3278 ‹
2799 3225 2997 3282 Mulier
3043 3227 3366 3300 relinquens
3399 3231 3584 3287 virum

2014 3336 2200 3388 suum,
2240 3327 2294 3375 et
2334 3327 2587 3377 statuens
2637 3319 2910 3378 haeredem
2957 3335 3026 3375 ex
3071 3320 3285 3390 alienis,
3323 3323 3501 3395 primo
3526 3326 3584 3380 in

2013 3413 2132 3486 lege
2168 3413 2436 3471 Altissimi
2488 3411 2828 3470 incredibilis
2855 3412 2963 3470 fuit
3001 3427 3018 3466 :
3051 3424 3104 3469 et
3141 3415 3386 3472 secundo
3417 3417 3470 3472 in
3505 3418 3585 3472 vi-

2011 3522 2134 3562 rum
2159 3522 2320 3563 suum
2352 3504 2623 3578 deliquit;
2655 3512 2711 3561 et
2733 3506 2898 3562 tertio
2923 3506 2977 3562 in
3011 3506 3284 3564 adulterio
3312 3507 3586 3566 fornicata

2011 3613 2117 3668 est,
2146 3609 2200 3658 et
2217 3617 2285 3656 ex
2317 3600 2430 3657 alio
2448 3600 2566 3655 viro
2594 3585 2734 3654 filios
2757 3599 3026 3658 exhibuit.
3048 3597 3172 3656 Haec
3205 3601 3256 3656 in
3292 3603 3583 3659 ecclesiam

2010 3691 2300 3750 educetur.
2354 3691 2473 3747 Non
2526 3691 2736 3748 dabunt
2765 3689 2860 3745 filii
2900 3693 3022 3762 ejus
3047 3692 3313 3759 radicem,
3354 3703 3408 3750 et
3445 3698 3584 3750 rami

2013 3786 2161 3842 illius
2191 3801 2306 3843 non
2349 3785 2530 3843 ferent
2567 3783 2832 3841 fructum.
2866 3783 3224 3859 Derelinquet
3259 3787 3313 3842 in
3352 3789 3585 3844 maledi-

2010 3885 2158 3931 ctum
2187 3873 2513 3931 memoriam
2550 3889 2729 3931 suam.
2778 3891 2798 3924 ι

2082 3967 2254 4024 Eccli.
2287 3984 2417 4035 xxv,
2448 3967 2541 4033 54,
2563 3967 2654 4032 25,
2679 3968 2771 4036 26,
2801 3968 2889 4034 35,
2912 3968 3004 4025 25.
3034 3999 3104 4010 --
3149 3987 3169 4022 ι
3205 3967 3282 4024 Ne
3307 3969 3401 4025 des
3428 3984 3585 4041 aqua:

2008 4062 2244 4130 exitum,
2275 4077 2378 4119 nec
2410 4061 2629 4118 mulieri
2657 4064 2920 4134 improba:
2949 4064 3360 4119 remissionem.
3391 4062 3447 4118 Si
3473 4078 3584 4118 non

2010 4152 2379 4209 ambulaverit
2413 4153 2478 4207 ad
2504 4167 2725 4208 manum
2753 4162 2927 4220 tuam,
2957 4153 3028 4209 de
3065 4155 3324 4210 carnibus
3355 4154 3466 4209 tuis
3488 4154 3584 4208 ab-

2010 4245 2202 4304 scinde
2233 4261 2375 4304 eam.
2419 4245 2764 4304 Commorari
2805 4262 2932 4303 cum
2973 4246 3130 4304 lecne
3160 4247 3318 4319 411
3356 4255 3411 4302 et
3451 4246 3582 4300 dra-

2010 4353 2154 4396 cone
2188 4335 2288 4394 tibi
2321 4337 2539 4409 placeat
2577 4337 2777 4410 magis,
2805 4353 2971 4410 quam
3015 4336 3266 4393 habitare
3297 4353 3420 4392 cum
3460 4351 3584 4392 mu-

2013 4432 2149 4488 liere
2169 4446 2426 4503 nequam.
2462 4429 2651 4488 Brevis
2681 4438 2768 4488 est
2806 4430 2987 4486 onmis
3020 4429 3228 4485 malitia
3257 4445 3384 4503 erga
3424 4430 3586 4485 mali-

1936 4501 1981 4559 θ
2011 4526 2143 4582 tiam
2172 4524 2428 4586 mulieris
2459 4543 2471 4580 :
2502 4539 2625 4581 sors
2662 4523 2970 4595 peccatoris
3018 4524 3178 4580 cadet
3223 4539 3388 4596 super
3437 4539 3582 4580 eam.

2006 4619 2290 4676 Ascensus
2318 4632 2589 4674 arenosus
2614 4617 2670 4672 in
2704 4618 2938 4690 pedibus
2963 4619 3233 4684 veterani,
3263 4621 3342 4674 sic
3384 4619 3585 4675 mulier

2009 4711 2254 4782 liuguata
2293 4708 2498 4764 homini
2544 4708 2751 4779 quieto.
2784 4709 2826 4762 Α
2855 4709 3090 4764 muliere
3121 4707 3339 4763 initium
3374 4710 3582 4764 factum

2006 4812 2093 4862 est
2129 4803 2362 4874 peccati,
2409 4809 2464 4856 et
2488 4815 2585 4872 per
2624 4801 2772 4855 illam
2817 4800 3089 4855 morimur
3118 4816 3330 4857 omnes.
3370 4801 3449 4858 Ne
3483 4803 3584 4858 des

2008 4895 2232 4953 mulieri
2261 4895 2414 4950 malre
2436 4892 2698 4965 loquendi
2730 4892 3064 4948 libertatem.
3103 4912 3122 4946 ι

2082 4989 2253 5047 Eccti.
2289 5004 2441 5056 xum,
2470 4989 2522 5043 2.
2557 5017 2628 5028 --
2673 5007 2690 5040 ι
2731 4986 2818 5041 lra
2851 5003 3070 5057 magna,
3109 4989 3310 5045 mulier
3339 4985 3604 5047 ebriosa.'

2006 5081 2328 5140 Fornieatio
2358 5080 2612 5137 mulieris
2642 5080 2696 5138 in
2730 5079 3055 5138 extollentia
3104 5083 3416 5148 oculorum,
3445 5094 3497 5139 et
3523 5084 3584 5141 in

2007 5175 2288 5250 palpebris
2326 5174 2447 5232 suis
2480 5181 2869 5245 cognoscetur.
2906 5191 2926 5226 ι

2079 5269 2251 5326 Ecrli.
2293 5283 2430 5334 XLII.
2488 5265 2578 5322 14.
2616 5296 2684 5309 -
2712 5283 2733 5318 ι
2769 5263 2960 5321 Melior
3006 5275 3094 5322 est
3153 5267 3412 5338 iniquitas
3454 5271 3582 5338 viri,

2007 5381 2173 5439 quam
2195 5362 2392 5420 mulier
2416 5359 2790 5417 benefacicns.
2821 5355 2998 5430 Super
3031 5361 3319 5417 mulierem
3345 5380 3582 5435 nequam

2009 5469 2216 5524 bonum
2238 5473 2319 5522 est
2351 5462 2619 5534 sigillum.
2648 5479 2668 5514 ι

2078 5558 2244 5614 Sixti.
2280 5585 2348 5598 —
2380 5553 2615 5612 Peccata
2660 5551 2952 5609 mulierum
2996 5551 3272 5624 imperitia
3335 5552 3580 5609 virorum

2011 5653 2441 5713 contrahuntur.

2084 5745 2257 5802 Basil.
2296 5743 2440 5798 hom.
2497 5750 2617 5796 adu.
2657 5739 2809 5795 αἰνεῖ.
2848 5770 2919 5782 --
2962 5738 3455 5794 Mulierislascivw
3495 5741 3582 5793 dco

2007 5843 2246 5913 scriptio.
2278 5866 2348 5880 -—-
2375 5835 2592 5904 Mulier,
2636 5849 2758 5906 quae
2807 5834 3121 5891 divitiarum
3171 5842 3255 5890 est
3289 5847 3501 5901 amans,
3533 5836 3581 5891 si

3087 5925 3158 5987 42
