  <div class='ocr_page' id='page_1' title='image "/cluster/home/n/w/nwhite01/storage/ocr_20150623/95/mdp.39015004289776/675.png"; bbox 0 0 4010 6302; ppageno 0'>
   <div class='ocr_carea' id='block_1_1' title="bbox 479 371 615 439">
    <p class='ocr_par' dir='ltr' id='par_1_1' title="bbox 479 371 615 439">
     <span class='ocr_line' id='line_1_1' title="bbox 479 371 615 439; baseline 0 0"><span class='ocrx_word' id='word_1_1' title='bbox 479 371 615 439; x_wconf 73' lang='lat'><strong>1321</strong></span> 
     </span>
    </p>
   </div>
   <div class='ocr_carea' id='block_1_2' title="bbox 1661 334 2541 431">
    <p class='ocr_par' dir='ltr' id='par_1_2' title="bbox 1661 334 2541 431">
     <span class='ocr_line' id='line_1_2' title="bbox 1661 334 2541 431; baseline 0 -1"><span class='ocrx_word' id='word_1_2' title='bbox 1661 369 1723 431; x_wconf 92' lang='lat' dir='ltr'><strong>s.</strong></span> <span class='ocrx_word' id='word_1_3' title='bbox 1753 367 2077 431; x_wconf 74' lang='lat' dir='ltr'><strong>IOANNIS</strong></span> <span class='ocrx_word' id='word_1_4' title='bbox 2105 334 2541 431; x_wconf 57' lang='lat' dir='ltr'><strong>mnascsm</strong></span> 
     </span>
    </p>
   </div>
   <div class='ocr_carea' id='block_1_3' title="bbox 3601 366 3736 440">
    <p class='ocr_par' dir='ltr' id='par_1_3' title="bbox 3601 366 3736 440">
     <span class='ocr_line' id='line_1_3' title="bbox 3601 366 3736 440; baseline 0.015 -2"><span class='ocrx_word' id='word_1_5' title='bbox 3601 366 3736 440; x_wconf 74' lang='lat' dir='ltr'><strong>i328</strong></span> 
     </span>
    </p>
   </div>
   <div class='ocr_carea' id='block_1_4' title="bbox 478 481 2052 559">
    <p class='ocr_par' dir='ltr' id='par_1_4' title="bbox 478 481 2048 554">
     <span class='ocr_line' id='line_1_4' title="bbox 478 481 2048 554; baseline -0.003 -13"><span class='ocrx_word' id='word_1_6' title='bbox 478 487 711 543; x_wconf 87' lang='lat' dir='ltr'><strong>laboret.</strong></span> <span class='ocrx_word' id='word_1_7' title='bbox 747 483 844 541; x_wconf 86' lang='lat' dir='ltr'><strong>Sin</strong></span> <span class='ocrx_word' id='word_1_8' title='bbox 907 495 1038 539; x_wconf 83' lang='lat' dir='ltr'><strong>vero</strong></span> <span class='ocrx_word' id='word_1_9' title='bbox 1083 482 1252 539; x_wconf 86' lang='lat' dir='ltr'><strong>etiam</strong></span> <span class='ocrx_word' id='word_1_10' title='bbox 1302 481 1474 539; x_wconf 86' lang='lat' dir='ltr'><strong>amuit</strong></span> <span class='ocrx_word' id='word_1_11' title='bbox 1521 482 1740 554; x_wconf 85' lang='lat' dir='ltr'><strong>opibus,</strong></span> <span class='ocrx_word' id='word_1_12' title='bbox 1787 499 1912 554; x_wconf 71' lang='lat' dir='ltr'><strong>qua:</strong></span> <span class='ocrx_word' id='word_1_13' title='bbox 1944 483 2048 537; x_wconf 89' lang='lat' dir='ltr'><strong>im-</strong></span> 
     </span>
    </p>
   </div>
   <div class='ocr_carea' id='block_1_5' title="bbox 2154 481 3734 559">
    <p class='ocr_par' dir='ltr' id='par_1_5' title="bbox 2154 482 3734 559">
     <span class='ocr_line' id='line_1_5' title="bbox 2154 482 3734 559; baseline 0.003 -21"><span class='ocrx_word' id='word_1_14' title='bbox 2154 484 2245 547; x_wconf 79' lang='grc' dir='ltr'><strong>δας</strong></span> <span class='ocrx_word' id='word_1_15' title='bbox 2268 483 2711 558; x_wconf 76' lang='grc' dir='ltr'>κολακευομένας</span> <span class='ocrx_word' id='word_1_16' title='bbox 2741 482 3108 559; x_wconf 76' lang='grc' dir='ltr'><strong>ἡμεροῦσθαι,</strong></span> <span class='ocrx_word' id='word_1_17' title='bbox 3141 482 3237 540; x_wconf 69' lang='grc' dir='ltr'><strong>καί⁸</strong></span> <span class='ocrx_word' id='word_1_18' title='bbox 3263 484 3509 553; x_wconf 79' lang='grc' dir='ltr'>λέοντας,</span> <span class='ocrx_word' id='word_1_19' title='bbox 3535 488 3629 542; x_wconf 78' lang='grc' dir='ltr'>καὶ</span> <span class='ocrx_word' id='word_1_20' title='bbox 3659 488 3734 543; x_wconf 75' lang='grc' dir='ltr'>τίο</span> 
     </span>
    </p>
   </div>
   <div class='ocr_carea' id='block_1_6' title="bbox 478 576 2053 650">
    <p class='ocr_par' dir='ltr' id='par_1_6' title="bbox 478 576 2053 650">
     <span class='ocr_line' id='line_1_6' title="bbox 478 576 2053 650; baseline -0.003 -17"><span class='ocrx_word' id='word_1_21' title='bbox 478 578 742 650; x_wconf 86' lang='lat' dir='ltr'><strong>probitati</strong></span> <span class='ocrx_word' id='word_1_22' title='bbox 783 578 962 649; x_wconf 81' lang='lat' dir='ltr'><strong>ipsius</strong></span> <span class='ocrx_word' id='word_1_23' title='bbox 994 576 1249 635; x_wconf 89' lang='lat' dir='ltr'><strong>subsidio</strong></span> <span class='ocrx_word' id='word_1_24' title='bbox 1291 576 1427 642; x_wconf 88' lang='lat' dir='ltr'><strong>sint,</strong></span> <span class='ocrx_word' id='word_1_25' title='bbox 1472 576 1680 630; x_wconf 89' lang='lat' dir='ltr'><strong>malum</strong></span> <span class='ocrx_word' id='word_1_26' title='bbox 1710 576 1909 646; x_wconf 79' lang='lat' dir='ltr'><strong>duplex</strong></span> <span class='ocrx_word' id='word_1_27' title='bbox 1946 588 2053 641; x_wconf 87' lang='lat' dir='ltr'><strong>cst,</strong></span> 
     </span>
    </p>
   </div>
   <div class='ocr_carea' id='block_1_7' title="bbox 480 668 2055 742">
    <p class='ocr_par' dir='ltr' id='par_1_7' title="bbox 480 668 2055 742">
     <span class='ocr_line' id='line_1_7' title="bbox 480 668 2055 742; baseline -0.003 -15"><span class='ocrx_word' id='word_1_28' title='bbox 480 672 828 729; x_wconf 85' lang='lat' dir='ltr'><strong>intolerabile</strong></span> <span class='ocrx_word' id='word_1_29' title='bbox 876 671 1078 726; x_wconf 85' lang='lat' dir='ltr'><strong>animal</strong></span> <span class='ocrx_word' id='word_1_30' title='bbox 1117 678 1172 727; x_wconf 88' lang='lat' dir='ltr'><strong>et</strong></span> <span class='ocrx_word' id='word_1_31' title='bbox 1218 669 1396 725; x_wconf 84' lang='lat' dir='ltr'><strong>bestia</strong></span> <span class='ocrx_word' id='word_1_32' title='bbox 1446 684 1572 742; x_wconf 64' lang='lat' dir='ltr'><strong>qua:</strong></span> <span class='ocrx_word' id='word_1_33' title='bbox 1610 669 1781 725; x_wconf 89' lang='lat' dir='ltr'><strong>nullis</strong></span> <span class='ocrx_word' id='word_1_34' title='bbox 1836 668 2055 723; x_wconf 79' lang='lat' dir='ltr'><strong>deliniri</strong></span> 
     </span>
    </p>
   </div>
   <div class='ocr_carea' id='block_1_8' title="bbox 476 758 2054 837">
    <p class='ocr_par' dir='ltr' id='par_1_8' title="bbox 476 758 2054 837">
     <span class='ocr_line' id='line_1_8' title="bbox 476 758 2054 837; baseline -0.006 -14"><span class='ocrx_word' id='word_1_35' title='bbox 476 764 761 837; x_wconf 76' lang='lat' dir='ltr'><strong>obsequiis</strong></span> <span class='ocrx_word' id='word_1_36' title='bbox 782 764 979 834; x_wconf 79' lang='lat' dir='ltr'><strong>possit.</strong></span> <span class='ocrx_word' id='word_1_37' title='bbox 1015 763 1125 833; x_wconf 74' lang='lat' dir='ltr'><strong>Ego</strong></span> <span class='ocrx_word' id='word_1_38' title='bbox 1147 761 1350 833; x_wconf 83' lang='lat' dir='ltr'><strong>quippe</strong></span> <span class='ocrx_word' id='word_1_39' title='bbox 1374 760 1602 832; x_wconf 90' lang='lat' dir='ltr'><strong>aspides</strong></span> <span class='ocrx_word' id='word_1_40' title='bbox 1642 758 1843 814; x_wconf 83' lang='lat' dir='ltr'><strong>blanda</strong></span> <span class='ocrx_word' id='word_1_41' title='bbox 1888 774 2054 815; x_wconf 89' lang='lat' dir='ltr'><strong>manu</strong></span> 
     </span>
    </p>
   </div>
   <div class='ocr_carea' id='block_1_9' title="bbox 478 852 2058 923">
    <p class='ocr_par' dir='ltr' id='par_1_9' title="bbox 478 852 2058 923">
     <span class='ocr_line' id='line_1_9' title="bbox 478 852 2058 923; baseline -0.004 -9"><span class='ocrx_word' id='word_1_42' title='bbox 478 857 762 915; x_wconf 83' lang='lat' dir='ltr'><strong>demulsas</strong></span> <span class='ocrx_word' id='word_1_43' title='bbox 810 869 1210 913; x_wconf 87' lang='lat' dir='ltr'><strong>mansuescere</strong></span> <span class='ocrx_word' id='word_1_44' title='bbox 1257 854 1398 920; x_wconf 87' lang='lat' dir='ltr'><strong>scio,</strong></span> <span class='ocrx_word' id='word_1_45' title='bbox 1440 855 1649 921; x_wconf 86' lang='lat' dir='ltr'><strong>leones,</strong></span> <span class='ocrx_word' id='word_1_46' title='bbox 1682 860 1737 907; x_wconf 88' lang='lat' dir='ltr'><strong>ct</strong></span> <span class='ocrx_word' id='word_1_47' title='bbox 1774 852 1973 923; x_wconf 74' lang='lat' dir='ltr'><strong>tigres,</strong></span> <span class='ocrx_word' id='word_1_48' title='bbox 2003 861 2058 907; x_wconf 88' lang='lat' dir='ltr'><strong>et</strong></span> 
     </span>
    </p>
   </div>
   <div class='ocr_carea' id='block_1_10' title="bbox 473 944 2057 1023">
    <p class='ocr_par' dir='ltr' id='par_1_10' title="bbox 473 944 2057 1023">
     <span class='ocr_line' id='line_1_10' title="bbox 473 944 2057 1023; baseline -0.008 -11"><span class='ocrx_word' id='word_1_49' title='bbox 473 950 689 1023; x_wconf 76' lang='lat' dir='ltr'><strong>pardus</strong></span> <span class='ocrx_word' id='word_1_50' title='bbox 728 949 969 1006; x_wconf 89' lang='lat' dir='ltr'><strong>cicurari</strong></span> <span class='ocrx_word' id='word_1_51' title='bbox 1016 964 1029 1001; x_wconf 92' lang='lat'><strong>:</strong></span> <span class='ocrx_word' id='word_1_52' title='bbox 1068 958 1121 1004; x_wconf 89' lang='lat' dir='ltr'><strong>at</strong></span> <span class='ocrx_word' id='word_1_53' title='bbox 1150 948 1347 1004; x_wconf 82' lang='lat' dir='ltr'><strong>mulier</strong></span> <span class='ocrx_word' id='word_1_54' title='bbox 1381 948 1633 1020; x_wconf 88' lang='lat' dir='ltr'><strong>improha</strong></span> <span class='ocrx_word' id='word_1_55' title='bbox 1662 946 1793 1002; x_wconf 90' lang='lat' dir='ltr'><strong>dum</strong></span> <span class='ocrx_word' id='word_1_56' title='bbox 1829 944 2057 1001; x_wconf 80' lang='lat' dir='ltr'><strong>lacessi-</strong></span> 
     </span>
    </p>
   </div>
   <div class='ocr_carea' id='block_1_11' title="bbox 479 1037 2054 1114">
    <p class='ocr_par' dir='ltr' id='par_1_11' title="bbox 479 1037 2054 1114">
     <span class='ocr_line' id='line_1_11' title="bbox 479 1037 2054 1114; baseline -0.004 -14"><span class='ocrx_word' id='word_1_57' title='bbox 479 1056 593 1114; x_wconf 86' lang='lat' dir='ltr'><strong>tur,</strong></span> <span class='ocrx_word' id='word_1_58' title='bbox 642 1044 809 1112; x_wconf 86' lang='lat' dir='ltr'><strong>l‘urit,</strong></span> <span class='ocrx_word' id='word_1_59' title='bbox 868 1052 923 1099; x_wconf 88' lang='lat' dir='ltr'><strong>et</strong></span> <span class='ocrx_word' id='word_1_60' title='bbox 966 1058 1091 1099; x_wconf 87' lang='lat' dir='ltr'><strong>cum</strong></span> <span class='ocrx_word' id='word_1_61' title='bbox 1143 1041 1511 1107; x_wconf 84' lang='lat' dir='ltr'><strong>demnlcetur,</strong></span> <span class='ocrx_word' id='word_1_62' title='bbox 1556 1040 1864 1097; x_wconf 87' lang='lat' dir='ltr'><strong>insolescit.</strong></span> <span class='ocrx_word' id='word_1_63' title='bbox 1894 1037 2054 1105; x_wconf 81' lang='lat' dir='ltr'><strong>Quod</strong></span> 
     </span>
    </p>
   </div>
   <div class='ocr_carea' id='block_1_12' title="bbox 478 1132 2053 1206">
    <p class='ocr_par' dir='ltr' id='par_1_12' title="bbox 478 1132 2053 1206">
     <span class='ocr_line' id='line_1_12' title="bbox 478 1132 2053 1206; baseline -0.006 -11"><span class='ocrx_word' id='word_1_64' title='bbox 478 1138 739 1195; x_wconf 34' lang='lat' dir='ltr'><strong>si‘virum</strong></span> <span class='ocrx_word' id='word_1_65' title='bbox 788 1137 954 1192; x_wconf 82' lang='lat' dir='ltr'><strong>habet</strong></span> <span class='ocrx_word' id='word_1_66' title='bbox 982 1135 1314 1193; x_wconf 73' lang='lat' dir='ltr'><strong>auctoritate</strong></span> <span class='ocrx_word' id='word_1_67' title='bbox 1356 1135 1683 1206; x_wconf 87' lang='lat' dir='ltr'><strong>pollentem.</strong></span> <span class='ocrx_word' id='word_1_68' title='bbox 1720 1132 1813 1187; x_wconf 88' lang='lat' dir='ltr'><strong>diu</strong></span> <span class='ocrx_word' id='word_1_69' title='bbox 1857 1140 2053 1186; x_wconf 86' lang='lat' dir='ltr'><strong>noctu-</strong></span> 
     </span>
    </p>
   </div>
   <div class='ocr_carea' id='block_1_13' title="bbox 478 1226 2055 1305">
    <p class='ocr_par' dir='ltr' id='par_1_13' title="bbox 478 1226 2055 1305">
     <span class='ocr_line' id='line_1_13' title="bbox 478 1226 2055 1305; baseline -0.003 -21"><span class='ocrx_word' id='word_1_70' title='bbox 478 1248 587 1305; x_wconf 82' lang='lat' dir='ltr'><strong>que</strong></span> <span class='ocrx_word' id='word_1_71' title='bbox 632 1231 985 1288; x_wconf 76' lang='lat' dir='ltr'><strong>sermonibus</strong></span> <span class='ocrx_word' id='word_1_72' title='bbox 1027 1244 1152 1284; x_wconf 91' lang='lat' dir='ltr'><strong>eum</strong></span> <span class='ocrx_word' id='word_1_73' title='bbox 1206 1227 1565 1299; x_wconf 88' lang='lat' dir='ltr'><strong>impellendo,</strong></span> <span class='ocrx_word' id='word_1_74' title='bbox 1604 1227 1671 1282; x_wconf 92' lang='lat' dir='ltr'><strong>ad</strong></span> <span class='ocrx_word' id='word_1_75' title='bbox 1722 1226 2055 1283; x_wconf 81' lang='lat' dir='ltr'><strong>insidiosam</strong></span> 
     </span>
    </p>
   </div>
   <div class='ocr_carea' id='block_1_14' title="bbox 479 1315 2052 1392">
    <p class='ocr_par' dir='ltr' id='par_1_14' title="bbox 479 1315 2052 1392">
     <span class='ocr_line' id='line_1_14' title="bbox 479 1315 2052 1392; baseline -0.005 -13"><span class='ocrx_word' id='word_1_76' title='bbox 479 1324 683 1380; x_wconf 60' lang='lat' dir='ltr'><strong>eat-dem</strong></span> <span class='ocrx_word' id='word_1_77' title='bbox 736 1323 908 1382; x_wconf 80' lang='lat' dir='ltr'><strong>acuit.</strong></span> <span class='ocrx_word' id='word_1_78' title='bbox 941 1318 1408 1392; x_wconf 78' lang='lat' dir='ltr'><strong>quemadmodum</strong></span> <span class='ocrx_word' id='word_1_79' title='bbox 1451 1316 1724 1374; x_wconf 82' lang='lat' dir='ltr'><strong>Herodias</strong></span> <span class='ocrx_word' id='word_1_80' title='bbox 1752 1315 2052 1374; x_wconf 82' lang='lat' dir='ltr'><strong>Herodem.</strong></span> 
     </span>
    </p>
   </div>
   <div class='ocr_carea' id='block_1_15' title="bbox 481 1407 2053 1484">
    <p class='ocr_par' dir='ltr' id='par_1_15' title="bbox 481 1407 2053 1484">
     <span class='ocr_line' id='line_1_15' title="bbox 481 1407 2053 1484; baseline -0.006 -14"><span class='ocrx_word' id='word_1_81' title='bbox 481 1416 580 1470; x_wconf 84' lang='lat' dir='ltr'><strong>Sin</strong></span> <span class='ocrx_word' id='word_1_82' title='bbox 611 1429 807 1471; x_wconf 84' lang='lat' dir='ltr'><strong>rursus</strong></span> <span class='ocrx_word' id='word_1_83' title='bbox 852 1426 1148 1484; x_wconf 80' lang='lat' dir='ltr'><strong>pauperem</strong></span> <span class='ocrx_word' id='word_1_84' title='bbox 1204 1410 1460 1464; x_wconf 88' lang='lat' dir='ltr'><strong>maritum</strong></span> <span class='ocrx_word' id='word_1_85' title='bbox 1502 1408 1686 1475; x_wconf 85' lang='lat' dir='ltr'><strong>habet,</strong></span> <span class='ocrx_word' id='word_1_86' title='bbox 1740 1408 1809 1463; x_wconf 90' lang='lat' dir='ltr'><strong>ad</strong></span> <span class='ocrx_word' id='word_1_87' title='bbox 1839 1408 1952 1464; x_wconf 89' lang='lat' dir='ltr'><strong>iras</strong></span> <span class='ocrx_word' id='word_1_88' title='bbox 1984 1407 2053 1462; x_wconf 83' lang='lat' dir='ltr'><strong>il-</strong></span> 
     </span>
    </p>
   </div>
   <div class='ocr_carea' id='block_1_16' title="bbox 479 1500 2053 1579">
    <p class='ocr_par' dir='ltr' id='par_1_16' title="bbox 479 1500 2053 1579">
     <span class='ocr_line' id='line_1_16' title="bbox 479 1500 2053 1579; baseline -0.005 -16"><span class='ocrx_word' id='word_1_89' title='bbox 479 1511 590 1564; x_wconf 90' lang='lat' dir='ltr'><strong>lum</strong></span> <span class='ocrx_word' id='word_1_90' title='bbox 618 1518 672 1562; x_wconf 82' lang='lat' dir='ltr'><strong>et</strong></span> <span class='ocrx_word' id='word_1_91' title='bbox 693 1521 913 1579; x_wconf 75' lang='lat' dir='ltr'><strong>pugnas</strong></span> <span class='ocrx_word' id='word_1_92' title='bbox 942 1505 1168 1561; x_wconf 75' lang='lat' dir='ltr'><strong>excitat.</strong></span> <span class='ocrx_word' id='word_1_93' title='bbox 1190 1501 1300 1559; x_wconf 60' lang='lat' dir='ltr'><strong>.Sin</strong></span> <span class='ocrx_word' id='word_1_94' title='bbox 1331 1500 1553 1558; x_wconf 91' lang='lat' dir='ltr'><strong>demum</strong></span> <span class='ocrx_word' id='word_1_95' title='bbox 1590 1502 1753 1558; x_wconf 76' lang='lat' dir='ltr'><strong>vidua</strong></span> <span class='ocrx_word' id='word_1_96' title='bbox 1787 1508 1895 1567; x_wconf 84' lang='lat' dir='ltr'><strong>est,</strong></span> <span class='ocrx_word' id='word_1_97' title='bbox 1933 1502 2053 1573; x_wconf 84' lang='lat' dir='ltr'><strong>ipsa</strong></span> 
     </span>
    </p>
   </div>
   <div class='ocr_carea' id='block_1_17' title="bbox 477 1594 2051 1676">
    <p class='ocr_par' dir='ltr' id='par_1_17' title="bbox 477 1594 2051 1676">
     <span class='ocr_line' id='line_1_17' title="bbox 477 1594 2051 1676; baseline -0.006 -16"><span class='ocrx_word' id='word_1_98' title='bbox 477 1620 577 1676; x_wconf 81' lang='lat' dir='ltr'><strong>per</strong></span> <span class='ocrx_word' id='word_1_99' title='bbox 606 1619 665 1657; x_wconf 89' lang='lat' dir='ltr'><strong>sc</strong></span> <span class='ocrx_word' id='word_1_100' title='bbox 697 1616 893 1656; x_wconf 74' lang='lat' dir='ltr'><strong>onines</strong></span> <span class='ocrx_word' id='word_1_101' title='bbox 938 1605 1287 1671; x_wconf 82' lang='lat' dir='ltr'><strong>aspernatur.</strong></span> <span class='ocrx_word' id='word_1_102' title='bbox 1334 1595 1522 1667; x_wconf 86' lang='lat' dir='ltr'><strong>Neque</strong></span> <span class='ocrx_word' id='word_1_103' title='bbox 1562 1596 1709 1650; x_wconf 88' lang='lat' dir='ltr'><strong>enim</strong></span> <span class='ocrx_word' id='word_1_104' title='bbox 1760 1594 1854 1650; x_wconf 84' lang='lat' dir='ltr'><strong>Dei</strong></span> <span class='ocrx_word' id='word_1_105' title='bbox 1902 1603 2051 1650; x_wconf 90' lang='lat' dir='ltr'><strong>metu</strong></span> 
     </span>
    </p>
   </div>
   <div class='ocr_carea' id='block_1_18' title="bbox 476 1686 2052 1768">
    <p class='ocr_par' dir='ltr' id='par_1_18' title="bbox 476 1686 2052 1768">
     <span class='ocr_line' id='line_1_18' title="bbox 476 1686 2052 1768; baseline -0.007 -17"><span class='ocrx_word' id='word_1_106' title='bbox 476 1698 721 1768; x_wconf 76' lang='lat' dir='ltr'><strong>linguam</strong></span> <span class='ocrx_word' id='word_1_107' title='bbox 760 1695 962 1760; x_wconf 81' lang='lat' dir='ltr'><strong>frenat,</strong></span> <span class='ocrx_word' id='word_1_108' title='bbox 1001 1707 1179 1762; x_wconf 84' lang='lat' dir='ltr'><strong>neque</strong></span> <span class='ocrx_word' id='word_1_109' title='bbox 1225 1690 1292 1745; x_wconf 84' lang='lat' dir='ltr'><strong>ad</strong></span> <span class='ocrx_word' id='word_1_110' title='bbox 1324 1688 1586 1744; x_wconf 64' lang='lat' dir='ltr'><strong>futurum</strong></span> <span class='ocrx_word' id='word_1_111' title='bbox 1641 1686 1883 1742; x_wconf 90' lang='lat' dir='ltr'><strong>tribunal</strong></span> <span class='ocrx_word' id='word_1_112' title='bbox 1914 1701 2052 1743; x_wconf 85' lang='lat' dir='ltr'><strong>con-</strong></span> 
     </span>
    </p>
   </div>
   <div class='ocr_carea' id='block_1_19' title="bbox 468 1779 2052 1862">
    <p class='ocr_par' dir='ltr' id='par_1_19' title="bbox 468 1779 2052 1862">
     <span class='ocr_line' id='line_1_19' title="bbox 468 1779 2052 1862; baseline -0.006 -18"><span class='ocrx_word' id='word_1_113' title='bbox 468 1790 593 1862; x_wconf 82' lang='lat' dir='ltr'><strong>jicit</strong></span> <span class='ocrx_word' id='word_1_114' title='bbox 621 1790 843 1851; x_wconf 83' lang='lat' dir='ltr'><strong>oculos.</strong></span> <span class='ocrx_word' id='word_1_115' title='bbox 895 1786 1159 1841; x_wconf 67' lang='lat' dir='ltr'><strong>amicitiae</strong></span> <span class='ocrx_word' id='word_1_116' title='bbox 1199 1784 1347 1854; x_wconf 79' lang='lat' dir='ltr'><strong>leges</strong></span> <span class='ocrx_word' id='word_1_117' title='bbox 1396 1784 1595 1838; x_wconf 80' lang='lat' dir='ltr'><strong>nescit.</strong></span> <span class='ocrx_word' id='word_1_118' title='bbox 1650 1779 1817 1834; x_wconf 84' lang='lat' dir='ltr'><strong>Nihili</strong></span> <span class='ocrx_word' id='word_1_119' title='bbox 1862 1780 2052 1851; x_wconf 88' lang='lat' dir='ltr'><strong>pendit</strong></span> 
     </span>
    </p>
   </div>
   <div class='ocr_carea' id='block_1_20' title="bbox 2157 576 3733 651">
    <p class='ocr_par' dir='ltr' id='par_1_20' title="bbox 2157 576 3733 651">
     <span class='ocr_line' id='line_1_20' title="bbox 2157 576 3733 651; baseline 0.004 -22"><span class='ocrx_word' id='word_1_120' title='bbox 2157 592 2335 648; x_wconf 85' lang='grc' dir='ltr'>γρεις,</span> <span class='ocrx_word' id='word_1_121' title='bbox 2365 577 2461 632; x_wconf 78' lang='grc' dir='ltr'>καὶ</span> <span class='ocrx_word' id='word_1_122' title='bbox 2496 578 2813 651; x_wconf 77' lang='grc' dir='ltr'><strong>παρδάλεις.</strong></span> <span class='ocrx_word' id='word_1_123' title='bbox 2834 576 3304 650; x_wconf 72' lang='grc' dir='ltr'>τιθασσευομένας</span> <span class='ocrx_word' id='word_1_124' title='bbox 3360 579 3733 651; x_wconf 68' lang='grc' dir='ltr'>πρηΰνεσθαιο</span> 
     </span>
    </p>
   </div>
   <div class='ocr_carea' id='block_1_21' title="bbox 2156 669 3734 744">
    <p class='ocr_par' dir='ltr' id='par_1_21' title="bbox 2156 669 3734 744">
     <span class='ocr_line' id='line_1_21' title="bbox 2156 669 3734 744; baseline 0.003 -21"><span class='ocrx_word' id='word_1_125' title='bbox 2156 671 2295 743; x_wconf 80' lang='grc' dir='ltr'>γυνὴ</span> <span class='ocrx_word' id='word_1_126' title='bbox 2324 670 2381 725; x_wconf 78' lang='grc' dir='ltr'>δὲ</span> <span class='ocrx_word' id='word_1_127' title='bbox 2413 672 2631 744; x_wconf 78' lang='grc' dir='ltr'>πονηρὰ</span> <span class='ocrx_word' id='word_1_128' title='bbox 2665 672 2761 726; x_wconf 62' lang='grc' dir='ltr'><strong>καλ⁸</strong></span> <span class='ocrx_word' id='word_1_129' title='bbox 2792 669 3126 744; x_wconf 75' lang='grc' dir='ltr'>ὑϐριζομένη</span> <span class='ocrx_word' id='word_1_130' title='bbox 3154 670 3424 740; x_wconf 82' lang='grc' dir='ltr'>μαίνεται,</span> <span class='ocrx_word' id='word_1_131' title='bbox 3458 674 3552 727; x_wconf 77' lang='grc' dir='ltr'>καὶ</span> <span class='ocrx_word' id='word_1_132' title='bbox 3581 674 3734 728; x_wconf 80' lang='grc' dir='ltr'><strong>κολα⁸</strong></span> 
     </span>
    </p>
   </div>
   <div class='ocr_carea' id='block_1_22' title="bbox 2158 764 3732 840">
    <p class='ocr_par' dir='ltr' id='par_1_22' title="bbox 2158 764 3732 840">
     <span class='ocr_line' id='line_1_22' title="bbox 2158 764 3732 840; baseline 0.001 -23"><span class='ocrx_word' id='word_1_133' title='bbox 2158 764 2427 837; x_wconf 84' lang='grc' dir='ltr'>κευομένη</span> <span class='ocrx_word' id='word_1_134' title='bbox 2449 764 2758 837; x_wconf 71' lang='grc' dir='ltr'>ἐπαίρεται.</span> <span class='ocrx_word' id='word_1_135' title='bbox 2787 764 2905 822; x_wconf 83' lang='grc' dir='ltr'><strong>Κάν</strong></span> <span class='ocrx_word' id='word_1_136' title='bbox 2925 764 3025 838; x_wconf 77' lang='grc' dir='ltr'>ἔχη</span> <span class='ocrx_word' id='word_1_137' title='bbox 3045 764 3216 837; x_wconf 84' lang='grc' dir='ltr'>ἀνδρα</span> <span class='ocrx_word' id='word_1_138' title='bbox 3236 766 3495 838; x_wconf 76' lang='grc' dir='ltr'>ἄρχοντα,</span> <span class='ocrx_word' id='word_1_139' title='bbox 3524 766 3732 840; x_wconf 83' lang='grc' dir='ltr'>νύκτωρ</span> 
     </span>
    </p>
   </div>
   <div class='ocr_carea' id='block_1_23' title="bbox 2154 857 3729 932">
    <p class='ocr_par' dir='ltr' id='par_1_23' title="bbox 2154 857 3729 932">
     <span class='ocr_line' id='line_1_23' title="bbox 2154 857 3729 932; baseline 0.001 -20"><span class='ocrx_word' id='word_1_140' title='bbox 2154 873 2217 912; x_wconf 88' lang='grc' dir='ltr'><strong>τε</strong></span> <span class='ocrx_word' id='word_1_141' title='bbox 2243 857 2337 914; x_wconf 72' lang='grc' dir='ltr'>καὶ</span> <span class='ocrx_word' id='word_1_142' title='bbox 2367 858 2486 930; x_wconf 86' lang='grc' dir='ltr'>μεθ’</span> <span class='ocrx_word' id='word_1_143' title='bbox 2509 858 2724 932; x_wconf 78' lang='grc' dir='ltr'><strong>ἡμέραν</strong></span> <span class='ocrx_word' id='word_1_144' title='bbox 2767 861 2879 925; x_wconf 83' lang='grc' dir='ltr'>τοῖς</span> <span class='ocrx_word' id='word_1_145' title='bbox 2922 858 3104 929; x_wconf 89' lang='grc' dir='ltr'>λόγοις</span> <span class='ocrx_word' id='word_1_146' title='bbox 3134 859 3298 914; x_wconf 80' lang='grc' dir='ltr'>αὑτὸν</span> <span class='ocrx_word' id='word_1_147' title='bbox 3323 859 3729 932; x_wconf 78' lang='grc' dir='ltr'>ἐκμοχλεύουσα</span> 
     </span>
    </p>
   </div>
   <div class='ocr_carea' id='block_1_24' title="bbox 2157 950 3727 1026">
    <p class='ocr_par' dir='ltr' id='par_1_24' title="bbox 2157 950 3727 1026">
     <span class='ocr_line' id='line_1_24' title="bbox 2157 950 3727 1026; baseline 0.003 -23"><span class='ocrx_word' id='word_1_148' title='bbox 2157 950 2293 1023; x_wconf 76' lang='grc' dir='ltr'>πρὸς</span> <span class='ocrx_word' id='word_1_149' title='bbox 2320 950 2631 1023; x_wconf 86' lang='grc' dir='ltr'>δολοφονίαν</span> <span class='ocrx_word' id='word_1_150' title='bbox 2658 950 2860 1019; x_wconf 79' lang='grc' dir='ltr'>όξύνει,</span> <span class='ocrx_word' id='word_1_151' title='bbox 2905 951 2983 1016; x_wconf 76' lang='grc' dir='ltr'>ὥς</span> <span class='ocrx_word' id='word_1_152' title='bbox 3020 951 3295 1025; x_wconf 77' lang='grc' dir='ltr'>Ἡρωδιὰς</span> <span class='ocrx_word' id='word_1_153' title='bbox 3340 953 3433 1007; x_wconf 75' lang='grc' dir='ltr'>τὸν</span> <span class='ocrx_word' id='word_1_154' title='bbox 3465 952 3727 1026; x_wconf 68' lang='grc' dir='ltr'>Ἡρώδην,</span> 
     </span>
    </p>
   </div>
   <div class='ocr_carea' id='block_1_25' title="bbox 2156 1044 3727 1121">
    <p class='ocr_par' dir='ltr' id='par_1_25' title="bbox 2156 1044 3727 1121">
     <span class='ocr_line' id='line_1_25' title="bbox 2156 1044 3727 1121; baseline 0.001 -22"><span class='ocrx_word' id='word_1_155' title='bbox 2156 1045 2276 1100; x_wconf 77' lang='grc' dir='ltr'><strong>Κάν</strong></span> <span class='ocrx_word' id='word_1_156' title='bbox 2307 1044 2518 1118; x_wconf 70' lang='grc' dir='ltr'>πένητα</span> <span class='ocrx_word' id='word_1_157' title='bbox 2550 1045 2648 1119; x_wconf 74' lang='grc' dir='ltr'><strong>ἔχῃ</strong></span> <span class='ocrx_word' id='word_1_158' title='bbox 2680 1046 2771 1101; x_wconf 78' lang='grc' dir='ltr'>τὸν</span> <span class='ocrx_word' id='word_1_159' title='bbox 2803 1046 2973 1118; x_wconf 78' lang='grc' dir='ltr'>ἄνδρα</span> <span class='ocrx_word' id='word_1_160' title='bbox 3025 1046 3162 1119; x_wconf 76' lang='grc' dir='ltr'>πρὸς</span> <span class='ocrx_word' id='word_1_161' title='bbox 3197 1046 3369 1121; x_wconf 72' lang='grc' dir='ltr'>ὀργὰς</span> <span class='ocrx_word' id='word_1_162' title='bbox 3411 1047 3507 1100; x_wconf 77' lang='grc' dir='ltr'>καὶ</span> <span class='ocrx_word' id='word_1_163' title='bbox 3555 1046 3727 1121; x_wconf 82' lang='grc' dir='ltr'>μάχας</span> 
     </span>
    </p>
   </div>
   <div class='ocr_carea' id='block_1_26' title="bbox 2155 1138 3731 1212">
    <p class='ocr_par' dir='ltr' id='par_1_26' title="bbox 2155 1138 3731 1212">
     <span class='ocr_line' id='line_1_26' title="bbox 2155 1138 3731 1212; baseline 0.002 -20"><span class='ocrx_word' id='word_1_164' title='bbox 2155 1139 2319 1193; x_wconf 80' lang='grc' dir='ltr'>αὐτὸν</span> <span class='ocrx_word' id='word_1_165' title='bbox 2347 1138 2631 1211; x_wconf 74' lang='grc' dir='ltr'><strong>διεγείρει·</strong></span> <span class='ocrx_word' id='word_1_166' title='bbox 2664 1140 2770 1194; x_wconf 83' lang='grc' dir='ltr'><strong>κάν</strong></span> <span class='ocrx_word' id='word_1_167' title='bbox 2795 1140 2943 1212; x_wconf 84' lang='grc' dir='ltr'>χήρα</span> <span class='ocrx_word' id='word_1_168' title='bbox 2973 1139 3238 1211; x_wconf 75' lang='grc' dir='ltr'><strong>τυγχάνῃ,</strong></span> <span class='ocrx_word' id='word_1_169' title='bbox 3269 1138 3412 1211; x_wconf 79' lang='grc' dir='ltr'>αὓτη</span> <span class='ocrx_word' id='word_1_170' title='bbox 3442 1140 3510 1195; x_wconf 83' lang='grc' dir='ltr'>δι’</span> <span class='ocrx_word' id='word_1_171' title='bbox 3536 1138 3731 1211; x_wconf 71' lang='grc' dir='ltr'>εαυτῆς</span> 
     </span>
    </p>
   </div>
   <div class='ocr_carea' id='block_1_27' title="bbox 2153 1230 3732 1305">
    <p class='ocr_par' dir='ltr' id='par_1_27' title="bbox 2153 1230 3732 1305">
     <span class='ocr_line' id='line_1_27' title="bbox 2153 1230 3732 1305; baseline 0.002 -20"><span class='ocrx_word' id='word_1_172' title='bbox 2153 1233 2280 1297; x_wconf 83' lang='grc' dir='ltr'>τοὺς</span> <span class='ocrx_word' id='word_1_173' title='bbox 2308 1231 2516 1297; x_wconf 78' lang='grc' dir='ltr'><strong>πάντας</strong></span> <span class='ocrx_word' id='word_1_174' title='bbox 2549 1231 2829 1303; x_wconf 75' lang='grc' dir='ltr'><strong>ἀτιμάζει.</strong></span> <span class='ocrx_word' id='word_1_175' title='bbox 2860 1230 3017 1303; x_wconf 76' lang='grc' dir='ltr'>Φόϐῳ</span> <span class='ocrx_word' id='word_1_176' title='bbox 3042 1231 3150 1305; x_wconf 75' lang='grc' dir='ltr'><strong>γὰρ</strong></span> <span class='ocrx_word' id='word_1_177' title='bbox 3169 1230 3309 1287; x_wconf 83' lang='grc' dir='ltr'><strong>Θεοῦ</strong></span> <span class='ocrx_word' id='word_1_178' title='bbox 3330 1232 3394 1287; x_wconf 87' lang='grc' dir='ltr'>οὐ</span> <span class='ocrx_word' id='word_1_179' title='bbox 3424 1232 3732 1304; x_wconf 80' lang='grc' dir='ltr'>χαλινοῦται</span> 
     </span>
    </p>
   </div>
   <div class='ocr_carea' id='block_1_28' title="bbox 2154 1322 3731 1398">
    <p class='ocr_par' dir='ltr' id='par_1_28' title="bbox 2154 1322 3731 1398">
     <span class='ocr_line' id='line_1_28' title="bbox 2154 1322 3731 1398; baseline 0.003 -22"><span class='ocrx_word' id='word_1_180' title='bbox 2154 1322 2252 1395; x_wconf 80' lang='grc' dir='ltr'>τὴν</span> <span class='ocrx_word' id='word_1_181' title='bbox 2279 1322 2566 1393; x_wconf 85' lang='grc' dir='ltr'>γλῶσσαν·</span> <span class='ocrx_word' id='word_1_182' title='bbox 2598 1324 2701 1379; x_wconf 76' lang='grc' dir='ltr'>οὐκ</span> <span class='ocrx_word' id='word_1_183' title='bbox 2739 1324 2819 1388; x_wconf 81' lang='grc' dir='ltr'><strong>είς</strong></span> <span class='ocrx_word' id='word_1_184' title='bbox 2844 1324 2906 1378; x_wconf 82' lang='grc' dir='ltr'>τὸ</span> <span class='ocrx_word' id='word_1_185' title='bbox 2953 1324 3144 1395; x_wconf 78' lang='grc' dir='ltr'><strong>μέλλον</strong></span> <span class='ocrx_word' id='word_1_186' title='bbox 3185 1326 3469 1398; x_wconf 76' lang='grc' dir='ltr'><strong>κριτήριον</strong></span> <span class='ocrx_word' id='word_1_187' title='bbox 3502 1326 3731 1381; x_wconf 74' lang='grc' dir='ltr'>ἀποϐλέ-</span> 
     </span>
    </p>
   </div>
   <div class='ocr_carea' id='block_1_29' title="bbox 2156 1415 3730 1490">
    <p class='ocr_par' dir='ltr' id='par_1_29' title="bbox 2156 1415 3730 1490">
     <span class='ocr_line' id='line_1_29' title="bbox 2156 1415 3730 1490; baseline 0.001 -19"><span class='ocrx_word' id='word_1_188' title='bbox 2156 1434 2248 1472; x_wconf 89' lang='grc' dir='ltr'><strong>πει</strong></span> <span class='ocrx_word' id='word_1_189' title='bbox 2266 1432 2279 1444; x_wconf 90' lang='lat'><strong>&#39;</strong></span> <span class='ocrx_word' id='word_1_190' title='bbox 2309 1417 2371 1472; x_wconf 78' lang='grc' dir='ltr'>οὐ</span> <span class='ocrx_word' id='word_1_191' title='bbox 2410 1418 2593 1487; x_wconf 90' lang='grc' dir='ltr'>φιλίας</span> <span class='ocrx_word' id='word_1_192' title='bbox 2616 1415 2759 1473; x_wconf 86' lang='grc' dir='ltr'>οῐδεν</span> <span class='ocrx_word' id='word_1_193' title='bbox 2784 1417 3007 1490; x_wconf 85' lang='grc' dir='ltr'>θεσμόν.</span> <span class='ocrx_word' id='word_1_194' title='bbox 3039 1418 3208 1474; x_wconf 80' lang='grc' dir='ltr'>Οὐδέν</span> <span class='ocrx_word' id='word_1_195' title='bbox 3238 1420 3355 1473; x_wconf 71' lang='grc' dir='ltr'>ἐστι</span> <span class='ocrx_word' id='word_1_196' title='bbox 3385 1421 3606 1490; x_wconf 80' lang='grc' dir='ltr'>γυναικὶ</span> <span class='ocrx_word' id='word_1_197' title='bbox 3632 1437 3730 1474; x_wconf 88' lang='grc' dir='ltr'>πο-</span> 
     </span>
    </p>
   </div>
   <div class='ocr_carea' id='block_1_30' title="bbox 2154 1511 3732 1585">
    <p class='ocr_par' dir='ltr' id='par_1_30' title="bbox 2154 1511 3732 1585">
     <span class='ocr_line' id='line_1_30' title="bbox 2154 1511 3732 1585; baseline 0.001 -20"><span class='ocrx_word' id='word_1_198' title='bbox 2154 1513 2296 1584; x_wconf 78' lang='grc' dir='ltr'>νηρᾷ</span> <span class='ocrx_word' id='word_1_199' title='bbox 2324 1511 2417 1566; x_wconf 79' lang='grc' dir='ltr'>τὸν</span> <span class='ocrx_word' id='word_1_200' title='bbox 2440 1511 2570 1567; x_wconf 82' lang='grc' dir='ltr'>ίδιον</span> <span class='ocrx_word' id='word_1_201' title='bbox 2600 1511 3139 1585; x_wconf 70' lang='grc' dir='ltr'>ἀνδρακπαραδοῦναι</span> <span class='ocrx_word' id='word_1_202' title='bbox 3170 1514 3249 1578; x_wconf 85' lang='grc' dir='ltr'><strong>εἰς</strong></span> <span class='ocrx_word' id='word_1_203' title='bbox 3278 1512 3531 1568; x_wconf 80' lang='grc' dir='ltr'>θάνατον.</span> <span class='ocrx_word' id='word_1_204' title='bbox 3577 1513 3732 1583; x_wconf 78' lang='grc' dir='ltr'><strong>Ἀμέ-</strong></span> 
     </span>
    </p>
   </div>
   <div class='ocr_carea' id='block_1_31' title="bbox 2154 1602 3729 1679">
    <p class='ocr_par' dir='ltr' id='par_1_31' title="bbox 2154 1602 3729 1679">
     <span class='ocr_line' id='line_1_31' title="bbox 2154 1602 3729 1679; baseline 0.004 -24"><span class='ocrx_word' id='word_1_205' title='bbox 2154 1602 2236 1657; x_wconf 88' lang='grc' dir='ltr'><strong>λει</strong></span> <span class='ocrx_word' id='word_1_206' title='bbox 2285 1603 2415 1674; x_wconf 80' lang='grc' dir='ltr'>γοῦν</span> <span class='ocrx_word' id='word_1_207' title='bbox 2450 1603 2541 1658; x_wconf 75' lang='grc' dir='ltr'>τὸν</span> <span class='ocrx_word' id='word_1_208' title='bbox 2577 1604 2787 1659; x_wconf 88' lang='grc' dir='ltr'>δίκαιον</span> <span class='ocrx_word' id='word_1_209' title='bbox 2818 1604 2939 1659; x_wconf 75' lang='grc' dir='ltr'><strong>Ἰὼϐ</strong></span> <span class='ocrx_word' id='word_1_210' title='bbox 2965 1607 2999 1677; x_wconf 77' lang='grc' dir='ltr'><strong>ἡ</strong></span> <span class='ocrx_word' id='word_1_211' title='bbox 3038 1605 3144 1660; x_wconf 88' lang='grc' dir='ltr'>ίδία</span> <span class='ocrx_word' id='word_1_212' title='bbox 3170 1606 3308 1678; x_wconf 75' lang='grc' dir='ltr'>γυνὴ</span> <span class='ocrx_word' id='word_1_213' title='bbox 3340 1606 3474 1679; x_wconf 81' lang='grc' dir='ltr'>πρὸς</span> <span class='ocrx_word' id='word_1_214' title='bbox 3509 1606 3729 1661; x_wconf 75' lang='grc' dir='ltr'>θάνατον</span> 
     </span>
    </p>
   </div>
   <div class='ocr_carea' id='block_1_32' title="bbox 2154 1688 3731 1770">
    <p class='ocr_par' dir='ltr' id='par_1_32' title="bbox 2154 1688 3731 1770">
     <span class='ocr_line' id='line_1_32' title="bbox 2154 1688 3731 1770; baseline 0.003 -20"><span class='ocrx_word' id='word_1_215' title='bbox 2154 1696 2480 1768; x_wconf 77' lang='grc' dir='ltr'><strong>παρεδίδου,</strong></span> <span class='ocrx_word' id='word_1_216' title='bbox 2521 1688 2784 1767; x_wconf 73' lang='grc' dir='ltr'>λέγουσα·</span> <span class='ocrx_word' id='word_1_217' title='bbox 2813 1693 3002 1753; x_wconf 77' lang='grc' dir='ltr'>Εῖπόν</span> <span class='ocrx_word' id='word_1_218' title='bbox 3054 1716 3109 1753; x_wconf 81' lang='grc' dir='ltr'><strong>τι</strong></span> <span class='ocrx_word' id='word_1_219' title='bbox 3153 1696 3319 1770; x_wconf 78' lang='grc' dir='ltr'>ῥῆμα</span> <span class='ocrx_word' id='word_1_220' title='bbox 3356 1697 3731 1769; x_wconf 66' lang='grc' dir='ltr'>βλάσφημον</span> 
     </span>
    </p>
   </div>
   <div class='ocr_carea' id='block_1_33' title="bbox 2154 1788 3725 1863">
    <p class='ocr_par' dir='ltr' id='par_1_33' title="bbox 2154 1788 3725 1863">
     <span class='ocr_line' id='line_1_33' title="bbox 2154 1788 3725 1863; baseline 0.001 -20"><span class='ocrx_word' id='word_1_221' title='bbox 2154 1788 2305 1859; x_wconf 77' lang='grc' dir='ltr'>πρὸς</span> <span class='ocrx_word' id='word_1_222' title='bbox 2323 1792 2559 1861; x_wconf 81' lang='grc' dir='ltr'>Κύριον,</span> <span class='ocrx_word' id='word_1_223' title='bbox 2595 1790 2694 1845; x_wconf 76' lang='grc' dir='ltr'>καὶ</span> <span class='ocrx_word' id='word_1_224' title='bbox 2738 1790 3013 1845; x_wconf 68' lang='grc' dir='ltr'>τελεύτα.</span> <span class='ocrx_word' id='word_1_225' title='bbox 3072 1792 3134 1844; x_wconf 84' lang='grc' dir='ltr'>Ὢ</span> <span class='ocrx_word' id='word_1_226' title='bbox 3167 1792 3381 1861; x_wconf 86' lang='grc' dir='ltr'>φύσεως</span> <span class='ocrx_word' id='word_1_227' title='bbox 3417 1790 3725 1863; x_wconf 67' lang='grc' dir='ltr'>μοχθηρᾶςὲ</span> 
     </span>
    </p>
   </div>
   <div class='ocr_carea' id='block_1_34' title="bbox 472 1863 2052 1957">
    <p class='ocr_par' dir='ltr' id='par_1_34' title="bbox 472 1873 2046 1957">
     <span class='ocr_line' id='line_1_34' title="bbox 472 1873 2046 1957; baseline -0.007 -17"><span class='ocrx_word' id='word_1_228' title='bbox 472 1885 726 1957; x_wconf 90' lang='lat' dir='ltr'><strong>improba</strong></span> <span class='ocrx_word' id='word_1_229' title='bbox 758 1882 953 1937; x_wconf 90' lang='lat' dir='ltr'><strong>mulier</strong></span> <span class='ocrx_word' id='word_1_230' title='bbox 989 1881 1166 1935; x_wconf 79' lang='lat' dir='ltr'><strong>virum</strong></span> <span class='ocrx_word' id='word_1_231' title='bbox 1197 1893 1358 1933; x_wconf 89' lang='lat' dir='ltr'><strong>suum</strong></span> <span class='ocrx_word' id='word_1_232' title='bbox 1386 1876 1547 1931; x_wconf 80' lang='lat' dir='ltr'><strong>morti</strong></span> <span class='ocrx_word' id='word_1_233' title='bbox 1580 1873 1819 1931; x_wconf 80' lang='lat' dir='ltr'><strong>tradere.</strong></span> <span class='ocrx_word' id='word_1_234' title='bbox 1856 1873 2046 1929; x_wconf 53' lang='lat' dir='ltr'><strong>Enim.</strong></span> 
     </span>
    </p>
   </div>
   <div class='ocr_carea' id='block_1_35' title="bbox 2154 1863 3727 1957">
    <p class='ocr_par' dir='ltr' id='par_1_35' title="bbox 2154 1882 3727 1957">
     <span class='ocr_line' id='line_1_35' title="bbox 2154 1882 3727 1957; baseline 0.001 -20"><span class='ocrx_word' id='word_1_235' title='bbox 2154 1882 2197 1937; x_wconf 83' lang='grc' dir='ltr'><strong>ὣ</strong></span> <span class='ocrx_word' id='word_1_236' title='bbox 2244 1883 2623 1957; x_wconf 83' lang='grc' dir='ltr'>προαιρέσεως</span> <span class='ocrx_word' id='word_1_237' title='bbox 2667 1883 2927 1947; x_wconf 78' lang='grc' dir='ltr'>ἀνοσίαςί</span> <span class='ocrx_word' id='word_1_238' title='bbox 2991 1884 3091 1938; x_wconf 84' lang='grc' dir='ltr'>οὐκ</span> <span class='ocrx_word' id='word_1_239' title='bbox 3149 1883 3377 1955; x_wconf 71' lang='grc' dir='ltr'>ὴλέησεν</span> <span class='ocrx_word' id='word_1_240' title='bbox 3414 1883 3594 1938; x_wconf 82' lang='grc' dir='ltr'>ίδοῦσα</span> <span class='ocrx_word' id='word_1_241' title='bbox 3632 1884 3727 1938; x_wconf 70' lang='grc' dir='ltr'><strong>τοῦ</strong></span> 
     </span>
    </p>
   </div>
   <div class='ocr_carea' id='block_1_36' title="bbox 460 1960 2047 2047">
    <p class='ocr_par' dir='ltr' id='par_1_36' title="bbox 460 1960 2047 2047">
     <span class='ocr_line' id='line_1_36' title="bbox 460 1960 2047 2047; baseline -0.009 -17"><span class='ocrx_word' id='word_1_242' title='bbox 460 1991 606 2033; x_wconf 75' lang='grc' dir='ltr'>-νετο</span> <span class='ocrx_word' id='word_1_243' title='bbox 645 1976 859 2047; x_wconf 81' lang='lat' dir='ltr'><strong>justum</strong></span> <span class='ocrx_word' id='word_1_244' title='bbox 913 1973 1064 2026; x_wconf 92' lang='lat' dir='ltr'><strong>illum</strong></span> <span class='ocrx_word' id='word_1_245' title='bbox 1094 1968 1199 2025; x_wconf 76' lang='lat' dir='ltr'><strong>Job</strong></span> <span class='ocrx_word' id='word_1_246' title='bbox 1244 1982 1384 2037; x_wconf 69' lang='lat' dir='ltr'><strong>uxor</strong></span> <span class='ocrx_word' id='word_1_247' title='bbox 1408 1980 1513 2021; x_wconf 90' lang='lat' dir='ltr'><strong>sua</strong></span> <span class='ocrx_word' id='word_1_248' title='bbox 1548 1965 1602 2019; x_wconf 92' lang='lat' dir='ltr'><strong>in</strong></span> <span class='ocrx_word' id='word_1_249' title='bbox 1638 1978 1830 2019; x_wconf 89' lang='lat' dir='ltr'><strong>necem</strong></span> <span class='ocrx_word' id='word_1_250' title='bbox 1865 1960 2047 2033; x_wconf 78' lang='lat' dir='ltr'><strong>conji-</strong></span> 
     </span>
    </p>
   </div>
   <div class='ocr_carea' id='block_1_37' title="bbox 452 2054 2049 2136">
    <p class='ocr_par' dir='ltr' id='par_1_37' title="bbox 452 2054 2049 2136">
     <span class='ocr_line' id='line_1_37' title="bbox 452 2054 2049 2136; baseline -0.01 -10"><span class='ocrx_word' id='word_1_251' title='bbox 452 2070 675 2135; x_wconf 75' lang='lat' dir='ltr'><strong>ciebat,</strong></span> <span class='ocrx_word' id='word_1_252' title='bbox 708 2084 833 2125; x_wconf 89' lang='lat' dir='ltr'><strong>cum</strong></span> <span class='ocrx_word' id='word_1_253' title='bbox 870 2067 945 2121; x_wconf 89' lang='lat' dir='ltr'><strong>ita</strong></span> <span class='ocrx_word' id='word_1_254' title='bbox 986 2064 1358 2136; x_wconf 86' lang='lat' dir='ltr'><strong>loquebatur:</strong></span> <span class='ocrx_word' id='word_1_255' title='bbox 1412 2060 1511 2114; x_wconf 84' lang='lat' dir='ltr'><strong>Dic</strong></span> <span class='ocrx_word' id='word_1_256' title='bbox 1540 2056 1749 2113; x_wconf 73' lang='lat' dir='ltr'><strong>verbum</strong></span> <span class='ocrx_word' id='word_1_257' title='bbox 1780 2054 2049 2130; x_wconf 80' lang='lat' dir='ltr'><strong>quoddam</strong></span> 
     </span>
    </p>
   </div>
   <div class='ocr_carea' id='block_1_38' title="bbox 461 2148 2046 2233">
    <p class='ocr_par' dir='ltr' id='par_1_38' title="bbox 461 2148 2046 2233">
     <span class='ocr_line' id='line_1_38' title="bbox 461 2148 2046 2233; baseline -0.008 -16"><span class='ocrx_word' id='word_1_258' title='bbox 461 2165 694 2233; x_wconf 66' lang='lat' dir='ltr'><strong>impium</strong></span> <span class='ocrx_word' id='word_1_259' title='bbox 721 2162 972 2217; x_wconf 74' lang='lat' dir='ltr'><strong>adversus</strong></span> <span class='ocrx_word' id='word_1_260' title='bbox 1010 2157 1394 2219; x_wconf 81' lang='lat' dir='ltr'><strong>Dominum,-et</strong></span> <span class='ocrx_word' id='word_1_261' title='bbox 1441 2148 1808 2222; x_wconf 81' lang='lat' dir='ltr'><strong>morere(lob</strong></span> <span class='ocrx_word' id='word_1_262' title='bbox 1836 2165 1899 2214; x_wconf 87' lang='lat' dir='ltr'><strong>tt.</strong></span> <span class='ocrx_word' id='word_1_263' title='bbox 1955 2148 2046 2223; x_wconf 87' lang='lat'><strong>9).</strong></span> 
     </span>
    </p>
   </div>
   <div class='ocr_carea' id='block_1_39' title="bbox 470 2245 2050 2330">
    <p class='ocr_par' dir='ltr' id='par_1_39' title="bbox 470 2245 2050 2330">
     <span class='ocr_line' id='line_1_39' title="bbox 470 2245 2050 2330; baseline -0.011 -15"><span class='ocrx_word' id='word_1_264' title='bbox 470 2258 519 2315; x_wconf 90' lang='lat'><strong>0</strong></span> <span class='ocrx_word' id='word_1_265' title='bbox 542 2258 863 2330; x_wconf 77' lang='lat' dir='ltr'><strong>ﬂagitiosam</strong></span> <span class='ocrx_word' id='word_1_266' title='bbox 895 2253 1168 2310; x_wconf 80' lang='lat' dir='ltr'><strong>indolem!</strong></span> <span class='ocrx_word' id='word_1_267' title='bbox 1198 2250 1243 2307; x_wconf 94' lang='grc' dir='ltr'><strong>Ο</strong></span> <span class='ocrx_word' id='word_1_268' title='bbox 1272 2248 1541 2305; x_wconf 78' lang='lat' dir='ltr'><strong>nefariam</strong></span> <span class='ocrx_word' id='word_1_269' title='bbox 1578 2246 1745 2301; x_wconf 85' lang='lat' dir='ltr'><strong>animi</strong></span> <span class='ocrx_word' id='word_1_270' title='bbox 1767 2245 2050 2300; x_wconf 83' lang='lat' dir='ltr'><strong>inductio-</strong></span> 
     </span>
    </p>
   </div>
   <div class='ocr_carea' id='block_1_40' title="bbox 474 2336 2053 2409">
    <p class='ocr_par' dir='ltr' id='par_1_40' title="bbox 474 2336 2053 2409">
     <span class='ocr_line' id='line_1_40' title="bbox 474 2336 2053 2409; baseline -0.011 0"><span class='ocrx_word' id='word_1_271' title='bbox 474 2368 601 2409; x_wconf 83' lang='lat' dir='ltr'><strong>nem</strong></span> <span class='ocrx_word' id='word_1_272' title='bbox 634 2354 647 2406; x_wconf 79' lang='grc' dir='ltr'><strong>ι</strong></span> <span class='ocrx_word' id='word_1_273' title='bbox 688 2348 847 2404; x_wconf 79' lang='lat' dir='ltr'><strong>Nulla</strong></span> <span class='ocrx_word' id='word_1_274' title='bbox 881 2344 1263 2402; x_wconf 85' lang='lat' dir='ltr'><strong>misericordia</strong></span> <span class='ocrx_word' id='word_1_275' title='bbox 1311 2346 1583 2396; x_wconf 90' lang='lat' dir='ltr'><strong>commota</strong></span> <span class='ocrx_word' id='word_1_276' title='bbox 1628 2336 1751 2404; x_wconf 79' lang='lat' dir='ltr'><strong>fuit,</strong></span> <span class='ocrx_word' id='word_1_277' title='bbox 1783 2350 1909 2391; x_wconf 89' lang='lat' dir='ltr'><strong>cum</strong></span> <span class='ocrx_word' id='word_1_278' title='bbox 1937 2350 2053 2391; x_wconf 85' lang='lat' dir='ltr'><strong>ma-</strong></span> 
     </span>
    </p>
   </div>
   <div class='ocr_carea' id='block_1_41' title="bbox 472 2428 2049 2506">
    <p class='ocr_par' dir='ltr' id='par_1_41' title="bbox 472 2428 2049 2506">
     <span class='ocr_line' id='line_1_41' title="bbox 472 2428 2049 2506; baseline -0.01 -7"><span class='ocrx_word' id='word_1_279' title='bbox 472 2445 564 2499; x_wconf 88' lang='lat' dir='ltr'><strong>riti</strong></span> <span class='ocrx_word' id='word_1_280' title='bbox 593 2442 680 2500; x_wconf 88' lang='lat' dir='ltr'><strong>sui</strong></span> <span class='ocrx_word' id='word_1_281' title='bbox 720 2444 933 2497; x_wconf 75' lang='lat' dir='ltr'><strong>viscera</strong></span> <span class='ocrx_word' id='word_1_282' title='bbox 965 2437 1195 2495; x_wconf 76' lang='lat' dir='ltr'><strong>fervidis</strong></span> <span class='ocrx_word' id='word_1_283' title='bbox 1240 2433 1491 2506; x_wconf 74' lang='lat' dir='ltr'><strong>pustulis</strong></span> <span class='ocrx_word' id='word_1_284' title='bbox 1536 2431 1686 2487; x_wconf 85' lang='lat' dir='ltr'><strong>velut</strong></span> <span class='ocrx_word' id='word_1_285' title='bbox 1724 2428 2049 2485; x_wconf 86' lang='lat' dir='ltr'><strong>ardentibus</strong></span> 
     </span>
    </p>
   </div>
   <div class='ocr_carea' id='block_1_42' title="bbox 470 2531 2047 2608">
    <p class='ocr_par' dir='ltr' id='par_1_42' title="bbox 470 2531 2047 2608">
     <span class='ocr_line' id='line_1_42' title="bbox 470 2531 2047 2608; baseline -0.01 -15"><span class='ocrx_word' id='word_1_286' title='bbox 470 2533 802 2608; x_wconf 83' lang='lat' dir='ltr'><strong>quibusdam</strong></span> <span class='ocrx_word' id='word_1_287' title='bbox 854 2531 1192 2588; x_wconf 77' lang='lat' dir='ltr'><strong>carbonibus</strong></span> <span class='ocrx_word' id='word_1_288' title='bbox 1236 2534 1456 2590; x_wconf 77' lang='lat' dir='ltr'><strong>exusta,</strong></span> <span class='ocrx_word' id='word_1_289' title='bbox 1505 2537 1815 2592; x_wconf 84' lang='lat' dir='ltr'><strong>carnesque</strong></span> <span class='ocrx_word' id='word_1_290' title='bbox 1853 2535 2047 2577; x_wconf 89' lang='lat' dir='ltr'><strong>omnes</strong></span> 
     </span>
    </p>
   </div>
   <div class='ocr_carea' id='block_1_43' title="bbox 472 2613 2046 2702">
    <p class='ocr_par' dir='ltr' id='par_1_43' title="bbox 472 2613 2046 2702">
     <span class='ocr_line' id='line_1_43' title="bbox 472 2613 2046 2702; baseline -0.011 -17"><span class='ocrx_word' id='word_1_291' title='bbox 472 2630 651 2702; x_wconf 89' lang='lat' dir='ltr'><strong>ipsius</strong></span> <span class='ocrx_word' id='word_1_292' title='bbox 680 2620 1273 2696; x_wconf 79' lang='lat' dir='ltr'><strong>correptas-vermibus</strong></span> <span class='ocrx_word' id='word_1_293' title='bbox 1306 2618 1463 2673; x_wconf 83' lang='lat' dir='ltr'><strong>vidit.</strong></span> <span class='ocrx_word' id='word_1_294' title='bbox 1497 2617 1577 2673; x_wconf 85' lang='lat' dir='ltr'><strong>Ad</strong></span> <span class='ocrx_word' id='word_1_295' title='bbox 1605 2613 2046 2673; x_wconf 87' lang='lat' dir='ltr'><strong>misericordiam</strong></span> 
     </span>
    </p>
   </div>
   <div class='ocr_carea' id='block_1_44' title="bbox 472 2707 2049 2781">
    <p class='ocr_par' dir='ltr' id='par_1_44' title="bbox 472 2707 2049 2781">
     <span class='ocr_line' id='line_1_44' title="bbox 472 2707 2049 2781; baseline -0.012 -3"><span class='ocrx_word' id='word_1_296' title='bbox 472 2722 671 2778; x_wconf 80' lang='lat' dir='ltr'><strong>inﬂexa</strong></span> <span class='ocrx_word' id='word_1_297' title='bbox 710 2734 832 2773; x_wconf 74' lang='lat' dir='ltr'><strong>non</strong></span> <span class='ocrx_word' id='word_1_298' title='bbox 882 2724 988 2781; x_wconf 86' lang='lat' dir='ltr'><strong>est,</strong></span> <span class='ocrx_word' id='word_1_299' title='bbox 1043 2730 1168 2770; x_wconf 85' lang='lat' dir='ltr'><strong>cum</strong></span> <span class='ocrx_word' id='word_1_300' title='bbox 1198 2727 1326 2769; x_wconf 87' lang='lat' dir='ltr'><strong>eum</strong></span> <span class='ocrx_word' id='word_1_301' title='bbox 1377 2720 1551 2766; x_wconf 88' lang='lat' dir='ltr'><strong>totum</strong></span> <span class='ocrx_word' id='word_1_302' title='bbox 1603 2710 1657 2763; x_wconf 85' lang='lat' dir='ltr'><strong>in</strong></span> <span class='ocrx_word' id='word_1_303' title='bbox 1689 2724 1751 2764; x_wconf 87' lang='lat' dir='ltr'><strong>se</strong></span> <span class='ocrx_word' id='word_1_304' title='bbox 1782 2707 2049 2763; x_wconf 77' lang='lat' dir='ltr'><strong>convoln-</strong></span> 
     </span>
    </p>
   </div>
   <div class='ocr_carea' id='block_1_45' title="bbox 471 2801 2051 2881">
    <p class='ocr_par' dir='ltr' id='par_1_45' title="bbox 471 2801 2051 2881">
     <span class='ocr_line' id='line_1_45' title="bbox 471 2801 2051 2881; baseline -0.01 -10"><span class='ocrx_word' id='word_1_305' title='bbox 471 2824 613 2881; x_wconf 88' lang='lat' dir='ltr'><strong>tum,</strong></span> <span class='ocrx_word' id='word_1_306' title='bbox 668 2812 1152 2878; x_wconf 82' lang='lat' dir='ltr'><strong>latiscentemque,</strong></span> <span class='ocrx_word' id='word_1_307' title='bbox 1200 2815 1254 2862; x_wconf 89' lang='lat' dir='ltr'><strong>et</strong></span> <span class='ocrx_word' id='word_1_308' title='bbox 1308 2818 1513 2874; x_wconf 73' lang='lat' dir='ltr'><strong>angore</strong></span> <span class='ocrx_word' id='word_1_309' title='bbox 1570 2801 1906 2863; x_wconf 79' lang='lat' dir='ltr'><strong>coniectum,</strong></span> <span class='ocrx_word' id='word_1_310' title='bbox 1984 2813 2051 2855; x_wconf 89' lang='lat' dir='ltr'><strong>ac</strong></span> 
     </span>
    </p>
   </div>
   <div class='ocr_carea' id='block_1_46' title="bbox 469 2896 2047 2970">
    <p class='ocr_par' dir='ltr' id='par_1_46' title="bbox 469 2896 2047 2970">
     <span class='ocr_line' id='line_1_46' title="bbox 469 2896 2047 2970; baseline -0.014 -3"><span class='ocrx_word' id='word_1_311' title='bbox 469 2909 767 2967; x_wconf 88' lang='lat' dir='ltr'><strong>continuos</strong></span> <span class='ocrx_word' id='word_1_312' title='bbox 819 2904 1023 2961; x_wconf 67' lang='lat' dir='ltr'><strong>halitus</strong></span> <span class='ocrx_word' id='word_1_313' title='bbox 1069 2917 1135 2958; x_wconf 75' lang='lat' dir='ltr'><strong>ex</strong></span> <span class='ocrx_word' id='word_1_314' title='bbox 1171 2902 1282 2954; x_wconf 87' lang='lat' dir='ltr'><strong>imo</strong></span> <span class='ocrx_word' id='word_1_315' title='bbox 1329 2908 1555 2970; x_wconf 87' lang='lat' dir='ltr'><strong>pectore</strong></span> <span class='ocrx_word' id='word_1_316' title='bbox 1595 2896 1768 2950; x_wconf 85' lang='lat' dir='ltr'><strong>hianti</strong></span> <span class='ocrx_word' id='word_1_317' title='bbox 1804 2909 1899 2950; x_wconf 89' lang='lat' dir='ltr'><strong>ore</strong></span> <span class='ocrx_word' id='word_1_318' title='bbox 1934 2900 2047 2947; x_wconf 90' lang='lat' dir='ltr'><strong>tra-</strong></span> 
     </span>
    </p>
   </div>
   <div class='ocr_carea' id='block_1_47' title="bbox 471 2986 2050 3068">
    <p class='ocr_par' dir='ltr' id='par_1_47' title="bbox 471 2986 2050 3068">
     <span class='ocr_line' id='line_1_47' title="bbox 471 2986 2050 3068; baseline -0.011 -12"><span class='ocrx_word' id='word_1_319' title='bbox 471 3002 691 3057; x_wconf 88' lang='lat' dir='ltr'><strong>hentem</strong></span> <span class='ocrx_word' id='word_1_320' title='bbox 731 2990 1046 3068; x_wconf 77' lang='lat' dir='ltr'><strong>conspexit.</strong></span> <span class='ocrx_word' id='word_1_321' title='bbox 1094 2990 1209 3047; x_wconf 84' lang='lat' dir='ltr'><strong>Non</strong></span> <span class='ocrx_word' id='word_1_322' title='bbox 1242 2990 1489 3045; x_wconf 89' lang='lat' dir='ltr'><strong>emollita</strong></span> <span class='ocrx_word' id='word_1_323' title='bbox 1529 2998 1615 3043; x_wconf 85' lang='lat' dir='ltr'><strong>est</strong></span> <span class='ocrx_word' id='word_1_324' title='bbox 1644 2988 1710 3041; x_wconf 90' lang='lat' dir='ltr'><strong>ad</strong></span> <span class='ocrx_word' id='word_1_325' title='bbox 1746 2986 2050 3041; x_wconf 82' lang='lat' dir='ltr'><strong>conuuise-</strong></span> 
     </span>
    </p>
   </div>
   <div class='ocr_carea' id='block_1_48' title="bbox 473 3079 2049 3160">
    <p class='ocr_par' dir='ltr' id='par_1_48' title="bbox 473 3079 2049 3160">
     <span class='ocr_line' id='line_1_48' title="bbox 473 3079 2049 3160; baseline -0.012 -9"><span class='ocrx_word' id='word_1_326' title='bbox 473 3096 767 3160; x_wconf 87' lang='lat' dir='ltr'><strong>rationem,</strong></span> <span class='ocrx_word' id='word_1_327' title='bbox 812 3105 943 3146; x_wconf 88' lang='lat' dir='ltr'><strong>cum</strong></span> <span class='ocrx_word' id='word_1_328' title='bbox 982 3102 1110 3145; x_wconf 91' lang='lat' dir='ltr'><strong>eum</strong></span> <span class='ocrx_word' id='word_1_329' title='bbox 1155 3086 1250 3157; x_wconf 91' lang='lat' dir='ltr'><strong>qui</strong></span> <span class='ocrx_word' id='word_1_330' title='bbox 1299 3098 1542 3157; x_wconf 87' lang='lat' dir='ltr'><strong>purpura</strong></span> <span class='ocrx_word' id='word_1_331' title='bbox 1587 3080 1863 3152; x_wconf 84' lang='lat' dir='ltr'><strong>quondam</strong></span> <span class='ocrx_word' id='word_1_332' title='bbox 1900 3079 2049 3150; x_wconf 74' lang='lat' dir='ltr'><strong>regia</strong></span> 
     </span>
    </p>
   </div>
   <div class='ocr_carea' id='block_1_49' title="bbox 473 3175 2051 3250">
    <p class='ocr_par' dir='ltr' id='par_1_49' title="bbox 473 3175 2051 3250">
     <span class='ocr_line' id='line_1_49' title="bbox 473 3175 2051 3250; baseline -0.011 -5"><span class='ocrx_word' id='word_1_333' title='bbox 473 3188 829 3250; x_wconf 83' lang='lat' dir='ltr'><strong>induebatur,</strong></span> <span class='ocrx_word' id='word_1_334' title='bbox 866 3195 1000 3240; x_wconf 88' lang='lat' dir='ltr'><strong>tunc</strong></span> <span class='ocrx_word' id='word_1_335' title='bbox 1053 3189 1169 3237; x_wconf 86' lang='lat' dir='ltr'><strong>toto</strong></span> <span class='ocrx_word' id='word_1_336' title='bbox 1204 3193 1439 3250; x_wconf 87' lang='lat' dir='ltr'><strong>corpore</strong></span> <span class='ocrx_word' id='word_1_337' title='bbox 1469 3176 1679 3231; x_wconf 90' lang='lat' dir='ltr'><strong>nudum</strong></span> <span class='ocrx_word' id='word_1_338' title='bbox 1713 3176 1765 3229; x_wconf 91' lang='lat' dir='ltr'><strong>in</strong></span> <span class='ocrx_word' id='word_1_339' title='bbox 1810 3175 2051 3244; x_wconf 87' lang='lat' dir='ltr'><strong>sterqui-</strong></span> 
     </span>
    </p>
   </div>
   <div class='ocr_carea' id='block_1_50' title="bbox 473 3267 2047 3338">
    <p class='ocr_par' dir='ltr' id='par_1_50' title="bbox 473 3267 2047 3338">
     <span class='ocr_line' id='line_1_50' title="bbox 473 3267 2047 3338; baseline -0.012 1"><span class='ocrx_word' id='word_1_340' title='bbox 473 3282 610 3338; x_wconf 85' lang='lat' dir='ltr'><strong>linio</strong></span> <span class='ocrx_word' id='word_1_341' title='bbox 657 3279 886 3336; x_wconf 81' lang='lat' dir='ltr'><strong>videret.</strong></span> <span class='ocrx_word' id='word_1_342' title='bbox 941 3274 1167 3330; x_wconf 75' lang='lat' dir='ltr'><strong>Minime</strong></span> <span class='ocrx_word' id='word_1_343' title='bbox 1219 3268 1513 3327; x_wconf 85' lang='lat' dir='ltr'><strong>recordata</strong></span> <span class='ocrx_word' id='word_1_344' title='bbox 1569 3278 1655 3323; x_wconf 82' lang='lat' dir='ltr'><strong>cst</strong></span> <span class='ocrx_word' id='word_1_345' title='bbox 1698 3267 1901 3323; x_wconf 80' lang='lat' dir='ltr'><strong>veteris</strong></span> <span class='ocrx_word' id='word_1_346' title='bbox 1934 3281 2047 3321; x_wconf 74' lang='lat' dir='ltr'><strong>suae</strong></span> 
     </span>
    </p>
   </div>
   <div class='ocr_carea' id='block_1_51' title="bbox 471 3368 2047 3435">
    <p class='ocr_par' dir='ltr' id='par_1_51' title="bbox 471 3368 2047 3435">
     <span class='ocr_line' id='line_1_51' title="bbox 471 3368 2047 3435; baseline -0.012 -3"><span class='ocrx_word' id='word_1_347' title='bbox 471 3392 598 3432; x_wconf 90' lang='lat' dir='ltr'><strong>cum</strong></span> <span class='ocrx_word' id='word_1_348' title='bbox 642 3389 709 3430; x_wconf 89' lang='lat' dir='ltr'><strong>eo</strong></span> <span class='ocrx_word' id='word_1_349' title='bbox 757 3368 1211 3431; x_wconf 84' lang='lat' dir='ltr'><strong>consuetudinis,</strong></span> <span class='ocrx_word' id='word_1_350' title='bbox 1277 3372 1597 3435; x_wconf 89' lang='lat' dir='ltr'><strong>quantaque</strong></span> <span class='ocrx_word' id='word_1_351' title='bbox 1645 3368 1870 3431; x_wconf 88' lang='lat' dir='ltr'><strong>propter</strong></span> <span class='ocrx_word' id='word_1_352' title='bbox 1921 3373 2047 3414; x_wconf 88' lang='lat' dir='ltr'><strong>eum</strong></span> 
     </span>
    </p>
   </div>
   <div class='ocr_carea' id='block_1_52' title="bbox 465 3450 2046 3618">
    <p class='ocr_par' dir='ltr' id='par_1_52' title="bbox 465 3450 2046 3618">
     <span class='ocr_line' id='line_1_52' title="bbox 465 3450 2046 3618; baseline -0.014 -93"><span class='ocrx_word' id='word_1_353' title='bbox 465 3468 668 3618; x_wconf 58' lang='lat' dir='ltr'><strong>goria,</strong></span> <span class='ocrx_word' id='word_1_354' title='bbox 720 3465 1057 3538; x_wconf 81' lang='lat' dir='ltr'><strong>quantisque</strong></span> <span class='ocrx_word' id='word_1_355' title='bbox 1104 3460 1306 3531; x_wconf 75' lang='lat' dir='ltr'><strong>apibus</strong></span> <span class='ocrx_word' id='word_1_356' title='bbox 1366 3456 1664 3512; x_wconf 81' lang='lat' dir='ltr'><strong>ﬂoruisset.</strong></span> <span class='ocrx_word' id='word_1_357' title='bbox 1695 3452 1838 3519; x_wconf 81' lang='lat' dir='ltr'><strong>Quid</strong></span> <span class='ocrx_word' id='word_1_358' title='bbox 1873 3450 2046 3506; x_wconf 78' lang='lat' dir='ltr'><strong>vero?</strong></span> 
     </span>
     <span class='ocr_line' id='line_1_53' title="bbox 525 3547 2045 3618; baseline -0.013 -1"><span class='ocrx_word' id='word_1_359' title='bbox 525 3563 573 3616; x_wconf 69' lang='lat' dir='ltr'><strong>ir</strong></span> <span class='ocrx_word' id='word_1_360' title='bbox 618 3558 833 3615; x_wconf 79' lang='lat' dir='ltr'><strong>rerbum</strong></span> <span class='ocrx_word' id='word_1_361' title='bbox 879 3553 1148 3618; x_wconf 81' lang='lat' dir='ltr'><strong>quoddam</strong></span> <span class='ocrx_word' id='word_1_362' title='bbox 1194 3551 1449 3606; x_wconf 76' lang='lat' dir='ltr'><strong>adversus</strong></span> <span class='ocrx_word' id='word_1_363' title='bbox 1496 3547 1802 3606; x_wconf 76' lang='lat' dir='ltr'><strong>Dominum.</strong></span> <span class='ocrx_word' id='word_1_364' title='bbox 1848 3554 1899 3598; x_wconf 82' lang='lat' dir='ltr'><strong>et</strong></span> <span class='ocrx_word' id='word_1_365' title='bbox 1929 3559 2045 3598; x_wconf 88' lang='lat' dir='ltr'><strong>mo-</strong></span> 
     </span>
    </p>
   </div>
   <div class='ocr_carea' id='block_1_53' title="bbox 525 3547 2045 3627">
    <p class='ocr_par' dir='ltr' id='par_1_53' title="bbox 525 3547 2045 3627">
     <span class='ocr_line' id='line_1_54' title="bbox 525 3547 2045 3627; baseline -0.013 -10"><span class='ocrx_word' id='word_1_366' title='bbox 525 3563 573 3616; x_wconf 71' lang='lat' dir='ltr'><strong>i:</strong></span> <span class='ocrx_word' id='word_1_367' title='bbox 618 3558 833 3615; x_wconf 79' lang='lat' dir='ltr'><strong>rerbum</strong></span> <span class='ocrx_word' id='word_1_368' title='bbox 879 3553 1148 3627; x_wconf 81' lang='lat' dir='ltr'><strong>quoddam</strong></span> <span class='ocrx_word' id='word_1_369' title='bbox 1194 3551 1449 3606; x_wconf 76' lang='lat' dir='ltr'><strong>adversus</strong></span> <span class='ocrx_word' id='word_1_370' title='bbox 1496 3547 1802 3606; x_wconf 76' lang='lat' dir='ltr'><strong>Dominum.</strong></span> <span class='ocrx_word' id='word_1_371' title='bbox 1848 3554 1899 3598; x_wconf 82' lang='lat' dir='ltr'><strong>et</strong></span> <span class='ocrx_word' id='word_1_372' title='bbox 1929 3559 2045 3598; x_wconf 88' lang='lat' dir='ltr'><strong>mo-</strong></span> 
     </span>
    </p>
   </div>
   <div class='ocr_carea' id='block_1_54' title="bbox 470 3633 2049 3721">
    <p class='ocr_par' dir='ltr' id='par_1_54' title="bbox 470 3633 2049 3721">
     <span class='ocr_line' id='line_1_55' title="bbox 470 3633 2049 3721; baseline -0.014 -10"><span class='ocrx_word' id='word_1_373' title='bbox 470 3650 609 3711; x_wconf 57' lang='grc' dir='ltr'>τετε.</span> <span class='ocrx_word' id='word_1_374' title='bbox 674 3648 935 3721; x_wconf 78' lang='lat' dir='ltr'><strong>Nunquid</strong></span> <span class='ocrx_word' id='word_1_375' title='bbox 984 3648 1084 3703; x_wconf 88' lang='lat' dir='ltr'><strong>tibi</strong></span> <span class='ocrx_word' id='word_1_376' title='bbox 1143 3660 1269 3700; x_wconf 87' lang='lat' dir='ltr'><strong>cum</strong></span> <span class='ocrx_word' id='word_1_377' title='bbox 1336 3640 1530 3695; x_wconf 87' lang='lat' dir='ltr'><strong>morbo</strong></span> <span class='ocrx_word' id='word_1_378' title='bbox 1584 3638 1888 3700; x_wconf 87' lang='lat' dir='ltr'><strong>laborares,</strong></span> <span class='ocrx_word' id='word_1_379' title='bbox 1940 3633 2049 3689; x_wconf 89' lang='lat' dir='ltr'><strong>tale</strong></span> 
     </span>
    </p>
   </div>
   <div class='ocr_carea' id='block_1_55' title="bbox 468 3727 2049 3821">
    <p class='ocr_par' dir='ltr' id='par_1_55' title="bbox 468 3727 2049 3821">
     <span class='ocr_line' id='line_1_56' title="bbox 468 3727 2049 3821; baseline -0.015 -18"><span class='ocrx_word' id='word_1_380' title='bbox 468 3745 756 3821; x_wconf 83' lang='lat' dir='ltr'><strong>quidpiam</strong></span> <span class='ocrx_word' id='word_1_381' title='bbox 799 3756 1041 3815; x_wconf 89' lang='lat' dir='ltr'><strong>unquam</strong></span> <span class='ocrx_word' id='word_1_382' title='bbox 1091 3738 1414 3809; x_wconf 86' lang='lat' dir='ltr'><strong>prolocutus</strong></span> <span class='ocrx_word' id='word_1_383' title='bbox 1456 3733 1580 3789; x_wconf 73' lang='lat' dir='ltr'><strong>est?</strong></span> <span class='ocrx_word' id='word_1_384' title='bbox 1636 3728 1832 3785; x_wconf 81' lang='lat' dir='ltr'><strong>Nonne</strong></span> <span class='ocrx_word' id='word_1_385' title='bbox 1865 3727 2049 3799; x_wconf 90' lang='lat' dir='ltr'><strong>potius</strong></span> 
     </span>
    </p>
   </div>
   <div class='ocr_carea' id='block_1_56' title="bbox 474 3825 2044 3914">
    <p class='ocr_par' dir='ltr' id='par_1_56' title="bbox 474 3825 2044 3914">
     <span class='ocr_line' id='line_1_57' title="bbox 474 3825 2044 3914; baseline -0.017 -14"><span class='ocrx_word' id='word_1_386' title='bbox 474 3847 578 3900; x_wconf 87' lang='lat' dir='ltr'><strong>hoc</strong></span> <span class='ocrx_word' id='word_1_387' title='bbox 606 3842 738 3914; x_wconf 82' lang='lat' dir='ltr'><strong>egit,</strong></span> <span class='ocrx_word' id='word_1_388' title='bbox 773 3838 853 3894; x_wconf 87' lang='lat' dir='ltr'><strong>uti</strong></span> <span class='ocrx_word' id='word_1_389' title='bbox 900 3834 1166 3908; x_wconf 89' lang='lat' dir='ltr'><strong>precibus</strong></span> <span class='ocrx_word' id='word_1_390' title='bbox 1208 3832 1426 3903; x_wconf 89' lang='lat' dir='ltr'><strong>piisque</strong></span> <span class='ocrx_word' id='word_1_391' title='bbox 1476 3825 1866 3899; x_wconf 82' lang='lat' dir='ltr'><strong>largitionibus</strong></span> <span class='ocrx_word' id='word_1_392' title='bbox 1899 3836 2044 3877; x_wconf 80' lang='lat' dir='ltr'><strong>mor-</strong></span> 
     </span>
    </p>
   </div>
   <div class='ocr_carea' id='block_1_57' title="bbox 471 3915 2047 3997">
    <p class='ocr_par' dir='ltr' id='par_1_57' title="bbox 471 3915 2047 3997">
     <span class='ocr_line' id='line_1_58' title="bbox 471 3915 2047 3997; baseline -0.018 -1"><span class='ocrx_word' id='word_1_393' title='bbox 471 3941 605 3996; x_wconf 76' lang='lat' dir='ltr'><strong>bum</strong></span> <span class='ocrx_word' id='word_1_394' title='bbox 644 3930 924 3989; x_wconf 83' lang='lat' dir='ltr'><strong>dilueret?</strong></span> <span class='ocrx_word' id='word_1_395' title='bbox 962 3927 1234 3985; x_wconf 83' lang='lat' dir='ltr'><strong>Nimirum</strong></span> <span class='ocrx_word' id='word_1_396' title='bbox 1278 3926 1382 3997; x_wconf 91' lang='lat' dir='ltr'><strong>ipsi</strong></span> <span class='ocrx_word' id='word_1_397' title='bbox 1425 3937 1533 3977; x_wconf 91' lang='lat' dir='ltr'><strong>non</strong></span> <span class='ocrx_word' id='word_1_398' title='bbox 1589 3917 1894 3976; x_wconf 78' lang='lat' dir='ltr'><strong>sumeiebat</strong></span> <span class='ocrx_word' id='word_1_399' title='bbox 1940 3915 2047 3968; x_wconf 86' lang='lat' dir='ltr'><strong>im-</strong></span> 
     </span>
    </p>
   </div>
   <div class='ocr_carea' id='block_1_58' title="bbox 473 4011 2045 4096">
    <p class='ocr_par' dir='ltr' id='par_1_58' title="bbox 473 4011 2045 4096">
     <span class='ocr_line' id='line_1_59' title="bbox 473 4011 2045 4096; baseline -0.018 -8"><span class='ocrx_word' id='word_1_400' title='bbox 473 4032 642 4088; x_wconf 81' lang='lat' dir='ltr'><strong>missa</strong></span> <span class='ocrx_word' id='word_1_401' title='bbox 672 4027 740 4083; x_wconf 86' lang='lat' dir='ltr'><strong>ad</strong></span> <span class='ocrx_word' id='word_1_402' title='bbox 764 4022 997 4096; x_wconf 77' lang='lat' dir='ltr'><strong>aliquod</strong></span> <span class='ocrx_word' id='word_1_403' title='bbox 1044 4030 1261 4092; x_wconf 87' lang='lat' dir='ltr'><strong>tempus</strong></span> <span class='ocrx_word' id='word_1_404' title='bbox 1306 4024 1625 4088; x_wconf 83' lang='lat' dir='ltr'><strong>paupertas,</strong></span> <span class='ocrx_word' id='word_1_405' title='bbox 1673 4011 1779 4065; x_wconf 81' lang='lat' dir='ltr'><strong>nisi</strong></span> <span class='ocrx_word' id='word_1_406' title='bbox 1816 4019 1876 4063; x_wconf 89' lang='lat' dir='ltr'><strong>tu</strong></span> <span class='ocrx_word' id='word_1_407' title='bbox 1910 4022 2045 4078; x_wconf 85' lang='lat' dir='ltr'><strong>quo-</strong></span> 
     </span>
    </p>
   </div>
   <div class='ocr_carea' id='block_1_59' title="bbox 472 4103 2048 4199">
    <p class='ocr_par' dir='ltr' id='par_1_59' title="bbox 472 4103 2048 4199">
     <span class='ocr_line' id='line_1_60' title="bbox 472 4103 2048 4199; baseline -0.015 -19"><span class='ocrx_word' id='word_1_408' title='bbox 472 4142 582 4199; x_wconf 86' lang='lat' dir='ltr'><strong>que</strong></span> <span class='ocrx_word' id='word_1_409' title='bbox 624 4121 1024 4193; x_wconf 80' lang='lat' dir='ltr'><strong>sempiternum</strong></span> <span class='ocrx_word' id='word_1_410' title='bbox 1064 4116 1118 4173; x_wconf 89' lang='lat' dir='ltr'><strong>ei</strong></span> <span class='ocrx_word' id='word_1_411' title='bbox 1170 4114 1479 4171; x_wconf 81' lang='lat' dir='ltr'><strong>cruciatum</strong></span> <span class='ocrx_word' id='word_1_412' title='bbox 1521 4125 1617 4179; x_wconf 86' lang='lat' dir='ltr'><strong>per</strong></span> <span class='ocrx_word' id='word_1_413' title='bbox 1652 4103 2048 4175; x_wconf 79' lang='lat' dir='ltr'><strong>blasphemiam</strong></span> 
     </span>
    </p>
   </div>
   <div class='ocr_carea' id='block_1_60' title="bbox 474 4199 2047 4277">
    <p class='ocr_par' dir='ltr' id='par_1_60' title="bbox 474 4199 2047 4277">
     <span class='ocr_line' id='line_1_61' title="bbox 474 4199 2047 4277; baseline -0.018 0"><span class='ocrx_word' id='word_1_414' title='bbox 474 4232 809 4277; x_wconf 83' lang='lat' dir='ltr'><strong>arcesseres.</strong></span> <span class='ocrx_word' id='word_1_415' title='bbox 866 4214 949 4269; x_wconf 84' lang='lat' dir='ltr'><strong>An</strong></span> <span class='ocrx_word' id='word_1_416' title='bbox 989 4210 1176 4267; x_wconf 89' lang='lat' dir='ltr'><strong>nescis</strong></span> <span class='ocrx_word' id='word_1_417' title='bbox 1222 4221 1385 4263; x_wconf 76' lang='lat' dir='ltr'><strong>ontnc</strong></span> <span class='ocrx_word' id='word_1_418' title='bbox 1432 4211 1718 4275; x_wconf 88' lang='lat' dir='ltr'><strong>peccatum</strong></span> <span class='ocrx_word' id='word_1_419' title='bbox 1751 4199 2047 4255; x_wconf 87' lang='lat' dir='ltr'><strong>remissum</strong></span> 
     </span>
    </p>
   </div>
   <div class='ocr_carea' id='block_1_61' title="bbox 475 4475 2048 4565">
    <p class='ocr_par' dir='ltr' id='par_1_61' title="bbox 475 4475 2048 4565">
     <span class='ocr_line' id='line_1_62' title="bbox 475 4475 2048 4565; baseline -0.02 -7"><span class='ocrx_word' id='word_1_420' title='bbox 475 4503 627 4565; x_wconf 89' lang='lat' dir='ltr'><strong>culo,</strong></span> <span class='ocrx_word' id='word_1_421' title='bbox 659 4511 762 4553; x_wconf 91' lang='lat' dir='ltr'><strong>nec</strong></span> <span class='ocrx_word' id='word_1_422' title='bbox 820 4494 875 4549; x_wconf 91' lang='lat' dir='ltr'><strong>in</strong></span> <span class='ocrx_word' id='word_1_423' title='bbox 910 4489 1137 4547; x_wconf 74' lang='lat' dir='ltr'><strong>futuro?</strong></span> <span class='ocrx_word' id='word_1_424' title='bbox 1166 4487 1262 4545; x_wconf 78' lang='lat' dir='ltr'><strong>Vis</strong></span> <span class='ocrx_word' id='word_1_425' title='bbox 1319 4485 1479 4539; x_wconf 87' lang='lat' dir='ltr'><strong>aliam</strong></span> <span class='ocrx_word' id='word_1_426' title='bbox 1532 4492 1752 4551; x_wconf 85' lang='lat' dir='ltr'><strong>quoque</strong></span> <span class='ocrx_word' id='word_1_427' title='bbox 1794 4475 1923 4530; x_wconf 87' lang='lat' dir='ltr'><strong>huic</strong></span> <span class='ocrx_word' id='word_1_428' title='bbox 1955 4488 2048 4545; x_wconf 86' lang='lat' dir='ltr'><strong>pa-</strong></span> 
     </span>
    </p>
   </div>
   <div class='ocr_carea' id='block_1_62' title="bbox 476 4566 2126 4659">
    <p class='ocr_par' dir='ltr' id='par_1_62' title="bbox 476 4566 2126 4659">
     <span class='ocr_line' id='line_1_63' title="bbox 476 4566 2126 4659; baseline -0.018 -11"><span class='ocrx_word' id='word_1_429' title='bbox 476 4609 591 4649; x_wconf 87' lang='lat' dir='ltr'><strong>rem</strong></span> <span class='ocrx_word' id='word_1_430' title='bbox 626 4588 1041 4659; x_wconf 87' lang='lat' dir='ltr'><strong>improbitatem</strong></span> <span class='ocrx_word' id='word_1_431' title='bbox 1072 4578 1297 4636; x_wconf 76' lang='lat' dir='ltr'><strong>videre?</strong></span> <span class='ocrx_word' id='word_1_432' title='bbox 1327 4576 1475 4639; x_wconf 84' lang='lat' dir='ltr'><strong>vide,</strong></span> <span class='ocrx_word' id='word_1_433' title='bbox 1518 4586 1725 4644; x_wconf 67' lang='lat' dir='ltr'><strong>quaeso,</strong></span> <span class='ocrx_word' id='word_1_434' title='bbox 1774 4566 2047 4623; x_wconf 80' lang='lat' dir='ltr'><strong>balidam.</strong></span> <span class='ocrx_word' id='word_1_435' title='bbox 2085 4595 2126 4651; x_wconf 72' lang='grc' dir='ltr'>ο</span> 
     </span>
    </p>
   </div>
   <div class='ocr_carea' id='block_1_63' title="bbox 466 4660 2051 4753">
    <p class='ocr_par' dir='ltr' id='par_1_63' title="bbox 466 4660 2051 4753">
     <span class='ocr_line' id='line_1_64' title="bbox 466 4660 2051 4753; baseline -0.018 -10"><span class='ocrx_word' id='word_1_436' title='bbox 466 4688 570 4743; x_wconf 69' lang='lat' dir='ltr'><strong>Illa</strong></span> <span class='ocrx_word' id='word_1_437' title='bbox 603 4680 877 4753; x_wconf 87' lang='lat' dir='ltr'><strong>siquidem</strong></span> <span class='ocrx_word' id='word_1_438' title='bbox 933 4676 1222 4732; x_wconf 89' lang='lat' dir='ltr'><strong>detonsum</strong></span> <span class='ocrx_word' id='word_1_439' title='bbox 1274 4670 1596 4753; x_wconf 83' lang='lat' dir='ltr'><strong>Samsonetn</strong></span> <span class='ocrx_word' id='word_1_440' title='bbox 1640 4661 1917 4735; x_wconf 88' lang='lat' dir='ltr'><strong>all0philis</strong></span> <span class='ocrx_word' id='word_1_441' title='bbox 1941 4660 2051 4716; x_wconf 85' lang='lat' dir='ltr'><strong>de-</strong></span> 
     </span>
    </p>
   </div>
   <div class='ocr_carea' id='block_1_64' title="bbox 474 4751 2049 4844">
    <p class='ocr_par' dir='ltr' id='par_1_64' title="bbox 474 4751 2049 4844">
     <span class='ocr_line' id='line_1_65' title="bbox 474 4751 2049 4844; baseline -0.018 -9"><span class='ocrx_word' id='word_1_442' title='bbox 474 4751 921 4844; x_wconf 22' lang='lat' dir='ltr'><strong>didit-(virum,</strong></span> <span class='ocrx_word' id='word_1_443' title='bbox 974 4768 1227 4839; x_wconf 88' lang='lat' dir='ltr'><strong>inquam,</strong></span> <span class='ocrx_word' id='word_1_444' title='bbox 1273 4751 1461 4826; x_wconf 75' lang='lat' dir='ltr'><strong>suum,</strong></span> <span class='ocrx_word' id='word_1_445' title='bbox 1510 4759 1801 4830; x_wconf 72' lang='lat' dir='ltr'><strong>coniugem</strong></span> <span class='ocrx_word' id='word_1_446' title='bbox 1850 4768 2049 4819; x_wconf 87' lang='lat' dir='ltr'><strong>suum,</strong></span> 
     </span>
    </p>
   </div>
   <div class='ocr_carea' id='block_1_65' title="bbox 474 4846 2053 4947">
    <p class='ocr_par' dir='ltr' id='par_1_65' title="bbox 474 4846 2053 4947">
     <span class='ocr_line' id='line_1_66' title="bbox 474 4846 2053 4947; baseline -0.018 -16"><span class='ocrx_word' id='word_1_447' title='bbox 474 4890 640 4947; x_wconf 85' lang='lat' dir='ltr'><strong>quem</strong></span> <span class='ocrx_word' id='word_1_448' title='bbox 686 4869 928 4931; x_wconf 78' lang='lat' dir='ltr'><strong>fovebat,</strong></span> <span class='ocrx_word' id='word_1_449' title='bbox 982 4878 1146 4935; x_wconf 88' lang='lat' dir='ltr'><strong>quem</strong></span> <span class='ocrx_word' id='word_1_450' title='bbox 1195 4858 1495 4921; x_wconf 87' lang='lat' dir='ltr'><strong>mulcebat,</strong></span> <span class='ocrx_word' id='word_1_451' title='bbox 1548 4868 1710 4928; x_wconf 87' lang='lat' dir='ltr'><strong>quem</strong></span> <span class='ocrx_word' id='word_1_452' title='bbox 1768 4846 2053 4906; x_wconf 87' lang='lat' dir='ltr'><strong>blanditiis</strong></span> 
     </span>
    </p>
   </div>
   <div class='ocr_carea' id='block_1_66' title="bbox 474 4939 2049 5030">
    <p class='ocr_par' dir='ltr' id='par_1_66' title="bbox 474 4939 2049 5030">
     <span class='ocr_line' id='line_1_67' title="bbox 474 4939 2049 5030; baseline -0.021 -5"><span class='ocrx_word' id='word_1_453' title='bbox 474 4939 799 5025; x_wconf 51' lang='lat' dir='ltr'><strong>deﬁniebat.</strong></span> <span class='ocrx_word' id='word_1_454' title='bbox 852 4973 1015 5030; x_wconf 84' lang='lat' dir='ltr'><strong>quem</strong></span> <span class='ocrx_word' id='word_1_455' title='bbox 1067 4968 1235 5025; x_wconf 89' lang='lat' dir='ltr'><strong>supra</strong></span> <span class='ocrx_word' id='word_1_456' title='bbox 1278 4952 1519 5021; x_wconf 84' lang='lat' dir='ltr'><strong>seipsant</strong></span> <span class='ocrx_word' id='word_1_457' title='bbox 1552 4960 1740 5000; x_wconf 85' lang='lat' dir='ltr'><strong>amare</strong></span> <span class='ocrx_word' id='word_1_458' title='bbox 1781 4959 1841 4998; x_wconf 90' lang='lat' dir='ltr'><strong>se</strong></span> <span class='ocrx_word' id='word_1_459' title='bbox 1877 4939 2049 5011; x_wconf 76' lang='lat' dir='ltr'><strong>linge-</strong></span> 
     </span>
    </p>
   </div>
   <div class='ocr_carea' id='block_1_67' title="bbox 475 5034 2048 5129">
    <p class='ocr_par' dir='ltr' id='par_1_67' title="bbox 475 5034 2048 5129">
     <span class='ocr_line' id='line_1_68' title="bbox 475 5034 2048 5129; baseline -0.02 -12"><span class='ocrx_word' id='word_1_460' title='bbox 475 5063 571 5119; x_wconf 85' lang='lat' dir='ltr'><strong>bat</strong></span> <span class='ocrx_word' id='word_1_461' title='bbox 605 5076 621 5114; x_wconf 86' lang='lat'><strong>:</strong></span> <span class='ocrx_word' id='word_1_462' title='bbox 650 5071 813 5129; x_wconf 87' lang='lat' dir='ltr'><strong>quem</strong></span> <span class='ocrx_word' id='word_1_463' title='bbox 849 5052 967 5107; x_wconf 88' lang='lat' dir='ltr'><strong>heri</strong></span> <span class='ocrx_word' id='word_1_464' title='bbox 995 5049 1215 5120; x_wconf 86' lang='lat' dir='ltr'><strong>quidem</strong></span> <span class='ocrx_word' id='word_1_465' title='bbox 1275 5044 1519 5106; x_wconf 86' lang='lat' dir='ltr'><strong>amabat,</strong></span> <span class='ocrx_word' id='word_1_466' title='bbox 1579 5038 1803 5094; x_wconf 75' lang='lat' dir='ltr'><strong>fallebat</strong></span> <span class='ocrx_word' id='word_1_467' title='bbox 1835 5034 2048 5129; x_wconf 75' lang='lat' dir='ltr'><strong>hodie:</strong></span> 
     </span>
    </p>
   </div>
   <div class='ocr_carea' id='block_1_68' title="bbox 476 5124 2051 5226">
    <p class='ocr_par' dir='ltr' id='par_1_68' title="bbox 476 5124 2051 5226">
     <span class='ocr_line' id='line_1_69' title="bbox 476 5124 2051 5226; baseline -0.02 -17"><span class='ocrx_word' id='word_1_468' title='bbox 476 5167 641 5226; x_wconf 89' lang='lat' dir='ltr'><strong>quem</strong></span> <span class='ocrx_word' id='word_1_469' title='bbox 668 5124 813 5203; x_wconf 66' lang='grc' dir='ltr'><strong>⁷ιιι-τί</strong></span> <span class='ocrx_word' id='word_1_470' title='bbox 862 5144 1041 5199; x_wconf 82' lang='lat' dir='ltr'><strong>amico</strong></span> <span class='ocrx_word' id='word_1_471' title='bbox 1100 5137 1284 5193; x_wconf 82' lang='lat' dir='ltr'><strong>animo</strong></span> <span class='ocrx_word' id='word_1_472' title='bbox 1336 5131 1831 5201; x_wconf 79' lang='lat' dir='ltr'><strong>complectebatur,</strong></span> <span class='ocrx_word' id='word_1_473' title='bbox 1885 5124 2051 5179; x_wconf 85' lang='lat' dir='ltr'><strong>hodie</strong></span> 
     </span>
    </p>
   </div>
   <div class='ocr_carea' id='block_1_69' title="bbox 464 5216 2054 5315">
    <p class='ocr_par' dir='ltr' id='par_1_69' title="bbox 464 5216 2054 5315">
     <span class='ocr_line' id='line_1_70' title="bbox 464 5216 2054 5315; baseline -0.018 -16"><span class='ocrx_word' id='word_1_474' title='bbox 464 5216 735 5315; x_wconf 62' lang='lat' dir='ltr'><strong>sepulcro</strong></span> <span class='ocrx_word' id='word_1_475' title='bbox 763 5237 949 5293; x_wconf 84' lang='lat' dir='ltr'><strong>tradit.</strong></span> <span class='ocrx_word' id='word_1_476' title='bbox 980 5234 1045 5289; x_wconf 84' lang='lat' dir='ltr'><strong>At</strong></span> <span class='ocrx_word' id='word_1_477' title='bbox 1077 5232 1223 5288; x_wconf 74' lang='lat' dir='ltr'><strong>forte</strong></span> <span class='ocrx_word' id='word_1_478' title='bbox 1253 5237 1475 5298; x_wconf 83' lang='lat' dir='ltr'><strong>aspectu</strong></span> <span class='ocrx_word' id='word_1_479' title='bbox 1500 5225 1735 5281; x_wconf 85' lang='lat' dir='ltr'><strong>decorus</strong></span> <span class='ocrx_word' id='word_1_480' title='bbox 1767 5236 1876 5276; x_wconf 86' lang='lat' dir='ltr'><strong>non</strong></span> <span class='ocrx_word' id='word_1_481' title='bbox 1902 5216 2054 5274; x_wconf 79' lang='lat' dir='ltr'><strong>erat?</strong></span> 
     </span>
    </p>
   </div>
   <div class='ocr_carea' id='block_1_70' title="bbox 481 5309 2055 5408">
    <p class='ocr_par' dir='ltr' id='par_1_70' title="bbox 481 5309 2055 5408">
     <span class='ocr_line' id='line_1_71' title="bbox 481 5309 2055 5408; baseline -0.019 -13"><span class='ocrx_word' id='word_1_482' title='bbox 481 5309 683 5408; x_wconf 79' lang='lat' dir='ltr'><strong>Ecquis</strong></span> <span class='ocrx_word' id='word_1_483' title='bbox 735 5348 869 5387; x_wconf 78' lang='lat' dir='ltr'><strong>vero</strong></span> <span class='ocrx_word' id='word_1_484' title='bbox 925 5328 1078 5382; x_wconf 88' lang='lat' dir='ltr'><strong>illum</strong></span> <span class='ocrx_word' id='word_1_485' title='bbox 1133 5320 1545 5395; x_wconf 87' lang='lat' dir='ltr'><strong>pulchritudine</strong></span> <span class='ocrx_word' id='word_1_486' title='bbox 1602 5325 1735 5371; x_wconf 89' lang='lat' dir='ltr'><strong>tunc</strong></span> <span class='ocrx_word' id='word_1_487' title='bbox 1794 5309 2055 5382; x_wconf 86' lang='lat' dir='ltr'><strong>temporis</strong></span> 
     </span>
    </p>
   </div>
   <div class='ocr_carea' id='block_1_71' title="bbox 481 5407 2053 5494">
    <p class='ocr_par' dir='ltr' id='par_1_71' title="bbox 481 5407 2053 5494">
     <span class='ocr_line' id='line_1_72' title="bbox 481 5407 2053 5494; baseline -0.019 -6"><span class='ocrx_word' id='word_1_488' title='bbox 481 5407 867 5487; x_wconf 74' lang='lat' dir='ltr'><strong>antecellebat,</strong></span> <span class='ocrx_word' id='word_1_489' title='bbox 900 5421 995 5494; x_wconf 89' lang='lat' dir='ltr'><strong>qui</strong></span> <span class='ocrx_word' id='word_1_490' title='bbox 1027 5426 1234 5490; x_wconf 85' lang='lat' dir='ltr'><strong>septem</strong></span> <span class='ocrx_word' id='word_1_491' title='bbox 1281 5415 1593 5477; x_wconf 89' lang='lat' dir='ltr'><strong>cincinnos,</strong></span> <span class='ocrx_word' id='word_1_492' title='bbox 1642 5408 1849 5481; x_wconf 88' lang='lat' dir='ltr'><strong>quibus</strong></span> <span class='ocrx_word' id='word_1_493' title='bbox 1882 5407 2053 5477; x_wconf 82' lang='lat' dir='ltr'><strong>septi-</strong></span> 
     </span>
    </p>
   </div>
   <div class='ocr_carea' id='block_1_72' title="bbox 480 5500 2054 5590">
    <p class='ocr_par' dir='ltr' id='par_1_72' title="bbox 480 5500 2054 5590">
     <span class='ocr_line' id='line_1_73' title="bbox 480 5500 2054 5590; baseline -0.017 -11"><span class='ocrx_word' id='word_1_494' title='bbox 480 5524 674 5579; x_wconf 75' lang='lat' dir='ltr'><strong>forinis</strong></span> <span class='ocrx_word' id='word_1_495' title='bbox 706 5518 881 5590; x_wconf 69' lang='lat' dir='ltr'><strong>gratia</strong></span> <span class='ocrx_word' id='word_1_496' title='bbox 912 5511 1371 5575; x_wconf 86' lang='lat' dir='ltr'><strong>adumbrabatur,</strong></span> <span class='ocrx_word' id='word_1_497' title='bbox 1418 5506 1601 5578; x_wconf 88' lang='lat' dir='ltr'><strong>capite</strong></span> <span class='ocrx_word' id='word_1_498' title='bbox 1627 5500 1910 5575; x_wconf 73' lang='lat' dir='ltr'><strong>gestaret?</strong></span> <span class='ocrx_word' id='word_1_499' title='bbox 1946 5502 2054 5553; x_wconf 74' lang='lat' dir='ltr'><strong>An-</strong></span> 
     </span>
    </p>
   </div>
   <div class='ocr_carea' id='block_1_73' title="bbox 483 5592 2057 5672">
    <p class='ocr_par' dir='ltr' id='par_1_73' title="bbox 483 5592 2057 5672">
     <span class='ocr_line' id='line_1_74' title="bbox 483 5592 2057 5672; baseline -0.015 -3"><span class='ocrx_word' id='word_1_500' title='bbox 483 5630 591 5670; x_wconf 66' lang='lat' dir='ltr'><strong>non</strong></span> <span class='ocrx_word' id='word_1_501' title='bbox 620 5611 777 5667; x_wconf 82' lang='lat' dir='ltr'><strong>l‘orlis</strong></span> <span class='ocrx_word' id='word_1_502' title='bbox 804 5618 858 5663; x_wconf 90' lang='lat' dir='ltr'><strong>ct</strong></span> <span class='ocrx_word' id='word_1_503' title='bbox 886 5618 1148 5663; x_wconf 88' lang='lat' dir='ltr'><strong>strenuus</strong></span> <span class='ocrx_word' id='word_1_504' title='bbox 1172 5613 1310 5668; x_wconf 88' lang='lat' dir='ltr'><strong>erat,</strong></span> <span class='ocrx_word' id='word_1_505' title='bbox 1345 5600 1441 5672; x_wconf 88' lang='lat' dir='ltr'><strong>qui</strong></span> <span class='ocrx_word' id='word_1_506' title='bbox 1497 5600 1736 5664; x_wconf 90' lang='lat' dir='ltr'><strong>leonem,</strong></span> <span class='ocrx_word' id='word_1_507' title='bbox 1780 5594 1911 5649; x_wconf 89' lang='lat' dir='ltr'><strong>dum</strong></span> <span class='ocrx_word' id='word_1_508' title='bbox 1953 5592 2057 5646; x_wconf 88' lang='lat' dir='ltr'><strong>iter</strong></span> 
     </span>
    </p>
   </div>
   <div class='ocr_carea' id='block_1_74' title="bbox 481 5686 2055 5780">
    <p class='ocr_par' dir='ltr' id='par_1_74' title="bbox 481 5686 2055 5780">
     <span class='ocr_line' id='line_1_75' title="bbox 481 5686 2055 5780; baseline -0.015 -15"><span class='ocrx_word' id='word_1_509' title='bbox 481 5703 689 5780; x_wconf 73' lang='lat' dir='ltr'><strong>ageret,</strong></span> <span class='ocrx_word' id='word_1_510' title='bbox 738 5706 893 5761; x_wconf 88' lang='lat' dir='ltr'><strong>solus</strong></span> <span class='ocrx_word' id='word_1_511' title='bbox 961 5704 1080 5771; x_wconf 81' lang='lat' dir='ltr'><strong>ipse</strong></span> <span class='ocrx_word' id='word_1_512' title='bbox 1143 5699 1571 5769; x_wconf 76' lang='lat' dir='ltr'><strong>strangulassct,</strong></span> <span class='ocrx_word' id='word_1_513' title='bbox 1626 5704 1682 5751; x_wconf 89' lang='lat' dir='ltr'><strong>ct</strong></span> <span class='ocrx_word' id='word_1_514' title='bbox 1733 5706 1844 5748; x_wconf 85' lang='lat' dir='ltr'><strong>una</strong></span> <span class='ocrx_word' id='word_1_515' title='bbox 1913 5686 2055 5747; x_wconf 87' lang='lat' dir='ltr'><strong>asini</strong></span> 
     </span>
    </p>
   </div>
   <div class='ocr_carea' id='block_1_75' title="bbox 484 5782 2057 5864">
    <p class='ocr_par' dir='ltr' id='par_1_75' title="bbox 484 5782 2057 5864">
     <span class='ocr_line' id='line_1_76' title="bbox 484 5782 2057 5864; baseline -0.014 -7"><span class='ocrx_word' id='word_1_516' title='bbox 484 5801 707 5857; x_wconf 74' lang='lat' dir='ltr'><strong>maxilla</strong></span> <span class='ocrx_word' id='word_1_517' title='bbox 759 5796 908 5851; x_wconf 89' lang='lat' dir='ltr'><strong>mille</strong></span> <span class='ocrx_word' id='word_1_518' title='bbox 963 5793 1273 5864; x_wconf 79' lang='lat' dir='ltr'><strong>allophylos</strong></span> <span class='ocrx_word' id='word_1_519' title='bbox 1324 5786 1769 5863; x_wconf 71' lang='lat' dir='ltr'><strong>prostravisset?</strong></span> <span class='ocrx_word' id='word_1_520' title='bbox 1820 5782 1970 5852; x_wconf 85' lang='lat' dir='ltr'><strong>Quin</strong></span> <span class='ocrx_word' id='word_1_521' title='bbox 2002 5788 2057 5837; x_wconf 89' lang='lat' dir='ltr'><strong>et</strong></span> 
     </span>
    </p>
   </div>
   <div class='ocr_carea' id='block_1_76' title="bbox 476 5879 2057 5952">
    <p class='ocr_par' dir='ltr' id='par_1_76' title="bbox 476 5879 2057 5952">
     <span class='ocr_line' id='line_1_77' title="bbox 476 5879 2057 5952; baseline -0.014 0"><span class='ocrx_word' id='word_1_522' title='bbox 476 5900 707 5952; x_wconf 74' lang='lat' dir='ltr'><strong>sanctus</strong></span> <span class='ocrx_word' id='word_1_523' title='bbox 755 5898 891 5947; x_wconf 77' lang='lat' dir='ltr'><strong>erat.</strong></span> <span class='ocrx_word' id='word_1_524' title='bbox 941 5887 1111 5942; x_wconf 84' lang='lat' dir='ltr'><strong>Tanta</strong></span> <span class='ocrx_word' id='word_1_525' title='bbox 1149 5888 1297 5943; x_wconf 89' lang='lat' dir='ltr'><strong>enim</strong></span> <span class='ocrx_word' id='word_1_526' title='bbox 1342 5884 1634 5942; x_wconf 85' lang='lat' dir='ltr'><strong>sanctitate</strong></span> <span class='ocrx_word' id='word_1_527' title='bbox 1684 5879 1947 5952; x_wconf 81' lang='lat' dir='ltr'><strong>pollebat,</strong></span> <span class='ocrx_word' id='word_1_528' title='bbox 1997 5883 2057 5931; x_wconf 89' lang='lat' dir='ltr'><strong>ut</strong></span> 
     </span>
    </p>
   </div>
   <div class='ocr_carea' id='block_1_77' title="bbox 2155 1975 3730 2048">
    <p class='ocr_par' dir='ltr' id='par_1_77' title="bbox 2155 1975 3730 2048">
     <span class='ocr_line' id='line_1_78' title="bbox 2155 1975 3730 2048; baseline 0.001 -18"><span class='ocrx_word' id='word_1_529' title='bbox 2155 1977 2288 2031; x_wconf 76' lang='grc' dir='ltr'>ἰδίου</span> <span class='ocrx_word' id='word_1_530' title='bbox 2315 1975 2508 2048; x_wconf 80' lang='grc' dir='ltr'>ἀνδρὸς</span> <span class='ocrx_word' id='word_1_531' title='bbox 2544 1976 2612 2030; x_wconf 65' lang='grc' dir='ltr'><strong>τὰ</strong></span> <span class='ocrx_word' id='word_1_532' title='bbox 2643 1975 2929 2046; x_wconf 85' lang='grc' dir='ltr'>σπλάγχνα</span> <span class='ocrx_word' id='word_1_533' title='bbox 2956 1976 3059 2030; x_wconf 80' lang='grc' dir='ltr'><strong>ὑπὸ</strong></span> <span class='ocrx_word' id='word_1_534' title='bbox 3087 1977 3196 2032; x_wconf 75' lang='grc' dir='ltr'><strong>τῶν</strong></span> <span class='ocrx_word' id='word_1_535' title='bbox 3230 1976 3572 2042; x_wconf 72' lang='grc' dir='ltr'>ἀναζεουσῶν</span> <span class='ocrx_word' id='word_1_536' title='bbox 3597 1978 3730 2047; x_wconf 79' lang='grc' dir='ltr'>φλυο</span> 
     </span>
    </p>
   </div>
   <div class='ocr_carea' id='block_1_78' title="bbox 2152 2067 3729 2141">
    <p class='ocr_par' dir='ltr' id='par_1_78' title="bbox 2152 2067 3729 2141">
     <span class='ocr_line' id='line_1_79' title="bbox 2152 2067 3729 2141; baseline 0 -16"><span class='ocrx_word' id='word_1_537' title='bbox 2152 2070 2373 2135; x_wconf 84' lang='grc' dir='ltr'>κτίδων,</span> <span class='ocrx_word' id='word_1_538' title='bbox 2407 2068 2597 2141; x_wconf 81' lang='grc' dir='ltr'>ὥσπερ</span> <span class='ocrx_word' id='word_1_539' title='bbox 2627 2068 2731 2122; x_wconf 74' lang='grc' dir='ltr'><strong>ὑπὸ</strong></span> <span class='ocrx_word' id='word_1_540' title='bbox 2757 2069 3049 2141; x_wconf 77' lang='grc' dir='ltr'><strong>ἀνθράκων</strong></span> <span class='ocrx_word' id='word_1_541' title='bbox 3086 2067 3530 2141; x_wconf 83' lang='grc' dir='ltr'>σπινθηροόὀλων</span> <span class='ocrx_word' id='word_1_542' title='bbox 3578 2070 3729 2125; x_wconf 83' lang='grc' dir='ltr'>καιό-</span> 
     </span>
    </p>
   </div>
   <div class='ocr_carea' id='block_1_79' title="bbox 2154 2160 3727 2234">
    <p class='ocr_par' dir='ltr' id='par_1_79' title="bbox 2154 2160 3727 2234">
     <span class='ocr_line' id='line_1_80' title="bbox 2154 2160 3727 2234; baseline 0.002 -19"><span class='ocrx_word' id='word_1_543' title='bbox 2154 2179 2314 2232; x_wconf 84' lang='grc' dir='ltr'>μενα,</span> <span class='ocrx_word' id='word_1_544' title='bbox 2338 2161 2430 2215; x_wconf 76' lang='grc' dir='ltr'>καὶ</span> <span class='ocrx_word' id='word_1_545' title='bbox 2453 2161 2581 2225; x_wconf 83' lang='grc' dir='ltr'>ὅλας</span> <span class='ocrx_word' id='word_1_546' title='bbox 2610 2162 2706 2225; x_wconf 81' lang='grc' dir='ltr'><strong>τάς</strong></span> <span class='ocrx_word' id='word_1_547' title='bbox 2732 2160 2943 2234; x_wconf 78' lang='grc' dir='ltr'>σάρκας</span> <span class='ocrx_word' id='word_1_548' title='bbox 2963 2162 3131 2216; x_wconf 83' lang='grc' dir='ltr'>αὑτοῦ</span> <span class='ocrx_word' id='word_1_549' title='bbox 3155 2164 3268 2226; x_wconf 84' lang='grc' dir='ltr'>τοῖς</span> <span class='ocrx_word' id='word_1_550' title='bbox 3290 2161 3529 2234; x_wconf 77' lang='grc' dir='ltr'>σκώληξι</span> <span class='ocrx_word' id='word_1_551' title='bbox 3548 2179 3727 2218; x_wconf 69' lang='grc' dir='ltr'>συνει-</span> 
     </span>
    </p>
   </div>
   <div class='ocr_carea' id='block_1_80' title="bbox 2150 2248 3727 2326">
    <p class='ocr_par' dir='ltr' id='par_1_80' title="bbox 2150 2248 3727 2326">
     <span class='ocr_line' id='line_1_81' title="bbox 2150 2248 3727 2326; baseline 0.003 -23"><span class='ocrx_word' id='word_1_552' title='bbox 2150 2250 2457 2323; x_wconf 81' lang='grc' dir='ltr'>λημμένας.</span> <span class='ocrx_word' id='word_1_553' title='bbox 2486 2251 2561 2305; x_wconf 82' lang='grc' dir='ltr'><strong>Οὐ</strong></span> <span class='ocrx_word' id='word_1_554' title='bbox 2597 2252 2962 2326; x_wconf 84' lang='grc' dir='ltr'>κατεκάμφθη</span> <span class='ocrx_word' id='word_1_555' title='bbox 2990 2252 3125 2325; x_wconf 79' lang='grc' dir='ltr'>πρὸς</span> <span class='ocrx_word' id='word_1_556' title='bbox 3152 2248 3337 2309; x_wconf 80' lang='grc' dir='ltr'>οῐκτον</span> <span class='ocrx_word' id='word_1_557' title='bbox 3361 2294 3377 2319; x_wconf 97' lang='grc'><strong>,</strong></span> <span class='ocrx_word' id='word_1_558' title='bbox 3412 2253 3592 2309; x_wconf 86' lang='grc' dir='ltr'>ίδοῦσα</span> <span class='ocrx_word' id='word_1_559' title='bbox 3624 2255 3727 2308; x_wconf 77' lang='grc' dir='ltr'><strong>αὖ·-</strong></span> 
     </span>
    </p>
   </div>
   <div class='ocr_carea' id='block_1_81' title="bbox 2150 2341 3727 2415">
    <p class='ocr_par' dir='ltr' id='par_1_81' title="bbox 2150 2341 3727 2415">
     <span class='ocr_line' id='line_1_82' title="bbox 2150 2341 3727 2415; baseline 0.001 -18"><span class='ocrx_word' id='word_1_560' title='bbox 2150 2342 2264 2407; x_wconf 80' lang='grc' dir='ltr'>τδν,</span> <span class='ocrx_word' id='word_1_561' title='bbox 2305 2342 2427 2397; x_wconf 85' lang='grc' dir='ltr'>ὅλον</span> <span class='ocrx_word' id='word_1_562' title='bbox 2464 2341 2534 2398; x_wconf 84' lang='grc' dir='ltr'>δι’</span> <span class='ocrx_word' id='word_1_563' title='bbox 2580 2343 2706 2397; x_wconf 83' lang='grc' dir='ltr'>ὅλου</span> <span class='ocrx_word' id='word_1_564' title='bbox 2739 2341 3088 2414; x_wconf 70' lang='grc' dir='ltr'>ἑλισσόμενον</span> <span class='ocrx_word' id='word_1_565' title='bbox 3126 2344 3221 2398; x_wconf 76' lang='grc' dir='ltr'>καὶ</span> <span class='ocrx_word' id='word_1_566' title='bbox 3271 2343 3585 2415; x_wconf 75' lang='grc' dir='ltr'>κάμνοντα,</span> <span class='ocrx_word' id='word_1_567' title='bbox 3630 2345 3727 2401; x_wconf 78' lang='grc' dir='ltr'><strong>καὶ</strong></span> 
     </span>
    </p>
   </div>
   <div class='ocr_carea' id='block_1_82' title="bbox 2150 2435 3728 2510">
    <p class='ocr_par' dir='ltr' id='par_1_82' title="bbox 2150 2435 3728 2510">
     <span class='ocr_line' id='line_1_83' title="bbox 2150 2435 3728 2510; baseline -0.001 -18"><span class='ocrx_word' id='word_1_568' title='bbox 2150 2437 2498 2508; x_wconf 73' lang='grc' dir='ltr'>ἀγωνιιῖιντα,</span> <span class='ocrx_word' id='word_1_569' title='bbox 2541 2436 2634 2491; x_wconf 74' lang='grc' dir='ltr'><strong>καὶ</strong></span> <span class='ocrx_word' id='word_1_570' title='bbox 2667 2436 2865 2508; x_wconf 78' lang='grc' dir='ltr'>συνεχῆ</span> <span class='ocrx_word' id='word_1_571' title='bbox 2917 2435 3176 2508; x_wconf 74' lang='grc' dir='ltr'>ἄσθματα</span> <span class='ocrx_word' id='word_1_572' title='bbox 3213 2437 3279 2491; x_wconf 76' lang='grc' dir='ltr'>ἐκ</span> <span class='ocrx_word' id='word_1_573' title='bbox 3322 2436 3560 2507; x_wconf 82' lang='grc' dir='ltr'>λαγόνων</span> <span class='ocrx_word' id='word_1_574' title='bbox 3592 2436 3728 2510; x_wconf 85' lang='grc' dir='ltr'><strong>μετά</strong></span> 
     </span>
    </p>
   </div>
   <div class='ocr_carea' id='block_1_83' title="bbox 2150 2530 3726 2605">
    <p class='ocr_par' dir='ltr' id='par_1_83' title="bbox 2150 2530 3726 2605">
     <span class='ocr_line' id='line_1_84' title="bbox 2150 2530 3726 2605; baseline -0.003 -18"><span class='ocrx_word' id='word_1_575' title='bbox 2150 2533 2316 2587; x_wconf 82' lang='grc' dir='ltr'>πόνου</span> <span class='ocrx_word' id='word_1_576' title='bbox 2360 2532 2614 2604; x_wconf 81' lang='grc' dir='ltr'>κεχηνότι</span> <span class='ocrx_word' id='word_1_577' title='bbox 2644 2531 2722 2603; x_wconf 82' lang='grc' dir='ltr'>τῷ</span> <span class='ocrx_word' id='word_1_578' title='bbox 2756 2532 2987 2603; x_wconf 84' lang='grc' dir='ltr'>στόματι</span> <span class='ocrx_word' id='word_1_579' title='bbox 3016 2530 3270 2602; x_wconf 83' lang='grc' dir='ltr'>φέροντα.</span> <span class='ocrx_word' id='word_1_580' title='bbox 3302 2532 3417 2587; x_wconf 83' lang='grc' dir='ltr'>Οὐκ</span> <span class='ocrx_word' id='word_1_581' title='bbox 3444 2532 3726 2605; x_wconf 72' lang='grc' dir='ltr'>ἔμειλίχθη</span> 
     </span>
    </p>
   </div>
   <div class='ocr_carea' id='block_1_84' title="bbox 2152 2624 3726 2698">
    <p class='ocr_par' dir='ltr' id='par_1_84' title="bbox 2152 2624 3726 2698">
     <span class='ocr_line' id='line_1_85' title="bbox 2152 2624 3726 2698; baseline -0.001 -18"><span class='ocrx_word' id='word_1_582' title='bbox 2152 2627 2289 2698; x_wconf 84' lang='grc' dir='ltr'>πρὸς</span> <span class='ocrx_word' id='word_1_583' title='bbox 2334 2624 2764 2697; x_wconf 80' lang='grc' dir='ltr'>εὐσπλαγχνίαν,</span> <span class='ocrx_word' id='word_1_584' title='bbox 2821 2624 3010 2696; x_wconf 80' lang='grc' dir='ltr'>δρῶσα</span> <span class='ocrx_word' id='word_1_585' title='bbox 3073 2624 3163 2679; x_wconf 86' lang='grc' dir='ltr'><strong>τόν</strong></span> <span class='ocrx_word' id='word_1_586' title='bbox 3199 2641 3327 2679; x_wconf 81' lang='grc' dir='ltr'>ποτε</span> <span class='ocrx_word' id='word_1_587' title='bbox 3366 2625 3425 2679; x_wconf 78' lang='grc' dir='ltr'>ὲν</span> <span class='ocrx_word' id='word_1_588' title='bbox 3474 2624 3726 2698; x_wconf 72' lang='grc' dir='ltr'>βασιλικῇ</span> 
     </span>
    </p>
   </div>
   <div class='ocr_carea' id='block_1_85' title="bbox 2151 2716 3729 2791">
    <p class='ocr_par' dir='ltr' id='par_1_85' title="bbox 2151 2716 3729 2791">
     <span class='ocr_line' id='line_1_86' title="bbox 2151 2716 3729 2791; baseline 0 -19"><span class='ocrx_word' id='word_1_589' title='bbox 2151 2718 2467 2791; x_wconf 77' lang='grc' dir='ltr'>πορφυρίδι,</span> <span class='ocrx_word' id='word_1_590' title='bbox 2496 2717 2616 2772; x_wconf 86' lang='grc' dir='ltr'>τότε</span> <span class='ocrx_word' id='word_1_591' title='bbox 2648 2718 2742 2772; x_wconf 74' lang='grc' dir='ltr'><strong>ἐπὶ</strong></span> <span class='ocrx_word' id='word_1_592' title='bbox 2775 2716 3012 2789; x_wconf 82' lang='grc' dir='ltr'>κοπρίας</span> <span class='ocrx_word' id='word_1_593' title='bbox 3064 2716 3340 2790; x_wconf 85' lang='grc' dir='ltr'>κείμενον,</span> <span class='ocrx_word' id='word_1_594' title='bbox 3371 2718 3729 2789; x_wconf 83' lang='grc' dir='ltr'>γεγυμνωμέ-</span> 
     </span>
    </p>
   </div>
   <div class='ocr_carea' id='block_1_86' title="bbox 2151 2810 3729 2884">
    <p class='ocr_par' dir='ltr' id='par_1_86' title="bbox 2151 2810 3729 2884">
     <span class='ocr_line' id='line_1_87' title="bbox 2151 2810 3729 2884; baseline -0.001 -16"><span class='ocrx_word' id='word_1_595' title='bbox 2151 2830 2239 2868; x_wconf 91' lang='grc' dir='ltr'><strong>νον</strong></span> <span class='ocrx_word' id='word_1_596' title='bbox 2268 2812 2345 2884; x_wconf 85' lang='grc' dir='ltr'><strong>τῷ</strong></span> <span class='ocrx_word' id='word_1_597' title='bbox 2375 2810 2611 2883; x_wconf 83' lang='grc' dir='ltr'>σώματι.</span> <span class='ocrx_word' id='word_1_598' title='bbox 2645 2810 2756 2866; x_wconf 78' lang='grc' dir='ltr'><strong>Καὶ</strong></span> <span class='ocrx_word' id='word_1_599' title='bbox 2782 2812 2885 2866; x_wconf 81' lang='grc' dir='ltr'>οὐκ</span> <span class='ocrx_word' id='word_1_600' title='bbox 2922 2810 3303 2884; x_wconf 71' lang='grc' dir='ltr'>ἐμνημόνευσε</span> <span class='ocrx_word' id='word_1_601' title='bbox 3333 2812 3433 2883; x_wconf 80' lang='grc' dir='ltr'>τῆς</span> <span class='ocrx_word' id='word_1_602' title='bbox 3462 2812 3595 2883; x_wconf 78' lang='grc' dir='ltr'>πρὸς</span> <span class='ocrx_word' id='word_1_603' title='bbox 3628 2814 3729 2866; x_wconf 80' lang='grc' dir='ltr'><strong>αὗ-</strong></span> 
     </span>
    </p>
   </div>
   <div class='ocr_carea' id='block_1_87' title="bbox 2150 2894 3734 2977">
    <p class='ocr_par' dir='ltr' id='par_1_87' title="bbox 2150 2894 3734 2977">
     <span class='ocr_line' id='line_1_88' title="bbox 2150 2894 3734 2977; baseline -0.001 -18"><span class='ocrx_word' id='word_1_604' title='bbox 2150 2905 2242 2959; x_wconf 83' lang='grc' dir='ltr'><strong>τὺν</strong></span> <span class='ocrx_word' id='word_1_605' title='bbox 2267 2904 2500 2977; x_wconf 78' lang='grc' dir='ltr'>ἀρχαίας</span> <span class='ocrx_word' id='word_1_606' title='bbox 2551 2903 2863 2977; x_wconf 81' lang='grc' dir='ltr'>συνηθείας,</span> <span class='ocrx_word' id='word_1_607' title='bbox 2895 2904 2989 2958; x_wconf 73' lang='grc' dir='ltr'>καὶ</span> <span class='ocrx_word' id='word_1_608' title='bbox 3020 2894 3144 2958; x_wconf 74' lang='grc' dir='ltr'>οὐδὲ</span> <span class='ocrx_word' id='word_1_609' title='bbox 3173 2904 3274 2958; x_wconf 82' lang='grc' dir='ltr'>ὅσα</span> <span class='ocrx_word' id='word_1_610' title='bbox 3299 2904 3368 2958; x_wconf 89' lang='grc' dir='ltr'><strong>δι’</strong></span> <span class='ocrx_word' id='word_1_611' title='bbox 3400 2903 3561 2959; x_wconf 75' lang='grc' dir='ltr'>αὐτὸν</span> <span class='ocrx_word' id='word_1_612' title='bbox 3612 2906 3734 2959; x_wconf 71' lang='grc' dir='ltr'><strong>ἐπε-</strong></span> 
     </span>
    </p>
   </div>
   <div class='ocr_carea' id='block_1_88' title="bbox 2151 2993 3734 3069">
    <p class='ocr_par' dir='ltr' id='par_1_88' title="bbox 2151 2993 3734 3069">
     <span class='ocr_line' id='line_1_89' title="bbox 2151 2993 3734 3069; baseline -0.001 -16"><span class='ocrx_word' id='word_1_613' title='bbox 2151 2997 2277 3065; x_wconf 84' lang='grc' dir='ltr'>δοξα</span> <span class='ocrx_word' id='word_1_614' title='bbox 2304 2997 2445 3053; x_wconf 85' lang='grc' dir='ltr'><strong>καλά</strong></span> <span class='ocrx_word' id='word_1_615' title='bbox 2478 2997 2732 3069; x_wconf 71' lang='grc' dir='ltr'>ἧνθησεν.</span> <span class='ocrx_word' id='word_1_616' title='bbox 2772 2997 2933 3052; x_wconf 74' lang='grc' dir='ltr'><strong>’Δλλὰ</strong></span> <span class='ocrx_word' id='word_1_617' title='bbox 2964 2997 3015 3051; x_wconf 89' lang='grc' dir='ltr'><strong>τί</strong></span> <span class='ocrx_word' id='word_1_618' title='bbox 3033 3013 3049 3063; x_wconf 85' lang='lat'><strong>;</strong></span> <span class='ocrx_word' id='word_1_619' title='bbox 3090 2993 3282 3053; x_wconf 72' lang='lat' dir='ltr'><strong>Ebrdr</strong></span> <span class='ocrx_word' id='word_1_620' title='bbox 3318 3014 3371 3052; x_wconf 80' lang='grc' dir='ltr'><strong>τι</strong></span> <span class='ocrx_word' id='word_1_621' title='bbox 3395 2996 3559 3069; x_wconf 73' lang='grc' dir='ltr'>ῥῆμα</span> <span class='ocrx_word' id='word_1_622' title='bbox 3582 2999 3734 3066; x_wconf 73' lang='grc' dir='ltr'>πρὸς</span> 
     </span>
    </p>
   </div>
   <div class='ocr_carea' id='block_1_89' title="bbox 2152 3084 3733 3163">
    <p class='ocr_par' dir='ltr' id='par_1_89' title="bbox 2152 3084 3733 3163">
     <span class='ocr_line' id='line_1_90' title="bbox 2152 3084 3733 3163; baseline -0.003 -16"><span class='ocrx_word' id='word_1_623' title='bbox 2152 3092 2393 3159; x_wconf 77' lang='grc' dir='ltr'>Κύριον,</span> <span class='ocrx_word' id='word_1_624' title='bbox 2420 3088 2520 3144; x_wconf 79' lang='grc' dir='ltr'><strong>καί</strong></span> <span class='ocrx_word' id='word_1_625' title='bbox 2543 3090 2814 3145; x_wconf 72' lang='grc' dir='ltr'>τελεύτα.</span> <span class='ocrx_word' id='word_1_626' title='bbox 2862 3084 3008 3160; x_wconf 72' lang='grc' dir='ltr'>’Δρό</span> <span class='ocrx_word' id='word_1_627' title='bbox 3063 3090 3146 3143; x_wconf 84' lang='grc' dir='ltr'><strong>σοί</strong></span> <span class='ocrx_word' id='word_1_628' title='bbox 3193 3106 3326 3144; x_wconf 84' lang='grc' dir='ltr'>ποτε</span> <span class='ocrx_word' id='word_1_629' title='bbox 3372 3089 3733 3163; x_wconf 57' lang='lat' dir='ltr'><strong>appronon</strong></span> 
     </span>
    </p>
   </div>
   <div class='ocr_carea' id='block_1_90' title="bbox 2150 3179 3736 3253">
    <p class='ocr_par' dir='ltr' id='par_1_90' title="bbox 2150 3179 3736 3253">
     <span class='ocr_line' id='line_1_91' title="bbox 2150 3179 3736 3253; baseline -0.003 -17"><span class='ocrx_word' id='word_1_630' title='bbox 2150 3180 2392 3236; x_wconf 83' lang='grc' dir='ltr'>τοιοῦτον</span> <span class='ocrx_word' id='word_1_631' title='bbox 2430 3179 2768 3251; x_wconf 54' lang='lat' dir='ltr'><strong>woman;</strong></span> <span class='ocrx_word' id='word_1_632' title='bbox 2809 3180 2920 3235; x_wconf 78' lang='grc' dir='ltr'><strong>Καὶ</strong></span> <span class='ocrx_word' id='word_1_633' title='bbox 2946 3180 3070 3252; x_wconf 72' lang='grc' dir='ltr'>οὐχὶ</span> <span class='ocrx_word' id='word_1_634' title='bbox 3095 3181 3289 3252; x_wconf 80' lang='grc' dir='ltr'>εὐχαῖς</span> <span class='ocrx_word' id='word_1_635' title='bbox 3314 3180 3413 3253; x_wconf 76' lang='grc' dir='ltr'>τὴν</span> <span class='ocrx_word' id='word_1_636' title='bbox 3440 3182 3593 3237; x_wconf 87' lang='grc' dir='ltr'>νόσον</span> <span class='ocrx_word' id='word_1_637' title='bbox 3631 3182 3736 3235; x_wconf 82' lang='grc' dir='ltr'>ἀπ-</span> 
     </span>
    </p>
   </div>
   <div class='ocr_carea' id='block_1_91' title="bbox 2156 3270 3730 3346">
    <p class='ocr_par' dir='ltr' id='par_1_91' title="bbox 2156 3270 3730 3346">
     <span class='ocr_line' id='line_1_92' title="bbox 2156 3270 3730 3346; baseline -0.002 -17"><span class='ocrx_word' id='word_1_638' title='bbox 2156 3273 2427 3346; x_wconf 70' lang='grc' dir='ltr'>έσμηξεν;</span> <span class='ocrx_word' id='word_1_639' title='bbox 2459 3273 2572 3329; x_wconf 80' lang='grc' dir='ltr'><strong>Οὐκ</strong></span> <span class='ocrx_word' id='word_1_640' title='bbox 2598 3276 2757 3345; x_wconf 67' lang='grc' dir='ltr'>ἢρκει</span> <span class='ocrx_word' id='word_1_641' title='bbox 2788 3271 2898 3346; x_wconf 75' lang='grc' dir='ltr'>γὰρ</span> <span class='ocrx_word' id='word_1_642' title='bbox 2935 3271 3087 3344; x_wconf 82' lang='grc' dir='ltr'><strong>αὑτῷ</strong></span> <span class='ocrx_word' id='word_1_643' title='bbox 3112 3275 3146 3344; x_wconf 77' lang='grc' dir='ltr'>ὴ</span> <span class='ocrx_word' id='word_1_644' title='bbox 3178 3272 3317 3344; x_wconf 74' lang='grc' dir='ltr'>πρὸς</span> <span class='ocrx_word' id='word_1_645' title='bbox 3342 3270 3533 3344; x_wconf 78' lang='grc' dir='ltr'>καιρὸν</span> <span class='ocrx_word' id='word_1_646' title='bbox 3552 3273 3730 3338; x_wconf 78' lang='grc' dir='ltr'>πενία,</span> 
     </span>
    </p>
   </div>
   <div class='ocr_carea' id='block_1_92' title="bbox 2154 3362 3734 3439">
    <p class='ocr_par' dir='ltr' id='par_1_92' title="bbox 2154 3362 3734 3439">
     <span class='ocr_line' id='line_1_93' title="bbox 2154 3362 3734 3439; baseline 0.001 -20"><span class='ocrx_word' id='word_1_647' title='bbox 2154 3364 2292 3420; x_wconf 87' lang='grc' dir='ltr'><strong>ἀλλά</strong></span> <span class='ocrx_word' id='word_1_648' title='bbox 2322 3365 2419 3419; x_wconf 78' lang='grc' dir='ltr'>καὶ</span> <span class='ocrx_word' id='word_1_649' title='bbox 2460 3362 2679 3419; x_wconf 84' lang='grc' dir='ltr'>αίὼνιον</span> <span class='ocrx_word' id='word_1_650' title='bbox 2710 3364 2863 3436; x_wconf 81' lang='grc' dir='ltr'>αὐτῷ</span> <span class='ocrx_word' id='word_1_651' title='bbox 2891 3364 3177 3436; x_wconf 79' lang='grc' dir='ltr'>προξενεῖς</span> <span class='ocrx_word' id='word_1_652' title='bbox 3225 3364 3316 3419; x_wconf 84' lang='grc' dir='ltr'>διὰ</span> <span class='ocrx_word' id='word_1_653' title='bbox 3353 3367 3452 3439; x_wconf 78' lang='grc' dir='ltr'>τῆς</span> <span class='ocrx_word' id='word_1_654' title='bbox 3490 3364 3734 3436; x_wconf 80' lang='grc' dir='ltr'>βλασφη-</span> 
     </span>
    </p>
   </div>
   <div class='ocr_carea' id='block_1_93' title="bbox 2159 3454 3734 3532">
    <p class='ocr_par' dir='ltr' id='par_1_93' title="bbox 2159 3454 3734 3532">
     <span class='ocr_line' id='line_1_94' title="bbox 2159 3454 3734 3532; baseline 0 -20"><span class='ocrx_word' id='word_1_655' title='bbox 2159 3459 2289 3532; x_wconf 89' lang='grc' dir='ltr'>μίας</span> <span class='ocrx_word' id='word_1_656' title='bbox 2312 3459 2412 3531; x_wconf 76' lang='grc' dir='ltr'>τὴν</span> <span class='ocrx_word' id='word_1_657' title='bbox 2442 3457 2705 3525; x_wconf 83' lang='grc' dir='ltr'>κόλασιν;</span> <span class='ocrx_word' id='word_1_658' title='bbox 2741 3460 2807 3512; x_wconf 85' lang='grc' dir='ltr'><em>Ἢ</em></span> <span class='ocrx_word' id='word_1_659' title='bbox 2836 3459 2939 3519; x_wconf 84' lang='grc' dir='ltr'>οὐκ</span> <span class='ocrx_word' id='word_1_660' title='bbox 2982 3454 3152 3523; x_wconf 75' lang='grc' dir='ltr'>οἶδας,</span> <span class='ocrx_word' id='word_1_661' title='bbox 3188 3456 3273 3513; x_wconf 81' lang='grc' dir='ltr'>ὃτι</span> <span class='ocrx_word' id='word_1_662' title='bbox 3306 3459 3457 3523; x_wconf 76' lang='grc' dir='ltr'>πᾶσα</span> <span class='ocrx_word' id='word_1_663' title='bbox 3492 3458 3734 3529; x_wconf 77' lang='grc' dir='ltr'>ἁμαρτία</span> 
     </span>
    </p>
   </div>
   <div class='ocr_carea' id='block_1_94' title="bbox 2154 3550 3735 3624">
    <p class='ocr_par' dir='ltr' id='par_1_94' title="bbox 2154 3550 3735 3624">
     <span class='ocr_line' id='line_1_95' title="bbox 2154 3550 3735 3624; baseline -0.001 -17"><span class='ocrx_word' id='word_1_664' title='bbox 2154 3552 2495 3624; x_wconf 81' lang='grc' dir='ltr'>ἀφεθήσεται</span> <span class='ocrx_word' id='word_1_665' title='bbox 2517 3554 2632 3617; x_wconf 81' lang='grc' dir='ltr'>τοῖς</span> <span class='ocrx_word' id='word_1_666' title='bbox 2660 3550 3050 3624; x_wconf 52' lang='grc' dir='ltr'>ἀνθρώποιςκη</span> <span class='ocrx_word' id='word_1_667' title='bbox 3078 3550 3138 3606; x_wconf 67' lang='grc' dir='ltr'>δὲ</span> <span class='ocrx_word' id='word_1_668' title='bbox 3179 3550 3324 3607; x_wconf 79' lang='grc' dir='ltr'><strong>κατά</strong></span> <span class='ocrx_word' id='word_1_669' title='bbox 3360 3551 3458 3606; x_wconf 81' lang='grc' dir='ltr'>τοῦ</span> <span class='ocrx_word' id='word_1_670' title='bbox 3488 3551 3735 3623; x_wconf 83' lang='grc' dir='ltr'>Πνεύμα-</span> 
     </span>
    </p>
   </div>
   <div class='ocr_carea' id='block_1_95' title="bbox 2154 3643 3732 3721">
    <p class='ocr_par' dir='ltr' id='par_1_95' title="bbox 2154 3643 3732 3721">
     <span class='ocr_line' id='line_1_96' title="bbox 2154 3643 3732 3721; baseline -0.003 -19"><span class='ocrx_word' id='word_1_671' title='bbox 2154 3665 2247 3713; x_wconf 89' lang='grc' dir='ltr'><strong>τος</strong></span> <span class='ocrx_word' id='word_1_672' title='bbox 2274 3646 2593 3721; x_wconf 79' lang='grc' dir='ltr'>βλασφημία</span> <span class='ocrx_word' id='word_1_673' title='bbox 2640 3646 2741 3700; x_wconf 82' lang='grc' dir='ltr'>οὐκ</span> <span class='ocrx_word' id='word_1_674' title='bbox 2785 3643 3144 3717; x_wconf 81' lang='grc' dir='ltr'>ἀφεθήσεται,</span> <span class='ocrx_word' id='word_1_675' title='bbox 3200 3644 3328 3700; x_wconf 75' lang='grc' dir='ltr'>οὔτε</span> <span class='ocrx_word' id='word_1_676' title='bbox 3359 3646 3420 3700; x_wconf 72' lang='grc' dir='ltr'>ἐν</span> <span class='ocrx_word' id='word_1_677' title='bbox 3465 3645 3541 3716; x_wconf 81' lang='grc' dir='ltr'><strong>τῷ</strong></span> <span class='ocrx_word' id='word_1_678' title='bbox 3574 3645 3732 3698; x_wconf 82' lang='grc' dir='ltr'>αἰῶνι</span> 
     </span>
    </p>
   </div>
   <div class='ocr_carea' id='block_1_96' title="bbox 2155 3734 3737 3811">
    <p class='ocr_par' dir='ltr' id='par_1_96' title="bbox 2155 3734 3737 3811">
     <span class='ocr_line' id='line_1_97' title="bbox 2155 3734 3737 3811; baseline -0.004 -18"><span class='ocrx_word' id='word_1_679' title='bbox 2155 3740 2348 3811; x_wconf 83' lang='grc' dir='ltr'>τούτῳ,</span> <span class='ocrx_word' id='word_1_680' title='bbox 2375 3737 2500 3793; x_wconf 75' lang='grc' dir='ltr'>οὔτε</span> <span class='ocrx_word' id='word_1_681' title='bbox 2531 3739 2589 3791; x_wconf 76' lang='grc' dir='ltr'>ὲν</span> <span class='ocrx_word' id='word_1_682' title='bbox 2621 3737 2699 3807; x_wconf 82' lang='grc' dir='ltr'>τῷ</span> <span class='ocrx_word' id='word_1_683' title='bbox 2727 3736 3009 3808; x_wconf 80' lang='grc' dir='ltr'>μέλλοντι;</span> <span class='ocrx_word' id='word_1_684' title='bbox 3049 3734 3241 3801; x_wconf 80' lang='grc' dir='ltr'>Θέλεις</span> <span class='ocrx_word' id='word_1_685' title='bbox 3284 3735 3414 3790; x_wconf 84' lang='grc' dir='ltr'>ίδεῖν</span> <span class='ocrx_word' id='word_1_686' title='bbox 3451 3737 3543 3795; x_wconf 83' lang='grc' dir='ltr'>καὶ</span> <span class='ocrx_word' id='word_1_687' title='bbox 3570 3735 3737 3803; x_wconf 81' lang='grc' dir='ltr'>ἀλλην</span> 
     </span>
    </p>
   </div>
   <div class='ocr_carea' id='block_1_97' title="bbox 2155 3824 3736 3902">
    <p class='ocr_par' dir='ltr' id='par_1_97' title="bbox 2155 3824 3736 3902">
     <span class='ocr_line' id='line_1_98' title="bbox 2155 3824 3736 3902; baseline -0.004 -18"><span class='ocrx_word' id='word_1_688' title='bbox 2155 3831 2254 3902; x_wconf 83' lang='grc' dir='ltr'>τῆς</span> <span class='ocrx_word' id='word_1_689' title='bbox 2286 3829 2550 3900; x_wconf 84' lang='grc' dir='ltr'>πονηρίας</span> <span class='ocrx_word' id='word_1_690' title='bbox 2582 3824 3119 3899; x_wconf 18' lang='grc' dir='ltr'>ταύτηςλὸμόζυγονθε</span> <span class='ocrx_word' id='word_1_691' title='bbox 3156 3824 3233 3879; x_wconf 79' lang='grc' dir='ltr'><strong>ίδε</strong></span> <span class='ocrx_word' id='word_1_692' title='bbox 3280 3841 3371 3897; x_wconf 82' lang='grc' dir='ltr'><strong>μοι</strong></span> <span class='ocrx_word' id='word_1_693' title='bbox 3392 3826 3486 3880; x_wconf 80' lang='grc' dir='ltr'>καὶ</span> <span class='ocrx_word' id='word_1_694' title='bbox 3507 3826 3603 3896; x_wconf 77' lang='grc' dir='ltr'>τὴν</span> <span class='ocrx_word' id='word_1_695' title='bbox 3627 3828 3736 3878; x_wconf 70' lang='grc' dir='ltr'><strong>Δα-</strong></span> 
     </span>
    </p>
   </div>
   <div class='ocr_carea' id='block_1_98' title="bbox 2156 3917 3739 3993">
    <p class='ocr_par' dir='ltr' id='par_1_98' title="bbox 2156 3917 3739 3993">
     <span class='ocr_line' id='line_1_99' title="bbox 2156 3917 3739 3993; baseline -0.004 -14"><span class='ocrx_word' id='word_1_696' title='bbox 2156 3924 2328 3979; x_wconf 79' lang='grc' dir='ltr'>λιδάν.</span> <span class='ocrx_word' id='word_1_697' title='bbox 2377 3924 2487 3977; x_wconf 76' lang='grc' dir='ltr'><strong>Καὶ</strong></span> <span class='ocrx_word' id='word_1_698' title='bbox 2524 3920 2635 3993; x_wconf 81' lang='grc' dir='ltr'><strong>γὰρ</strong></span> <span class='ocrx_word' id='word_1_699' title='bbox 2677 3921 2861 3993; x_wconf 73' lang='grc' dir='ltr'>ἐκείνη</span> <span class='ocrx_word' id='word_1_700' title='bbox 2892 3920 2987 3973; x_wconf 88' lang='grc' dir='ltr'><strong>τδν</strong></span> <span class='ocrx_word' id='word_1_701' title='bbox 3016 3918 3257 3992; x_wconf 75' lang='grc' dir='ltr'>Σαμψὼν</span> <span class='ocrx_word' id='word_1_702' title='bbox 3300 3918 3393 3973; x_wconf 80' lang='grc' dir='ltr'>τὸν</span> <span class='ocrx_word' id='word_1_703' title='bbox 3429 3917 3739 3989; x_wconf 82' lang='grc' dir='ltr'>ἀνδρειότα-</span> 
     </span>
    </p>
   </div>
   <div class='ocr_carea' id='block_1_99' title="bbox 2154 4010 3739 4087">
    <p class='ocr_par' dir='ltr' id='par_1_99' title="bbox 2154 4010 3739 4087">
     <span class='ocr_line' id='line_1_100' title="bbox 2154 4010 3739 4087; baseline -0.004 -16"><span class='ocrx_word' id='word_1_704' title='bbox 2154 4034 2245 4072; x_wconf 87' lang='grc' dir='ltr'><strong>τον</strong></span> <span class='ocrx_word' id='word_1_705' title='bbox 2272 4015 2441 4087; x_wconf 84' lang='grc' dir='ltr'>ἀνδρα</span> <span class='ocrx_word' id='word_1_706' title='bbox 2464 4014 2767 4087; x_wconf 78' lang='grc' dir='ltr'>ξυρήσασα,</span> <span class='ocrx_word' id='word_1_707' title='bbox 2792 4015 2903 4077; x_wconf 77' lang='grc' dir='ltr'>τοῖς</span> <span class='ocrx_word' id='word_1_708' title='bbox 2940 4010 3263 4083; x_wconf 78' lang='grc' dir='ltr'>ἀλλοφύλοις</span> <span class='ocrx_word' id='word_1_709' title='bbox 3310 4012 3614 4084; x_wconf 81' lang='grc' dir='ltr'>παρέδωκε,</span> <span class='ocrx_word' id='word_1_710' title='bbox 3644 4011 3739 4065; x_wconf 71' lang='grc' dir='ltr'><strong>τὸν</strong></span> 
     </span>
    </p>
   </div>
   <div class='ocr_carea' id='block_1_100' title="bbox 2158 4104 3738 4179">
    <p class='ocr_par' dir='ltr' id='par_1_100' title="bbox 2158 4104 3738 4179">
     <span class='ocr_line' id='line_1_101' title="bbox 2158 4104 3738 4179; baseline -0.005 -14"><span class='ocrx_word' id='word_1_711' title='bbox 2158 4112 2287 4165; x_wconf 83' lang='grc' dir='ltr'>ίδιον</span> <span class='ocrx_word' id='word_1_712' title='bbox 2318 4110 2510 4179; x_wconf 81' lang='grc' dir='ltr'>ἄνδρα,</span> <span class='ocrx_word' id='word_1_713' title='bbox 2538 4108 2635 4163; x_wconf 79' lang='grc' dir='ltr'>τὸν</span> <span class='ocrx_word' id='word_1_714' title='bbox 2666 4107 2796 4162; x_wconf 84' lang='grc' dir='ltr'>ίδιον</span> <span class='ocrx_word' id='word_1_715' title='bbox 2837 4106 3112 4172; x_wconf 76' lang='grc' dir='ltr'>σύνευνον,</span> <span class='ocrx_word' id='word_1_716' title='bbox 3140 4105 3200 4160; x_wconf 82' lang='grc' dir='ltr'><strong>δν</strong></span> <span class='ocrx_word' id='word_1_717' title='bbox 3230 4104 3484 4171; x_wconf 77' lang='grc' dir='ltr'>ἐθαλπεν,</span> <span class='ocrx_word' id='word_1_718' title='bbox 3508 4105 3566 4159; x_wconf 75' lang='grc' dir='ltr'>ὃν</span> <span class='ocrx_word' id='word_1_719' title='bbox 3595 4104 3738 4162; x_wconf 78' lang='grc' dir='ltr'><strong>ιθὼ-</strong></span> 
     </span>
    </p>
   </div>
   <div class='ocr_carea' id='block_1_101' title="bbox 2158 4200 3737 4275">
    <p class='ocr_par' dir='ltr' id='par_1_101' title="bbox 2158 4200 3737 4275">
     <span class='ocr_line' id='line_1_102' title="bbox 2158 4200 3737 4275; baseline -0.005 -14"><span class='ocrx_word' id='word_1_720' title='bbox 2158 4222 2343 4270; x_wconf 85' lang='grc' dir='ltr'>πευεν,</span> <span class='ocrx_word' id='word_1_721' title='bbox 2373 4202 2433 4256; x_wconf 79' lang='grc' dir='ltr'>ὃν</span> <span class='ocrx_word' id='word_1_722' title='bbox 2467 4202 2815 4269; x_wconf 76' lang='grc' dir='ltr'>ἐκολάκευεν,</span> <span class='ocrx_word' id='word_1_723' title='bbox 2835 4200 2894 4256; x_wconf 79' lang='grc' dir='ltr'>ὃν</span> <span class='ocrx_word' id='word_1_724' title='bbox 2928 4200 3071 4272; x_wconf 80' lang='grc' dir='ltr'>ὑπὲρ</span> <span class='ocrx_word' id='word_1_725' title='bbox 3118 4200 3319 4273; x_wconf 76' lang='grc' dir='ltr'>ἑαυτὴν</span> <span class='ocrx_word' id='word_1_726' title='bbox 3360 4203 3579 4275; x_wconf 80' lang='grc' dir='ltr'>ἀγαπᾷν</span> <span class='ocrx_word' id='word_1_727' title='bbox 3629 4201 3737 4255; x_wconf 82' lang='grc' dir='ltr'><strong>ὐπ-</strong></span> 
     </span>
    </p>
   </div>
   <div class='ocr_carea' id='block_1_102' title="bbox 2156 4293 3737 4370">
    <p class='ocr_par' dir='ltr' id='par_1_102' title="bbox 2156 4293 3737 4370">
     <span class='ocr_line' id='line_1_103' title="bbox 2156 4293 3737 4370; baseline -0.002 -19"><span class='ocrx_word' id='word_1_728' title='bbox 2156 4298 2412 4370; x_wconf 80' lang='grc' dir='ltr'>εκρίνατο</span> <span class='ocrx_word' id='word_1_729' title='bbox 2435 4313 2450 4327; x_wconf 88' lang='grc'><strong>·</strong></span> <span class='ocrx_word' id='word_1_730' title='bbox 2482 4296 2542 4350; x_wconf 81' lang='grc' dir='ltr'><strong>δν</strong></span> <span class='ocrx_word' id='word_1_731' title='bbox 2577 4294 2706 4367; x_wconf 83' lang='grc' dir='ltr'>χθὲς</span> <span class='ocrx_word' id='word_1_732' title='bbox 2736 4294 2955 4365; x_wconf 77' lang='grc' dir='ltr'>ἠγάπα,</span> <span class='ocrx_word' id='word_1_733' title='bbox 2991 4294 3237 4367; x_wconf 79' lang='grc' dir='ltr'>σήμερον</span> <span class='ocrx_word' id='word_1_734' title='bbox 3272 4293 3458 4367; x_wconf 76' lang='grc' dir='ltr'>ἠπάτα</span> <span class='ocrx_word' id='word_1_735' title='bbox 3478 4311 3490 4323; x_wconf 91' lang='grc'><strong>·</strong></span> <span class='ocrx_word' id='word_1_736' title='bbox 3523 4294 3583 4348; x_wconf 80' lang='grc' dir='ltr'><strong>δν</strong></span> <span class='ocrx_word' id='word_1_737' title='bbox 3607 4293 3737 4365; x_wconf 72' lang='grc' dir='ltr'>χθὲς</span> 
     </span>
    </p>
   </div>
   <div class='ocr_carea' id='block_1_103' title="bbox 1954 4386 3736 4459">
    <p class='ocr_par' dir='ltr' id='par_1_103' title="bbox 1954 4386 3736 4459">
     <span class='ocr_line' id='line_1_104' title="bbox 1954 4386 3736 4459; baseline -0.003 -12"><span class='ocrx_word' id='word_1_738' title='bbox 1954 4397 2051 4438; x_wconf 65' lang='grc' dir='ltr'><strong>εω-</strong></span> <span class='ocrx_word' id='word_1_739' title='bbox 2158 4391 2391 4447; x_wconf 73' lang='grc' dir='ltr'>εθαλπεν</span> <span class='ocrx_word' id='word_1_740' title='bbox 2423 4388 2717 4457; x_wconf 84' lang='grc' dir='ltr'>ἀγαπῶσα,</span> <span class='ocrx_word' id='word_1_741' title='bbox 2758 4389 3002 4459; x_wconf 78' lang='grc' dir='ltr'>σήμερον</span> <span class='ocrx_word' id='word_1_742' title='bbox 3032 4386 3268 4442; x_wconf 70' lang='grc' dir='ltr'>ἔθαπτεν</span> <span class='ocrx_word' id='word_1_743' title='bbox 3299 4386 3581 4442; x_wconf 83' lang='grc' dir='ltr'>ἀπατῶσα.</span> <span class='ocrx_word' id='word_1_744' title='bbox 3625 4389 3736 4441; x_wconf 71' lang='grc' dir='ltr'><strong>Καὶ</strong></span> 
     </span>
    </p>
   </div>
   <div class='ocr_carea' id='block_1_104' title="bbox 2160 4478 3758 4557">
    <p class='ocr_par' dir='ltr' id='par_1_104' title="bbox 2160 4478 3758 4557">
     <span class='ocr_line' id='line_1_105' title="bbox 2160 4478 3758 4557; baseline -0.027 1"><span class='ocrx_word' id='word_1_745' title='bbox 2160 4484 2268 4557; x_wconf 71' lang='grc' dir='ltr'><strong>μὴν</strong></span> <span class='ocrx_word' id='word_1_746' title='bbox 2315 4484 2417 4537; x_wconf 55' lang='grc' dir='ltr'><strong>οὐκ</strong></span> <span class='ocrx_word' id='word_1_747' title='bbox 2463 4478 2532 4554; x_wconf 79' lang='grc' dir='ltr'><strong>ἦν</strong></span> <span class='ocrx_word' id='word_1_748' title='bbox 2557 4480 2763 4554; x_wconf 79' lang='grc' dir='ltr'>ὡραῖος</span> <span class='ocrx_word' id='word_1_749' title='bbox 2784 4497 2801 4549; x_wconf 89' lang='grc'>;</span> <span class='ocrx_word' id='word_1_750' title='bbox 2845 4480 2942 4535; x_wconf 81' lang='grc' dir='ltr'>καὶ</span> <span class='ocrx_word' id='word_1_751' title='bbox 2960 4479 3045 4546; x_wconf 86' lang='grc' dir='ltr'><strong>τίς</strong></span> <span class='ocrx_word' id='word_1_752' title='bbox 3069 4478 3234 4535; x_wconf 82' lang='grc' dir='ltr'>αὐτοῦ</span> <span class='ocrx_word' id='word_1_753' title='bbox 3254 4479 3585 4552; x_wconf 85' lang='grc' dir='ltr'>ὡραιότερος</span> <span class='ocrx_word' id='word_1_754' title='bbox 3614 4499 3719 4537; x_wconf 69' lang='grc' dir='ltr'><strong>κιτ</strong></span> <span class='ocrx_word' id='word_1_755' title='bbox 3738 4490 3758 4515; x_wconf 71' lang='grc' dir='ltr'><strong>ν</strong></span> 
     </span>
    </p>
   </div>
   <div class='ocr_carea' id='block_1_105' title="bbox 2156 4574 3739 4649">
    <p class='ocr_par' dir='ltr' id='par_1_105' title="bbox 2156 4574 3739 4649">
     <span class='ocr_line' id='line_1_106' title="bbox 2156 4574 3739 4649; baseline -0.004 -14"><span class='ocrx_word' id='word_1_756' title='bbox 2156 4583 2333 4636; x_wconf 75' lang='grc' dir='ltr'>ἐκεῖνο</span> <span class='ocrx_word' id='word_1_757' title='bbox 2360 4577 2597 4649; x_wconf 83' lang='grc' dir='ltr'>καιροῦ;</span> <span class='ocrx_word' id='word_1_758' title='bbox 2644 4577 2786 4633; x_wconf 80' lang='grc' dir='ltr'>ὥστε</span> <span class='ocrx_word' id='word_1_759' title='bbox 2822 4574 2963 4631; x_wconf 67' lang='grc' dir='ltr'>ἑπτὰ</span> <span class='ocrx_word' id='word_1_760' title='bbox 3000 4574 3336 4648; x_wconf 82' lang='grc' dir='ltr'>βοστρύχους</span> <span class='ocrx_word' id='word_1_761' title='bbox 3372 4575 3462 4629; x_wconf 76' lang='grc' dir='ltr'><strong>ἐπὶ</strong></span> <span class='ocrx_word' id='word_1_762' title='bbox 3496 4576 3739 4647; x_wconf 78' lang='grc' dir='ltr'>κεφαλῆς</span> 
     </span>
    </p>
   </div>
   <div class='ocr_carea' id='block_1_106' title="bbox 2153 4666 3736 4745">
    <p class='ocr_par' dir='ltr' id='par_1_106' title="bbox 2153 4666 3736 4745">
     <span class='ocr_line' id='line_1_107' title="bbox 2153 4666 3736 4745; baseline -0.002 -19"><span class='ocrx_word' id='word_1_763' title='bbox 2153 4673 2339 4745; x_wconf 74' lang='grc' dir='ltr'>ἔφερε,</span> <span class='ocrx_word' id='word_1_764' title='bbox 2366 4670 2466 4743; x_wconf 81' lang='grc' dir='ltr'>τῆς</span> <span class='ocrx_word' id='word_1_765' title='bbox 2486 4667 2811 4739; x_wconf 73' lang='grc' dir='ltr'>ἑπταφώτου</span> <span class='ocrx_word' id='word_1_766' title='bbox 2834 4668 3058 4740; x_wconf 78' lang='grc' dir='ltr'>χάριτος</span> <span class='ocrx_word' id='word_1_767' title='bbox 3087 4667 3190 4741; x_wconf 79' lang='grc' dir='ltr'>τὴν</span> <span class='ocrx_word' id='word_1_768' title='bbox 3215 4667 3403 4723; x_wconf 65' lang='grc' dir='ltr'>εἰκόνα</span> <span class='ocrx_word' id='word_1_769' title='bbox 3429 4666 3736 4739; x_wconf 73' lang='grc' dir='ltr'><strong>βαστάζων.</strong></span> 
     </span>
    </p>
   </div>
   <div class='ocr_carea' id='block_1_107' title="bbox 2153 4759 3743 4839">
    <p class='ocr_par' dir='ltr' id='par_1_107' title="bbox 2153 4759 3743 4839">
     <span class='ocr_line' id='line_1_108' title="bbox 2153 4759 3743 4839; baseline -0.004 -17"><span class='ocrx_word' id='word_1_770' title='bbox 2153 4767 2248 4839; x_wconf 80' lang='grc' dir='ltr'><strong>Μὴ</strong></span> <span class='ocrx_word' id='word_1_771' title='bbox 2286 4767 2388 4820; x_wconf 75' lang='grc' dir='ltr'>οὐκ</span> <span class='ocrx_word' id='word_1_772' title='bbox 2411 4760 2479 4838; x_wconf 76' lang='grc' dir='ltr'>ἦν</span> <span class='ocrx_word' id='word_1_773' title='bbox 2505 4764 2780 4837; x_wconf 75' lang='grc' dir='ltr'>ἀνδρεῖοςς</span> <span class='ocrx_word' id='word_1_774' title='bbox 2812 4760 2953 4817; x_wconf 84' lang='grc' dir='ltr'>ὥστε</span> <span class='ocrx_word' id='word_1_775' title='bbox 2994 4760 3089 4817; x_wconf 75' lang='grc' dir='ltr'><strong>τὸν</strong></span> <span class='ocrx_word' id='word_1_776' title='bbox 3121 4760 3316 4816; x_wconf 70' lang='grc' dir='ltr'>λέοντα</span> <span class='ocrx_word' id='word_1_777' title='bbox 3348 4759 3581 4834; x_wconf 73' lang='grc' dir='ltr'>φοϐερὸν</span> <span class='ocrx_word' id='word_1_778' title='bbox 3610 4761 3743 4815; x_wconf 69' lang='grc' dir='ltr'>ὄντα</span> 
     </span>
    </p>
   </div>
   <div class='ocr_carea' id='block_1_108' title="bbox 2153 4850 3739 4929">
    <p class='ocr_par' dir='ltr' id='par_1_108' title="bbox 2153 4850 3739 4929">
     <span class='ocr_line' id='line_1_109' title="bbox 2153 4850 3739 4929; baseline -0.004 -18"><span class='ocrx_word' id='word_1_779' title='bbox 2153 4859 2212 4911; x_wconf 79' lang='grc' dir='ltr'>ὲν</span> <span class='ocrx_word' id='word_1_780' title='bbox 2250 4854 2443 4929; x_wconf 80' lang='grc' dir='ltr'>τῇόδῷ</span> <span class='ocrx_word' id='word_1_781' title='bbox 2478 4855 2637 4926; x_wconf 80' lang='grc' dir='ltr'>μόνος</span> <span class='ocrx_word' id='word_1_782' title='bbox 2692 4852 3017 4922; x_wconf 72' lang='grc' dir='ltr'>ἀπέπνιξεν,</span> <span class='ocrx_word' id='word_1_783' title='bbox 3059 4852 3153 4907; x_wconf 78' lang='grc' dir='ltr'>καὶ</span> <span class='ocrx_word' id='word_1_784' title='bbox 3210 4852 3311 4923; x_wconf 78' lang='grc' dir='ltr'>μιᾷ</span> <span class='ocrx_word' id='word_1_785' title='bbox 3350 4851 3564 4920; x_wconf 85' lang='grc' dir='ltr'>σιαγόνι</span> <span class='ocrx_word' id='word_1_786' title='bbox 3616 4850 3739 4905; x_wconf 62' lang='lat' dir='ltr'><strong>Even</strong></span> 
     </span>
    </p>
   </div>
   <div class='ocr_carea' id='block_1_109' title="bbox 2158 4942 3739 5022">
    <p class='ocr_par' dir='ltr' id='par_1_109' title="bbox 2158 4942 3739 5022">
     <span class='ocr_line' id='line_1_110' title="bbox 2158 4942 3739 5022; baseline -0.005 -19"><span class='ocrx_word' id='word_1_787' title='bbox 2158 4949 2389 5022; x_wconf 87' lang='grc' dir='ltr'>μυρίους</span> <span class='ocrx_word' id='word_1_788' title='bbox 2427 4945 2765 5017; x_wconf 80' lang='grc' dir='ltr'>ἀλλοφύλους</span> <span class='ocrx_word' id='word_1_789' title='bbox 2796 4945 3199 5019; x_wconf 78' lang='grc' dir='ltr'>κατέστρωσεν.</span> <span class='ocrx_word' id='word_1_790' title='bbox 3245 4942 3409 4999; x_wconf 81' lang='grc' dir='ltr'>Ἀλλά</span> <span class='ocrx_word' id='word_1_791' title='bbox 3448 4943 3544 4997; x_wconf 73' lang='grc' dir='ltr'>καὶ</span> <span class='ocrx_word' id='word_1_792' title='bbox 3587 4942 3739 5011; x_wconf 74' lang='grc' dir='ltr'>ἅγιος</span> 
     </span>
    </p>
   </div>
   <div class='ocr_carea' id='block_1_110' title="bbox 2153 5032 3740 5109">
    <p class='ocr_par' dir='ltr' id='par_1_110' title="bbox 2153 5032 3740 5109">
     <span class='ocr_line' id='line_1_111' title="bbox 2153 5032 3740 5109; baseline -0.006 -16"><span class='ocrx_word' id='word_1_793' title='bbox 2153 5036 2242 5109; x_wconf 81' lang='grc' dir='ltr'><strong>ἦν.</strong></span> <span class='ocrx_word' id='word_1_794' title='bbox 2276 5036 2546 5093; x_wconf 85' lang='grc' dir='ltr'>Τοσοῦτον</span> <span class='ocrx_word' id='word_1_795' title='bbox 2581 5035 2690 5109; x_wconf 83' lang='grc' dir='ltr'><strong>γὰρ</strong></span> <span class='ocrx_word' id='word_1_796' title='bbox 2725 5032 2794 5107; x_wconf 78' lang='grc' dir='ltr'>ἧν</span> <span class='ocrx_word' id='word_1_797' title='bbox 2826 5034 3006 5107; x_wconf 76' lang='grc' dir='ltr'>ἅγιος,</span> <span class='ocrx_word' id='word_1_798' title='bbox 3028 5035 3106 5100; x_wconf 79' lang='grc' dir='ltr'>ὡς</span> <span class='ocrx_word' id='word_1_799' title='bbox 3149 5033 3455 5106; x_wconf 79' lang='grc' dir='ltr'>διψήσαντα</span> <span class='ocrx_word' id='word_1_800' title='bbox 3486 5032 3651 5087; x_wconf 72' lang='grc' dir='ltr'>αὐτὸν</span> <span class='ocrx_word' id='word_1_801' title='bbox 3682 5033 3740 5084; x_wconf 71' lang='grc' dir='ltr'>ἓν</span> 
     </span>
    </p>
   </div>
   <div class='ocr_carea' id='block_1_111' title="bbox 2156 5124 3739 5199">
    <p class='ocr_par' dir='ltr' id='par_1_111' title="bbox 2156 5124 3739 5199">
     <span class='ocr_line' id='line_1_112' title="bbox 2156 5124 3739 5199; baseline -0.007 -10"><span class='ocrx_word' id='word_1_802' title='bbox 2156 5134 2351 5189; x_wconf 84' lang='grc' dir='ltr'>σπάνει</span> <span class='ocrx_word' id='word_1_803' title='bbox 2380 5130 2578 5196; x_wconf 76' lang='grc' dir='ltr'>ὓδατος</span> <span class='ocrx_word' id='word_1_804' title='bbox 2605 5129 2890 5197; x_wconf 75' lang='grc' dir='ltr'>εὔξασθαι,</span> <span class='ocrx_word' id='word_1_805' title='bbox 2922 5128 3021 5182; x_wconf 70' lang='grc' dir='ltr'>καὶ</span> <span class='ocrx_word' id='word_1_806' title='bbox 3050 5128 3116 5183; x_wconf 84' lang='grc' dir='ltr'>ὲκ</span> <span class='ocrx_word' id='word_1_807' title='bbox 3150 5126 3250 5197; x_wconf 85' lang='grc' dir='ltr'>τῆς</span> <span class='ocrx_word' id='word_1_808' title='bbox 3282 5124 3655 5199; x_wconf 72' lang='grc' dir='ltr'>κατεχομένης</span> <span class='ocrx_word' id='word_1_809' title='bbox 3680 5126 3739 5178; x_wconf 81' lang='grc' dir='ltr'>ἐν</span> 
     </span>
    </p>
   </div>
   <div class='ocr_carea' id='block_1_112' title="bbox 2154 5218 3741 5299">
    <p class='ocr_par' dir='ltr' id='par_1_112' title="bbox 2154 5218 3741 5299">
     <span class='ocr_line' id='line_1_113' title="bbox 2154 5218 3741 5299; baseline -0.006 -18"><span class='ocrx_word' id='word_1_810' title='bbox 2154 5229 2221 5299; x_wconf 80' lang='grc' dir='ltr'>τῇ</span> <span class='ocrx_word' id='word_1_811' title='bbox 2248 5226 2393 5299; x_wconf 79' lang='grc' dir='ltr'>χειρὶ</span> <span class='ocrx_word' id='word_1_812' title='bbox 2420 5222 2585 5282; x_wconf 74' lang='grc' dir='ltr'>αὐτοῦ</span> <span class='ocrx_word' id='word_1_813' title='bbox 2613 5223 2861 5294; x_wconf 79' lang='grc' dir='ltr'>σιαγόνος</span> <span class='ocrx_word' id='word_1_814' title='bbox 2877 5224 3079 5294; x_wconf 78' lang='grc' dir='ltr'>νεκρᾶς</span> <span class='ocrx_word' id='word_1_815' title='bbox 3101 5220 3295 5285; x_wconf 76' lang='grc' dir='ltr'>ὓδατος</span> <span class='ocrx_word' id='word_1_816' title='bbox 3316 5220 3500 5291; x_wconf 80' lang='grc' dir='ltr'>πηγὰς</span> <span class='ocrx_word' id='word_1_817' title='bbox 3522 5218 3741 5287; x_wconf 67' lang='grc' dir='ltr'>ἐξενέγ-</span> 
     </span>
    </p>
   </div>
   <div class='ocr_carea' id='block_1_113' title="bbox 2156 5309 3735 5386">
    <p class='ocr_par' dir='ltr' id='par_1_113' title="bbox 2156 5309 3735 5386">
     <span class='ocr_line' id='line_1_114' title="bbox 2156 5309 3735 5386; baseline -0.005 -14"><span class='ocrx_word' id='word_1_818' title='bbox 2156 5334 2272 5383; x_wconf 85' lang='grc' dir='ltr'>και,</span> <span class='ocrx_word' id='word_1_819' title='bbox 2294 5314 2548 5371; x_wconf 85' lang='grc' dir='ltr'>κάκεῖθεν</span> <span class='ocrx_word' id='word_1_820' title='bbox 2570 5314 2631 5369; x_wconf 83' lang='grc' dir='ltr'>τὸ</span> <span class='ocrx_word' id='word_1_821' title='bbox 2658 5314 2796 5385; x_wconf 85' lang='grc' dir='ltr'>ίαμα</span> <span class='ocrx_word' id='word_1_822' title='bbox 2823 5315 2923 5386; x_wconf 77' lang='grc' dir='ltr'>τῆς</span> <span class='ocrx_word' id='word_1_823' title='bbox 2948 5311 3110 5384; x_wconf 72' lang='grc' dir='ltr'>δίψης</span> <span class='ocrx_word' id='word_1_824' title='bbox 3140 5309 3473 5384; x_wconf 81' lang='grc' dir='ltr'>ἀρύσασθαι.</span> <span class='ocrx_word' id='word_1_825' title='bbox 3509 5310 3622 5366; x_wconf 73' lang='grc' dir='ltr'><strong>Καὶ</strong></span> <span class='ocrx_word' id='word_1_826' title='bbox 3642 5310 3735 5364; x_wconf 76' lang='grc' dir='ltr'><strong>τὸν</strong></span> 
     </span>
    </p>
   </div>
   <div class='ocr_carea' id='block_1_114' title="bbox 2154 5403 3737 5483">
    <p class='ocr_par' dir='ltr' id='par_1_114' title="bbox 2154 5403 3737 5483">
     <span class='ocr_line' id='line_1_115' title="bbox 2154 5403 3737 5483; baseline -0.011 -15"><span class='ocrx_word' id='word_1_827' title='bbox 2154 5412 2328 5477; x_wconf 69' lang='grc' dir='ltr'>οὕτως</span> <span class='ocrx_word' id='word_1_828' title='bbox 2356 5412 2577 5483; x_wconf 79' lang='grc' dir='ltr'>ὡραῖον,</span> <span class='ocrx_word' id='word_1_829' title='bbox 2631 5408 2722 5465; x_wconf 81' lang='grc' dir='ltr'>τὸν</span> <span class='ocrx_word' id='word_1_830' title='bbox 2772 5406 2946 5473; x_wconf 77' lang='grc' dir='ltr'>οὕτως</span> <span class='ocrx_word' id='word_1_831' title='bbox 2973 5406 3241 5479; x_wconf 79' lang='grc' dir='ltr'>ἀνδρεῖον,</span> <span class='ocrx_word' id='word_1_832' title='bbox 3279 5406 3314 5479; x_wconf 68' lang='grc' dir='ltr'>ἡ</span> <span class='ocrx_word' id='word_1_833' title='bbox 3343 5403 3449 5459; x_wconf 88' lang='grc' dir='ltr'>ίδία</span> <span class='ocrx_word' id='word_1_834' title='bbox 3494 5405 3633 5477; x_wconf 67' lang='grc' dir='ltr'>γυνὴ</span> <span class='ocrx_word' id='word_1_835' title='bbox 3658 5403 3737 5469; x_wconf 80' lang='grc' dir='ltr'><strong>ὡς</strong></span> 
     </span>
    </p>
   </div>
   <div class='ocr_carea' id='block_1_115' title="bbox 2157 5497 3740 5579">
    <p class='ocr_par' dir='ltr' id='par_1_115' title="bbox 2157 5497 3740 5579">
     <span class='ocr_line' id='line_1_116' title="bbox 2157 5497 3740 5579; baseline -0.008 -16"><span class='ocrx_word' id='word_1_836' title='bbox 2157 5506 2413 5579; x_wconf 72' lang='grc' dir='ltr'>πολέμιον</span> <span class='ocrx_word' id='word_1_837' title='bbox 2439 5506 2552 5569; x_wconf 76' lang='grc' dir='ltr'>τοῖς</span> <span class='ocrx_word' id='word_1_838' title='bbox 2582 5500 2902 5573; x_wconf 82' lang='grc' dir='ltr'>ἀλλοφύλοις</span> <span class='ocrx_word' id='word_1_839' title='bbox 2927 5500 3265 5573; x_wconf 74' lang='grc' dir='ltr'>παρέδωκεν.</span> <span class='ocrx_word' id='word_1_840' title='bbox 3288 5498 3391 5554; x_wconf 75' lang='grc' dir='ltr'><strong>Διὰ</strong></span> <span class='ocrx_word' id='word_1_841' title='bbox 3420 5497 3578 5552; x_wconf 83' lang='grc' dir='ltr'>τοῦτο</span> <span class='ocrx_word' id='word_1_842' title='bbox 3602 5511 3740 5567; x_wconf 85' lang='grc' dir='ltr'>παρ-</span> 
     </span>
    </p>
   </div>
   <div class='ocr_carea' id='block_1_116' title="bbox 2157 5591 3738 5671">
    <p class='ocr_par' dir='ltr' id='par_1_116' title="bbox 2157 5591 3738 5671">
     <span class='ocr_line' id='line_1_117' title="bbox 2157 5591 3738 5671; baseline -0.007 -15"><span class='ocrx_word' id='word_1_843' title='bbox 2157 5600 2413 5671; x_wconf 71' lang='grc' dir='ltr'>αγγέλλει</span> <span class='ocrx_word' id='word_1_844' title='bbox 2470 5614 2554 5651; x_wconf 91' lang='grc' dir='ltr'><strong>σοι</strong></span> <span class='ocrx_word' id='word_1_845' title='bbox 2586 5598 2614 5650; x_wconf 85' lang='grc' dir='ltr'><strong><em>ὸ</em></strong></span> <span class='ocrx_word' id='word_1_846' title='bbox 2636 5596 2923 5669; x_wconf 82' lang='grc' dir='ltr'>προφήτης</span> <span class='ocrx_word' id='word_1_847' title='bbox 2939 5613 2952 5626; x_wconf 89' lang='grc'><strong>·</strong></span> <span class='ocrx_word' id='word_1_848' title='bbox 2993 5592 3125 5649; x_wconf 74' lang='grc' dir='ltr'><strong>Ἀπὸ</strong></span> <span class='ocrx_word' id='word_1_849' title='bbox 3143 5591 3254 5664; x_wconf 83' lang='grc' dir='ltr'>τῆς</span> <span class='ocrx_word' id='word_1_850' title='bbox 3277 5591 3605 5664; x_wconf 76' lang='grc' dir='ltr'>συγκοίτου</span> <span class='ocrx_word' id='word_1_851' title='bbox 3623 5606 3738 5645; x_wconf 84' lang='grc' dir='ltr'><strong>σου</strong></span> 
     </span>
    </p>
   </div>
   <div class='ocr_carea' id='block_1_117' title="bbox 2156 5681 3736 5760">
    <p class='ocr_par' dir='ltr' id='par_1_117' title="bbox 2156 5681 3736 5760">
     <span class='ocr_line' id='line_1_118' title="bbox 2156 5681 3736 5760; baseline -0.009 -15"><span class='ocrx_word' id='word_1_852' title='bbox 2156 5687 2441 5760; x_wconf 69' lang='grc' dir='ltr'>φύλαξαι,</span> <span class='ocrx_word' id='word_1_853' title='bbox 2462 5684 2569 5741; x_wconf 78' lang='grc' dir='ltr'>τοῦ</span> <span class='ocrx_word' id='word_1_854' title='bbox 2603 5683 2933 5741; x_wconf 79' lang='grc' dir='ltr'>ἀναθέσθαι</span> <span class='ocrx_word' id='word_1_855' title='bbox 2952 5681 3107 5753; x_wconf 78' lang='grc' dir='ltr'>αὐτῇ</span> <span class='ocrx_word' id='word_1_856' title='bbox 3133 5701 3208 5739; x_wconf 85' lang='grc' dir='ltr'>τι.</span> <span class='ocrx_word' id='word_1_857' title='bbox 3246 5682 3384 5738; x_wconf 76' lang='grc' dir='ltr'><strong>Είπὲ</strong></span> <span class='ocrx_word' id='word_1_858' title='bbox 3428 5699 3554 5754; x_wconf 91' lang='grc' dir='ltr'>μοι,</span> <span class='ocrx_word' id='word_1_859' title='bbox 3588 5682 3736 5749; x_wconf 74' lang='grc' dir='ltr'>ποῖον</span> 
     </span>
    </p>
   </div>
   <div class='ocr_carea' id='block_1_118' title="bbox 2158 5768 3733 5854">
    <p class='ocr_par' dir='ltr' id='par_1_118' title="bbox 2158 5768 3733 5854">
     <span class='ocr_line' id='line_1_119' title="bbox 2158 5768 3733 5854; baseline -0.008 -17"><span class='ocrx_word' id='word_1_860' title='bbox 2158 5780 2346 5854; x_wconf 79' lang='grc' dir='ltr'>θηρίον</span> <span class='ocrx_word' id='word_1_861' title='bbox 2374 5779 2517 5835; x_wconf 86' lang='grc' dir='ltr'><strong>κατά</strong></span> <span class='ocrx_word' id='word_1_862' title='bbox 2539 5768 2633 5834; x_wconf 73' lang='grc' dir='ltr'><strong>τοῦ</strong></span> <span class='ocrx_word' id='word_1_863' title='bbox 2659 5777 2790 5834; x_wconf 89' lang='grc' dir='ltr'>ίδίου</span> <span class='ocrx_word' id='word_1_864' title='bbox 2829 5777 3059 5852; x_wconf 81' lang='grc' dir='ltr'>ἀρρενος</span> <span class='ocrx_word' id='word_1_865' title='bbox 3089 5773 3315 5831; x_wconf 84' lang='grc' dir='ltr'>τοιαῦτα</span> <span class='ocrx_word' id='word_1_866' title='bbox 3346 5774 3413 5829; x_wconf 78' lang='grc' dir='ltr'>ἂν</span> <span class='ocrx_word' id='word_1_867' title='bbox 3440 5771 3733 5846; x_wconf 70' lang='grc' dir='ltr'>ἐμελέτησε</span> 
     </span>
    </p>
   </div>
   <div class='ocr_carea' id='block_1_119' title="bbox 2161 5867 3732 5948">
    <p class='ocr_par' dir='ltr' id='par_1_119' title="bbox 2161 5867 3732 5948">
     <span class='ocr_line' id='line_1_120' title="bbox 2161 5867 3732 5948; baseline -0.004 -17"><span class='ocrx_word' id='word_1_868' title='bbox 2161 5873 2415 5945; x_wconf 77' lang='grc' dir='ltr'>πώποτες</span> <span class='ocrx_word' id='word_1_869' title='bbox 2447 5874 2583 5930; x_wconf 82' lang='grc' dir='ltr'>Ποία</span> <span class='ocrx_word' id='word_1_870' title='bbox 2620 5873 2678 5929; x_wconf 79' lang='grc' dir='ltr'>δὲ</span> <span class='ocrx_word' id='word_1_871' title='bbox 2707 5872 2977 5948; x_wconf 84' lang='grc' dir='ltr'>δράκαινα</span> <span class='ocrx_word' id='word_1_872' title='bbox 3014 5872 3107 5930; x_wconf 80' lang='grc' dir='ltr'>τὸν</span> <span class='ocrx_word' id='word_1_873' title='bbox 3138 5871 3269 5929; x_wconf 84' lang='grc' dir='ltr'>ίδιον</span> <span class='ocrx_word' id='word_1_874' title='bbox 3296 5869 3565 5943; x_wconf 82' lang='grc' dir='ltr'>όμόζυγον</span> <span class='ocrx_word' id='word_1_875' title='bbox 3596 5867 3732 5924; x_wconf 73' lang='grc' dir='ltr'>ἀπσ-</span> 
     </span>
    </p>
   </div>
  </div>
