4010 6302
296 330 435 399 2329
1577 329 1816 392 SACRA
1849 329 1891 391 Ρ

1994 325 2312 390 ΑΒΕΕΕΛ.
3435 326 3573 392 1330

289 430 478 497 λέσθαι
502 441 684 507 θέλεις
731 441 867 496 Ποία
912 441 970 495 δὲ
1002 441 1190 496 λέαινα
1217 441 1312 496 τὸν
1361 442 1492 500 ίδιον
1541 442 1713 515 ἄνδρα
1747 441 1883 516 πρὸς

1994 455 2116 494 cum
2148 446 2380 510 propter
2405 452 2559 508 aqua:
2597 441 2883 511 penuriam
2928 444 3021 499 siti
3071 453 3360 514 correptus
3403 442 3572 515 414

299 536 515 609 σφαγὴν
568 535 970 606 παραδίδωσιν;
1047 535 1212 606 Ὀρᾷς
1265 535 1349 589 ὅτι
1405 536 1880 605 ἐπιτετευγμένως

1994 541 2227 594 orasset.
2261 548 2334 586 ex
2364 541 2583 586 mortua
2620 535 2806 588 statim
2835 535 3102 608 aridaque
3131 537 3375 600 maxilla,
3403 552 3568 608 quam

288 618 446 682 εἶπεν
471 630 505 699 ἡ
524 628 692 697 Σοφία
711 627 794 694 τὸ,
827 630 951 682 Οὺκ
980 627 1115 682 ἐστι
1160 627 1394 697 κεφαλή
1426 627 1581 697 ὑπὲρ
1601 628 1882 698 κεφαλὴν

1994 637 2155 677 manu
2205 622 2447 687 tenebat,
2491 639 2647 694 aqua:
2677 627 2879 681 educto
2933 628 3101 696 lente,
3144 630 3269 683 hinc
3311 629 3432 684 sitis
3485 644 3570 682 re-

291 719 503 789 ὅέρεως,
529 719 628 773 καί
649 722 760 775 οὐκ
789 721 924 775 ἐστι
947 720 1125 774 κακία
1153 720 1306 788 ὑπὲρ
1321 721 1539 775 κακίαν
1567 723 1874 794 γυναικός.

291 813 401 866 Καὶ
422 811 568 880 ἅπαξ
601 813 810 879 ἁπλῶς,
835 815 863 867 ὁ
889 813 1028 883 ἔχων
1063 815 1298 882 γυναῖκα
1321 813 1587 886 πσνηράν,
1617 814 1879 882 γινωσκέ-

291 923 392 968 ro).
422 907 504 960 ὅτι
528 907 628 978 ἥδη
654 908 781 971 τοὺς
817 908 1044 978 μισθοὺς
1072 907 1183 962 τῶν
1215 907 1456 978 ἀνομιῶν
1487 907 1652 963 αὐτοῦ
1684 907 1866 978 exopi-

297 1017 428 1054 σατο
447 1015 460 1030 ⁸
500 1000 671 1070 Γυνὴ
702 997 936 1070 πονηρὰ
965 1000 1169 1070 ἀνόμῳ
1185 999 1355 1071 μερίς
1379 999 1722 1067 δοθήσεται,
1742 999 1876 1062 ἀντὶ

294 1088 416 1146 τῶν
447 1091 640 1161 ἔργων
669 1089 883 1145 αὑτοῦ.

1988 714 2533 772 ωοάἰιιωίιὲιιιεετιι.
2571 718 2633 772 Et
2673 725 2854 775 tamen
2889 723 3080 776 vlrum-
3109 732 3214 775 tam
3257 721 3568 792 pulchrum,

1984 816 2094 863 tam
2125 807 2343 875 fortem,
2380 813 2602 881 propria
2651 813 2824 883 ipsius
2855 830 3014 882 uxor,
3060 824 3320 886 tanquam
3350 815 3563 869 hostem

1955 904 2274 979 'all0pbylis
2323 906 2580 976 prodidit.
2628 907 2998 975 Quamobrem
3070 911 3174 964 hoc
3224 909 3320 963 tibi
3360 923 3389 960 a
3434 922 3565 984 pro-

2008 997 2169 1069 pheta
2227 1000 2547 1071 praeeipitur
2596 1003 2684 1056 :A
2731 1003 2955 1074 conjuge
2998 1011 3088 1056 tua
3123 1018 3272 1065 cave,
3324 1017 3386 1055 ne
3412 999 3568 1069 quid-

1987 1105 2146 1159 quam
2177 1091 2227 1145 ei
2279 1093 2630 1156 commendes.
2685 1092 2838 1150 Cedo
2890 1096 2980 1151 dic
3012 1095 3167 1158 mibi,
3214 1112 3339 1166 (ιιιιιι
3380 1094 3563 1148 bellua

299 1185 565 1242 adversus
626 1199 833 1239 marem
886 1201 1048 1240 suum
1096 1182 1371 1254 ejusmodi
1423 1180 1633 1252 aliquid
1684 1180 1873 1235 molita
1913 1182 2208 1250 est‘lQua:
2231 1183 2488 1241 draczena
2531 1188 2823 1260 coniugem
2884 1205 3042 1244 suum
3111 1188 3295 1242 studet
3359 1187 3567 1240 interli-

300 1277 460 1333 cere?
489 1276 620 1342 Qua
651 1278 820 1332 leaena
865 1260 1176 1332 masculum
1221 1291 1386 1331 suum
1421 1274 1488 1329 ad
1521 1275 1728 1329 caedem
1763 1273 1971 1330 tradit?
2033 1274 2202 1335 Vides
2266 1294 2433 1350 quam
2493 1282 2743 1352 apposite
2809 1282 3082 1354 sapientia
3123 1281 3325 1336 dixerit
3360 1299 3372 1334 :
3445 1276 3565 1331 Non

300 1381 380 1427 est
408 1383 570 1443 caput
604 1390 764 1442 super
811 1386 971 1443 caput
1007 1374 1290 1443 serpentis,
1334 1382 1384 1427 et
1463 1389 1565 1426 non
1607 1380 1688 1427 est
1757 1371 1967 1428 malitia
2007 1389 2166 1445 super
2207 1375 2473 1430 malitiam
2513 1376 2775 1432 mulieris.
2823 1375 3000 1447 Atque
3039 1386 3098 1431 ut
3147 1377 3199 1429 in
3235 1390 3449 1429 summa
3481 1372 3563 1426 dt-

303 1480 448 1530 cam,
499 1466 593 1536 qui
625 1465 935 1540 improbam
982 1481 1208 1522 uxorem
1258 1465 1445 1529 habet,
1487 1464 1622 1520 illud
1684 1466 1925 1530 noverit,
2005 1482 2065 1522 se
2109 1466 2225 1538 jam
2291 1467 2646 1536 iniquitatum
2698 1487 2927 1528 suarum
2993 1470 3296 1526 mercedem
3355 1471 3565 1528 tulisse.

313 1561 456 1616 Audi
522 1561 670 1618 enim
725 1559 861 1631 quid
918 1575 1142 1617 rursum
1190 1558 1476 1631 Scriptura
1527 1559 1887 1632 pronuntiet:
1929 1557 2129 1615 Mulier
2154 1559 2508 1632 ntalainiquo
2534 1561 2752 1618 dabitur
2791 1567 2845 1620 in
2877 1567 3175 1634 portionem
3241 1582 3337 1635 pro
3398 1572 3569 1637 operi-

303 1660 398 1714 bus
437 1658 604 1713 illius.

388 1753 685 1825 Ἀφόρητός
712 1755 828 1807 ἐστι
858 1753 997 1824 γυνὴ
1023 1753 1458 1824 κολακευομένη,
1497 1752 1598 1825 τὴν
1627 1751 1752 1824 ὄψιν
1777 1749 1886 1806 ὥσ·

2063 1745 2252 1816 h‘jnsil.
2287 1777 2355 1788 ——
2391 1744 2757 1803 lntolerabilis
2802 1756 2885 1805 est
2937 1749 3131 1802 mulier
3164 1764 3284 1820 qua:
3311 1757 3565 1804 assenta-

305 1865 412 1917 περ
440 1845 679 1918 λειμῶνα
701 1846 1072 1914 διανθίζουσα,
1099 1847 1356 1912 ποικίλως
1373 1845 1500 1917 φύει
1525 1845 1624 1911 τὰς
1654 1844 1888 1918 παρειὰς

304 1941 739 2012 ὲρυθραίνουσα·
802 1940 995 2012 ἀμύλῳ
1049 1958 1128 2007 τε,
1162 1940 1435 2012 οίνανθίῳ,
1465 1939 1740 2011 φαύατίῳ,
1791 1939 1888 1993 καὶ

302 2034 592 2106 ψιμμυθίῳ
621 2034 682 2088 τὸ
706 2039 996 2105 πρόσωπον
1015 2035 1396 2101 λευκαίνουσα,
1420 2035 1512 2090 καὶ
1542 2035 1735 2106 μέλανι
1763 2035 1888 2100 τοὺς

303 2124 620 2195 ὀφθαλμοὺς
682 2125 1108 2196 ύπογρὰφουσα·
1163 2129 1387 2198 χρυσοῖς
1433 2126 1488 2181 δὲ
1538 2128 1766 2198 κόσμοις
1795 2127 1887 2181 τὸν

304 2217 576 2289 τράχηλον
597 2218 790 2289 αὐτῆς,
805 2218 904 2284 τὰς
930 2221 1138 2290 χεῖρας,
1155 2219 1366 2283 καὶτὰς
1391 2219 1588 2291 τρίχας
1611 2219 1886 2274 καλλωπί-

307 2310 498 2376 ζουσα,
533 2310 629 2365 καὶ
664 2310 761 2381 τὴν
797 2311 1047 2383 μαλακὴν
1095 2313 1269 2384 αὐτῆς
1322 2312 1529 2386 ἐσθῆτα
1580 2315 1886 2386 μυρίσμασι

305 2401 585 2471 διαφόροις
617 2402 976 2467 καπνίζουσα.
1013 2405 1168 2460 Ἔστι
1194 2405 1253 2458 δὲ
1273 2405 1444 2476 παγὶς
1487 2405 1885 2478 θανατηφόρος,

307 2491 396 2546 διὰ
426 2493 616 2548 πασῶν
664 2493 773 2546 τῶν
801 2493 1109 2565 αἰσθήσεων
1156 2495 1447 2564 ἀπάγουσα
1489 2496 1580 2550 τὸν
1618 2497 1758 2561 νέον,
1788 2495 1887 2568 τὴν

310 2582 412 2652 μὲν
437 2583 561 2656 δψιν
590 2585 653 2640 ὲκ
676 2584 772 2639 τοῦ
810 2587 1141 2658 φαινομένου
1191 2588 1584 2661 καλλωπισμοῦ
1608 2628 1622 2655 ,
1684 2589 1783 2662 τὴν
1830 2587 1888 2643 δὲ

308 2677 479 2748 ἀκοὴν
503 2681 624 2742 ταῖς
660 2679 956 2750 μαλακίαις
989 2679 1330 2752 μαγεύουσα.

381 2769 524 2843 Γυνὴ
551 2770 613 2824 τὸ
637 2770 931 2841 ὑποζύγιον
957 2772 1019 2827 τὸ
1045 2773 1235 2839 κακὸν,
1283 2775 1312 2828 ό
1345 2773 1565 2848 σκώληξ
1590 2776 1619 2830 ό
1651 2776 1888 2849 συρόμε-

307 2877 423 2930 νος,
449 2864 478 2917 ό
510 2862 717 2930 ἐνοικος
744 2866 839 2920 τοῦ
868 2867 1065 2939 Ἀδὰμ,
1095 2868 1192 2922 τοῦ
1217 2867 1447 2939 ψεύδους
1478 2870 1511 2942 ἡ
1537 2869 1806 2943 θυγάτηρ,
1855 2874 1888 2944 ἡ

312 2955 529 3029 φυλακὴ
573 2957 672 3012 τοῦ
721 2959 1070 3032 παραδείσου,
1101 2960 1197 3016 τοῦ
1238 2961 1413 3034 Ἀδὰμ
1437 2963 1471 3034 ἠ
1496 2963 1814 3037 ἑκϐλητρία,
1859 2965 1888 3020 ό

313 3048 571 3121 πολέμιος
601 3049 842 3125 ὅλεθρος,
875 3054 908 3124 ἠ
937 3051 1106 3126 ῑχθρα
1139 3055 1242 3126 τῆς
1274 3056 1519 3128 εἰρήνης.

1991 1840 2233 1895 tionibus
2297 1839 2668 1907 demulcetur,
2739 1855 2864 1913 qua:
2937 1841 3150 1896 vultum
3201 1843 3377 1896 instar
3428 1843 3567 1912 prati

1991 1934 2162 1988 variis
2193 1932 2426 1988 ﬂoribus
2457 1940 2715 2000 exornat,
2754 1949 2878 2004 qua:
2908 1948 3079 2006 genas
3107 1935 3273 1990 stibio
3309 1935 3569 1990 rubicun-

1988 2027 2088 2083 das
2120 2026 2323 2093 reddit,
2360 2042 2480 2096 qua:
2527 2026 2713 2083 amido
2745 2034 2799 2083 et
2831 2043 3030 2084 cerusa
3087 2028 3280 2084 faciem
3318 2031 3562 2095 dealbat,
3678 2033 3681 2035 “

1988 2136 2109 2191 quas
2151 2127 2463 2175 atramento
2523 2120 2702 2194 pingit
2774 2122 2990 2189 oculos,
3045 2125 3563 2192 quasornamentis

1989 2218 2173 2272 aureis
2220 2216 2452 2282 collum,
2494 2225 2813 2284 et-manus,
2844 2227 2901 2273 et
2933 2234 3149 2274 comam
3206 2220 3561 2284 condecorat,

1988 2319 2044 2365 et
2077 2311 2291 2366 mollem
2327 2319 2534 2366 vestem
2567 2326 2728 2368 suam
2751 2311 3018 2368 odoribus
3061 2313 3229 2370 variis
3263 2314 3564 2385 perfundit.

1991 2401 2087 2457 Est
2119 2411 2377 2473 prasterea
2413 2405 2666 2475 laqueus,
2709 2404 2979 2465 exitiosus
3011 2407 3270 2478 juvenem
3307 2424 3403 2480 per
3443 2423 3568 2462 om-

1991 2510 2088 2552 nes
2125 2512 2321 2555 sensus
2348 2497 2652 2565 abducens,
2684 2507 2850 2572 atque
2888 2507 3003 2555 tum
3045 2500 3216 2572 ipsius
3248 2502 3439 2557 oculos
3474 2516 3570 2573 per

1991 2599 2271 2654 ornatum,
2324 2605 2486 2661 quem
2543 2591 2902 2662 spectandum
2959 2591 3188 2662 pmbet.
3243 2601 3358 2648 tum
3405 2609 3569 2649 aures

1993 2695 2090 2751 per
2122 2695 2441 2738 sermonum
2475 2681 2775 2740 blanditias
2801 2683 2953 2740 velut
2983 2684 3296 2740 incantans.

2066 2774 2258 2831 Mulier
2328 2776 2642 2846 iumentum
2723 2775 2955 2842 malum,
3049 2778 3254 2834 vermis
3321 2787 3572 2849 reptans,

1993 2869 2184 2924 Adami
2256 2870 2694 2937 contubernalis,
2763 2871 3034 2928 mendacii
3113 2871 3244 2942 lilia,
3319 2873 3570 2928 custodia

1995 2963 2258 3034 paradisi,
2289 2963 2566 3035 expultrix
2623 2962 2846 3033 Adaml,
2881 2964 3060 3022 bostis
3099 2965 3438 3037 perniciosa,
3473 2982 3584 3038 pan

1992 3072 2072 3111 CIS
2102 3073 2343 3115 llllllllca.

385 3140 459 3194 Οὐ
483 3140 560 3213 τῷ
588 3139 727 3214 ξύλῳ
750 3143 781 3196 ό
802 3142 933 3208 Θεὸς
993 3146 1287 3216 ἐχαρίσατο
1316 3146 1417 3217 τὴν
1463 3147 1669 3214 γνῶσιν
1719 3147 1887 3207 καλοῦ

2063 3146 2209 3208 Deus
2233 3149 2358 3205 boni
2393 3157 2447 3205 et
2479 3150 2607 3205 mali
2648 3149 2943 3206 scientiam
2996 3149 3144 3223 ligno
3178 3166 3287 3206 non
3324 3151 3571 3223 praebue-

316 3235 411 3287 καὶ
439 3235 698 3307 πονηροῦ,
737 3234 860 3291 οὗτε
893 3238 1278 3311 κατεκρέμασε
1311 3239 1374 3294 τὸ
1400 3239 1618 3311 λογικὸν
1642 3242 1738 3296 τοῦ
1762 3242 1909 3299 ἀλύο-

315 3344 436 3398 γου.
469 3329 543 3384 Τὸ
564 3330 673 3402 γὰρ
713 3331 879 3403 φυτὸν
908 3332 1103 3402 ἄλογον
1125 3373 1140 3402 ,
1176 3335 1206 3388 ό
1231 3333 1288 3388 δὲ
1326 3333 1614 3407 ἄνθρωπος
1653 3337 1892 3406 λογικός,

315 3421 430 3475 οὐκ
450 3416 519 3493 ἦν
543 3420 604 3476 τὸ
633 3421 790 3489 ξύλον
816 3424 985 3481 καλοῦ
1019 3425 1115 3480 καὶ
1143 3425 1390 3501 πονηροῦ
1414 3427 1538 3499 ἔχον
1573 3429 1797 3498 γνῶσιν.
1828 3429 1893 3486 Εί

314 3513 373 3568 δὲ
404 3512 464 3568 τὸ
489 3513 645 3580 ξύλον
675 3511 788 3587 εἶχε
822 3517 1028 3587 γνῶσιν
1053 3517 1294 3586 πάντως,
1327 3521 1422 3576 καὶ
1460 3519 1680 3591 λογικὸν
1714 3523 1893 3595 ὑπῆρ-

315 3623 434 3676 χεν,
464 3606 593 3675 εδει,
642 3610 742 3680 τῆς
792 3609 934 3677 Elia;
984 3611 1255 3686 ἀπιούσης
1299 3612 1484 3667 λαϐεῖν
1527 3612 1624 3667 τοῦ
1651 3612 1893 3689 καρποῦ,

314 3701 489 3756 εἰπεῖν
515 3701 575 3756 τὸ
598 3702 817 3776 δένδρον
845 3707 982 3779 πρὸς
1007 3705 1108 3778 τὴν
1131 3708 1363 3776 γυναῖκα
1381 3724 1394 3739 ·
1413 3707 1478 3763 Τί
1498 3709 1692 3776 ποιεῖς,
1716 3709 1849 3778 γυνή
1873 3723 1890 3776 ;

314 3793 491 3859 θέλεις
519 3794 585 3850 ἐκ
609 3796 700 3850 τοῦ
722 3796 937 3868 καρποῦ
969 3816 1071 3870 μου
1101 3799 1433 3869 γεύσασθαι;
1467 3801 1542 3874 μὴ
1574 3803 1777 3876 φάγῃς,
1805 3801 1894 3856 ἵνα

321 3888 396 3962 μὴ
434 3889 732 3964 ἀποθάνῃς.
774 3893 930 3947 Κατά
981 3894 1216 3966 σεαυτῆς
1251 3893 1432 3966 βούλει
1487 3913 1556 3966 με
1594 3897 1888 3968 τρυγῆσαι.

317 3982 509 4059 Τέρπη
547 4002 650 4055 μου
686 3985 766 4058 τῷ
803 3986 1024 4059 καρπῷ,
1057 3986 1195 4043 ἀλλά
1239 3986 1466 4052 θάνατος
1494 3987 1760 4057 ἔγκειται.
1798 3986 1891 4059 Μὴ

317 4075 425 4146 γὰρ
452 4075 552 4136 odit
583 4075 730 4148 ἔχεις
776 4076 838 4143 ἐξ
882 4071 958 4132 ὧν
997 4077 1176 4152 φάγῃς
1200 4095 1215 4144 ;
1241 4079 1306 4132 Τί
1332 4075 1427 4134 οὗν
1453 4079 1553 4132 οὐκ
1591 4077 1891 4144 ἀπολαύεις

315 4165 634 4232 ἀκινδύνως,
669 4167 782 4221 ἀλλ’
809 4169 1096 4240 ἐπιθυμεῖς
1119 4169 1411 4242 όλεθρίωςς
1441 4169 1636 4238 θέλεις,
1677 4169 1890 4224 καλέσω

315 4259 408 4312 τὸν
433 4258 602 4330 ἄνδρα
631 4278 747 4326 σου,
777 4262 872 4315 καὶ
911 4263 1052 4316 είπω
1069 4261 1169 4334 τὴν
1197 4261 1400 4332 πρᾶξίν
1428 4264 1651 4332 σου,ῐνα
1683 4266 1892 4340 μισὴσῃ

317 4354 416 4424 τὴν
450 4353 672 4427 γνώμην
696 4372 824 4423 σου;
867 4356 985 4410 Ἵνα
1017 4357 1081 4411 σὺ
1107 4356 1371 4429 τερφθῇς,
1398 4358 1608 4421 ἐκείνος
1634 4356 1893 4428 ἀφανίζε-

316 4465 435 4502 ται·
473 4449 560 4503 ἵνα
604 4450 668 4504 σὺ
701 4450 902 4525 φάγῃς,
931 4452 1140 4516 ἐκεῖνος
1193 4451 1558 4524 ἀποθνήσκειο
1596 4452 1683 4506 ἵνα
1714 4451 1779 4506 σὺ
1814 4451 1892 4524 τῷ

315 4539 439 4608 ὄφει
484 4541 917 4614 προσομιλήσῃς,
963 4542 1170 4608 ἐκεῖνος
1198 4541 1294 4597 τοῦ
1317 4541 1452 4597 Θεοῦ
1486 4541 1890 4616 ἀλλοτριοῦται.
1925 4528 1969 4583 Ῑ)

332 4632 472 4688 Ἀλλ’
499 4631 653 4688 οὐδὲν
699 4635 904 4692 τούτων
931 4631 1054 4689 εἶπε
1100 4634 1161 4689 τὸ
1183 4633 1422 4707 δένδρον.
1451 4637 1551 4690 Διά
1589 4634 1647 4690 τί
1659 4653 1676 4705 ;
1724 4636 1808 4692 ὅτι
1829 4637 1890 4692 ού

323 4728 542 4799 μετεῖχε
570 4724 755 4796 λόγου,
799 4727 938 4786 ἀλλὰ
965 4728 1131 4798 νόμον
1176 4727 1499 4792 ὶύάσταζεν.
1534 4728 1749 4802 Ὠσπερ
1781 4728 1892 4800 γὰρ

322 4817 528 4888 βιϐλίον
570 4819 874 4890 όλόγραφαν
906 4821 966 4874 οὺ
999 4819 1298 4891 φθέγγεται
1338 4819 1410 4874 δι’
1451 4820 1642 4886 αὑτοῦ,
1663 4821 1815 4875 λαλεῖ
1836 4821 1894 4876 δὲ

319 4908 410 4962 διὰ
436 4909 546 4963 τῶν
572 4911 630 4963 ὲν
650 4909 820 4982 αὐτῷ,
853 4911 996 4970 οὕτω
1024 4911 1119 4965 καὶ
1147 4911 1208 4965 τὸ
1243 4911 1458 4983 δένδρον
1485 4913 1606 4968 ἀντὶ
1633 4914 1894 4986 γραμμᾶ-

319 5018 430 5054 των
456 5000 548 5055 τὸν
569 5001 732 5072 νόμον
766 5001 1148 5073 προεύάλλετο.
1172 5004 1329 5060 Ποῖον
1344 5003 1542 5075 νόμον;
1569 5006 1707 5061 Ἀπὸ
1739 5019 1892 5060 παν-

318 5098 425 5163 τὸς
445 5095 637 5161 ξύλου
661 5097 767 5152 τοῦ
802 5097 1122 5168 γινώσκειν
1149 5098 1340 5154 καλὸν
1384 5099 1484 5154 καί
1514 5099 1784 5171 πονηρὸν
1819 5101 1893 5155 οὐ

320 5187 588 5257 φάτεσθε
610 5189 712 5244 ἀπ’
732 5190 941 5245 αὐτοῦ.
973 5186 1058 5263 ’ῌ
1078 5191 1132 5244 δ’
1163 5190 1242 5246 ἂν
1273 5193 1464 5263 ἡμέρᾳ
1484 5193 1730 5264 φάγητε,
1788 5197 1894 5250 0a-

317 5281 478 5346 νάτῳ
512 5281 933 5339 ἀποθανεῖσθε.
980 5283 1047 5338 Τί
1098 5279 1190 5339 οὖν
1240 5287 1269 5338 ὁ
1293 5285 1566 5356 Μωῦσῆς;
1592 5284 1797 5354 λεγέτω
1824 5285 1893 5340 τὰ

320 5374 613 5430 ἀκόλουθα.
648 5375 756 5430 Kal
783 5371 953 5430 εἶπεν
988 5377 1021 5430 ὁ
1057 5377 1224 5444 Θεὸς,
1267 5379 1342 5432 οὺ
1366 5377 1560 5435 καλὸν
1591 5374 1744 5434 εἶναι
1788 5379 1894 5434 τὸν

321 5465 637 5537 ἄνθρωπον
655 5467 885 5538 μόνον⁹
933 5469 1280 5540 ποιήσωμεν
1304 5470 1465 5537 αὐτῷ
1497 5471 1733 5540 ,ϐοηθόν
1765 5474 1895 5529 κατ’

317 5556 529 5613 αὐτόν.
554 5558 778 5630 Βοηθὸν,
804 5557 904 5613 ούκ
925 5559 1279 5632 ἀνδροκτόνον
1295 5578 1309 5594 ο
1335 5561 1550 5632 βοηθὸν,
1582 5561 1643 5616 ού
1667 5562 1890 5618 πλάνον·

323 5649 538 5725 βοηθὸν,
571 5652 673 5707 οὐκ
698 5652 1014 5709 ὲπίΰουλον·
1049 5655 1263 5726 βοηθὸν,
1290 5656 1391 5715 ούκ
1425 5655 1726 5711 ἀντίδικον·
1763 5656 1894 5728 βοη-

321 5745 437 5810 θὸν,
470 5747 569 5818 ούχ
625 5747 765 5820 ὑπὲρ
807 5748 1003 5803 αὐτόν’
1062 5747 1185 5807 κατ’
1230 5748 1410 5816 αὐτὸν,
1440 5748 1502 5803 ού
1533 5748 1652 5803 κατ’
1701 5749 1888 5806 αὑτοῦ.

325 5834 671 5908 Καὶ-ἔλασεν
705 5838 738 5892 ό
756 5837 899 5905 Θεὸς
925 5837 1030 5894 τὸν
1055 5837 1384 5911 ἄνθρωπον,
1405 5837 1588 5911 φησιν,
1617 5836 1689 5894 ὃν
1708 5838 1894 5893 emta-

1999 3250 2238 3305 rat,~nec
2269 3255 2382 3298 rem
2409 3243 2623 3299 ratione
2644 3241 2962 3314 praeditam,
2984 3258 3050 3299 ex
3076 3257 3142 3299 eo
3170 3244 3320 3316 quod
3351 3245 3569 3300 ratione

1995 3335 2244 3400 carebat,
2301 3336 2543 3406 pendere
2570 3336 2841 3392 voluerat.
2877 3334 3054 3391 Arbor
3100 3337 3307 3407 quippe
3343 3329 3570 3391 carebat

1996 3428 2206 3484 ratione
2237 3441 2250 3480 :
2285 3428 2452 3484 homo
2484 3443 2616 3484 vero
2643 3428 2858 3483 ratione
2890 3427 3174 3498 praeditus.
3206 3425 3327 3484 Non
3357 3441 3421 3484 ea
3449 3436 3570 3483 erat

1995 3519 2180 3589 arbor,
2213 3527 2272 3575 ut
2302 3519 2428 3576 boni
2465 3529 2518 3575 et
2549 3521 2676 3575 mali
2707 3519 2994 3576 scientiam
3029 3517 3284 3576 baberet.
3310 3517 3407 3574 Sin
3436 3535 3568 3576 vero

1993 3611 2204 3684 lignum
2257 3613 2489 3670 scientia
2532 3614 2862 3670 instructum
2907 3614 3126 3678 luisset.
3157 3615 3317 3686 plane
3342 3629 3565 3686 quoque

1996 3705 2194 3763 luisset
2245 3706 2510 3762 rationale
2545 3724 2558 3762 :
2617 3715 2781 3777 atque
2823 3721 2947 3761 cum
2993 3705 3102 3761 Eva
3134 3705 3201 3761 ad
3235 3706 3565 3765 sumendum

1997 3801 2232 3856 l‘rnctum
2265 3815 2325 3856 se
2358 3807 2723 3868 compararet,
2751 3798 3033 3856 debuisset
3055 3799 3223 3854 arbor
3252 3799 3338 3854 his
3354 3798 3419 3856 ad
3445 3814 3566 3854 eam

1993 3891 2176 3948 verbis
2237 3891 2354 3946 uti:
2412 3889 2552 3957 Quid
2607 3892 2760 3962 agis,
2827 3891 3074 3946 mulier?
3133 3891 3262 3962 quid
3324 3892 3565 3948 fructum

1995 4000 2176 4040 meum
2218 3984 2376 4055 cupis
2405 3985 2665 4056 gustare?
2709 4000 2775 4040 ne
2812 3984 3141 4047 comederis.
3177 4000 3244 4040 ne
3284 3984 3564 4040 moriaris.

1995 4078 2050 4133 In
2097 4079 2176 4132 tul
2232 4079 2530 4152 perniciem
2583 4079 2666 4134 vis
2698 4093 2783 4134 me
2831 4078 3152 4150 decerpere.
3203 4076 3408 4133 Fructu
3443 4092 3566 4132 meo

1992 4171 2318 4229 delectaris:
2360 4187 2548 4228 verum
2590 4171 2719 4226 huic
2754 4187 2902 4226 mors
2948 4171 3169 4227 insidet.
3214 4170 3412 4225 Annon
3466 4171 3561 4223 ba-

1994 4262 2091 4318 bes
2123 4263 2328 4333 quibus
2359 4262 2635 4318 vescaris?
2685 4261 2830 4329 Quid
2866 4277 2998 4332 ιιι-ευ
3024 4277 3088 4316 ex
3127 4261 3193 4316 iis
3227 4257 3436 4330 absque
3469 4275 3565 4330 pec

1995 4353 2172 4408 riculo
2233 4368 2342 4410 non
2395 4368 2606 4421 sumas,
2653 4352 2747 4408 sed
2797 4367 2860 4408 ea
2912 4353 3127 4423 appetis
3165 4367 3289 4423 quae
3333 4352 3564 4407 exitium

1995 4446 2264 4500 aderant?
2297 4443 2392 4502 Vis
2441 4445 2698 4500 maritum
2748 4455 2902 4502 tuum
2953 4460 3256 4512 accersam,
3301 4457 3567 4515 tuumque

1997 4539 2047 4594 ei
2078 4538 2291 4596 facinus
2321 4554 2617 4620 exponam,
2649 4547 2710 4595 ut
2738 4540 3079 4595 voluntatem
3113 4547 3261 4593 tuam
3303 4539 3432 4594 odio
3466 4539 3566 4592 lia-

1996 4631 2153 4688 bent?
2177 4630 2245 4688 Ut
2271 4640 2326 4688 ιιι
2359 4631 2640 4700 comedas,
2665 4631 2757 4688 ille
2786 4633 3054 4701 moritur;
3086 4642 3144 4687 ut
3171 4640 3226 4686 tu
3246 4631 3564 4697 delecteris,

1996 4723 2088 4778 ille
2133 4723 2539 4794 exstinguitur;
2570 4734 2628 4780 ut
2678 4732 2738 4779 tu
2789 4739 2916 4779 cum
2977 4732 3234 4793 serpente
3289 4723 3564 4793 colloquia

1997 4816 2250 4881 misceas,
2290 4817 2382 4872 ille
2426 4816 2643 4874 alienus
2691 4833 2720 4872 a
2756 4816 2866 4872 Deo
2915 4815 3168 4873 elilcitur.
3202 4816 3268 4870 At
3301 4815 3440 4870 nihil
3469 4817 3566 4870 bo-

1995 4925 2115 4964 rum
2156 4910 2320 4966 arbor
2366 4912 2550 4965 locuta
2589 4917 2694 4966 est.
2729 4909 2872 4977 Quid
2921 4909 3107 4966 istud?
3147 4910 3276 4980 quia
3332 4909 3564 4965 rationis

1993 5016 2194 5068 expers
2224 5010 2365 5068 erat,
2397 5003 2491 5058 sed
2542 5003 2712 5074 legem
2758 5011 2972 5059 tantum
3020 5003 3294 5073 gestabat.
3328 5001 3461 5058 Nam
3495 5004 3566 5058 si-

1993 5104 2092 5149 cut
2129 5094 2289 5160 liber,
2317 5095 2408 5165 qui
2443 5104 2592 5151 totus
2635 5095 2983 5166 conscriptus
3027 5105 3132 5161 est,
3167 5096 3301 5149 nihil
3344 5111 3413 5151 ex
3472 5111 3564 5151 se-

1996 5187 2118 5261 ipso
2146 5190 2412 5260 loquitur,
2461 5190 2707 5260 loquitur
2765 5204 2898 5245 vero
2940 5206 3036 5260 per
3083 5205 3146 5245 ea
3195 5205 3312 5259 qua:
3353 5189 3407 5243 in
3441 5180 3561 5258 ipso

1995 5292 2158 5338 sunt:
2194 5285 2264 5338 ita
2300 5299 2525 5354 quoque
2570 5283 2736 5344 arbor
2774 5297 2877 5354 pro
2917 5283 3118 5339 litteris
3164 5283 3333 5353 legem
3370 5281 3560 5352 praele-

1997 5376 2167 5432 t'ebat.
2204 5375 2378 5443 Quam
2428 5391 2556 5433 vero
2603 5376 2822 5448 legem?
2862 5376 2934 5432 De
2979 5377 3119 5448 ligno
3179 5377 3413 5431 scientia:
3435 5375 3560 5430 boni

1995 5478 2045 5523 et
2097 5469 2221 5523 mali
2269 5485 2334 5523 ne
2363 5468 2671 5525 comedetis.
2702 5465 2765 5522 In
2793 5484 3103 5538 quacunque
3143 5470 3279 5523 enim
3311 5468 3396 5523 (lie
3421 5485 3560 5522 com-

1994 5560 2210 5617 ederitir
2240 5602 2255 5623 ,
2303 5569 2502 5616 morte-
2552 5562 2850 5617 moriemini
2907 5559 3088 5631 (Gen.
3131 5577 3191 5628 LI,
3248 5562 3366 5630 l7).
3417 5559 3560 5626 Quid

1995 5653 2164 5724 igitur
2220 5653 2471 5726 Moyses?
2531 5654 2680 5710 dicat
2745 5669 2868 5725 quae
2906 5662 3244 5725 sequuntur.
3303 5650 3560 5710 Et..di.rit

1996 5747 2182 5804 Deus:
2221 5747 2340 5804 Non
2387 5757 2466 5803 est
2524 5749 2715 5803 bonum
2761 5747 3022 5804 hominem
3073 5763 3187 5802 esse
3224 5745 3435 5800 solum;
3476 5747 3560 5813 la-

1993 5840 2200 5896 eiamus
2248 5841 2296 5896 ei
2347 5840 2658 5913 adjutricem
2688 5841 2914 5898 similem
2951 5841 3062 5904 sibi,
3085 5837 3261 5910 (ibid.
3290 5837 3414 5910 18).
3443 5836 3558 5895 Ad-
