4010 6302
514 350 655 416 i335

1643 360 1704 422 S-
1743 361 2067 426 JOANNIS
2102 363 2539 433 DAMASCENI

3626 373 3766 440 ωε

512 466 638 517 dum
668 466 931 524 descendo
953 469 1010 525 in
1062 472 1458 543 corruptionem
1483 470 1725 544 κΡεαί.
1768 473 2058 546 xxix,10)

2189 482 2791 557 καταφθαρησόμενον;
2840 487 2899 541 τί
2937 486 3314 551 κατακαίεις
3367 488 3630 556 σεαυτὸν,
3669 491 3770 546 καὶ

506 555 648 622 Quid
688 559 822 615 illud
854 561 1027 631 foves,
1047 565 1194 636 quod
1229 567 1393 639 paulo
1425 576 1549 639 post
1577 572 1931 626 interiturum
1959 568 2087 626 est?

505 649 637 718 quid
675 653 907 723 tcipsum
938 657 1198 731 pinguem
1225 665 1282 716 et
1311 661 1694 731 corpulentum
1729 661 1967 720 reddis?
1999 662 2084 717 An

509 756 559 797 te
586 740 750 821 ingit,
777 750 922 821 quod
944 758 1155 820 quanto
1173 754 1508 810 crassiorem
1531 768 1758 811 carnem
1778 763 1930 810 tuam
1958 754 2086 810 red-

507 843 736 914 dideris,
771 850 926 900 tanto
977 845 1213 917 gravius
1233 846 1433 904 animat
1462 855 1574 905 tute
1605 849 1882 905 struxeris
1924 862 2099 920 σεε-ι·

505 939 709 996 stulam
737 936 1076 1007 ?Quomodo
1106 941 1255 997 enim
1294 950 1550 1000 terrenus
1589 952 1644 1000 et
1699 944 1944 1000 carnalis
1978 943 2080 1000 bo-

506 1046 596 1086 mo
629 1030 987 1088 conﬁtebitur
1046 1033 1186 1099 Deo,
1207 1041 1264 1091 et
1289 1035 1579 1092 veritatem
1611 1037 1790 1108 ipsius
1848 1053 2075 1094 annun-

502 1123 702 1179 tiabit'!
727 1123 821 1196 qui
874 1139 944 1180 ne
963 1125 1332 1196 percipienda:
1380 1127 1605 1200 quidem
1638 1129 1908 1186 doctrinae
1939 1139 2080 1187 tem-

505 1216 657 1285 poris
699 1216 915 1289 aliquid
974 1217 1283 1290 impertiat,
1328 1227 1383 1275 et
1408 1221 1472 1276 in
1497 1220 1654 1279 tanta
1693 1224 1884 1281 carnis
1935 1224 2085 1282 mole

500 1306 787 1364 confusam
835 1317 1075 1366 mentem
1115 1310 1334 1368 habeat.

571 1395 763 1468 Ejusd.
797 1430 870 1441 —
901 1398 1134 1457 Sursum
1179 1403 1458 1474 quondam
1496 1404 1743 1463 Adamus
1771 1415 1916 1476 erat,
1965 1423 2076 1465 non

502 1490 646 1558 loco,
706 1490 800 1546 sed
834 1489 1002 1564 517
1050 1494 1218 1549 animi
1271 1495 1609 1553 inductione.
1663 1497 1862 1555 Statim
1919 1517 2075 1571 vero,

497 1601 624 1641 cum
683 1585 833 1640 omni
887 1588 1172 1658 voluptate
1232 1588 1502 1658 aﬂlueret,
1555 1608 1622 1648 ex
1681 1596 1975 1652 saturitate
2017 1597 2075 1654 in

495 1678 858 1750 petulantiam
913 1680 1063 1748 ruit;
1115 1682 1339 1753 quippe,
1378 1685 1473 1754 qui
1522 1685 1628 1742 boc
1668 1686 1820 1760 quod
1851 1691 2073 1749 carneis

494 1771 676 1827 oculis
727 1787 1012 1829 ammnum
1079 1775 1394 1843 videbatur,
1445 1777 1780 1852 intelligibili
1835 1783 1918 1842 illi
1945 1783 2069 1855 pul-

493 1863 802 1920 claritudini
832 1871 1237 1938 anteposuerit,
1267 1877 1324 1925 et
1346 1871 1535 1926 carnis
1578 1871 1875 1944 ingluviem
1901 1877 2070 1948 spiri-

492 1957 742 2016 tualibus
815 1960 1235 2019 oblectamentis
1301 1963 1763 2034 praestabiliorem
1823 1967 2071 2027 duxerit.

493 2048 617 2117 Quo
645 2049 848 2108 factum
880 2061 994 2120 est,
1035 2062 1095 2110 ut
1122 2054 1418 2111 confestim
1445 2073 1477 2114 e
1510 2059 1797 2130 paradiso,
1822 2077 1854 2117 e
1886 2061 2068 2131 beato,

494 2147 750 2218 inquam,
791 2147 883 2204 illo
935 2156 1106 2218 statu,
1141 2154 1471 2212 exturbatus
1493 2155 1601 2223 sit;
1632 2155 1812 2216 malus
1841 2157 2068 2231 quidem

489 2238 695 2305 factus,
724 2255 835 2296 non
866 2243 1224 2310 necessitate,
1254 2246 1351 2303 sed
1377 2246 1774 2319 imprudentia.

563 2330 754 2401 Ejutd.
785 2333 928 2390 liam.
969 2332 1049 2391 De
1065 2337 1241 2408 jejun.
1270 2370 1342 2382 —-
1366 2337 1570 2398 Venter
1615 2343 1760 2402 cibis
1810 2356 2067 2415 onustus,

489 2437 602 2480 non
635 2424 817 2482 dicam
851 2426 918 2482 ad
951 2444 1199 2498 cursum,
1241 2432 1338 2490 sed
1381 2449 1451 2490 ne
1497 2434 1566 2490 ad
1593 2450 1910 2494 sermonem
1943 2438 2071 2512 qui-

487 2516 615 2574 dem
642 2527 803 2590 aptus
853 2531 964 2580 est.
1011 2523 1273 2581 Ciborum
1305 2527 1511 2600 quippe
1564 2530 1722 2604 copia
1763 2546 2069 2604 oppressus

487 2624 617 2667 cum
649 2613 753 2682 sit,
779 2628 857 2671 ne
882 2616 1089 2673 sinitur
1115 2617 1340 2689 quidem
1385 2622 1702 2693 quiescere,
1737 2625 1835 2683 sed
1861 2625 2069 2684 multas

487 2703 547 2759 in
584 2712 872 2779 utramque
897 2717 1111 2780 partem
1144 2713 1548 2771 conversiones
1585 2717 1800 2788 cogitur
1827 2717 2063 2777 allicere.

564 2795 707 2855 Ibid.
738 2829 809 2844 --
829 2797 1031 2860 Venter
1066 2803 1436 2864 infidissimus
1481 2808 1539 2864 in
1572 2811 1924 2868 commerciis
1955 2821 2062 2879 est,

486 2890 717 2950 minime
739 2903 920 2951 tutum
955 2911 1122 2969 penu,
1155 2900 1302 2972 quod
1335 2900 1526 2960 multis
1555 2902 1612 2959 in
1646 2919 1706 2960 se
1738 2906 2062 2976 reconditis,

482 2981 880 3043 detrimentum
927 2991 1152 3062 quidem
1202 2993 1462 3064 retineat,
1511 3010 1636 3067 quae
1695 3011 1828 3054 vero
1861 2998 2062 3056 tradita

483 3076 592 3135 sibi
633 3089 785 3148 sunt,
826 3082 1052 3140 minime
1077 3093 1283 3144 servet.

2185 593 2253 631 πε
2261 582 2541 650 ρισαρκοῖς
2559 598 2575 647 ;
2602 580 2635 652 ἢ
2653 579 2805 654 [ούκῖ
2821 583 3152 653 ἀγνοεῖς,ὃτι
3179 584 3304 638 δσον
3331 587 3650 658 παχυτέραν
3667 586 3768 660 τὴν

2186 670 2369 745 σάρκα
2416 672 2614 730 ἑαυτοῦ
2657 678 2853 742 ποιεῖς,
2885 675 3128 749 τοσούτῳ
3177 675 3482 752 βαρύτερον
3512 682 3580 752 τῇ
3615 680 3765 755 ψυχῇ

2183 763 2620 830 κατασκευάζεις
2649 766 3030 838 δεσμωτήριον
3053 782 3069 834 ;
3099 767 3226 833 Πῶς
3259 769 3368 842 γὰρ
3393 770 3423 824 ό
3450 769 3635 842 χοῖκδς
3668 769 3766 826 lv-

2182 854 2400 928 θρωπος
2443 860 2538 913 καὶ
2568 861 2826 933 σάρκινος
2872 861 3328 935 ἐξομολογήσεται
3365 862 3446 935 τῷ
3477 862 3620 936 Θεῷ,
3665 863 3765 919 καὶ

2181 949 2475 1021 ἀναγγελεῖ
2520 953 2623 1026 τὴν
2678 953 2942 1027 ἀλήθειαν
2977 955 3178 1024 αὐτοῦ,
3226 959 3256 1012 ό
3284 958 3420 1031 μήτε
3471 957 3762 1031 μαθήμασι

2179 1038 2305 1107 δοὺς
2332 1043 2550 1118 καιρὸν,
2601 1046 2697 1100 καὶ
2725 1046 2785 1101 ὲν
2833 1048 3078 1120 τοσούτῳ
3106 1048 3268 1122 βάρει
3302 1049 3405 1121 τῆς
3439 1049 3762 1125 σαρκὸςτδν

2179 1132 2304 1190 νοῦν
2332 1137 2742 1211 συγκεχυμένον
2766 1139 2945 1212 ἔχων;

2249 1405 2357 1467 Ἦν
2387 1429 2522 1467 ποτε
2559 1413 2735 1484 Ἀδὰμ
2752 1414 2888 1480 ἄνω,
2913 1414 2976 1469 ού
3017 1416 3192 1488 τόπῳ,
3231 1416 3370 1473 ἀλλὰ
3397 1419 3465 1491 τῇ
3494 1417 3755 1490 προαιρέ-
3795 1473 3800 1478 ,

2178 1521 2285 1560 σει.
2314 1505 2467 1577 Ταχὺ
2488 1506 2547 1561 δὲ
2577 1506 2761 1580 πάσης
2778 1506 3136 1576 ἀπολαύσεως
3153 1509 3512 1583 ἐμπλησθεὶς,
3539 1510 3753 1583 ιξὺϐρι-

2177 1611 2236 1650 σε
2265 1595 2344 1668 τῷ
2377 1597 2548 1672 κόρῳ,
2569 1597 2632 1653 τδ
2657 1599 2827 1670 φανὲν
2854 1600 3086 1674 τερπνὸν
3115 1604 3231 1668 τοῖς
3250 1602 3528 1675 σαρκίνοις
3553 1603 3752 1674 ὀφθαλ-

2177 1687 2299 1755 μοῖς
2323 1685 2415 1740 τοῦ
2450 1687 2646 1760 νοητοῦ
2681 1691 3033 1764 προτιμήσας
3061 1692 3314 1759 κάλλους,
3355 1693 3453 1748 καὶ
3479 1694 3578 1765 τὴν
3612 1694 3750 1767 πλη·

2176 1776 2384 1849 σμονήν
2419 1780 2521 1853 τῆς
2567 1782 2772 1854 σαρκὸς
2817 1783 2930 1839 τῶν
2970 1786 3359 1857 πνευματικῶν
3398 1787 3750 1844 ἀπολαύσεων

2172 1872 2510 1944 τιμιωτέραν
2530 1872 2780 1947 θέμενος.
2802 1875 2950 1944 Ἔξω
2972 1876 3072 1950 μὲν
3090 1878 3256 1944 εὐθὺς
3275 1878 3373 1934 τοῦ
3397 1880 3746 1952 παραδείσω,

2171 1958 2277 2027 ἔξω
2304 1963 2361 2018 δὲ
2382 1965 2484 2036 τῆς
2511 1968 2793 2040 μακαρίας
2819 1968 3037 2045 ἐκείνης
3059 1970 3358 2045 διαγωγῆς,
3381 1973 3482 2029 οὐκ
3507 1973 3562 2044 ἐξ
3582 1975 3748 2045 ἀνάγ-

2172 2073 2276 2129 κης
2308 2057 2501 2126 κακὸς,
2539 2059 2657 2117 ἀλλ’
2676 2061 2736 2131 ἐξ
2763 2063 3023 2131 ἀϐουλίας
3048 2067 3363 2140 γενόμενος.

2240 2330 2593 2408 Βαρυνομένη
2633 2339 2870 2412 γαστὴρ,
2911 2340 3011 2412 οὐχ
3033 2341 3184 2406 ὅπως
3211 2341 3350 2414 πρὸς
3376 2341 3600 2414 δρόμον,
3628 2339 3745 2395 ἀλλ’

2168 2423 2288 2479 οὐδὲ
2324 2427 2463 2498 πρὸς
2487 2425 2657 2485 ὕπνον
2689 2432 2994 2505 ἐπιτηδεία.
3030 2434 3180 2489 Διότι
3210 2433 3635 2509 καταθλιϐομίνη
3666 2434 3746 2508 τῷ

2167 2518 2389 2592 πλήθει,
2413 2522 2533 2578 οὐδὲ
2577 2525 2814 2597 ἠρεμεῖν
2842 2531 3231 2603 συγχωρεῖται,
3258 2528 3396 2586 ἀλλά
3443 2526 3747 2599 ἀναγνῶ-ξδ’

2166 2628 2258 2668 ται
2284 2613 2488 2681 πολλάς
2514 2619 2902 2689 ποιεῖσθαιτὰς
2931 2620 3305 2697 περιστροφάς
3357 2622 3446 2693 ις’
3489 2621 3740 2694 ἑκάτερα.

2235 2806 2458 2880 Γαστήρ
2487 2805 2863 2878 συναλλάκτης
2895 2803 3045 2880 ἐστὶν
3077 2801 3460 2869 ἀπιστότατος.
3519 2798 3746 2872 ταμεῖον

2159 2879 2498 2974 ἀφύλακτον·
2539 2899 2751 2957 πολλῶν
2798 2879 3195 2965 ἀποτεθέντων,
3219 2894 3321 2970 τήν
3382 2895 3482 2968 μὲν
3540 2893 3745 2969 βλάϐην

2163 2993 2650 3069 παρακατίχουσα,
2673 2993 2745 3050 τὰ
2783 2996 2971 3067 μεντοι
3010 2988 3388 3066 παραδοθέντα
3437 2989 3499 3044 ού
3552 2985 3748 3044 διασώ-

2162 3088 2354 3154 ζουσα.

557 3171 753 3246 Ejusd.
797 3176 946 3234 hom.
971 3177 1051 3235 De
1108 3178 1293 3252 ,ἰδέαι
1329 3212 1398 3224 --
1429 3180 1506 3238 Ne
1535 3181 1664 3240 Eva:
1693 3178 2059 3258 inobsequen-

2234 3176 2328 3249 Μὴ
2369 3175 2588 3248 μιμήσῃ
2628 3174 2729 3248 τῆς
2758 3171 2906 3239 Εὔας
2938 3173 3040 3248 τὴν
3065 3174 3355 3247 παρακοήν
3376 3190 3393 3209 ο
3451 3173 3528 3246 μή
3579 3170 3744 3227 πάλιν

482 3263 617 3319 tiam
647 3264 865 3323 imitere
899 3282 919 3322 ι
956 3283 1027 3325 ne
1055 3277 1365 3343 serpentem
1418 3288 1614 3331 rursus
1658 3275 1731 3332 ad
1761 3277 2057 3335 consilium

455 3356 768 3426 adhibeas,
802 3369 863 3416 ut
901 3361 1238 3436 indulgendo
1266 3366 1447 3434 carni,
1474 3366 1658 3436 cibum
1696 3369 1982 3442 subjicias.

553 3449 699 3507 Ibid.
729 3482 801 3494 -
825 3450 1076 3512 Humana
1111 3469 1342 3531 corpora
1368 3459 1596 3520 assidua
1624 3462 2058 3537 ingurgitatioue

482 3557 840 3618 praegravata,
874 3546 1042 3606 facile
1070 3559 1401 3626 merguntur
1433 3555 1860 3631 obruunturque
1887 3577 1903 3616 :
1934 3575 2058 3632 qua:

480 3644 668 3694 autem
717 3639 823 3696 levi
876 3642 1140 3701 alimento
1193 3653 1446 3716 utuntur,
1475 3655 1594 3704 tum
1630 3648 1956 3723 impendens
1983 3668 2056 3710 ex

481 3729 685 3788 morbo
724 3734 930 3792 malum
978 3744 1244 3811 tanquam
1290 3739 1550 3811 procellae
1605 3741 1871 3814 impetum
1919 3743 2058 3801 etfu-

479 3823 662 3895 giunt,
685 3832 798 3882 tum
824 3838 1152 3900 praesentem
1180 3832 1517 3902 molestiam,
1555 3849 1667 3893 non
1694 3850 1860 3896 secus
1889 3846 2058 3912 atque

478 3912 691 3985 scopuli
717 3915 1011 3987 cujusdam
1041 3919 1417 3981 incursionem
1448 3923 1718 3984 devitant.

549 4003 694 4064 Ibid.
731 4006 1111 4085 Quadraginta
1149 4013 1367 4076 dierum
1400 4022 1872 4092 perseverantiam
1901 4040 2052 4096 quos

477 4096 696 4170 loyses
727 4101 821 4158 Dei
869 4119 1063 4163 servus
1097 4105 1405 4178 jejunando
1433 4119 1489 4168 et
1523 4112 1736 4171 orando
1769 4125 2056 4189 transege-

473 4201 586 4262 rat,
641 4193 943 4254 vinolentia
1003 4215 1114 4256 una
1161 4199 1570 4265 infructuosam
1619 4207 1880 4266 reddidit.
1913 4207 2051 4267 Nam

473 4301 617 4356 quas
659 4286 877 4346 tabulas
907 4289 1082 4364 digito
1132 4291 1231 4351 Dei
1276 4296 1626 4376 conscriptas
1651 4296 1926 4370 jejunium
1955 4317 2051 4360 ac-

473 4388 718 4452 ceperat,
761 4383 864 4441 has
911 4384 1153 4448 ebrietas
1199 4387 1493 4465 confregit,
1544 4391 1831 4466 indignum
1860 4395 2054 4453 existi-

472 4483 661 4531 mante
702 4477 993 4548 propheta,
1042 4481 1306 4554 pupulum
1335 4482 1552 4541 ebrium
1583 4483 1676 4543 Dei
1709 4487 1924 4558 legibus
1959 4490 2045 4546 in.

472 4566 648 4623 stitui.
718 4566 898 4628 Unico
956 4575 1221 4644 temporis
1282 4584 1585 4645 momento,
1638 4581 1880 4652 populus
1932 4583 2046 4651 ille,

468 4661 564 4731 qui
598 4677 697 4731 per
725 4664 1069 4736 amplissima
1119 4668 1393 4725 miracula
1426 4668 1524 4729 Dei
1551 4672 1918 4744 cognitionem
1948 4690 2046 4732 ac-

465 4759 715 4824 ceperat,
757 4754 829 4812 ob
857 4755 1220 4828 guiositatem
1247 4758 1303 4815 in
1330 4758 1714 4835 .‘Egyptlacam
1736 4779 1865 4838 erga
1899 4764 2045 4823 idola

467 4847 762 4902 amentiam
785 4849 1113 4919 provolutus
1136 4858 1240 4907 est.
1261 4848 1508 4926 Utraque
1533 4855 1699 4914 simul
1727 4871 2000 4931 compone
2027 4879 2042 4916 :

463 4939 730 4995 nimirum
785 4955 896 5012 quo
931 4953 1095 5013 pacto
1144 4941 1419 5015 jejunium
1466 4945 1749 5007 hominem
1782 4951 2046 5010 conciliet

462 5032 603 5102 Deo,
639 5024 695 5091 ei
722 5043 918 5091 contra
949 5041 1110 5094 luxus
1151 5052 1386 5097 salutem
1421 5043 1736 5114 prostituat.

539 5127 683 5184 Ibid.
712 5159 781 5170 -—
813 5126 1024 5186 Venter
1064 5130 1357 5204 liguriens,
1392 5135 1658 5208 poscendi
1695 5136 1861 5194 linem
1892 5154 2041 5195 nun-

464 5236 631 5294 quam
677 5221 807 5279 i‘acit
844 5239 860 5278 :
892 5221 1054 5278 hodie
1094 5224 1319 5296 accipit,
1360 5235 1414 5284 et
1447 5242 1573 5284 cras
1606 5229 1895 5287 immemor
1935 5241 2038 5290 est.

463 5314 603 5370 Cum
655 5315 797 5372 cibis
841 5315 1082 5373 refertus
1120 5325 1224 5384 est,
1258 5319 1325 5374 de
1358 5323 1723 5392 temperantia
1771 5322 2036 5382 disserit:

459 5410 750 5468 inﬂatione
776 5425 910 5467 vero
949 5411 1223 5481 discussa,
1277 5414 1626 5474 decretorum
1665 5432 1895 5474 suorum
1927 5435 2039 5478 non

460 5505 809 5564 recordatur.

537 5598 681 5655 Ibid.
719 5599 1042 5672 Exemplum
1072 5598 1265 5658 divitis
1302 5601 1622 5662 reformida.
1659 5604 1815 5660 illum
1848 5606 2036 5674 luxus,

461 5694 552 5751 cui
586 5708 680 5765 per
721 5709 941 5750 omnem
976 5696 1143 5750 vitam
1177 5693 1433 5764 indulsit,
1477 5698 1532 5756 in
1559 5697 1740 5772 ignem
1774 5700 2035 5773 conjecit.

462 5785 651 5856 Neque
691 5787 838 5842 enim
890 5785 1179 5857 injustitia:
1228 5789 1421 5854 ullius,
1467 5792 1563 5850 sed
1602 5793 1855 5850 moilitici
1891 5794 2035 5853 dun-

463 5887 616 5930 taxat
651 5887 702 5932 et
728 5878 885 5935 luxus
923 5878 1220 5935 nominein
1255 5879 1473 5938 ﬂamma
1514 5883 1717 5940 camini
1746 5884 2033 5942 excrucia-

465 5970 644 6029 batur.

2161 3267 2468 3339 σύμϐουλον
2496 3267 2784 3342 παραδέξῃ
2820 3265 2912 3322 τὸν
2941 3266 3091 3338 ὅφιν,
3143 3266 3322 3339 φειδοῖ
3382 3269 3485 3340 τῆς
3537 3265 3741 3342 σαρκὸς

2157 3359 2258 3432 τὴν
2296 3359 2497 3432 βρῶσιν
2517 3359 2922 3431 ὑποτιθέμενος.

2228 3454 2312 3509 Τά
2331 3453 2442 3510 τῶν
2471 3451 2777 3528 ἀνθρώπων
2804 3452 3055 3525 σώματα,
3079 3454 3298 3526 συνεχεῖ
3326 3451 3426 3526 μὲν
3454 3449 3533 3527 τῷ
3592 3451 3740 3524 κόρῳ

2154 3547 2642 3621 καταϐαρούμενα,
2664 3546 2903 3614 εὐκόλως
2930 3546 3238 3620 ὑποϐρύχια
3259 3546 3473 3617 γίνεται
3502 3561 3518 3577 ·
3545 3544 3738 3600 εὐστα-

2159 3640 2244 3696 λεῖ
2272 3641 2329 3696 δὲ
2361 3640 2457 3696 καὶ
2504 3642 2682 3713 κουφῇ
2727 3641 3066 3714 κεχρημένα,
3102 3639 3199 3695 καὶ
3255 3638 3320 3694 to
3353 3638 3739 3713 προσδοκώμε-

2158 3749 2248 3787 νον
2278 3732 2345 3786 ὲκ
2374 3731 2532 3788 νόσου
2564 3733 2754 3799 κακὸν,
2791 3731 2985 3806 ὥσπερ
3041 3732 3312 3806 χειμῶνος
3367 3731 3739 3788 ἐπανάστασιν

2155 3823 2517 3896 ὑπεξέφυγεν,
2542 3826 2641 3882 καὶ
2665 3825 2727 3881 τὸ
2755 3824 2859 3898 ήδη
2882 3825 3058 3898 παρζν
3120 3823 3354 3897 όχληρδν
3408 3823 3597 3899 ὥσπερ
3650 3839 3734 3880 τι-

2154 3915 2244 3982 νὸς
2272 3915 2526 3982 σπιλάδος
2559 3912 2858 3988 ἐπιδρομήν
2879 3911 3254 3988 διεκρούσατο.

2225 4007 2654 4080 Τεσσαράκοντα
2700 4005 2931 4081 ἡμερῶν
2996 4005 3329 4081 προσεδρίαν
3383 4001 3734 4077 νηστεύοντος

2153 4103 2250 4158 καὶ
2300 4102 2555 4175 δεομένου
2605 4097 2701 4157 τοῦ
2743 4099 3073 4174 θεράποντος
3120 4097 3423 4164 Μωῦσίως,
3463 4097 3736 4171 ἄχρηστον

2153 4197 2413 4272 ἔποίησεν
2460 4196 2782 4269 οἰνοφλυγία
2833 4195 2951 4271 μία.
3009 4195 3110 4262 ’Δς
3154 4193 3269 4269 γάρ
3323 4191 3545 4267 νηστεία
3571 4189 3731 4247 ἔλασε

2154 4293 2390 4362 πλάκας,
2410 4290 2660 4363 δακτύλῳ
2694 4289 2831 4346 Θεοῦ
2855 4287 3272 4364 γεγραμμόνας,
3304 4287 3510 4351 ταύτας
3527 4287 3561 4357 ή
3591 4283 3730 4358 μέθη

2154 4384 2493 4459 συνέτριψεν,
2547 4383 2765 4450 ἀνάξιον
2816 4379 3100 4456 κρίναντος
3135 4379 3233 4437 τοῦ
3299 4378 3580 4452 προφήτου
3633 4393 3733 4449 με·

2155 4479 2352 4535 θύοντα
2379 4478 2509 4534 λαὸν
2538 4474 2942 4550 νομοθετεῖσθαι
2975 4472 3125 4549 παρὰ
3151 4471 3310 4530 Θεοῦ.
3368 4471 3460 4529 Ἐν
3489 4473 3588 4545 μιᾷ
3609 4488 3732 4526 και-

2079 4540 2125 4596 D
2158 4573 2253 4650 ροῦ
2288 4574 2452 4648 ῥοπῇ,
2481 4572 2571 4629 διὰ
2597 4540 3041 4644 γαστριμαργίαν
3056 4540 3251 4635 ’δλαδς
3279 4540 3509 4635 ἰκτῖνος,
3638 4565 3733 4621 τὸν

2152 4665 2287 4722 Θεὸν
2309 4666 2400 4721 διὰ
2443 4664 2554 4720 τῶν
2614 4664 2889 4737 μεγίστων
2941 4662 3187 4735 τεράτων
3247 4658 3628 4732 δεδιδαγμένος
3649 4658 3732 4722 είς

2153 4759 2253 4829 τὴν
2274 4757 2582 4828 Αἰγυπτίαν
2611 4754 3005 4828 είδωλομανίαν
3041 4750 3384 4826 ἐξεκυλίσθη,
3408 4749 3728 4825 παράλληλα

2153 4851 2266 4916 θεὶς
2303 4850 2611 4924 ἀμφότερα,
2673 4849 2792 4916 πῶς
2830 4850 2863 4916 ἡ
2908 4847 3133 4923 νηστεία
3174 4845 3294 4922 Θεῷ
3321 4844 3608 4921 προσάγει,
3637 4844 3728 4899 καὶ

2152 4946 2271 5010 πῶς
2297 4944 2477 5016 τρυφὴ
2507 4942 2606 5017 τὴν
2633 4940 2909 5016 σωτηρίαν
2935 4940 3247 5016 προδίδωσι.

2219 5143 2388 5216 Λίχνη
2423 5141 2643 5216 γαστὴρ
2679 5143 2768 5198 ἀεὶ
2810 5139 3141 5208 ἀπαιτοῦσα,
3189 5139 3285 5196 καὶ
3328 5137 3597 5212 μηδέποτε
3632 5135 3721 5206 λή-

2149 5255 2344 5310 γουσα,
2369 5238 2405 5310 ή
2429 5235 2788 5309 λαμϐάνουσα
2814 5236 3081 5308 σήμερον,
3114 5233 3210 5288 καὶ
3259 5230 3451 5308 αὔριον
3505 5230 3717 5286 ιπιλαν-

2149 5331 2445 5404 θανομένη,
2478 5331 2608 5386 ὅταν
2637 5328 2950 5402 ἐμπλησθῇ,
2969 5329 3099 5401 rupi
3126 5325 3453 5400 ιγκρατείας
3516 5324 3718 5398 φιλοσο-

2148 5428 2260 5498 φεῖ,
2293 5427 2424 5480 ὃταν
2470 5425 2528 5480 δὲ
2581 5423 2928 5497 διεπνεύσθη,
2986 5421 3403 5482 ἐπιλανθάνεται
3439 5418 3551 5476 τῶν
3603 5418 3716 5487 ‘0':-

2191 5537 2353 5576 ατων.

2150 5538 2487 5684 μαέῒέήθητι
2526 5609 2590 5664 τὸ
2639 5610 2949 5680 ὑπόδειγμα
2995 5607 3095 5663 τοῦ
3139 5607 3419 5669 πλουσίου.
3485 5607 3712 5664 ἐεαῐνον

2147 5703 2472 5778 παρέδωκεν
2490 5701 2568 5775 τῷ
2597 5702 2732 5774 πυρὶ
2760 5702 2899 5773 qna
2922 5701 3042 5774 βίου
3063 5702 3267 5774 τρυφή.
3325 5701 3403 5757 ού
3446 5701 3555 5773 γάρ
3607 5699 3712 5755 ἁδι-

2144 5800 2290 5866 κίαν,
2321 5797 2459 5853 ἀλλά
2485 5797 2548 5854 τὸ
2573 5796 2916 5869 ἁϐροδίαιτον
2955 5795 3240 5870 ἐγκληθεὶς
3290 5791 3712 5873 άπετηγανίζετσ

2145 5896 2204 5950 ὲν
2223 5897 2289 5968 τῇ
2328 5893 2483 5964 φλογὶ
2509 5891 2609 5964 τῆς
2645 5890 2896 5964 καμίνου.
