  <div class='ocr_page' id='page_1' title='image "/cluster/home/n/w/nwhite01/storage/ocr_20150623/95/mdp.39015004289776/684.png"; bbox 0 0 4010 6302; ppageno 0'>
   <div class='ocr_carea' id='block_1_1' title="bbox 293 378 431 451">
    <p class='ocr_par' dir='ltr' id='par_1_1' title="bbox 293 378 431 451">
     <span class='ocr_line' id='line_1_1' title="bbox 293 378 431 451; baseline -0.014 1"><span class='ocrx_word' id='word_1_1' title='bbox 293 378 431 451; x_wconf 74' lang='lat' dir='ltr'><strong>ms</strong></span> 
     </span>
    </p>
   </div>
   <div class='ocr_carea' id='block_1_2' title="bbox 1539 362 2267 453">
    <p class='ocr_par' dir='ltr' id='par_1_2' title="bbox 1539 362 2267 453">
     <span class='ocr_line' id='line_1_2' title="bbox 1539 362 2267 453; baseline -0.001 0"><span class='ocrx_word' id='word_1_2' title='bbox 1539 391 1779 453; x_wconf 50' lang='lat' dir='ltr'><strong>$.4an</strong></span> <span class='ocrx_word' id='word_1_3' title='bbox 1796 362 1797 365; x_wconf 6' lang='grc' dir='ltr'>γ</span> <span class='ocrx_word' id='word_1_4' title='bbox 1817 362 2267 453; x_wconf 75' lang='lat' dir='ltr'><strong>PARALLELA</strong></span> 
     </span>
    </p>
   </div>
   <div class='ocr_carea' id='block_1_3' title="bbox 290 496 1869 581">
    <p class='ocr_par' dir='ltr' id='par_1_3' title="bbox 290 496 1864 573">
     <span class='ocr_line' id='line_1_3' title="bbox 290 496 1864 573; baseline -0.009 -15"><span class='ocrx_word' id='word_1_5' title='bbox 290 502 384 558; x_wconf 70' lang='grc' dir='ltr'><strong>καὶ</strong></span> <span class='ocrx_word' id='word_1_6' title='bbox 410 499 606 573; x_wconf 76' lang='grc' dir='ltr'><strong>μοχλόν</strong></span> <span class='ocrx_word' id='word_1_7' title='bbox 631 512 647 530; x_wconf 89' lang='grc'>⁶</span> <span class='ocrx_word' id='word_1_8' title='bbox 687 498 923 572; x_wconf 76' lang='grc' dir='ltr'><strong>πρόσεχε</strong></span> <span class='ocrx_word' id='word_1_9' title='bbox 955 496 1167 571; x_wconf 79' lang='grc' dir='ltr'><strong>μήπως</strong></span> <span class='ocrx_word' id='word_1_10' title='bbox 1200 498 1494 573; x_wconf 83' lang='grc' dir='ltr'><strong>ὀλισθήσῃς</strong></span> <span class='ocrx_word' id='word_1_11' title='bbox 1521 502 1579 557; x_wconf 79' lang='grc' dir='ltr'>ὲν</span> <span class='ocrx_word' id='word_1_12' title='bbox 1605 501 1778 572; x_wconf 73' lang='grc' dir='ltr'><strong>αὐτῷ,</strong></span> <span class='ocrx_word' id='word_1_13' title='bbox 1797 532 1864 544; x_wconf 71' lang='grc'><strong>..-</strong></span> 
     </span>
    </p>
   </div>
   <div class='ocr_carea' id='block_1_4' title="bbox 1976 496 3545 581">
    <p class='ocr_par' dir='ltr' id='par_1_4' title="bbox 1976 504 3545 581">
     <span class='ocr_line' id='line_1_4' title="bbox 1976 504 3545 581; baseline 0.006 -25"><span class='ocrx_word' id='word_1_14' title='bbox 1976 517 2137 557; x_wconf 89' lang='lat' dir='ltr'><strong>nuam</strong></span> <span class='ocrx_word' id='word_1_15' title='bbox 2170 513 2227 559; x_wconf 89' lang='lat' dir='ltr'><strong>et</strong></span> <span class='ocrx_word' id='word_1_16' title='bbox 2264 512 2450 561; x_wconf 77' lang='lat' dir='ltr'><strong>vectes</strong></span> <span class='ocrx_word' id='word_1_17' title='bbox 2482 524 2495 562; x_wconf 92' lang='lat'><strong>:</strong></span> <span class='ocrx_word' id='word_1_18' title='bbox 2532 507 2753 564; x_wconf 89' lang='lat' dir='ltr'><strong>attende</strong></span> <span class='ocrx_word' id='word_1_19' title='bbox 2804 522 2872 564; x_wconf 84' lang='lat' dir='ltr'><strong>ne</strong></span> <span class='ocrx_word' id='word_1_20' title='bbox 2912 504 3053 564; x_wconf 82' lang='lat' dir='ltr'><strong>forte</strong></span> <span class='ocrx_word' id='word_1_21' title='bbox 3082 508 3290 567; x_wconf 83' lang='lat' dir='ltr'><strong>labaris</strong></span> <span class='ocrx_word' id='word_1_22' title='bbox 3337 510 3545 581; x_wconf 76' lang='lat' dir='ltr'><strong>lingua.</strong></span> 
     </span>
    </p>
   </div>
   <div class='ocr_carea' id='block_1_5' title="bbox 288 591 1864 666">
    <p class='ocr_par' dir='ltr' id='par_1_5' title="bbox 288 591 1864 666">
     <span class='ocr_line' id='line_1_5' title="bbox 288 591 1864 666; baseline -0.003 -16"><span class='ocrx_word' id='word_1_23' title='bbox 288 594 485 650; x_wconf 77' lang='grc' dir='ltr'><strong>Πολλοὶ</strong></span> <span class='ocrx_word' id='word_1_24' title='bbox 511 593 714 646; x_wconf 72' lang='grc' dir='ltr'><strong>ἔπεσαν</strong></span> <span class='ocrx_word' id='word_1_25' title='bbox 753 592 812 645; x_wconf 75' lang='grc' dir='ltr'>ἐν</span> <span class='ocrx_word' id='word_1_26' title='bbox 858 591 1087 663; x_wconf 84' lang='grc' dir='ltr'><strong>στόματι</strong></span> <span class='ocrx_word' id='word_1_27' title='bbox 1129 592 1425 666; x_wconf 75' lang='grc' dir='ltr'><strong>μαχαίρας,</strong></span> <span class='ocrx_word' id='word_1_28' title='bbox 1462 593 1559 648; x_wconf 79' lang='grc' dir='ltr'><strong>καὶ</strong></span> <span class='ocrx_word' id='word_1_29' title='bbox 1584 595 1684 665; x_wconf 83' lang='grc' dir='ltr'><strong>οὐχ</strong></span> <span class='ocrx_word' id='word_1_30' title='bbox 1703 594 1780 659; x_wconf 84' lang='grc' dir='ltr'><strong>ὡς</strong></span> <span class='ocrx_word' id='word_1_31' title='bbox 1811 594 1864 648; x_wconf 75' lang='grc' dir='ltr'><strong>οἱ</strong></span> 
     </span>
    </p>
   </div>
   <div class='ocr_carea' id='block_1_6' title="bbox 287 685 1125 755">
    <p class='ocr_par' dir='ltr' id='par_1_6' title="bbox 287 685 1125 755">
     <span class='ocr_line' id='line_1_6' title="bbox 287 685 1125 755; baseline -0.005 -13"><span class='ocrx_word' id='word_1_32' title='bbox 287 687 641 752; x_wconf 77' lang='grc' dir='ltr'><strong>πεπτωκότες</strong></span> <span class='ocrx_word' id='word_1_33' title='bbox 673 685 761 740; x_wconf 87' lang='grc' dir='ltr'><strong>διά</strong></span> <span class='ocrx_word' id='word_1_34' title='bbox 791 685 1063 755; x_wconf 83' lang='grc' dir='ltr'><strong>γλώσσης.</strong></span> <span class='ocrx_word' id='word_1_35' title='bbox 1104 703 1125 738; x_wconf 81' lang='grc' dir='ltr'><strong>ι</strong></span> 
     </span>
    </p>
   </div>
   <div class='ocr_carea' id='block_1_7' title="bbox 363 770 1859 853">
    <p class='ocr_par' dir='ltr' id='par_1_7' title="bbox 363 770 1859 853">
     <span class='ocr_line' id='line_1_7' title="bbox 363 770 1859 853; baseline 0.001 -20"><span class='ocrx_word' id='word_1_36' title='bbox 363 801 382 832; x_wconf 78' lang='grc' dir='ltr'><strong>ι</strong></span> <span class='ocrx_word' id='word_1_37' title='bbox 412 779 480 833; x_wconf 77' lang='lat' dir='ltr'><strong>Ei</strong></span> <span class='ocrx_word' id='word_1_38' title='bbox 519 796 604 844; x_wconf 88' lang='grc' dir='ltr'><strong>τις</strong></span> <span class='ocrx_word' id='word_1_39' title='bbox 637 779 697 833; x_wconf 76' lang='grc' dir='ltr'>ἑν</span> <span class='ocrx_word' id='word_1_40' title='bbox 743 775 889 847; x_wconf 83' lang='grc' dir='ltr'>λόγῳ</span> <span class='ocrx_word' id='word_1_41' title='bbox 919 778 979 830; x_wconf 80' lang='grc' dir='ltr'><strong>οὐ</strong></span> <span class='ocrx_word' id='word_1_42' title='bbox 1020 776 1228 843; x_wconf 80' lang='grc' dir='ltr'><strong>πταίει,</strong></span> <span class='ocrx_word' id='word_1_43' title='bbox 1257 770 1412 844; x_wconf 76' lang='grc' dir='ltr'><strong>οὗτος</strong></span> <span class='ocrx_word' id='word_1_44' title='bbox 1450 778 1657 845; x_wconf 75' lang='grc' dir='ltr'><strong>τέλειος</strong></span> <span class='ocrx_word' id='word_1_45' title='bbox 1696 780 1859 853; x_wconf 77' lang='grc' dir='ltr'><strong>ἀνὴρ,</strong></span> 
     </span>
    </p>
   </div>
   <div class='ocr_carea' id='block_1_8' title="bbox 280 862 1862 945">
    <p class='ocr_par' dir='ltr' id='par_1_8' title="bbox 280 862 1862 945">
     <span class='ocr_line' id='line_1_8' title="bbox 280 862 1862 945; baseline 0.003 -20"><span class='ocrx_word' id='word_1_46' title='bbox 280 872 584 943; x_wconf 71' lang='grc' dir='ltr'><strong>δυνάμενος</strong></span> <span class='ocrx_word' id='word_1_47' title='bbox 613 870 1063 943; x_wconf 75' lang='grc' dir='ltr'><strong>χαλιναγωγῆσαι</strong></span> <span class='ocrx_word' id='word_1_48' title='bbox 1097 871 1191 925; x_wconf 81' lang='grc' dir='ltr'><strong>καὶ</strong></span> <span class='ocrx_word' id='word_1_49' title='bbox 1230 871 1351 927; x_wconf 83' lang='grc' dir='ltr'>ὅλον</span> <span class='ocrx_word' id='word_1_50' title='bbox 1392 862 1454 927; x_wconf 73' lang='grc' dir='ltr'><strong>τὸ</strong></span> <span class='ocrx_word' id='word_1_51' title='bbox 1500 873 1681 945; x_wconf 87' lang='grc' dir='ltr'><strong>σῶμα.</strong></span> <span class='ocrx_word' id='word_1_52' title='bbox 1714 874 1776 928; x_wconf 85' lang='lat' dir='ltr'><strong>El</strong></span> <span class='ocrx_word' id='word_1_53' title='bbox 1804 874 1862 930; x_wconf 71' lang='grc' dir='ltr'><strong>δὲ</strong></span> 
     </span>
    </p>
   </div>
   <div class='ocr_carea' id='block_1_9' title="bbox 283 959 1862 1036">
    <p class='ocr_par' dir='ltr' id='par_1_9' title="bbox 283 959 1862 1036">
     <span class='ocr_line' id='line_1_9' title="bbox 283 959 1862 1036; baseline 0.001 -20"><span class='ocrx_word' id='word_1_54' title='bbox 283 963 394 1016; x_wconf 88' lang='grc' dir='ltr'><strong>τῶν</strong></span> <span class='ocrx_word' id='word_1_55' title='bbox 418 962 598 1017; x_wconf 79' lang='grc' dir='ltr'><strong>ἵππων</strong></span> <span class='ocrx_word' id='word_1_56' title='bbox 649 961 775 1027; x_wconf 78' lang='grc' dir='ltr'><strong>τοὺς</strong></span> <span class='ocrx_word' id='word_1_57' title='bbox 812 959 1063 1033; x_wconf 79' lang='grc' dir='ltr'><strong>χαλινοὺς</strong></span> <span class='ocrx_word' id='word_1_58' title='bbox 1091 962 1173 1025; x_wconf 78' lang='grc' dir='ltr'><strong>εἰς</strong></span> <span class='ocrx_word' id='word_1_59' title='bbox 1211 961 1281 1016; x_wconf 77' lang='grc' dir='ltr'><strong>τὰ</strong></span> <span class='ocrx_word' id='word_1_60' title='bbox 1326 962 1573 1034; x_wconf 81' lang='grc' dir='ltr'><strong>στόματα</strong></span> <span class='ocrx_word' id='word_1_61' title='bbox 1596 962 1862 1036; x_wconf 82' lang='grc' dir='ltr'><strong>βάλλομεν</strong></span> 
     </span>
    </p>
   </div>
   <div class='ocr_carea' id='block_1_10' title="bbox 285 1054 1861 1129">
    <p class='ocr_par' dir='ltr' id='par_1_10' title="bbox 285 1054 1861 1129">
     <span class='ocr_line' id='line_1_10' title="bbox 285 1054 1861 1129; baseline 0.002 -20"><span class='ocrx_word' id='word_1_62' title='bbox 285 1057 367 1121; x_wconf 82' lang='grc' dir='ltr'><strong>είς</strong></span> <span class='ocrx_word' id='word_1_63' title='bbox 391 1057 452 1110; x_wconf 77' lang='grc' dir='ltr'><strong>τδ</strong></span> <span class='ocrx_word' id='word_1_64' title='bbox 484 1054 769 1110; x_wconf 85' lang='grc' dir='ltr'><strong>πείθεσθαι</strong></span> <span class='ocrx_word' id='word_1_65' title='bbox 809 1054 1006 1118; x_wconf 77' lang='grc' dir='ltr'><strong>αὐτοὺς</strong></span> <span class='ocrx_word' id='word_1_66' title='bbox 1036 1055 1191 1127; x_wconf 78' lang='grc' dir='ltr'>ἡμῖν,</span> <span class='ocrx_word' id='word_1_67' title='bbox 1222 1055 1316 1109; x_wconf 71' lang='grc' dir='ltr'><strong>καὶ</strong></span> <span class='ocrx_word' id='word_1_68' title='bbox 1336 1055 1458 1110; x_wconf 82' lang='grc' dir='ltr'><strong>ὅλον</strong></span> <span class='ocrx_word' id='word_1_69' title='bbox 1490 1056 1551 1110; x_wconf 76' lang='grc' dir='ltr'><strong>τὸ</strong></span> <span class='ocrx_word' id='word_1_70' title='bbox 1578 1056 1736 1129; x_wconf 81' lang='grc' dir='ltr'><strong>σῶμα</strong></span> <span class='ocrx_word' id='word_1_71' title='bbox 1764 1059 1861 1112; x_wconf 85' lang='grc' dir='ltr'><strong>αὐ-</strong></span> 
     </span>
    </p>
   </div>
   <div class='ocr_carea' id='block_1_11' title="bbox 183 1144 1858 1218">
    <p class='ocr_par' dir='ltr' id='par_1_11' title="bbox 183 1144 1858 1218">
     <span class='ocr_line' id='line_1_11' title="bbox 183 1144 1858 1218; baseline 0 -15"><span class='ocrx_word' id='word_1_72' title='bbox 183 1198 187 1203; x_wconf 83' lang='lat'><strong>.</strong></span> <span class='ocrx_word' id='word_1_73' title='bbox 282 1146 395 1202; x_wconf 87' lang='grc' dir='ltr'><strong>τῶν</strong></span> <span class='ocrx_word' id='word_1_74' title='bbox 426 1146 741 1217; x_wconf 74' lang='grc' dir='ltr'><strong>μετάγομεν</strong></span> <span class='ocrx_word' id='word_1_75' title='bbox 762 1160 778 1176; x_wconf 87' lang='grc'><strong>·</strong></span> <span class='ocrx_word' id='word_1_76' title='bbox 824 1144 936 1200; x_wconf 78' lang='grc' dir='ltr'><strong>ἰδοὺ</strong></span> <span class='ocrx_word' id='word_1_77' title='bbox 965 1146 1062 1200; x_wconf 76' lang='grc' dir='ltr'><strong>καὶ</strong></span> <span class='ocrx_word' id='word_1_78' title='bbox 1084 1145 1155 1199; x_wconf 89' lang='grc' dir='ltr'><strong>τά</strong></span> <span class='ocrx_word' id='word_1_79' title='bbox 1182 1145 1346 1200; x_wconf 82' lang='grc' dir='ltr'><strong>πλοῖα</strong></span> <span class='ocrx_word' id='word_1_80' title='bbox 1377 1145 1680 1218; x_wconf 82' lang='grc' dir='ltr'><strong>τηλικαῦτα</strong></span> <span class='ocrx_word' id='word_1_81' title='bbox 1706 1147 1858 1217; x_wconf 73' lang='grc' dir='ltr'><strong>ὄντα,</strong></span> 
     </span>
    </p>
   </div>
   <div class='ocr_carea' id='block_1_12' title="bbox 283 1236 1862 1312">
    <p class='ocr_par' dir='ltr' id='par_1_12' title="bbox 283 1236 1862 1312">
     <span class='ocr_line' id='line_1_12' title="bbox 283 1236 1862 1312; baseline 0.001 -18"><span class='ocrx_word' id='word_1_82' title='bbox 283 1240 380 1294; x_wconf 76' lang='grc' dir='ltr'><strong>καὶ</strong></span> <span class='ocrx_word' id='word_1_83' title='bbox 402 1240 509 1293; x_wconf 73' lang='grc' dir='ltr'><strong>ὑπὸ</strong></span> <span class='ocrx_word' id='word_1_84' title='bbox 538 1238 758 1309; x_wconf 77' lang='grc' dir='ltr'>ἀνέμων</span> <span class='ocrx_word' id='word_1_85' title='bbox 786 1236 1041 1312; x_wconf 83' lang='grc' dir='ltr'>σκληρῶν</span> <span class='ocrx_word' id='word_1_86' title='bbox 1062 1237 1400 1310; x_wconf 71' lang='grc' dir='ltr'>ἐλαυνόμενα</span> <span class='ocrx_word' id='word_1_87' title='bbox 1432 1241 1727 1311; x_wconf 81' lang='grc' dir='ltr'><strong>μετάγεται</strong></span> <span class='ocrx_word' id='word_1_88' title='bbox 1755 1241 1862 1296; x_wconf 76' lang='grc' dir='ltr'><strong>ὑπὸ</strong></span> 
     </span>
    </p>
   </div>
   <div class='ocr_carea' id='block_1_13' title="bbox 282 1329 1861 1406">
    <p class='ocr_par' dir='ltr' id='par_1_13' title="bbox 282 1329 1861 1406">
     <span class='ocr_line' id='line_1_13' title="bbox 282 1329 1861 1406; baseline 0 -18"><span class='ocrx_word' id='word_1_89' title='bbox 282 1333 567 1406; x_wconf 68' lang='grc' dir='ltr'><strong>ἐλαχίστου</strong></span> <span class='ocrx_word' id='word_1_90' title='bbox 599 1329 881 1403; x_wconf 75' lang='grc' dir='ltr'><strong>πηδαλίου,</strong></span> <span class='ocrx_word' id='word_1_91' title='bbox 906 1331 1043 1385; x_wconf 81' lang='grc' dir='ltr'><strong>ὅπου</strong></span> <span class='ocrx_word' id='word_1_92' title='bbox 1068 1329 1135 1385; x_wconf 81' lang='grc' dir='ltr'>ἂν</span> <span class='ocrx_word' id='word_1_93' title='bbox 1165 1331 1200 1403; x_wconf 74' lang='grc' dir='ltr'>ἡ</span> <span class='ocrx_word' id='word_1_94' title='bbox 1235 1330 1381 1403; x_wconf 78' lang='grc' dir='ltr'><strong>ὁρμὴ</strong></span> <span class='ocrx_word' id='word_1_95' title='bbox 1412 1331 1507 1385; x_wconf 81' lang='grc' dir='ltr'><strong>τοῦ</strong></span> <span class='ocrx_word' id='word_1_96' title='bbox 1546 1332 1861 1400; x_wconf 77' lang='grc' dir='ltr'><strong>εὐθύνοντος</strong></span> 
     </span>
    </p>
   </div>
   <div class='ocr_carea' id='block_1_14' title="bbox 286 1424 1857 1500">
    <p class='ocr_par' dir='ltr' id='par_1_14' title="bbox 286 1424 1857 1500">
     <span class='ocr_line' id='line_1_14' title="bbox 286 1424 1857 1500; baseline -0.001 -17"><span class='ocrx_word' id='word_1_97' title='bbox 286 1427 535 1499; x_wconf 80' lang='grc' dir='ltr'><strong>βούλεται</strong></span> <span class='ocrx_word' id='word_1_98' title='bbox 556 1443 571 1456; x_wconf 73' lang='grc' dir='ltr'><strong>ο</strong></span> <span class='ocrx_word' id='word_1_99' title='bbox 603 1424 775 1491; x_wconf 70' lang='grc' dir='ltr'><strong>οὕτως</strong></span> <span class='ocrx_word' id='word_1_100' title='bbox 802 1427 898 1481; x_wconf 71' lang='grc' dir='ltr'><strong>καὶ</strong></span> <span class='ocrx_word' id='word_1_101' title='bbox 928 1427 960 1497; x_wconf 72' lang='grc' dir='ltr'><strong>ἠ</strong></span> <span class='ocrx_word' id='word_1_102' title='bbox 990 1425 1211 1494; x_wconf 86' lang='grc' dir='ltr'><strong>γλῶσσα</strong></span> <span class='ocrx_word' id='word_1_103' title='bbox 1245 1428 1479 1500; x_wconf 72' lang='grc' dir='ltr'><strong>σμικρὸν</strong></span> <span class='ocrx_word' id='word_1_104' title='bbox 1527 1425 1688 1497; x_wconf 84' lang='grc' dir='ltr'>μέλος</span> <span class='ocrx_word' id='word_1_105' title='bbox 1718 1428 1857 1495; x_wconf 73' lang='grc' dir='ltr'><strong>ἐστὶ,</strong></span> 
     </span>
    </p>
   </div>
   <div class='ocr_carea' id='block_1_15' title="bbox 286 1517 1860 1593">
    <p class='ocr_par' dir='ltr' id='par_1_15' title="bbox 286 1517 1860 1593">
     <span class='ocr_line' id='line_1_15' title="bbox 286 1517 1860 1593; baseline -0.001 -16"><span class='ocrx_word' id='word_1_106' title='bbox 286 1522 381 1577; x_wconf 78' lang='grc' dir='ltr'><strong>καὶ</strong></span> <span class='ocrx_word' id='word_1_107' title='bbox 416 1519 770 1593; x_wconf 85' lang='grc' dir='ltr'><strong>μεγαλαυχεῖ.</strong></span> <span class='ocrx_word' id='word_1_108' title='bbox 819 1518 949 1573; x_wconf 80' lang='grc' dir='ltr'><strong>Ἰδοὺ</strong></span> <span class='ocrx_word' id='word_1_109' title='bbox 987 1517 1167 1587; x_wconf 79' lang='grc' dir='ltr'>ὀλίγον</span> <span class='ocrx_word' id='word_1_110' title='bbox 1201 1517 1314 1592; x_wconf 79' lang='grc' dir='ltr'><strong>πῦρ</strong></span> <span class='ocrx_word' id='word_1_111' title='bbox 1354 1519 1551 1591; x_wconf 77' lang='grc' dir='ltr'>ἡλίκην</span> <span class='ocrx_word' id='word_1_112' title='bbox 1592 1519 1726 1592; x_wconf 81' lang='grc' dir='ltr'><strong>ὕλην</strong></span> <span class='ocrx_word' id='word_1_113' title='bbox 1764 1522 1860 1575; x_wconf 85' lang='grc' dir='ltr'><strong>ἀν-</strong></span> 
     </span>
    </p>
   </div>
   <div class='ocr_carea' id='block_1_16' title="bbox 284 1610 1861 1686">
    <p class='ocr_par' dir='ltr' id='par_1_16' title="bbox 284 1610 1861 1686">
     <span class='ocr_line' id='line_1_16' title="bbox 284 1610 1861 1686; baseline 0 -16"><span class='ocrx_word' id='word_1_114' title='bbox 284 1615 483 1671; x_wconf 81' lang='grc' dir='ltr'><strong>άπτειί</strong></span> <span class='ocrx_word' id='word_1_115' title='bbox 518 1614 627 1667; x_wconf 86' lang='lat' dir='ltr'><strong>Kal</strong></span> <span class='ocrx_word' id='word_1_116' title='bbox 647 1613 681 1686; x_wconf 76' lang='grc' dir='ltr'>ὴ</span> <span class='ocrx_word' id='word_1_117' title='bbox 705 1611 927 1682; x_wconf 85' lang='grc' dir='ltr'><strong>γλῶσσα</strong></span> <span class='ocrx_word' id='word_1_118' title='bbox 958 1610 1089 1683; x_wconf 83' lang='grc' dir='ltr'><strong>πῦρ,</strong></span> <span class='ocrx_word' id='word_1_119' title='bbox 1110 1613 1139 1665; x_wconf 83' lang='grc' dir='ltr'>ὁ</span> <span class='ocrx_word' id='word_1_120' title='bbox 1171 1612 1374 1683; x_wconf 84' lang='grc' dir='ltr'><strong>κόσμος</strong></span> <span class='ocrx_word' id='word_1_121' title='bbox 1405 1614 1500 1685; x_wconf 81' lang='grc' dir='ltr'><strong>τῆς</strong></span> <span class='ocrx_word' id='word_1_122' title='bbox 1521 1613 1756 1678; x_wconf 80' lang='grc' dir='ltr'><strong>ἀδικίας.</strong></span> <span class='ocrx_word' id='word_1_123' title='bbox 1795 1616 1861 1670; x_wconf 80' lang='grc' dir='ltr'><strong>Ἠ</strong></span> 
     </span>
    </p>
   </div>
   <div class='ocr_carea' id='block_1_17' title="bbox 283 1704 1861 1779">
    <p class='ocr_par' dir='ltr' id='par_1_17' title="bbox 283 1704 1861 1779">
     <span class='ocr_line' id='line_1_17' title="bbox 283 1704 1861 1779; baseline 0.001 -18"><span class='ocrx_word' id='word_1_124' title='bbox 283 1707 507 1779; x_wconf 84' lang='grc' dir='ltr'><strong>γλῶσσα</strong></span> <span class='ocrx_word' id='word_1_125' title='bbox 535 1706 861 1760; x_wconf 78' lang='grc' dir='ltr'><strong>καθίσταται</strong></span> <span class='ocrx_word' id='word_1_126' title='bbox 911 1705 970 1759; x_wconf 82' lang='grc' dir='ltr'>ὲν</span> <span class='ocrx_word' id='word_1_127' title='bbox 1018 1707 1133 1769; x_wconf 71' lang='grc' dir='ltr'><strong>τοῖς</strong></span> <span class='ocrx_word' id='word_1_128' title='bbox 1181 1704 1405 1775; x_wconf 82' lang='grc' dir='ltr'><strong>μέλεσιν</strong></span> <span class='ocrx_word' id='word_1_129' title='bbox 1438 1706 1618 1778; x_wconf 79' lang='grc' dir='ltr'><strong>ἡμῶν,</strong></span> <span class='ocrx_word' id='word_1_130' title='bbox 1658 1710 1691 1777; x_wconf 77' lang='grc' dir='ltr'><strong>ἠ</strong></span> <span class='ocrx_word' id='word_1_131' title='bbox 1732 1725 1861 1763; x_wconf 84' lang='grc' dir='ltr'><strong>σπι-</strong></span> 
     </span>
    </p>
   </div>
   <div class='ocr_carea' id='block_1_18' title="bbox 282 1796 1859 1873">
    <p class='ocr_par' dir='ltr' id='par_1_18' title="bbox 282 1796 1859 1873">
     <span class='ocr_line' id='line_1_18' title="bbox 282 1796 1859 1873; baseline 0.003 -20"><span class='ocrx_word' id='word_1_132' title='bbox 282 1799 451 1854; x_wconf 81' lang='grc' dir='ltr'><strong>λοῦσα</strong></span> <span class='ocrx_word' id='word_1_133' title='bbox 480 1798 601 1852; x_wconf 82' lang='grc' dir='ltr'>ὅλον</span> <span class='ocrx_word' id='word_1_134' title='bbox 629 1798 690 1852; x_wconf 85' lang='grc' dir='ltr'><strong>τὸ</strong></span> <span class='ocrx_word' id='word_1_135' title='bbox 714 1797 896 1869; x_wconf 86' lang='grc' dir='ltr'><strong>σῶμα,</strong></span> <span class='ocrx_word' id='word_1_136' title='bbox 932 1797 1026 1851; x_wconf 74' lang='grc' dir='ltr'><strong>καὶ</strong></span> <span class='ocrx_word' id='word_1_137' title='bbox 1055 1796 1387 1867; x_wconf 72' lang='grc' dir='ltr'>φλογίζουσα</span> <span class='ocrx_word' id='word_1_138' title='bbox 1413 1799 1506 1855; x_wconf 76' lang='grc' dir='ltr'><strong>τὸν</strong></span> <span class='ocrx_word' id='word_1_139' title='bbox 1533 1802 1729 1871; x_wconf 81' lang='grc' dir='ltr'><strong>τροχὸν</strong></span> <span class='ocrx_word' id='word_1_140' title='bbox 1757 1803 1859 1873; x_wconf 76' lang='grc' dir='ltr'><strong>τῆς</strong></span> 
     </span>
    </p>
   </div>
   <div class='ocr_carea' id='block_1_19' title="bbox 282 1889 1858 1964">
    <p class='ocr_par' dir='ltr' id='par_1_19' title="bbox 282 1889 1858 1964">
     <span class='ocr_line' id='line_1_19' title="bbox 282 1889 1858 1964; baseline 0.003 -19"><span class='ocrx_word' id='word_1_141' title='bbox 282 1892 573 1961; x_wconf 82' lang='grc' dir='ltr'><strong>γενέσεως,</strong></span> <span class='ocrx_word' id='word_1_142' title='bbox 603 1889 700 1947; x_wconf 80' lang='grc' dir='ltr'><strong>καὶ</strong></span> <span class='ocrx_word' id='word_1_143' title='bbox 737 1889 1104 1961; x_wconf 74' lang='grc' dir='ltr'><strong>φλογιζομένη</strong></span> <span class='ocrx_word' id='word_1_144' title='bbox 1139 1889 1247 1945; x_wconf 73' lang='grc' dir='ltr'><strong>ὑπὸ</strong></span> <span class='ocrx_word' id='word_1_145' title='bbox 1284 1890 1385 1962; x_wconf 81' lang='grc' dir='ltr'><strong>τῆς</strong></span> <span class='ocrx_word' id='word_1_146' title='bbox 1428 1893 1671 1964; x_wconf 80' lang='grc' dir='ltr'><strong>γεέννης.</strong></span> <span class='ocrx_word' id='word_1_147' title='bbox 1702 1894 1858 1949; x_wconf 77' lang='grc' dir='ltr'><strong>Πᾶσα</strong></span> 
     </span>
    </p>
   </div>
   <div class='ocr_carea' id='block_1_20' title="bbox 282 1982 1860 2056">
    <p class='ocr_par' dir='ltr' id='par_1_20' title="bbox 282 1982 1860 2056">
     <span class='ocr_line' id='line_1_20' title="bbox 282 1982 1860 2056; baseline 0.002 -19"><span class='ocrx_word' id='word_1_148' title='bbox 282 1985 394 2056; x_wconf 87' lang='grc' dir='ltr'><strong>γάρ</strong></span> <span class='ocrx_word' id='word_1_149' title='bbox 422 1982 585 2053; x_wconf 80' lang='grc' dir='ltr'><strong>φύσις</strong></span> <span class='ocrx_word' id='word_1_150' title='bbox 619 1982 823 2055; x_wconf 79' lang='grc' dir='ltr'><strong>θηρίων</strong></span> <span class='ocrx_word' id='word_1_151' title='bbox 859 1997 919 2035; x_wconf 89' lang='grc' dir='ltr'><strong>τε</strong></span> <span class='ocrx_word' id='word_1_152' title='bbox 962 1984 1058 2036; x_wconf 76' lang='grc' dir='ltr'><strong>καὶ</strong></span> <span class='ocrx_word' id='word_1_153' title='bbox 1085 1982 1369 2049; x_wconf 81' lang='grc' dir='ltr'><strong>πετεινῶν,</strong></span> <span class='ocrx_word' id='word_1_154' title='bbox 1400 1984 1645 2055; x_wconf 81' lang='grc' dir='ltr'><strong>ἑρπετῶν</strong></span> <span class='ocrx_word' id='word_1_155' title='bbox 1674 2002 1734 2040; x_wconf 85' lang='grc' dir='ltr'><strong>τε</strong></span> <span class='ocrx_word' id='word_1_156' title='bbox 1764 1987 1860 2040; x_wconf 80' lang='grc' dir='ltr'><strong>καὶ</strong></span> 
     </span>
    </p>
   </div>
   <div class='ocr_carea' id='block_1_21' title="bbox 281 2071 1862 2148">
    <p class='ocr_par' dir='ltr' id='par_1_21' title="bbox 281 2071 1862 2148">
     <span class='ocr_line' id='line_1_21' title="bbox 281 2071 1862 2148; baseline -0.003 -17"><span class='ocrx_word' id='word_1_157' title='bbox 281 2077 507 2131; x_wconf 65' lang='grc' dir='ltr'>ἐναλίων</span> <span class='ocrx_word' id='word_1_158' title='bbox 542 2071 963 2148; x_wconf 61' lang='grc' dir='ltr'><strong>δαμάζεταιὴιαὶ</strong></span> <span class='ocrx_word' id='word_1_159' title='bbox 990 2072 1324 2145; x_wconf 79' lang='grc' dir='ltr'><strong>δεδάμασται</strong></span> <span class='ocrx_word' id='word_1_160' title='bbox 1352 2077 1419 2147; x_wconf 78' lang='grc' dir='ltr'><strong>τῇ</strong></span> <span class='ocrx_word' id='word_1_161' title='bbox 1455 2074 1615 2145; x_wconf 79' lang='grc' dir='ltr'><strong>φύσει</strong></span> <span class='ocrx_word' id='word_1_162' title='bbox 1666 2078 1732 2148; x_wconf 74' lang='grc' dir='ltr'><strong>τῇ</strong></span> <span class='ocrx_word' id='word_1_163' title='bbox 1767 2077 1862 2131; x_wconf 83' lang='grc' dir='ltr'><strong>ἀν-</strong></span> 
     </span>
    </p>
   </div>
   <div class='ocr_carea' id='block_1_22' title="bbox 281 2166 1863 2243">
    <p class='ocr_par' dir='ltr' id='par_1_22' title="bbox 281 2166 1863 2243">
     <span class='ocr_line' id='line_1_22' title="bbox 281 2166 1863 2243; baseline 0 -20"><span class='ocrx_word' id='word_1_164' title='bbox 281 2168 556 2243; x_wconf 76' lang='grc' dir='ltr'><strong>θρωπίνῃ.</strong></span> <span class='ocrx_word' id='word_1_165' title='bbox 606 2168 705 2240; x_wconf 74' lang='grc' dir='ltr'><strong>τὴν</strong></span> <span class='ocrx_word' id='word_1_166' title='bbox 749 2168 807 2223; x_wconf 72' lang='grc' dir='ltr'><strong>δὲ</strong></span> <span class='ocrx_word' id='word_1_167' title='bbox 856 2166 1111 2238; x_wconf 87' lang='grc' dir='ltr'><strong>γλῶσσαν</strong></span> <span class='ocrx_word' id='word_1_168' title='bbox 1150 2167 1323 2233; x_wconf 79' lang='grc' dir='ltr'><strong>οὐδεὶς</strong></span> <span class='ocrx_word' id='word_1_169' title='bbox 1368 2168 1594 2223; x_wconf 82' lang='grc' dir='ltr'><strong>δύναται</strong></span> <span class='ocrx_word' id='word_1_170' title='bbox 1650 2167 1863 2240; x_wconf 83' lang='grc' dir='ltr'><strong>ἀνθρώ-</strong></span> 
     </span>
    </p>
   </div>
   <div class='ocr_carea' id='block_1_23' title="bbox 282 2261 1863 2337">
    <p class='ocr_par' dir='ltr' id='par_1_23' title="bbox 282 2261 1863 2337">
     <span class='ocr_line' id='line_1_23' title="bbox 282 2261 1863 2337; baseline -0.002 -16"><span class='ocrx_word' id='word_1_171' title='bbox 282 2282 404 2320; x_wconf 83' lang='grc' dir='ltr'><strong>πων</strong></span> <span class='ocrx_word' id='word_1_172' title='bbox 436 2263 709 2337; x_wconf 76' lang='grc' dir='ltr'><strong>δαμάσαι·</strong></span> <span class='ocrx_word' id='word_1_173' title='bbox 766 2264 1141 2334; x_wconf 79' lang='grc' dir='ltr'><strong>ἀκατάσχετον</strong></span> <span class='ocrx_word' id='word_1_174' title='bbox 1186 2261 1381 2329; x_wconf 83' lang='grc' dir='ltr'><strong>κακδν,</strong></span> <span class='ocrx_word' id='word_1_175' title='bbox 1438 2262 1614 2336; x_wconf 80' lang='grc' dir='ltr'><strong>μεστὴ</strong></span> <span class='ocrx_word' id='word_1_176' title='bbox 1644 2265 1726 2318; x_wconf 76' lang='grc' dir='ltr'><strong>ἰοῦ</strong></span> <span class='ocrx_word' id='word_1_177' title='bbox 1766 2265 1863 2319; x_wconf 80' lang='lat' dir='ltr'><strong>0a-</strong></span> 
     </span>
    </p>
   </div>
   <div class='ocr_carea' id='block_1_24' title="bbox 282 2354 1860 2431">
    <p class='ocr_par' dir='ltr' id='par_1_24' title="bbox 282 2354 1860 2431">
     <span class='ocr_line' id='line_1_24' title="bbox 282 2354 1860 2431; baseline 0 -18"><span class='ocrx_word' id='word_1_178' title='bbox 282 2359 615 2431; x_wconf 80' lang='grc' dir='ltr'><strong>νατηφόρου.</strong></span> <span class='ocrx_word' id='word_1_179' title='bbox 644 2357 734 2412; x_wconf 83' lang='grc' dir='ltr'>Ἐν</span> <span class='ocrx_word' id='word_1_180' title='bbox 770 2356 907 2429; x_wconf 74' lang='grc' dir='ltr'><strong>αὐτῇ</strong></span> <span class='ocrx_word' id='word_1_181' title='bbox 941 2354 1273 2428; x_wconf 83' lang='grc' dir='ltr'>εὐλογοῦμεν</span> <span class='ocrx_word' id='word_1_182' title='bbox 1302 2355 1393 2411; x_wconf 85' lang='grc' dir='ltr'><strong>τδν</strong></span> <span class='ocrx_word' id='word_1_183' title='bbox 1433 2356 1570 2413; x_wconf 72' lang='grc' dir='ltr'>Θεὸν</span> <span class='ocrx_word' id='word_1_184' title='bbox 1619 2359 1713 2412; x_wconf 74' lang='grc' dir='ltr'><strong>καὶ</strong></span> <span class='ocrx_word' id='word_1_185' title='bbox 1744 2359 1860 2413; x_wconf 85' lang='grc' dir='ltr'><strong>Πα-</strong></span> 
     </span>
    </p>
   </div>
   <div class='ocr_carea' id='block_1_25' title="bbox 282 2448 1862 2524">
    <p class='ocr_par' dir='ltr' id='par_1_25' title="bbox 282 2448 1862 2524">
     <span class='ocr_line' id='line_1_25' title="bbox 282 2448 1862 2524; baseline -0.001 -17"><span class='ocrx_word' id='word_1_186' title='bbox 282 2452 439 2524; x_wconf 72' lang='grc' dir='ltr'><strong>τέρα,</strong></span> <span class='ocrx_word' id='word_1_187' title='bbox 470 2449 569 2506; x_wconf 78' lang='grc' dir='ltr'><strong>καὶ</strong></span> <span class='ocrx_word' id='word_1_188' title='bbox 625 2451 683 2503; x_wconf 70' lang='grc' dir='ltr'>ὲν</span> <span class='ocrx_word' id='word_1_189' title='bbox 733 2450 874 2523; x_wconf 77' lang='grc' dir='ltr'><strong>αὐτῇ</strong></span> <span class='ocrx_word' id='word_1_190' title='bbox 928 2448 1301 2522; x_wconf 78' lang='grc' dir='ltr'><strong>καταρώμεθα</strong></span> <span class='ocrx_word' id='word_1_191' title='bbox 1351 2451 1479 2515; x_wconf 78' lang='grc' dir='ltr'><strong>τοὺς</strong></span> <span class='ocrx_word' id='word_1_192' title='bbox 1540 2450 1862 2523; x_wconf 80' lang='grc' dir='ltr'><strong>ἀνθρώπους</strong></span> 
     </span>
    </p>
   </div>
   <div class='ocr_carea' id='block_1_26' title="bbox 278 2540 1861 2614">
    <p class='ocr_par' dir='ltr' id='par_1_26' title="bbox 278 2540 1861 2614">
     <span class='ocr_line' id='line_1_26' title="bbox 278 2540 1861 2614; baseline 0.001 -15"><span class='ocrx_word' id='word_1_193' title='bbox 278 2544 410 2610; x_wconf 69' lang='grc' dir='ltr'><strong>τοὺς</strong></span> <span class='ocrx_word' id='word_1_194' title='bbox 453 2542 576 2599; x_wconf 73' lang='grc' dir='ltr'><strong>καθ’</strong></span> <span class='ocrx_word' id='word_1_195' title='bbox 614 2543 877 2614; x_wconf 76' lang='grc' dir='ltr'><strong>ὀμοῖωσιν</strong></span> <span class='ocrx_word' id='word_1_196' title='bbox 904 2540 1041 2596; x_wconf 81' lang='grc' dir='ltr'><strong>Θεοῦ</strong></span> <span class='ocrx_word' id='word_1_197' title='bbox 1086 2542 1401 2612; x_wconf 85' lang='grc' dir='ltr'><strong>γεγονότας.</strong></span> <span class='ocrx_word' id='word_1_198' title='bbox 1444 2544 1542 2599; x_wconf 87' lang='grc' dir='ltr'><strong>Ἐκ</strong></span> <span class='ocrx_word' id='word_1_199' title='bbox 1569 2544 1664 2599; x_wconf 81' lang='grc' dir='ltr'><strong>τοῦ</strong></span> <span class='ocrx_word' id='word_1_200' title='bbox 1694 2545 1861 2601; x_wconf 80' lang='grc' dir='ltr'><strong>αὐτοῦ</strong></span> 
     </span>
    </p>
   </div>
   <div class='ocr_carea' id='block_1_27' title="bbox 283 2636 1858 2712">
    <p class='ocr_par' dir='ltr' id='par_1_27' title="bbox 283 2636 1858 2712">
     <span class='ocr_line' id='line_1_27' title="bbox 283 2636 1858 2712; baseline 0 -19"><span class='ocrx_word' id='word_1_201' title='bbox 283 2638 553 2708; x_wconf 84' lang='grc' dir='ltr'><strong>στόματος</strong></span> <span class='ocrx_word' id='word_1_202' title='bbox 588 2638 869 2710; x_wconf 65' lang='grc' dir='ltr'><strong>ἐξέρχεται</strong></span> <span class='ocrx_word' id='word_1_203' title='bbox 914 2636 1137 2705; x_wconf 74' lang='grc' dir='ltr'>εὖλογία</span> <span class='ocrx_word' id='word_1_204' title='bbox 1180 2638 1278 2692; x_wconf 81' lang='lat' dir='ltr'><strong>xal</strong></span> <span class='ocrx_word' id='word_1_205' title='bbox 1319 2637 1557 2710; x_wconf 81' lang='grc' dir='ltr'><strong>κατάρα.</strong></span> <span class='ocrx_word' id='word_1_206' title='bbox 1619 2640 1695 2693; x_wconf 87' lang='grc' dir='ltr'><strong>Οὐ</strong></span> <span class='ocrx_word' id='word_1_207' title='bbox 1728 2639 1858 2712; x_wconf 75' lang='grc' dir='ltr'><strong>χρὴ,</strong></span> 
     </span>
    </p>
   </div>
   <div class='ocr_carea' id='block_1_28' title="bbox 282 2728 1864 2802">
    <p class='ocr_par' dir='ltr' id='par_1_28' title="bbox 282 2728 1864 2802">
     <span class='ocr_line' id='line_1_28' title="bbox 282 2728 1864 2802; baseline 0 -17"><span class='ocrx_word' id='word_1_208' title='bbox 282 2728 505 2800; x_wconf 76' lang='grc' dir='ltr'><strong>ἀδελφοί</strong></span> <span class='ocrx_word' id='word_1_209' title='bbox 534 2746 660 2800; x_wconf 90' lang='grc' dir='ltr'><strong>μου.</strong></span> <span class='ocrx_word' id='word_1_210' title='bbox 684 2730 775 2802; x_wconf 83' lang='grc' dir='ltr'><strong>Μή</strong></span> <span class='ocrx_word' id='word_1_211' title='bbox 806 2747 858 2783; x_wconf 86' lang='grc' dir='ltr'><strong>τι</strong></span> <span class='ocrx_word' id='word_1_212' title='bbox 892 2730 927 2798; x_wconf 81' lang='grc' dir='ltr'><strong>ἡ</strong></span> <span class='ocrx_word' id='word_1_213' title='bbox 956 2729 1108 2801; x_wconf 80' lang='grc' dir='ltr'><strong>πηγὴ</strong></span> <span class='ocrx_word' id='word_1_214' title='bbox 1142 2729 1206 2782; x_wconf 75' lang='grc' dir='ltr'><strong>ἐκ</strong></span> <span class='ocrx_word' id='word_1_215' title='bbox 1229 2729 1330 2801; x_wconf 82' lang='grc' dir='ltr'><strong>τῆς</strong></span> <span class='ocrx_word' id='word_1_216' title='bbox 1351 2729 1522 2800; x_wconf 78' lang='grc' dir='ltr'><strong>αὐτῆς</strong></span> <span class='ocrx_word' id='word_1_217' title='bbox 1542 2728 1681 2800; x_wconf 78' lang='grc' dir='ltr'><strong>ὀπῆς</strong></span> <span class='ocrx_word' id='word_1_218' title='bbox 1711 2729 1864 2801; x_wconf 81' lang='grc' dir='ltr'><strong>βρύει</strong></span> 
     </span>
    </p>
   </div>
   <div class='ocr_carea' id='block_1_29' title="bbox 283 2822 1077 2897">
    <p class='ocr_par' dir='ltr' id='par_1_29' title="bbox 283 2822 1077 2897">
     <span class='ocr_line' id='line_1_29' title="bbox 283 2822 1077 2897; baseline -0.006 -18"><span class='ocrx_word' id='word_1_219' title='bbox 283 2824 346 2879; x_wconf 79' lang='grc' dir='ltr'><strong>τὸ</strong></span> <span class='ocrx_word' id='word_1_220' title='bbox 373 2822 569 2892; x_wconf 78' lang='grc' dir='ltr'><strong>γλυκὺ,</strong></span> <span class='ocrx_word' id='word_1_221' title='bbox 595 2824 691 2877; x_wconf 74' lang='grc' dir='ltr'><strong>καὶ</strong></span> <span class='ocrx_word' id='word_1_222' title='bbox 714 2826 775 2877; x_wconf 76' lang='grc' dir='ltr'><strong>τὸ</strong></span> <span class='ocrx_word' id='word_1_223' title='bbox 806 2826 1037 2897; x_wconf 76' lang='grc' dir='ltr'><strong>πικρόνς</strong></span> <span class='ocrx_word' id='word_1_224' title='bbox 1060 2842 1077 2874; x_wconf 82' lang='grc' dir='ltr'><strong>ι</strong></span> 
     </span>
    </p>
   </div>
   <div class='ocr_carea' id='block_1_30' title="bbox 357 2917 1866 2993">
    <p class='ocr_par' dir='ltr' id='par_1_30' title="bbox 357 2917 1866 2993">
     <span class='ocr_line' id='line_1_30' title="bbox 357 2917 1866 2993; baseline 0.001 -21"><span class='ocrx_word' id='word_1_225' title='bbox 357 2918 537 2987; x_wconf 81' lang='grc' dir='ltr'><strong>Κόρος</strong></span> <span class='ocrx_word' id='word_1_226' title='bbox 583 2918 746 2989; x_wconf 77' lang='grc' dir='ltr'><strong>λόγου</strong></span> <span class='ocrx_word' id='word_1_227' title='bbox 792 2918 1051 2993; x_wconf 69' lang='grc' dir='ltr'><strong>πολέμιος</strong></span> <span class='ocrx_word' id='word_1_228' title='bbox 1090 2921 1303 2985; x_wconf 84' lang='grc' dir='ltr'><strong>ἀκοαῖς,</strong></span> <span class='ocrx_word' id='word_1_229' title='bbox 1335 2917 1412 2984; x_wconf 83' lang='grc' dir='ltr'><strong>ὡς</strong></span> <span class='ocrx_word' id='word_1_230' title='bbox 1446 2918 1866 2990; x_wconf 77' lang='grc' dir='ltr'><strong>ὑπερϐάλλουσα</strong></span> 
     </span>
    </p>
   </div>
   <div class='ocr_carea' id='block_1_31' title="bbox 284 3009 743 3084">
    <p class='ocr_par' dir='ltr' id='par_1_31' title="bbox 284 3009 743 3084">
     <span class='ocr_line' id='line_1_31' title="bbox 284 3009 743 3084; baseline 0.004 -20"><span class='ocrx_word' id='word_1_231' title='bbox 284 3009 464 3083; x_wconf 75' lang='grc' dir='ltr'><strong>τροφὴ</strong></span> <span class='ocrx_word' id='word_1_232' title='bbox 505 3009 743 3084; x_wconf 84' lang='grc' dir='ltr'><strong>σώματι.</strong></span> 
     </span>
    </p>
   </div>
   <div class='ocr_carea' id='block_1_32' title="bbox 1962 594 3546 671">
    <p class='ocr_par' dir='ltr' id='par_1_32' title="bbox 1962 594 3546 671">
     <span class='ocr_line' id='line_1_32' title="bbox 1962 594 3546 671; baseline 0.007 -23"><span class='ocrx_word' id='word_1_233' title='bbox 1962 594 2220 651; x_wconf 82' lang='lat' dir='ltr'><strong>—Multi</strong></span> <span class='ocrx_word' id='word_1_234' title='bbox 2252 597 2575 654; x_wconf 89' lang='lat' dir='ltr'><strong>ceciderunt</strong></span> <span class='ocrx_word' id='word_1_235' title='bbox 2629 600 2684 655; x_wconf 91' lang='lat' dir='ltr'><strong>in</strong></span> <span class='ocrx_word' id='word_1_236' title='bbox 2720 616 2820 656; x_wconf 90' lang='lat' dir='ltr'><strong>ore</strong></span> <span class='ocrx_word' id='word_1_237' title='bbox 2876 600 3039 671; x_wconf 85' lang='lat' dir='ltr'><strong>gladii</strong></span> <span class='ocrx_word' id='word_1_238' title='bbox 3087 619 3101 653; x_wconf 91' lang='lat'><strong>:</strong></span> <span class='ocrx_word' id='word_1_239' title='bbox 3145 602 3241 658; x_wconf 83' lang='lat' dir='ltr'><strong>sed</strong></span> <span class='ocrx_word' id='word_1_240' title='bbox 3287 618 3396 658; x_wconf 88' lang='lat' dir='ltr'><strong>non</strong></span> <span class='ocrx_word' id='word_1_241' title='bbox 3443 603 3546 668; x_wconf 83' lang='lat' dir='ltr'><strong>sic,</strong></span> 
     </span>
    </p>
   </div>
   <div class='ocr_carea' id='block_1_33' title="bbox 1962 687 3077 765">
    <p class='ocr_par' dir='ltr' id='par_1_33' title="bbox 1962 687 3077 765">
     <span class='ocr_line' id='line_1_33' title="bbox 1962 687 3077 765; baseline 0.005 -24"><span class='ocrx_word' id='word_1_242' title='bbox 1962 687 2113 741; x_wconf 79' lang='lat' dir='ltr'><strong>velut</strong></span> <span class='ocrx_word' id='word_1_243' title='bbox 2144 690 2239 759; x_wconf 85' lang='lat' dir='ltr'><strong>qui</strong></span> <span class='ocrx_word' id='word_1_244' title='bbox 2272 690 2604 746; x_wconf 86' lang='lat' dir='ltr'><strong>interierunt</strong></span> <span class='ocrx_word' id='word_1_245' title='bbox 2637 708 2734 763; x_wconf 85' lang='lat' dir='ltr'><strong>per</strong></span> <span class='ocrx_word' id='word_1_246' title='bbox 2761 694 3028 765; x_wconf 87' lang='lat' dir='ltr'><strong>linguam.</strong></span> <span class='ocrx_word' id='word_1_247' title='bbox 3057 713 3077 747; x_wconf 80' lang='grc' dir='ltr'><strong>ι</strong></span> 
     </span>
    </p>
   </div>
   <div class='ocr_carea' id='block_1_34' title="bbox 2031 777 3550 857">
    <p class='ocr_par' dir='ltr' id='par_1_34' title="bbox 2031 777 3550 857">
     <span class='ocr_line' id='line_1_34' title="bbox 2031 777 3550 857; baseline 0.007 -23"><span class='ocrx_word' id='word_1_248' title='bbox 2031 777 2157 835; x_wconf 77' lang='lat' dir='ltr'><strong>lar.</strong></span> <span class='ocrx_word' id='word_1_249' title='bbox 2201 797 2286 844; x_wconf 84' lang='grc' dir='ltr'><strong>ιιι,</strong></span> <span class='ocrx_word' id='word_1_250' title='bbox 2314 782 2481 850; x_wconf 79' lang='grc' dir='ltr'><strong>2,Η.</strong></span> <span class='ocrx_word' id='word_1_251' title='bbox 2513 815 2575 824; x_wconf 94' lang='grc'><strong><em>-</em></strong></span> <span class='ocrx_word' id='word_1_252' title='bbox 2626 803 2646 837; x_wconf 77' lang='lat' dir='ltr'><strong>s</strong></span> <span class='ocrx_word' id='word_1_253' title='bbox 2684 785 2740 840; x_wconf 90' lang='lat' dir='ltr'><strong>Si</strong></span> <span class='ocrx_word' id='word_1_254' title='bbox 2768 786 2894 857; x_wconf 85' lang='lat' dir='ltr'><strong>quis</strong></span> <span class='ocrx_word' id='word_1_255' title='bbox 2932 786 2987 842; x_wconf 92' lang='lat' dir='ltr'><strong>in</strong></span> <span class='ocrx_word' id='word_1_256' title='bbox 3024 788 3193 843; x_wconf 72' lang='lat' dir='ltr'><strong>verba</strong></span> <span class='ocrx_word' id='word_1_257' title='bbox 3232 802 3338 843; x_wconf 86' lang='lat' dir='ltr'><strong>non</strong></span> <span class='ocrx_word' id='word_1_258' title='bbox 3378 787 3550 844; x_wconf 82' lang='lat' dir='ltr'><strong>oll‘en-</strong></span> 
     </span>
    </p>
   </div>
   <div class='ocr_carea' id='block_1_35' title="bbox 1958 871 3551 948">
    <p class='ocr_par' dir='ltr' id='par_1_35' title="bbox 1958 871 3551 948">
     <span class='ocr_line' id='line_1_35' title="bbox 1958 871 3551 948; baseline 0.005 -21"><span class='ocrx_word' id='word_1_259' title='bbox 1958 871 2064 936; x_wconf 86' lang='lat' dir='ltr'><strong>dit,</strong></span> <span class='ocrx_word' id='word_1_260' title='bbox 2100 871 2190 927; x_wconf 91' lang='lat' dir='ltr'><strong>hic</strong></span> <span class='ocrx_word' id='word_1_261' title='bbox 2222 881 2308 929; x_wconf 88' lang='lat' dir='ltr'><strong>est</strong></span> <span class='ocrx_word' id='word_1_262' title='bbox 2345 875 2621 946; x_wconf 90' lang='lat' dir='ltr'><strong>perfectus</strong></span> <span class='ocrx_word' id='word_1_263' title='bbox 2656 878 2777 944; x_wconf 80' lang='lat' dir='ltr'><strong>vir;</strong></span> <span class='ocrx_word' id='word_1_264' title='bbox 2819 886 3015 948; x_wconf 88' lang='lat' dir='ltr'><strong>potens</strong></span> <span class='ocrx_word' id='word_1_265' title='bbox 3048 879 3214 934; x_wconf 84' lang='lat' dir='ltr'><strong>etiam</strong></span> <span class='ocrx_word' id='word_1_266' title='bbox 3247 878 3405 937; x_wconf 90' lang='lat' dir='ltr'><strong>freno</strong></span> <span class='ocrx_word' id='word_1_267' title='bbox 3442 896 3551 935; x_wconf 82' lang='lat' dir='ltr'><strong>cir-</strong></span> 
     </span>
    </p>
   </div>
   <div class='ocr_carea' id='block_1_36' title="bbox 1961 965 3547 1043">
    <p class='ocr_par' dir='ltr' id='par_1_36' title="bbox 1961 965 3547 1043">
     <span class='ocr_line' id='line_1_36' title="bbox 1961 965 3547 1043; baseline 0.006 -24"><span class='ocrx_word' id='word_1_268' title='bbox 1961 965 2301 1023; x_wconf 82' lang='lat' dir='ltr'><strong>cnmducere</strong></span> <span class='ocrx_word' id='word_1_269' title='bbox 2332 978 2504 1023; x_wconf 89' lang='lat' dir='ltr'><strong>totum</strong></span> <span class='ocrx_word' id='word_1_270' title='bbox 2541 984 2781 1041; x_wconf 85' lang='lat' dir='ltr'><strong>corpus.</strong></span> <span class='ocrx_word' id='word_1_271' title='bbox 2822 968 2879 1026; x_wconf 90' lang='lat' dir='ltr'><strong>Si</strong></span> <span class='ocrx_word' id='word_1_272' title='bbox 2908 980 3089 1027; x_wconf 78' lang='lat' dir='ltr'><strong>autem</strong></span> <span class='ocrx_word' id='word_1_273' title='bbox 3120 973 3279 1043; x_wconf 88' lang='lat' dir='ltr'><strong>equis</strong></span> <span class='ocrx_word' id='word_1_274' title='bbox 3307 974 3458 1028; x_wconf 88' lang='lat' dir='ltr'><strong>frena</strong></span> <span class='ocrx_word' id='word_1_275' title='bbox 3490 975 3547 1029; x_wconf 91' lang='lat' dir='ltr'><strong>in</strong></span> 
     </span>
    </p>
   </div>
   <div class='ocr_carea' id='block_1_37' title="bbox 1958 1057 3549 1133">
    <p class='ocr_par' dir='ltr' id='par_1_37' title="bbox 1958 1057 3549 1133">
     <span class='ocr_line' id='line_1_37' title="bbox 1958 1057 3549 1133; baseline 0.006 -22"><span class='ocrx_word' id='word_1_276' title='bbox 1958 1071 2057 1112; x_wconf 89' lang='lat' dir='ltr'><strong>ora</strong></span> <span class='ocrx_word' id='word_1_277' title='bbox 2096 1057 2369 1115; x_wconf 82' lang='lat' dir='ltr'><strong>mittimus</strong></span> <span class='ocrx_word' id='word_1_278' title='bbox 2398 1060 2465 1114; x_wconf 92' lang='lat' dir='ltr'><strong>ad</strong></span> <span class='ocrx_word' id='word_1_279' title='bbox 2495 1062 2958 1133; x_wconf 75' lang='lat' dir='ltr'><strong>consentiendum</strong></span> <span class='ocrx_word' id='word_1_280' title='bbox 2986 1062 3167 1128; x_wconf 87' lang='lat' dir='ltr'><strong>nobis,</strong></span> <span class='ocrx_word' id='word_1_281' title='bbox 3192 1062 3357 1117; x_wconf 85' lang='lat' dir='ltr'><strong>etiam</strong></span> <span class='ocrx_word' id='word_1_282' title='bbox 3384 1080 3549 1120; x_wconf 85' lang='lat' dir='ltr'><strong>omne</strong></span> 
     </span>
    </p>
   </div>
   <div class='ocr_carea' id='block_1_38' title="bbox 1960 1149 3546 1219">
    <p class='ocr_par' dir='ltr' id='par_1_38' title="bbox 1960 1149 3546 1219">
     <span class='ocr_line' id='line_1_38' title="bbox 1960 1149 3546 1219; baseline 0.004 -14"><span class='ocrx_word' id='word_1_283' title='bbox 1960 1163 2162 1218; x_wconf 83' lang='lat' dir='ltr'><strong>corpus</strong></span> <span class='ocrx_word' id='word_1_284' title='bbox 2193 1149 2411 1205; x_wconf 91' lang='lat' dir='ltr'><strong>illorum</strong></span> <span class='ocrx_word' id='word_1_285' title='bbox 2444 1150 2893 1208; x_wconf 88' lang='lat' dir='ltr'><strong>cireumferimus</strong></span> <span class='ocrx_word' id='word_1_286' title='bbox 2930 1170 2942 1207; x_wconf 90' lang='lat'>:</span> <span class='ocrx_word' id='word_1_287' title='bbox 2970 1161 3024 1207; x_wconf 95' lang='lat' dir='ltr'><strong>et</strong></span> <span class='ocrx_word' id='word_1_288' title='bbox 3044 1168 3177 1208; x_wconf 86' lang='lat' dir='ltr'><strong>cccc</strong></span> <span class='ocrx_word' id='word_1_289' title='bbox 3209 1164 3546 1219; x_wconf 50' lang='lat' dir='ltr'><strong>navemcum</strong></span> 
     </span>
    </p>
   </div>
   <div class='ocr_carea' id='block_1_39' title="bbox 1960 1242 3550 1313">
    <p class='ocr_par' dir='ltr' id='par_1_39' title="bbox 1960 1242 3550 1313">
     <span class='ocr_line' id='line_1_39' title="bbox 1960 1242 3550 1313; baseline 0.003 -17"><span class='ocrx_word' id='word_1_290' title='bbox 1960 1256 2173 1313; x_wconf 73' lang='lat' dir='ltr'><strong>magna:</strong></span> <span class='ocrx_word' id='word_1_291' title='bbox 2206 1242 2338 1311; x_wconf 90' lang='lat' dir='ltr'><strong>sint,</strong></span> <span class='ocrx_word' id='word_1_292' title='bbox 2368 1251 2422 1299; x_wconf 89' lang='lat' dir='ltr'><strong>et</strong></span> <span class='ocrx_word' id='word_1_293' title='bbox 2470 1259 2498 1298; x_wconf 89' lang='lat' dir='ltr'><strong>a</strong></span> <span class='ocrx_word' id='word_1_294' title='bbox 2530 1245 2709 1301; x_wconf 82' lang='lat' dir='ltr'><strong>ventis</strong></span> <span class='ocrx_word' id='word_1_295' title='bbox 2740 1245 2944 1302; x_wconf 82' lang='lat' dir='ltr'><strong>validis</strong></span> <span class='ocrx_word' id='word_1_296' title='bbox 2978 1246 3281 1309; x_wconf 87' lang='lat' dir='ltr'><strong>minentur.</strong></span> <span class='ocrx_word' id='word_1_297' title='bbox 3311 1247 3550 1303; x_wconf 85' lang='lat' dir='ltr'><strong>circnm-</strong></span> 
     </span>
    </p>
   </div>
   <div class='ocr_carea' id='block_1_40' title="bbox 1961 1334 3549 1410">
    <p class='ocr_par' dir='ltr' id='par_1_40' title="bbox 1961 1334 3549 1410">
     <span class='ocr_line' id='line_1_40' title="bbox 1961 1334 3549 1410; baseline 0.003 -20"><span class='ocrx_word' id='word_1_298' title='bbox 1961 1334 2217 1391; x_wconf 89' lang='lat' dir='ltr'><strong>feruntur</strong></span> <span class='ocrx_word' id='word_1_299' title='bbox 2249 1351 2279 1392; x_wconf 89' lang='lat' dir='ltr'><strong>a</strong></span> <span class='ocrx_word' id='word_1_300' title='bbox 2309 1336 2529 1391; x_wconf 90' lang='lat' dir='ltr'><strong>modico</strong></span> <span class='ocrx_word' id='word_1_301' title='bbox 2568 1338 2963 1409; x_wconf 86' lang='lat' dir='ltr'><strong>gubernaculo,</strong></span> <span class='ocrx_word' id='word_1_302' title='bbox 2999 1338 3089 1393; x_wconf 92' lang='lat' dir='ltr'><strong>ubi</strong></span> <span class='ocrx_word' id='word_1_303' title='bbox 3134 1338 3373 1410; x_wconf 85' lang='lat' dir='ltr'><strong>impetus</strong></span> <span class='ocrx_word' id='word_1_304' title='bbox 3406 1340 3549 1395; x_wconf 77' lang='lat' dir='ltr'><strong>diri-</strong></span> 
     </span>
    </p>
   </div>
   <div class='ocr_carea' id='block_1_41' title="bbox 1960 1430 3545 1504">
    <p class='ocr_par' dir='ltr' id='par_1_41' title="bbox 1960 1430 3545 1504">
     <span class='ocr_line' id='line_1_41' title="bbox 1960 1430 3545 1504; baseline 0.003 -21"><span class='ocrx_word' id='word_1_305' title='bbox 1960 1430 2140 1500; x_wconf 86' lang='lat' dir='ltr'><strong>gentis</strong></span> <span class='ocrx_word' id='word_1_306' title='bbox 2194 1430 2430 1486; x_wconf 80' lang='lat' dir='ltr'><strong>voluerit</strong></span> <span class='ocrx_word' id='word_1_307' title='bbox 2479 1449 2492 1485; x_wconf 92' lang='lat'>:</span> <span class='ocrx_word' id='word_1_308' title='bbox 2548 1431 2623 1486; x_wconf 91' lang='lat' dir='ltr'><strong>ita</strong></span> <span class='ocrx_word' id='word_1_309' title='bbox 2673 1439 2727 1487; x_wconf 83' lang='lat' dir='ltr'><strong>et</strong></span> <span class='ocrx_word' id='word_1_310' title='bbox 2782 1430 2967 1502; x_wconf 89' lang='lat' dir='ltr'><strong>lingua</strong></span> <span class='ocrx_word' id='word_1_311' title='bbox 3018 1431 3291 1487; x_wconf 86' lang='lat' dir='ltr'><strong>modicum</strong></span> <span class='ocrx_word' id='word_1_312' title='bbox 3324 1434 3545 1504; x_wconf 84' lang='lat' dir='ltr'><strong>quidem</strong></span> 
     </span>
    </p>
   </div>
   <div class='ocr_carea' id='block_1_42' title="bbox 1961 1521 3546 1598">
    <p class='ocr_par' dir='ltr' id='par_1_42' title="bbox 1961 1521 3546 1598">
     <span class='ocr_line' id='line_1_42' title="bbox 1961 1521 3546 1598; baseline 0.003 -22"><span class='ocrx_word' id='word_1_313' title='bbox 1961 1522 2268 1578; x_wconf 84' lang='lat' dir='ltr'><strong>membrum</strong></span> <span class='ocrx_word' id='word_1_314' title='bbox 2302 1530 2405 1586; x_wconf 88' lang='lat' dir='ltr'><strong>est,</strong></span> <span class='ocrx_word' id='word_1_315' title='bbox 2428 1533 2481 1577; x_wconf 88' lang='lat' dir='ltr'><strong>et</strong></span> <span class='ocrx_word' id='word_1_316' title='bbox 2516 1538 2710 1594; x_wconf 84' lang='lat' dir='ltr'><strong>magna</strong></span> <span class='ocrx_word' id='word_1_317' title='bbox 2739 1523 2961 1578; x_wconf 84' lang='lat' dir='ltr'><strong>exaltat.</strong></span> <span class='ocrx_word' id='word_1_318' title='bbox 2994 1521 3138 1581; x_wconf 83' lang='lat' dir='ltr'><strong>Ecce</strong></span> <span class='ocrx_word' id='word_1_319' title='bbox 3164 1540 3365 1596; x_wconf 83' lang='lat' dir='ltr'><strong>parvus</strong></span> <span class='ocrx_word' id='word_1_320' title='bbox 3405 1527 3546 1598; x_wconf 80' lang='lat' dir='ltr'><strong>ignis</strong></span> 
     </span>
    </p>
   </div>
   <div class='ocr_carea' id='block_1_43' title="bbox 1960 1614 3546 1689">
    <p class='ocr_par' dir='ltr' id='par_1_43' title="bbox 1960 1614 3546 1689">
     <span class='ocr_line' id='line_1_43' title="bbox 1960 1614 3546 1689; baseline 0.003 -22"><span class='ocrx_word' id='word_1_321' title='bbox 1960 1628 2124 1683; x_wconf 89' lang='lat' dir='ltr'><strong>quam</strong></span> <span class='ocrx_word' id='word_1_322' title='bbox 2158 1628 2409 1685; x_wconf 85' lang='lat' dir='ltr'><strong>magnam</strong></span> <span class='ocrx_word' id='word_1_323' title='bbox 2436 1615 2631 1669; x_wconf 77' lang='lat' dir='ltr'><strong>silvam</strong></span> <span class='ocrx_word' id='word_1_324' title='bbox 2661 1614 2906 1671; x_wconf 88' lang='lat' dir='ltr'><strong>incendit</strong></span> <span class='ocrx_word' id='word_1_325' title='bbox 2932 1616 2944 1670; x_wconf 76' lang='grc' dir='ltr'>Ξ</span> <span class='ocrx_word' id='word_1_326' title='bbox 2976 1614 3042 1670; x_wconf 87' lang='grc' dir='ltr'><strong>Ει</strong></span> <span class='ocrx_word' id='word_1_327' title='bbox 3071 1616 3255 1687; x_wconf 78' lang='lat' dir='ltr'><strong>lingua</strong></span> <span class='ocrx_word' id='word_1_328' title='bbox 3278 1618 3423 1689; x_wconf 84' lang='lat' dir='ltr'><strong>ignis</strong></span> <span class='ocrx_word' id='word_1_329' title='bbox 3439 1628 3546 1685; x_wconf 85' lang='lat' dir='ltr'><strong>est,</strong></span> 
     </span>
    </p>
   </div>
   <div class='ocr_carea' id='block_1_44' title="bbox 1961 1707 3543 1779">
    <p class='ocr_par' dir='ltr' id='par_1_44' title="bbox 1961 1707 3543 1779">
     <span class='ocr_line' id='line_1_44' title="bbox 1961 1707 3543 1779; baseline 0.002 -16"><span class='ocrx_word' id='word_1_330' title='bbox 1961 1708 2301 1765; x_wconf 89' lang='lat' dir='ltr'><strong>universitas</strong></span> <span class='ocrx_word' id='word_1_331' title='bbox 2374 1707 2716 1779; x_wconf 83' lang='lat' dir='ltr'><strong>iniquitatis.</strong></span> <span class='ocrx_word' id='word_1_332' title='bbox 2790 1707 3002 1778; x_wconf 84' lang='lat' dir='ltr'><strong>Lingua</strong></span> <span class='ocrx_word' id='word_1_333' title='bbox 3067 1712 3427 1766; x_wconf 88' lang='lat' dir='ltr'><strong>constituitur</strong></span> <span class='ocrx_word' id='word_1_334' title='bbox 3491 1713 3543 1766; x_wconf 84' lang='lat' dir='ltr'><strong>in</strong></span> 
     </span>
    </p>
   </div>
   <div class='ocr_carea' id='block_1_45' title="bbox 1962 1800 3547 1874">
    <p class='ocr_par' dir='ltr' id='par_1_45' title="bbox 1962 1800 3547 1874">
     <span class='ocr_line' id='line_1_45' title="bbox 1962 1800 3547 1874; baseline 0.001 -19"><span class='ocrx_word' id='word_1_335' title='bbox 1962 1800 2227 1855; x_wconf 81' lang='lat' dir='ltr'><strong>membris</strong></span> <span class='ocrx_word' id='word_1_336' title='bbox 2258 1800 2486 1867; x_wconf 87' lang='lat' dir='ltr'><strong>nostris,</strong></span> <span class='ocrx_word' id='word_1_337' title='bbox 2532 1816 2656 1870; x_wconf 70' lang='lat' dir='ltr'><strong>qua:</strong></span> <span class='ocrx_word' id='word_1_338' title='bbox 2696 1801 2939 1855; x_wconf 81' lang='lat' dir='ltr'><strong>maculat</strong></span> <span class='ocrx_word' id='word_1_339' title='bbox 2984 1811 3160 1855; x_wconf 81' lang='lat' dir='ltr'><strong>totum</strong></span> <span class='ocrx_word' id='word_1_340' title='bbox 3218 1817 3446 1874; x_wconf 84' lang='lat' dir='ltr'><strong>corpus,</strong></span> <span class='ocrx_word' id='word_1_341' title='bbox 3491 1811 3547 1858; x_wconf 91' lang='lat' dir='ltr'><strong>et</strong></span> 
     </span>
    </p>
   </div>
   <div class='ocr_carea' id='block_1_46' title="bbox 1960 1889 3545 1958">
    <p class='ocr_par' dir='ltr' id='par_1_46' title="bbox 1960 1889 3545 1958">
     <span class='ocr_line' id='line_1_46' title="bbox 1960 1889 3545 1958; baseline 0.003 -13"><span class='ocrx_word' id='word_1_342' title='bbox 1960 1889 2267 1946; x_wconf 81' lang='lat' dir='ltr'><strong>inﬂammat</strong></span> <span class='ocrx_word' id='word_1_343' title='bbox 2292 1901 2471 1947; x_wconf 88' lang='lat' dir='ltr'><strong>rotam</strong></span> <span class='ocrx_word' id='word_1_344' title='bbox 2503 1891 2811 1948; x_wconf 81' lang='lat' dir='ltr'><strong>nativitatis</strong></span> <span class='ocrx_word' id='word_1_345' title='bbox 2836 1899 3058 1958; x_wconf 68' lang='lat' dir='ltr'><strong>nostrre,</strong></span> <span class='ocrx_word' id='word_1_346' title='bbox 3089 1904 3143 1948; x_wconf 89' lang='lat' dir='ltr'><strong>et</strong></span> <span class='ocrx_word' id='word_1_347' title='bbox 3174 1893 3545 1950; x_wconf 78' lang='lat' dir='ltr'><strong>inflammatur</strong></span> 
     </span>
    </p>
   </div>
   <div class='ocr_carea' id='block_1_47' title="bbox 1961 1980 3546 2053">
    <p class='ocr_par' dir='ltr' id='par_1_47' title="bbox 1961 1980 3546 2053">
     <span class='ocr_line' id='line_1_47' title="bbox 1961 1980 3546 2053; baseline 0.004 -17"><span class='ocrx_word' id='word_1_348' title='bbox 1961 1996 1990 2036; x_wconf 91' lang='lat' dir='ltr'><strong>a</strong></span> <span class='ocrx_word' id='word_1_349' title='bbox 2023 1982 2295 2053; x_wconf 85' lang='lat' dir='ltr'><strong>gehenna.</strong></span> <span class='ocrx_word' id='word_1_350' title='bbox 2330 1982 2525 2038; x_wconf 83' lang='lat' dir='ltr'><strong>Omnis</strong></span> <span class='ocrx_word' id='word_1_351' title='bbox 2555 1984 2702 2038; x_wconf 89' lang='lat' dir='ltr'><strong>enim</strong></span> <span class='ocrx_word' id='word_1_352' title='bbox 2743 1992 2944 2040; x_wconf 88' lang='lat' dir='ltr'><strong>natura</strong></span> <span class='ocrx_word' id='word_1_353' title='bbox 2992 1980 3319 2053; x_wconf 82' lang='lat' dir='ltr'><strong>bestiarum,</strong></span> <span class='ocrx_word' id='word_1_354' title='bbox 3354 1998 3407 2044; x_wconf 89' lang='lat' dir='ltr'><strong>et</strong></span> <span class='ocrx_word' id='word_1_355' title='bbox 3450 2003 3546 2043; x_wconf 82' lang='lat' dir='ltr'><strong>vo-</strong></span> 
     </span>
    </p>
   </div>
   <div class='ocr_carea' id='block_1_48' title="bbox 1963 2075 3547 2148">
    <p class='ocr_par' dir='ltr' id='par_1_48' title="bbox 1963 2075 3547 2148">
     <span class='ocr_line' id='line_1_48' title="bbox 1963 2075 3547 2148; baseline 0.004 -18"><span class='ocrx_word' id='word_1_356' title='bbox 1963 2075 2204 2140; x_wconf 85' lang='lat' dir='ltr'><strong>lucrum,</strong></span> <span class='ocrx_word' id='word_1_357' title='bbox 2236 2085 2290 2131; x_wconf 88' lang='lat' dir='ltr'><strong>et</strong></span> <span class='ocrx_word' id='word_1_358' title='bbox 2323 2076 2688 2147; x_wconf 85' lang='lat' dir='ltr'><strong>serpentium,</strong></span> <span class='ocrx_word' id='word_1_359' title='bbox 2725 2084 2780 2132; x_wconf 87' lang='lat' dir='ltr'><strong>et</strong></span> <span class='ocrx_word' id='word_1_360' title='bbox 2819 2077 3146 2148; x_wconf 83' lang='lat' dir='ltr'><strong>aquatilium</strong></span> <span class='ocrx_word' id='word_1_361' title='bbox 3176 2077 3458 2147; x_wconf 90' lang='lat' dir='ltr'><strong>domatur,</strong></span> <span class='ocrx_word' id='word_1_362' title='bbox 3490 2088 3547 2136; x_wconf 88' lang='lat' dir='ltr'><strong>et</strong></span> 
     </span>
    </p>
   </div>
   <div class='ocr_carea' id='block_1_49' title="bbox 1961 2165 3547 2243">
    <p class='ocr_par' dir='ltr' id='par_1_49' title="bbox 1961 2165 3547 2243">
     <span class='ocr_line' id='line_1_49' title="bbox 1961 2165 3547 2243; baseline 0.005 -22"><span class='ocrx_word' id='word_1_363' title='bbox 1961 2165 2169 2223; x_wconf 82' lang='lat' dir='ltr'><strong>domita</strong></span> <span class='ocrx_word' id='word_1_364' title='bbox 2195 2176 2282 2224; x_wconf 90' lang='lat' dir='ltr'><strong>est</strong></span> <span class='ocrx_word' id='word_1_365' title='bbox 2314 2181 2344 2221; x_wconf 88' lang='lat' dir='ltr'><strong>a</strong></span> <span class='ocrx_word' id='word_1_366' title='bbox 2385 2175 2584 2224; x_wconf 87' lang='lat' dir='ltr'><strong>natura</strong></span> <span class='ocrx_word' id='word_1_367' title='bbox 2617 2170 2877 2225; x_wconf 87' lang='lat' dir='ltr'><strong>humana.</strong></span> <span class='ocrx_word' id='word_1_368' title='bbox 2902 2168 3172 2243; x_wconf 79' lang='lat' dir='ltr'><strong>Linguam</strong></span> <span class='ocrx_word' id='word_1_369' title='bbox 3207 2182 3387 2228; x_wconf 86' lang='lat' dir='ltr'><strong>autem</strong></span> <span class='ocrx_word' id='word_1_370' title='bbox 3421 2175 3547 2228; x_wconf 75' lang='lat' dir='ltr'><strong>nul-</strong></span> 
     </span>
    </p>
   </div>
   <div class='ocr_carea' id='block_1_50' title="bbox 1963 2259 3544 2333">
    <p class='ocr_par' dir='ltr' id='par_1_50' title="bbox 1963 2259 3544 2333">
     <span class='ocr_line' id='line_1_50' title="bbox 1963 2259 3544 2333; baseline 0.004 -19"><span class='ocrx_word' id='word_1_371' title='bbox 1963 2260 2049 2316; x_wconf 85' lang='lat' dir='ltr'><strong>lus</strong></span> <span class='ocrx_word' id='word_1_372' title='bbox 2094 2260 2379 2319; x_wconf 81' lang='lat' dir='ltr'><strong>hominum</strong></span> <span class='ocrx_word' id='word_1_373' title='bbox 2422 2259 2649 2316; x_wconf 87' lang='lat' dir='ltr'><strong>domare</strong></span> <span class='ocrx_word' id='word_1_374' title='bbox 2695 2270 2900 2333; x_wconf 85' lang='lat' dir='ltr'><strong>potest,</strong></span> <span class='ocrx_word' id='word_1_375' title='bbox 2956 2260 3262 2333; x_wconf 87' lang='lat' dir='ltr'><strong>inquietum</strong></span> <span class='ocrx_word' id='word_1_376' title='bbox 3313 2265 3544 2328; x_wconf 88' lang='lat' dir='ltr'><strong>malum,</strong></span> 
     </span>
    </p>
   </div>
   <div class='ocr_carea' id='block_1_51' title="bbox 1962 2352 3546 2425">
    <p class='ocr_par' dir='ltr' id='par_1_51' title="bbox 1962 2352 3546 2425">
     <span class='ocr_line' id='line_1_51' title="bbox 1962 2352 3546 2425; baseline 0.004 -19"><span class='ocrx_word' id='word_1_377' title='bbox 1962 2352 2125 2425; x_wconf 88' lang='lat' dir='ltr'><strong>plena</strong></span> <span class='ocrx_word' id='word_1_378' title='bbox 2157 2368 2367 2409; x_wconf 71' lang='lat' dir='ltr'><strong>venieno</strong></span> <span class='ocrx_word' id='word_1_379' title='bbox 2397 2353 2703 2410; x_wconf 84' lang='lat' dir='ltr'><strong>mortifero.</strong></span> <span class='ocrx_word' id='word_1_380' title='bbox 2736 2354 2792 2409; x_wconf 91' lang='lat' dir='ltr'><strong>In</strong></span> <span class='ocrx_word' id='word_1_381' title='bbox 2824 2354 2942 2424; x_wconf 90' lang='lat' dir='ltr'><strong>ipsa</strong></span> <span class='ocrx_word' id='word_1_382' title='bbox 2971 2354 3348 2413; x_wconf 88' lang='lat' dir='ltr'><strong>benedicimus</strong></span> <span class='ocrx_word' id='word_1_383' title='bbox 3376 2355 3546 2414; x_wconf 83' lang='lat' dir='ltr'><strong>Deum</strong></span> 
     </span>
    </p>
   </div>
   <div class='ocr_carea' id='block_1_52' title="bbox 1962 2441 3547 2519">
    <p class='ocr_par' dir='ltr' id='par_1_52' title="bbox 1962 2441 3547 2519">
     <span class='ocr_line' id='line_1_52' title="bbox 1962 2441 3547 2519; baseline 0.004 -20"><span class='ocrx_word' id='word_1_384' title='bbox 1962 2451 2017 2499; x_wconf 86' lang='lat' dir='ltr'><strong>et</strong></span> <span class='ocrx_word' id='word_1_385' title='bbox 2051 2441 2366 2509; x_wconf 84' lang='lat' dir='ltr'><strong>Patrem,et</strong></span> <span class='ocrx_word' id='word_1_386' title='bbox 2393 2446 2448 2501; x_wconf 92' lang='lat' dir='ltr'><strong>in</strong></span> <span class='ocrx_word' id='word_1_387' title='bbox 2483 2445 2601 2517; x_wconf 88' lang='lat' dir='ltr'><strong>ipsa</strong></span> <span class='ocrx_word' id='word_1_388' title='bbox 2633 2444 3011 2501; x_wconf 83' lang='lat' dir='ltr'><strong>maledicimus</strong></span> <span class='ocrx_word' id='word_1_389' title='bbox 3048 2445 3299 2504; x_wconf 79' lang='lat' dir='ltr'><strong>limuines</strong></span> <span class='ocrx_word' id='word_1_390' title='bbox 3333 2449 3424 2519; x_wconf 91' lang='lat' dir='ltr'><strong>qui</strong></span> <span class='ocrx_word' id='word_1_391' title='bbox 3477 2450 3547 2505; x_wconf 86' lang='lat' dir='ltr'><strong>ad</strong></span> 
     </span>
    </p>
   </div>
   <div class='ocr_carea' id='block_1_53' title="bbox 1963 2536 3549 2611">
    <p class='ocr_par' dir='ltr' id='par_1_53' title="bbox 1963 2536 3549 2611">
     <span class='ocr_line' id='line_1_53' title="bbox 1963 2536 3549 2611; baseline 0.003 -18"><span class='ocrx_word' id='word_1_392' title='bbox 1963 2536 2383 2595; x_wconf 84' lang='lat' dir='ltr'><strong>similitudinem</strong></span> <span class='ocrx_word' id='word_1_393' title='bbox 2419 2538 2510 2593; x_wconf 90' lang='lat' dir='ltr'><strong>Del</strong></span> <span class='ocrx_word' id='word_1_394' title='bbox 2549 2538 2677 2594; x_wconf 87' lang='lat' dir='ltr'><strong>facti</strong></span> <span class='ocrx_word' id='word_1_395' title='bbox 2718 2548 2870 2595; x_wconf 88' lang='lat' dir='ltr'><strong>sunt.</strong></span> <span class='ocrx_word' id='word_1_396' title='bbox 2903 2539 2977 2593; x_wconf 84' lang='lat' dir='ltr'><strong>Ex</strong></span> <span class='ocrx_word' id='word_1_397' title='bbox 3015 2540 3137 2610; x_wconf 89' lang='lat' dir='ltr'><strong>ipso</strong></span> <span class='ocrx_word' id='word_1_398' title='bbox 3160 2554 3257 2595; x_wconf 89' lang='lat' dir='ltr'><strong>ore</strong></span> <span class='ocrx_word' id='word_1_399' title='bbox 3302 2541 3549 2611; x_wconf 78' lang='lat' dir='ltr'><strong>procedit</strong></span> 
     </span>
    </p>
   </div>
   <div class='ocr_carea' id='block_1_54' title="bbox 1965 2630 3543 2704">
    <p class='ocr_par' dir='ltr' id='par_1_54' title="bbox 1965 2630 3543 2704">
     <span class='ocr_line' id='line_1_54' title="bbox 1965 2630 3543 2704; baseline 0.001 -16"><span class='ocrx_word' id='word_1_400' title='bbox 1965 2631 2274 2688; x_wconf 85' lang='lat' dir='ltr'><strong>benedictio</strong></span> <span class='ocrx_word' id='word_1_401' title='bbox 2294 2642 2349 2688; x_wconf 91' lang='lat' dir='ltr'><strong>et</strong></span> <span class='ocrx_word' id='word_1_402' title='bbox 2374 2632 2707 2689; x_wconf 81' lang='lat' dir='ltr'><strong>maledictio.</strong></span> <span class='ocrx_word' id='word_1_403' title='bbox 2735 2630 2851 2687; x_wconf 79' lang='lat' dir='ltr'><strong>Non</strong></span> <span class='ocrx_word' id='word_1_404' title='bbox 2889 2640 3127 2704; x_wconf 85' lang='lat' dir='ltr'><strong>oportet,</strong></span> <span class='ocrx_word' id='word_1_405' title='bbox 3174 2633 3376 2691; x_wconf 84' lang='lat' dir='ltr'><strong>fratres</strong></span> <span class='ocrx_word' id='word_1_406' title='bbox 3413 2637 3543 2689; x_wconf 91' lang='lat' dir='ltr'><strong>mei.</strong></span> 
     </span>
    </p>
   </div>
   <div class='ocr_carea' id='block_1_55' title="bbox 1963 2720 3547 2794">
    <p class='ocr_par' dir='ltr' id='par_1_55' title="bbox 1963 2720 3547 2794">
     <span class='ocr_line' id='line_1_55' title="bbox 1963 2720 3547 2794; baseline 0.002 -17"><span class='ocrx_word' id='word_1_407' title='bbox 1963 2720 2221 2794; x_wconf 82' lang='lat' dir='ltr'><strong>Nunquid</strong></span> <span class='ocrx_word' id='word_1_408' title='bbox 2262 2723 2385 2780; x_wconf 90' lang='lat' dir='ltr'><strong>fons</strong></span> <span class='ocrx_word' id='word_1_409' title='bbox 2414 2723 2483 2779; x_wconf 84' lang='lat' dir='ltr'><strong>dc</strong></span> <span class='ocrx_word' id='word_1_410' title='bbox 2518 2724 2712 2779; x_wconf 87' lang='lat' dir='ltr'><strong>eodem</strong></span> <span class='ocrx_word' id='word_1_411' title='bbox 2748 2721 3020 2779; x_wconf 80' lang='lat' dir='ltr'><strong>foramine</strong></span> <span class='ocrx_word' id='word_1_412' title='bbox 3068 2734 3286 2780; x_wconf 85' lang='lat' dir='ltr'><strong>emanat</strong></span> <span class='ocrx_word' id='word_1_413' title='bbox 3330 2725 3547 2781; x_wconf 86' lang='lat' dir='ltr'><strong>dulcem</strong></span> 
     </span>
    </p>
   </div>
   <div class='ocr_carea' id='block_1_56' title="bbox 1965 2817 2614 2891">
    <p class='ocr_par' dir='ltr' id='par_1_56' title="bbox 1965 2817 2614 2891">
     <span class='ocr_line' id='line_1_56' title="bbox 1965 2817 2614 2891; baseline -0.006 -17"><span class='ocrx_word' id='word_1_414' title='bbox 1965 2827 2020 2874; x_wconf 90' lang='lat' dir='ltr'><strong>et</strong></span> <span class='ocrx_word' id='word_1_415' title='bbox 2056 2833 2297 2874; x_wconf 87' lang='lat' dir='ltr'><strong>amaram</strong></span> <span class='ocrx_word' id='word_1_416' title='bbox 2332 2817 2567 2891; x_wconf 81' lang='lat' dir='ltr'><strong>aquam?</strong></span> <span class='ocrx_word' id='word_1_417' title='bbox 2594 2837 2614 2870; x_wconf 83' lang='grc' dir='ltr'><strong>ι</strong></span> 
     </span>
    </p>
   </div>
   <div class='ocr_carea' id='block_1_57' title="bbox 2037 2907 3551 2981">
    <p class='ocr_par' dir='ltr' id='par_1_57' title="bbox 2037 2907 3551 2981">
     <span class='ocr_line' id='line_1_57' title="bbox 2037 2907 3551 2981; baseline 0.001 -16"><span class='ocrx_word' id='word_1_418' title='bbox 2037 2910 2198 2981; x_wconf 80' lang='lat' dir='ltr'><strong>Greg.</strong></span> <span class='ocrx_word' id='word_1_419' title='bbox 2245 2907 2384 2964; x_wconf 78' lang='lat' dir='ltr'><strong>Naz.</strong></span> <span class='ocrx_word' id='word_1_420' title='bbox 2414 2940 2485 2951; x_wconf 84' lang='lat'><strong>-—-</strong></span> <span class='ocrx_word' id='word_1_421' title='bbox 2516 2907 2850 2966; x_wconf 81' lang='lat' dir='ltr'><strong>lmmodicus</strong></span> <span class='ocrx_word' id='word_1_422' title='bbox 2889 2925 3073 2966; x_wconf 87' lang='lat' dir='ltr'><strong>sermo</strong></span> <span class='ocrx_word' id='word_1_423' title='bbox 3109 2910 3334 2967; x_wconf 83' lang='lat' dir='ltr'><strong>auribus</strong></span> <span class='ocrx_word' id='word_1_424' title='bbox 3367 2910 3551 2966; x_wconf 76' lang='lat' dir='ltr'><strong>inimi-</strong></span> 
     </span>
    </p>
   </div>
   <div class='ocr_carea' id='block_1_58' title="bbox 1967 3002 3550 3075">
    <p class='ocr_par' dir='ltr' id='par_1_58' title="bbox 1967 3002 3550 3075">
     <span class='ocr_line' id='line_1_58' title="bbox 1967 3002 3550 3075; baseline 0.001 -15"><span class='ocrx_word' id='word_1_425' title='bbox 1967 3018 2069 3060; x_wconf 87' lang='lat' dir='ltr'><strong>cus</strong></span> <span class='ocrx_word' id='word_1_426' title='bbox 2103 3012 2212 3072; x_wconf 88' lang='lat' dir='ltr'><strong>cst,</strong></span> <span class='ocrx_word' id='word_1_427' title='bbox 2251 3003 2397 3059; x_wconf 84' lang='lat' dir='ltr'><strong>haud</strong></span> <span class='ocrx_word' id='word_1_428' title='bbox 2431 3018 2594 3063; x_wconf 85' lang='lat' dir='ltr'><strong>secus</strong></span> <span class='ocrx_word' id='word_1_429' title='bbox 2624 3011 2790 3075; x_wconf 87' lang='lat' dir='ltr'><strong>atque</strong></span> <span class='ocrx_word' id='word_1_430' title='bbox 2816 3002 3217 3059; x_wconf 84' lang='lat' dir='ltr'><strong>immoderatus</strong></span> <span class='ocrx_word' id='word_1_431' title='bbox 3248 3003 3407 3061; x_wconf 88' lang='lat' dir='ltr'><strong>cibus</strong></span> <span class='ocrx_word' id='word_1_432' title='bbox 3430 3020 3550 3061; x_wconf 87' lang='lat' dir='ltr'><strong>cor-</strong></span> 
     </span>
    </p>
   </div>
   <div class='ocr_carea' id='block_1_59' title="bbox 1970 3113 2116 3170">
    <p class='ocr_par' dir='ltr' id='par_1_59' title="bbox 1970 3113 2116 3170">
     <span class='ocr_line' id='line_1_59' title="bbox 1970 3113 2116 3170; baseline 0 -18"><span class='ocrx_word' id='word_1_433' title='bbox 1970 3113 2116 3170; x_wconf 79' lang='lat' dir='ltr'><strong>pori.</strong></span> 
     </span>
    </p>
   </div>
   <div class='ocr_carea' id='block_1_60' title="bbox 364 3189 1869 3284">
    <p class='ocr_par' dir='ltr' id='par_1_60' title="bbox 364 3194 1869 3269">
     <span class='ocr_line' id='line_1_60' title="bbox 364 3194 1869 3269; baseline 0.001 -19"><span class='ocrx_word' id='word_1_434' title='bbox 364 3195 618 3262; x_wconf 83' lang='grc' dir='ltr'><strong>Ὀλισθος</strong></span> <span class='ocrx_word' id='word_1_435' title='bbox 665 3194 976 3269; x_wconf 83' lang='grc' dir='ltr'><strong>ἀνθρώποις</strong></span> <span class='ocrx_word' id='word_1_436' title='bbox 1008 3194 1253 3266; x_wconf 83' lang='grc' dir='ltr'><strong>γλῶσσα,</strong></span> <span class='ocrx_word' id='word_1_437' title='bbox 1286 3196 1365 3269; x_wconf 75' lang='grc' dir='ltr'><strong>μὴ</strong></span> <span class='ocrx_word' id='word_1_438' title='bbox 1399 3196 1546 3269; x_wconf 82' lang='grc' dir='ltr'>λόγῳ</span> <span class='ocrx_word' id='word_1_439' title='bbox 1592 3196 1869 3268; x_wconf 71' lang='grc' dir='ltr'><strong>κυϐερνω-</strong></span> 
     </span>
    </p>
   </div>
   <div class='ocr_carea' id='block_1_61' title="bbox 1976 3189 3549 3284">
    <p class='ocr_par' dir='ltr' id='par_1_61' title="bbox 2042 3189 3549 3266">
     <span class='ocr_line' id='line_1_61' title="bbox 2042 3189 3549 3266; baseline 0 -19"><span class='ocrx_word' id='word_1_440' title='bbox 2042 3190 2234 3264; x_wconf 82' lang='lat' dir='ltr'><strong>Ejusd.</strong></span> <span class='ocrx_word' id='word_1_441' title='bbox 2267 3200 2405 3246; x_wconf 87' lang='lat' dir='ltr'><strong>orat.</strong></span> <span class='ocrx_word' id='word_1_442' title='bbox 2446 3190 2499 3247; x_wconf 67' lang='grc'><strong>9.</strong></span> <span class='ocrx_word' id='word_1_443' title='bbox 2526 3221 2597 3233; x_wconf 90' lang='grc'><strong>-</strong></span> <span class='ocrx_word' id='word_1_444' title='bbox 2634 3189 2813 3246; x_wconf 78' lang='lat' dir='ltr'><strong>Ruina</strong></span> <span class='ocrx_word' id='word_1_445' title='bbox 2868 3192 3189 3250; x_wconf 88' lang='lat' dir='ltr'><strong>hominibus</strong></span> <span class='ocrx_word' id='word_1_446' title='bbox 3223 3200 3309 3250; x_wconf 86' lang='lat' dir='ltr'><strong>est</strong></span> <span class='ocrx_word' id='word_1_447' title='bbox 3342 3193 3549 3266; x_wconf 77' lang='lat' dir='ltr'><strong>lingua,</strong></span> 
     </span>
    </p>
   </div>
   <div class='ocr_carea' id='block_1_62' title="bbox 294 3291 451 3361">
    <p class='ocr_par' dir='ltr' id='par_1_62' title="bbox 294 3291 451 3361">
     <span class='ocr_line' id='line_1_62' title="bbox 294 3291 451 3361; baseline 0.019 -18"><span class='ocrx_word' id='word_1_448' title='bbox 294 3291 451 3361; x_wconf 84' lang='grc' dir='ltr'>μένη.</span> 
     </span>
    </p>
   </div>
   <div class='ocr_carea' id='block_1_63' title="bbox 365 3378 1872 3454">
    <p class='ocr_par' dir='ltr' id='par_1_63' title="bbox 365 3378 1872 3454">
     <span class='ocr_line' id='line_1_63' title="bbox 365 3378 1872 3454; baseline 0 -18"><span class='ocrx_word' id='word_1_449' title='bbox 365 3380 538 3447; x_wconf 83' lang='grc' dir='ltr'><strong>Λόγος</strong></span> <span class='ocrx_word' id='word_1_450' title='bbox 572 3378 761 3446; x_wconf 80' lang='grc' dir='ltr'><strong>ἁπλῶς</strong></span> <span class='ocrx_word' id='word_1_451' title='bbox 792 3380 1182 3453; x_wconf 73' lang='grc' dir='ltr'><strong>προσενεχθεὶς</strong></span> <span class='ocrx_word' id='word_1_452' title='bbox 1214 3381 1543 3454; x_wconf 82' lang='grc' dir='ltr'><strong>ὁλοκλήρους</strong></span> <span class='ocrx_word' id='word_1_453' title='bbox 1569 3381 1872 3454; x_wconf 76' lang='grc' dir='ltr'><strong>ἀνέτρεψεν</strong></span> 
     </span>
    </p>
   </div>
   <div class='ocr_carea' id='block_1_64' title="bbox 291 3473 1873 3546">
    <p class='ocr_par' dir='ltr' id='par_1_64' title="bbox 291 3473 1873 3546">
     <span class='ocr_line' id='line_1_64' title="bbox 291 3473 1873 3546; baseline 0.003 -19"><span class='ocrx_word' id='word_1_454' title='bbox 291 3473 491 3541; x_wconf 70' lang='grc' dir='ltr'><strong>οἰκίας,</strong></span> <span class='ocrx_word' id='word_1_455' title='bbox 527 3475 622 3528; x_wconf 73' lang='grc' dir='ltr'><strong>καὶ</strong></span> <span class='ocrx_word' id='word_1_456' title='bbox 651 3474 831 3546; x_wconf 79' lang='grc' dir='ltr'><strong>ψυχὰς</strong></span> <span class='ocrx_word' id='word_1_457' title='bbox 863 3474 1114 3530; x_wconf 79' lang='grc' dir='ltr'><strong>ἀπώλεσε</strong></span> <span class='ocrx_word' id='word_1_458' title='bbox 1166 3477 1262 3529; x_wconf 78' lang='grc' dir='ltr'><strong>καὶ</strong></span> <span class='ocrx_word' id='word_1_459' title='bbox 1294 3474 1581 3530; x_wconf 82' lang='grc' dir='ltr'><strong>κατέδυσε.</strong></span> <span class='ocrx_word' id='word_1_460' title='bbox 1619 3476 1730 3529; x_wconf 98' lang='lat' dir='ltr'><strong>Kal</strong></span> <span class='ocrx_word' id='word_1_461' title='bbox 1760 3475 1873 3531; x_wconf 86' lang='grc' dir='ltr'><strong>τῶν</strong></span> 
     </span>
    </p>
   </div>
   <div class='ocr_carea' id='block_1_65' title="bbox 296 3565 1870 3640">
    <p class='ocr_par' dir='ltr' id='par_1_65' title="bbox 296 3565 1870 3640">
     <span class='ocr_line' id='line_1_65' title="bbox 296 3565 1870 3640; baseline 0.002 -20"><span class='ocrx_word' id='word_1_462' title='bbox 296 3565 397 3638; x_wconf 73' lang='grc' dir='ltr'>μὲν</span> <span class='ocrx_word' id='word_1_463' title='bbox 423 3566 727 3639; x_wconf 83' lang='grc' dir='ltr'><strong>χρημάτων</strong></span> <span class='ocrx_word' id='word_1_464' title='bbox 768 3566 869 3638; x_wconf 74' lang='grc' dir='ltr'><strong>τὴν</strong></span> <span class='ocrx_word' id='word_1_465' title='bbox 917 3566 1125 3640; x_wconf 78' lang='grc' dir='ltr'>ζημίαν</span> <span class='ocrx_word' id='word_1_466' title='bbox 1164 3566 1513 3639; x_wconf 82' lang='grc' dir='ltr'><strong>διορθοῦσθαι</strong></span> <span class='ocrx_word' id='word_1_467' title='bbox 1558 3568 1721 3622; x_wconf 82' lang='grc' dir='ltr'><strong>πάλιν</strong></span> <span class='ocrx_word' id='word_1_468' title='bbox 1770 3569 1870 3634; x_wconf 78' lang='grc' dir='ltr'><strong>ενι,</strong></span> 
     </span>
    </p>
   </div>
   <div class='ocr_carea' id='block_1_66' title="bbox 291 3660 1873 3733">
    <p class='ocr_par' dir='ltr' id='par_1_66' title="bbox 291 3660 1873 3733">
     <span class='ocr_line' id='line_1_66' title="bbox 291 3660 1873 3733; baseline 0.001 -18"><span class='ocrx_word' id='word_1_469' title='bbox 291 3662 450 3733; x_wconf 82' lang='grc' dir='ltr'>λόγον</span> <span class='ocrx_word' id='word_1_470' title='bbox 479 3660 538 3715; x_wconf 70' lang='grc' dir='ltr'><strong>δὲ</strong></span> <span class='ocrx_word' id='word_1_471' title='bbox 581 3660 968 3733; x_wconf 73' lang='grc' dir='ltr'><strong>ικπηδήσαντα</strong></span> <span class='ocrx_word' id='word_1_472' title='bbox 1006 3660 1156 3727; x_wconf 71' lang='grc' dir='ltr'><strong>ἅπαξ</strong></span> <span class='ocrx_word' id='word_1_473' title='bbox 1197 3660 1509 3731; x_wconf 81' lang='grc' dir='ltr'><strong>ἀνακτῆσαι</strong></span> <span class='ocrx_word' id='word_1_474' title='bbox 1555 3661 1719 3715; x_wconf 87' lang='grc' dir='ltr'><strong>πάλιν</strong></span> <span class='ocrx_word' id='word_1_475' title='bbox 1772 3662 1873 3717; x_wconf 77' lang='grc' dir='ltr'><strong>οὐκ</strong></span> 
     </span>
    </p>
   </div>
   <div class='ocr_carea' id='block_1_67' title="bbox 291 3755 395 3811">
    <p class='ocr_par' dir='ltr' id='par_1_67' title="bbox 291 3755 395 3811">
     <span class='ocr_line' id='line_1_67' title="bbox 291 3755 395 3811; baseline 0.019 -3"><span class='ocrx_word' id='word_1_476' title='bbox 291 3755 395 3811; x_wconf 69' lang='grc' dir='ltr'><strong>ενι.</strong></span> 
     </span>
    </p>
   </div>
   <div class='ocr_carea' id='block_1_68' title="bbox 365 3844 1872 3918">
    <p class='ocr_par' dir='ltr' id='par_1_68' title="bbox 365 3844 1872 3918">
     <span class='ocr_line' id='line_1_68' title="bbox 365 3844 1872 3918; baseline -0.001 -16"><span class='ocrx_word' id='word_1_477' title='bbox 365 3847 457 3918; x_wconf 76' lang='grc' dir='ltr'><strong>Μὴ</strong></span> <span class='ocrx_word' id='word_1_478' title='bbox 481 3845 773 3917; x_wconf 83' lang='grc' dir='ltr'><strong>χελιδῶνας</strong></span> <span class='ocrx_word' id='word_1_479' title='bbox 806 3847 886 3911; x_wconf 84' lang='grc' dir='ltr'><strong>είς</strong></span> <span class='ocrx_word' id='word_1_480' title='bbox 918 3845 1094 3909; x_wconf 86' lang='grc' dir='ltr'>οίκίας</span> <span class='ocrx_word' id='word_1_481' title='bbox 1120 3844 1367 3918; x_wconf 66' lang='grc' dir='ltr'><strong>δέχεσθε,</strong></span> <span class='ocrx_word' id='word_1_482' title='bbox 1402 3847 1652 3902; x_wconf 80' lang='grc' dir='ltr'><strong>τουτέστι</strong></span> <span class='ocrx_word' id='word_1_483' title='bbox 1678 3847 1872 3914; x_wconf 84' lang='grc' dir='ltr'><strong>λάλους</strong></span> 
     </span>
    </p>
   </div>
   <div class='ocr_carea' id='block_1_69' title="bbox 284 3937 1875 4012">
    <p class='ocr_par' dir='ltr' id='par_1_69' title="bbox 284 3937 1875 4012">
     <span class='ocr_line' id='line_1_69' title="bbox 284 3937 1875 4012; baseline 0.001 -19"><span class='ocrx_word' id='word_1_484' title='bbox 284 3938 639 4011; x_wconf 81' lang='grc' dir='ltr'><strong>ἀνθρώπους,</strong></span> <span class='ocrx_word' id='word_1_485' title='bbox 703 3940 800 3993; x_wconf 84' lang='grc' dir='ltr'><strong>καὶ</strong></span> <span class='ocrx_word' id='word_1_486' title='bbox 868 3938 998 4001; x_wconf 82' lang='grc' dir='ltr'><strong>τοὺς</strong></span> <span class='ocrx_word' id='word_1_487' title='bbox 1050 3938 1183 4011; x_wconf 75' lang='grc' dir='ltr'><strong>περὶ</strong></span> <span class='ocrx_word' id='word_1_488' title='bbox 1238 3937 1496 4009; x_wconf 87' lang='grc' dir='ltr'><strong>γλῶσσαν</strong></span> <span class='ocrx_word' id='word_1_489' title='bbox 1546 3941 1875 4012; x_wconf 83' lang='grc' dir='ltr'><strong>ἀνακρατεῖς</strong></span> 
     </span>
    </p>
   </div>
   <div class='ocr_carea' id='block_1_70' title="bbox 290 4030 1029 4106">
    <p class='ocr_par' dir='ltr' id='par_1_70' title="bbox 290 4030 1029 4106">
     <span class='ocr_line' id='line_1_70' title="bbox 290 4030 1029 4106; baseline 0 -21"><span class='ocrx_word' id='word_1_490' title='bbox 290 4033 621 4106; x_wconf 76' lang='grc' dir='ltr'><strong>ὀμοροφίους</strong></span> <span class='ocrx_word' id='word_1_491' title='bbox 652 4032 730 4105; x_wconf 78' lang='grc' dir='ltr'><strong>μὴ</strong></span> <span class='ocrx_word' id='word_1_492' title='bbox 762 4030 1029 4086; x_wconf 79' lang='grc' dir='ltr'><strong>ποιεῖσθε.</strong></span> 
     </span>
    </p>
   </div>
   <div class='ocr_carea' id='block_1_71' title="bbox 365 4121 1873 4196">
    <p class='ocr_par' dir='ltr' id='par_1_71' title="bbox 365 4121 1873 4196">
     <span class='ocr_line' id='line_1_71' title="bbox 365 4121 1873 4196; baseline -0.001 -16"><span class='ocrx_word' id='word_1_493' title='bbox 365 4124 592 4180; x_wconf 86' lang='grc' dir='ltr'><strong>Γλῶσσα</strong></span> <span class='ocrx_word' id='word_1_494' title='bbox 622 4125 771 4196; x_wconf 75' lang='grc' dir='ltr'><strong>κακὴ</strong></span> <span class='ocrx_word' id='word_1_495' title='bbox 792 4123 1103 4191; x_wconf 83' lang='grc' dir='ltr'><strong>ἀνθρώπου,</strong></span> <span class='ocrx_word' id='word_1_496' title='bbox 1136 4121 1346 4189; x_wconf 81' lang='grc' dir='ltr'><strong>πτῶσις</strong></span> <span class='ocrx_word' id='word_1_497' title='bbox 1396 4122 1568 4193; x_wconf 81' lang='grc' dir='ltr'><strong>αὐτῷ.</strong></span> <span class='ocrx_word' id='word_1_498' title='bbox 1615 4125 1724 4178; x_wconf 87' lang='lat' dir='ltr'><strong>Kal</strong></span> <span class='ocrx_word' id='word_1_499' title='bbox 1763 4124 1873 4179; x_wconf 85' lang='grc' dir='ltr'><strong>πά-</strong></span> 
     </span>
    </p>
   </div>
   <div class='ocr_carea' id='block_1_72' title="bbox 294 4213 1875 4288">
    <p class='ocr_par' dir='ltr' id='par_1_72' title="bbox 294 4213 1875 4288">
     <span class='ocr_line' id='line_1_72' title="bbox 294 4213 1875 4288; baseline -0.001 -16"><span class='ocrx_word' id='word_1_500' title='bbox 294 4218 381 4272; x_wconf 90' lang='grc' dir='ltr'>λιν</span> <span class='ocrx_word' id='word_1_501' title='bbox 406 4234 421 4249; x_wconf 74' lang='grc' dir='ltr'><strong>ο</strong></span> <span class='ocrx_word' id='word_1_502' title='bbox 480 4217 556 4273; x_wconf 83' lang='grc' dir='ltr'><strong>Ἦ</strong></span> <span class='ocrx_word' id='word_1_503' title='bbox 601 4215 858 4288; x_wconf 73' lang='grc' dir='ltr'><strong>γλῶσσά</strong></span> <span class='ocrx_word' id='word_1_504' title='bbox 913 4231 1055 4282; x_wconf 89' lang='grc' dir='ltr'><strong>σου,</strong></span> <span class='ocrx_word' id='word_1_505' title='bbox 1111 4213 1205 4271; x_wconf 78' lang='grc' dir='ltr'><strong>ἀεὶ</strong></span> <span class='ocrx_word' id='word_1_506' title='bbox 1261 4214 1452 4284; x_wconf 75' lang='grc' dir='ltr'><strong>ξυρὸν</strong></span> <span class='ocrx_word' id='word_1_507' title='bbox 1494 4214 1875 4286; x_wconf 70' lang='grc' dir='ltr'><strong>ἠκονημένον</strong></span> 
     </span>
    </p>
   </div>
   <div class='ocr_carea' id='block_1_73' title="bbox 293 4306 1876 4383">
    <p class='ocr_par' dir='ltr' id='par_1_73' title="bbox 293 4306 1876 4383">
     <span class='ocr_line' id='line_1_73' title="bbox 293 4306 1876 4383; baseline 0 -17"><span class='ocrx_word' id='word_1_508' title='bbox 293 4312 592 4383; x_wconf 76' lang='grc' dir='ltr'><strong>ἐποίησας</strong></span> <span class='ocrx_word' id='word_1_509' title='bbox 640 4310 849 4366; x_wconf 72' lang='grc' dir='ltr'><strong>δόλον.</strong></span> <span class='ocrx_word' id='word_1_510' title='bbox 896 4308 1006 4362; x_wconf 89' lang='lat' dir='ltr'><strong>Kal</strong></span> <span class='ocrx_word' id='word_1_511' title='bbox 1051 4307 1217 4362; x_wconf 88' lang='grc' dir='ltr'><strong>πάλιν</strong></span> <span class='ocrx_word' id='word_1_512' title='bbox 1239 4322 1255 4340; x_wconf 76' lang='grc' dir='ltr'><strong>ο</strong></span> <span class='ocrx_word' id='word_1_513' title='bbox 1312 4308 1376 4363; x_wconf 82' lang='grc' dir='ltr'>Τί</span> <span class='ocrx_word' id='word_1_514' title='bbox 1423 4306 1649 4378; x_wconf 78' lang='grc' dir='ltr'><strong>δοθείη,</strong></span> <span class='ocrx_word' id='word_1_515' title='bbox 1684 4309 1783 4365; x_wconf 74' lang='grc' dir='ltr'><strong>καὶ</strong></span> <span class='ocrx_word' id='word_1_516' title='bbox 1818 4310 1876 4366; x_wconf 85' lang='grc' dir='ltr'>τί</span> 
     </span>
    </p>
   </div>
   <div class='ocr_carea' id='block_1_74' title="bbox 296 4401 1877 4479">
    <p class='ocr_par' dir='ltr' id='par_1_74' title="bbox 296 4401 1877 4479">
     <span class='ocr_line' id='line_1_74' title="bbox 296 4401 1877 4479; baseline -0.001 -19"><span class='ocrx_word' id='word_1_517' title='bbox 296 4404 652 4479; x_wconf 73' lang='grc' dir='ltr'><strong>προστεθείη</strong></span> <span class='ocrx_word' id='word_1_518' title='bbox 684 4421 784 4461; x_wconf 86' lang='grc' dir='ltr'><strong>σοι</strong></span> <span class='ocrx_word' id='word_1_519' title='bbox 811 4403 963 4473; x_wconf 80' lang='grc' dir='ltr'><strong>πρὸς</strong></span> <span class='ocrx_word' id='word_1_520' title='bbox 994 4401 1288 4474; x_wconf 68' lang='grc' dir='ltr'><strong>γλῶσσαν</strong></span> <span class='ocrx_word' id='word_1_521' title='bbox 1323 4401 1580 4467; x_wconf 71' lang='grc' dir='ltr'><strong>δολίανς</strong></span> <span class='ocrx_word' id='word_1_522' title='bbox 1622 4403 1732 4458; x_wconf 82' lang='lat' dir='ltr'><strong>Kal</strong></span> <span class='ocrx_word' id='word_1_523' title='bbox 1773 4404 1877 4458; x_wconf 86' lang='grc' dir='ltr'><strong>πά-</strong></span> 
     </span>
    </p>
   </div>
   <div class='ocr_carea' id='block_1_75' title="bbox 295 4495 1871 4569">
    <p class='ocr_par' dir='ltr' id='par_1_75' title="bbox 295 4495 1871 4569">
     <span class='ocr_line' id='line_1_75' title="bbox 295 4495 1871 4569; baseline -0.001 -15"><span class='ocrx_word' id='word_1_524' title='bbox 295 4501 412 4554; x_wconf 80' lang='grc' dir='ltr'>λιν’</span> <span class='ocrx_word' id='word_1_525' title='bbox 445 4500 508 4554; x_wconf 88' lang='lat'><strong>&#39;0</strong></span> <span class='ocrx_word' id='word_1_526' title='bbox 536 4500 682 4565; x_wconf 80' lang='grc' dir='ltr'><strong>Θεὸς</strong></span> <span class='ocrx_word' id='word_1_527' title='bbox 704 4498 817 4567; x_wconf 73' lang='grc' dir='ltr'><strong>τὴν</strong></span> <span class='ocrx_word' id='word_1_528' title='bbox 838 4496 1079 4553; x_wconf 70' lang='grc' dir='ltr'><strong>αἴγεσιν</strong></span> <span class='ocrx_word' id='word_1_529' title='bbox 1105 4513 1224 4569; x_wconf 79' lang='grc' dir='ltr'><strong>μου</strong></span> <span class='ocrx_word' id='word_1_530' title='bbox 1250 4495 1340 4567; x_wconf 75' lang='grc' dir='ltr'><strong>μὴ</strong></span> <span class='ocrx_word' id='word_1_531' title='bbox 1369 4496 1871 4567; x_wconf 68' lang='grc' dir='ltr'><strong>παρασιωπήσας,</strong></span> 
     </span>
    </p>
   </div>
   <div class='ocr_carea' id='block_1_76' title="bbox 1973 3284 2875 3360">
    <p class='ocr_par' dir='ltr' id='par_1_76' title="bbox 1973 3284 2875 3360">
     <span class='ocr_line' id='line_1_76' title="bbox 1973 3284 2875 3360; baseline -0.001 -18"><span class='ocrx_word' id='word_1_532' title='bbox 1973 3302 2096 3360; x_wconf 67' lang='lat' dir='ltr'><strong>qua:</strong></span> <span class='ocrx_word' id='word_1_533' title='bbox 2128 3287 2339 3343; x_wconf 89' lang='lat' dir='ltr'><strong>ratione</strong></span> <span class='ocrx_word' id='word_1_534' title='bbox 2370 3302 2477 3341; x_wconf 91' lang='lat' dir='ltr'><strong>non</strong></span> <span class='ocrx_word' id='word_1_535' title='bbox 2510 3284 2875 3357; x_wconf 76' lang='lat' dir='ltr'><strong>gubernatur.</strong></span> 
     </span>
    </p>
   </div>
   <div class='ocr_carea' id='block_1_77' title="bbox 2051 3378 3553 3452">
    <p class='ocr_par' dir='ltr' id='par_1_77' title="bbox 2051 3378 3553 3452">
     <span class='ocr_line' id='line_1_77' title="bbox 2051 3378 3553 3452; baseline 0.001 -16"><span class='ocrx_word' id='word_1_536' title='bbox 2051 3379 2424 3452; x_wconf 76' lang='lat' dir='ltr'><strong>Cllrysost.——</strong></span> <span class='ocrx_word' id='word_1_537' title='bbox 2460 3378 2654 3434; x_wconf 77' lang='lat' dir='ltr'><strong>Sermo</strong></span> <span class='ocrx_word' id='word_1_538' title='bbox 2716 3388 2921 3435; x_wconf 88' lang='lat' dir='ltr'><strong>temere</strong></span> <span class='ocrx_word' id='word_1_539' title='bbox 2982 3380 3239 3450; x_wconf 84' lang='lat' dir='ltr'><strong>profusus</strong></span> <span class='ocrx_word' id='word_1_540' title='bbox 3308 3381 3553 3452; x_wconf 79' lang='lat' dir='ltr'><strong>integras</strong></span> 
     </span>
    </p>
   </div>
   <div class='ocr_carea' id='block_1_78' title="bbox 1970 3472 3548 3545">
    <p class='ocr_par' dir='ltr' id='par_1_78' title="bbox 1970 3472 3548 3545">
     <span class='ocr_line' id='line_1_78' title="bbox 1970 3472 3548 3545; baseline -0.001 -15"><span class='ocrx_word' id='word_1_541' title='bbox 1970 3475 2166 3531; x_wconf 85' lang='lat' dir='ltr'><strong>domos</strong></span> <span class='ocrx_word' id='word_1_542' title='bbox 2211 3477 2429 3539; x_wconf 84' lang='lat' dir='ltr'><strong>evertit,</strong></span> <span class='ocrx_word' id='word_1_543' title='bbox 2486 3474 2809 3544; x_wconf 86' lang='lat' dir='ltr'><strong>animasque</strong></span> <span class='ocrx_word' id='word_1_544' title='bbox 2859 3472 3104 3545; x_wconf 79' lang='lat' dir='ltr'><strong>perdidit</strong></span> <span class='ocrx_word' id='word_1_545' title='bbox 3133 3481 3188 3528; x_wconf 85' lang='lat' dir='ltr'><strong>et</strong></span> <span class='ocrx_word' id='word_1_546' title='bbox 3222 3473 3548 3529; x_wconf 73' lang='lat' dir='ltr'><strong>submersit.</strong></span> 
     </span>
    </p>
   </div>
   <div class='ocr_carea' id='block_1_79' title="bbox 1970 3566 3551 3643">
    <p class='ocr_par' dir='ltr' id='par_1_79' title="bbox 1970 3566 3551 3643">
     <span class='ocr_line' id='line_1_79' title="bbox 1970 3566 3551 3643; baseline -0.003 -17"><span class='ocrx_word' id='word_1_547' title='bbox 1970 3571 2050 3626; x_wconf 80' lang='lat' dir='ltr'><strong>Ac</strong></span> <span class='ocrx_word' id='word_1_548' title='bbox 2084 3570 2445 3643; x_wconf 82' lang='lat' dir='ltr'><strong>pecuniarum</strong></span> <span class='ocrx_word' id='word_1_549' title='bbox 2483 3568 2646 3641; x_wconf 71' lang='grc'><strong>422</strong></span> <span class='ocrx_word' id='word_1_550' title='bbox 2682 3566 2900 3639; x_wconf 87' lang='lat' dir='ltr'><strong>quidem</strong></span> <span class='ocrx_word' id='word_1_551' title='bbox 2924 3568 3140 3638; x_wconf 84' lang='lat' dir='ltr'><strong>jactura</strong></span> <span class='ocrx_word' id='word_1_552' title='bbox 3178 3567 3374 3622; x_wconf 81' lang='lat' dir='ltr'><strong>sarciri</strong></span> <span class='ocrx_word' id='word_1_553' title='bbox 3429 3584 3551 3622; x_wconf 78' lang='lat' dir='ltr'><strong>rur-</strong></span> 
     </span>
    </p>
   </div>
   <div class='ocr_carea' id='block_1_80' title="bbox 1972 3659 3550 3735">
    <p class='ocr_par' dir='ltr' id='par_1_80' title="bbox 1972 3659 3550 3735">
     <span class='ocr_line' id='line_1_80' title="bbox 1972 3659 3550 3735; baseline -0.004 -14"><span class='ocrx_word' id='word_1_554' title='bbox 1972 3680 2095 3721; x_wconf 78' lang='lat' dir='ltr'><strong>sum</strong></span> <span class='ocrx_word' id='word_1_555' title='bbox 2128 3672 2309 3735; x_wconf 88' lang='lat' dir='ltr'><strong>potest</strong></span> <span class='ocrx_word' id='word_1_556' title='bbox 2349 3681 2362 3718; x_wconf 91' lang='lat'><strong>:</strong></span> <span class='ocrx_word' id='word_1_557' title='bbox 2418 3676 2602 3718; x_wconf 82' lang='lat' dir='ltr'><strong>sermo</strong></span> <span class='ocrx_word' id='word_1_558' title='bbox 2652 3668 2859 3729; x_wconf 85' lang='lat' dir='ltr'><strong>autem,</strong></span> <span class='ocrx_word' id='word_1_559' title='bbox 2908 3661 3000 3716; x_wconf 93' lang='lat' dir='ltr'><strong>ubi</strong></span> <span class='ocrx_word' id='word_1_560' title='bbox 3037 3659 3207 3716; x_wconf 86' lang='lat' dir='ltr'><strong>semel</strong></span> <span class='ocrx_word' id='word_1_561' title='bbox 3259 3659 3550 3725; x_wconf 77' lang='lat' dir='ltr'><strong>exsilierit,</strong></span> 
     </span>
    </p>
   </div>
   <div class='ocr_carea' id='block_1_81' title="bbox 1974 3754 2770 3830">
    <p class='ocr_par' dir='ltr' id='par_1_81' title="bbox 1974 3754 2770 3830">
     <span class='ocr_line' id='line_1_81' title="bbox 1974 3754 2770 3830; baseline -0.011 -15"><span class='ocrx_word' id='word_1_562' title='bbox 1974 3759 2162 3830; x_wconf 86' lang='lat' dir='ltr'><strong>nequit</strong></span> <span class='ocrx_word' id='word_1_563' title='bbox 2192 3758 2390 3813; x_wconf 86' lang='lat' dir='ltr'><strong>iterum</strong></span> <span class='ocrx_word' id='word_1_564' title='bbox 2422 3754 2770 3826; x_wconf 88' lang='lat' dir='ltr'><strong>recuperari.</strong></span> 
     </span>
    </p>
   </div>
   <div class='ocr_carea' id='block_1_82' title="bbox 2044 3843 3555 3923">
    <p class='ocr_par' dir='ltr' id='par_1_82' title="bbox 2044 3843 3555 3923">
     <span class='ocr_line' id='line_1_82' title="bbox 2044 3843 3555 3923; baseline -0.005 -16"><span class='ocrx_word' id='word_1_565' title='bbox 2044 3850 2236 3923; x_wconf 79' lang='lat' dir='ltr'><strong>Cyrill.</strong></span> <span class='ocrx_word' id='word_1_566' title='bbox 2274 3881 2344 3891; x_wconf 88' lang='lat'><strong>——</strong></span> <span class='ocrx_word' id='word_1_567' title='bbox 2368 3848 2705 3904; x_wconf 88' lang='lat' dir='ltr'><strong>llirundincs</strong></span> <span class='ocrx_word' id='word_1_568' title='bbox 2732 3846 2897 3901; x_wconf 91' lang='lat' dir='ltr'><strong>domo</strong></span> <span class='ocrx_word' id='word_1_569' title='bbox 2928 3845 3095 3901; x_wconf 91' lang='lat' dir='ltr'><strong>nolite</strong></span> <span class='ocrx_word' id='word_1_570' title='bbox 3119 3844 3416 3916; x_wconf 73' lang='lat' dir='ltr'><strong>excipere;</strong></span> <span class='ocrx_word' id='word_1_571' title='bbox 3448 3843 3555 3899; x_wconf 87' lang='lat' dir='ltr'><strong>hoc</strong></span> 
     </span>
    </p>
   </div>
   <div class='ocr_carea' id='block_1_83' title="bbox 1979 3938 3554 4015">
    <p class='ocr_par' dir='ltr' id='par_1_83' title="bbox 1979 3938 3554 4015">
     <span class='ocr_line' id='line_1_83' title="bbox 1979 3938 3554 4015; baseline -0.006 -14"><span class='ocrx_word' id='word_1_572' title='bbox 1979 3954 2063 4001; x_wconf 86' lang='lat' dir='ltr'><strong>est</strong></span> <span class='ocrx_word' id='word_1_573' title='bbox 2095 3984 2110 4009; x_wconf 95' lang='lat'><strong>,</strong></span> <span class='ocrx_word' id='word_1_574' title='bbox 2148 3943 2402 4015; x_wconf 82' lang='lat' dir='ltr'><strong>garrulas</strong></span> <span class='ocrx_word' id='word_1_575' title='bbox 2448 3941 2719 4007; x_wconf 72' lang='lat' dir='ltr'><strong>homines,</strong></span> <span class='ocrx_word' id='word_1_576' title='bbox 2758 3947 2811 3995; x_wconf 91' lang='lat' dir='ltr'><strong>et</strong></span> <span class='ocrx_word' id='word_1_577' title='bbox 2846 3939 3066 4011; x_wconf 88' lang='lat' dir='ltr'><strong>procaci</strong></span> <span class='ocrx_word' id='word_1_578' title='bbox 3112 3938 3317 4010; x_wconf 88' lang='lat' dir='ltr'><strong>lingua,</strong></span> <span class='ocrx_word' id='word_1_579' title='bbox 3356 3948 3554 3995; x_wconf 85' lang='lat' dir='ltr'><strong>contu-</strong></span> 
     </span>
    </p>
   </div>
   <div class='ocr_carea' id='block_1_84' title="bbox 1975 4028 2949 4092">
    <p class='ocr_par' dir='ltr' id='par_1_84' title="bbox 1975 4028 2949 4092">
     <span class='ocr_line' id='line_1_84' title="bbox 1975 4028 2949 4092; baseline -0.007 0"><span class='ocrx_word' id='word_1_580' title='bbox 1975 4034 2233 4092; x_wconf 89' lang='lat' dir='ltr'><strong>bernales</strong></span> <span class='ocrx_word' id='word_1_581' title='bbox 2258 4040 2475 4088; x_wconf 80' lang='lat' dir='ltr'><strong>vestros</strong></span> <span class='ocrx_word' id='word_1_582' title='bbox 2503 4030 2732 4086; x_wconf 89' lang='lat' dir='ltr'><strong>minime</strong></span> <span class='ocrx_word' id='word_1_583' title='bbox 2768 4028 2949 4085; x_wconf 87' lang='lat' dir='ltr'><strong>facite.</strong></span> 
     </span>
    </p>
   </div>
   <div class='ocr_carea' id='block_1_85' title="bbox 2050 4119 3556 4193">
    <p class='ocr_par' dir='ltr' id='par_1_85' title="bbox 2050 4119 3556 4193">
     <span class='ocr_line' id='line_1_85' title="bbox 2050 4119 3556 4193; baseline -0.002 -13"><span class='ocrx_word' id='word_1_584' title='bbox 2050 4124 2240 4180; x_wconf 83' lang='lat' dir='ltr'><strong>Euseb.</strong></span> <span class='ocrx_word' id='word_1_585' title='bbox 2274 4153 2341 4164; x_wconf 92' lang='lat'><strong>—</strong></span> <span class='ocrx_word' id='word_1_586' title='bbox 2369 4121 2579 4193; x_wconf 86' lang='lat' dir='ltr'><strong>Lingua</strong></span> <span class='ocrx_word' id='word_1_587' title='bbox 2617 4136 2852 4192; x_wconf 88' lang='lat' dir='ltr'><strong>nequam</strong></span> <span class='ocrx_word' id='word_1_588' title='bbox 2890 4119 3151 4184; x_wconf 86' lang='lat' dir='ltr'><strong>hominis,</strong></span> <span class='ocrx_word' id='word_1_589' title='bbox 3182 4120 3343 4175; x_wconf 90' lang='lat' dir='ltr'><strong>ruina</strong></span> <span class='ocrx_word' id='word_1_590' title='bbox 3380 4120 3556 4191; x_wconf 84' lang='lat' dir='ltr'><strong>ipsius</strong></span> 
     </span>
    </p>
   </div>
   <div class='ocr_carea' id='block_1_86' title="bbox 1978 4212 3557 4288">
    <p class='ocr_par' dir='ltr' id='par_1_86' title="bbox 1978 4212 3557 4288">
     <span class='ocr_line' id='line_1_86' title="bbox 1978 4212 3557 4288; baseline -0.005 -11"><span class='ocrx_word' id='word_1_591' title='bbox 1978 4228 2088 4277; x_wconf 86' lang='lat' dir='ltr'><strong>est.</strong></span> <span class='ocrx_word' id='word_1_592' title='bbox 2119 4213 2474 4288; x_wconf 80' lang='lat' dir='ltr'><strong>Rursumque</strong></span> <span class='ocrx_word' id='word_1_593' title='bbox 2499 4213 2665 4270; x_wconf 81' lang='lat' dir='ltr'><strong>David</strong></span> <span class='ocrx_word' id='word_1_594' title='bbox 2710 4231 2725 4269; x_wconf 89' lang='lat'><strong>:</strong></span> <span class='ocrx_word' id='word_1_595' title='bbox 2766 4212 2974 4283; x_wconf 81' lang='lat' dir='ltr'><strong>Lingua</strong></span> <span class='ocrx_word' id='word_1_596' title='bbox 3012 4224 3104 4268; x_wconf 82' lang='lat' dir='ltr'><strong>tua</strong></span> <span class='ocrx_word' id='word_1_597' title='bbox 3134 4215 3272 4269; x_wconf 86' lang='lat' dir='ltr'><strong>sicut</strong></span> <span class='ocrx_word' id='word_1_598' title='bbox 3300 4214 3557 4269; x_wconf 82' lang='lat' dir='ltr'><strong>novacula</strong></span> 
     </span>
    </p>
   </div>
   <div class='ocr_carea' id='block_1_87' title="bbox 1979 4305 3559 4386">
    <p class='ocr_par' dir='ltr' id='par_1_87' title="bbox 1979 4305 3559 4386">
     <span class='ocr_line' id='line_1_87' title="bbox 1979 4305 3559 4386; baseline -0.004 -17"><span class='ocrx_word' id='word_1_599' title='bbox 1979 4313 2155 4386; x_wconf 79' lang='lat' dir='ltr'><strong>fecisti</strong></span> <span class='ocrx_word' id='word_1_600' title='bbox 2182 4312 2363 4366; x_wconf 82' lang='lat' dir='ltr'><strong>dolum</strong></span> <span class='ocrx_word' id='word_1_601' title='bbox 2389 4306 2567 4379; x_wconf 84' lang='lat' dir='ltr'><strong>(Psal.</strong></span> <span class='ocrx_word' id='word_1_602' title='bbox 2604 4323 2680 4371; x_wconf 81' lang='lat' dir='ltr'><strong>LI,</strong></span> <span class='ocrx_word' id='word_1_603' title='bbox 2706 4305 2784 4380; x_wconf 71' lang='grc'><strong>4).</strong></span> <span class='ocrx_word' id='word_1_604' title='bbox 2822 4308 2887 4363; x_wconf 83' lang='grc' dir='ltr'><strong>Ει</strong></span> <span class='ocrx_word' id='word_1_605' title='bbox 2944 4308 3144 4364; x_wconf 87' lang='lat' dir='ltr'><strong>iterum</strong></span> <span class='ocrx_word' id='word_1_606' title='bbox 3174 4328 3187 4364; x_wconf 90' lang='lat'>:</span> <span class='ocrx_word' id='word_1_607' title='bbox 3221 4305 3366 4375; x_wconf 82' lang='lat' dir='ltr'><strong>Quid</strong></span> <span class='ocrx_word' id='word_1_608' title='bbox 3404 4310 3559 4363; x_wconf 78' lang='lat' dir='ltr'><strong>detur</strong></span> 
     </span>
    </p>
   </div>
   <div class='ocr_carea' id='block_1_88' title="bbox 1980 4400 3559 4477">
    <p class='ocr_par' dir='ltr' id='par_1_88' title="bbox 1980 4400 3559 4477">
     <span class='ocr_line' id='line_1_88' title="bbox 1980 4400 3559 4477; baseline -0.003 -15"><span class='ocrx_word' id='word_1_609' title='bbox 1980 4407 2098 4473; x_wconf 88' lang='lat' dir='ltr'><strong>tibi,</strong></span> <span class='ocrx_word' id='word_1_610' title='bbox 2131 4415 2223 4461; x_wconf 82' lang='lat' dir='ltr'><strong>aut</strong></span> <span class='ocrx_word' id='word_1_611' title='bbox 2252 4404 2380 4477; x_wconf 85' lang='lat' dir='ltr'><strong>quid</strong></span> <span class='ocrx_word' id='word_1_612' title='bbox 2412 4412 2710 4474; x_wconf 85' lang='lat' dir='ltr'><strong>opponatur</strong></span> <span class='ocrx_word' id='word_1_613' title='bbox 2760 4401 2855 4456; x_wconf 86' lang='lat' dir='ltr'><strong>tibi</strong></span> <span class='ocrx_word' id='word_1_614' title='bbox 2891 4402 2959 4456; x_wconf 85' lang='lat' dir='ltr'><strong>ad</strong></span> <span class='ocrx_word' id='word_1_615' title='bbox 2992 4403 3226 4473; x_wconf 79' lang='lat' dir='ltr'><strong>linguam</strong></span> <span class='ocrx_word' id='word_1_616' title='bbox 3260 4400 3501 4456; x_wconf 87' lang='lat' dir='ltr'><strong>dolosam</strong></span> <span class='ocrx_word' id='word_1_617' title='bbox 3532 4403 3559 4458; x_wconf 82' lang='lat'><strong>.’</strong></span> 
     </span>
    </p>
   </div>
   <div class='ocr_carea' id='block_1_89' title="bbox 1980 4491 3557 4573">
    <p class='ocr_par' dir='ltr' id='par_1_89' title="bbox 1980 4491 3557 4573">
     <span class='ocr_line' id='line_1_89' title="bbox 1980 4491 3557 4573; baseline -0.004 -20"><span class='ocrx_word' id='word_1_618' title='bbox 1980 4497 2160 4573; x_wconf 80' lang='lat' dir='ltr'><strong>(Psal.</strong></span> <span class='ocrx_word' id='word_1_619' title='bbox 2188 4512 2337 4560; x_wconf 75' lang='lat' dir='ltr'><strong>cxix,</strong></span> <span class='ocrx_word' id='word_1_620' title='bbox 2358 4496 2439 4566; x_wconf 77' lang='lat'><strong>3.)</strong></span> <span class='ocrx_word' id='word_1_621' title='bbox 2465 4494 2529 4548; x_wconf 89' lang='lat' dir='ltr'><strong>Et</strong></span> <span class='ocrx_word' id='word_1_622' title='bbox 2559 4498 2614 4550; x_wconf 89' lang='lat' dir='ltr'><strong>in</strong></span> <span class='ocrx_word' id='word_1_623' title='bbox 2646 4495 2754 4549; x_wconf 76' lang='lat' dir='ltr'><strong>alio</strong></span> <span class='ocrx_word' id='word_1_624' title='bbox 2776 4493 2899 4549; x_wconf 90' lang='lat' dir='ltr'><strong>loco</strong></span> <span class='ocrx_word' id='word_1_625' title='bbox 2925 4512 2939 4551; x_wconf 91' lang='lat'><strong>:</strong></span> <span class='ocrx_word' id='word_1_626' title='bbox 2969 4492 3130 4557; x_wconf 83' lang='lat' dir='ltr'><strong>Dens,</strong></span> <span class='ocrx_word' id='word_1_627' title='bbox 3154 4491 3365 4548; x_wconf 83' lang='lat' dir='ltr'><strong>laudent</strong></span> <span class='ocrx_word' id='word_1_628' title='bbox 3387 4509 3557 4546; x_wconf 80' lang='lat' dir='ltr'><strong>nteant</strong></span> 
     </span>
    </p>
   </div>
   <div class='ocr_carea' id='block_1_90' title="bbox 299 4582 1869 4662">
    <p class='ocr_par' dir='ltr' id='par_1_90' title="bbox 299 4588 1869 4662">
     <span class='ocr_line' id='line_1_90' title="bbox 299 4588 1869 4662; baseline -0.001 -15"><span class='ocrx_word' id='word_1_629' title='bbox 299 4593 391 4647; x_wconf 81' lang='grc' dir='ltr'><strong>ὅτι</strong></span> <span class='ocrx_word' id='word_1_630' title='bbox 424 4592 621 4662; x_wconf 81' lang='grc' dir='ltr'><strong>στόμα</strong></span> <span class='ocrx_word' id='word_1_631' title='bbox 650 4588 1026 4661; x_wconf 62' lang='grc' dir='ltr'><strong>ἀιιαρτωλοῦ,</strong></span> <span class='ocrx_word' id='word_1_632' title='bbox 1055 4588 1155 4646; x_wconf 76' lang='grc' dir='ltr'><strong>και</strong></span> <span class='ocrx_word' id='word_1_633' title='bbox 1182 4589 1379 4660; x_wconf 78' lang='grc' dir='ltr'><strong>στόμα</strong></span> <span class='ocrx_word' id='word_1_634' title='bbox 1414 4588 1625 4645; x_wconf 71' lang='grc' dir='ltr'><strong>δολίου</strong></span> <span class='ocrx_word' id='word_1_635' title='bbox 1651 4590 1743 4644; x_wconf 76' lang='grc' dir='ltr'><strong>ἐπ’</strong></span> <span class='ocrx_word' id='word_1_636' title='bbox 1771 4589 1869 4662; x_wconf 72' lang='grc' dir='ltr'><strong>ἐμὲ</strong></span> 
     </span>
    </p>
   </div>
   <div class='ocr_carea' id='block_1_91' title="bbox 1976 4582 3560 4662">
    <p class='ocr_par' dir='ltr' id='par_1_91' title="bbox 1978 4582 3560 4659">
     <span class='ocr_line' id='line_1_91' title="bbox 1978 4582 3560 4659; baseline -0.005 -14"><span class='ocrx_word' id='word_1_637' title='bbox 1978 4605 2043 4645; x_wconf 83' lang='lat' dir='ltr'><strong>ne</strong></span> <span class='ocrx_word' id='word_1_638' title='bbox 2068 4588 2319 4653; x_wconf 76' lang='lat' dir='ltr'><strong>tacueris,</strong></span> <span class='ocrx_word' id='word_1_639' title='bbox 2349 4587 2475 4659; x_wconf 80' lang='lat' dir='ltr'><strong>quia</strong></span> <span class='ocrx_word' id='word_1_640' title='bbox 2499 4602 2556 4641; x_wconf 87' lang='lat' dir='ltr'><strong>os</strong></span> <span class='ocrx_word' id='word_1_641' title='bbox 2584 4584 2880 4657; x_wconf 79' lang='lat' dir='ltr'><strong>peccatoris</strong></span> <span class='ocrx_word' id='word_1_642' title='bbox 2910 4596 2957 4640; x_wconf 89' lang='lat' dir='ltr'><strong>et</strong></span> <span class='ocrx_word' id='word_1_643' title='bbox 2997 4600 3055 4638; x_wconf 88' lang='lat' dir='ltr'><strong>os</strong></span> <span class='ocrx_word' id='word_1_644' title='bbox 3082 4582 3253 4638; x_wconf 85' lang='lat' dir='ltr'><strong>dolosi</strong></span> <span class='ocrx_word' id='word_1_645' title='bbox 3287 4600 3447 4654; x_wconf 80' lang='lat' dir='ltr'><strong>super</strong></span> <span class='ocrx_word' id='word_1_646' title='bbox 3479 4599 3560 4637; x_wconf 85' lang='lat' dir='ltr'><strong>mc</strong></span> 
     </span>
    </p>
   </div>
   <div class='ocr_carea' id='block_1_92' title="bbox 296 4680 1877 4755">
    <p class='ocr_par' dir='ltr' id='par_1_92' title="bbox 296 4680 1877 4755">
     <span class='ocr_line' id='line_1_92' title="bbox 296 4680 1877 4755; baseline 0.001 -19"><span class='ocrx_word' id='word_1_647' title='bbox 296 4684 574 4755; x_wconf 74' lang='grc' dir='ltr'><strong>ἠνοίχθη.</strong></span> <span class='ocrx_word' id='word_1_648' title='bbox 598 4683 707 4738; x_wconf 89' lang='lat' dir='ltr'><strong>Kal</strong></span> <span class='ocrx_word' id='word_1_649' title='bbox 742 4682 903 4736; x_wconf 83' lang='grc' dir='ltr'><strong>πάλιν</strong></span> <span class='ocrx_word' id='word_1_650' title='bbox 922 4696 940 4715; x_wconf 72' lang='grc' dir='ltr'><strong>ο</strong></span> <span class='ocrx_word' id='word_1_651' title='bbox 983 4681 1330 4749; x_wconf 78' lang='grc' dir='ltr'><strong>Ἠκόνησαν</strong></span> <span class='ocrx_word' id='word_1_652' title='bbox 1354 4681 1649 4752; x_wconf 74' lang='grc' dir='ltr'><strong>γλῶσσαν</strong></span> <span class='ocrx_word' id='word_1_653' title='bbox 1678 4680 1877 4738; x_wconf 77' lang='grc' dir='ltr'><strong>αὐτῶν</strong></span> 
     </span>
    </p>
   </div>
   <div class='ocr_carea' id='block_1_93' title="bbox 296 4774 1873 4847">
    <p class='ocr_par' dir='ltr' id='par_1_93' title="bbox 296 4774 1873 4847">
     <span class='ocr_line' id='line_1_93' title="bbox 296 4774 1873 4847; baseline 0 -15"><span class='ocrx_word' id='word_1_654' title='bbox 296 4777 443 4832; x_wconf 74' lang='grc' dir='ltr'><strong>ὡσεὶ</strong></span> <span class='ocrx_word' id='word_1_655' title='bbox 470 4776 691 4847; x_wconf 69' lang='grc' dir='ltr'><strong>ὄφεως-ο</strong></span> <span class='ocrx_word' id='word_1_656' title='bbox 723 4778 812 4844; x_wconf 78' lang='grc' dir='ltr'><strong>ίύς</strong></span> <span class='ocrx_word' id='word_1_657' title='bbox 850 4774 1127 4832; x_wconf 76' lang='grc' dir='ltr'><strong>ἀσπίδων</strong></span> <span class='ocrx_word' id='word_1_658' title='bbox 1164 4774 1285 4831; x_wconf 76' lang='grc' dir='ltr'><strong>ὑπὸ</strong></span> <span class='ocrx_word' id='word_1_659' title='bbox 1331 4775 1403 4833; x_wconf 79' lang='grc' dir='ltr'><strong>τὰ</strong></span> <span class='ocrx_word' id='word_1_660' title='bbox 1441 4776 1615 4845; x_wconf 74' lang='grc' dir='ltr'><strong>χειλη</strong></span> <span class='ocrx_word' id='word_1_661' title='bbox 1655 4775 1873 4832; x_wconf 78' lang='grc' dir='ltr'><strong>αὐτῶν.</strong></span> 
     </span>
    </p>
   </div>
   <div class='ocr_carea' id='block_1_94' title="bbox 299 4865 1877 4939">
    <p class='ocr_par' dir='ltr' id='par_1_94' title="bbox 299 4865 1877 4939">
     <span class='ocr_line' id='line_1_94' title="bbox 299 4865 1877 4939; baseline -0.001 -16"><span class='ocrx_word' id='word_1_662' title='bbox 299 4868 405 4923; x_wconf 80' lang='grc' dir='ltr'><strong>Τὸν</strong></span> <span class='ocrx_word' id='word_1_663' title='bbox 433 4868 556 4936; x_wconf 80' lang='grc' dir='ltr'><strong>δφιν</strong></span> <span class='ocrx_word' id='word_1_664' title='bbox 582 4868 801 4937; x_wconf 81' lang='grc' dir='ltr'><strong>λέγεται</strong></span> <span class='ocrx_word' id='word_1_665' title='bbox 826 4867 999 4921; x_wconf 81' lang='grc' dir='ltr'><strong>δεινὸν</strong></span> <span class='ocrx_word' id='word_1_666' title='bbox 1039 4865 1184 4938; x_wconf 78' lang='grc' dir='ltr'><strong>ἐχειν</strong></span> <span class='ocrx_word' id='word_1_667' title='bbox 1212 4865 1272 4920; x_wconf 79' lang='grc' dir='ltr'><strong>τὺ</strong></span> <span class='ocrx_word' id='word_1_668' title='bbox 1308 4867 1534 4938; x_wconf 72' lang='grc' dir='ltr'><strong>κέντρον</strong></span> <span class='ocrx_word' id='word_1_669' title='bbox 1568 4867 1667 4938; x_wconf 81' lang='grc' dir='ltr'><strong>τῆς</strong></span> <span class='ocrx_word' id='word_1_670' title='bbox 1703 4868 1877 4939; x_wconf 83' lang='grc' dir='ltr'><strong>γλώσ⁴</strong></span> 
     </span>
    </p>
   </div>
   <div class='ocr_carea' id='block_1_95' title="bbox 301 4957 1878 5039">
    <p class='ocr_par' dir='ltr' id='par_1_95' title="bbox 301 4957 1878 5039">
     <span class='ocr_line' id='line_1_95' title="bbox 301 4957 1878 5039; baseline -0.003 -22"><span class='ocrx_word' id='word_1_671' title='bbox 301 4980 404 5033; x_wconf 86' lang='grc' dir='ltr'><strong>σης</strong></span> <span class='ocrx_word' id='word_1_672' title='bbox 426 4961 613 5028; x_wconf 80' lang='grc' dir='ltr'><strong>αὐτοῦ,</strong></span> <span class='ocrx_word' id='word_1_673' title='bbox 639 4960 754 5016; x_wconf 85' lang='grc' dir='ltr'><strong>ἀλλ’</strong></span> <span class='ocrx_word' id='word_1_674' title='bbox 781 4961 883 5014; x_wconf 81' lang='grc' dir='ltr'><strong>οὐκ</strong></span> <span class='ocrx_word' id='word_1_675' title='bbox 921 4960 1038 5013; x_wconf 73' lang='grc' dir='ltr'><strong>ἔστι</strong></span> <span class='ocrx_word' id='word_1_676' title='bbox 1066 4959 1367 5031; x_wconf 83' lang='grc' dir='ltr'><strong>δεινότερον</strong></span> <span class='ocrx_word' id='word_1_677' title='bbox 1393 4957 1647 5039; x_wconf 75' lang='grc' dir='ltr'><strong>γλώσσης</strong></span> <span class='ocrx_word' id='word_1_678' title='bbox 1668 4958 1878 5029; x_wconf 81' lang='grc' dir='ltr'><strong>ἀνθρώ-</strong></span> 
     </span>
    </p>
   </div>
   <div class='ocr_carea' id='block_1_96' title="bbox 301 5049 1877 5131">
    <p class='ocr_par' dir='ltr' id='par_1_96' title="bbox 301 5049 1877 5131">
     <span class='ocr_line' id='line_1_96' title="bbox 301 5049 1877 5131; baseline -0.005 -19"><span class='ocrx_word' id='word_1_679' title='bbox 301 5074 407 5112; x_wconf 84' lang='grc' dir='ltr'><strong>που</strong></span> <span class='ocrx_word' id='word_1_680' title='bbox 471 5055 670 5125; x_wconf 79' lang='grc' dir='ltr'><strong>κακῆς.</strong></span> <span class='ocrx_word' id='word_1_681' title='bbox 719 5053 950 5124; x_wconf 81' lang='grc' dir='ltr'><strong>Λέγεται</strong></span> <span class='ocrx_word' id='word_1_682' title='bbox 991 5050 1086 5107; x_wconf 77' lang='lat' dir='ltr'><strong>xal</strong></span> <span class='ocrx_word' id='word_1_683' title='bbox 1132 5050 1309 5123; x_wconf 82' lang='grc' dir='ltr'><strong>σαῦρα</strong></span> <span class='ocrx_word' id='word_1_684' title='bbox 1356 5049 1563 5131; x_wconf 79' lang='grc' dir='ltr'><strong>χλωρά,</strong></span> <span class='ocrx_word' id='word_1_685' title='bbox 1618 5051 1731 5104; x_wconf 75' lang='grc' dir='ltr'>ἀλλ’</span> <span class='ocrx_word' id='word_1_686' title='bbox 1776 5052 1877 5105; x_wconf 82' lang='grc' dir='ltr'><strong>οὐκ</strong></span> 
     </span>
    </p>
   </div>
   <div class='ocr_carea' id='block_1_97' title="bbox 303 5143 1879 5220">
    <p class='ocr_par' dir='ltr' id='par_1_97' title="bbox 303 5143 1879 5220">
     <span class='ocr_line' id='line_1_97' title="bbox 303 5143 1879 5220; baseline -0.005 -16"><span class='ocrx_word' id='word_1_687' title='bbox 303 5150 419 5205; x_wconf 77' lang='grc' dir='ltr'><strong>ἔστι</strong></span> <span class='ocrx_word' id='word_1_688' title='bbox 466 5145 782 5220; x_wconf 82' lang='grc' dir='ltr'><strong>χλωροτέρα</strong></span> <span class='ocrx_word' id='word_1_689' title='bbox 823 5144 918 5199; x_wconf 79' lang='grc' dir='ltr'><strong>τοῦ</strong></span> <span class='ocrx_word' id='word_1_690' title='bbox 951 5144 1216 5217; x_wconf 81' lang='grc' dir='ltr'><strong>φλυάρου.</strong></span> <span class='ocrx_word' id='word_1_691' title='bbox 1257 5144 1530 5214; x_wconf 76' lang='grc' dir='ltr'><strong>Σκορπίου</strong></span> <span class='ocrx_word' id='word_1_692' title='bbox 1574 5143 1759 5215; x_wconf 82' lang='grc' dir='ltr'><strong>δῆγμα</strong></span> <span class='ocrx_word' id='word_1_693' title='bbox 1791 5143 1879 5196; x_wconf 81' lang='grc' dir='ltr'><strong>θε-</strong></span> 
     </span>
    </p>
   </div>
   <div class='ocr_carea' id='block_1_98' title="bbox 306 5235 1879 5327">
    <p class='ocr_par' dir='ltr' id='par_1_98' title="bbox 306 5235 1879 5327">
     <span class='ocr_line' id='line_1_98' title="bbox 306 5235 1879 5327; baseline -0.004 -31"><span class='ocrx_word' id='word_1_694' title='bbox 306 5240 627 5315; x_wconf 82' lang='grc' dir='ltr'><strong>ραπεύεται,</strong></span> <span class='ocrx_word' id='word_1_695' title='bbox 648 5238 806 5309; x_wconf 76' lang='grc' dir='ltr'>λόγος</span> <span class='ocrx_word' id='word_1_696' title='bbox 843 5238 903 5293; x_wconf 70' lang='grc' dir='ltr'><strong>δὲ</strong></span> <span class='ocrx_word' id='word_1_697' title='bbox 934 5235 1104 5327; x_wconf 61' lang='grc' dir='ltr'><strong>κακὸς</strong></span> <span class='ocrx_word' id='word_1_698' title='bbox 1134 5236 1491 5307; x_wconf 72' lang='grc' dir='ltr'><strong>ἐξερχόμενος</strong></span> <span class='ocrx_word' id='word_1_699' title='bbox 1516 5238 1581 5291; x_wconf 85' lang='grc' dir='ltr'><strong>ὲκ</strong></span> <span class='ocrx_word' id='word_1_700' title='bbox 1614 5238 1879 5308; x_wconf 79' lang='grc' dir='ltr'><strong>στόματος</strong></span> 
     </span>
    </p>
   </div>
   <div class='ocr_carea' id='block_1_99' title="bbox 304 5322 1881 5407">
    <p class='ocr_par' dir='ltr' id='par_1_99' title="bbox 304 5322 1881 5407">
     <span class='ocr_line' id='line_1_99' title="bbox 304 5322 1881 5407; baseline -0.005 -17"><span class='ocrx_word' id='word_1_701' title='bbox 304 5332 548 5407; x_wconf 73' lang='grc' dir='ltr'><strong>φλυάρον</strong></span> <span class='ocrx_word' id='word_1_702' title='bbox 580 5331 812 5402; x_wconf 86' lang='grc' dir='ltr'><strong>πλήσσει</strong></span> <span class='ocrx_word' id='word_1_703' title='bbox 856 5329 948 5385; x_wconf 82' lang='grc' dir='ltr'><strong>τὸν</strong></span> <span class='ocrx_word' id='word_1_704' title='bbox 982 5322 1225 5401; x_wconf 45' lang='grc' dir='ltr'><strong>τιπλησίον</strong></span> <span class='ocrx_word' id='word_1_705' title='bbox 1268 5327 1454 5385; x_wconf 76' lang='grc' dir='ltr'><strong>αὐτοῦ.</strong></span> <span class='ocrx_word' id='word_1_706' title='bbox 1484 5327 1662 5398; x_wconf 76' lang='grc' dir='ltr'>Φλόγα</span> <span class='ocrx_word' id='word_1_707' title='bbox 1711 5328 1881 5401; x_wconf 79' lang='grc' dir='ltr'><strong>πυρὸς</strong></span> 
     </span>
    </p>
   </div>
   <div class='ocr_carea' id='block_1_100' title="bbox 302 5420 1883 5503">
    <p class='ocr_par' dir='ltr' id='par_1_100' title="bbox 302 5420 1883 5503">
     <span class='ocr_line' id='line_1_100' title="bbox 302 5420 1883 5503; baseline -0.006 -19"><span class='ocrx_word' id='word_1_708' title='bbox 302 5423 696 5485; x_wconf 77' lang='grc' dir='ltr'><strong>κατασϐεννῠει</strong></span> <span class='ocrx_word' id='word_1_709' title='bbox 718 5422 884 5495; x_wconf 81' lang='grc' dir='ltr'><strong>ὕδωρ,</strong></span> <span class='ocrx_word' id='word_1_710' title='bbox 907 5422 1160 5493; x_wconf 84' lang='grc' dir='ltr'><strong>γλῶσσαν</strong></span> <span class='ocrx_word' id='word_1_711' title='bbox 1196 5420 1255 5476; x_wconf 64' lang='grc' dir='ltr'><strong>δὲ</strong></span> <span class='ocrx_word' id='word_1_712' title='bbox 1296 5421 1473 5503; x_wconf 62' lang='grc' dir='ltr'><strong>κακὴν</strong></span> <span class='ocrx_word' id='word_1_713' title='bbox 1494 5420 1671 5486; x_wconf 77' lang='grc' dir='ltr'><strong>οὐδεὶς</strong></span> <span class='ocrx_word' id='word_1_714' title='bbox 1701 5438 1883 5476; x_wconf 87' lang='grc' dir='ltr'><strong>κατα-</strong></span> 
     </span>
    </p>
   </div>
   <div class='ocr_carea' id='block_1_101' title="bbox 303 5514 1881 5595">
    <p class='ocr_par' dir='ltr' id='par_1_101' title="bbox 303 5514 1881 5595">
     <span class='ocr_line' id='line_1_101' title="bbox 303 5514 1881 5595; baseline -0.002 -22"><span class='ocrx_word' id='word_1_715' title='bbox 303 5521 559 5595; x_wconf 71' lang='grc' dir='ltr'><strong>πραΰνει.</strong></span> <span class='ocrx_word' id='word_1_716' title='bbox 600 5520 799 5574; x_wconf 82' lang='grc' dir='ltr'><strong>Ἵππον</strong></span> <span class='ocrx_word' id='word_1_717' title='bbox 850 5514 1327 5592; x_wconf 81' lang='grc' dir='ltr'><strong>σκληροτράχηλον</strong></span> <span class='ocrx_word' id='word_1_718' title='bbox 1357 5514 1589 5587; x_wconf 76' lang='grc' dir='ltr'><strong>δαμάζει</strong></span> <span class='ocrx_word' id='word_1_719' title='bbox 1630 5515 1881 5586; x_wconf 81' lang='grc' dir='ltr'><strong>χαλινὸς,</strong></span> 
     </span>
    </p>
   </div>
   <div class='ocr_carea' id='block_1_102' title="bbox 303 5608 1885 5695">
    <p class='ocr_par' dir='ltr' id='par_1_102' title="bbox 303 5608 1885 5695">
     <span class='ocr_line' id='line_1_102' title="bbox 303 5608 1885 5695; baseline -0.004 -26"><span class='ocrx_word' id='word_1_720' title='bbox 303 5614 558 5687; x_wconf 83' lang='grc' dir='ltr'><strong>γλῶσσαν</strong></span> <span class='ocrx_word' id='word_1_721' title='bbox 601 5611 658 5668; x_wconf 70' lang='grc' dir='ltr'><strong>δὲ</strong></span> <span class='ocrx_word' id='word_1_722' title='bbox 706 5611 883 5685; x_wconf 79' lang='grc' dir='ltr'><strong>κακὴν</strong></span> <span class='ocrx_word' id='word_1_723' title='bbox 917 5610 1096 5695; x_wconf 65' lang='grc' dir='ltr'><strong>ρύδεὶς</strong></span> <span class='ocrx_word' id='word_1_724' title='bbox 1126 5608 1350 5664; x_wconf 80' lang='grc' dir='ltr'><strong>δύναται</strong></span> <span class='ocrx_word' id='word_1_725' title='bbox 1390 5608 1655 5681; x_wconf 66' lang='grc' dir='ltr'><strong>δαμάσαι.</strong></span> <span class='ocrx_word' id='word_1_726' title='bbox 1684 5608 1885 5680; x_wconf 82' lang='grc' dir='ltr'>Θηρίον</span> 
     </span>
    </p>
   </div>
   <div class='ocr_carea' id='block_1_103' title="bbox 305 5701 1884 5787">
    <p class='ocr_par' dir='ltr' id='par_1_103' title="bbox 305 5701 1884 5787">
     <span class='ocr_line' id='line_1_103' title="bbox 305 5701 1884 5787; baseline -0.008 -20"><span class='ocrx_word' id='word_1_727' title='bbox 305 5710 501 5782; x_wconf 77' lang='grc' dir='ltr'><strong>ἄγριον</strong></span> <span class='ocrx_word' id='word_1_728' title='bbox 561 5704 803 5779; x_wconf 78' lang='grc' dir='ltr'><strong>εὐχερῶς</strong></span> <span class='ocrx_word' id='word_1_729' title='bbox 856 5701 1183 5787; x_wconf 78' lang='grc' dir='ltr'><strong>ἡμεροῦται,</strong></span> <span class='ocrx_word' id='word_1_730' title='bbox 1239 5701 1463 5771; x_wconf 72' lang='grc' dir='ltr'><strong>γλῶσσα</strong></span> <span class='ocrx_word' id='word_1_731' title='bbox 1515 5702 1573 5757; x_wconf 74' lang='grc' dir='ltr'><strong>δὲ</strong></span> <span class='ocrx_word' id='word_1_732' title='bbox 1627 5702 1774 5776; x_wconf 70' lang='grc' dir='ltr'><strong>κακὴ</strong></span> <span class='ocrx_word' id='word_1_733' title='bbox 1821 5703 1884 5757; x_wconf 73' lang='grc' dir='ltr'><strong>οὐ</strong></span> 
     </span>
    </p>
   </div>
   <div class='ocr_carea' id='block_1_104' title="bbox 310 5792 1885 5875">
    <p class='ocr_par' dir='ltr' id='par_1_104' title="bbox 310 5792 1885 5875">
     <span class='ocr_line' id='line_1_104' title="bbox 310 5792 1885 5875; baseline -0.006 -18"><span class='ocrx_word' id='word_1_734' title='bbox 310 5801 633 5875; x_wconf 72' lang='grc' dir='ltr'><strong>πραΰνεται.</strong></span> <span class='ocrx_word' id='word_1_735' title='bbox 658 5798 774 5853; x_wconf 73' lang='grc' dir='ltr'><strong>Οὐκ</strong></span> <span class='ocrx_word' id='word_1_736' title='bbox 807 5797 956 5863; x_wconf 69' lang='grc' dir='ltr'><strong>ἔστιν</strong></span> <span class='ocrx_word' id='word_1_737' title='bbox 994 5796 1053 5851; x_wconf 74' lang='grc' dir='ltr'>ὲν</span> <span class='ocrx_word' id='word_1_738' title='bbox 1084 5792 1164 5865; x_wconf 83' lang='grc' dir='ltr'><strong>τῷ</strong></span> <span class='ocrx_word' id='word_1_739' title='bbox 1193 5796 1385 5870; x_wconf 74' lang='grc' dir='ltr'><strong>κόσμῳ</strong></span> <span class='ocrx_word' id='word_1_740' title='bbox 1422 5795 1602 5866; x_wconf 81' lang='grc' dir='ltr'><strong>χεῖρον</strong></span> <span class='ocrx_word' id='word_1_741' title='bbox 1632 5793 1885 5865; x_wconf 80' lang='grc' dir='ltr'><strong>γλώσσης</strong></span> 
     </span>
    </p>
   </div>
   <div class='ocr_carea' id='block_1_105' title="bbox 310 5886 1886 5967">
    <p class='ocr_par' dir='ltr' id='par_1_105' title="bbox 310 5886 1886 5967">
     <span class='ocr_line' id='line_1_105' title="bbox 310 5886 1886 5967; baseline -0.009 -17"><span class='ocrx_word' id='word_1_742' title='bbox 310 5894 509 5967; x_wconf 76' lang='grc' dir='ltr'><strong>ιιικῆς.</strong></span> <span class='ocrx_word' id='word_1_743' title='bbox 564 5890 863 5966; x_wconf 78' lang='grc' dir='ltr'><strong>Συγκρούει</strong></span> <span class='ocrx_word' id='word_1_744' title='bbox 914 5888 1071 5943; x_wconf 82' lang='grc' dir='ltr'><strong>πόσιν</strong></span> <span class='ocrx_word' id='word_1_745' title='bbox 1129 5886 1263 5961; x_wconf 75' lang='grc' dir='ltr'><strong>πρὸς</strong></span> <span class='ocrx_word' id='word_1_746' title='bbox 1317 5886 1500 5954; x_wconf 77' lang='grc' dir='ltr'><strong>πόσιν,</strong></span> <span class='ocrx_word' id='word_1_747' title='bbox 1546 5887 1723 5941; x_wconf 75' lang='grc' dir='ltr'><strong>οἰκίαν</strong></span> <span class='ocrx_word' id='word_1_748' title='bbox 1748 5886 1886 5955; x_wconf 75' lang='grc' dir='ltr'><strong>πρὸς</strong></span> 
     </span>
    </p>
   </div>
   <div class='ocr_carea' id='block_1_106' title="bbox 1978 4676 3557 4753">
    <p class='ocr_par' dir='ltr' id='par_1_106' title="bbox 1978 4676 3557 4753">
     <span class='ocr_line' id='line_1_106' title="bbox 1978 4676 3557 4753; baseline -0.006 -15"><span class='ocrx_word' id='word_1_749' title='bbox 1978 4693 2216 4753; x_wconf 79' lang='lat' dir='ltr'><strong>apertum</strong></span> <span class='ocrx_word' id='word_1_750' title='bbox 2245 4691 2323 4736; x_wconf 91' lang='lat' dir='ltr'><strong>est</strong></span> <span class='ocrx_word' id='word_1_751' title='bbox 2372 4679 2547 4749; x_wconf 84' lang='lat' dir='ltr'><strong>(Psal.</strong></span> <span class='ocrx_word' id='word_1_752' title='bbox 2588 4693 2746 4739; x_wconf 82' lang='lat' dir='ltr'><strong>cvm.</strong></span> <span class='ocrx_word' id='word_1_753' title='bbox 2791 4676 2888 4750; x_wconf 74' lang='lat'><strong>2).</strong></span> <span class='ocrx_word' id='word_1_754' title='bbox 2950 4677 3015 4731; x_wconf 85' lang='lat' dir='ltr'><strong>Et</strong></span> <span class='ocrx_word' id='word_1_755' title='bbox 3060 4676 3190 4731; x_wconf 88' lang='lat' dir='ltr'><strong>alibi</strong></span> <span class='ocrx_word' id='word_1_756' title='bbox 3236 4694 3248 4731; x_wconf 90' lang='lat'>:</span> <span class='ocrx_word' id='word_1_757' title='bbox 3287 4679 3557 4731; x_wconf 79' lang='lat' dir='ltr'><strong>Acuerunt</strong></span> 
     </span>
    </p>
   </div>
   <div class='ocr_carea' id='block_1_107' title="bbox 1979 4768 3558 4848">
    <p class='ocr_par' dir='ltr' id='par_1_107' title="bbox 1979 4768 3558 4848">
     <span class='ocr_line' id='line_1_107' title="bbox 1979 4768 3558 4848; baseline -0.006 -17"><span class='ocrx_word' id='word_1_758' title='bbox 1979 4778 2189 4848; x_wconf 80' lang='lat' dir='ltr'><strong>linguas</strong></span> <span class='ocrx_word' id='word_1_759' title='bbox 2218 4792 2345 4831; x_wconf 85' lang='lat' dir='ltr'><strong>suas</strong></span> <span class='ocrx_word' id='word_1_760' title='bbox 2394 4775 2533 4829; x_wconf 75' lang='lat' dir='ltr'><strong>sicut</strong></span> <span class='ocrx_word' id='word_1_761' title='bbox 2580 4772 2859 4840; x_wconf 83' lang='lat' dir='ltr'><strong>serpentis,</strong></span> <span class='ocrx_word' id='word_1_762' title='bbox 2892 4786 3143 4826; x_wconf 83' lang='lat' dir='ltr'><strong>venenum</strong></span> <span class='ocrx_word' id='word_1_763' title='bbox 3183 4770 3432 4840; x_wconf 85' lang='lat' dir='ltr'><strong>aspidum</strong></span> <span class='ocrx_word' id='word_1_764' title='bbox 3461 4768 3558 4824; x_wconf 86' lang='lat' dir='ltr'><strong>sub</strong></span> 
     </span>
    </p>
   </div>
   <div class='ocr_carea' id='block_1_108' title="bbox 1980 4863 3561 4940">
    <p class='ocr_par' dir='ltr' id='par_1_108' title="bbox 1980 4863 3561 4940">
     <span class='ocr_line' id='line_1_108' title="bbox 1980 4863 3561 4940; baseline -0.007 -13"><span class='ocrx_word' id='word_1_765' title='bbox 1980 4871 2138 4927; x_wconf 83' lang='lat' dir='ltr'><strong>labiis</strong></span> <span class='ocrx_word' id='word_1_766' title='bbox 2168 4886 2351 4927; x_wconf 86' lang='lat' dir='ltr'><strong>eorum</strong></span> <span class='ocrx_word' id='word_1_767' title='bbox 2404 4867 2582 4940; x_wconf 85' lang='lat' dir='ltr'><strong>(Psal.</strong></span> <span class='ocrx_word' id='word_1_768' title='bbox 2638 4882 2878 4934; x_wconf 71' lang='lat' dir='ltr'><strong>curis,</strong></span> <span class='ocrx_word' id='word_1_769' title='bbox 2918 4866 3009 4932; x_wconf 75' lang='grc'><strong>4).</strong></span> <span class='ocrx_word' id='word_1_770' title='bbox 3073 4864 3357 4934; x_wconf 88' lang='lat' dir='ltr'><strong>Serpentis</strong></span> <span class='ocrx_word' id='word_1_771' title='bbox 3404 4863 3561 4917; x_wconf 86' lang='lat' dir='ltr'><strong>aiunt</strong></span> 
     </span>
    </p>
   </div>
   <div class='ocr_carea' id='block_1_109' title="bbox 1981 4954 3561 5033">
    <p class='ocr_par' dir='ltr' id='par_1_109' title="bbox 1981 4954 3561 5033">
     <span class='ocr_line' id='line_1_109' title="bbox 1981 4954 3561 5033; baseline -0.007 -13"><span class='ocrx_word' id='word_1_772' title='bbox 1981 4973 2221 5020; x_wconf 88' lang='lat' dir='ltr'><strong>atrocem</strong></span> <span class='ocrx_word' id='word_1_773' title='bbox 2277 4963 2476 5033; x_wconf 64' lang='lat' dir='ltr'><strong>linguae</strong></span> <span class='ocrx_word' id='word_1_774' title='bbox 2526 4960 2780 5016; x_wconf 88' lang='lat' dir='ltr'><strong>aculeum</strong></span> <span class='ocrx_word' id='word_1_775' title='bbox 2824 4973 2995 5015; x_wconf 80' lang='lat' dir='ltr'><strong>esse:</strong></span> <span class='ocrx_word' id='word_1_776' title='bbox 3051 4973 3239 5012; x_wconf 75' lang='lat' dir='ltr'><strong>verum</strong></span> <span class='ocrx_word' id='word_1_777' title='bbox 3283 4954 3417 5010; x_wconf 87' lang='lat' dir='ltr'><strong>nihil</strong></span> <span class='ocrx_word' id='word_1_778' title='bbox 3466 4955 3561 5009; x_wconf 88' lang='lat' dir='ltr'><strong>ille</strong></span> 
     </span>
    </p>
   </div>
   <div class='ocr_carea' id='block_1_110' title="bbox 1981 5049 3561 5122">
    <p class='ocr_par' dir='ltr' id='par_1_110' title="bbox 1981 5049 3561 5122">
     <span class='ocr_line' id='line_1_110' title="bbox 1981 5049 3561 5122; baseline -0.007 -8"><span class='ocrx_word' id='word_1_779' title='bbox 1981 5058 2220 5115; x_wconf 87' lang='lat' dir='ltr'><strong>atrocior</strong></span> <span class='ocrx_word' id='word_1_780' title='bbox 2259 5065 2345 5114; x_wconf 88' lang='lat' dir='ltr'><strong>est</strong></span> <span class='ocrx_word' id='word_1_781' title='bbox 2398 5056 2540 5111; x_wconf 87' lang='lat' dir='ltr'><strong>mala</strong></span> <span class='ocrx_word' id='word_1_782' title='bbox 2594 5054 2837 5110; x_wconf 88' lang='lat' dir='ltr'><strong>hominis</strong></span> <span class='ocrx_word' id='word_1_783' title='bbox 2890 5054 3096 5122; x_wconf 82' lang='lat' dir='ltr'><strong>lingua.</strong></span> <span class='ocrx_word' id='word_1_784' title='bbox 3144 5050 3356 5105; x_wconf 87' lang='lat' dir='ltr'><strong>Dicitur</strong></span> <span class='ocrx_word' id='word_1_785' title='bbox 3391 5049 3561 5105; x_wconf 84' lang='lat' dir='ltr'><strong>etiam</strong></span> 
     </span>
    </p>
   </div>
   <div class='ocr_carea' id='block_1_111' title="bbox 1982 5142 3557 5216">
    <p class='ocr_par' dir='ltr' id='par_1_111' title="bbox 1982 5142 3557 5216">
     <span class='ocr_line' id='line_1_111' title="bbox 1982 5142 3557 5216; baseline -0.008 -6"><span class='ocrx_word' id='word_1_786' title='bbox 1982 5156 2188 5210; x_wconf 86' lang='lat' dir='ltr'><strong>lacerta</strong></span> <span class='ocrx_word' id='word_1_787' title='bbox 2214 5151 2462 5213; x_wconf 87' lang='lat' dir='ltr'><strong>decolor,</strong></span> <span class='ocrx_word' id='word_1_788' title='bbox 2494 5149 2589 5205; x_wconf 88' lang='lat' dir='ltr'><strong>sed</strong></span> <span class='ocrx_word' id='word_1_789' title='bbox 2635 5165 2697 5205; x_wconf 78' lang='lat' dir='ltr'><strong>ea</strong></span> <span class='ocrx_word' id='word_1_790' title='bbox 2731 5148 2956 5203; x_wconf 85' lang='lat' dir='ltr'><strong>decolor</strong></span> <span class='ocrx_word' id='word_1_791' title='bbox 2991 5147 3165 5216; x_wconf 86' lang='lat' dir='ltr'><strong>magis</strong></span> <span class='ocrx_word' id='word_1_792' title='bbox 3199 5160 3308 5199; x_wconf 85' lang='lat' dir='ltr'><strong>non</strong></span> <span class='ocrx_word' id='word_1_793' title='bbox 3340 5150 3426 5199; x_wconf 85' lang='lat' dir='ltr'><strong>cst</strong></span> <span class='ocrx_word' id='word_1_794' title='bbox 3458 5142 3557 5198; x_wconf 83' lang='lat' dir='ltr'><strong>ho-</strong></span> 
     </span>
    </p>
   </div>
   <div class='ocr_carea' id='block_1_112' title="bbox 1983 5236 3561 5317">
    <p class='ocr_par' dir='ltr' id='par_1_112' title="bbox 1983 5236 3561 5317">
     <span class='ocr_line' id='line_1_112' title="bbox 1983 5236 3561 5317; baseline -0.008 -14"><span class='ocrx_word' id='word_1_795' title='bbox 1983 5248 2132 5303; x_wconf 86' lang='lat' dir='ltr'><strong>mine</strong></span> <span class='ocrx_word' id='word_1_796' title='bbox 2187 5248 2371 5317; x_wconf 87' lang='lat' dir='ltr'><strong>inepte</strong></span> <span class='ocrx_word' id='word_1_797' title='bbox 2429 5242 2671 5314; x_wconf 87' lang='lat' dir='ltr'><strong>loquaci.</strong></span> <span class='ocrx_word' id='word_1_798' title='bbox 2713 5238 2933 5312; x_wconf 87' lang='lat' dir='ltr'><strong>Scorpii</strong></span> <span class='ocrx_word' id='word_1_799' title='bbox 2986 5253 3209 5295; x_wconf 85' lang='lat' dir='ltr'><strong>morsus</strong></span> <span class='ocrx_word' id='word_1_800' title='bbox 3259 5236 3561 5293; x_wconf 88' lang='lat' dir='ltr'><strong>remedium</strong></span> 
     </span>
    </p>
   </div>
   <div class='ocr_carea' id='block_1_113' title="bbox 1985 5330 3559 5405">
    <p class='ocr_par' dir='ltr' id='par_1_113' title="bbox 1985 5330 3559 5405">
     <span class='ocr_line' id='line_1_113' title="bbox 1985 5330 3559 5405; baseline -0.008 -9"><span class='ocrx_word' id='word_1_801' title='bbox 1985 5340 2227 5396; x_wconf 87' lang='lat' dir='ltr'><strong>admittit</strong></span> <span class='ocrx_word' id='word_1_802' title='bbox 2261 5356 2275 5393; x_wconf 90' lang='lat'><strong>:</strong></span> <span class='ocrx_word' id='word_1_803' title='bbox 2312 5345 2369 5393; x_wconf 87' lang='lat' dir='ltr'><strong>at</strong></span> <span class='ocrx_word' id='word_1_804' title='bbox 2404 5350 2588 5394; x_wconf 89' lang='lat' dir='ltr'><strong>sermo</strong></span> <span class='ocrx_word' id='word_1_805' title='bbox 2620 5334 2801 5390; x_wconf 89' lang='lat' dir='ltr'><strong>malus</strong></span> <span class='ocrx_word' id='word_1_806' title='bbox 2847 5348 2917 5390; x_wconf 78' lang='lat' dir='ltr'><strong>ex</strong></span> <span class='ocrx_word' id='word_1_807' title='bbox 2959 5330 3245 5405; x_wconf 78' lang='lat' dir='ltr'><strong>nugatoria</strong></span> <span class='ocrx_word' id='word_1_808' title='bbox 3280 5344 3377 5385; x_wconf 82' lang='lat' dir='ltr'><strong>ore</strong></span> <span class='ocrx_word' id='word_1_809' title='bbox 3406 5343 3559 5400; x_wconf 62' lang='grc' dir='ltr'><strong>εει-θα</strong></span> 
     </span>
    </p>
   </div>
   <div class='ocr_carea' id='block_1_114' title="bbox 1984 5417 3556 5498">
    <p class='ocr_par' dir='ltr' id='par_1_114' title="bbox 1984 5417 3556 5498">
     <span class='ocr_line' id='line_1_114' title="bbox 1984 5417 3556 5498; baseline -0.01 -12"><span class='ocrx_word' id='word_1_810' title='bbox 1984 5431 2163 5498; x_wconf 86' lang='lat' dir='ltr'><strong>diens,</strong></span> <span class='ocrx_word' id='word_1_811' title='bbox 2199 5427 2601 5485; x_wconf 86' lang='lat' dir='ltr'><strong>immedicabile</strong></span> <span class='ocrx_word' id='word_1_812' title='bbox 2627 5425 2828 5481; x_wconf 80' lang='lat' dir='ltr'><strong>vulnus</strong></span> <span class='ocrx_word' id='word_1_813' title='bbox 2857 5423 3108 5495; x_wconf 75' lang='lat' dir='ltr'><strong>proximo</strong></span> <span class='ocrx_word' id='word_1_814' title='bbox 3135 5418 3355 5490; x_wconf 83' lang='lat' dir='ltr'><strong>inﬂigit.</strong></span> <span class='ocrx_word' id='word_1_815' title='bbox 3387 5417 3556 5473; x_wconf 51' lang='lat' dir='ltr'><strong>Flam.</strong></span> 
     </span>
    </p>
   </div>
   <div class='ocr_carea' id='block_1_115' title="bbox 1985 5512 3559 5596">
    <p class='ocr_par' dir='ltr' id='par_1_115' title="bbox 1985 5512 3559 5596">
     <span class='ocr_line' id='line_1_115' title="bbox 1985 5512 3559 5596; baseline -0.009 -15"><span class='ocrx_word' id='word_1_816' title='bbox 1985 5540 2073 5581; x_wconf 87' lang='lat' dir='ltr'><strong>ma</strong></span> <span class='ocrx_word' id='word_1_817' title='bbox 2125 5524 2267 5596; x_wconf 87' lang='lat' dir='ltr'><strong>ignis</strong></span> <span class='ocrx_word' id='word_1_818' title='bbox 2310 5536 2453 5594; x_wconf 89' lang='lat' dir='ltr'><strong>aqua</strong></span> <span class='ocrx_word' id='word_1_819' title='bbox 2483 5520 2859 5589; x_wconf 77' lang='lat' dir='ltr'><strong>exstinguitur</strong></span> <span class='ocrx_word' id='word_1_820' title='bbox 2888 5536 2905 5574; x_wconf 85' lang='lat'><strong>:</strong></span> <span class='ocrx_word' id='word_1_821' title='bbox 2937 5515 3075 5573; x_wconf 90' lang='lat' dir='ltr'><strong>nihil</strong></span> <span class='ocrx_word' id='word_1_822' title='bbox 3105 5522 3289 5571; x_wconf 88' lang='lat' dir='ltr'><strong>autem</strong></span> <span class='ocrx_word' id='word_1_823' title='bbox 3318 5512 3559 5584; x_wconf 83' lang='lat' dir='ltr'><strong>linguam</strong></span> 
     </span>
    </p>
   </div>
   <div class='ocr_carea' id='block_1_116' title="bbox 1987 5602 3562 5688">
    <p class='ocr_par' dir='ltr' id='par_1_116' title="bbox 1987 5602 3562 5688">
     <span class='ocr_line' id='line_1_116' title="bbox 1987 5602 3562 5688; baseline -0.011 -15"><span class='ocrx_word' id='word_1_824' title='bbox 1987 5616 2295 5688; x_wconf 85' lang='lat' dir='ltr'><strong>improbam</strong></span> <span class='ocrx_word' id='word_1_825' title='bbox 2337 5612 2574 5684; x_wconf 88' lang='lat' dir='ltr'><strong>mitigat.</strong></span> <span class='ocrx_word' id='word_1_826' title='bbox 2611 5609 2826 5681; x_wconf 81' lang='lat' dir='ltr'><strong>Equum</strong></span> <span class='ocrx_word' id='word_1_827' title='bbox 2862 5608 3076 5665; x_wconf 91' lang='lat' dir='ltr'><strong>duriori</strong></span> <span class='ocrx_word' id='word_1_828' title='bbox 3106 5606 3322 5663; x_wconf 83' lang='lat' dir='ltr'><strong>cervice</strong></span> <span class='ocrx_word' id='word_1_829' title='bbox 3348 5602 3562 5659; x_wconf 69' lang='lat' dir='ltr'><strong>frenum</strong></span> 
     </span>
    </p>
   </div>
   <div class='ocr_carea' id='block_1_117' title="bbox 1987 5692 3567 5776">
    <p class='ocr_par' dir='ltr' id='par_1_117' title="bbox 1987 5692 3567 5776">
     <span class='ocr_line' id='line_1_117' title="bbox 1987 5692 3567 5776; baseline -0.011 -13"><span class='ocrx_word' id='word_1_830' title='bbox 1987 5709 2177 5763; x_wconf 87' lang='lat' dir='ltr'><strong>domat</strong></span> <span class='ocrx_word' id='word_1_831' title='bbox 2209 5730 2220 5761; x_wconf 88' lang='lat'><strong>:</strong></span> <span class='ocrx_word' id='word_1_832' title='bbox 2255 5706 2499 5776; x_wconf 82' lang='lat' dir='ltr'><strong>linguam</strong></span> <span class='ocrx_word' id='word_1_833' title='bbox 2545 5716 2678 5760; x_wconf 74' lang='lat' dir='ltr'><strong>vero</strong></span> <span class='ocrx_word' id='word_1_834' title='bbox 2726 5715 2950 5773; x_wconf 79' lang='lat' dir='ltr'><strong>pravam</strong></span> <span class='ocrx_word' id='word_1_835' title='bbox 2990 5697 3217 5754; x_wconf 86' lang='lat' dir='ltr'><strong>domare</strong></span> <span class='ocrx_word' id='word_1_836' title='bbox 3253 5692 3437 5750; x_wconf 88' lang='lat' dir='ltr'><strong>nullus</strong></span> <span class='ocrx_word' id='word_1_837' title='bbox 3469 5706 3567 5765; x_wconf 87' lang='lat' dir='ltr'><strong>po-</strong></span> 
     </span>
    </p>
   </div>
   <div class='ocr_carea' id='block_1_118' title="bbox 1989 5790 3561 5866">
    <p class='ocr_par' dir='ltr' id='par_1_118' title="bbox 1989 5790 3561 5866">
     <span class='ocr_line' id='line_1_118' title="bbox 1989 5790 3561 5866; baseline -0.012 -8"><span class='ocrx_word' id='word_1_838' title='bbox 1989 5812 2120 5858; x_wconf 85' lang='lat' dir='ltr'><strong>test.</strong></span> <span class='ocrx_word' id='word_1_839' title='bbox 2150 5799 2491 5857; x_wconf 85' lang='lat' dir='ltr'><strong>‘l&#39;ruculcnta</strong></span> <span class='ocrx_word' id='word_1_840' title='bbox 2536 5797 2651 5853; x_wconf 81' lang='lat' dir='ltr'><strong>fera</strong></span> <span class='ocrx_word' id='word_1_841' title='bbox 2696 5794 2842 5850; x_wconf 90' lang='lat' dir='ltr'><strong>facili</strong></span> <span class='ocrx_word' id='word_1_842' title='bbox 2889 5793 3110 5866; x_wconf 84' lang='lat' dir='ltr'><strong>negotio</strong></span> <span class='ocrx_word' id='word_1_843' title='bbox 3144 5790 3425 5847; x_wconf 87' lang='lat' dir='ltr'><strong>cicuratur</strong></span> <span class='ocrx_word' id='word_1_844' title='bbox 3460 5802 3473 5839; x_wconf 91' lang='lat'><strong>:</strong></span> <span class='ocrx_word' id='word_1_845' title='bbox 3510 5792 3561 5839; x_wconf 86' lang='lat' dir='ltr'><strong>at</strong></span> 
     </span>
    </p>
   </div>
   <div class='ocr_carea' id='block_1_119' title="bbox 1992 5874 3561 5966">
    <p class='ocr_par' dir='ltr' id='par_1_119' title="bbox 1992 5874 3561 5966">
     <span class='ocr_line' id='line_1_119' title="bbox 1992 5874 3561 5966; baseline -0.013 -18"><span class='ocrx_word' id='word_1_846' title='bbox 1992 5892 2191 5947; x_wconf 86' lang='lat' dir='ltr'><strong>malam</strong></span> <span class='ocrx_word' id='word_1_847' title='bbox 2235 5891 2475 5966; x_wconf 80' lang='lat' dir='ltr'><strong>linguam</strong></span> <span class='ocrx_word' id='word_1_848' title='bbox 2530 5888 2701 5947; x_wconf 86' lang='lat' dir='ltr'><strong>lenire</strong></span> <span class='ocrx_word' id='word_1_849' title='bbox 2751 5883 3101 5949; x_wconf 79' lang='lat' dir='ltr'><strong>impossibile</strong></span> <span class='ocrx_word' id='word_1_850' title='bbox 3142 5891 3247 5937; x_wconf 80' lang='lat' dir='ltr'><strong>est.</strong></span> <span class='ocrx_word' id='word_1_851' title='bbox 3298 5875 3449 5933; x_wconf 82' lang='lat' dir='ltr'><strong>Nihil</strong></span> <span class='ocrx_word' id='word_1_852' title='bbox 3506 5874 3561 5929; x_wconf 90' lang='lat' dir='ltr'><strong>in</strong></span> 
     </span>
    </p>
   </div>
   <div class='ocr_carea' id='block_1_120' title="bbox 3412 396 3653 484">
    <p class='ocr_par' dir='ltr' id='par_1_120' title="bbox 3412 396 3653 484">
     <span class='ocr_line' id='line_1_120' title="bbox 3412 396 3653 484; baseline -0.017 -21"><span class='ocrx_word' id='word_1_853' title='bbox 3412 396 3550 463; x_wconf 72' lang='lat'><strong>13:5</strong></span> <span class='ocrx_word' id='word_1_854' title='bbox 3650 481 3653 484; x_wconf 13' lang='grc'><em>⁴</em></span> 
     </span>
    </p>
   </div>
  </div>
