4010 6302
470 322 616 393 1359

1681 323 1742 385 S.
1770 325 2090 390 JOANNIS
2133 328 2563 394 DAMASCENI

3593 338 3722 410 1360

470 441 778 515 iniquitatis
818 454 956 498 mete
1003 439 1365 507 oblivionem,
1406 446 1461 494 et
1497 436 1885 510 purgationem
1926 456 2048 509 pec-

2156 444 2285 513 μίας
2317 459 2420 515 μου
2437 443 2629 518 λήθην,
2666 447 2760 502 καὶ
2788 446 3131 524 καθαρισμὸν
3157 452 3258 527 τῆς
3281 453 3558 531 ἀμαρτίας
3585 473 3718 529 μους

468 537 578 593 cali
614 535 755 592 mei?
791 534 950 590 Nunc
979 533 1201 606 quidem
1241 531 1296 588 in
1331 539 1536 588 terram
1573 540 1841 587 revertar.
1881 550 1901 584 ι

535 628 740 697 Jobix,
787 629 860 684 50
891 645 1037 700 seqq.
1068 656 1140 669 —
1172 644 1194 678 ι
1243 625 1701 698 Quandoquidem
1761 641 1871 681 non
1924 642 2046 682 sum

467 726 615 793 pius,
638 737 810 796 quare
841 737 950 779 non
970 731 1225 778 mortuus
1252 719 1424 796 428
1452 719 1615 776 sum?
1645 718 1802 787 Quod
1828 719 1872 776 si
1901 719 2049 775 lotus

470 816 628 886 fuero
654 817 710 872 in
747 815 892 880 nive,
925 823 982 872 et
1009 813 1307 870 mundatus
1337 816 1492 868 l'uero
1515 812 1739 868 mundis
1763 811 2046 879 manibus,

467 910 689 966 abunde
729 908 787 966 in
817 907 982 966 sorde
1011 921 1099 963 me
1141 905 1418 963 intinxisti
1438 943 1456 971 ,
1495 903 1813 960 abominata
1841 911 1927 960 est
1960 919 2050 960 me

467 1003 640 1058 vestis
670 1015 818 1056 mea.
850 996 971 1056 Non
999 998 1150 1056 enim
1180 1013 1244 1055 es
1272 997 1438 1053 homo
1466 995 1613 1054 sicut
1636 1009 1760 1068 ego,
1784 996 1876 1052 cui
1911 1012 2046 1051 con-

468 1092 758 1158 tradicam,
781 1101 842 1148 ut
857 1107 1046 1148 eamus
1068 1090 1405 1147 unanimiter
1426 1089 1480 1146 in
1502 1086 1802 1161 judicium.
1821 1086 2046 1144 Utinam

466 1193 617 1244 esset
647 1187 808 1243 nobis
848 1186 1139 1251 mediator,
1189 1193 1245 1239 et
1290 1196 1554 1256 arguens,
1609 1187 1664 1237 et
1720 1179 1954 1238 audiens
1989 1180 2045 1236 in

471 1282 654 1337 medio
684 1280 997 1351 utriusque.
1038 1296 1058 1331 ι

535 1374 639 1431 Job
693 1391 806 1442 xxI,
847 1375 878 1427 ’ί
918 1389 1061 1446 seqq.
1094 1399 1168 1414 ——
1199 1387 1221 1423 ι
1265 1369 1451 1437 Quare
1485 1368 1638 1440 impii
1681 1375 1912 1435 vivunt,
1958 1366 2046 1422 in-

469 1476 856 1527 veteraverunt
910 1475 1115 1535 autem,
1159 1471 1216 1522 et
1271 1464 1329 1518 in
1367 1461 1580 1518 divitiis
1623 1476 1809 1517 semen
1854 1474 2045 1515 eorum

469 1565 768 1622 secundum
799 1559 1138 1618 desiderium
1167 1558 1384 1624 animae,
1424 1556 1521 1613 illii
1547 1566 1729 1611 autem
1760 1569 1952 1613 eorum
1991 1553 2047 1609 in

472 1659 650 1715 oculis
676 1657 700 1712 ?
729 1656 936 1712 Domus
967 1669 1160 1711 eorum
1209 1651 1559 1707 abundantes
1591 1655 1746 1717 sunt,
1789 1655 1846 1704 et
1883 1647 2051 1702 timor

476 1766 742 1824 nusquam
770 1768 784 1804 :
822 1747 1090 1820 ﬂagellum
1110 1753 1294 1801 autem
1321 1759 1353 1799 a
1371 1742 1603 1800 Domino
1630 1757 1739 1797 non
1761 1752 1848 1796 est
1881 1755 2050 1812 super

475 1861 591 1902 eos.
626 1844 844 1899 Manent
873 1841 1016 1895 sicut
1049 1853 1182 1894 oves
1230 1842 1508 1908 perpetua:
1538 1852 1552 1889 :
1586 1843 1640 1889 at
1669 1835 1828 1906 pueri
1857 1846 2046 1889 eorum

479 1939 603 1995 ludo
631 1952 691 1994 se
710 1939 1032 2008 provocant,
1059 1937 1309 1988 tenentes
1329 1928 1651 2001 psalterium
1675 1935 1730 1984 et
1756 1925 2045 1983 citharam.

473 2033 943 2090 Consummarunt
972 2028 1026 2082 in
1060 2024 1219 2081 bonis
1251 2023 1420 2078 vitam
1451 2037 1635 2080 suam.
1671 2039 1692 2075 ι

541 2124 644 2180 Job
699 2138 816 2190 xm,
869 2122 960 2177 25.
987 2149 1057 2161 —
1096 2138 1114 2173 ι
1151 2118 1296 2186 Quot
1343 2125 1474 2173 sunt
1521 2114 1840 2187 iniquitates
1877 2127 2047 2178 meae,

467 2224 522 2274 et
548 2227 773 2291 peccata
806 2231 948 2283 mea,
985 2214 1123 2268 doce
1147 2227 1252 2267 me.
1275 2212 1387 2266 Cur
1412 2225 1443 2266 a
1477 2223 1563 2265 me
1584 2206 1991 2264 absconderis?
2022 2222 2043 2258 ι

540 2311 753 2368 Hebae.
805 2326 849 2373 ι,
887 2308 922 2362 2
947 2325 1088 2378 seqq.
1127 2336 1197 2348 —-
1237 2324 1254 2358 ι
1295 2302 1620 2377 Usquequo,
1650 2301 1901 2368 Domine,
1932 2298 2050 2355 cla-

474 2408 660 2471 mabo,
678 2411 734 2461 et
761 2419 869 2459 non
897 2399 1206 2456 exaudiesi
1230 2397 1583 2454 vociferabor
1607 2396 1675 2452 ad
1703 2403 1757 2452 te
1783 2393 2046 2466 iniuriam

474 2501 708 2574 patiens,
739 2505 795 2553 et
850 2510 958 2550 non
1009 2489 1288 2548 salvabis?
1339 2488 1520 2557 Quare
1576 2488 1712 2543 mibi
1748 2485 2047 2544 ostendisti

472 2595 690 2650 labores
709 2588 928 2646 videre?
975 2594 1170 2642 contra
1197 2598 1282 2640 me
1311 2583 1512 2638 factum
1544 2589 1632 2638 est
1663 2580 1964 2654 judicium,
1989 2588 2049 2638 et

2149 533 2288 588 Νυνὶ
2314 535 2371 589 δὲ
2409 537 2492 602 είς
2521 537 2629 609 γῆν
2658 539 3057 614 ἀπελεύσομαι.
3098 561 3122 599 a

2221 645 2241 678 ι
2296 627 2514 703 Ἐπειδὴ
2539 631 2656 704 ειμι
2688 633 2918 707 ἀσεϐὴς,
2935 635 3026 692 διά
3045 638 3100 691 τί
3128 639 3231 693 οὐκ
3248 637 3551 709 ἀπέθανονς
3604 641 3721 696 Ἐάν

2147 734 2206 774 τε
2265 721 2664 798 ἀπολούσωμαι
2713 725 2873 798 χιόνι,
2921 729 3016 785 καὶ
3070 731 3512 807 ἀποκαθάρωμαι
3573 737 3721 806 χερσὶ

2155 813 2460 887 καθαραῖς,
2483 816 2686 884 ίκανῶς
2715 818 2782 891 με
2820 821 2881 874 ἑν
2903 821 3068 896 ῥύπῳ
3100 822 3332 895 ἔδαψας.
3375 824 3721 894 Ἐὁδελύξατΰ

2149 907 2275 980 μεή
2304 907 2462 981 στολή
2505 927 2636 981 μου.
2685 912 2762 966 Οὐ
2801 913 2912 985 γὰρ
2954 909 3006 969 εἴ
3035 913 3326 988 ἄνθρωπος
3366 917 3493 971 κατ’
3531 912 3720 989 ἑμὲ,ᾧ

2147 999 2680 1074 ἀνταποκρινοῠμαι,
2717 1003 2806 1059 ἶνα
2840 1004 3088 1078 ἔλθωμεν
3116 1007 3461 1081 ὁμοθυμαδὸν
3492 1009 3576 1074 είς
3601 1009 3720 1079 κρί-

2149 1104 2255 1148 σιν.
2294 1091 2420 1147 Εἴθε
2466 1087 2537 1166 ἦν
2562 1096 2592 1149 ὁ
2639 1097 2870 1169 μεσίτης
2895 1099 3075 1170 ἡμῶν.
3118 1100 3218 1155 καὶ
3265 1100 3581 1174 διελέγχων,
3624 1102 3719 1158 καὶ

2147 1182 2411 1240 διακούων
2439 1186 2717 1259 ἀναμέσον
2746 1190 3094 1266 ἀμφοτέρων.
3132 1213 3152 1245 ι

2227 1384 2246 1417 ι
2287 1366 2385 1420 Διά
2418 1366 2474 1422 τί
2511 1368 2737 1436 ἀσεόεἰς-
2775 1370 2934 1441 ζῶσι,
2985 1375 3398 1432 πεπαλαίωνται
3435 1376 3493 1431 δὶ
3541 1377 3636 1433 καὶ
3663 1379 3721 1435 ἐν

2153 1457 2401 1532 πλούτῳ;
2438 1460 2501 1516 '0
2529 1464 2731 1538 σπόρος
2753 1466 2934 1520 αὐτῶν
2962 1467 3082 1522 κατ’
3101 1467 3400 1542 ἐπιθυμίαν
3425 1471 3628 1543 ψυχῆς,
3653 1473 3719 1527 τὰ

2149 1553 2206 1608 δὲ
2227 1555 2392 1609 τέκνα
2422 1556 2604 1613 αὐτῶν
2635 1560 2691 1613 ὲν
2724 1559 3047 1632 ὀφθαλμοῖς.
3079 1563 3144 1617 Oi
3172 1558 3311 1618 οἶκοι
3339 1564 3525 1619 αὐτῶν
3559 1564 3720 1635 εὐθη-

2151 1645 2322 1713 νοῦσι,
2347 1649 2507 1720 φόϐος
2529 1650 2586 1705 δὲ
2616 1651 2853 1724 οὐδαμοῦ
2875 1670 2889 1684 ο
2918 1653 3120 1725 μάστιξ
3136 1655 3194 1709 δὲ
3217 1656 3371 1731 παρά
3392 1657 3723 1734 Κυρίουῢούκ

2152 1737 2299 1792 ἔστιν
2321 1739 2407 1794 ἐπ’
2435 1741 2501 1796 αύ
2513 1744 2638 1808 τοῖς.
2668 1743 2908 1798 Μένουσι
2929 1745 2989 1798 δὲ
3015 1744 3206 1817 ὥσπερ
3234 1746 3485 1820 πρόϐατα
3503 1748 3719 1813 αἰώνια,

2150 1833 2218 1887 τὰ
2254 1831 2309 1886 δὲ
2343 1835 2534 1889 παιδία
2563 1836 2743 1892 αὐτῶν
2778 1839 3231 1911 προσπαίζουσιν,
3264 1840 3720 1913 ἀναλαμϐάνοντα

2149 1925 2448 2001 ψαλτήριον
2471 1929 2567 1984 καὶ
2609 1929 2862 2004 κιθάραν.
2892 1933 3257 1990 Συνετέλεσαν
3287 1935 3347 1990 ὲν
3372 1934 3595 2006 ἀγαθοῖς
3619 1937 3713 1992 τὸν

2151 2020 2267 2090 βίον
2298 2022 2497 2085 αὐτῶν.
2537 2042 2557 2076 ι
3627 2097 3632 2101 δ

2226 2130 2246 2164 ι
2287 2113 2457 2168 Πόσαι
2485 2113 2626 2169 εἰσὶν
2669 2115 2725 2170 αί
2775 2114 3002 2187 ἀνομίαι
3046 2133 3174 2190 μου,
3228 2116 3323 2174 καλ
3364 2119 3422 2173 αί
3452 2117 3717 2192 ἁμαρτίαι

2153 2221 2276 2276 μου,
2309 2204 2522 2272 δίδαξον
2557 2223 2648 2278 με.
2677 2206 2776 2262 Διά
2807 2207 2862 2262 τί
2893 2210 2988 2263 ἀπ’
3019 2208 3153 2280 ἐμοῦ
3187 2208 3447 2284 κρύπτῃς
3486 2230 3506 2265 ι

2229 2317 2249 2351 ι
2288 2300 2438 2365 Ἕως
2465 2300 2634 2368 τίνος,
2684 2301 2878 2376 Κύριε,
2907 2303 3269 2376 κεκράξομαι,
3298 2305 3394 2360 καὶ
3419 2304 3480 2359 οὒ
3511 2305 3585 2377 μὴ
3609 2306 3725 2376 eice

2151 2391 2447 2461 ακούσεις;
2509 2393 2781 2466 βοήσομαι
2840 2395 2978 2466 πρὸς
3018 2397 3078 2451 σὲ
3103 2397 3484 2471 ἀδικούμενος,
3518 2403 3612 2455 καὶ
3656 2401 3722 2455 ού

2152 2483 2377 2554 σώσεις;
2407 2486 2474 2540 Τί
2506 2504 2598 2558 μοι
2632 2486 2842 2552 ἔδειξας
2891 2488 3095 2554 κόπους
3133 2490 3475 2558 ὲπιϐλέπειν;
3505 2491 3721 2559 ἐξεναν-

2148 2583 2268 2647 τίας
2301 2598 2403 2654 μου
2432 2581 2625 2652 γέγονε
2651 2580 2854 2654 κρίσις,
2887 2581 2979 2636 καὶ
3010 2583 3040 2636 δ
3071 2583 3264 2655 κριτὴς
3300 2584 3586 2657 λαμϐάνει.
3619 2586 3721 2642 Διά

463 2685 638 2760 judex
668 2683 889 2755 accipit.
937 2677 1166 2748 Propter
1196 2677 1300 2732 boc
1351 2674 1623 2746 dissipata
1657 2681 1742 2731 est
1771 2674 1881 2741 lex,
1914 2673 2048 2746 quia

2156 2673 2306 2729 τοῦτο
2333 2675 2712 2731 διεσκέδασται
2765 2676 2950 2748 νόμος,
3007 2678 3090 2732 ὅτι
3141 2677 3346 2748 ἀσεϐὴς
3407 2679 3713 2736 καταδυνα-

470 2777 676 2849 impius
708 2773 964 2848 praevalet
993 2771 1262 2830 adversus
1292 2769 1527 2841 justum.
1554 2765 1852 2839 Propterea
1881 2781 2046 2839 egre-

470 2869 651 2927 dictnr
677 2865 947 2938 judicium
973 2877 1319 2936 perversum.
1357 2879 1378 2916 ι

539 2960 706 3017 Zach.
737 2973 779 3023 ι,
829 2957 917 3014 12.
948 2986 1021 3000 ο·-
1053 2976 1074 3009 ι
1105 2954 1173 3010 Ει
1220 2951 1510 3025 respondit
1543 2952 1776 3024 angelus
1806 2949 2045 3021 Domini,

469 3065 524 3114 et
544 3054 718 3112 dixit:
751 3049 980 3106 Domine
1016 3047 1393 3118 omnipotens,
1425 3059 1715 3117 usquequo
1741 3058 1852 3100 non
1879 3045 2049 3100 mise-

2149 2766 2330 2823 στεύει
2361 2767 2454 2823 τὸν
2487 2767 2715 2824 δίκαιον.
2752 2769 2980 2825 Ἕνεκεν
3030 2768 3224 2825 τούτου
3258 2769 3601 2839 ἐξελεύσεται
3649 2774 3715 2831 τὸ

2147 2864 2322 2936 κρῖμα
2351 2863 2805 2936 διεοτραμμένον.
2847 2883 2868 2918 ο
3459 2881 3461 2883 ·

2225 2970 2244 3004 ι
2295 2951 2596 3026 ’Δπεκρίθη
2651 2954 2884 3024 ἄγγελος
2921 2955 3156 3028 Κυρίου,
3197 2955 3295 3014 καὶ
3343 2953 3506 3014 εἷπε·
3551 2958 3724 3033 Κύριε

2149 3045 2570 3117 παντοκράτωρ,
2603 3045 2707 3112 ἕως
2738 3047 2886 3112 τίνος
2932 3049 2995 3102 οὐ
3029 3048 3106 3123 μὴ
3136 3047 3372 3122 ὶλεήσῃς
3389 3050 3488 3124 τὴν
3523 3052 3723 3123 ἰερουο

472 3149 683 3207 reberis
697 3143 1008 3202 Jerusalem
1034 3150 1091 3199 et
1118 3141 1340 3197 urbium
1361 3138 1530 3206 Juda,
1555 3153 1694 3211 quas
1714 3136 2050 3209 despexisti?

2156 3135 2358 3210 σαλὴμ,
2395 3138 2493 3193 καὶ
2524 3137 2622 3203 τὰς
2651 3139 2837 3206 πόλεις
2875 3141 3072 3212 Ἰούδα,
3099 3141 3169 3210 ἃς
3199 3142 3481 3217 ὑπερεῖδες
3505 3161 3524 3212 ;
3554 3143 3727 3201 Τοῦτο

470 3243 581 3300 late
614 3249 699 3298 est
719 3237 1169 3320 septuagesimus
1197 3247 1400 3290 annus.
1441 3251 1463 3286 ι

537 3333 737 3389 larem.
764 3323 863 3397 xu,
902 3330 954 3385 l.
982 3356 1054 3370 -—
1095 3345 1115 3379 ι
1156 3325 1344 3383 Justus
1369 3341 1454 3393 es,
1481 3321 1734 3390 Domine,
1775 3323 1905 3395 quia
1959 3337 2050 3378 sa-

473 3428 752 3486 tisfaciam
786 3424 887 3483 tibi
911 3443 930 3482 :
958 3429 1341 3479 verumtamen
1370 3418 1584 3492 judicia
1627 3419 1828 3490 loquar
1866 3418 1932 3478 ad
1975 3426 2050 3473 te.

474 3528 617 3597 Quid
662 3533 747 3583 est
788 3522 936 3597 quod
972 3521 1062 3577 via
1095 3517 1395 3603 impiorum
1457 3515 1860 3591 prosperatur?
1915 3515 2058 3572 bene

475 3629 560 3677 est
587 3616 851 3675 omnibus
875 3612 973 3687 qui
999 3606 1480 3684 praevaricantur?
1507 3623 1528 3660 ι

477 3713 613 3792 TiT.
647 3729 712 3789 Ἴ.
744 3761 813 3773 --
843 3727 918 3784 De
946 3726 1013 3782 iis
1050 3723 1146 3798 qui
1177 3721 1273 3780 Dei
1300 3722 1534 3779 seruiunt
1567 3734 1586 3774 :
1619 3716 1840 3801 etquod
1873 3723 2042 3801 Itone.

546 3789 672 3860 rere
693 3818 782 3860 eos
811 3789 1076 3872 oporteat,
1100 3803 1153 3852 et
1182 3809 1303 3868 qua
1340 3808 1470 3864 opus
1503 3800 1630 3848 sunt
1673 3789 1804 3860 ipsi:
1841 3789 2048 3844 submi-

548 3878 802 3932 uistrare.

552 3993 731 4065 “leg.
783 4007 861 4058 Ix,
902 3991 957 4045 7.
983 4017 1059 4030 —
1085 4005 1104 4040 ι
1145 3983 1294 4042 Dixit
1339 3981 1474 4041 Sani
1520 3995 1694 4054 puero
1726 3995 1828 4037 suo
1865 3998 1879 4036 :
1916 3976 2060 4047 Quid

483 4088 831 4161 portabimus
866 4079 1082 4137 homini
1137 4076 1274 4133 Dei!
1324 4075 1536 4132 defecit
1575 4075 1750 4156 panis
1803 4073 1860 4128 in
1913 4071 2063 4127 vasis

482 4178 711 4236 nostris.
738 4177 801 4229 Et
828 4173 965 4229 dixit
990 4185 1130 4243 puer
1156 4185 1175 4226 :
1199 4167 1341 4226 Ecce
1360 4167 1418 4222 in
1450 4181 1616 4222 manu
1651 4181 1776 4221 mea
1806 4171 2063 4234 quartam

481 4281 696 4345 partem
720 4268 842 4327 sicli
874 4264 1143 4339 argentei,
1173 4273 1232 4320 et
1255 4261 1418 4319 dabis
1451 4259 1664 4317 homini
1704 4257 1822 4315 Dei.
1866 4276 1886 4311 ι

558 4451 656 4508 HI
691 4450 816 4522 Reg.
849 4464 960 4514 xiv,
1020 4446 1127 4501 imo
1175 4458 1290 4510 xu,
1338 4439 1479 4512 apud
1523 4437 1698 4495 LXX.
1743 4469 1814 4480 -—-
1865 4455 1886 4489 ‹
1923 4436 2069 4493 Dixit

2152 3227 2551 3300 ἑδδομηκοστδν
2582 3230 2719 3297 ἔτος.
2758 3250 2780 3285 ι

2141 3381 2143 3384 ς
2228 3340 2249 3374 ι
2279 3289 2508 3387 ’Δίκαιος
2532 3317 2604 3389 cl,
2634 3289 2833 3395 Κύριε,
2864 3324 2947 3380 ὅτι
2993 3325 3411 3400 ἀπολογήσομαι
3452 3289 3591 3403 πρὸς
3618 3330 3681 3384 σέ
3707 3346 3726 3365 ·

2154 3415 2295 3489 πλὴν
2321 3416 2570 3489 κρίματα
2595 3416 2817 3490 λαλήσω
2845 3417 2981 3490 πρὸς
3015 3417 3079 3478 σέ
3103 3435 3116 3450 ⁸
3165 3419 3218 3475 τί
3243 3421 3326 3497 δτι
3362 3421 3481 3489 ὸδδς
3514 3422 3728 3478 ἀσεϐῶν

2155 3505 2434 3562 εὐοδοῦταί
2459 3524 2477 3574 ;
2504 3507 2812 3582 εὐθήνησαν
2835 3507 2890 3564 δὲ
2917 3509 3119 3577 πάντες
3141 3510 3192 3565 oi
3215 3511 3570 3585 ἀθετοῦντεςς
3596 3532 3616 3569 ι

2158 3711 2342 3786 ΤΙῘΛ.
2385 3712 2462 3786 E'_.
2501 3744 2571 3756 —-
2593 3715 2750 3783 ,Περὶ
2789 3716 2908 3786 τῶκ
2949 3715 3367 3774 doujatime
3419 3718 3542 3786 Θεῷ
3563 3737 3580 3753 ο
3629 3722 3732 3776 καί

2491 3782 2744 3853 τούτους
2769 3783 2966 3858 τιμᾷν,
2991 3790 3087 3843 καί
3117 3789 3190 3843 τὰ
3211 3789 3362 3859 πρὸς
3387 3782 3736 3864 τῆν’χρείαν

2229 3872 2454 3925 regem.

2238 3985 2258 4020 ι
2301 3963 2466 4024 Εῐπεν
2498 3971 2526 4022 δ
2561 3971 2735 4025 Σαοὺλ
2763 3971 2841 4044 τῷ
2870 3972 3142 4048 παιδαρίῳ
3181 3973 3385 4030 αὐτοῦ’
3425 3976 3493 4032 Τί
3514 3976 3735 4049 οίσομεν

2163 4060 2241 4135 τῷ
2279 4061 2554 4136 ἀνθρώπῳ
2581 4063 2676 4118 τοῦ
2701 4063 2865 4132 Θεοῦ;
2892 4067 2973 4121 ὅτι
3004 4067 3056 4121 ei
3084 4068 3242 4140 ἄρτοι
3268 4069 3647 4125 ἐκλελοίπασιν
3665 4073 3736 4125 ὲκ

2166 4154 2274 4208 τῶν
2308 4154 2546 4225 ἀγγείων
2577 4156 2755 4228 ἡμῶν.
2787 4159 2898 4214 Καὶ
2920 4154 3044 4214 εῐπε
3068 4161 3130 4215 τὸ
3155 4160 3480 4233 παιδάριον⁴
3523 4163 3652 4218 Ἰδοὺ
3673 4164 3739 4217 ἐν

2165 4250 2232 4319 τῇ
2264 4247 2406 4320 χειρί
2441 4265 2542 4320 μου
2565 4250 2828 4323 τέταρτον
2863 4251 3048 4306 σίκλου
3091 4253 3388 4326 ἀργυρίου.
3424 4253 3519 4311 καὶ
3547 4255 3740 4320 δώσεις

2172 4337 2246 4408 τῷ
2274 4337 2545 4412 ἀνθρώπῳ
2577 4339 2668 4393 τοῦ
2702 4339 2864 4396 Θεοῦ.
2903 4360 2924 4396 a

2245 4447 2266 4482 ι
2299 4425 2470 4484 Εἶπεν
2506 4431 2791 4504 Ἰεροὸοάμ
2820 4431 2959 4505 πρδς
2980 4432 3084 4507 τὴν·
3103 4430 3336 4503 γυναῖκα
3356 4435 3521 4493 αύτοῦ
3544 4454 3559 4467 ·
3586 4439 3746 4493 ’Δνάσ

484 4549 774 4606 Jeroboam
825 4543 893 4600 ad
945 4555 1171 4597 uxorem
1213 4552 1366 4595 suam
1412 4533 1661 4606 :Surge,
1709 4544 1765 4589 et
1813 4547 1969 4589 sume
2008 4532 2054 4585 in

2171 4521 2350 4592 στηθι,
2383 4523 2478 4576 καὶ
2507 4523 2642 4576 λάϐε
2677 4525 2758 4588 εἰς
2785 4526 2886 4595 τὴν
2920 4525 3081 4596 χεῖρά
3105 4543 3199 4580 σου
3235 4526 3319 4601 τῷ
3342 4528 3619 4602 ἀνθρώπῳ
3639 4531 3738 4585 τοῦ

488 4661 651 4702 manu
687 4651 782 4698 tua
809 4637 1019 4697 homini
1050 4635 1145 4691 Dei
1175 4648 1369 4706 panes,
1409 4639 1464 4688 et
1504 4629 1766 4694 tortulas,
1795 4637 1850 4684 et
1881 4642 2063 4694 uvam,

485 4749 540 4795 et
572 4737 699 4793 mel.
732 4754 751 4790 ι
1313 4738 1318 4740 ⁷

562 4826 657 4884 ΙΙΙ
699 4825 826 4897 Reg.
875 4839 1031 4887 xvm,
1067 4823 1217 4879 4.-
1258 4836 1278 4871 ‹
1315 4815 1544 4889 Accepit
1603 4813 1810 4871 Abdias
1839 4820 2064 4868 centum
2112 4889 2118 4896 ι

489 4923 639 4978 viros
667 4919 982 4991 pr0plietas,
1024 4913 1318 4971 abscondit
1354 4925 1450 4968 eos
1495 4924 1599 4982 per
1643 4907 2068 4979 quinquagenos

487 5017 542 5070 in
584 5012 883 5083 speluncis,
919 5015 976 5063 et
1006 5005 1192 5062 alebat
1225 5017 1347 5060 eos.
1385 5022 1404 5056 ι

563 5107 646 5162 ιγ
690 5103 816 5174 Reg.
868 5119 921 5159 tv
953 5139 971 5168 ,
1022 5100 1115 5156 10.
1152 5128 1222 5142 -—
1261 5114 1282 5151 ι
1323 5096 1471 5152 Dixit
1530 5094 1726 5152 mulier
1769 5093 1836 5150 ad
1890 5093 2067 5148 virum

493 5214 692 5257 suum:
729 5197 868 5252 Ecce
895 5191 1096 5249 transit
1123 5190 1192 5245 ad
1241 5203 1343 5245 nos
1378 5187 1544 5243 homo
1587 5186 1682 5242 Dei
1725 5202 1739 5240 :
1791 5181 2064 5239 faciamus

493 5294 572 5348 illi
596 5289 967 5353 ctenaculum,
990 5293 1044 5341 et
1078 5298 1352 5357 ponamus
1381 5279 1437 5337 in
1466 5295 1534 5338 eo
1556 5280 1782 5345 lectum,
1823 5285 1879 5333 et
1913 5291 2069 5330 men-

494 5402 630 5450 sam,
668 5393 721 5440 et
747 5379 1159 5438 candelabrum.
1197 5396 1217 5432 ι

563 5479 728 5533 Prov.
763 5491 838 5543 xl,
869 5471 1050 5529 28.—-
1093 5489 1111 5524 ι
1150 5469 1255 5538 Qui
1288 5468 1513 5541 adjuvat
1552 5467 1790 5537 justum,
1825 5463 1915 5521 hic
1950 5477 2069 5532 ger-

494 5571 750 5629 minabit.
782 5587 802 5621 ι

563 5664 721 5721 Prov.
747 5657 983 5728 sxv,26.
1007 5689 1074 5704 --
1098 5675 1116 5711 ι
1144 5653 1311 5713 Velut
1338 5653 1383 5712 si
1401 5652 1526 5725 quis
1550 5652 1758 5707 fontem
1786 5649 2063 5711 obstruat,

492 5770 547 5818 et
580 5758 787 5814 exitum
818 5749 977 5826 aqua:
1004 5749 1318 5816 labefactet,
1348 5749 1427 5806 sic
1462 5744 1732 5804 indecens
1763 5749 1850 5800 est
1870 5739 2068 5799 cadere

494 5869 679 5911 coram
711 5848 900 5919 impio.
939 5865 957 5899 ι

2168 4613 2306 4669 Θεοῦ
2340 4614 2542 4687 ἀρτους
2568 4616 2662 4669 καὶ
2697 4615 3017 4689 κολλυρίδας
3042 4619 3155 4683 τοίς
3181 4619 3398 4684 τέκνοις
3420 4619 3615 4690 αὐτοῦ,
3645 4623 3742 4674 καί⁵

2170 4706 2464 4779 σταφυλὴν,
2491 4708 2586 4762 καὶ
2620 4708 2762 4778 μέλι.
2792 4727 2812 4763 ›

2245 4817 2264 4851 ι
2302 4799 2536 4854 ’Ἔλαϐεν
2574 4801 2787 4856 Ἀὄδιοὺ
2827 4801 3024 4858 ἕκαστον
3055 4804 3258 4878 ἀνδρας
3300 4808 3608 4880 προφήτας,
3648 4809 3743 4862 καὶ

2169 4891 2407 4965 ἔκρυψεν
2443 4893 2637 4956 αὐτοὺς
2667 4891 2775 4946 ἀνά
2799 4896 3140 4967 πεντήκοντα
3181 4900 3242 4954 ὲν
3293 4899 3602 4970 σπηλαίοις,
3647 4901 3745 4953 καὶ

2170 4984 2392 5058 ἔτρεφεν
2425 4985 2638 5050 αὐτούς.
2673 5005 2693 5038 ι

2246 5095 2264 5129 ι
2300 5075 2468 5131 Εἶπεν
2494 5081 2527 5150 ἡ
2556 5079 2697 5150 γυνὴ
2734 5080 2871 5153 πρὸς
2903 5081 2995 5136 τὸν
3022 5082 3190 5154 ἄνδρα
3221 5083 3428 5155 αὐτῆς
3472 5085 3602 5139 Ἰδοὺ
3629 5085 3743 5140 δια·

2170 5170 2463 5242 πορεύεται
2488 5172 2571 5242 ἐφ’
2601 5174 2751 5244 ἡμᾶς
2781 5174 3066 5248 ἄνθρωπος
3099 5175 3191 5230 τοῦ
3221 5176 3358 5232 Θεοῦ
3384 5194 3399 5210 ο
3427 5181 3740 5251 ποιήσωμεν

2170 5264 2318 5336 αὑτῷ
2368 5267 2637 5337 ὑπερῷον,
2675 5269 2772 5321 καὶ
2808 5269 2994 5340 θῶμεν
3023 5270 3174 5342 αὐτῷ
3223 5273 3340 5326 ἐκεί
3380 5269 3588 5344 κλίνην,
3649 5273 3740 5325 καὶ

2169 5358 2468 5431 τράπεζαν,
2499 5361 2594 5415 καὶ
2624 5361 2863 5433 λυχνίαν.
2900 5381 2919 5415 ι

2245 5473 2265 5506 ι
2321 5454 2878 5528 ’Δντιλαμόανόμενος
2912 5456 3149 5529 δικαίου,
3196 5449 3354 5525 οὗτος
3405 5459 3670 5514 ἀνατελεῖ.
3716 5478 3733 5511 ι

2247 5659 2268 5692 ι
2319 5638 2408 5704 Ὦς
2437 5637 2491 5693 εί
2515 5656 2599 5704 τις
2639 5639 2823 5712 πηγὴν
2851 5638 3104 5710 φράσσοι,
3162 5640 3258 5694 καὶ
3288 5639 3483 5705 ὕδατος
3513 5639 3736 5705 διέξοδον

2134 5733 2508 5805 ¹λυμαίνοιτο,
2550 5732 2728 5797 οὓτως
2793 5734 3038 5808 ἄκοσμον
3098 5733 3312 5792 δίκαιον
3392 5735 3736 5790 πεπτωκέναι

2171 5826 2406 5884 ἐνώπιον
2435 5825 2689 5892 ἀσεϐοῦς.
2733 5847 2752 5880 ι
