4010 6302
540 395 675 464 1367

1709 398 1770 461 s.
1809 367 2130 462 JOANNIS
2189 397 2616 460 DAMASCENI

3656 396 3781 463 1368

537 507 688 568 tione
717 518 1029 577 asseverat,
1061 510 1118 566 in
1147 526 1360 568 snnnna
1386 527 1445 568 se
1472 528 1700 584 prorsus
1733 515 1962 585 penuria
1993 530 2106 572 ver.

2219 511 2501 585 αρὼμενος
2525 510 2727 584 ἐαυτῷ,
2759 511 2794 584 ἢ
2826 512 2933 584 μὴν
2955 512 3181 584 ἀπορεῖν
3202 513 3508 582 παντελῶς,
3524 516 3619 570 καὶ
3639 533 3783 586 περι-

534 603 645 657 seri
671 642 686 669 ,
718 611 882 674 atque
914 603 1079 659 etiam
1111 603 1581 676 circumspicere,
1619 622 1749 662 num
1784 623 1814 664 a
1847 623 1957 679 quo
1991 609 2113 680 ipse

537 705 734 751 mutuo
769 697 1037 769 accipiat,
1080 699 1328 754 nancisci
1378 701 1587 770 possit,
1638 716 1704 756 ac
1739 699 2112 772 jurejurando

533 787 883 842 mendacium
935 789 1257 854 conﬁrmat.
1311 792 1516 848 malum
1569 793 1920 851 crudelitatis
1962 810 2113 865 qua:-

533 890 680 933 stum
710 896 741 933 a
776 879 1020 952 periurio
1052 881 1157 937 sibi
1190 883 1475 954 colligens.
1509 884 1578 940 At
1616 895 1906 958 postquam
1937 887 1985 942 is
2015 887 2110 958 qui

531 971 785 1029 inutuum
819 977 1034 1046 poscit,
1068 975 1276 1034 fenoris
1313 978 1559 1034 meminit
1582 1018 1597 1044 ,
1630 987 1685 1036 et
1732 981 1960 1053 pignora
2005 995 2110 1037 no-

536 1065 803 1130 minavit,
838 1073 955 1122 tum
993 1069 1226 1126 remisso
1261 1071 1562 1142 supercilio
1606 1073 1852 1138 arridet,
1903 1088 1968 1130 ac
2016 1089 2111 1146 pa-

534 1168 746 1214 ternam
777 1159 1035 1219 fortassis
1065 1162 1364 1219 amicitiam
1391 1178 1872 1234 commemorans,
1901 1182 2026 1223 eum
2056 1178 2114 1225 et

535 1251 864 1310 familiarem
913 1264 971 1310 et
1004 1255 1243 1311 amicum
1286 1256 1547 1328 appellat.
1585 1257 1857 1315 (laterum
1899 1258 2107 1316 videbi-

534 1359 688 1410 mus,
721 1345 938 1417 inquit,
967 1363 1100 1404 num
1143 1349 1279 1420 quid
1320 1351 1484 1408 nobis
1521 1351 1822 1409 reconditae
1864 1352 2112 1424 pecuniae

532 1436 626 1492 sit.
659 1435 755 1494 Est
785 1453 952 1508 penes
987 1455 1074 1497 me
1103 1441 1353 1512 deposita
1386 1443 1454 1499 ab
1485 1446 1673 1500 amico
1700 1443 1942 1515 quodam
1967 1484 1984 1513 ,
2014 1447 2108 1516 qui

531 1543 652 1584 eam
683 1531 815 1585 mihi
845 1542 1095 1602 quaestus
1125 1548 1295 1590 causa
1327 1535 1758 1594 commendavit.
1782 1535 1987 1594 Verum
2018 1538 2112 1595 ille

529 1624 752 1693 quidem
787 1626 918 1682 mihi
949 1643 1149 1698 graves
1177 1643 1379 1685 usuras
1414 1631 1756 1702 praescripsit
1783 1652 1797 1688 :
1840 1648 1944 1690 nos
1977 1647 2111 1690 vero

529 1717 760 1774 onmino
789 1720 998 1790 aliquid
1034 1722 1386 1781 remittemus
1408 1764 1424 1789 ,
1457 1738 1521 1781 ac
1553 1725 1757 1781 minori
1792 1726 1980 1782 fenore
2009 1725 2111 1781 da-

528 1811 637 1864 turi
691 1826 906 1868 snmus.
957 1811 1083 1869 Haec
1136 1813 1228 1869 ille
1274 1816 1580 1884 simulans,
1611 1825 1777 1888 atque
1829 1817 2109 1890 ejusmodi

528 1919 788 1960 sermone
819 1904 1082 1961 miserum
1132 1907 1495 1975 demulceus,
1543 1917 1599 1965 et
1648 1909 1934 1977 inescans,
1983 1925 2114 1983 syn-

525 1992 752 2065 graphis
777 1995 956 2065 ipsum
987 1998 1356 2068 constringit,
1384 2007 1438 2054 et
1465 2007 1660 2072 praeter
1681 2007 1982 2071 egestatem
2005 2015 2110 2071 qua

526 2087 620 2144 ille
650 2089 1031 2158 premebatur,
1059 2098 1246 2162 erepta
1275 2107 1491 2164 quoque
1523 2093 1574 2148 ei
1607 2092 1901 2162 libertate,
1933 2093 2111 2151 disce-

525 2177 627 2233 dit.
653 2177 790 2235 Nam
819 2181 910 2251 qui
947 2181 1236 2240 fenoribns
1261 2199 1383 2255 qua:
1415 2183 1732 2255 persolvere
1763 2198 1872 2241 non
1901 2185 2109 2255 possit,

527 2285 651 2328 sese
679 2272 957 2342 devinxit,
990 2286 1312 2349 perpetuam
1338 2279 1663 2336 servitutem
1691 2287 1890 2351 sponte
1917 2279 2107 2339 subiit.

527 2362 698 2433 lleus,
727 2374 786 2422 tu
829 2382 962 2439 opes
1010 2377 1066 2425 et
1102 2380 1408 2440 proventus
1445 2371 1647 2442 quaeris
1692 2372 1764 2428 ab
1809 2372 2022 2444 inope?
2049 2371 2109 2429 Si

527 2457 746 2516 divitias
778 2467 903 2516 tuas
934 2470 1153 2532 poterat
1180 2479 1421 2537 augere,
1452 2465 1586 2535 quid
1612 2466 1837 2524 tandem
1863 2466 1932 2522 ad
1964 2467 2111 2524 fores

526 2557 652 2605 tuas
683 2551 1009 2621 quaerebat?
1031 2551 1135 2620 Qui
1174 2553 1367 2613 auxilii
1399 2554 1761 2613 nanciscendi
1802 2569 1973 2612 causa
2014 2571 2110 2613 ve-

527 2650 718 2707 nerat,
752 2642 968 2700 hostem
1004 2645 1256 2702 invenit:
1290 2647 1383 2717 qui
1415 2647 1661 2704 remedia
1695 2648 2014 2721 qurerebat,
2051 2647 2109 2705 in

525 2735 768 2791 toxicum
802 2736 1030 2796 incidit.
1064 2737 1176 2797 Pro
1202 2756 1268 2796 eo
1309 2749 1476 2813 atque
1515 2748 1817 2814 egestatem
1847 2741 2012 2815 532
2043 2743 2110 2798 il-

527 2828 632 2884 lius
665 2830 961 2900 Oportebat
984 2831 1313 2901 sublevare,
1344 2842 1405 2889 tu
1431 2843 1626 2891 contra
1659 2833 1897 2905 inopiam
1932 2833 2106 2906 ipsius

524 2922 885 2994 conduplicas
917 2941 931 2982 :
966 2923 1019 2981 id
1051 2924 1315 2982 nimirum
1350 2941 1558 2997 agens,
1592 2938 1647 2983 ul
1685 2944 1753 2985 ex
1785 2943 1852 2983 eo
1881 2928 1975 3000 qui
2019 2927 2105 2982 l'a-

524 3011 822 3072 cultatibus
869 3015 1128 3073 omnibus
1179 3015 1518 3086 destituitur,
1569 3019 1922 3077 commodum
1973 3019 2106 3092 quid

523 3107 808 3176 decerpas.

2214 605 2442 660 σκοπεῖν
2483 603 2579 659 καὶ
2604 602 2790 670 αὐτὸς,
2834 605 2888 658 εί
2928 621 3052 659 τινα
3080 601 3220 677 εὒρῃ
3267 603 3376 659 τῶν
3419 605 3777 670 δανειζόντων.

2212 696 2308 750 καὶ
2363 695 2733 769 πιστούμενος
2765 694 2826 750 τὸ
2863 694 3062 766 ψεῦδος
3107 695 3199 750 διὰ
3247 695 3358 751 τῶν
3390 696 3589 769 ὅρκων,
3621 701 3781 752 κακὸν

2211 789 2671 861 παρεμπόρευμα
2728 785 2832 858 τῆς
2893 787 3296 859 ἀπανθρωπίας
3353 789 3454 860 τὴν
3506 790 3783 860 ἐπιορκίαν

2211 883 2662 958 προσκτώμενος.
2703 884 2960 940 Ἐπειδὰν
3018 886 3076 938 δὲ
3130 887 3160 939 ό
3212 885 3394 957 ζητῶν
3443 884 3506 940 τδ
3559 884 3782 952 δάνειον,

2209 977 2392 1032 τόκων
2431 977 2676 1051 μνησθῇ,
2705 977 2802 1032 καὶ
2833 976 3118 1050 ὑποθήκας
3142 977 3408 1050 ὀνομάσῃ,
3448 977 3573 1032 τότε
3624 995 3785 1033 κατα-

2211 1071 2398 1126 ϐαλὼν
2427 1070 2528 1142 τὴν
2555 1070 2730 1144 ὀφρὺν
2770 1070 3227 1144 προσεμειδίασε,
3266 1071 3360 1129 καί
3392 1088 3498 1126 που
3542 1073 3639 1128 καὶ
3686 1089 3787 1126 πα-

2209 1162 2394 1238 τρῴας
2424 1162 2608 1234 φιλίας
2631 1162 2909 1236 ἐμνήσθη,
2941 1161 3038 1219 καὶ
3066 1162 3273 1234 συνήθη
3299 1157 3421 1216 εἷπε
3471 1163 3566 1217 καὶ
3606 1161 3783 1232 φίλον.

2212 1258 2323 1311 Καὶ
2353 1255 2625 1328 ὀψόμεθα,
2644 1256 2801 1327 φησὶ,
2817 1255 2873 1310 εἴ
2889 1253 2990 1309 πού
3018 1254 3075 1310 τί
3095 1257 3245 1332 ἐστιν
3264 1258 3398 1326 ἡμῖν
3425 1255 3784 1328 ἀποκείμενον

2211 1345 2498 1418 ἀργύριον.
2533 1343 2694 1400 Ἐστι
2723 1345 2782 1399 δὲ
2824 1343 3272 1417 παρακαταθήκη
3296 1345 3453 1415 φίλου
3481 1345 3674 1417 ἀνδρὸς
3700 1347 3783 1400 ἐπ’

2211 1438 2448 1511 ἐργασίᾳ
2480 1437 2871 1512 παραθεμένου
2901 1440 3064 1508 ἡμῖν·
3096 1437 3212 1493 ἀλλ’
3234 1439 3442 1502 ἐκεῖνος
3473 1439 3573 1510 μὲν
3603 1439 3786 1511 βαρεῖς

2213 1532 2302 1585 ἐπ’
2328 1529 2626 1604 αύτῷ-τοὺς
2660 1531 2853 1595 τόκους
2887 1530 3112 1602 ὥρισεν,
3154 1532 3316 1603 ἡμεῖς
3343 1532 3402 1586 δὲ
3431 1532 3647 1596 πάντως
3686 1534 3785 1587 ἐπ-

2211 1626 2488 1698 ανήσομέν
2519 1643 2595 1690 τι,
2623 1624 2717 1680 καὶ
2753 1626 3125 1680 ὲπελάττωσιν
3161 1629 3272 1691 τοῖς
3301 1627 3484 1690 τόκοις
3519 1624 3785 1694 δώσομεν.

2215 1719 2452 1773 Τοιαῦτα
2496 1718 3142 1790 κατασχηματιζόμενος,
3171 1718 3267 1772 καὶ
3308 1716 3573 1782 τοιούτοις
3612 1717 3789 1787 λόγοις

2216 1807 2836 1878 ύποφαίνων,δελεάζων
2861 1809 2952 1865 τὸν
2975 1809 3178 1877 ἄθλιον,
3195 1807 3598 1881 γραμματείοις
3624 1809 3789 1865 αὑτὸν

2218 1902 2664 1973 προκαταδήσας,
2700 1904 2792 1957 καὶ
2824 1903 2961 1975 πρὸς
2983 1906 3049 1975 τῇ
3084 1901 3470 1973 καταπονούσῃ
3500 1901 3683 1972 πενίᾳ,
3709 1902 3790 1956 ἔτι

2215 1994 2310 2047 καὶ
2363 1991 2463 2064 τήν
2529 1992 2847 2064 ἐλευθερίαν
2903 1991 2999 2046 τοῦ
3055 1993 3248 2064 ἀνδρὸς
3313 1990 3790 2064 προσαφελόμενος

2211 2085 2407 2157 ᾤχετο.
2436 2087 2496 2141 '0
2523 2085 2631 2158 γὰρ
2655 2086 2836 2151 τόκοις
2858 2086 3053 2141 ἑαυτὸν
3084 2085 3387 2140 ὑπεύθυνον
3413 2085 3788 2156 καταστήσας,

2214 2174 2290 2234 ὧν
2319 2179 2418 2252 τὴν
2447 2178 2660 2235 ἔκτισιν
2685 2180 2786 2234 οὐκ
2817 2177 3140 2249 ὑφίσταται,
3175 2177 3420 2233 δουλείαν
3465 2177 3789 2250 αὐθαίρετον

2212 2272 2545 2337 κατεδέξατο
2563 2272 2651 2327 διὰ
2682 2271 2820 2344 βίου.
2845 2272 3142 2344 Χρήματα,
3167 2269 3290 2324 είπὲ
3321 2288 3435 2342 μοι,
3467 2271 3562 2323 καὶ
3587 2271 3792 2340 πόρους

2211 2364 2501 2436 ἐπιζητεῖς
2529 2363 2687 2437 παρὰ
2712 2364 2809 2419 τοῦ
2834 2363 3066 2437 ἀπόρου,
3098 2365 3195 2418 καὶ
3223 2365 3272 2418 εί
3302 2361 3704 2434 πλουσιώτερόν
3732 2380 3790 2416 σε

2210 2459 2540 2530 ἀποφαίνειν
2576 2457 2833 2531 ήδύνατο,
2862 2460 2917 2513 τί
2957 2459 3142 2532 ἐζήτει
3173 2458 3329 2531 παρά
3360 2457 3461 2522 τὰς
3485 2455 3657 2530 θύρας
3691 2457 3789 2520 τὰς

2211 2554 2312 2617 ad;
2337 2571 2352 2620 ;
2398 2553 2520 2608 Ἐπὶ
2547 2554 2866 2626 συμμαχίαν
2893 2551 3083 2622 ἐλθὼν,
3114 2553 3355 2624 πόλεμον
3387 2545 3566 2624 εὗρεν,
3605 2551 3790 2619 ἀλεξι-

2211 2645 2478 2717 φάρμακα
2508 2645 2801 2718 ἐπιζητῶν,
2834 2645 3186 2718 δηλητηρίοις
3217 2644 3473 2717 ἐνέτυχεν
3492 2660 3509 2675 ⁸
3538 2645 3656 2699 δέον
3685 2660 3791 2700 πα-

2209 2734 2579 2806 ραμυθεῖσθαι
2616 2735 2710 2790 το]
2753 2736 2950 2807 ἀνδρὸς
2979 2735 3080 2808 τήν
3124 2737 3394 2810 πτωχίαν,
3428 2739 3493 2793 συ
3533 2736 3590 2792 δέ
3623 2737 3791 2792 πολυ-

2209 2825 2550 2895 πλασιάζεις,
2596 2828 2698 2901 τὴν
2747 2826 2958 2884 ἔνδειαν
3010 2828 3426 2902 ὲκκαρποῦσθαι
3476 2829 3790 2900 ζητῶντδν

2208 2921 2416 2993 ἔρημον
2436 2938 2454 2988 ς

601 3197 740 3254 Ibid.
764 3231 832 3244 --
853 3197 1022 3273 Origo
1045 3200 1319 3258 mendacii
1347 3208 1431 3260 est
1453 3201 1695 3259 fenerari
1713 3245 1730 3273 ,
1757 3204 1960 3275 ingrati
1993 3205 2106 3262 ani?

2279 3195 2525 3261 Ψεύδους
2549 3196 2693 3269 ἀρχὴ
2714 3195 2775 3251 τὸ
2792 3194 3163 3266 δανείσασθαι,
3189 3197 3516 3269 ἀχαριστίας
3539 3197 3786 3271 ἀφορμὴ·

525 3293 634 3360 mi,
683 3291 924 3363 perﬁdiae
971 3302 1028 3350 et
1073 3293 1306 3366 periurii
1355 3308 1552 3352 causa.
1601 3293 1725 3353 Non
1779 3295 1858 3352 illi
1915 3305 2110 3355 noctes

521 3386 762 3457 quietem
798 3385 984 3444 l‘crunt
1009 3408 1027 3451 ,
1059 3401 1168 3443 non
1196 3401 1428 3444 serenus
1457 3387 1578 3444 dies
1607 3395 1693 3444 est
1713 3429 1731 3455 ,
1766 3404 1873 3444 non
1902 3388 1985 3446 sol
2014 3389 2107 3460 ju-

524 3480 741 3535 cundus
760 3518 776 3544 ,
810 3479 908 3536 sed
931 3493 1056 3536 eum
1085 3479 1214 3537 vitae
1239 3492 1355 3538 suae
1382 3478 1721 3538 taedet..Dies
1750 3477 1900 3548 odit,
1928 3482 2108 3551 utqui

525 3571 591 3629 ad
623 3568 989 3644 praestitutum
1018 3571 1163 3630 diem
1191 3581 1492 3645 properant
1522 3589 1551 3641 ;
1569 3587 1790 3631 menses
1811 3611 1828 3639 ,
1856 3584 1917 3630 ut
1952 3573 2108 3631 feno-

525 3678 645 3719 rum
681 3671 943 3737 parentes
973 3665 1368 3737 perhorrescit.
1396 3664 1549 3735 Quod
1578 3665 1624 3721 si
1653 3664 1896 3734 dormit,
1928 3667 2108 3724 credi-

523 3762 700 3815 torem
730 3757 789 3814 in
823 3758 1041 3816 somnis
1062 3759 1280 3825 cernit,
1316 3758 1652 3814 insomnium
1702 3756 1908 3814 malum
1939 3757 2104 3829 capiti

518 3865 627 3908 suo
657 3851 976 3908 imminens.
1007 3849 1065 3906 Si
1091 3850 1318 3922 vigilet,
1345 3849 1612 3923 cogitatio
1641 3850 1767 3919 ejus
1801 3861 1854 3908 et
1882 3865 2017 3908 cura
2048 3850 2104 3906 in

525 3945 716 4001 fenore
776 3944 943 4000 inlisa
992 3952 1097 4000 est.
1153 3943 1428 4002 Credilore
1491 3952 1544 4001 et
1596 3943 1870 4011 debitore,
1927 3945 2106 4018 inquit

523 4036 818 4107 Scriptura
840 4075 857 4101 ,
899 4036 1249 4092 olwiantilms=
1279 4037 1502 4094 invicem
1521 4074 1537 4103 ,
1585 4038 1772 4095 ambos
1801 4039 2109 4110 speculatur

527 4129 785 4185 Dominus
810 4129 996 4202 (Prov.
1027 4146 1156 4186 xxix
1179 4171 1194 4197 ,
1221 4128 1333 4199 15).
1358 4128 1457 4188 llle
1486 4131 1643 4187 canis
1672 4131 1849 4186 instar
1878 4131 1946 4187 ad
1973 4147 2107 4203 prae»

521 4222 647 4277 dam
679 4222 972 4278 accurrit:
1001 4220 1096 4278 bic
1146 4222 1318 4279 veluti
1369 4230 1528 4279 certa
1563 4223 1686 4296 ipso
1726 4231 1954 4295 captura
1984 4224 2101 4290 sit,

521 4333 882 4390 congressum
911 4319 1226 4390 expavescit
1251 4336 1265 4374 :
1291 4329 1508 4390 egestas
1529 4321 1678 4377 enim
1710 4321 1818 4393 ipsi
1847 4320 2100 4376 ﬁduciam

521 4411 742 4468 adimit.
791 4408 1090 4481 Utriusque
1125 4411 1324 4468 calculi
1351 4413 1406 4467 in
1436 4412 1626 4484 digitis
1659 4420 1823 4477 sunt,
1860 4413 1952 4469 illo
1981 4411 2104 4481 qui-

521 4503 646 4558 dem
681 4503 754 4558 ob
787 4503 1190 4559 incrementum
1224 4503 1433 4562 fenoris
1469 4504 1742 4577 gaudente
1766 4546 1782 4570 ,
1833 4505 1936 4560 hoc
1972 4520 2117 4561 vero.

2211 3288 2498 3361 ἐπιορκίας
2542 3304 2606 3342 τε
2649 3288 2746 3344 καὶ
2795 3288 3212 3362 ἀγνωμοσύνης.
3258 3290 3333 3346 Ού
3364 3287 3558 3356 νύκτες
3591 3291 3790 3364 ἐκείνῳ

2209 3381 2520 3435 ἀνάπαυσιν
2547 3382 2825 3452 φέρουσιν,
2856 3382 2956 3454 οὐχ
2983 3381 3136 3453 ἥλιος
3181 3382 3438 3454 τερπνὸς,
3477 3383 3613 3440 ἀλλά
3655 3385 3790 3441 δυσ-

2210 3473 2451 3546 χεραίνει
2481 3473 2574 3528 τὸν
2603 3473 2739 3545 βίον,
2764 3477 3008 3546 μισεῖται
3029 3476 3246 3549 ἡμέρας
3279 3477 3621 3550 προθεσμίαν
3644 3479 3796 3533 ἐπει-

2209 3566 2471 3636 γομένας,
2508 3565 2758 3636 φοϐεῖται
2785 3565 2913 3633 τοὺς
2953 3566 3130 3638 μῆνες
3162 3567 3236 3633 ὡς
3278 3568 3479 3636 τόκων,
3517 3570 3790 3642 πατέρας.

2209 3658 2328 3714 Κᾶν
2358 3657 2621 3733 καθεύδῃ,
2645 3657 2901 3715 ἐνύπνιον
2930 3658 3122 3731 βλέπει
3148 3660 3242 3716 τὸν
3275 3660 3578 3734 δανειστὴν,
3613 3663 3796 3716 κακὸν

2207 3751 2344 3824 δναρ
2376 3753 2442 3822 τῇ
2495 3752 2712 3825 κεφαλῇ
2749 3753 3180 3824 παριστάμενον.
3228 3753 3347 3808 Κάν
3381 3757 3671 3828 γρηγορεῖ,
3705 3757 3798 3808 ἐν·

2207 3860 2323 3899 νοια
2357 3843 2511 3917 αὐτῷ
2559 3843 2658 3900 καὶ
2697 3844 2918 3917 φροντὶς
2945 3848 2973 3900 ό
2999 3845 3158 3911 τόκος
3202 3845 3371 3903 ἐστίν.
3428 3846 3794 3914 Δανειστοῦ,

2208 3936 2364 4011 φησὶ,
2382 3936 2481 3992 καὶ
2508 3933 2942 4009 χρεωφειλέτου
2967 3936 3453 4006 ἀπαντησάντων
3469 3939 3795 4008 ἀλλήλοις,

2205 4028 2554 4099 ἐπισκοπὴν
2575 4027 2928 4102 ἀμφοτέρων
2957 4029 3210 4086 ,ποιεῖται
3240 4033 3272 4086 ό
3300 4032 3541 4101 Κύριος.
3583 4032 3644 4086 ⁸0
3690 4034 3798 4104 μὲν

2205 4123 2399 4196 ὥσπερ
2431 4122 2581 4178 κύων
2605 4121 2888 4196 ἐπιτρέχει
2918 4126 2987 4196 τῇ
3013 4123 3189 4198 ἄγρᾳ·
3215 4126 3242 4179 ό
3266 4124 3325 4179 δὲ
3349 4125 3540 4198 ὥσπερ
3568 4127 3800 4198 ἕτοιμον

2207 4217 2435 4291 θήραμα
2498 4219 2881 4291 καταπτήσσει
2935 4217 3034 4290 τὴν
3087 4219 3414 4291 συντυχίαψ
3470 4222 3800 4293 ἀφαιρεῖται

2204 4309 2315 4380 γὰρ
2349 4309 2518 4365 αὐτοῦ
2551 4310 2650 4381 τὴν
2679 4309 2999 4385 παρρησίαν
3026 4308 3086 4364 τὸ
3111 4310 3389 4368 πένεσθαι.
3433 4312 3802 4384 Ἀμφοτέρων

2205 4405 2252 4457 oi
2287 4402 2458 4474 ψῆφοι
2482 4403 2576 4456 ἐπὶ
2605 4400 2915 4457 δακτύλων*
2940 4402 3033 4457 τοῦ
3073 4405 3175 4475 μὲν
3204 4405 3494 4479 χαίροντος
3529 4408 3594 4477 τῇ
3624 4407 3806 4478 αὐξή-

2209 4513 2290 4550 σει
2312 4495 2424 4551 τῶν
2456 4497 2656 4562 τόκων,
2682 4494 2779 4552 τοῦ
2803 4496 2860 4551 δὲ
2890 4496 3238 4562 στενάζοντος
3258 4500 3324 4570 τῇ
3356 4499 3645 4572 προσθήκῃ
3680 4501 3804 4556 τῶν

519 4595 591 4648 ob
608 4593 981 4650 calamitatum
1002 4595 1278 4651 cumulum
1304 4596 1721 4666 ingemiscente.
1749 4597 1882 4654 Bibe
1902 4613 2100 4669 aquam

2210 4588 2528 4662 συμφορῶν.
2552 4589 2682 4644 Πίνε
2725 4589 2894 4647 ὕδατα
2940 4591 3048 4646 ἀπὸ
3087 4590 3197 4646 σῶν
3228 4593 3488 4661 ἀγγείων,
3513 4595 3803 4660 τουτέστι,

520 4689 588 4738 de
613 4687 764 4744 vasis
795 4688 907 4744 tuis
931 4727 945 4754 ,
969 4689 1075 4746 hoc
1104 4700 1184 4744 est
1203 4732 1219 4757 ,
1247 4690 1538 4748 facultates
1567 4701 1691 4746 tuas
1710 4692 2095 4761 circumspice.

522 4777 642 4836 Noli
677 4779 746 4835 ad
777 4782 989 4836 alienos
1018 4781 1200 4836 fontes
1231 4797 1457 4852 pergere
1478 4824 1493 4848 ,
1525 4783 1621 4840 sed
1652 4784 1776 4838 vitae
1806 4782 1998 4839 solatia
2029 4797 2100 4838 ex

521 4868 740 4929 ﬂuentis
770 4872 879 4928 tuis
909 4873 1005 4928 tibi
1043 4888 1338 4943 compara.

598 4960 740 5019 Ibid.
767 4965 938 5019 --Ad
973 4965 1186 5021 alienas
1217 4966 1363 5022 fores
1396 4983 1466 5023 ne
1503 4976 1556 5023 te
1595 4965 1874 5023 conferas.
1909 4969 2098 5038 Angu~

523 5067 643 5115 stus
679 5057 827 5113 enim
860 5065 945 5114 est
976 5069 1208 5127 puteus,
1241 5059 1292 5114 id
1327 5060 1475 5130 quod
1521 5060 1759 5116 alienum
1803 5071 1909 5117 est.
1947 5059 2097 5115 Prae-

521 5146 783 5202 stabilins
832 5156 916 5202 est
962 5157 1262 5218 egestatem
1316 5149 1523 5206 sensim
1574 5163 1769 5223 suapte
1817 5151 2097 5209 industria

520 5236 777 5299 delinire,
807 5252 972 5306 quam
1004 5239 1200 5295 alienis
1245 5239 1446 5311 opibus
1493 5251 1716 5311 repente
1748 5244 2057 5312 subjectum
2079 5287 2096 5313 ,

522 5335 709 5398 postea
741 5327 1101 5386 facultatibus
1133 5333 1391 5390 omnibus
1427 5335 1675 5404 spoliari.
1726 5334 1782 5392 Si
1816 5337 1963 5393 enim
1999 5339 2098 5392 bas

523 5422 617 5474 hes
653 5419 798 5474 unde
830 5421 1067 5485 reddas,
1114 5425 1249 5492 quid
1299 5441 1406 5481 non
1439 5438 1763 5497 prmseutem
1797 5438 2096 5499 egestatem

521 5514 610 5568 his
639 5515 905 5571 subsidiis
936 5517 1240 5577 dissolvis?
1275 5521 1333 5577 Si
1378 5533 1561 5583 autem
1618 5525 1762 5580 unde
1808 5527 2098 5598 persolvas

522 5623 629 5661 non
661 5608 935 5678 suppetit,
969 5614 1170 5667 malum
1207 5615 1351 5669 malo
1380 5630 1565 5671 curas.
1599 5616 1722 5673 Noli
1750 5620 2098 5674 committere

523 5713 579 5757 nt
607 5713 661 5758 te
689 5703 929 5758 creditor
958 5706 1211 5762 obsideat
1239 5726 1252 5762 ι
1291 5723 1360 5764 ne
1395 5710 1642 5780 patiare,
1680 5722 1734 5765 ut
1762 5712 1937 5767 instar
1971 5712 2098 5768 ferre

523 5801 589 5851 ad
629 5799 867 5866 praedam
929 5801 1244 5869 exquiraris
1296 5812 1350 5858 et
1396 5803 1771 5874 investigeris.
1825 5804 2095 5862 Mendacii

525 5890 681 5958 origo
713 5896 796 5944 est
835 5888 1099 5948 iencrari.
1135 5891 1258 5948 Alia
1287 5894 1455 5949 verba
1489 5906 1617 5951 sunt
1652 5903 1774 5974 ejus
1812 5896 1903 5968 qui
1936 5913 2096 5970 pecu-

2206 4681 2305 4745 τάς
2334 4682 2543 4746 οίκείας
2579 4682 2841 4754 ἀφορμὰς
2871 4684 3222 4756 περισκόπει.
3255 4683 3346 4756 Μὴ
3378 4684 3467 4740 ἐπ’
3494 4685 3804 4759 ἀλλοτρίας

2209 4776 2395 4847 πηγὰς
2453 4775 2658 4846 βάδιζε,
2703 4776 2820 4832 ἀλλ’
2864 4777 2924 4842 ἐξ
2962 4778 3182 4833 οἰκείων
3227 4778 3459 4834 λιϐάδων
3508 4782 3804 4852 συνάγαγε

2210 4866 2423 4938 σεαυτῴ
2454 4869 2555 4931 τὰς
2582 4867 2937 4940 παραμυθίας
2959 4871 3052 4924 τοῦ
3086 4870 3224 4941 βίου.

2276 4962 2369 5033 Μὴ
2402 4959 2586 5030 βάδιζε
2639 4961 2726 5015 ἐπ’
2779 4961 3066 5033 ἀλλοτρίας
3100 4963 3292 5037 θύρας.
3338 4967 3520 5036 φρέαρ
3556 4968 3671 5042 γὰρ
3721 4968 3800 5040 τῷ

2205 5054 2321 5107 ὄντι
2358 5054 2421 5107 τὸ
2469 5053 2752 5126 ἀλλότριόν
2791 5056 2962 5108 ἐστιν.
2993 5055 3214 5110 Βέλτιον
3255 5058 3374 5121 ταῖς
3412 5060 3553 5112 κατά
3590 5065 3800 5131 μικῴν

2206 5146 2474 5210 ἐπινοίαις
2529 5146 2629 5218 τὴν
2679 5148 2870 5219 χρείαν
2924 5149 3454 5221 παραμυθήσασθαι,
3489 5151 3524 5222 ἢ
3571 5152 3799 5226 ἁθρόως

2205 5238 2517 5312 ἐπαρθέντα
2560 5241 2676 5304 τοῖς
2722 5239 3051 5311 ἀλλοτρίοις.
3103 5240 3332 5314 ὕστερον
3377 5245 3596 5297 πάντων
3645 5247 3798 5319 ὁμοῦ

2205 5334 2316 5387 τῶν
2369 5333 2682 5406 προσόντων
2736 5333 3211 5406 ἀπογυμνοῦσθαι.
3247 5334 3311 5390 Ei
3352 5337 3452 5407 μὲν
3494 5334 3590 5393 οὖν
3639 5341 3800 5414 ἔχεις

2207 5425 2374 5479 πόθεν
2401 5423 2638 5494 ἀποδῷς,
2661 5425 2714 5478 τί
2743 5425 2868 5497 οὐχὶ·
2892 5426 2989 5498 τὴν
3017 5426 3299 5497 παροῦσαν
3341 5429 3549 5484 ἔνδειαν
3580 5435 3642 5486 ἐκ
3677 5436 3798 5489 τού-

2203 5537 2313 5574 των
2342 5518 2451 5574 τῶν
2475 5517 2742 5592 ἀφορμῶν
2761 5517 3035 5585 διαλύεις;
3078 5519 3140 5572 El
3172 5520 3230 5574 δὲ
3261 5521 3487 5595 ἀπορεῖς
3517 5525 3661 5595 πρὸς
3695 5528 3802 5600 τὴν

2206 5613 2435 5680 ἔκτισιν,
2467 5611 2626 5684 κακῷ
2679 5612 2846 5667 κακὸν
2880 5611 3231 5686 θεραπεύεις.
3264 5615 3356 5687 Μὴ
3403 5615 3532 5691 δέξῃ
3563 5619 3801 5694 πολιορ-

2207 5705 2408 5762 κοῦντά
2439 5722 2498 5758 σε
2544 5705 2866 5777 δανειστήν·
2932 5703 3007 5778 μὴ
3059 5705 3273 5783 ἀνάσχῃ
3312 5707 3501 5780 ὥσπερ
3550 5712 3690 5766 ἄλλο
3747 5731 3802 5766 τι

2207 5801 2434 5873 θήραμα
2487 5799 2878 5874 ἀναζητεῖσθαι
2925 5801 3019 5854 καὶ
3083 5801 3477 5875 ἐξιχνεύεσθαι.
3542 5806 3802 5872 Ψεύδους

2209 5894 2350 5969 ἁρχὴ
2371 5893 2429 5949 τὸ
2451 5892 2993 5953 δανεισασθαι.Ἃλλα
3020 5894 3242 5970 ῥήματα
3261 5898 3353 5971 τοῦ
3378 5897 3810 5973 δανειζομένου,
