4010 6302
317 452 456 523 1369

1558 446 1799 510 SACRA
1826 444 2299 509 PARALLELA.

3432 416 3574 502 1370

306 565 403 621 καὶ
437 563 575 621 ἄλλα
598 561 695 617 τοῦ
725 558 1156 632 ἁπαιτουμένου.
1190 558 1320 614 Εἴθε
1361 573 1447 612 σοι
1492 558 1569 631 μὴ
1594 558 1880 630 ἀπήντησα

1992 554 2141 607 niam
2179 548 2415 622 accipit,
2449 555 2506 605 et
2556 546 2661 605 alia
2707 546 2831 619 ejus
2876 561 2906 601 a
2954 561 3065 618 quo
3114 561 3179 603 ea
3229 543 3568 619 reposcitur.

302 656 452 724 τότε,
482 653 680 728 ούχὶδέ
710 652 939 720 άκοντός
965 669 1071 725 μου
1094 651 1363 717 ὑπέϐαλες
1389 653 1457 723 τῇ
1486 651 1635 723 χειρὶ
1657 649 1728 705 τὰ
1755 650 1888 722 χρή-

305 765 455 820 ματα
474 762 491 781 ⁸
517 744 827 818 ὑπόχαλκον
853 746 912 800 δέ
943 763 1039 800 σου
1056 745 1118 801 τὸ
1136 746 1381 817 χρυσίον,
1405 747 1501 799 καὶ
1531 761 1887 814 παρακεκομ-

304 839 472 911 μένον
503 838 564 893 τὸ
598 839 863 910 νόμισμα.
914 836 1041 893 Εἴτε
1071 835 1165 892 οὖν
1210 836 1366 907 φίλος
1410 838 1441 891 ό
1478 834 1767 902 δανείζων,
1807 836 1886 907 μὴ

302 928 590 1002 ζημιωθῇς
616 928 786 983 αὐτοῦ
822 928 924 1002 τὴν
955 927 1177 1002 φιλίαν’
1210 927 1330 982 εῐτε
1379 926 1707 1000 ἐχθρὸςμὴ
1746 925 1885 998 γένῃ

300 1021 382 1094 τῷ
408 1022 669 1092 δυσμενεί
704 1020 1044 1095 ὑποχείριος.
1073 1020 1291 1095 Μικρὸν
1324 1020 1886 1092 ἐγκαλλωπισάμενος

300 1116 416 1179 τοῖς
441 1114 768 1186 ἀλλοτρίοις,
801 1112 1031 1189 ὓστερον
1057 1113 1286 1170 καὶτῶν
1318 1112 1590 1186 πατρῴων
1618 1114 1882 1185 ἐκστήσῃ.

301 1206 486 1280 nam;
515 1200 569 1262 εἲ
590 1206 723 1275 νῦν;
752 1206 866 1262 ἀλλ’
894 1205 1202 1279 ἐλεύθερος.
1235 1207 1635 1279 Δανεισάμενος
1656 1205 1736 1270 δὲ,
1763 1206 1886 1260 ούδέ

304 1300 659 1373 πλουτήσεις,
693 1300 793 1354 καὶ
817 1298 919 1373 τὴν
948 1298 1266 1372 ἐλευθερίαν
1288 1301 1660 1373 ἀφαιρεθήσῃ.
1690 1298 1887 1363 Δοῦλος

301 1391 395 1446 τοῦ
428 1392 799 1457 δεδανεικότος
834 1394 864 1447 ό
888 1392 1276 1465 δανεισάμενος
1295 1408 1311 1425 ο
1354 1394 1451 1447 καὶ
1478 1392 1667 1457 δοῦλος
1696 1392 1887 1464 μισθο-

302 1485 493 1557 φόρος,
539 1486 569 1540 ὁ
625 1484 1007 1559 ἀπαραίτητον
1057 1485 1197 1555 ἔχων
1247 1484 1347 1558 τὴν
1403 1483 1774 1557 λειτουργίαν.
1821 1484 1885 1539 Oi

302 1576 463 1644 κύνες
486 1575 748 1645 λαϐόντες
780 1577 1141 1651 ἡμεροῦνται,
1172 1578 1200 1630 ό
1247 1576 1304 1632 δέ
1344 1578 1631 1646 δανειστὴς
1678 1578 1887 1651 λαμϐά-

300 1688 411 1724 νων
444 1670 921 1743 προσερεθίζεται.
945 1671 1021 1725 Ού
1048 1670 1158 1743 γὰρ
1194 1668 1429 1725 παύεται
1451 1670 1722 1736 ὑλακτῶν,
1748 1669 1885 1725 ἀλλὰ

297 1762 363 1816 τὺ
406 1762 570 1817 πλέον
619 1762 892 1837 ἐπιζητεῖ.
949 1764 1086 1819 Ἐὰν
1122 1763 1355 1835 όμνύῃς,
1405 1764 1661 1818 άπιστετο
1687 1764 1885 1836 ἐρευνᾷ

297 1855 372 1908 τὰ
393 1855 562 1922 ἐνδὸν,
584 1853 655 1909 τὰ
677 1853 1112 1927 συναλλάγματά
1142 1873 1235 1910 σου
1259 1855 1726 1929 πολυπραγμονεῖ.
1756 1857 1884 1911 Ἐὰν

1999 644 2215 700 Utinam
2251 651 2368 699 tum
2395 640 2502 697 tibi
2534 640 2734 697 obvius
2781 655 2891 696 non
2945 639 3214 697 luissem!
3265 640 3460 695 Annon
3510 648 3569 697 tu

1996 738 2127 793 mibi
2161 737 2337 792 invito
2369 733 2632 805 pecunias
2662 733 2720 789 in
2750 747 2972 788 manum
2992 732 3241 803 iniecisti
3267 732 3291 787 ?
3327 730 3573 788 subtera-

1996 840 2110 886 tum
2142 829 2309 886 etiam
2345 822 2502 883 tuum
2534 842 2731 882 aurum
2765 834 2887 882 erat
2910 865 2926 892 ,
2954 825 3128 882 excisi
3165 828 3395 881 nunnni.
3423 826 3572 893 Quo-

1991 924 2176 989 circa,
2224 923 2345 979 sive
2391 920 2608 976 amicus
2659 919 2729 975 sit
2776 921 2871 991 qui
2924 918 3171 986 fenerat,
3203 934 3271 974 ne
3316 919 3573 976 amicitiae

1999 1018 2177 1090 ipsius
2199 1017 2481 1088 jacturam
2519 1015 2691 1072 facias
2719 1032 2733 1069 :
2773 1016 2890 1072 sive
2916 1014 3123 1081 hostis,
3148 1030 3217 1090 ne
3242 1021 3295 1070 te
3325 1014 3573 1071 obstrin-

1990 1125 2091 1182 με
2140 1108 2391 1165 inimico.
2442 1106 2737 1176 Postquam
2786 1105 3183 1175 aliquantisper
3228 1104 3297 1160 ob
3360 1097 3571 1162 alienas

1990 1218 2123 1272 opes
2149 1201 2350 1263 cristas
2370 1199 2662 1263 extuleris,
2683 1196 2930 1271 paternis
2957 1207 3013 1253 tu
3041 1198 3160 1267 ipse
3178 1212 3397 1268 quoque
3420 1197 3571 1253 exci-

1990 1294 2089 1351 des
2122 1292 2309 1350 bonis.
2342 1289 2557 1363 Pauper
2591 1308 2740 1348 nunc
2782 1291 2889 1347 es?
2933 1299 2988 1345 at
3042 1290 3200 1345 liber.
3229 1290 3337 1347 Ubi
3386 1302 3593 1361 autem

1992 1386 2285 1456 pecuniam
2321 1384 2511 1443 fenore
2556 1383 2841 1455 acceperis
2862 1423 2879 1450 ,
2908 1398 3012 1440 nec
3043 1382 3199 1439 dives
3222 1382 3369 1450 eris,
3412 1381 3573 1437 insu-

1991 1492 2091 1548 per
2120 1486 2175 1535 et
2203 1476 2441 1534 libertas
2472 1476 2570 1533 tibi
2607 1475 2904 1532 adimetur.
2936 1474 3245 1532 Creditoris
3273 1473 3418 1530 enim
3449 1489 3571 1529 ser-

1993 1585 2097 1625 vus
2150 1577 2270 1636 est,
2299 1568 2397 1640 qui
2442 1568 2636 1625 fenore
2680 1568 2933 1641 accepit,
2976 1566 3115 1639 quin
3163 1567 3331 1623 etiam
3377 1581 3572 1626 servus

1994 1660 2378 1717 mercenarius
2399 1697 2415 1725 ,
2448 1656 2810 1715 acerbissimo
2838 1656 3148 1713 ministerio
3177 1655 3434 1725 fungens.
3465 1656 3571 1712 Ca-

1992 1769 2091 1809 nes
2120 1768 2247 1808 cum
2278 1749 2618 1824 acceperint,
2651 1759 3080 1817 mansuescunt;
3130 1750 3395 1818 creditor,
3423 1750 3572 1807 acci-

1993 1846 2230 1918 piendo,
2267 1845 2454 1902 aerius
2482 1844 2765 1900 incitatur.
2797 1841 2983 1915 Neque
3014 1845 3160 1899 enim
3192 1843 3396 1900 latrare
3421 1844 3571 1901 desi-

297 1946 502 2022 προϊῃς
532 1944 630 2002 τοῦ
662 1924 1123 2019 δοματίουξέλκει
1154 1946 1294 2019 πρὸς
1344 1924 1569 2013 ἑαυτὸν,
1590 1948 1688 2003 καὶ
1720 1964 1880 2002 κατα-

1988 1939 2071 1994 nit
2094 1980 2114 2007 ,
2144 1936 2247 1996 sed
2275 1937 2519 2010 amplius
2546 1937 2763 2009 quaerit.
2797 1935 2855 1992 Si
2899 1934 3293 2008 jusjurandum
3327 1937 3571 2008 interpo-

298 2039 481 2110 σύρει.
525 2038 654 2094 Ἐὰν
673 2038 731 2093 δέ
764 2038 914 2094 ἐνδον
944 2036 1173 2094 σεαυτὸν
1197 2037 1582 2113 κατακρύψῃς,
1611 2037 1880 2118 ἐφέστηκε

1988 2046 2119 2096 nas,
2181 2045 2294 2086 non
2349 2028 2579 2099 credit;
2639 2029 3041 2099 supellectilem
3109 2037 3259 2084 tuam
3319 2028 3567 2097 excutit,

296 2135 367 2204 τῇ
420 2131 643 2207 αὐλαίᾳ,
695 2132 793 2188 καὶ
827 2130 1263 2205 θυρακρουστεῖ·
1315 2130 1411 2185 ἐπὶ
1453 2131 1705 2202 γαμετῆς
1748 2148 1880 2185 κατ-

1988 2132 2309 2180 eoatractus
2341 2128 2467 2180 tuos
2497 2130 2900 2195 pet-scrutatur.
2936 2122 2994 2179 Si
3022 2124 3189 2182 dumo
3219 2125 3475 2196 prodeas,
3503 2123 3570 2178 ad

295 2222 573 2296 αισχύνει,
623 2223 718 2279 ἐπὶ
766 2222 942 2294 φίλων
988 2219 1336 2297 καθυϐρίζει,
1382 2222 1443 2277 ἐν
1479 2223 1603 2288 ταῖς
1648 2222 1880 2295 ἀγοραῖς

1988 2231 2041 2274 se
2077 2225 2144 2274 te.
2166 2216 2339 2272 trahit
2371 2223 2426 2273 et
2456 2224 2774 2289 extorquet.
2804 2214 2905 2273 Sin
2937 2225 2992 2274 te
3026 2217 3178 2274 intus
3228 2216 3567 2283 abscondas,

294 2315 490 2391 ἄγχει*
524 2316 699 2372 κακὸν
734 2315 1055 2388 συνάντημα
1079 2315 1294 2390 ἑορτῆς,
1328 2314 1566 2372 ἀϐίωτόν
1597 2333 1683 2371 σοι
1718 2331 1880 2370 κατα-

1988 2325 2081 2381 pro
2133 2309 2352 2367 foribus
2400 2319 2548 2368 astat
2576 2311 2890 2383 pulsatque.
2924 2308 3125 2367 Coram
3174 2326 3347 2366 uxore
3390 2310 3569 2380 pudo-

294 2408 561 2476 σκευάζει
580 2408 674 2465 τὸν
716 2409 853 2481 βίον.
890 2408 1052 2463 Ἀλλὰ
1087 2407 1323 2481 μεγάλη,
1351 2409 1539 2481 φησιν,
1566 2410 1601 2480 ή
1638 2408 1875 2481 ἀνάγκη.

1988 2418 2097 2460 rem
2126 2404 2228 2461 tibi
2256 2404 2489 2471 incutit,
2512 2418 2700 2463 coram
2728 2402 2926 2461 amicis
2952 2403 3125 2461 infert
3153 2402 3568 2473 contumeliam,

293 2498 366 2555 Ti
390 2499 584 2571 ϐφελός
614 2518 699 2557 σοι
741 2499 841 2573 τὴν
874 2500 1117 2575 σήμερον
1159 2498 1530 2572 ύπερθέσθαις
1558 2498 1733 2555 Πάλιν
1766 2500 1876 2574 γὰρ

1988 2500 2039 2554 in
2068 2498 2334 2555 nundinis
2362 2498 2630 2571 praefocat
2650 2539 2665 2564 ,
2696 2497 2752 2554 in
2775 2496 2867 2555 die
2895 2495 3039 2554 festo
3065 2494 3344 2553 infaustus
3371 2510 3571 2552 occur-

292 2590 428 2664 ἥξει·
443 2610 528 2650 σοι
560 2597 595 2667 ή
626 2593 791 2649 πενία
819 2593 1012 2667 ὥσπερ
1036 2591 1244 2663 ἀγαθὸς
1268 2592 1529 2666 δρομεὺς,
1552 2592 1650 2647 καὶ
1674 2594 1707 2664 ή
1736 2592 1876 2665 αὑτὴ

1988 2593 2055 2647 rit
2083 2591 2226 2661 tibi,
2259 2593 2520 2649 acerbam
2553 2592 2794 2664 denique
2824 2593 2928 2648 tibi
2980 2589 3165 2648 vitam
3199 2590 3402 2648 reddit.
3457 2578 3567 2656 At,

294 2685 518 2757 ἀνάγκη
556 2685 698 2757 μετὰ
751 2684 1074 2758 προσθήκης
1129 2683 1426 2758 παρέσται.
1465 2684 1540 2738 Τὸ
1574 2685 1682 2757 γὰρ
1726 2684 1880 2750 δάνος

1988 2684 2215 2757 inquis,
2249 2685 2447 2758 ingens
2496 2700 2587 2741 me
2638 2685 2939 2742 necessitas
2993 2683 3189 2756 adigit.
3239 2681 3382 2751 Quid
3436 2696 3569 2738 vero

293 2779 399 2833 οὐκ
423 2779 746 2853 ἀπαλλαγὴν
773 2778 1041 2851 παντελῆ,
1064 2778 1203 2833 ἀλλὰ
1222 2777 1454 2855 μακρὰν
1480 2777 1756 2852 ἀναϐολὴν
1782 2779 1884 2851 τῆς

294 2870 612 2943 ἀμηχανίας
641 2870 967 2945 παρέχεται.

1984 2779 2216 2851 prodest
2244 2779 2345 2836 tibi
2370 2780 2515 2836 ultra
2544 2779 2867 2837 hodiernum
2901 2778 3047 2835 diem
3080 2776 3344 2835 diﬂerre?
3376 2788 3569 2833 rursus

1985 2873 2131 2929 enim
2166 2882 2467 2946 paupertas
2495 2873 2774 2930 celerrimi
2804 2872 3054 2931 cursoris
3082 2872 3260 2928 instar
3289 2870 3357 2927 ad
3389 2877 3444 2926 te
3474 2884 3570 2925 ve-

296 2962 451 3032 niet,
483 2963 773 3036 aderitque
805 2964 1124 3022 necessitas
1149 2979 1253 3023 nec
1281 2964 1406 3022 sine
1433 2962 1678 3021 cumulo.
1707 2961 1952 3021 Pecunia
1997 2964 2242 3023 tenebris
2291 2982 2403 3023 non
2452 2966 2558 3023 hoc
2608 2964 2792 3034 ati‘ert,
2830 2971 2892 3023 ut
2930 2980 3161 3038 prorsus
3200 2960 3570 3021 incommodis

293 3056 553 3116 libereris
582 3076 598 3114 :
632 3057 727 3114 sed
755 3058 1011 3130 exiguam
1042 3058 1314 3116 duntaxat
1347 3059 1618 3116 anxietati
1651 3067 1758 3114 tua:
1786 3074 2003 3114 moram
2027 3059 2306 3130 producit.

373 3153 559 3218 Τόκος
584 3146 743 3223 οἶμαι
762 3150 853 3206 διὰ
881 3152 983 3225 τήν
1015 3152 1348 3224 πολυγονιαν
1372 3154 1470 3210 τοῦ
1498 3153 1675 3210 κακοῦ
1701 3170 1877 3226 προσ-

288 3245 618 3319 ηγόρενται.
631 3244 806 3301 Πόθεν
831 3244 944 3319 γὰρ
971 3243 1197 3302 ἄλλοθεν
1217 3262 1236 3316 ;
1254 3246 1484 3318 Ἥτάχα
1512 3248 1691 3314 τόκος
1724 3245 1881 3316 λέγε-

2055 3154 2216 3229 5.33
2272 3154 2510 3213 Ibid.--
2534 3155 2708 3220 Τόκος
2736 3153 2833 3226 (id
2873 3160 2961 3210 est
2989 3152 3179 3223 fenus)
3216 3152 3288 3209 ob
3329 3152 3459 3209 mali
3487 3150 3567 3208 fe‘

1984 3250 2323 3308 cunditatem
2360 3251 2436 3307 ita
2467 3249 2775 3322 appellatus
2813 3257 2917 3307 est.
2941 3246 3102 3306 Unde
3135 3248 3281 3305 enim
3316 3244 3570 3317 alioqui?

289 3356 388 3397 ται
434 3338 527 3394 ne
575 3336 678 3404 τὰς
727 3339 928 3406 ὠδῖνας
980 3341 1078 3397 καὶ
1104 3340 1309 3406 λύπας,
1357 3340 1425 3406 ἃς
1469 3342 1722 3413 ἐμποιεῖν
1758 3342 1880 3405 ταῖς

1988 3337 2088 3397 Vel
2121 3342 2287 3398 etiam
2332 3341 2575 3400 fortasse
2614 3342 2776 3407 τόκος
2834 3349 3191 3414 nuncupatur
3243 3340 3314 3397 ob
3344 3338 3569 3414 dolores

288 3433 494 3505 ψυχαῖς
519 3431 630 3488 τῶν
651 3430 1050 3505 δανειζομένων
1072 3432 1340 3504 πέφυκεν.
1357 3434 1628 3507 ’Ὢσπερή
1656 3434 1784 3498 ὠδὶς
1810 3437 1879 3507 τῇ

1988 3443 2041 3488 et
2070 3433 2397 3498 molestias,
2454 3449 2597 3507 quas
2652 3448 2844 3490 eorum
2895 3433 2988 3505 qui
3031 3430 3242 3489 fenoris
3289 3431 3369 3487 rei
3410 3438 3565 3495 sunt,

289 3524 583 3599 τικτούσῃ.
624 3524 798 3590 οὕτως
827 3529 862 3598 ή
891 3525 1204 3599 προθεσμία
1228 3526 1306 3599 τῷ
1329 3526 1581 3600 ὕποχρέῳ
1610 3528 1880 3600 παρίσταο

288 3636 412 3675 ται.
443 3618 613 3683 Τόκος
643 3619 739 3673 ἐπὶ
777 3618 944 3692 τόκῳ,
994 3617 1250 3691 πονηρῶν
1288 3618 1495 3690 γονέων
1522 3620 1757 3693 πονηρὸν
1787 3619 1880 3673 ἔκ-

289 3728 478 3783 γονον.
500 3711 689 3769 Ταῦτα
714 3711 771 3766 δέ
791 3712 1039 3781 λεγέσθω
1064 3715 1385 3785 γεννήματα
1407 3711 1655 3784 ἐχιδνῶν,
1680 3711 1750 3767 τὰ
1771 3711 1882 3767 τῶν

287 3806 473 3861 τόκων
510 3804 905 3878 ὰποκυήματα.
935 3804 1049 3872 Τὰς
1105 3804 1317 3877 ἐχίδνας
1361 3805 1586 3874 λέγουσι
1635 3804 1734 3877 τὴν
1777 3822 1881 3874 γα-

291 3899 468 3975 στέρα
491 3899 597 3971 τῆς
633 3898 840 3971 μητρὸς
862 3898 1209 3964 διεσθιούσας
1250 3898 1563 3967 τίκτεσθαι,
1589 3899 1684 3953 καὶ
1707 3898 1760 3953 οἱ
1784 3899 1877 3953 τό·

290 4012 386 4048 κοι
429 3992 557 4057 τοὺς
592 3993 780 4059 οἴκους
835 3992 945 4047 τῶν
997 3992 1327 4064 ὀφειλόντων
1369 3991 1713 4065 ἐκφαγόντες
1742 3993 1879 4048 ἁπο-

288 4085 625 4159 γεννῶνται.

366 4178 563 4245 Δδςλτδ
584 4180 726 4235 οἴκοι
752 4179 1009 4249 κείμενον
1040 4176 1332 4251 ἀργύριον,
1360 4178 1437 4250 μὴ
1472 4177 1721 4250 βαρύνων
1745 4177 1879 4232 αὐτὸ

286 4276 418 4339 ταῖς
462 4272 830 4346 προσθήκαις,
865 4273 962 4329 καὶ
1003 4271 1340 4344 ἀμφοτέροις
1379 4271 1503 4344 ἥξει
1536 4270 1743 4337 καλῶς.
1784 4272 1879 4326 Σοὶ

293 4365 402 4439 μὶν
435 4363 672 4439 ὑπάρξει
720 4363 784 4420 τὸ
821 4364 889 4419 ἐκ
929 4364 1032 4438 τῆς
1073 4362 1326 4434 φυλακῆς
1372 4362 1652 4432 ἀσφαλῶς,
1696 4362 1777 4435 τῷ
1820 4363 1877 4418 δέ

287 4456 519 4513 λαϐόντι
547 4455 610 4511 τδ
632 4456 699 4512 ἐκ
729 4456 833 4528 τῆς
864 4457 1117 4527 χρήσεως
1152 4455 1364 4528 κέρδος.
1400 4457 1463 4510 Εἰ
1486 4456 1545 4511 δὲ
1576 4458 1674 4512 καὶ
1703 4474 1878 4529 προσ-

290 4548 477 4618 θήκην
499 4545 804 4621 ἐπιζητεῖς,
841 4545 1148 4619 άρκέσθητι
1184 4549 1301 4613 τοῖς
1337 4548 1492 4619 παρὰ
1511 4547 1609 4602 τοῦ
1644 4547 1873 4619 Κυρίου.

288 4639 473 4705 sese;
496 4639 638 4714 ὑπὲρ
666 4639 777 4694 τῶν
817 4641 1072 4713 πενήτων
1103 4641 1197 4696 τὸν
1225 4640 1573 4712 πλεονασμὸν
1601 4640 1873 4696 ἀποτίσει.

1980 3525 2183 3583 animis
2240 3526 2382 3585 solet
2411 3527 2761 3599 ingenerare.
2814 3522 3291 3592 Quemadmodum
3343 3522 3562 3579 scilicet

1982 3619 2311 3689 parturienti
2371 3619 2569 3684 dolor,
2622 3619 2702 3675 sic
2779 3618 3126 3689 praestitutus
3183 3615 3394 3673 fenoris
3444 3615 3563 3671 dies

1979 3716 2129 3765 astat
2183 3696 2447 3766 creditori
2486 3708 2694 3766 :l'enus
2742 3724 2907 3779 super
2937 3707 3125 3783 fenus,
3153 3707 3420 3763 malorum
3464 3721 3564 3777 pa-
3623 3783 3627 3786 ν

1982 3802 2199 3849 rentum
2233 3798 2380 3852 mala
2430 3796 2673 3854 soboles.
2723 3798 2888 3867 Atqui
2940 3796 3172 3868 viperini
3233 3795 3380 3854 fetus
3425 3813 3563 3852 usu-

1980 3901 2167 3941 rarum
2214 3896 2404 3960 partus
2433 3887 2543 3945 dici
2582 3897 2806 3961 queant.
2841 3886 2913 3945 Ut
2964 3890 3111 3948 enim
3150 3887 3369 3962 viperas
3407 3888 3563 3942 aiunt

1986 3991 2152 4033 exeso
2202 3987 2443 4035 matrum
2490 3988 2648 4037 utero
2710 3980 2767 4037 in
2829 3982 3007 4037 lucem
3046 3980 3172 4048 edi;
3226 3979 3310 4038 sic
3369 3978 3562 4035 fenora

1978 4070 2159 4125 exesis
2199 4070 2505 4129 debitorum
2532 4074 2788 4131 domibus
2818 4081 3203 4147 procreantur.

2056 4158 2205 4219 Ibid.
2232 4195 2305 4208 —
2332 4165 2412 4221 Da
2455 4166 2753 4237 pecuniam
2794 4182 2961 4239 quam
3017 4166 3165 4223 domi
3214 4165 3560 4223 reconditam

1978 4260 2169 4325 habes,
2198 4257 2369 4316 nullis
2406 4274 2526 4315 eam
2554 4258 2807 4316 fenorum
2845 4260 3265 4317 accessionibus
3287 4274 3559 4329 gravatis:

1979 4351 2069 4409 sic-
2096 4352 2315 4423 utrique
2363 4352 2505 4409 bene
2536 4353 2665 4409 erit.
2708 4351 2846 4409 Nam
2896 4354 2953 4410 et
2985 4353 3081 4410 tibi
3118 4360 3238 4409 tuto
3293 4349 3563 4411 custodie-

1980 4454 2073 4500 tur
2109 4462 2125 4500 :
2160 4453 2221 4501 et
2251 4444 2300 4502 is
2333 4444 2433 4517 qui
2488 4446 2791 4518 acceperit,
2845 4447 3062 4504 lucrum
3113 4464 3182 4504 ex
3214 4462 3321 4504 usu
3364 4461 3563 4503 conse-

1978 4544 2205 4605 quetur.
2241 4535 2400 4605 Quod
2446 4536 2494 4595 si
2548 4540 2926 4597 accessionem
2959 4540 3185 4613 quaeris,
3224 4556 3289 4597 ea
3326 4547 3560 4595 conten-

1983 4628 2071 4684 tus
2101 4639 2245 4698 esto,
2281 4645 2408 4702 qua
2432 4632 2535 4688 tibi
2570 4648 2601 4687 α
2642 4630 2881 4689 Domino
2935 4634 3249 4705 profectura
3300 4640 3407 4690 est.
3440 4631 3563 4701 Ipse

288 4733 458 4807 Παρὰ
507 4731 602 4788 τοῦ
651 4735 826 4801 ὅντως
855 4731 1243 4807 φιλανθρώπου
1275 4734 1518 4807 ἀνάμενε
1568 4735 1637 4789 τά
1683 4735 1875 4805 φιλάν·

1988 4722 2083 4778 tibi
2117 4739 2421 4796 pauperum
2468 4726 2695 4783 nomine
2736 4728 3013 4797 persolvet
3047 4727 3222 4783 fenus.
3262 4727 3345 4781 Ah
3373 4740 3437 4780 eo
3466 4724 3560 4796 qui

289 4830 511 4900 θρωπα.
551 4829 620 4882 ’Ἀ
665 4828 775 4900 γάρ
827 4827 1130 4899 λαμϐάνεις
1163 4871 1179 4895 ,
1226 4828 1404 4883 ταῦτα
1460 4828 1880 4900 μισανθρωπίας

1988 4816 2261 4885 benignus
2294 4826 2399 4883 est,
2426 4817 2669 4890 benigna
2715 4819 3058 4890 praestolare.
3107 4816 3241 4873 Nam
3272 4833 3392 4889 qua:
3424 4816 3561 4869 alio-

287 4921 552 4993 οὐδεμίαν
579 4921 890 4994 ὑπερϐολὴν
913 4921 1227 4978 ἀπολείπει.
1255 4922 1389 4976 ’Λπὺ
1416 4922 1714 4994 συμφορῶν
1749 4940 1879 4992 κερ-

287 5014 519 5078 ὃαίνεις,
576 5011 687 5068 άπὸ
717 5012 971 5084 δακρύων
1024 5014 1458 5086 ἀργυρολογεῖς,
1511 5013 1605 5068 τὸν
1667 5011 1877 5085 γυμνὸν

289 5107 512 5178 ἄγχεις,
542 5106 633 5161 τὸν
656 5104 1002 5178 λιμώττοντα
1024 5105 1251 5172 τύπτεις
1268 5123 1286 5137 ο
1325 5106 1475 5172 ἔλεος
1502 5106 1765 5178 οὐδαμοῦ.
1794 5106 1877 5160 Τὰ

286 5196 547 5253 ἐντεῦθεν
578 5196 769 5270 κέρδη,
805 5196 1165 5271 φιλάνθρωπα
1194 5198 1510 5270 ὁνομάζειςς
1540 5200 1677 5254 Οὐαὶ
1706 5202 1754 5255 οἱ
1782 5198 1874 5254 λέ-

288 5301 485 5357 γοντες
511 5286 573 5341 se
615 5286 814 5360 πικρὸν
834 5287 1028 5358 γλυκὺ,
1051 5290 1147 5342 καὶ
1173 5290 1272 5361 τὴν
1304 5289 1723 5363 μισανθρωπίαν
1752 5291 1871 5360 φιλο

290 5377 619 5450 ανθρωπεαν
660 5378 1188 5453 προσαγορεύοντες.
1328 5366 1330 5369 ’

378 5642 825 5716 Ἕκατοστολόγοι
866 5648 957 5702 καὶ
983 5647 1428 5719 δεκατοστολόγοι
1470 5651 1636 5717 τινὲς,
1668 5651 1870 5722 φρικτὰ

287 5738 393 5793 καὶ
415 5735 1010 5813 άκουσθῆναιόνόματα
1035 5762 1046 5775 ·
1072 5747 1313 5815 μηνιαῖοι
1338 5746 1659 5817 ἁπαιτηταὶ,
1682 5746 1758 5798 ὥς
1769 5764 1871 5816 περ

200 5835 204 5839 ⁴
287 5828 351 5884 οἱ
377 5830 476 5896 τὰς
512 5833 808 5905 ἐπιληψίας
837 5833 1139 5902 ποιοῦντες,
1172 5837 1316 5891 κατὰ
1342 5836 1439 5902 τὰς
1466 5839 1746 5909 περιόδους
1771 5838 1867 5909 τῆς

292 5922 532 5997 σελήνης
574 5927 948 5999 ἐπιτιθέμενοι
991 5932 1100 5995 τοῖς
1160 5934 1413 6005 πτωχοῖς,
1458 5931 1675 6004 πονηρὰ
1722 5932 1867 5997 δόσις

1982 4909 2079 4979 qui
2107 4910 2338 4979 accipis,
2379 4912 2597 4968 nullum
2656 4911 3078 4968 inhumanitatis
3126 4910 3355 4982 gradum
3389 4909 3560 4963 relin-

1982 5012 2185 5073 quunt.
2223 5005 2301 5060 Es
2362 5006 2775 5061 calamitatibus
2835 5005 3031 5060 alienis
3077 5012 3346 5076 quaestum
3395 5002 3556 5068 facis,

1979 5114 2049 5153 ex
2084 5098 2346 5171 lacr-ymis
2379 5101 2672 5171 pecuniam
2733 5097 2976 5168 colligis,
3024 5095 3233 5153 nudum
3260 5094 3553 5167 prchocas,

1978 5208 2103 5248 eum
2134 5192 2230 5264 qui
2264 5192 2411 5250 fame
2438 5194 2679 5257 laborat,
2708 5193 2977 5264 percutis,
3008 5208 3281 5259 nusquam
3337 5189 3558 5245 miseri-

1978 5286 2168 5343 cordia
2204 5307 2219 5344 :
2257 5290 2391 5358 quin
2421 5296 2477 5343 et
2512 5289 2884 5359 quodcunque
2912 5303 2977 5343 ex
3017 5288 3103 5345 bis
3152 5285 3401 5341 lucratus
3435 5283 3559 5341 fue-

1979 5380 2080 5444 ris,
2118 5380 2415 5451 benignum
2467 5391 2523 5437 et
2559 5384 2859 5440 humanum
2906 5380 3194 5435 nominare
3238 5376 3433 5433 amas?
3468 5374 3558 5433 Va!

1976 5474 2069 5543 qui
2104 5473 2300 5529 dicunt
2337 5489 2584 5532 striarum
2650 5474 2834 5540 dulce,
2881 5481 2934 5529 et
2962 5472 3421 5529 inhumanitatem
3457 5484 3555 5540 ap-

1977 5566 2182 5635 pellant
2205 5566 2626 5622 humanitatem.

2052 5657 2195 5712 Ibid.
2222 5688 2290 5700 --—
2326 5657 2733 5730 llecnlostulogi
2780 5668 2832 5715 et
2879 5658 3276 5728 deeatostologi
3339 5655 3416 5728 (id
3446 5665 3548 5719 est,

1976 5752 2068 5821 qui
2102 5753 2437 5807 centesimas
2465 5763 2519 5806 et
2546 5752 2882 5809 decumanas
2917 5766 3120 5807 usuras
3148 5750 3352 5822 legunt)
3377 5749 3553 5803 nomi-

1981 5859 2047 5897 na
2085 5844 2169 5898 vel
2213 5844 2332 5911 ipso
2367 5843 2557 5899 auditu
2593 5844 2910 5912 horrenda;
2941 5854 3231 5900 exactores
3263 5841 3549 5909 menstrui,

1978 5951 2081 5994 non
2124 5951 2282 5995 secus
2317 5954 2383 5996 ac
2428 5940 2706 5997 ἀδειιωηςδ
2740 5938 2819 5995 illi
2866 5939 2957 6011 qui
2992 5937 3293 5995 comitiales
3325 5934 3547 5993 morbos
