4010 6302
515 469 656 540 1375

1729 471 1791 534 S.
1831 471 2152 553 JOANNIS
2192 469 2625 533 DAMASCENI

3627 462 3761 533 1376

588 588 754 660 Helm
800 605 924 658 xm,
951 591 1009 662 _9.
1039 619 1111 632 —
1141 608 1160 643 ι
1198 588 1474 668 Doctrinis
1518 588 1687 647 variis
1709 597 1764 646 et
1779 590 2085 664 peregrinis

2262 608 2282 642 ι
2318 590 2573 662 Διδαχαῖς
2634 585 2909 661 ποικίλαις
2968 583 3066 641 καὶ
3115 583 3294 652 ξέναις
3335 584 3412 656 μὴ
3445 587 3758 655 παράφερε.

515 681 692 738 nolite
723 681 941 755 abduci.
976 701 998 735 ι
2066 760 2068 762 ν

586 772 807 848 Basilii.
847 804 914 816 —
944 773 1206 831 Doeentis
1269 775 1579 832 auctoritas
1641 775 1801 830 iidem
1849 775 2090 859 orationi

515 866 795 936 conciliat,
827 866 1267 940 attentioresque
1302 866 1600 949 discipulos
1628 867 1832 924 reddit.

585 1039 650 1098 S.
721 1040 877 1115 Greg.
944 1041 1378 1102 Nam—Cibus
1452 1045 1602 1102 enim
1679 1056 1767 1104 est
1812 1047 2089 1117 doctrina,

526 1135 682 1192 illius
717 1137 883 1192 etiam
920 1137 1015 1208 qui
1057 1137 1195 1193 alios
1224 1138 1416 1194 nutrit.

589 1226 868 1302 Chrysast.
894 1258 962 1270 -—
985 1228 1123 1286 Tum
1155 1232 1390 1288 maxime
1438 1232 1706 1287 bonarum
1746 1248 1929 1289 rerum
1968 1240 2096 1291 stu-

519 1321 622 1379 dio-
651 1322 966 1378 excitantur
996 1323 1274 1394 discipuli,
1322 1339 1448 1379 cum
1482 1325 1876 1397 magistrorum
1906 1341 2092 1383 exem-

517 1416 608 1488 pla
637 1413 706 1470 ob
730 1413 921 1470 oculos
952 1413 1174 1470 habent.
1199 1431 1219 1465 ι
1795 1465 1805 1476 ,

587 1504 1059 1573 Clement.—Qui
1102 1507 1285 1572 docet,
1344 1504 1581 1578 amplius
1624 1505 1791 1563 discit
1840 1522 1858 1563 :
1906 1516 1961 1562 et
1996 1507 2090 1578 qui

516 1599 685 1656 verba
712 1599 869 1669 facit,
905 1601 1024 1674 ipse
1069 1616 1290 1673 quoque
1331 1602 1532 1673 saapius
1572 1617 1697 1658 cum
1747 1603 2098 1660 auditoribus

517 1694 636 1749 suis
675 1693 854 1750 audit.

587 1783 1248 1843 Philotam—Doctrina;
1290 1787 1508 1859 insigne
1539 1786 1689 1859 virga
1727 1796 1832 1845 est.
1873 1787 2088 1845 Etenim

516 1873 626 1932 nisi
662 1877 788 1948 quis
822 1881 1026 1950 pudore
1073 1879 1366 1944 adiciatur,
1399 1888 1452 1935 et
1484 1880 1552 1936 de
1591 1881 1872 1938 nonnullis
1908 1883 2092 1951 objur-

517 1975 697 2036 getur,
733 1967 852 2025 ﬁeri
879 1985 989 2026 non
1019 1980 1223 2042 potest,
1263 1981 1323 2028 ut
1360 1963 1710 2036 emendetur,
1748 1983 1801 2028 et
1829 1973 1896 2028 ad
1937 1975 2091 2030 sani-

518 2067 683 2115 tatem
712 2060 922 2118 redeat.

589 2148 872 2220 Ejusdem.
903 2181 974 2194 —
1003 2151 1124 2209 Non
1150 2155 1231 2210 uti
1267 2161 1571 2228 praeceptor
1597 2155 1819 2222 docere,
1854 2157 1928 2212 ita
1956 2173 2094 2229 quo-

517 2256 626 2312 que
688 2241 902 2300 discere
953 2243 1260 2316 discipulus
1309 2256 1508 2317 potest.
1559 2247 1655 2304 Ille
1686 2248 1890 2320 quippe
1917 2249 2096 2320 perfe-

519 2342 644 2389 ctus
682 2342 790 2402 est,
839 2335 929 2392 hic
971 2346 1155 2393 autem
1197 2337 1576 2408 imperfectus.
1609 2341 1703 2408 ,Ac
1738 2339 1975 2411 proinde
2006 2340 2095 2396 fa-

519 2426 699 2483 cultas
719 2427 1121 2486 consideranda
1147 2442 1234 2486 est
1273 2431 1452 2500 illius,
1487 2431 1580 2504 qui
1611 2431 1888 2490 eruditur.

591 2517 872 2592 Ejusdem.
896 2553 968 2564 —
993 2522 1226 2582 Noveris
1272 2533 1330 2581 tu
1371 2526 1624 2598 quisquis
1669 2526 1856 2590 doces,
1886 2535 1941 2583 et
1970 2526 2097 2583 dili-

519 2623 716 2685 genter
743 2615 1013 2687 expende,
1043 2631 1282 2688 quanam
1329 2632 1464 2675 aure
1495 2632 1526 2673 a
1555 2619 1826 2687 discipulo
1876 2629 1964 2674 tua
1994 2636 2098 2676 vox

518 2707 845 2779 excipiatur.
875 2708 1091 2769 Stultus
1120 2718 1204 2767 est
1234 2711 1404 2782 enim,
1438 2712 1534 2785 qui
1562 2713 1630 2768 ad
1659 2713 1895 2769 surdum
1932 2713 2096 2770 verba

518 2797 675 2866 facit,
705 2808 760 2854 et
797 2800 1055 2866 stolidus,
1097 2801 1192 2872 qui
1232 2801 1468 2873 lapidem
1521 2802 1799 2860 admonet.
1837 2802 1918 2858 Tu
1957 2819 2100 2876 quo-

521 2905 630 2961 que
654 2892 866 2962 peccati
903 2892 1134 2965 perinde
1162 2909 1294 2951 reus
1323 2893 1457 2962 eris,
1497 2893 1606 2950 nisi
1631 2909 1756 2951 eum
1782 2897 1968 2951 animo
1999 2903 2098 2950 tuo

518 2982 902 3053 perpenderis,
962 2999 1203 3055 quonam
1247 2994 1433 3056 pacto,
1489 2988 1783 3060 quandove
1813 2987 2097 3059 sapientia

521 3089 831 3133 sermonem
870 3093 1126 3150 promere
1157 3088 1440 3152 oporteat.

596 3169 841 3228 Eusebii.
863 3201 935 3214 -
959 3173 1064 3240 Qui
1095 3174 1329 3246 gratiam
1365 3185 1704 3233 consecutus
1741 3185 1846 3245 est,
1877 3177 2102 3248 copiose

2196 679 2308 736 σθε.
2349 700 2366 733 ι

2276 771 2636 839 Ἀξιοπιστία
2663 773 2759 827 τοῦ
2804 770 3148 834 διδάσκοντος
3205 767 3611 840 εὐπαράδεκτον
3665 767 3736 838 μὶ

2190 866 2283 922 τὸν
2316 866 2472 937 λόγον
2499 865 2812 937 καθίστησι,
2845 863 3309 937 προσεχεστέρους
3343 862 3400 915 δὲ
3422 863 3547 926 τοὺς
3583 863 3760 935 μαθη-

2191 948 2517 1030 τευομένους
2546 957 2978 1031 παρασκευάζει.
3297 951 3301 955 ’
3480 953 3484 957 ’

2267 1051 2457 1124 Τροφὴ
2487 1050 2594 1122 γάρ
2632 1053 2780 1106 ἐστιν
2806 1051 2842 1122 ἡ
2867 1049 3066 1118 δίδαξις
3099 1049 3193 1104 καὶ
3221 1049 3316 1106 τοῦ
3338 1050 3653 1121 τρέφοντος.

2264 1231 2396 1286 Τότε
2434 1230 2672 1302 μάλιστα
2734 1231 2782 1285 oi
2850 1229 3090 1302 μαθηταὶ
3154 1231 3232 1294 είς
3262 1229 3353 1284 τὸν
3408 1229 3516 1284 τῶν
3548 1229 3766 1300 ἀγαθῶν

2192 1323 2486 1392 ἀνάγονται
2518 1320 2701 1392 ζῆλον,
2767 1322 2895 1377 ὅταν
2924 1323 3075 1394 παρὰ
3097 1324 3207 1376 τῶν
3237 1322 3567 1378 διδασκάλων
3600 1323 3767 1394 ἔχωσι

2191 1413 2259 1469 τά
2290 1414 2730 1488 παραδείγματα.

2264 1508 2540 1562 Διδάσκων
2596 1525 2682 1572 τις
2713 1507 2982 1578 μανθάνει
3036 1508 3222 1572 πλέον,
3279 1508 3375 1562 καὶ
3418 1507 3588 1577 λέγων
3641 1526 3768 1565 συν-

2192 1603 2462 1674 ακροᾶται
2498 1600 2756 1665 πολλάκις
2789 1602 2902 1667 τοῖς
2933 1601 3297 1656 ὑπακούουσιν
3321 1602 3506 1657 αὐτοῦ.

2239 1780 2522 1869 ’Παιδείας
2552 1780 2823 1852 σύμϐολον
2853 1784 2887 1852 ἡ
2922 1780 3141 1852 ράὁδος.
3179 1783 3345 1835 ’Δνευ
3377 1783 3487 1854 γὰρ
3516 1781 3606 1836 τοῦ
3637 1785 3771 1838 δυσ-

2193 1873 2509 1944 ωπηθῆναι,
2543 1873 2642 1928 καὶ
2669 1875 2798 1946 περὶ
2827 1874 2985 1930 ἐνίων
3041 1875 3462 1946 ὲπιπληχθῆναι,
3492 1875 3774 1930 νουθεσίαν

2127 1939 2166 1994 Β
2193 1939 2529 2034 ἐνδείξασθαι
2564 1968 2658 2022 καὶ
2697 1939 3073 2040 σωφρονισμὸν
3101 1939 3406 2041 ἀμήχανον.

2266 2153 2380 2225 Οὐχ
2406 2153 2484 2218 ὡς
2509 2151 2732 2208 δύναται
2777 2153 3048 2211 διδάσκειν
3079 2153 3107 2208 6
3139 2153 3482 2218 διδάσκαλος,
3509 2151 3655 2208 οὕτω
3679 2157 3776 2206 καὶ

2199 2245 2492 2317 μανθάνειν
2526 2250 2554 2301 6
2582 2245 2877 2318 γνώριμος.
2925 2247 3144 2320 Ἐπειδὴ
3200 2246 3229 2299 6
3261 2246 3368 2319 μὴν
3397 2246 3617 2312 τέλειος,
3656 2249 3687 2301 6
3721 2247 3776 2301 δί

2195 2337 2395 2410 ἀτελής
2426 2339 2597 2394 ἐστιν.
2628 2339 2792 2394 Ὅθεν
2825 2339 3095 2412 προσήκει
3146 2338 3508 2410 στοχάζεσθαι
3534 2340 3631 2407 τῆς
3678 2337 3776 2394 τοῦ

2198 2431 2424 2486 παιδευο
2430 2435 2595 2502 μένου
2626 2431 2930 2504 δυνάμεως.

2280 2523 2624 2595 Ἐπίστησον,
2665 2526 2694 2579 6
2732 2523 3022 2592 διδάσκων,
3077 2526 3174 2582 καὶ
3229 2528 3486 2594 ἐξέτασον
3534 2527 3783 2600 ἀκριϐῶς

2197 2615 2368 2690 ἀκοὴν
2404 2615 2498 2672 τοῦ
2533 2616 2916 2689 μανθάνοντος.
2949 2620 3164 2693 Εὑήθης
3213 2622 3322 2693 γάρ
3347 2624 3379 2678 6
3405 2621 3574 2694 κωφῷ
3595 2622 3781 2677 διαλε-

2197 2711 2451 2783 γόμενος,
2482 2712 2580 2768 xal.
2607 2714 2837 2787 μάταιος
2870 2714 2900 2768 ὁ
2923 2713 3072 2769 λίθον
3112 2715 3404 2770 νουθετῶν.
3444 2715 3553 2770 Καὶ
3595 2717 3660 2770 σὺ
3697 2714 3783 2771 ἒν-

2197 2821 2324 2876 οχος
2368 2805 2643 2880 ἁμαρτιας
2693 2807 2907 2881 σεαυτῷ
2959 2807 3083 2882 ἔσῃ,
3119 2811 3148 2864 6
3182 2809 3256 2882 μὴ
3311 2809 3780 2880 ἐπισκεψάμενος,

2198 2899 2368 2969 ὅπως,
2403 2901 2500 2959 καὶ
2540 2902 2768 2977 πηνίκα,
2807 2903 2902 2960 καὶ
2928 2903 3063 2959 πότε
3090 2903 3171 2959 δεῖ
3203 2904 3362 2975 λόγον
3393 2904 3658 2977 προέσθαι
3691 2921 3784 2959 σου

2198 2991 2352 3064 φίας.

2280 3171 2341 3226 Ὀ
2359 3169 2541 3227 λαϐὼν
2566 3171 2750 3245 χάριν,
2786 3173 2996 3245 ὀφείλει
3023 3173 3274 3245 ἀφθόνως
3297 3175 3648 3248 παραδιδόναι
3668 3177 3782 3240 τοῖς

521 3265 764 3335 praebere
791 3266 954 3323 debet
994 3267 1065 3326 iis
1111 3269 1204 3340 qui
1230 3268 1476 3325 discendi
1508 3269 1785 3327 desiderio
1817 3279 2096 3340 tenentur,

2211 3263 2418 3319 θέλουσι
2452 3264 2767 3335 μανθάνειν,
2799 3265 2984 3330 καθὼς
3039 3267 3132 3322 καὶ
3164 3268 3192 3322 6
3227 3267 3432 3340 Κύριος
3485 3264 3625 3333 εἷπε,
3660 3272 3782 3322 Δωο

520 3359 988 3430 quemadmodum
1023 3362 1290 3418 Dominus
1328 3361 1473 3418 dixit
1505 3382 1520 3420 :
1567 3362 1749 3420 Gratis
1798 3365 2099 3435 accepistis,

519 3454 688 3524 gratis
725 3451 850 3508 date
898 3452 1138 3528 (Matth.
1191 3472 1248 3521 x,
1282 3456 1381 3527 8).
1412 3454 1550 3511 Nam
1606 3457 1687 3512 illi
1739 3460 1831 3530 qui
1866 3458 2099 3529 accepit,

518 3559 628 3602 nec
663 3554 850 3604 tamen
889 3546 1153 3618 impertit,
1188 3547 1243 3602 id
1275 3549 1440 3604 etiam
1479 3550 1624 3620 quod
1661 3549 1848 3616 habet,
1883 3549 2102 3607 aufere-

523 3646 616 3692 tur
653 3636 724 3694 ab
752 3652 840 3700 eo.
868 3637 982 3694 Nec
1006 3654 1136 3696 vero
1156 3640 1328 3710 justis
1361 3639 1652 3709 duntaxat,
1687 3642 1782 3698 sed
1821 3649 1875 3697 et
1908 3657 2102 3714 pecca-

515 3731 736 3788 toribus
770 3732 1003 3804 gratiam
1052 3733 1244 3788 tribuit
1274 3732 1440 3800 Deus,
1489 3744 1551 3789 ut
1584 3734 1678 3805 qui
1719 3735 2101 3791 necinviden-

523 3823 597 3878 tia
639 3822 870 3892 laborat,
910 3839 1014 3882 nec
1069 3825 1143 3882 sit
1187 3832 1450 3896 acceptor
1478 3840 1874 3895 personarum,
1907 3841 2100 3882 verum

518 3913 660 3969 oriri
697 3913 872 3971 solem
905 3930 1068 3973 suum
1119 3913 1288 3970 faciat
1325 3917 1492 3987 super
1520 3915 1698 3973 bonos
1732 3922 1786 3972 et
1816 3916 2012 3984 malos,
2046 3923 2104 3972 et

523 4007 680 4079 pluat
729 4021 899 4081 super
941 4007 1129 4079 iustos
1173 4015 1228 4064 et
1279 4007 1542 4080 injustas,
1594 4024 1698 4064 nec
1756 4018 2101 4080 peccatoretn

523 4105 874 4168 aspernetur,
905 4097 1002 4156 sed
1046 4097 1149 4170 ipsi
1198 4113 1422 4170 quoque
1470 4098 1722 4154 nonnihil
1766 4098 1959 4170 gratiae
1990 4099 2103 4154 lar-

524 4190 724 4260 giatur.
782 4189 1093 4263 Unicuique
1141 4190 1311 4263 igitur
1349 4205 1622 4264 propenso
1663 4191 1848 4246 animo
1899 4187 2111 4248 docere

526 4282 814 4340 incumbit.

525 4396 693 4471 436
739 4398 878 4456 ΤΙΤ.
937 4399 1260 4457 IUL—De
1316 4401 1636 4456 calumnia:
1702 4396 1841 4470 quod
1915 4408 2107 4455 tenter:

917 4489 1036 4526 eam
1060 4474 1297 4543 excipere
1321 4489 1425 4526 non
1457 4481 1719 4541 oporteat.

603 4563 778 4621 Exod.
839 4581 999 4634 χχιιι,
1042 4566 1094 4621 1.
1125 4593 1194 4606 --
1222 4585 1241 4619 ι
1289 4563 1411 4620 Non
1455 4565 1716 4622 admittes
1766 4563 2104 4619 auditionem

529 4673 746 4714 vanam.
789 4677 808 4712 Ι

600 4751 757 4806 Ρεαι.
809 4766 860 4818 c,
899 4751 953 4808 5.
979 4779 1050 4793 -ν
1085 4771 1105 4806 ι
1151 4751 1543 4809 Detrahentem
1594 4755 1816 4806 secreto
1856 4749 2108 4820 proximo

532 4858 656 4905 suo,
690 4843 838 4898 hunc
865 4843 1258 4914 persequebar.
1301 4861 1320 4895 θ

604 4933 964 5004 S.Cltrysost.
999 4935 1205 5002 -—Qui
1259 4933 1327 4990 de
1379 4933 1632 5007 proximo
1686 4949 1789 4990 suo
1842 4932 2105 4999 detrahit,

535 5029 804 5084 fraternas
852 5044 1054 5084 carnes
1103 5028 1256 5096 edit;
1306 5030 1438 5100 quia
1494 5028 1654 5083 fama:
1713 5029 1865 5083 illius
1913 5026 2110 5103 inﬂigit

533 5124 751 5186 vulnus,
786 5132 842 5179 et
879 5125 1089 5179 inﬁnita
1121 5124 1228 5178 alia
1261 5124 1400 5177 mala
1445 5139 1539 5194 per
1566 5139 1880 5180 sermonem
1915 5138 2109 5194 perpe-

429 5271 437 5288 ,
535 5224 663 5268 trat.
697 5213 882 5287 Neque
923 5217 994 5273 iis
1048 5223 1259 5272 tantum
1304 5218 1396 5287 qui
1449 5217 1786 5283 obtrectant,
1824 5231 2014 5272 verum
2045 5217 2111 5272 iis

531 5311 695 5363 etiam
754 5309 866 5380 qui.
903 5310 1280 5365 obtrectantes
1341 5310 1589 5372 audiunt,
1654 5309 1919 5364 obturare
1954 5323 2113 5364 aures

536 5416 753 5464 moneo,
785 5416 849 5455 ac
883 5401 1213 5473 Prophetam
1249 5402 1474 5466 imitari,
1528 5401 1620 5471 qui
1656 5401 1732 5454 ait
1768 5419 1781 5456 :
1819 5400 2113 5456 Detrahen-

543 5503 643 5546 tem
699 5502 896 5546 secreto
947 5494 1191 5561 proximo
1238 5509 1356 5555 suo,
1405 5493 1544 5546 hunc
1592 5495 1958 5564 persequebar.
2017 5492 2114 5548 Dic

538 5586 789 5656 proximo
822 5605 832 5639 :
868 5585 922 5640 Si
960 5587 1057 5642 tibi
1088 5587 1145 5642 in
1179 5587 1365 5641 animo
1391 5593 1474 5641 est
1509 5585 1751 5655 aliquem
1804 5587 2031 5640 laudare
2061 5595 2117 5640 εε

546 5681 861 5748 pnedicare,
891 5697 1054 5736 aures
1087 5681 1300 5751 aperio,
1335 5691 1392 5735 ut
1428 5687 1766 5749 unguentum
1797 5679 2109 5749 excipiam:

546 5772 630 5825 sin
662 5774 969 5841 quempiam
1007 5773 1318 5827 maledictis
1358 5773 1635 5828 lacessere
1671 5786 1859 5843 paras,
1906 5771 2112 5825 aditum

548 5866 733 5920 verbis
763 5867 872 5920 tuis
908 5867 1160 5922 obstrno.

634 5956 904 6028 Ejusdem.
937 5992 1003 6001 —-
1037 5958 1211 6016 Vitam
1242 5959 1466 6017 alterius
1502 5959 1723 6019 curiose
1758 5957 2116 6030 perscrutari,

2193 3356 2346 3426 ρεὰγ
2373 3355 2635 3423 ἐλάϐετε,
2688 3358 2916 3427 δωρεὰν
2940 3359 3103 3416 δότε.
3129 3359 3220 3432 Τῷ
3263 3360 3375 3432 γὰρ
3421 3360 3656 3427 λαϐόντι,
3688 3363 3789 3414 καὶ

2206 3452 2280 3524 μὴ
2324 3453 2682 3525 μεταδιδόντι,
2737 3455 2834 3512 καὶ
2862 3453 2892 3510 δ
2941 3454 3056 3527 ἔχει
3090 3456 3392 3530 ἀρθήσεται
3461 3459 3556 3513 ἀπ’
3589 3457 3788 3512 αὐτοῦ.

2203 3546 2315 3599 Καὶ
2352 3545 2414 3599 οὐ
2444 3545 2608 3616 μόνον
2657 3545 2890 3613 δικαίοις
2914 3547 3100 3602 δίδωσι
3139 3548 3237 3620 τὴν
3282 3548 3467 3620 χάριν,
3524 3549 3657 3602 ἀλλά
3690 3551 3796 3604 καὶ

2205 3638 2571 3711 ἁμαρτωλοῖς.
2630 3640 2855 3714 Ἐπειδὴ
2930 3641 3166 3712 sepem;
3222 3643 3372 3696 ἐστιν
3425 3645 3456 3698 6
3505 3643 3634 3706 Θεδς
3691 3645 3795 3697 καὶ

2203 3732 2734 3805 ἀπροσωπόληπτος,
2763 3732 2860 3790 καὶ
2889 3734 3171 3790 ἀνατέλλει
3198 3736 3289 3790 τὸν
3311 3735 3464 3807 ἥλιον
3491 3735 3653 3790 αὑτοῦ
3690 3739 3787 3791 ἐπὶ

2201 3822 2478 3894 πονηροὺς
2497 3820 2593 3876 καὶ
2618 3821 2878 3892 ἀταθοῦζ,
2921 3823 3016 3879 καὶ
3071 3822 3259 3896 βρέχει
3306 3824 3398 3878 ἐπὶ
3419 3825 3660 3889 δικαίους
3690 3825 3793 3880 καὶ

2202 3910 2450 3978 ἀδίκους⁶
2482 3912 2578 3968 καὶ
2623 3911 2686 3966 οὐ
2729 3913 2947 3986 παρορᾷ
2977 3910 3068 3966 τδν
3091 3911 3500 3985 ἁμαρτάνοντα,
3530 3911 3666 3966 ἀλλά
3705 3910 3787 3966 δί-

2200 4005 2335 4061 δωσι
2364 4005 2606 4078 κάκείνῳ
2647 4003 2856 4079 μικρὰν
2891 4005 3075 4083 χάριν.
3107 4005 3383 4071 Ἕκαστος
3416 4000 3511 4061 οὖν
3534 4003 3787 4076 ἀφθόνως

2201 4098 2409 4171 ὀφείλει
2437 4099 2738 4159 διδάσκεινι
2889 4097 2894 4102 ’

2203 4390 2386 4446 ΤιΤΑ.
2413 4390 2500 4446 IB.
2525 4421 2596 4433 -—
2627 4390 2768 4463 Περὶ
2791 4389 3075 4463 διαϐολῆς
3096 4407 3108 4421 ·
3143 4392 3232 4446 ὅτι
3285 4391 3359 4446 οὐ
3389 4390 3505 4463 χρὴ
3534 4390 3790 4460 ἀκρίτως

2683 4461 2964 4532 δέχεσθαι
2991 4462 3302 4529 διαϐολήν.

2287 4571 2306 4606 ι
2335 4552 2408 4612 Οὐ
2433 4554 2715 4630 παραδέξῃ
2743 4555 2916 4626 ἀκοὴν
2949 4554 3208 4626 ματαίαν.
3240 4573 3270 4607 ι.

2288 4757 2307 4791 ι
2337 4737 2440 4792 Τὸν
2471 4737 2877 4796 καταλαλοῦντα
2896 4738 3073 4810 λάθρα
3099 4737 3194 4793 τοῦ
3213 4737 3440 4811 πλησίον
3468 4736 3788 4792 αὐτόσε-οὖ,

2207 4847 2299 4885 τον
2321 4829 2624 4898 ὲξεδίωκον.
2657 4850 2676 4885 ι

2292 4921 2351 4974 '0
2373 4921 2675 4976 διαϐάλλων
2695 4925 2790 4978 τὸν
2821 4922 3071 4992 πλησίον,
3096 4921 3360 4994 ἀδελφικά
3404 4923 3540 4994 κρέα
3561 4922 3785 4992 ἔφαγεν,

2213 5010 2480 5082 ὑπόληψιν
2530 5011 2770 5084 τρώσας,
2829 5015 2925 5068 καὶ
2984 5013 3158 5087 μύρία
3203 5013 3369 5086 ἕτερα
3411 5015 3786 5085 ἐργασάμενος

2211 5106 2298 5160 διὰ
2325 5105 2417 5159 τοῦ
2440 5105 2602 5176 λόγου
2627 5106 2800 5164 κακά.
2843 5108 2918 5162 Οὐ
2941 5109 3052 5172 τοῖς
3085 5107 3273 5172 κακῶς
3312 5107 3470 5179 μόνον
3491 5106 3785 5177 ἀγορεύου-

2216 5216 2319 5265 σιν,
2352 5197 2487 5252 ἀλλά
2514 5199 2607 5252 καὶ
2631 5201 2743 5264 τοῖς
2763 5200 3021 5256 ἀκούουσι
3054 5199 3239 5264 κακῶς
3257 5199 3517 5267 λέγοντας
3544 5199 3782 5270 ἐτέρους.

2216 5291 2464 5364 ἰαραινῶ
2481 5291 2582 5358 τὰς
2605 5292 2775 5358 ἀκοὰς
2807 5293 3200 5368 ἀποφράττειν,
3229 5291 3326 5347 καὶ
3366 5291 3459 5347 τὸν
3492 5293 3782 5368 Προφήτην

2219 5386 2561 5457 μιμήσασθαι
2587 5386 2678 5440 τὸν
2697 5385 2927 5456 λέγοντα
2949 5404 2965 5420 ο
2990 5387 3100 5441 Τὸν
3119 5385 3580 5442 maculam-Orta
3601 5384 3782 5455 λάθρα

2215 5477 2322 5532 τοῦ
2360 5479 2630 5547 πλησίον
2662 5477 2870 5542 αὐτοῦ,
2889 5477 3104 5533 τοῦτον
3127 5476 3465 5542 ἐξεόίωκον.
3494 5475 3635 5529 Εἰπὲ
3657 5474 3779 5544 πρὸς

2216 5572 2308 5624 τὸν
2338 5571 2592 5643 πλησίον⁹
2632 5572 2706 5628 Εἰ
2745 5571 2888 5647 ἔχεις
2914 5571 3036 5625 τινὰ
3070 5570 3354 5626 ἐπαινέσαι
3394 5570 3487 5623 καὶ
3511 5568 3781 5640 ἐγκωμιά-

2221 5684 2333 5732 σαι,
2369 5666 2572 5736 άνοίγω
2596 5664 2696 5730 τὰς
2725 5664 2914 5736 ἀκοὰς,
2950 5664 3035 5718 ἵνα
3061 5663 3302 5734 δέξωμαι
3336 5661 3405 5715 τὰ
3433 5665 3598 5734 μόρι’
3629 5661 3693 5712 ἂν
3729 5659 3778 5712 δὲ

2221 5759 2407 5822 κακῶς
2463 5755 2655 5829 ἐθέλῃς
2721 5759 2917 5824 εἰπεῖν,
2943 5755 3276 5828 ἀποφράττω
3298 5755 3396 5827 τὴν
3438 5753 3639 5807 εἴσοδον
3673 5755 3780 5814 τοις

2224 5856 2452 5927 ῥήμασι.
2833 5909 2836 5913 ,

2283 5939 2410 5999 Βίον
2425 5943 2703 6018 ἀλλότριον
2730 5936 3598 6017 περιεργάζεσθαι,ἀνελευθερίας
3625 5933 3777 6006 δαῖέ·
