4010 6302
540 227 674 296 1379

1721 237 1783 301 8.
1822 237 2141 324 JOANNIS
2171 241 2607 311 DAMASCENI

3663 261 3783 332 1380

608 349 768 405 Prov.
798 361 876 415 xI,
918 342 1004 401 l8.
1032 375 1100 389 ——
1133 363 1157 399 ο
1184 343 1494 403 Seminanti
1532 346 1841 421 justitiam,
1888 366 2084 410 merce:

2286 375 2302 408 ι
2346 358 2404 412 '0
2422 361 2660 432 σπείρων
2680 361 3027 438 δικαιοσύνην
3051 366 3282 442 λήψεται
3305 370 3503 444 μισθὸν
3526 377 3731 443 πιστόν.
3761 398 3777 433 ι

517 441 732 499 fidelis.
775 459 793 494 ι

601 534 766 591 Prov.
805 547 927 590 xm.
977 530 1032 590 6.
1094 563 1168 576 --
1224 552 1243 586 ι
1283 530 1508 592 Justitia
1550 507 1799 594 custodit
1835 497 2110 597 inuocem

525 637 634 685 tes.
668 647 687 684 ι

595 725 758 782 Prov.
813 740 906 791 xv,
951 724 1004 788 9,
1067 725 1122 781 5.
1167 752 1238 765 —
1286 743 1303 776 ι
1365 722 1770 794 Persequentes
1827 719 2105 793 justitiam

522 830 676 877 amat
707 821 876 878 Deus.
912 820 970 875 In
997 819 1299 876 abundanti
1331 817 1582 889 iustitia,
1614 816 1798 872 virtus
1824 831 2042 888 magna.
2078 835 2098 870 ι

590 914 754 969 Prov.
787 929 908 979 xxi,
937 911 1030 968 2i.
1055 941 1123 954 ---
1158 932 1177 962 ι
1212 910 1314 966 Via
1339 909 1571 982 iustitiae
1612 917 1669 965 et
1704 907 2108 969 misericordiae

520 1007 769 1069 inveniet
800 1007 967 1061 vitam
1003 1013 1058 1061 et
1090 1003 1358 1076 gloriam.
1397 1021 1420 1056 ›

600 1100 757 1156 Prov.
783 1098 861 1165 xi,
894 1097 986 1153 ὅθ.
1017 1116 1133 1150 -οι
1185 1095 1264 1152 Ex
1313 1095 1500 1151 fructu
1553 1092 1790 1167 justitite
1848 1092 2104 1150 nascitur

517 1194 725 1266 lignum
765 1194 912 1248 vitae.
939 1209 959 1244 ι

594 1307 614 1340 ι
647 1286 990 1345 Potestatem
1028 1282 1125 1341 dat
1151 1281 1510 1340 sermonibus
1536 1279 1761 1336 initium
1782 1277 2044 1350 justitire.
2075 1297 2094 1332 ι

587 1381 748 1436 Prov.
779 1393 856 1447 xt,
888 1377 944 1434 4.
978 1406 1050 1418 -
1077 1393 1096 1428 ι
1127 1373 1355 1432 Justitia
1401 1370 1932 1444 irreprehensibiles
1974 1370 2098 1427 vias

515 1473 708 1529 struit.
748 1490 768 1526 ι

584 1567 745 1623 Prov.
802 1579 915 1630 xvr,
970 1562 1023 1619 5.
1055 1591 1128 1604 —-
1173 1578 1194 1616 ι
1247 1558 1478 1616 initium
1519 1558 1649 1615 vita:
1689 1556 1850 1614 bonae
1915 1555 2099 1613 facere

505 1663 679 1734 justa.
720 1676 742 1712 ι

2207 608 2210 610 Ι
2291 557 2311 593 ι
2349 541 2676 618 Δικαιοσύνη
2705 545 2969 616 φυλάττει
3000 547 3272 623 ἀκάκους.
3291 572 3319 611 ι

2288 737 2307 774 ι
2344 721 2650 789 Διώκοντας
2674 703 3022 800 δικαιοσύνην
3048 731 3241 806 ἀγαπᾷ
3259 733 3292 787 δ
3317 733 3480 800 826:.-
3517 735 3604 793 Ἐν
3634 738 3782 808 πλεο-

2206 813 2447 890 ναζούσῃ
2465 816 2780 894 δικαιοσύνη
2804 821 2956 895 ἰσχὺς
2980 824 3169 899 πολλή.
3199 845 3220 881 ι

2205 928 2308 1058 παῖ
2516 911 2860 987 δικαιοσύνης
2894 917 2992 974 καὶ
3013 919 3390 996 ἐλεημοσύνης
3407 923 3629 999 εύρήσιι
3645 925 3782 1002 ζωὴν

2491 1046 2510 1062 .
2548 1023 2573 1060 ι

2279 1115 2300 1150 ‹
2342 1097 2438 1154 Ἐκ
2458 1101 2674 1170 καρποῦ
2697 1103 3051 1181 δικαιοσύνης
3076 1109 3272 1182 φύεται
3309 1111 3530 1186 δένδρον
3552 1116 3726 1190 ζωῆς.
3756 1137 3788 1173 ι.

2278 1292 2297 1325 ι
2339 1272 2621 1342 Ἐξουσίαν
2656 1275 2843 1334 δίδωσι
2879 1278 3057 1350 λόγοις
3086 1281 3228 1357 ἁρχὴ
3244 1285 3611 1360 δικαιοσύνης.
3654 1307 3674 1343 ι

2275 1383 2295 1418 ι
2325 1368 2653 1440 Δικαιοσύνη
2673 1369 2938 1445 ἀμώμους
2968 1374 3258 1450 ὀρθοτομεϊ
3279 1379 3454 1448 ὁδούς.
3497 1403 3521 1437 ι

2276 1565 2294 1598 ι
2340 1545 2507 1621 Ἀρχὴ
2532 1547 2653 1603 ὁδοῦ
2681 1550 2914 1625 ἀγαθῆς,
2945 1555 3120 1610 ποιεῖν
3147 1555 3357 1614 δίκαια.
3401 1579 3422 1612 ι

549 1811 556 1816 ,
581 1753 749 1810 Prov.
775 1766 895 1816 xvi,
924 1749 1132 1807 l7.—-—r
1153 1743 1468 1819 Longitudo
1491 1743 1651 1810 vitae,
1672 1740 1762 1798 via
1792 1739 2046 1813 justitiat.
2066 1758 2084 1793 ι

2266 1754 2286 1787 ι
2327 1736 2521 1810 Μῆκος
2545 1737 2662 1810 βίου
2700 1740 2818 1808 ὁδὸς
2842 1742 3218 1820 δικαιοσύνης.
3251 1766 3272 1802 ι

583 1844 746 1900 Prov.
807 1858 925 1908 xxi,
952 1842 1102 1898 5.-
1141 1859 1160 1893 ‹
1208 1837 1417 1894 Facere
1459 1835 1634 1907 justa,
1686 1841 1743 1890 et
1794 1832 2088 1890 veritatem

489 1936 720 2001 dicere,
753 1933 931 2007 magis
980 1931 1166 2006 placet
1219 1928 1476 1998 Domino,
1533 1939 1702 2000 quam
1751 1923 1982 1996 sanguis
2006 1923 2091 1981 vi-

511 2031 717 2089 ctimae.
759 2047 780 2081 ι

581 2125 698 2180 lsa.
735 2137 914 2188 xxxu,
970 2117 1054 2177 l7.
1097 2135 1209 2171 -ι
1247 2114 1431 2173 Erunt
1473 2128 1647 2188 Opera
1693 2111 1925 2186 iustitia:
1957 2126 2087 2185 pax,

505 2224 562 2272 et
591 2214 868 2271 obtinebit
902 2201 1124 2282 iustitia
1152 2208 1426 2280 requiem.
1458 2223 1478 2260 ι

580 2305 698 2364 Ira.
719 2322 866 2370 nrt,
890 2305 950 2369 9,
968 2303 1126 2360 2.—-t
1149 2300 1431 2358 Justitiam
1453 2296 1678 2364 discite,
1704 2295 1802 2370 qui
1826 2295 2090 2352 habitatis

508 2401 742 2456 interra
773 2413 793 2452 :
835 2393 1079 2451 cessavit
1125 2391 1277 2448 enim
1317 2389 1548 2461 impius.
1599 2387 1827 2459 Aperite
1875 2393 2087 2456 portas,

511 2489 861 2563 ingrediatur
894 2485 1140 2560 populus
1170 2482 1498 2541 custodiens
1525 2480 1804 2553 justitiam
1837 2488 1893 2536 et
1933 2479 2087 2536 veri-

503 2595 696 2643 tatem.
737 2601 759 2636 »
1914 2609 1917 2612 -

575 2676 694 2734 Ira.
721 2689 833 2743 LVI,
865 2672 922 2730 l.
945 2701 1017 2714 -
1040 2687 1064 2726 ι
1109 2667 1240 2726 Haec
1270 2665 1408 2725 dicit
1439 2663 1750 2723 Dominus:
1799 2660 2090 2737 Custodite

499 2766 801 2840 judicium,
863 2761 1032 2821 facite
1079 2759 1357 2832 justitiam
1411 2758 1678 2815 divinam.
1734 2754 1938 2814 Beatus
1990 2751 2088 2827 qui

505 2854 645 2912 facit
675 2855 817 2924 haec,
844 2859 901 2909 et
935 2850 1029 2924 qui
1061 2850 1263 2907 retinet
1304 2849 1432 2906 ista.
1470 2866 1491 2902 ι

577 2948 709 3019 Sap.
747 2963 789 3013 ι,
824 2945 915 3002 15.
939 2974 1008 2987 -—
1041 2962 1066 3021 t
1095 2942 1324 3000 Justitia
1354 2939 1691 2997 immortalis
1721 2944 1830 2998 est.
1855 2956 1876 2992 ι

574 3038 708 3109 Sap.
745 3052 873 3103 vui,
919 3035 973 3092 7.
1004 3065 1077 3076 —
1108 3053 1127 3088 ι
1152 3035 1214 3091 Si
1251 3031 1536 3106 justitiam
1568 3031 1752 3105 diligit
1801 3031 1971 3104 quis,
2003 3029 2086 3092 la-

504 3131 667 3188 bores
700 3128 875 3200 ipsius
906 3126 1038 3184 sunt
1065 3128 1321 3183 virtutes.
1354 3142 1374 3177 ι
2066 3193 2069 3196 ι

489 3281 491 3283 ,
545 3221 750 3301 ΔΕσειὶ.
790 3236 965 3288 xxvu,
1009 3218 1064 3275 9.
1096 3247 1167 3261 —-
1194 3237 1214 3273 ι
1267 3216 1328 3274 Si
1363 3216 1621 3289 sequaris
1657 3216 1964 3290 justitiam,
1991 3233 2089 3293 ap-

493 3314 820 3391 prehendes
854 3328 1000 3380 eam,
1028 3321 1084 3370 et
1124 3310 1329 3369 indues
1367 3310 1518 3369 illam
1567 3318 1632 3367 ut
1667 3311 1933 3383 podcrem
1966 3312 2086 3386 glo-

503 3425 621 3465 ΙἹὶιξ.
661 3425 681 3461 Ι

574 3499 773 3555 Matth.
804 3515 858 3565 ν,
892 3497 945 3554 6.
980 3526 1050 3539 -—-
1077 3514 1096 3549 ι
1135 3494 1289 3550 Beati
1346 3493 1440 3565 qui
1473 3492 1732 3551 esuriuut
1778 3501 1836 3550 et
1886 3494 2087 3552 sitiunt

499 3594 795 3665 justitiam,
829 3590 1092 3663 queniam
1134 3580 1704 3658 ipsisaturabuntur.
1741 3604 1762 3641 ι

573 3687 603 3742 1
627 3677 793 3744 Ιοοη.
825 3700 888 3748 ιι,
915 3683 1007 3740 9.9.
1032 3710 1104 3722 —
1131 3677 1323 3736 Omnis
1357 3681 1452 3752 qui
1498 3675 1637 3736 facit
1677 3679 1974 3753 justitiam,
2013 3694 2084 3738 ex

502 3783 615 3840 Deo
646 3789 754 3838 est.
794 3799 815 3834 ι

536 3875 748 3951 __Busit.
801 3873 856 3927 in
911 3872 1083 3941 princ.
1143 3867 1302 3924 Prov.
1334 3898 1405 3909 —
1444 3866 1672 3924 Iustitia
1725 3879 1812 3925 est
1858 3866 2081 3926 habitus

497 3967 802 4038 unicuique
844 3966 1098 4021 tribuens
1153 3961 1304 4034 quod
1345 3961 1574 4034 dignum
1628 3963 1815 4018 fuerit.
1846 3961 1905 4018 Id
1950 3976 2081 4018 vero

497 4061 720 4132 assequi
773 4057 938 4114 facile
1000 4071 1108 4110 non
1160 4063 1290 4110 est:
1339 4053 1488 4126 quod
1537 4054 1796 4112 videlicet
1833 4055 1925 4110 alii
1959 4055 2082 4126 qui-

496 4155 618 4213 dem
651 4154 909 4210 homines
955 4150 1026 4207 ob
1078 4148 1393 4222 prudentiae
1443 4148 1687 4219 inopiam
1731 4147 1877 4205 haud
1924 4149 2081 4208 inve-

497 4249 658 4305 niunt
692 4261 802 4320 quo
825 4256 986 4317 pacto
1016 4243 1317 4314 unicuique
1348 4243 1496 4314 quod
1531 4258 1750 4314 aequum
1782 4242 1854 4300 sit
1885 4244 2077 4299 distri-

496 4345 702 4411 buant;
763 4339 858 4396 alii
911 4352 1045 4395 vero
1079 4335 1172 4408 jus
1224 4335 1569 4406 oblitteram,
1626 4335 1755 4408 quia
1816 4335 2076 4392 humanis

2269 1850 2290 1888 ι
2322 1833 2502 1914 llater
2530 1832 2736 1900 δίκαια,
2768 1837 2863 1891 καὶ
2900 1822 3208 1910 ἀληθεύειν,
3242 1840 3452 1913 ἀρεστὰ
3482 1845 3635 1916 παρὰ
3661 1845 3776 1918 Θεῷ

2187 1920 2396 1993 μᾶλλον
2422 1918 2456 1993 ἢ
2490 1922 2691 1980 θυσιῶν
2717 1920 2880 1999 αἷμα.
2913 1945 2934 1979 ι

2268 2117 2289 2152 ι
2315 2093 2507 2156 Ἔσται
2523 2100 2593 2157 τὰ
2608 2100 2747 2175 ἔργα
2774 2103 3125 2180 δικαιοσύνης
3146 2098 3362 2184 είρήνη,
3386 2111 3481 2169 καί
3508 2113 3777 2188 κρατήσει

2190 2189 2227 2261 ἡ
2252 2189 2569 2263 δικαιοσύνη
2588 2192 2919 2252 ἀνάπαυσιν.
2954 2214 2975 2251 ι

2264 2299 2284 2334 ‹
2311 2283 2669 2356 Δικαιοσύνην
2699 2285 2922 2359 μάθετε,
2946 2289 2998 2343 οἱ
3024 2289 3360 2359 ἐνοικοῦντες
3389 2295 3486 2350 ἐπὶ
3526 2297 3626 2370 τῆς
3647 2299 3777 2372 γῆς·

2189 2373 2463 2432 πέπαυται
2496 2375 2604 2450 γὰρ
2627 2377 2657 2432 ὁ
2683 2374 2910 2451 ἀσεϐής.
2955 2378 3225 2452 Ἀνοιξατε
3255 2386 3452 2455 πύλας,
3481 2382 3776 2448 εἰσελθέτω

2186 2469 2314 2537 λαὸς
2344 2469 2999 2556 φυλάττωνδικαιοσύνην
3023 2477 3115 2532 καὶ
3144 2477 3424 2555 ἀλήθειαν.
3463 2501 3483 2537 ι
3665 2471 3669 2474 ’

2264 2683 2287 2721 ι
2329 2664 2468 2746 Τάδε
2495 2665 2646 2738 λέγει
2670 2665 2878 2740 Κύριος
2897 2684 2916 2701 ·
2941 2667 3286 2745 φυλάσσεσθε
3309 2670 3494 2745 κρίσιν
3511 2713 3528 2740 ,
3565 2675 3775 2732 ποιεῖτε

2185 2758 2534 2832 δικαιοσύνην
2580 2757 2765 2817 θείαν.
2822 2760 3109 2834 Μακάριος
3165 2765 3194 2818 ὀ
3243 2761 3418 2835 ποιῷν
3468 2749 3776 2825 ταῦτακαὶ

2187 2849 2544 2922 ἀντεχόμενος
2581 2846 2781 2908 αὐτῶν.
2821 2872 2842 2908 ι
3488 2852 3491 2855 ’

2263 2960 2283 2998 ι
2320 2943 2644 3016 Δικαιοσύνη
2673 2942 2941 3012 ἀθάνατός
2964 2937 3132 3006 ἐστιν.
3165 2969 3184 3004 ι

2263 3055 2282 3090 ι
2317 3036 2444 3094 Ἐὰν
2462 3036 2809 3118 δικαιοσύνην
2833 3037 3148 3118 άγαπᾷτις,
3183 3045 3232 3100 ot
3257 3045 3412 3102 πόνοι
3433 3044 3594 3104 αὐτοῦ
3630 3050 3773 3106 εἰσιν

2188 3127 2402 3200 ἀρεταί.
2438 3147 2459 3182 ι

2263 3240 2283 3276 ι
2333 3222 2460 3280 Ἐὰν
2477 3221 2679 3298 διιῖικῃς
2707 3223 2768 3279 τὸ
2792 3217 3024 3296 δίκαιον,
3048 3227 3387 3305 καταλήψει,
3446 3232 3541 3289 καὶ
3570 3233 3774 3308 ἐνδύσῃ

2186 3312 2321 3370 αὐτὸ
2339 3313 2415 3379 ὡς
2444 3314 2656 3395 ποδήρη
2675 3315 2854 3391 δόξης.
2889 3318 2944 3374 ι’.
3610 3356 3613 3357 ν

2264 3507 2284 3540 ι
2301 3489 2580 3566 Μακάριοι
2602 3493 2651 3548 οἱ
2678 3494 2974 3563 πεινῶντες
2991 3497 3089 3554 καὶ
3115 3497 3378 3571 διψιῖιντες
3393 3500 3772 3580 δικαιοσύνην,

2183 3581 2267 3635 ὅτι
2295 3581 2452 3639 αὐτοὶ
2477 3586 2963 3660 χορτασθήσονται.
2989 3608 3009 3645 ι

2263 3688 2285 3728 ι
2304 3676 2420 3742 Πᾶς
2445 3678 2475 3732 6
2508 3677 2680 3735 ποιῶν
2703 3681 2802 3755 τὴν
2827 3681 3195 3757 δικαιοσύνην,
3219 3686 3290 3742 ἐκ
3307 3689 3402 3743 τοῦ
3423 3687 3558 3747 Θεοῦ
3589 3690 3767 3747 ἔστι.»

2251 3874 2573 3949 Δικαιοσύνη
2590 3876 2738 3934 ἐστὶν
2768 3878 2880 3946 ἕξις
2904 3881 3280 3957 ἀπονεμητικὴ
3306 3883 3402 3939 τοῦ
3427 3885 3548 3941 κατ’
3580 3886 3773 3954 ἀξίαν.

2179 3967 2528 4040 Δυσθήρατον
2556 3971 2610 4024 δὲ
2641 3971 2820 4039 τοῦτο,
2851 3973 2958 4029 τῶν
2985 3976 3084 4048 μὲν
3114 3976 3205 4032 διὰ
3233 3977 3296 4032 τὺ
3335 3979 3461 4051 περὶ
3494 3981 3591 4052 τὴν
3627 3984 3770 4056 φρό-

2177 4076 2335 4132 νησιν
2365 4059 2606 4129 ὲλλειπὲς
2637 4064 2735 4135 οὐχ
2756 4066 3119 4139 εὑρισκόντων
3153 4069 3366 4144 ἑκάστῳ
3390 4071 3668 4144 διανεῖμαι
3709 4074 3772 4128 τὺ

2177 4146 2313 4218 ἴσον,
2337 4154 2447 4208 τῶν
2471 4154 2527 4209 δὲ
2547 4155 2633 4210 διὰ
2660 4156 2723 4210 τὸ
2748 4159 3182 4232 προκατέχεσθαι
3212 4161 3317 4216 ὑπὸ
3345 4151 3535 4218 παθῶν
3555 4164 3774 4237 ἀνθρωο

2177 4246 2372 4310 πίνων,
2398 4245 2768 4318 ἀφανιζόντων
2810 4250 2871 4306 τὸ
2906 4251 3134 4310 δίκαιον.
3166 4285 3237 4296 --
3271 4245 3340 4310 Ἥ
3381 4256 3552 4328 ἁρετὴ
3599 4256 3772 4329 λόγον

2178 4335 2367 4407 ὑγείας
2397 4339 2602 4412 ἐπέχει.
2635 4371 2702 4384 -ρ
2729 4343 3070 4417 Τιμιώτερον
3100 4346 3271 4420 ἁρετὴ
3323 4349 3362 4424 ἦ
3405 4350 3665 4420 πλοῦτος.
3703 4384 3771 4396 -

496 4435 790 4493 atiectibus
844 4432 1104 4505 occupati
1143 4437 1426 4486 tenentur.
1470 4459 1542 4472 -—
1571 4425 1765 4484 Virtus
1813 4429 2072 4486 sanitatis

2227 4432 2414 4502 ιρετῆς
2434 4433 2689 4505 ἄσκησις,
2719 4434 2900 4505 τίμιον
2927 4435 3031 4510 μὲν
3062 4439 3254 4511 κτῆμα
3280 4441 3360 4514 τῷ
3401 4442 3604 4517 ἔχοντι,
3643 4447 3771 4520 ῆδιο

494 4530 766 4584 rationem
808 4527 1041 4582 obtinet.
1069 4554 1138 4566 —-
1165 4521 1527 4578 Prmstautior
1577 4528 1664 4578 est
1704 4520 1883 4576 virtus
1941 4521 2064 4592 opi-

2173 4539 2297 4575 στον
2329 4523 2386 4578 δὲ
2425 4523 2604 4596 θέαμα
2640 4529 2753 4593 τοῖς
2789 4529 3229 4603 ἐντυγχάνουσιν.

494 4623 722 4676 bus.—
755 4617 921 4691 438
971 4615 1208 4670 Virtutis
1258 4615 1451 4671 cultus
1508 4620 1623 4667 tum
1683 4613 1955 4683 praeclara
2012 4613 2241 4670 habenti
2300 4620 2584 4686 possessio
2639 4627 2758 4687 est,
2812 4629 2927 4676 tum
2985 4621 3297 4693 jucundum
3362 4632 3764 4699 spectaculum

493 4713 567 4770 iis
599 4711 694 4784 qui
732 4726 858 4766 cum
891 4723 956 4764 eo
990 4713 1304 4764 versantur.

562 4823 624 4880 S.
654 4822 813 4894 (ἆγες.
847 4821 970 4876 Naz
1031 4830 1174 4876 orat.
1209 4821 1356 4876 1.-
1382 4819 1594 4875 Bonum
1652 4819 1909 4875 humanae
1966 4833 2070 4874 na-

491 4926 631 4973 turzc
677 4925 845 4987 captu
889 4915 1316 4986 haudquaquam
1360 4911 1522 4966 facile
1554 4917 1662 4977 est,
1694 4909 2065 4982 quemadmo-

490 5013 619 5066 dum
654 5010 797 5080 ignis
823 5008 1119 5064 humidiori
1161 5007 1426 5061 materias.

564 5126 624 5182 S.
651 5127 806 5198 (ἶνες.
837 5125 1151 5194 Nysam-r-
1189 5124 1460 5179 Virtutem
1504 5121 1572 5177 :tb
1617 5121 1771 5177 omni
1833 5130 1975 5175 metu
2009 5128 2065 5175 et

490 5219 869 5274 dominatione
907 5216 1133 5270 liberam
1163 5229 1285 5270 esse
1311 5213 1593 5268 convenit.

559 5330 755 5402 Ejusd.
801 5332 856 5383 in
909 5329 1067 5384 Cant.
1111 5338 1258 5382 cant.
1286 5326 1568 5383 —Virtus
1616 5342 1707 5384 res
1734 5335 1821 5383 est
1855 5326 2067 5383 nullius

490 5425 735 5482 dominio
798 5423 1136 5493 mancipata,
1188 5421 1281 5475 sed
1317 5421 1654 5487 voluntaria,
1703 5428 1756 5476 et
1808 5420 1875 5475 ab
1917 5423 2066 5476 omni

492 5521 828 5577 necessitate
858 5518 1048 5572 libera.

567 5626 751 5696 Ejusd.
773 5628 827 5680 in
845 5627 1069 5694 primam
1095 5623 1256 5678 beatit
1275 5655 1362 5676 .—-
1383 5620 1721 5692 Hujusmodi
1746 5633 1830 5682 est
1854 5626 2058 5682 divisio

490 5719 732 5779 virtutis,
779 5727 836 5772 ut
868 5727 918 5772 et
963 5718 1015 5771 in
1055 5732 1245 5772 omnes
1281 5714 1371 5784 qui
1409 5713 1585 5784 ipsius
1629 5717 1864 5772 studiosi
1899 5730 2051 5783 sunt,

2247 4815 2560 4889 Δύσληπτον
2575 4825 2638 4869 το
2665 4816 2869 4887 ἀγαθὸν
2907 4821 2976 4892 τῇ
3002 4818 3322 4894 ἀνθρωπίνῃ
3357 4825 3540 4895 φύσει,
3559 4826 3766 4900 ὥσπερ

2175 4911 2271 4968 καὶ
2305 4911 2418 4983 πῦρ
2448 4910 2547 4983 ὕλῃ
2573 4913 2640 4982 τῇ
2673 4911 2964 4986 ὑγροτέρᾳ.

2260 5131 2580 5203 Ἐλευθέραν
2612 5125 2751 5183 εἶναι
2772 5131 3034 5202 προσήκει
3067 5129 3268 5197 παντὸς
3298 5132 3464 5202 φόϐου
3491 5134 3591 5206 τὴν
3620 5137 3756 5207 ἀρε-

2169 5229 2268 5302 τὴν
2305 5229 2400 5283 καὶ
2428 5229 2739 5286 ἀδέσποτον.

2252 5343 2574 5397 Ἀδέσποτον
2608 5344 2641 5414 ἡ
2671 5342 2862 5414 ἀρετὴ,
2927 5344 3018 5397 καὶ¹
3047 5328 3322 5412 ἑκούσιον,
3355 5345 3450 5399 καὶ
3499 5346 3753 5415 ἀνάγκης

2171 5437 2352 5509 πάσης
2375 5435 2677 5506 ἐλεύθερον.

2240 5623 2475 5696 Τοιαύτη
2498 5623 2594 5693 τῆς
2625 5622 2827 5695 ἀρετῆς
2858 5625 2889 5696 ἡ
2920 5623 3198 5696 διαίρεσις,
3221 5622 3361 5678 ὥστε
3385 5625 3477 5677 καὶ
3508 5623 3588 5685 εἰς
3612 5623 3754 5676 πάν-

2172 5738 2270 5783 τας
2304 5718 2430 5782 τοὺς
2461 5718 2940 5790 ἀντιποιουμένους
2974 5718 3140 5791 αὐτῆς
3172 5716 3598 5790 διαμρίςεσθαι,
3649 5716 3752 5770 καὶ
