4010 6302
461 288 606 355 1383

463 404 603 459 ἸΊΤ.¹
633 400 772 459 XVI.
801 431 870 444 --
903 400 977 457 De
997 400 1186 471 justis,
1223 407 1274 455 et
1292 399 1490 470 probis,
1521 407 1570 454 et
1600 398 1753 454 bonis
1785 399 1931 453 viris.

530 585 697 641 Num.
733 603 846 651 ινι,
884 585 935 642 5.
965 614 1036 626 —
1073 604 1092 638 ι
1129 584 1291 642 Novit
1339 583 1482 645 Deus
1511 585 1605 658 qui
1642 583 1730 641 sui
1779 591 1942 650 sunt,
1998 584 2055 636 et

462 690 684 734 sanctos
721 679 788 734 ad
823 694 881 734 se
905 678 1171 750 suscepit.
1211 697 1232 732 ι

534 772 695 828 Deut.
721 787 917 834 xm",
954 772 1040 838 12.
1087 800 1159 814 σ-
1194 791 1213 826 ι
1249 770 1356 838 Qui
1390 770 1629 828 dilectus
1660 777 1745 827 est
1772 785 1801 825 a
1851 769 2044 825 Domi-

463 878 556 928 no,
590 862 861 918 habitabit
902 863 1244 919 conﬁdenter
1278 880 1292 918 :
1321 871 1376 918 et
1403 862 1552 919 Deus
1602 862 1901 919 obumbrat
1921 877 2046 918 eum

463 957 718 1011 omnibus
742 955 954 1011 diebus.
1000 975 1019 1008 ι

506 1043 545 1100 I
573 1045 698 1118 Reg.
722 1063 834 1108 xw,
870 1047 958 1100 19..
996 1078 1064 1087 —
1104 1067 1122 1098 ι
1150 1045 1580 1101 DixitDominus
1606 1045 1671 1100 ad
1708 1042 2047 1100 Samuelem:

465 1138 662 1212 Surge,
713 1157 854 1212 unge
891 1139 1087 1206 David,
1128 1141 1255 1210 quia
1285 1141 1465 1195 bonus
1492 1150 1599 1196 est.
1633 1159 1651 1190 ι
1710 1178 1714 1180 -

538 1231 691 1287 Ρδαί.
727 1248 913 1298 xxxvr,
935 1233 1025 1287 25.
1047 1263 1119 1272 ——
1152 1237 1172 1285 ι
1212 1230 1405 1288 Iunior
1438 1231 1515 1288 fui
1551 1232 1571 1304 (
1603 1230 1805 1288 etenim
1840 1229 1997 1286 senui
2027 1227 2046 1300 )

463 1331 518 1378 ct
547 1338 653 1376 non
687 1324 794 1376 vidi
823 1324 1037 1392 justum
1079 1322 1430 1377 derelictum.
1477 1321 1618 1377 Justi
1646 1321 2048 1378 haereditabnnt

465 1421 688 1471 terram.
753 1411 918 1470 Salus
966 1414 1243 1484 justorum
1283 1430 1314 1470 a
1363 1415 1618 1484 Domino,
1659 1424 1714 1471 et
1770 1421 2049 1487 pratector

465 1523 657 1562 eorum
689 1518 774 1564 est
811 1519 827 1575 ,
870 1526 888 1559 ι
926 1510 1034 1562 etc.

539 1593 693 1655 Psal.
725 1616 836 1665 xci,
876 1601 960 1655 15.
996 1630 1067 1642 -
1090 1617 1108 1650 ι
1141 1598 1338 1655 Justus
1371 1607 1430 1655 ut
1453 1600 1634 1672 palma
1659 1597 1899 1666 ﬂorebit,
1929 1602 2046 1657 sic-~

469 1701 530 1746 ut
555 1685 754 1747 cedrus
789 1692 983 1765 qtttein
1020 1690 1231 1747 Libano
1257 1702 1365 1758 est,
1401 1711 1418 1743 ι
1452 1702 1560 1748 etc.

538 1781 693 1837 Psal.
726 1758 872 1849 πίονι,
899 1782 986 1838 il.
1019 1803 1128 1836 -‹
1160 1783 1281 1840 Lux
1308 1792 1430 1840 orta
1465 1793 1553 1842 est
1583 1785 1761 1857 justo,
1793 1795 1848 1845 et
1873 1788 2045 1846 rectis
2079 1758 2120 1815 Β

466 1873 637 1929 corde
665 1875 849 1930 laetitia
883 1894 931 1930 ,ι

541 1962 698 2018 Ρεαι.
720 1979 832 2031 CXI,
861 1967 917 2030 2,
945 1964 1001 2027 4.
1032 1964 1084 2022 7.
1110 1993 1184 2005 —
1205 1982 1224 2017 ι
1262 1962 1556 2023 Generatio
1583 1972 1860 2023 rectorum
1876 1967 2047 2024 bene-

467 2056 698 2111 dicetur.
733 2053 921 2110 Gloria
954 2063 1008 2112 et
1033 2056 1262 2124 divitiae,
1295 2065 1402 2113 etc.
1460 2056 1723 2113 Exortum
1751 2069 1835 2115 est
1862 2060 1918 2115 in
1949 2070 2037 2118 te-

470 2148 655 2202 nebris
689 2147 874 2203 lumen
899 2147 1089 2217 rectis,
1124 2147 1468 2216 misericors,
1499 2157 1608 2206 etc.
1639 2150 1699 2206 In
1777 2151 2047 2208 memoria

467 2249 672 2295 aeterna
705 2240 814 2294 erit
839 2241 1064 2311 justus;
1097 2239 1167 2295 ab
1201 2240 1506 2307 auditione,
1540 2259 1559 2294 ›
1596 2251 1710 2298 etc.

544 2329 696 2383 Psal.
722 2344 892 2396 cxvn,
921 2330 1008 2385 l5.
1040 2320 1111 2371 -έ-
1161 2347 1183 2383 ι
1221 2329 1340 2385 Vox
1376 2331 1766 2390 exsultationis
1797 2340 1852 2390 et
1902 2334 2049 2393 salu-

470 2423 563 2487 tis,
596 2423 651 2476 in
688 2420 1066 2479 tabernaculis
1093 2421 1396 2492 justorum.
1442 2443 1462 2478 ι

542 2505 696 2572 Psal.
724 2531 888 2582 στιν,
917 2516 974 2571 8'.
1003 2546 1076 2556 —
1112 2535 1132 2568 ι
1173 2516 1440 2575 Dominus
1470 2517 1648 2589 diligit
1682 2517 1885 2588 iustos.
1917 2519 1939 2570 ὸ

543 2607 706 2664 Prov.
737 2611 794 2677 ι’,
865 2608 1019 2664 5.-
1053 2627 1073 2661 ι
1125 2607 1251 2664 Νοιι
1303 2607 1450 2665 fame
1495 2608 1718 2665 necabit
1773 2608 2045 2666 Dominus

473 2702 710 2756 animam
743 2700 899 2772 justi.
938 2699 1082 2758 Fons
1111 2701 1237 2756 vitae
1268 2701 1324 2756 in
1351 2701 1678 2772 manujusti
1707 2741 1723 2758 .
1751 2720 1770 2756 ι

547 2793 707 2848 Prov.
742 2808 862 2861 xm,
901 2792 994 2850 25.
1018 2823 1091 2834 —
1124 2811 1142 2847 ι
1175 2791 1658 2851 Thesaurizaatur
1705 2792 1880 2865 justis
1915 2809 2048 2867 opes

475 2887 789 2958 impiorum.
835 2903 854 2938 ι

547 2980 705 3036 Prov.
750 2996 823 3044 iv,
861 2979 948 3034 18.
975 3008 1046 3020 -
1083 2996 1102 3030 ι
1132 2977 1421 3036 Justorum
1453 2980 1668 3037 semitae
1733 2979 1897 3047 quasi
1956 2980 2049 3036 lux

1666 287 1729 348 S.
1761 283 2083 347 JOANNIS
2105 284 2538 348 DAMASCENI

3599 279 3735 346 1384

2107 401 2152 460 Α
2180 401 2360 457 ΤΙΤΔ.
2396 400 2506 468 Ιςι.
2533 430 2602 441 --
2620 400 2755 468 Περὶ
2785 397 3052 461 δικαίων,
3084 396 3184 452 καὶ
3212 395 3434 464 καλῶν,
3467 394 3563 451 καί
3588 399 3733 468 ἀγα·

2735 468 2854 525 θῶν
2893 468 3148 538 ἀνδρῶν.

2232 608 2251 644 ι
2301 589 2486 658 Ἔγνω
2511 589 2540 643 ὁ
2564 587 2695 652 Θεὸς
2725 587 2850 652 τοὺς
2868 587 3027 652 ὄντας
3054 584 3242 654 αὐτοῦ,
3269 585 3365 639 καὶ
3391 586 3518 650 τοὺς
3545 585 3737 655 ἀγίους

2155 681 2524 756 προσελάϐετο
2553 681 2690 752 πρὸς
2720 680 2904 736 αὐτόν.
2944 698 2964 731 ι

2229 796 2249 829 ι
2290 777 2348 829 '0
2385 775 2743 845 ἡγαπημένος
2766 771 2874 826 ὑπὸ
2898 772 3131 844 Κυρίου,
3163 767 3581 841 κατασκηνώσει
3635 785 3739 822 m-

2153 863 2380 932 ποιθὼς,
2410 863 2507 917 καὶ
2536 862 2565 915 ό
2587 862 2721 927 Θεὸς
2749 862 2965 928 σκιάζει
2988 860 3078 916 ἐπ’
3103 860 3254 933 αὐτῷ
3284 860 3464 923 πάσας
3487 859 3588 923 τὰς
3609 859 3750 930 ἡμέε

2155 976 2272 1032 ρας.
2315 976 2334 1010 ι

2227 1069 2247 1102 ι
2282 1046 2418 1103 Eine
2454 1048 2660 1118 Κύριος
2707 1047 2846 1118 πρὸς
2892 1045 3150 1118 Σαμουὴλ
3178 1062 3194 1078 ·
3245 1045 3500 1111 Ἀνάστα,
3545 1043 3743 1120 χρίσω

2148 1143 2240 1197 τὸν
2270 1141 2455 1204 Δαὸὶδ,
2490 1143 2570 1195 ὅτι
2602 1139 2806 1208 ἀγαθός
2835 1142 3011 1195 ἐστιν.
3051 1158 3071 1192 ι

2227 1253 2245 1286 ι
2284 1233 2565 1304 Νεώτερος
2608 1233 2878 1303 ἐγενόμην
2905 1249 2920 1263 ·
2973 1231 3073 1285 καὶ
3109 1232 3218 1302 γάρ
3276 1231 3528 1302 ὲγήρασα
3559 1245 3577 1263 ο
3639 1229 3742 1282 καὶ

2149 1328 2249 1380 οὐκ
2283 1322 2424 1380 εἶδον
2444 1325 2656 1379 δίκαιον
2692 1322 3285 1394 ἐγκαταλελειμμένον.
3348 1322 3558 1376 Δίκαιοι
3610 1321 3741 1390 κλη-

2152 1417 2638 1491 ρονομήσουσιτὴν
2667 1417 2792 1488 γῆν.
2849 1415 3106 1488 Σωτηρία
3148 1414 3260 1468 τῶν
3302 1415 3528 1468 δικαίων
3581 1413 3740 1484 παρὰ

2150 1508 2487 1583 Κυρίου,καὶ
2509 1506 2914 1579 ὑπερασπιστὴς
2943 1509 3124 1563 αὐτῶν
3148 1509 3317 1562 ἔστιν.
3358 1527 3378 1560 ι

2226 1623 2247 1657 ι
2290 1600 2512 1670 Δίκαιος
2537 1604 2614 1670 ώς
2641 1602 2820 1675 φοίνιξ
2851 1601 3101 1675 ἀνθήσει,
3129 1601 3266 1656 ὡσεὶ
3296 1601 3489 1671 κέδρος
3509 1602 3544 1672 ἡ
3569 1602 3632 1655 tv
3659 1599 3741 1671 τῷ

2149 1695 2391 1768 Λιϐάνῳ.
2428 1702 2447 1750 ι
3348 1727 3350 1729 >

2224 1807 2243 1841 ι
2279 1788 2397 1853 Φῶς
2459 1785 2701 1843 ἀνέτειλε
2750 1785 2831 1858 τῷ
2874 1785 3094 1857 δικαίῳ,
3142 1785 3244 1840 καὶ
3290 1786 3405 1851 τοῖς
3452 1784 3638 1839 εὐθέσι
3669 1786 3742 1854 τῇ

2147 1880 2349 1953 καρδίᾳ
2375 1879 2710 1951 εὐφροσύνη.
2751 1897 2771 1932 ι

2222 1991 2242 2024 ι
2283 1971 2449 2027 Γενεὰ
2477 1967 3154 2042 εὑθέων-εΰλογηθήσεταιι
3184 1968 3322 2036 Δόξα
3356 1968 3454 2023 καὶ
3485 1967 3744 2033 πλοῦτος.

2148 2063 2484 2133 Ἐξανέτειλε
2514 2062 2633 2132 φῶς
2671 2065 2730 2118 ὲν
2764 2062 2950 2117 σκότει
3001 2064 3114 2126 τοῖς
3178 2060 3414 2126 εὐθᾶσιν,
3437 2080 3442 2083 <
3465 2059 3743 2130 ἐλεήμων.

2143 2153 2245 2223 Είς
2270 2152 2622 2230 μνημόσυνον
2647 2154 2871 2211 αίώνιον
2895 2153 3048 2209 ἔσται
3082 2152 3316 2219 δίκαιος,
3349 2152 3460 2207 ἀπὸ
3488 2151 3688 2222 ἀκοῆς.
3719 2170 3743 2203 ι

2224 2359 2246 2394 ι
2280 2339 2439 2413 Φωνὴ
2471 2336 2849 2410 ἀγαλλιάσεως
2898 2338 2993 2393 καὶ
3031 2337 3330 2411 σωτηρίας,
3388 2337 3450 2391 tv
3511 2334 3747 2406 σκηναῖς

2147 2432 2396 2489 δικαίων.
2438 2451 2458 2486 ι

2225 2537 2246 2578 ι
2285 2526 2492 2598 Κύριος
2518 2525 2713 2598 ἀγαπᾷ
2744 2523 3012 2589 δικαίους.
3044 2535 3063 2577 ι

2226 2637 2248 2674 ι
2278 2619 2354 2674 Οὐ
2392 2618 2778 2690 λιμοκτονήσει
2827 2616 3035 2690 Κύριος
3086 2614 3265 2689 ψυχὴν
3309 2614 3543 2671 δικαίου.
3572 2613 3749 2686 Πηγη

2149 2711 2298 2785 ζωῆς
2325 2711 2384 2766 ὲν
2416 2713 2564 2784 χειρὶ
2589 2711 2824 2766 δικαίου.
2864 2727 2885 2764 ι
3380 2783 3386 2788 ‘

2227 2822 2248 2859 ι
2275 2803 2682 2875 Θησαυρίζεται
2706 2800 2939 2866 δικαίοις
2970 2799 3204 2867 πλοῦτος
3226 2799 3462 2858 ἀσεὸῶν.
3487 2817 3515 2853 ο
3598 2832 3604 2836 -

2226 3004 2247 3040 ι
2277 2985 2343 3040 Δί
2377 2985 2492 3040 ὁδοὶ
2538 2982 2659 3041 ’τῶν
2708 2983 2935 3040 δικαίων
2978 2982 3183 3055 ὁμοίως
3226 2986 3370 3055 φωτὶ
3427 2985 3719 3058 λάμπουσι

465 3072 871 3145 splendescunt
904 3089 920 3127 :
959 3073 1425 3144 antegradiuntur
1475 3083 1528 3129 et
1561 3072 1895 3140 illuminant,
1917 3074 2048 3130 dum

2190 3076 2589 3150 προπορεύονται
2614 3077 2696 3144 δὲ,
2747 3077 2842 3132 καὶ
2871 3076 3201 3148 φωτίζουσιν
3253 3076 3360 3142 ἕως
3409 3078 3750 3152 κατορθώσῃ

467 3164 712 3236 "perfecta
743 3166 816 3221 sit
838 3165 977 3222 dies.
1015 3182 1037 3217 ι

552 3257 714 3315 Prov.
741 3275 854 3326 τιν,
887 3258 977 3314 16.
1014 3289 1079 3302 --
1100 3275 1120 3311 ι
1154 3256 1374 3331 Septies
1397 3260 1560 3315 cadet
1591 3257 1808 3330 justus,
1857 3268 1913 3315 et
1969 3273 2054 3315 re-

477 3360 690 3424 8urget.
723 3371 743 3404 ι

551 3442 709 3500 Prov.
743 3455 818 3511 ιι,
848 3442 940 3498 Η.
968 3461 1076 3494 -ι
1115 3443 1170 3497 In
1210 3443 1371 3499 bonis
1395 3445 1675 3513 justorum
1707 3453 1904 3501 erectae
1922 3451 2052 3499 sunt

479 3535 771 3600 civitates;
799 3547 895 3588 ore
933 3540 1114 3588 autem
1150 3532 1444 3603 impiorum
1469 3535 1669 3590 dirutae
1700 3542 1854 3591 sunt.
1893 3551 1916 3588 ι

550 3627 713 3682 Prov.
745 3641 808 3691 ιι,
837 3625 930 3682 22.
959 3652 1032 3666 --
1061 3641 1084 3677 ι
1124 3623 1352 3697 Benigni
1383 3636 1542 3683 erunt
1572 3628 1916 3683 habitatores
1943 3633 2054 3682 ter-

479 3736 555 3776 ra:
585 3739 599 3776 :
629 3719 950 3775 innocentes
977 3731 1163 3778 autem
1195 3720 1577 3792 relinquentur
1618 3721 1676 3775 in
1706 3735 1791 3778 ea.
1835 3741 1855 3774 ι

552 3813 715 3868 Prov.
739 3829 823 3882 ιιι,
853 3813 1043 3870 52.--
1106 3813 1476 3869 «Habitacula
1531 3813 1668 3884 justi
1717 3812 2053 3870 benedicun-

482 3915 595 3962 tur.
643 3926 660 3958 ι

551 3998 712 4054 Prov.
746 4015 801 4066 ι,
831 4000 924 4055 33.
956 4029 1027 4039 —
1063 4017 1082 4051 ι
1119 3998 1290 4054 Labia
1321 3999 1566 4054 virorum
1626 3999 1903 4071 justorum
1968 4001 2052 4056 di-

483 4092 695 4146 stillant
717 4093 949 4162 gratias.
983 4109 1001 4142 ι

559 4185 716 4240 Prov.
755 4201 854 4250 xu,
888 4185 942 4239 ὅ.
982 4214 1049 4224 -
1086 4203 1103 4236 ι
1145 4183 1379 4240 Radices
1403 4183 1682 4255 justorum
1744 4202 1851 4242 non
1901 4188 2052 4243 evel-

479 4279 685 4334 lenlur.
721 4295 741 4329 ι
1869 4286 1872 4289 ·

557 4369 717 4424 Prov.
746 4384 863 4435 xm,
906 4369 991 4424 15.
1025 4397 1093 4410 --
1116 4386 1134 4421 ι
1173 4367 1377 4426 Domus
1403 4368 1678 4440 justorum
1715 4369 2053 4428 benedicun-

482 4471 592 4518 tur.
635 4481 654 4514 ι
1480 4449 1485 4455 ί

557 4555 717 4609 Prov.
746 4569 859 4621 xw,
900 4552 956 4606 ‘2.
987 4581 1056 4593 —
1084 4569 1104 4604 ι
1133 4552 1236 4618 Qui
1267 4557 1497 4626 respicit
1521 4559 1704 4630 plane,
1734 4556 2053 4613 misericor-

481 4648 629 4702 diam
661 4659 1049 4718 consequetur.
1090 4665 1110 4697 ο

551 4739 708 4796 Prov.
734 4758 827 4807 xx,
866 4741 916 4796 7.
946 4769 1015 4781 ——
1052 4757 1072 4791 ι
1112 4737 1216 4805 Qui
1262 4750 1410 4796 recte
1434 4743 1705 4810 ambulat,
1739 4742 1896 4800 timet
1945 4743 2050 4797 Do-

485 4833 714 4888 minum.
754 4851 771 4884 ι

573 4942 588 4972 ι
629 4921 731 4989 Qui
762 4922 900 4976 citra
942 4923 1430 4992 reprehensionem
1481 4934 1844 4983 conversatur
1879 4928 1935 4983 in
1961 4928 2052 4998 ju-

483 5010 652 5075 stitia,
691 5013 879 5066 beatos
906 5012 1112 5066 liberos
1144 5015 1440 5084 relinquet.
1474 5035 1493 5066 ι

549 5107 725 5160 Eccle.
764 5123 822 5172 ιι,
868 5106 958 5160 ‘26.
985 5137 1051 5146 —-
1090 5125 1107 5157 ι
1145 5111 1296 5160 Bono
1365 5111 1571 5165 homini
1628 5111 1684 5165 in
1746 5121 2048 5181 conspectu

480 5215 580 5254 suo
618 5197 766 5253 dedit
801 5198 1148 5267 sapientiam,
1183 5209 1236 5254 et
1292 5202 1602 5266 scientiam,
1635 5212 1691 5258 et
1723 5204 1992 5262 laetitiam.
2026 5224 2045 5257 ι

549 5290 676 5360 Sap.
697 5292 869 5352 tn,l-7
887 5309 1001 5344 .—-¢
1024 5288 1305 5346 Justorum
1331 5294 1527 5350 animae
1544 5295 1598 5349 in
1614 5311 1773 5350 manu
1794 5297 2048 5365 Dcisunl,

478 5395 649 5439 etnon
669 5392 857 5455 tanget
879 5385 1004 5438 illos
1036 5383 1525 5440 torincntmn.\'isi
1553 5396 1686 5442 sunt
1715 5389 1890 5444 oculis
1911 5390 2049 5444 insi-

481 5479 739 5547 pientium
762 5479 920 5542 mori,
939 5489 990 5531 et
1008 5477 1279 5532 aestimata
1303 5487 1383 5532 est
1401 5479 2046 5539 amictioexituseorum:

479 5569 641 5643 440
675 5578 725 5623 et
759 5569 903 5638 quod
936 5584 962 5621 a
990 5569 1146 5623 nobis
1173 5577 1257 5624 est
1295 5569 1420 5634 iter,
1476 5574 1737 5628 contritio
1780 5592 1792 5628 :
1830 5576 1907 5629 illi
1950 5591 2050 5630 au-

481 5666 587 5716 tem
624 5670 750 5719 sunt
792 5663 843 5714 in
873 5677 1026 5731 pace.
1062 5659 1195 5714 Nam
1224 5661 1334 5715 etsi
1380 5678 1564 5718 coram
1591 5665 1904 5723 hominibus
1937 5677 2048 5722 tor-

470 5765 659 5811 menta
692 5755 837 5825 passi
867 5763 1019 5821 sunt,
1056 5769 1185 5825 spes
1216 5754 1442 5812 illorum
1480 5758 1894 5819 immortalitate
1930 5762 2047 5826 plc-

2305 3169 2425 3225 ἐρα.
2469 3187 2489 3222 ι

2305 3171 2330 3222 ἐ
2369 3185 2425 3225 α.
2469 3187 2489 3222 ι

2156 3172 2191 3242 ἡ
2218 3171 2568 3326 ⁴ῬιἹςπτιίικις
2590 3261 2841 3316 πεσεῖται
2869 3259 2900 3312 ὁ
2928 3259 3160 3325 δίκαιος,
3193 3259 3288 3314 καὶ
3308 3260 3743 3331 ἀναστήσεται.»

2233 3463 2254 3496 ι
2299 3433 2391 3498 Ἐν
2442 3443 2671 3514 ἀγαθοῖς
2733 3444 2964 3500 δικαίων
3023 3444 3470 3517 κατωρθώθησαν
3527 3445 3745 3511 πόλεις,

2161 3539 2392 3610 στόμασι
2423 3537 2482 3592 δὲ
2503 3537 2717 3593 ἀσεϐῶν
2747 3538 3203 3610 κατεσκάφησαν.
3240 3558 3258 3591 ι

2235 3645 2254 3679 ι
2288 3628 2534 3702 Χρηστοὶ
2557 3628 2772 3685 ἔσονται
2807 3630 3095 3704 οἰκήτορες
3122 3633 3245 3702 γῆς,
3281 3631 3478 3686 ἄκακοι
3505 3632 3566 3687 δὲ
3597 3631 3748 3687 ὕπο-

2161 3721 2548 3795 λειφθήσονται
2571 3724 2631 3777 tv
2654 3723 2817 3797 αὐτῇ.
2855 3741 2875 3775 ›

2233 3834 2254 3869 ι
2301 3815 2592 3880 Ἐπαύλεις
2622 3815 2834 3870 δικαίου
2863 3813 3238 3884 εὐλογοῦνται.
3279 3831 3306 3869 ι

2236 4021 2255 4054 ι
2291 4001 2462 4072 Χείλη
2491 4000 2702 4073 ἀνδρῶν
2727 3999 2954 4057 δικαίων
2974 4001 3272 4066 ἀποστάζει
3294 4001 3546 4073 χάριτας.
3579 4021 3602 4052 ι

2170 4164 2174 4169 .
2235 4205 2255 4237 ι
2299 4185 2367 4239 Δί
2405 4184 2554 4259 ῥίζαι
2580 4182 2691 4237 τῶν
2760 4183 2955 4238 ικαίων
2983 4185 3084 4240 οὐκ
3115 4185 3529 4258 ὲξαρθήσονται.
3569 4205 3589 4236 ο

2230 4389 2250 4422 ι
2287 4365 2440 4423 υἴκοι
2470 4370 2693 4424 δικαίων
2709 4369 3074 4441 εὐλογοῦνται.
3099 4373 3138 4422 ἰ

2233 4572 2252 4605 ι
2297 4552 2356 4607 '0
2379 4552 2598 4624 βλέπων
2627 4552 2768 4620 λεῖα,
2803 4552 3180 4626 ὲλεηθήσιται.
3219 4570 3239 4604 ι

2229 4756 2247 4788 ι
2296 4738 2354 4790 '0
2387 4738 2752 4809 πορευόμενος
2777 4735 2974 4808 ὀρθῶς,
3003 4737 3251 4806 φοϐεῖται
3297 4735 3389 4788 τὸν
3439 4732 3666 4806 Κύριον.
3713 4756 3732 4788 ι

2231 4951 2248 4976 ι
2298 4927 2392 4988 Ὃς
2422 4926 2832 4994 ἀναστρέφεται
2880 4924 3108 4994 ἄμωμος
3147 4923 3204 4975 tv
3231 4921 3566 4994 δικαιοσύνῃ,
3625 4940 3734 4992 μα-

2155 5020 2378 5088 καρίους
2409 5021 2534 5080 τοὺς
2571 5018 2762 5082 παῖδας
2787 5014 3126 5085 καταλείψει.
3174 5035 3193 5068 ι

2225 5130 2242 5162 ι
2284 5110 2375 5181 Τῷ
2411 5111 2681 5180 ἀνθρώπῳ
2720 5109 2800 5182 τῷ
2852 5108 3040 5180 ἀγαθῷ
3087 5109 3193 5180 πρὸ
3231 5108 3520 5180 προσώπου
3561 5107 3732 5162 αὐτοῦ

2154 5209 2318 5263 ἔδωκε
2347 5208 2559 5277 σοφίαν,
2588 5210 2678 5262 καὶ
2701 5208 2921 5286 γνῶσιν,
2961 5206 3058 5260 καὶ
3087 5206 3443 5277 εὐφροσύνην.
3482 5224 3501 5256 ι

2228 5321 2246 5352 ι
2283 5301 2519 5354 Δικαίων
2548 5300 2717 5371 ψυχαὶ
2747 5301 2805 5354 tv
2835 5300 2981 5371 χειρὶ
3009 5297 3168 5363 Θεοῦ,
3205 5298 3300 5351 καὶ
3328 5297 3389 5350 οὐ
3413 5298 3488 5368 μὴ
3517 5296 3726 5368 Mra;

2153 5394 2330 5448 αὐτῶν
2352 5395 2604 5464 βάσανος.
2628 5393 2852 5458 Ἐδοξαν
2875 5395 2930 5447 tv
2952 5391 3250 5463 ὀφθαλμοῖς
3265 5391 3515 5461 ἀφρόνων
3533 5390 3726 5444 τεθνᾶ-

2151 5506 2261 5548 ναι.
2297 5487 2391 5540 καὶ
2420 5486 2669 5557 ἐλογίσθη
2701 5489 2946 5549 κάκωσις
2995 5486 3028 5556 ἡ
3071 5483 3247 5550 ἔξοδος
3302 5481 3501 5548 αὐτῶν,
3549 5481 3643 5535 καὶ
3689 5485 3720 5551 ἡ

2149 5580 2243 5648 ἀφ’
2275 5579 2430 5651 ἡμῶν
2457 5580 2650 5648 πορεία
2681 5579 2996 5651 σύντριμμα
3021 5593 3036 5608 ο
3065 5577 3192 5631 οίδέ
3237 5579 3373 5631 είσιν
3399 5578 3456 5628 tv
3503 5576 3717 5646 εἰρήνῃ.

2150 5673 2262 5725 Καὶ
2319 5673 2430 5743 γὰρ
2482 5673 2539 5726 ἐν
2575 5672 2698 5737 Met
2741 5670 3044 5742 ἀνθρώπων
3097 5672 3193 5724 ἐὰν
3250 5668 3623 5729 κολασθῶσιν,
3680 5669 3716 5737 ἡ

2150 5765 2304 5828 ἐλπὶς
2369 5765 2548 5821 αὐτῶν
2603 5764 2906 5829 ἀθανασίας
2961 5762 3192 5836 πλήρης.
3256 5762 3367 5817 Καὶ
3409 5761 3560 5831 ὀλίγα
3593 5777 3721 5814 παι-
