4010 6302
217 385 353 450 1385

208 491 508 560 Gaudeat“,
553 490 766 564 μεγάλα
817 489 1344 563 εὖεργετηθήσονται
1376 505 1390 523 ο

212 589 504 660 ἐπείρασαν
530 587 748 650 αὐτοὺς,
777 584 873 638 καὶ
905 577 1065 655 εὗρεν
1097 582 1296 646 αὐτοὺς
1324 580 1512 649 ἀξίους
1568 581 1788 638 ἑαυτοῦ.

224 681 312 745 Ὠς
344 679 546 754 χρυσὸν
569 680 626 733 ὲν
659 677 1012 750 χωνευτηρίῳ
1037 676 1364 748 ἐδοκίμασεν
1419 675 1642 741 αὐτοὺς,
1698 675 1792 729 καὶ

211 776 288 839 ὡς
324 773 700 847 ὁλοκάρπωμα
721 771 909 836 θυσίας
927 770 1289 845 προσεδέξατο
1319 769 1541 840 αὐτοὺς,
1575 771 1673 824 καὶ
1731 772 1791 825 ἐν

214 866 392 940 καιρῷ
422 867 727 939 ἐπισκοπῆς
758 866 939 921 αὐτῶν
969 863 1368 936 άναλάμψουσι.
1399 882 1419 916 ι

286 981 308 1014 ι
365 962 576 1016 Δίκαιοι
620 962 702 1025 εἰς
760 961 854 1015 τὸν
892 960 1066 1015 αίῶνα
1101 956 1261 1024 ζῶσι,
1307 957 1404 1012 καὶ
1456 958 1514 1011 ὲν
1540 955 1732 1029 Κυρίῳ
1762 955 1792 1010 ὁ

216 1056 408 1126 μισ-νὸς
430 1054 633 1123 αὐτῶν,
655 1055 748 1109 καὶ
772 1054 807 1126 ἠ
839 1051 1062 1126 φροντὶς
1092 1049 1273 1106 αὐτῶν
1313 1048 1465 1123 παρά
1507 1049 1786 1120 Ὑψίστου.

214 1147 312 1203 Διά
341 1149 501 1203 τοῦτο
529 1147 794 1220 λήψονται
834 1147 896 1203 τὸ
953 1146 1225 1218 βασίλειον
1266 1145 1368 1216 τῆς
1429 1143 1789 1217 εὐπρεπείας,

214 1244 311 1299 καὶ
335 1247 399 1297 τὸ
424 1242 664 1314 διάδημα
700 1242 801 1313 τῆς
852 1241 1121 1311 καλλονῆς
1171 1240 1236 1294 ὲκ
1285 1235 1472 1310 χειρὸς
1531 1237 1740 1309 Κυρίου
1772 1252 1790 1270 ο

212 1336 296 1389 ὃτι
317 1337 382 1406 τῇ
416 1335 566 1407 δεξιᾷ
586 1334 752 1388 αὐτοῦ
781 1334 1045 1388 σκεπάσει
1082 1332 1301 1398 αὐτοὺς,
1327 1331 1422 1386 καὶ
1450 1328 1792 1402 τῷβραχίονι

214 1431 546 1502 ὐπερασπιεῖ
576 1429 774 1484 αὐτῶν.
815 1448 836 1481 ›

288 1521 549 1584 «Δίκαιος
580 1520 676 1574 ἐὰν
733 1520 916 1592 φθάσῃ
970 1519 1316 1590 τελευτῆσαι,
1375 1521 1433 1574 ὲν
1483 1519 1793 1574 ἀναπαύσει

1473 381 1714 443 8ΑΟΒᾹ
1751 380 2210 444 PAHALLELA.

1443 491 1526 544 ὅτι
1590 495 1618 545 ὁ
1656 492 1788 554 Θεὸς
1821 497 1863 553 Α
1895 504 1962 546 na
1981 502 2083 547 est.
2107 490 2166 544 Et
2190 494 2243 546 in
2275 490 2470 562 paucis
2498 490 2774 557 vexati,in
2800 491 2987 550 multis
3010 491 3146 548 bene
3171 491 3470 560 disponen-

3333 378 3469 446 1386

1893 594 1984 640 tur
2019 603 2033 640 :
2069 584 2334 654 quoniam
2372 584 2513 640 Deus
2541 583 2773 639 tentavit
2801 584 2959 640 illos.
3002 594 3056 640 et
3101 585 3311 639 invenit
3345 584 3469 641 illos

1893 679 2088 749 dignos
2127 694 2204 732 se.
2266 675 2552 746 Tanquam
2605 692 2798 732 aurum
2832 679 2886 732 in
2935 678 3158 735 fornace
3216 680 3469 750 probavit

1895 774 2044 839 illos,
2076 781 2129 828 et
2154 772 2314 840 quasi
2343 770 2728 825 holocaustum
2760 771 2953 827 hostiae
2984 774 3198 844 accepit
3223 773 3386 831 illos:
3411 784 3468 832 et

1894 869 1949 924 in
1973 877 2216 938 tempore
2247 874 2534 936 respectus
2555 866 2638 921 sui
2662 864 3032 937 refulgebunt.
3071 885 3090 918 ι

1967 960 2145 1016 Eccle.
2177 977 2230 1028 v,
2267 958 2353 1014 16.
2381 989 2453 1000 —-
2487 979 2504 1012 ι
2547 956 2694 1014 Justi
2744 960 2796 1012 in
2836 969 3162 1031 perpetuum
3187 959 3471 1028 vivent,ct

1895 1054 2040 1127 apud
2097 1053 2388 1109 Dominum
2424 1058 2508 1108 est
2559 1066 2772 1107 merces
2831 1066 3063 1118 eorum,
3097 1061 3153 1109 et
3203 1055 3471 1126 cogitatio

1893 1162 2084 1204 eorum
2143 1143 2287 1217 apud
2337 1142 2699 1200 Altissimum.
2737 1143 2860 1199 Ideo
2919 1143 3194 1215 accipient
3241 1159 3470 1216 regnum

1896 1242 2138 1306 decoris,
2174 1249 2230 1295 et
2277 1237 2527 1294 diadema
2587 1237 2789 1308 speciei
2841 1237 2911 1293 de
2949 1251 3113 1292 manu
3170 1237 3385 1294 Domini
3456 1258 3469 1294 :

1896 1335 2156 1409 quoniam
2185 1333 2410 1390 dextera
2445 1345 2546 1387 sua
2580 1339 2726 1403 teget
2748 1345 2868 1398 eos,
2900 1338 2953 1388 et
2987 1331 3214 1387 brachio
3246 1348 3348 1389 suo
3376 1332 3473 1389 de-

1896 1429 2255 1488 fendet.illos.
2283 1446 2302 1481 ι

1969 1524 2148 1580 Eccte.
2181 1539 2256 1589 tv,
2285 1522 2338 1590 7,
2373 1521 2462 1577 l5.
2492 1550 2562 1562 --
2599 1538 2618 1573 ι
2651 1519 2866 1586 Justus,
2919 1522 2970 1577 si
3030 1531 3206 1578 marte
3262 1536 3472 1594 praeoc-

213 1612 388 1668 ἔσται.
419 1613 593 1685 Χάρις
621 1612 718 1667 καὶ
743 1612 891 1676 ἔλεος
914 1615 973 1666 ὲν
1004 1616 1115 1674 τοῖς
1146 1614 1423 1679 ἐκλεκτοῖς
1464 1613 1651 1677 αὑτοῦ,
1699 1616 1793 1669 καὶ

1915 1627 2139 1689 :upatus
2164 1616 2353 1682 fuerit,
2388 1615 2444 1670 in
2480 1613 2771 1685 refrigerio
2800 1614 2928 1672 erit.
2978 1614 3169 1671 Gratia
3199 1625 3257 1672 et
3295 1616 3473 1674 mise-

214 1705 492 1779 ὲπισκοπὴ
527 1707 587 1760 ὲν
613 1708 728 1771 τοῖς
757 1705 926 1772 ὁσίοις
950 1705 1138 1762 αὑτοῦ.
1179 1725 1198 1759 ι

295 1913 318 1947 ι
350 1892 525 1950 Θυσία
557 1885 747 1966 ἀνδρὸς
777 1891 991 1949 δικαίου
1021 1893 1209 1966 δεκτή.
1247 1913 1266 1946 ι

297 2100 316 2134 ι
359 2081 418 2135 '0
467 2080 670 2150 ἀγαθὸς
701 2080 988 2152 ἄνθρωπος
1035 2083 1099 2134 ὲκ
1129 2080 1221 2135 τοῦ
1269 2080 1476 2150 ἀγαθοῦ
1522 2080 1798 2154 θησαυροῦ

215 2175 318 2246 τῆς
350 2173 578 2246 καρδίας
611 2173 955 2239 ἐκϐάλλειτά
985 2172 1189 2243 ἀγαθά.
1228 2193 1248 2226 ι

300 2268 523 2333 Ῥάόδος
551 2266 759 2322 δικαίου
783 2267 1052 2340 κρείσσων
1082 2268 1115 2340 ἢ
1145 2267 1280 2340 τιμὴ
1305 2267 1504 2324 κακοῦ.

289 2453 428 2508 Ἕνα
462 2451 693 2508 πλοῦτον
720 2452 1025 2524 νομίζοντα
1057 2452 1155 2526 τὴν
1190 2452 1293 2524 τῆς
1336 2453 1537 2524 ἀρετῆς
1586 2455 1801 2527 κτῆσιν,

224 2549 354 2621 μίαν
385 2547 667 2617 εὐγένειαν
698 2547 797 2618 τὴν
821 2546 957 2619 πρὸς
990 2548 1078 2600 τὸν
1107 2546 1240 2601 Θεὸν
1288 2547 1620 2618 οἰκειότητα,
1671 2548 1804 2619 μίαν

221 2643 380 2708 ἀξίαν
411 2642 504 2696 καὶ
529 2641 851 2696 δυναστείαν
876 2641 938 2695 τὸ
965 2642 1186 2712 κρατεῖν
1210 2640 1431 2707 ἑαυτοῦ,
1493 2640 1592 2697 καὶ
1644 2642 1806 2698 ἀδού-

222 2734 394 2789 λωτον
421 2730 561 2787 εῖναι
582 2735 696 2797 τοῖς
725 2732 1094 2804 ἀνθρωπίνοις
1147 2731 1469 2804 παθήμασιν
1499 2750 1512 2764 ·
1567 2732 1807 2805 ἀχθόμε-

223 2846 316 2884 νον
351 2829 452 2900 μὲν
480 2829 547 2900 τῇ
576 2827 886 2901 παρατάσει
937 2829 1037 2898 τῆς
1084 2824 1179 2880 τοῦ
1221 2824 1407 2880 ὑλικοῦ
1462 2826 1580 2899 βίου
1636 2827 1804 2898 ζωῆς,

226 2923 530 2978 σπεύδοντα
555 2921 612 2976 δὲ
636 2920 887 2993 καθάπερ
917 2921 969 2974 οἱ
998 2919 1085 2974 διά
1117 2919 1389 2988 πελάγους
1418 2919 1807 2975 καιιοιπαθοῦν⁴

225 3036 316 3083 τες
350 3018 488 3091 πρὸς
506 3016 703 3089 λιμένα
728 3015 1065 3085 καταντῆσαι
1098 3012 1199 3085 τῆς
1230 3012 1601 3079 ἀναστάσεως.

302 3290 514 3361 Ὥσπερ
544 3286 614 3341 τά
643 3284 818 3355 εὐώδη
849 3282 957 3337 τῶν
1003 3281 1313 3355 ἀρωμάτων
1368 3282 1467 3351 τῆς
1517 3277 1652 3340 ἰδίας
1720 3277 1811 3331 εὐο

229 3382 417 3447 πνοίας
445 3384 536 3436 τὸν
565 3375 972 3450 παρακείμενον
1002 3373 1143 3445 ἀέρα
1199 3371 1385 3444 πλήρη
1417 3371 1564 3424 ποιεῖ
1591 3385 1604 3399 °
1639 3367 1811 3430 οὕτως

230 3474 419 3548 ἀνδρὸς
450 3469 656 3542 ἀγαθοῦ
687 3467 956 3540 παρουσία
972 3467 1098 3532 τοὺς
1134 3465 1302 3530 πέλας
1329 3463 1592 3536 ὀνίνησιν.

521 3656 701 3710 ΤΠΛ.
729 3652 827 3707 lZ'.
859 3682 927 3695 --
953 3649 1093 3720 Περί
1126 3647 1495 3720 διγλώσσου.

308 3772 330 3807 ι
365 3749 723 3819 Κατάγνωσις
755 3744 968 3818 πονηρά
1001 3745 1095 3798 ἐπὶ
1122 3739 1449 3812 διγλώσσου.
1487 3758 1507 3792 ι

315 3955 334 3985 ι
371 3935 482 3995 Πᾶς
510 3925 832 4001 ἁμαρτωλὸς
878 3921 1139 3995 φθονερὸς
1198 3922 1292 3976 καὶ
1338 3921 1636 3991 δίγλωσσος
1696 3923 1814 3978 ἀτιο

239 4029 365 4101 μίαν
394 4024 524 4091 ἔξει.
559 4040 578 4073 ›

313 4163 332 4196 ι
375 4141 615 4210 Ψίθυρον
641 4136 734 4190 καί⁵
760 4131 1057 4203 δίγλωσσον
1116 4129 1536 4201 καταράσασθε’
1591 4126 1819 4193 πολλοὺς

237 4236 342 4306 γὰρ
372 4229 751 4306 είρηνεύοντας
777 4224 1046 4281 ἀπώλεσε.
1099 4222 1329 4277 Γλῶσσα
1379 4222 1532 4294 διττὴ
1591 4222 1821 4288 πολλοὺς

238 4327 518 4393 ὲσάλευσε,
549 4321 642 4376 καὶ
669 4318 962 4375 διέστειλεν
989 4316 1187 4380 αὐτοὺς
1219 4316 1329 4370 ἀπὸ
1355 4315 1541 4378 εθνους
1587 4315 1666 4379 εἰς
1727 4313 1818 4368 εθ-

238 4440 350 4487 νος,
380 4421 476 4476 καὶ
507 4416 691 4480 πόλεις
719 4412 926 4484 ὀχυρᾶς
973 4408 1238 4474 καθεῖλεν,
1283 4408 1381 4463 καὶ
1429 4410 1602 4471 οἰκίας
1655 4423 1812 4479 μεγι-
1846 4395 1893 4454 D

243 4516 449 4570 στάνων
517 4508 878 4581 κατέστρεψε.
917 4503 1140 4558 Γλῶσσα
1197 4501 1351 4572 διττὴ
1395 4504 1662 4573 γυναῖκας
1722 4503 1815 4557 άν-

239 4608 422 4680 δρείας
453 4603 672 4673 ἐξέϐαλε
706 4602 800 4656 καὶ
826 4599 1121 4670 ὲστέρησεν
1147 4595 1319 4660 αὐτάς
1347 4597 1452 4651 τῶν
1483 4596 1660 4650 πόνων
1719 4597 1815 4648 αὑ-

241 4703 371 4760 τῶν.
413 4702 470 4755 ὐ
498 4697 780 4771 προσέχων
819 4693 980 4766 αὐτῇ,
1050 4692 1112 4746 οὐ
1168 4689 1242 4762 μὴ
1301 4688 1439 4763 εὕρῃ
1488 4690 1813 4753 ἀνάπαυσιν,

242 4797 359 4851 οὐδὲ
397 4788 809 4862 κατασκηνώσει
843 4785 983 4858 μετὰ
1021 4782 1267 4857 ἡσυχίας.
1319 4801 1358 4835 ι-

242 4932 425 4989 ΤιΤΛ.
459 4932 564 4985 lﬂ'.
592 4959 658 4971 —-
683 4926 822 4995 Περὶ
856 4922 1161 4995 δικαστῶν
1180 4921 1549 4995 ἀδεκάστων,
1593 4922 1692 4995 καὶ
1721 4940 1818 4995 κα-

313 5006 496 5074 θαρὰς
515 4992 779 5071 ἐχόντων
808 4998 912 5074 τῇὰς
963 4993 1181 5065 χεῖρας,
1223 4993 1322 5046 καὶ
1374 4993 1552 5062 κρῖμα
1598 4994 1692 5046 καὶ
1740 4992 1817 5045 δι·

314 5069 652 5140 κᾱιοσύκὴν
673 5069 1027 5123 ποιούντων.

319 5210 338 5240 ι
380 5186 581 5241 Ἀθῶον
617 5184 711 5238 καὶ
756 5182 964 5235 δίκαιον
1023 5181 1122 5233 οὐκ
1172 5179 1512 5245 ἀποκτενεῖς,
1567 5179 1660 5232 καὶ
1721 5177 1819 5232 οὐκ

246 5280 524 5344 ἀθωώσεις
551 5277 641 5331 τὸν
673 5275 866 5345 άσεδῆ.
913 5293 932 5325 ι

321 5413 339 5446 ι
379 5395 565 5448 Πᾶσαν
595 5391 770 5462 χήραν
799 5387 890 5442 καὶ
913 5386 1146 5458 ὀρφανὸν
1179 5388 1238 5441 οὐ
1273 5385 1572 5442 κακώσετε.
1609 5406 1625 5438 ι

327 5615 346 5649 ι
384 5597 457 5648 Οὐ
491 5593 818 5666 προσθήσεις
849 5593 987 5664 μετά
1033 5592 1270 5665 πλήθους
1322 5591 1565 5646 ἐκκλῖναι
1618 5591 1816 5663 κρίσιν.

250 5692 405 5764 Δῶρα
423 5691 483 5744 οὐ
509 5691 674 5762 λήψῃ.
718 5687 799 5742 Τά
844 5686 951 5757 γὰρ
1001 5687 1151 5756 δῶρα
1201 5686 1456 5755 ὲκτυφλοῖ
1509 5686 1821 5756 ὀφθαλμοὺς

253 5785 574 5860 βλεπόντων,
615 5785 708 5837 καί
731 5781 1291 5854 λυμαίνεταιρήματά
1330 5781 1533 5838 δίκαια.
1577 5800 1596 5835 ι

571 5985 841 6045 Ρηιοι..
874 5979 989 6040 Gn.
1034 5979 1205 6043 XCV.

1895 1709 2141 1768 ricordia
2170 1719 2255 1766 est
2279 1708 2335 1764 in
2358 1714 2581 1764 sanctos
2610 1704 2758 1776 ejus,
2783 1714 2840 1762 et
2866 1714 3159 1778 respectus
3187 1707 3241 1762 in
3263 1707 3474 1765 electos

1896 1805 2064 1860 illius.
2114 1824 2132 1857 ι

1971 1896 2135 1952 Eccti.
2179 1912 2347 1963 xxxv,
2370 1894 2425 1951 9.
2446 1926 2516 1938 —-
2549 1914 2567 1946 ι
2601 1892 2956 1950 Sacriﬁcium
2986 1892 3091 1948 viri
3117 1892 3257 1964 justi
3317 1908 3475 1950 acce-

1899 2000 2051 2061 ptum
2086 1999 2190 2046 est.
2229 2007 2248 2040 ι

1971 2081 2171 2138 Matth.
2206 2097 2306 2147 xu,
2338 2080 2429 2136 35.
2460 2110 2532 2122 η-
2562 2097 2582 2134 ι
2618 2079 2803 2136 Bonus
2835 2079 3000 2136 homo
3028 2079 3096 2136 de
3149 2079 3298 2137 bono
3356 2081 3478 2138 the-

1900 2193 2067 2236 sauro
2101 2176 2286 2233 cordis
2311 2175 2398 2231 sui
2428 2173 2638 2246 profert
2674 2173 2841 2230 bona.
2881 2193 2899 2226 ι

1975 2271 2138 2344 Virga
2167 2269 2301 2343 justi
2329 2269 2523 2326 melior
2553 2274 2640 2325 est
2678 2282 2846 2338 quam
2893 2268 3067 2323 honor
3101 2268 3169 2323 ab
3219 2267 3475 2338 improbo

1904 2369 2180 2440 praestitus

1978 2458 2252 2532 Theologi.
2287 2491 2358 2502 —
2396 2457 2594 2514 Nullas
2621 2456 2760 2512 alias
2797 2470 2930 2526 opes
2965 2471 3090 2512 csse
3115 2454 3339 2526 sapiens
3391 2469 3480 2509 ar-

1905 2553 2161 2620 bitratur,
2211 2559 2410 2624 praeter
2474 2550 2701 2607 virtutis
2757 2549 3220 2621 possessionem:
3269 2549 3479 2603 nullam

1905 2647 2069 2701 aliam
2103 2645 2470 2709 nobilitatem,
2522 2651 2890 2716 praeterquam
2951 2642 3398 2714 coniunctionem
3424 2647 3478 2696 et

1905 2731 2335 2788 familiaritatem
2377 2748 2500 2788 cum
2534 2731 2681 2802 Deo;
2733 2732 2938 2788 nullam
2956 2731 3194 2802 denique
3237 2731 3480 2802 dignita-

1908 2835 2014 2881 tem
2045 2831 2100 2882 et
2133 2827 2452 2897 potentiam,
2487 2825 2591 2880 nisi
2623 2825 2728 2882 sibi
2764 2826 2868 2895 ipsi
2899 2826 3199 2897 imperare,
3223 2841 3327 2881 nec
3385 2824 3483 2880 hu-

1907 2917 2086 2974 manis
2114 2917 2626 2988 perturbationibus
2674 2916 2887 2974 servire
2924 2935 2939 2972 :
2978 2917 3052 2970 ita
3085 2925 3144 2971 ut
3198 2931 3485 2988 corporeae

1834 3020 1881 3080 ε
1914 3011 2144 3084 hujusce
2172 3011 2296 3068 vita:
2326 3011 2744 3066 diuturnitatem
2791 3010 3024 3067 moleste
3047 3009 3209 3077 ferat,
3235 3020 3310 3077 et,
3335 3009 3485 3065 velut

1916 3104 2008 3176 qui
2054 3119 2151 3175 per
2203 3117 2355 3160 mare
2397 3100 2806 3168 conflictantur,
2850 3102 2916 3158 ad
2969 3110 3190 3174 portum
3238 3117 3486 3158 resurre-

1915 3197 2116 3252 ctionis
2148 3196 2438 3267 pervenire
2469 3195 2713 3253 festinet.

1988 3286 2261 3358 Ejusdem.
2343 3316 2417 3329 —
2506 3286 2983 3356 Quemadmodum
3040 3287 3341 3361 fragrantia
3387 3305 3489 3344 un-

1914 3390 2116 3454 guenta
2157 3382 2526 3453 propinquum
2585 3395 2768 3438 aerem
2822 3382 3096 3438 suavitate
3127 3399 3225 3439 sua
3262 3381 3489 3453 perfun-

1917 3475 2056 3531 dunt
2097 3494 2109 3530 :
2147 3474 2228 3530 sic
2260 3474 2426 3530 etiam
2449 3474 2554 3530 viri
2584 3474 2740 3546 probi
2777 3474 3069 3545 praesentia
3104 3475 3173 3531 iis
3218 3478 3315 3547 qui
3363 3491 3491 3547 pro-

1914 3569 2040 3639 pius
2071 3583 2196 3624 cum
2231 3568 2350 3640 ipso
2375 3575 2691 3634 versantur,
2716 3567 3147 3622 emolumentum
3188 3569 3373 3625 affert.

2273 3663 2408 3720 ΤΙΤ.
2448 3661 2613 3717 XVII.
2653 3694 2724 3704 —
2763 3661 2840 3717 De
2865 3661 3110 3734 bilingui.

1993 3759 2165 3814 Eccli.
2204 3775 2260 3822 v,
2294 3758 2379 3813 l7.
2431 3787 2500 3797 —
2545 3775 2562 3807 ι
2611 3755 3015 3813 Condemnatio
3043 3758 3278 3828 pessima
3327 3776 3493 3831 super

1919 3853 2241 3926 bilingucm.
2283 3872 2304 3905 ι

1991 3946 2159 4002 Eccli.
2220 3964 2294 4011 vn,
2332 3948 2479 4002 1.-
2517 3967 2535 4000 ι
2583 3948 2774 4006 Omnis
2831 3960 3094 4021 peccator
3158 3953 3378 4010 invidus
3433 3962 3488 4010 et

1919 4039 2180 4111 bilinguis
2209 4041 2598 4097 contumeliam
2636 4041 2764 4098 fert.

1991 4152 2158 4208 Eccli.
2202 4169 2397 4219 xxvm,
2433 4154 2521 4218 l4,
2562 4154 2648 4208 l9.
2688 4183 2758 4195 —-
2790 4175 2808 4208 ι
2842 4154 3210 4214 Susurronem
3244 4165 3297 4213 et
3319 4158 3486 4213 bilin-

1920 4259 2080 4318 guem
2114 4245 2468 4301 maledicite:
2502 4245 2705 4303 multos
2735 4247 2878 4304 enim
2917 4248 3160 4319 perdidit
3213 4249 3484 4307 habentes

1922 4353 2132 4410 pacem.
2164 4337 2375 4409 Lingua
2404 4338 2601 4410 duplex
2622 4340 2827 4396 multos
2849 4342 3169 4409 commovit,
3195 4353 3249 4398 ct
3273 4342 3493 4414 disper-

1922 4430 1995 4486 sit
2029 4430 2154 4487 illos
2191 4430 2259 4486 de
2290 4439 2452 4504 gente
2480 4431 2535 4486 in
2553 4441 2770 4504 gentem
2810 4451 2824 4488 :
2865 4443 2919 4490 et
2951 4435 3207 4493 civitates
3237 4445 3481 4494 muratas

1917 4525 2211 4591 destruxit,
2265 4531 2318 4579 et
2360 4524 2550 4580 domos
2584 4534 2980 4596 magnatorum
3030 4527 3236 4584 effodit.
3287 4527 3494 4601 Lingua

1918 4617 2119 4688 duplex
2186 4616 2446 4672 mulieres
2511 4618 2719 4674 viratas
2752 4618 2939 4689 ejecit,
2969 4632 3025 4676 et
3087 4622 3326 4693 privavit
3371 4625 3497 4679 illas

1917 4709 2204 4766 laboribus
2242 4709 2376 4765 suis.
2413 4710 2520 4777 Qui
2578 4712 2808 4783 respicit
2875 4714 3050 4780 illam,
3099 4731 3210 4773 non
3267 4717 3495 4773 habebit

1920 4803 2187 4874 requiem,
2223 4817 2327 4858 nec
2363 4802 2635 4858 habitabit
2673 4819 2797 4860 cum
2823 4806 3068 4862 silentio.
3107 4826 3125 4859 ι

1920 4943 2053 4996 ΤΙΤ.
2095 4925 2382 5019 χ’ῗιμτ-
2414 4941 2491 4996 De
2521 4941 2796 5019 judicibus
2823 4943 3160 5015 incorruptis,
3193 4958 3242 5002 et
3279 4950 3488 5019 quipu-

2097 5031 2183 5066 ms
2215 5012 2404 5066 habent
2430 5029 2641 5078 manus,
2670 5023 2718 5067 et
2741 5014 2884 5084 juste
2912 5012 3045 5085 μίγα
3068 5012 3317 5074 reddunt.

1995 5191 2167 5245 Exod.
2199 5206 2354 5259 χχιιι,
2381 5189 2435 5247 7.
2464 5226 2535 5238 —-
2567 5211 2587 5246 ι
2620 5196 2905 5251 Insontem
2928 5207 2979 5252 et
3015 5202 3229 5268 justum
3270 5215 3379 5256 non
3405 5202 3488 5256 in-

1923 5285 2181 5353 terﬁcics,
2211 5302 2391 5358 neque
2429 5288 2682 5345 absolves
2720 5290 2972 5361 impium.
3023 5311 3041 5344 ι

2002 5401 2175 5456 Exod.
2213 5420 2348 5468 xxtt,
2383 5403 2472 5460 22.
2505 5436 2572 5446 -—
2617 5424 2633 5458 ι
2670 5404 2903 5462 Omnem
2960 5409 3178 5464 viduam
3212 5419 3266 5467 et
3311 5413 3492 5482 pupil-

1923 5495 2034 5549 lum
2072 5513 2177 5550 non
2209 5498 2486 5569 ailligetis.
2525 5518 2544 5552 ι

1999 5609 2172 5665 Exod.
2208 5613 2445 5677 XXIII,9,
2481 5613 2628 5668 8.--
2671 5635 2689 5668 ‹
2734 5615 2850 5672 Non
2901 5616 3130 5687 adjicies
3183 5612 3305 5674 cum
3359 5621 3499 5675 mul-

1932 5703 2168 5758 titudiue
2191 5705 2508 5761 subvertere
2526 5707 2820 5778 judicium.
2845 5708 3065 5776 Munera
3095 5727 3203 5767 non
3237 5713 3498 5782 accipies.

1937 5797 2162 5854 Munera
2204 5801 2348 5854 enim
2400 5812 2678 5859 cxcazcant
2729 5805 2918 5863 oculos
2943 5804 3271 5872 videntium,
3295 5814 3348 5860 ct
3383 5821 3501 5860 cor-

1937 5898 2201 5962 rumpunt
2228 5891 2390 5949 verba
2425 5893 2592 5965 justa.
2633 5913 2651 5947 ι

3095 5989 3169 6052 44
