4010 6302
407 332 542 402 1391

1577 338 1635 398 S.
1677 337 2004 402 JOANNIS
2049 340 2486 406 DAMASCENI

3544 343 3678 412 i392

402 448 590 522 υεοιιο
617 447 684 506 ad
729 454 962 506 mortem
995 454 1147 506 certa
1196 463 1299 520 pro
1325 446 1564 520 justitia,
1625 460 1677 506 et
1715 449 1980 507 Dominus

2111 455 2352 524 ιγώνισαι
2372 459 2516 532 ὐπὶρ
2543 461 2642 531 τῆς
2673 460 2952 537 ἀληθείας,
2978 461 3075 520 καὶ
3101 462 3306 542 Κύριος
3343 467 3370 522 6
3410 466 3544 535 Θεὸς
3578 489 3681 526 πο·

397 542 681 614 pugnabit
720 556 824 611 pro
854 549 932 598 te.
971 561 993 595 ι

475 632 644 689 Εεειί.
679 647 837 701 xvut,
871 633 1037 690 15.--
1067 650 1086 686 ι
1117 633 1176 689 in
1211 633 1602 702 innocentibus
1637 650 1705 692 ne
1736 634 1834 693 des
1854 651 1990 708 que-

396 726 601 784 telam.
637 744 657 780 ι
1965 739 1968 745 ’

479 817 644 874 Eccli.
675 835 749 884 iv,
785 817 876 875 26.
903 845 976 863 -
1017 837 1038 872 ι
1067 817 1148 876 Ne
1190 820 1433 892 accipias
1461 835 1756 893 personam
1789 821 1988 879 adver-

406 923 506 967 sus
539 909 776 965 animam
813 918 987 965 tuam.
1019 927 1041 962 ι

479 998 651 1056 Εισιὶ.
691 1013 814 1067 vin,
844 999 936 1056 26.
971 1029 1042 1044 ——
1076 1018 1095 1053 ι
1126 999 1206 1058 Ne
1237 1009 1352 1059 stes
1381 1009 1576 1059 contra
1615 1001 1816 1060 faciem
1858 1018 1988 1060 con-

406 1091 707 1148 tumeliosi.
749 1109 771 1147 ι

471 1185 648 1241 ’Eccli.
689 1201 766 1251 tv,
795 1186 849 1245 9.
877 1217 947 1228 —
987 1205 1006 1239 ι
1037 1185 1237 1242 Libera
1271 1201 1395 1243 eum
1431 1187 1526 1261 qui
1559 1189 1816 1260 injuriam
1848 1192 1990 1263 pati-

409 1293 497 1332 tur
516 1277 584 1334 de
611 1278 1202 1336 manucalumniantis
1236 1298 1251 1336 :
1284 1287 1339 1337 et
1379 1296 1445 1336 ne
1481 1280 1833 1352 despondeas
1865 1284 1991 1340 ani~

406 1385 555 1426 mum
591 1370 720 1425 dum
759 1369 1122 1441 judicaveris.
1165 1390 1186 1425 ι

474 1461 648 1518 Eccli.
679 1478 753 1529 ιι,
788 1462 838 1516 7.
864 1493 935 1504 -
954 1482 989 1517 .4
1025 1462 1351 1537 Priusquam
1381 1465 1712 1538 interroges,
1741 1482 1810 1524 ne
1837 1469 1991 1525 vitu-

411 1569 592 1628 peres.
618 1554 868 1627 lntellige
901 1559 1160 1628 primum,
1199 1565 1252 1614 et
1286 1566 1417 1614 tunc
1447 1559 1692 1630 corripe.
1725 1577 1746 1612 ι

476 1644 646 1702 Eccli.
679 1663 880 1717 .xxxm,
934 1649 1023 1705 54.
1057 1680 1127 1692 —
1170 1667 1190 1702 ι
1225 1649 1358 1707 Sine
1407 1651 1664 1708 examine
1713 1653 1853 1708 nihil
1908 1653 1990 1710 fa-

408 1753 546 1797 CICS.
585 1759 604 1794 ι

2093 548 2320 622 λεμήσει
2348 553 2490 626 ὑπὲρ
2522 554 2641 610 σοῦ.
2681 575 2702 609 ι

2166 661 2188 694 ι
2226 645 2317 700 Ἐν
2343 643 2544 710 ἀθώοις
2583 647 2661 720 μὴ
2694 647 2786 714 δὸς
2816 647 3030 721 μῶμον.
3059 669 3082 706 ι

2170 844 2188 876 ι
2227 825 2319 898 Μὴ
2349 827 2521 901 λάϐῃς
2545 829 2837 906 πρόσωπον
2867 833 3012 891 κατά
3031 837 3131 909 τῆς
3160 836 3344 912 ψυχῆς
3366 858 3478 898 σου.

2075 1092 2078 1096 ’
2169 1029 2188 1063 ι
2209 1010 2299 1083 Μὴ
2330 1012 2635 1088 ὲξαναστῇς
2664 1016 2773 1072 ἀπὸ
2809 1018 3105 1091 προσώπου
3124 1021 3406 1095 ὑϐριστοῦ.
3433 1044 3457 1079 ι

2168 1211 2185 1243 ι
2220 1192 2441 1261 Ἑξελοῦ
2465 1194 2824 1269 ἀδικούμενον
2866 1200 2931 1254 ὲκ
2955 1204 3139 1274 χειρὸς
3185 1205 3521 1276 ἀδικοῦντος,
3587 1211 3688 1265 καὶ

2093 1279 2171 1352 μὴ
2196 1281 2602 1360 όλιγοψυχήσῃς
2629 1287 2688 1342 ὲν
2714 1287 2793 1360 τῷ
2816 1290 3026 1363 κρίνειν
3051 1311 3131 1351 σε.
3173 1315 3192 1350 ι

2169 1479 2189 1513 ι
2225 1460 2362 1534 Πρὶν
2397 1462 2746 1538 ἢέξετάσῃς,
2790 1467 2868 1541 μὴ
2909 1469 3126 1545 μέμψῃ.
3180 1471 3396 1545 Νόησον
3439 1475 3686 1548 πρῶτον,

2091 1551 2188 1605 καὶ
2221 1551 2345 1607 τότε
2371 1553 2631 1626 ἐπιτίμα.
2671 1576 2692 1609 ι

2153 1659 2185 1693 4
2213 1641 2378 1696 Ἀνευ
2403 1643 2642 1716 κρίσεως
2667 1646 2743 1720 μὴ
2778 1649 3018 1724 ποιήσῃς
3038 1653 3226 1726 μηδέν.
3267 1675 3287 1709 ι

481 1832 648 1889 Eccli.
678 1851 854 1905 xxxii,
891 1836 942 1891 1.
987 1866 1059 1877 -
1092 1852 1112 1888 ι
1167 1838 1460 1895 Rectorem
1527 1849 1579 1896 te
1648 1843 1992 1911 posuerunt?

2170 1843 2189 1877 ι
2239 1825 2572 1898 Ἠγούμενόν
2601 1848 2660 1884 σε
2696 1832 3078 1906 κατέστησαν;
3107 1835 3182 1908 μὴ
3214 1838 3468 1914 ὲπαέρου.
3527 1845 3689 1901 Γίνου

378 1923 522 1980 ιιιοιί
549 1927 768 1982 extolli.
803 1926 936 1983 Esto
965 1928 1019 1982 in
1064 1927 1174 1984 illis
1206 1929 1365 1999 quasi
1398 1945 1539 1985 unus
1568 1946 1632 1987 ex
1661 1932 1818 2002 ipsis.
1864 1953 1883 1985 ι

458 2017 632 2075 ἰιίοιη.
664 2021 860 2088 xm,3.
900 2051 971 2064 —
1013 2039 1032 2073 ι
1066 2018 1162 2075 Vis
1213 2036 1319 2077 non
1381 2023 1576 2079 timere
1620 2028 1996 2094 potestatem?

413 2110 629 2168 Bonum
669 2112 776 2180 fac,
804 2121 858 2168 ct
885 2112 1118 2169 habebis
1148 2114 1366 2169 laudem
1398 2130 1465 2170 ex
1506 2115 1619 2174 illa.
1662 2136 1682 2170 ι

483 2207 514 2263 1
539 2207 704 2279 .loan.
732 2224 813 2273 ιιι,
846 2209 988 2265 7.-
1015 2229 1032 2262 ι
1062 2209 1166 2278 Qui
1195 2209 1322 2266 facit
1342 2210 1650 2280 justitiam,
1682 2213 1866 2282 justus
1889 2222 1995 2282 est,

388 2299 875 2376 quemadmodum
919 2311 974 2358 et
1009 2301 1104 2359 ille
1129 2302 1317 2375 justus
1368 2313 1470 2360 est.
1525 2303 1718 2363 Omnis
1756 2309 1851 2378 qui
1887 2323 1998 2366 non

385 2394 548 2470 .‘ifacit
578 2393 878 2467 justitiam,
912 2410 1028 2451 non
1062 2406 1150 2452 est
1185 2413 1250 2454 ex
1281 2395 1410 2454 Deo.
1442 2416 1461 2450 ι

481 2485 543 2544 S.
577 2487 752 2544 Basil.
786 2486 942 2544 Orat.
989 2487 1054 2543 de
1088 2490 1255 2546 invid.
1284 2519 1304 2526 —
1374 2491 1429 2547 Si
1474 2491 1665 2562 gloria:
1697 2494 2000 2565 cupiditate

407 2580 636 2653 ﬂagras,
665 2579 862 2651 visque
899 2595 1068 2652 supra
1105 2582 1307 2653 vulgus
1348 2583 1556 2648 lucere,
1596 2593 1649 2639 et
1702 2587 1757 2640 in
1809 2587 1999 2642 mundi

385 2670 652 2744 negotiis
686 2670 1040 2741 splendorem
1080 2673 1328 2743 assequi,
1374 2672 1567 2744 justus
1600 2682 1742 2742 esto,
1789 2684 2001 2748 tempe-

412 2777 564 2830 rans,
595 2763 861 2836 prudens,
889 2770 946 2820 et
992 2762 1175 2827 fortis.
1207 2771 1372 2834 teque
1417 2780 1518 2834 pro
1565 2767 1766 2836 pietate
1809 2769 1999 2825 decer-

412 2857 602 2925 tando,
636 2857 962 2914 tolerantem
986 2856 1188 2927 praebe.
1217 2856 1379 2930 M3
1407 2857 1500 2914 Sic
1518 2860 1736 2916 enimet
1759 2861 1996 2932 teipsum

412 2951 626 3008 salvum
658 2950 851 3018 facies,
875 2959 929 3007 et
954 2949 1024 3006 ob
1055 2950 1268 3022 majora
1297 2953 1444 3009 bona
1476 2953 1786 3009 claritatem
1826 2953 2002 3024 majo-

393 3061 528 3102 rem
555 3044 908 3117 adipisceris.

485 3137 681 3208 Ejusd.
711 3138 764 3192 in
791 3138 962 3207 princ.
999 3137 1162 3194 Prov.
1194 3166 1266 3178 —
1290 3135 1469 3193 Iusta).
1490 3137 1662 3193 animi
1691 3137 1999 3195 affectionis
2028 3175 2070 3234 ο

414 3239 800 3306 argumentum
822 3239 908 3286 est
938 3230 1226 3303 integritas
1256 3230 1308 3284 in
1333 3230 1732 3300 judicando.-—-
1756 3229 1837 3285 Ad
1866 3231 1992 3298 hoc,

388 3332 475 3380 .ut
512 3339 694 3383 veram
747 3325 1019 3396 justitiam
1051 3325 1325 3396 quispiam
1384 3325 1678 3398 intelligat,
1730 3342 1994 3399 magnum

414 3433 550 3474 sane
584 3418 886 3490 ingenium,
914 3427 966 3473 et
998 3433 1213 3473 summa
1269 3419 1471 3476 mentis
1503 3420 1770 3490 perfectio
1807 3421 1991 3490 requi-

390 3535 400 3560 ,-
415 3509 578 3564 ritur.
608 3507 795 3579 Neque
818 3510 963 3565 enim
997 3510 1112 3565 ﬁeri
1141 3518 1321 3580 potest
1346 3520 1403 3564 ut
1456 3512 1749 3584 quisquam
1772 3514 1839 3569 de
1859 3528 1994 3569 con-

415 3601 704 3657 troversiis
743 3610 893 3656 recte
929 3612 983 3658 et
1021 3603 1234 3674 integre
1269 3605 1610 3674 pronuntiet,
1645 3605 1750 3660 nisi
1785 3605 1994 3661 doctri-

393 3708 544 3749 .nam
576 3693 721 3764 juris
753 3702 878 3751 ante
929 3696 1252 3767 perceperit.
1288 3695 1424 3752 Nam
1462 3699 1555 3768 qui
1596 3713 1779 3754 veram
1827 3697 1996 3768 justi-

416 3788 548 3843 tiam
577 3787 760 3853 callet,
796 3802 860 3843 ac
894 3803 990 3858 per
1023 3804 1143 3844 eam
1180 3804 1344 3844 suum
1376 3789 1578 3862 cuique
1630 3791 1874 3846 tribuere
1905 3791 1994 3845 di-

414 3879 572 3948 dicit,
599 3881 648 3937 is
675 3882 895 3937 demum
924 3882 1162 3953 dirigere
1185 3883 1457 3954 judicium
1487 3892 1688 3956 potest.
1714 3883 1991 3951 Quemad-

414 3974 640 4030 modum
659 3975 808 4031 enim
841 3976 1166 4047 sagittarius
1195 3977 1366 4033 telum
1411 3977 1482 4032 ad
1511 3977 1728 4048 signum
1762 3977 1990 4048 dirigit,

413 4065 497 4120 sic
518 4081 746 4137 quoque
768 4065 937 4136 judcx
973 4067 1040 4122 ad
1069 4068 1120 4123 id
1150 4067 1296 4139 quod
1316 4067 1529 4139 justum
1564 4078 1650 4124 est
1709 4069 1991 4134 collineat,

415 4172 540 4212 cum
595 4157 861 4213 rationem
904 4174 1265 4230 personarum
1328 4176 1438 4215 non
1493 4159 1688 4224 habet,
1731 4175 1834 4216 nec
1894 4174 1993 4231 per

416 4247 582 4302 animi
611 4251 1033 4320 propensionem
1067 4251 1368 4322 quidquam
1423 4251 1575 4316 facit,
1617 4251 1710 4306 sed
1762 4261 1910 4306 recta
1936 4258 1994 4306 et

407 4343 628 4413 integra
651 4340 861 4414 judicia
899 4346 1246 4415 pronuntiat.
1289 4343 1454 4415 Atqui
1498 4343 1716 4400 duobus
1744 4342 1890 4415 apud
1924 4343 1992 4399 il-

417 4434 528 4487 lum
562 4448 785 4489 causam
834 4433 1164 4501 dicentibus,
1207 4451 1446 4507 quorum
1479 4435 1617 4490 alter
1662 4437 1784 4506 plus
1809 4449 1987 4506 aequo,

417 4525 558 4580 alter
590 4525 776 4582 minus
820 4525 1044 4600 habeat,
1091 4536 1200 4583 stat
1243 4527 1409 4596 judcx
1467 4541 1564 4582 eos
1614 4527 1759 4582 inter
1791 4543 1849 4582 se
1896 4542 1991 4583 ex-
2026 4545 2069 4601 ι)

388 4631 663 4688 ηωιιιιοιιε,
697 4626 1019 4689 tantumque
1054 4619 1104 4674 ei
1135 4619 1226 4689 qui
1260 4620 1546 4683 exuberat,
1583 4618 1992 4688 adimit,quan-

418 4718 535 4764 tum
561 4711 636 4765 illi
671 4712 764 4782 qui
794 4712 998 4782 injuria
1039 4694 1293 4774 allicitur,
1337 4711 1533 4767 deesse
1561 4713 1916 4782 compererit.

488 4802 680 4873 Ejusd.
705 4805 848 4858 hom.
891 4804 1012 4857 hab.
1050 4805 1102 4856 in
1137 4803 1380 4875 Lacyzis.
1412 4833 1482 4844 --
1515 4803 1618 4870 Qui
1655 4804 1834 4858 cernit
1875 4805 1993 4876 pla-

419 4913 509 4960 na,
547 4895 982 4952 misericordiam
1041 4906 1437 4967 consequetur.
1498 4895 1640 4962 Quid
1702 4896 1890 4965 igitur,
1947 4896 1992 4951 si

419 5003 576 5046 terra:
612 4999 860 5044 naturam
919 4990 1142 5043 minime
1183 4991 1398 5060 planam
1435 4999 1491 5045 ct
1545 4989 1869 5058 mquabilem
1921 4988 1994 5041 vi-

416 5082 550 5137 dero
583 5082 784 5151 (qualis
825 5081 968 5135 enim
1025 5083 1140 5151 ipsa
1176 5093 1281 5150 est,
1313 5083 1440 5135 talis
1476 5096 1697 5151 quoque
1733 5089 1993 5136 cernatur

397 5191 641 5231 necesse
665 5177 791 5245 est),
833 5177 933 5230 hoc
969 5178 1190 5231 nomine
1223 5177 1623 5231 condemnabo.
1662 5224 1668 5229 .
1707 5181 1773 5230 At
1806 5185 1862 5229 tu
1894 5191 1992 5230 su-

416 5268 640 5324 blimius
674 5270 832 5324 velim
874 5271 1160 5340 respicias.
1220 5271 1415 5326 Astaut
1463 5271 1594 5324 mihi
1630 5271 1848 5326 diversa
1887 5270 1992 5324 ira-

415 5371 560 5416 trum
585 5378 781 5433 genera
815 5381 828 5417 :
870 5381 1012 5420 unus
1058 5382 1264 5436 pauper
1297 5378 1400 5431 est,
1453 5365 1611 5420 dives
1653 5365 1810 5428 alter,
1847 5379 1991 5419 unus

413 5455 775 5524 peregrinus,
832 5457 974 5512 alter
1037 5458 1350 5524 fau'iiliaris,
1408 5459 1503 5528 qui
1566 5458 1648 5512 vel
1703 5467 1752 5513 te
1805 5456 1990 5526 judice

413 5547 769 5617 disceptaturi
796 5551 922 5614 sint,
953 5551 1035 5605 vel
1075 5552 1402 5606 liberalitate
1429 5561 1523 5604 tua
1557 5565 1695 5620 opus
1723 5549 1988 5604 habituri.

415 5639 469 5692 Si
514 5656 612 5711 pro
667 5642 924 5696 tribunali
1001 5644 1231 5709 sedeas,
1287 5662 1354 5698 ne
1421 5644 1770 5699 commiseris
1811 5650 1868 5695 ut
1909 5643 1987 5696 vel

417 5731 702 5801 ina-qualia
744 5746 978 5805 spectes,
1032 5737 1133 5791 hoc
1167 5746 1248 5792 est
1305 5737 1530 5791 divitem
1588 5735 1886 5799 excelsum,
1935 5743 1986 5789 et

415 5838 705 5896 pauperem
735 5829 1026 5895 abjectum.
1061 5830 1119 5885 Si
1175 5829 1386 5886 foribus
1415 5831 1520 5887 tuis
1565 5836 1706 5884 astet
1757 5827 1979 5897 aliquis,

2096 1919 2154 1972 ὲν
2188 1919 2374 1984 αὐτοῖς
2394 1921 2469 1986 ὡς
2503 1919 2585 1987 εἷς
2616 1923 2677 1990 ἐξ
2710 1925 2911 1982 αὐτῶν.
2949 1947 2968 1981 ι

2171 2029 2192 2062 ι
2229 2010 2416 2078 Θέλεις
2455 2015 2529 2087 μὴ
2574 2016 2861 2086 φοϐεῖσθαι
2914 2019 3198 2094 ὲξουσίαν;
3260 2028 3485 2097 Ἀγαθὸν
3517 2031 3689 2099 ποίει,

2099 2103 2193 2158 καὶ
2223 2102 2368 2170 ἔξεις
2394 2105 2621 2163 ἔπαινον
2651 2110 2709 2178 ἐξ
2733 2113 2925 2185 αὐτῆς.
2966 2134 2986 2168 ι

2172 2215 2193 2249 ι
2235 2197 2294 2250 '0
2329 2197 2499 2252 ποιῶν
2531 2200 2630 2274 τὴν
2664 2203 3036 2280 δικαιοσύνην,
3071 2210 3284 2278 δίκαιός
3319 2215 3460 2281 ἐστι,
3498 2217 3688 2283 καθὼς

2099 2291 2192 2343 καὶ
2221 2290 2427 2357 ἐκεῖνος
2455 2292 2664 2359 δίκαιός
2691 2297 2830 2353 ἐστι.
2861 2300 2979 2366 Πᾶς
3015 2305 3045 2358 6
3073 2305 3152 2378 μὴ
3183 2307 3357 2365 ⁴ποιῶν
3405 2310 3689 2367 δικαιοσύ-

2099 2398 2220 2454 νην,
2243 2383 2346 2438 οὐκ
2368 2384 2520 2439 ἔστιν
2541 2388 2604 2442 ἐκ
2637 2388 2730 2443 τοῦ
2766 2391 2923 2448 Θεοῦ.
2970 2415 2996 2448 ι

2169 2475 2232 2568 Εἰ
2255 2476 2414 2568 δόξης
2447 2478 2756 2551 ἐπιθυμεῖς,
2781 2486 2878 2538 καὶ
2899 2484 3080 2556 βούλει
3103 2489 3212 2545 τῶν
3249 2492 3466 2548 πολλῶν
3515 2495 3691 2568 ὐπερ-

2101 2565 2412 2636 φαίνεσθαι,
2456 2569 2548 2624 καὶ
2575 2571 2864 2645 εὐδόκιμος
2909 2578 2967 2632 ἐν
2994 2582 3109 2644 τοῖς
3160 2587 3445 2654 κοσμικοῖς
3505 2565 3690 2658 πράξ-

2104 2677 2236 2730 μασι
2259 2662 2530 2730 γίνεσθαι,
2560 2663 2652 2719 ἔσο
2677 2666 2906 2737 δίκαιος,
2939 2670 3196 2744 σώφρων,
3241 2677 3528 2749 φρόνιμος,
3586 2683 3690 2736 ἀνο

2100 2753 2299 2825 δρεῖος,
2336 2757 2738 2830 ὑπομονητικδς
2763 2763 2820 2817 έν
2850 2766 2966 2829 τοῖς
3006 2766 3148 2840 ὑπὲρ
3187 2770 3472 2836 εὐσεϐείας
3532 2774 3685 2842 ἀγῶ-

2105 2847 2414 2938 σινκούτω
2443 2853 2553 2924 γάρ
2605 2855 2829 2910 σεαυτὸν
2882 2857 3100 2923 σώσεις,
3153 2863 3244 2916 καὶ
3287 2865 3382 2918 ἐπὶ
3441 2865 3688 2938 μείζοσιν

2101 2937 2329 3006 ἀγαθοῖς
2361 2940 2586 3014 μείζονα
2606 2943 2749 3013 ἕξεις
2776 2946 2875 3020 τὴν
2897 2951 3284 3021 περιφάνειαν.

2175 3121 2442 3197 Ἔλεγχος
2464 3126 2564 3199 τῆς
2588 3126 2684 3182 τοῦ
2715 3129 2926 3185 δικαίου
2945 3131 3241 3200 διαθέσεως
3264 3136 3301 3207 ἡ
3317 3137 3446 3207 περὶ
3475 3137 3534 3192 τὸ
3563 3139 3682 3210 κρί-

2102 3232 2214 3271 νειν
2242 3216 2492 3290 ὀρθότης.
2527 3219 2689 3274 -Τὸ
2723 3221 2916 3294 νοῆσαι
2959 3223 3061 3296 τὴν
3104 3225 3283 3299 ἀληθῆ
3335 3228 3687 3302 δικαιοσύνην

2106 3307 2352 3379 μεγάλης
2376 3308 2545 3374 ὅντως
2568 3310 2830 3378 διανοίας,
2858 3314 2953 3369 καὶ
2983 3316 3182 3386 φρενὸς
3210 3317 3562 3392 τελειοτάτης
3576 3321 3683 3375 δεῖ-

2099 3413 2210 3450 ται.
2254 3397 2309 3450 Ἀ
2321 3399 2564 3471 μήχανον
2595 3401 2704 3475 γὰρ
2728 3403 2803 3478 μὴ
2830 3407 3304 3477 προπαιδευθέντα
3337 3412 3466 3483 περὶ
3490 3413 3582 3470 τοῦ
3604 3414 3682 3470 δι-

2102 3489 2258 3545 καίου
2288 3489 2547 3550 δύνασθαι
2569 3495 2668 3561 τάς
2683 3497 3130 3573 ἀμφισϐητήσεις
3149 3502 3326 3574 ὀρθῶς
3355 3505 3682 3577 διακρίνειν.

2113 3581 2171 3636 '0
2200 3583 2310 3655 γὰρ
2337 3585 2492 3651 εἰδὼς
2521 3585 2618 3659 τὴν
2649 3589 2822 3661 ἀληθῆ
2870 3593 3245 3668 δικαιοσύνην,
3281 3600 3374 3654 καὶ
3414 3599 3484 3654 δι’
3509 3602 3685 3673 αὐτῆς

2099 3674 2372 3748 διδαχθεὶς
2402 3679 2462 3733 τὸ
2486 3683 2687 3737 οἰκεῖον
2717 3682 3013 3757 ἀπονεῖμαι
3054 3689 3301 3762 ἑκάστῳ,
3333 3685 3490 3759 οὗτος
3525 3695 3682 3752 δύνα⁹

2100 3785 2192 3824 ται
2241 3771 2573 3827 κατευθῦναι
2621 3777 2812 3846 κρῖμα.
2858 3779 3071 3852 Ὠσπερ
3107 3782 3382 3856 ότοξότης
3411 3784 3546 3858 πρὸς
3588 3787 3684 3840 τδν

2103 3866 2304 3920 σκοπὸν
2335 3867 2623 3924 ἐπευθύνει
2649 3872 2711 3925 τὸ
2737 3873 2910 3943 βέλος,
2949 3876 3125 3943 οὕτως
3171 3881 3199 3934 6
3227 3883 3420 3954 κριτὴς
3457 3883 3550 3938 τοῦ
3598 3885 3679 3942 δι-

2102 3957 2256 4012 καίου
2309 3963 2821 4034 καταστοχάζεται,
2877 3967 3001 4024 οὐτε
3055 3970 3328 4043 πρόσωπα
3367 3974 3677 4048 λαμϐάνων,

2100 4050 2223 4104 οὐτε
2258 4051 2428 4107 ποιῶν
2463 4056 2608 4111 κατά
2635 4058 2981 4129 πρόσκλισιν,
3007 4063 3124 4117 ἀλλ’
3148 4065 3367 4131 εὐθείας
3398 4070 3491 4122 καὶ
3528 4071 3678 4125 ἀδια-

2102 4143 2368 4213 στρόφους
2397 4145 2648 4217 ἐκφέρων
2673 4147 2773 4213 τάς
2798 4149 3032 4222 κρίσεις.
3078 4156 3188 4209 Καὶ
3221 4156 3315 4211 δύο
3342 4161 3677 4230 κρινομένων

2102 4237 2234 4307 παρ’
2262 4237 2413 4308 αὐτῷ
2433 4282 2446 4304 ,
2479 4231 2574 4294 τοῦ
2602 4258 2660 4294 τε
2691 4242 3168 4312 πλεονεκτοῦντος,
3201 4250 3296 4304 καὶ
3329 4252 3422 4304 τοῦ
3457 4252 3676 4308 ἔλαττον

2100 4327 2314 4398 ἔχοντος
2346 4331 2577 4403 ἕστηκεν
2625 4335 2654 4388 6
2705 4335 2920 4409 κριτὴς,
2968 4341 3244 4396 ἐπανισῶν
3297 4344 3496 4409 αὐτοὺς
3538 4346 3672 4417 πρὸς

2099 4421 2379 4493 ἀλλήλους,
2417 4426 2512 4480 καὶ
2551 4427 2808 4484 τοσοῦτον
2854 4434 3105 4506 ἀφαιρῶν
3149 4435 3244 4490 τοῦ
3295 4438 3669 4512 ὑπερέχοντος,

2099 4513 2224 4568 ὅσον
2250 4515 2642 4592 ἐλαττούμενον
2666 4521 2909 4594 εὑρίσκει
2939 4523 3031 4578 τὸν
3061 4527 3437 4601 ἀδικούμενον.

2179 4811 2235 4866 Ὀ
2270 4813 2481 4882 βλέπων
2519 4813 2657 4880 λεῖα,
2683 4815 3069 4886 ὲλεηθήσεται·
3105 4817 3202 4872 ὲάν
3239 4816 3339 4871 ἴδω
3388 4817 3486 4888 τὴν
3510 4816 3667 4886 φύσιν

2096 4903 2191 4975 τῆς
2215 4905 2316 4974 γῆς
2349 4905 2650 4976 ἀνωμάλως
2677 4906 2904 4978 ἔχουσαν
2937 4909 3144 4980 (ἐπειδὴ
3171 4910 3280 4982 γὰρ
3314 4911 3400 4963 οἴα
3423 4909 3666 4978 ἐκτίσθη,

2096 4993 2320 5066 τοιαύτη
2363 4997 2602 5064 ὁρᾶται),
2653 4997 2746 5048 ἐπὶ
2787 4997 2994 5060 τούτοις
3035 4998 3148 5067 ἐγὼ
3200 4999 3666 5068 καταδικάζομαι;

2111 5087 2269 5141 Ἃ)λά
2310 5087 2419 5141 νόει
2476 5103 2568 5158 μοι
2607 5087 2845 5158 ὑψηλῶς.
2886 5089 3270 5161 Παρεστήκασί
3300 5106 3390 5161 μοι
3424 5090 3670 5158 ἀδελφῶν

2093 5179 2348 5253 διαφοραί
2367 5196 2380 5210 °
2404 5182 2433 5235 6
2476 5181 2574 5253 μὲν
2609 5179 2800 5250 πένης,
2828 5183 2856 5235 6
2896 5181 2952 5235 δὲ
2984 5182 3239 5247 πλούσιος
3259 5199 3273 5216 ·
3307 5186 3336 5238 6
3366 5183 3464 5256 μὲν
3499 5183 3668 5249 ξένος,

2093 5275 2122 5328 6
2150 5272 2207 5326 δὲ
2239 5273 2467 5338 οἰκεῖοςο
2517 5272 2550 5344 ἢ
2604 5271 2877 5337 δικάζοντί
2906 5290 2988 5327 σοι
3029 5275 3364 5345 κρινόμενοι,
3397 5275 3429 5346 ἢ
3455 5275 3669 5346 μεταδι-

2092 5365 2236 5421 δόντι
2297 5382 2379 5418 σοι
2438 5363 2748 5436 χρῄζοντες.
2769 5365 2896 5419 Ἐὰν
2926 5364 3070 5439 κάθῃ
3115 5367 3340 5438 κρίνων,
3388 5368 3462 5438 μὴ
3503 5367 3668 5437 βλέπε

2093 5459 2378 5531 ἀνώμαλα,
2411 5458 2546 5530 μηδὲ
2575 5458 2666 5512 τὸν
2702 5458 2961 5512 πλούσιον
3001 5458 3227 5530 ὑψηλὸν,
3250 5459 3342 5513 τὸν
3365 5460 3422 5514 δὲ
3463 5461 3669 5528 πένητα

2092 5554 2369 5610 ταπεινόν.
2409 5552 2534 5606 Ἐἀν
2558 5552 2883 5624 παρασταθῇ
2913 5556 2980 5624 τῇ
3009 5551 3154 5625 θύρᾳ
3176 5570 3268 5606 σου
3300 5556 3328 5607 6
3352 5553 3449 5625 τὴν
3478 5553 3668 5625 χρείαν

2093 5646 2260 5701 αὐτοῦ
2300 5642 2753 5716 ἐπανορθωθῆναι
2786 5643 2986 5714 ζητῶν,
3037 5646 3172 5716 μηδὲ
3211 5643 3384 5707 οὕτως
3405 5644 3663 5715 ἀνώμαλα

2093 5739 2230 5810 ἴδῃς,
2267 5738 2343 5808 μὴ
2378 5737 2539 5808 εἴπῃς
2560 5755 2574 5767 ·
2607 5730 2778 5800 Οὗτος
2811 5737 2984 5805 φίλος,
3007 5730 3161 5801 οὗτος
3197 5737 3491 5808 συγγενὴς,
3513 5729 3663 5798 οὗτος

2095 5831 2408 5897 εὐεργέτης,
2432 5830 2636 5892 ἐκεῖνος
2663 5826 2830 5894 ξένος,
2856 5829 3162 5894 ἀλλότριος,
3179 5827 3476 5893 ἄγνωστος.
3496 5823 3659 5882 ’Δνὼ-
