4010 6302
301 345 440 416 1393
453 361 458 365 ’

1570 348 1810 412 SACRA
1843 345 2308 412 PARALLELA.

3433 350 3576 418 1394

301 465 449 536 μαλα
480 461 699 536 βλέπων
726 461 828 518 οὐκ
857 462 1149 544 ὲλεηθήσῃ.
1181 462 1314 518 Λεία
1343 459 1508 533 βλέπε
1533 478 1549 492 ’
1580 461 1743 532 φύσις
1767 461 1887 533 μία,

2006 471 2180 518 tecum
2208 475 2380 534 agens
2409 467 2468 517 ut
2498 441 3128 534 necessitatiltttsipsius
3155 465 3477 534 subvenias,
3506 485 3576 528 ne

299 556 482 612 ινδεια
509 557 569 610 ὲν
590 555 923 628 ἀμφοτέροις
949 557 980 627 ὴ
1010 554 1174 627 αὐτή.
1201 555 1304 620 Δὸς
1333 554 1412 626 τῷ
1440 554 1657 627 ἀδελφῷ
1685 555 1784 610 καὶ
1811 554 1891 627 τῷ

299 648 458 720 ξένῳ,
498 647 641 722 μήτε
671 646 764 703 τὸν
795 646 1027 719 ἀδελφὺν
1054 647 1420 720 ἀποστραφῇς
1440 688 1455 714 ,
1491 649 1585 704 καὶ
1615 647 1709 704 τὸν
1741 648 1891 714 ξένον

299 745 532 815 ἀδελφὺν
556 746 762 800 οἰκεῖον
786 744 1036 817 ποίησαι.
1068 740 1163 816 Μὴ
1189 743 1456 817 πρόκρινε
1481 742 1576 799 τδν
1599 743 1756 815 φίλον
1783 743 1893 799 ἀπὸ

299 838 394 893 τοῦ
430 838 749 911 ἀλλοτρίου,
800 838 901 911 τὴν
935 839 1128 912 χρείαν
1177 836 1344 896 αὑτοῦ
1394 836 1890 911 ἐπανορθούμενος.

302 926 563 982 Βούλεταί
594 945 653 982 σε
677 928 1139 1000 παραμυθητικὸν
1167 922 1309 982 εἶναι
1345 927 1456 984 τῶν
1483 927 1784 1000 δεομένων,
1829 930 1890 983 ού

302 1020 784 1094 πῳσωπολὴπην
807 1060 823 1085 ,
853 1021 917 1075 οὐ
950 1019 1030 1092 τῷ
1059 1021 1319 1092 συγγενεῖ
1351 1019 1598 1088 διδόντα,
1618 1019 1711 1074 τὸν
1742 1020 1895 1088 ξένον

301 1112 719 1184 ἀπωθούμενον.
765 1114 977 1180 Πάντες
1032 1115 1345 1186 συγγενεῖς,
1390 1115 1593 1181 πάντες
1648 1114 1895 1186 ἀδελφοὶ,

302 1205 422 1271 ἑνὸς
458 1206 668 1278 πατρὸς
699 1206 916 1276 ἔγγονοι
953 1205 1178 1273 πάντες.
1229 1209 1356 1262 Ἑάν
1395 1209 1486 1262 τὸν
1518 1209 1893 1280 πνευματικὸν

303 1298 466 1372 εἴπῃς
491 1302 727 1373 πατέρα,
751 1303 780 1356 6
809 1299 1097 1372 οὐράνιοςο
1128 1303 1224 1357 ἐὰν
1259 1302 1328 1357 τὰ
1354 1304 1518 1375 γήϊνα
1557 1303 1750 1376 ζητῇς,
1790 1307 1896 1376 μή-

302 1394 467 1463 τηρή
506 1394 602 1464 γῆ,
641 1392 736 1446 καὶ
764 1392 877 1446 ἀπδ
931 1390 1028 1445 τοῦ
1085 1391 1253 1462 αὐτοῦ
1296 1391 1474 1464 πηλοῦ
1525 1390 1895 1464 διηρτίσμεθα

305 1486 529 1550 πάντες.
563 1486 726 1541 Ὥστε
754 1485 960 1558 ἀδελφὴ
1005 1488 1039 1558 ἡ
1075 1487 1240 1555 φύσις
1267 1486 1410 1540 κατὰ
1443 1486 1647 1558 σάρκα.
1691 1486 1897 1560 ἀδελφὴ

305 1577 579 1647 ὴγένεσις
625 1577 832 1648 ήκατὰ
879 1577 1119 1650 πνεῦμα.
1152 1579 1226 1632 Τὸ
1266 1579 1398 1633 αὑτό
1429 1596 1515 1634 σοι
1558 1573 1699 1650 αἷμα
1739 1579 1901 1651 φορεῖ

307 1670 413 1723 ἀπὸ
443 1667 540 1724 τοῦ
578 1668 797 1742 πρώτου
844 1670 1174 1744 ἀνθρώπουο
1233 1672 1333 1741 τὴν
1379 1672 1552 1742 αὐτήν
1606 1689 1689 1725 σοι
1737 1672 1926 1745 χάριν-

307 1763 466 1817 ἕλαόε
495 1764 650 1837 παρά
679 1764 772 1820 τοῦ
809 1765 1107 1822 Δεσπότου.
1131 1765 1310 1820 Βλέπε
1330 1759 1426 1820 οὖν
1455 1764 1597 1832 λεῖα,
1632 1765 1722 1821 ἵνα
1743 1766 1900 1838 ὲλεη-

307 1857 428 1929 θῇς.
465 1858 559 1929 Μὴ
600 1860 798 1930 εἴπῃς·
840 1853 1015 1924 Οὗτος
1069 1857 1329 1924 πλούσιος
1385 1862 1481 1914 καὶ
1515 1859 1686 1932 τιμῆς
1723 1858 1899 1927 ἄξιος,

307 1954 519 2016 ἐκεῖνος
546 1950 738 2024 πένης,
775 1951 874 2007 καὶ
903 1950 1184 2022 φαυλίζων
1212 1950 1307 2007 τὸν
1336 1950 1545 2025 πένητα
1563 1992 1584 2018 ,
1619 1951 1757 2025 μηδὲ
1778 1953 1902 2018 ταῖς

307 2045 613 2117 ὑπεροχαῖς
664 2045 897 2110 ταύταις
951 2044 1261 2117 ἀνωμάλως
1305 2045 1532 2117 διάνεμε
1577 2046 1678 2110 τὰς
1704 2045 1897 2117 τιμάς.

312 2139 470 2191 Ἔστι
512 2138 669 2209 γὰρό
707 2136 967 2204 πλούσιος
995 2138 1263 2211 ψεύστης,
1293 2141 1321 2193 6
1352 2139 1612 2204 πλούσιος
1640 2137 1849 2211 ἅρπαξ,
1874 2140 1904 2193 6

307 2224 572 2291 πλούσιος
632 2226 857 2300 πόρνος,
913 2230 941 2283 6
978 2229 1149 2301 πένης
1180 2230 1411 2294 δίκαιος.
1466 2226 1559 2301 Mi;
1604 2229 1790 2284 τοίνυν
1832 2231 1901 2303 τῇ

303 2316 510 2389 ἔξωθεν
540 2321 839 2394 ἐπιφανείᾳ
863 2323 1123 2396 πρόσεχε,
1161 2323 1276 2378 ἀλλ’
1303 2326 1383 2387 εἰς
1414 2323 1475 2378 τὸ
1505 2324 1754 2396 κρυπτὸν
1786 2324 1904 2378 είσο

305 2416 628 2489 ιρχόμενος,
675 2418 798 2474 ἐκεῖ
822 2418 921 2484 τὰς
951 2418 1214 2490 διαφορὰς
1244 2419 1490 2490 διάνεμε.
1528 2417 1676 2489 Τίμα
1714 2415 1806 2470 τὸν
1834 2417 1902 2469 τά

309 2511 467 2578 τίμια
490 2509 852 2582 κεκτημένον.
878 2511 944 2566 Τί
972 2509 1302 2585 τιμιώτερον
1325 2527 1341 2578 ;
1369 2493 1540 2583 ἀρετὴ
1568 2508 1601 2580 ἢ
1632 2507 1862 2572 πλοῦτος
1885 2525 1902 2572 ;

309 2601 364 2655 τί
391 2602 458 2657 ὲκ
488 2602 601 2658 τῶν
629 2602 829 2670 ἔξωθεν
863 2603 1187 2674 δοκιμάζεις
1241 2602 1313 2657 τά
1351 2599 1563 2674 κρύφια
1612 2599 1903 2672 διερευνὼ-

313 2710 512 2764 μενος;
556 2695 720 2768 Ὁρᾷς
774 2697 856 2751 ὅτι
910 2699 940 2752 ό
978 2695 1109 2768 Βὴλ,
1152 2693 1352 2763 ἔξωθεν
1383 2694 1485 2764 μὲν
1521 2692 1637 2764 ἔχει
1680 2692 1904 2764 χαλκὸν,

310 2785 524 2843 ἔνδοθεν
557 2789 614 2844 δὲ
648 2790 844 2862 πηλὸν,
876 2789 955 2860 τῷ
997 2789 1503 2864 περιαστράπτοντι
1553 2787 1740 2861 χαλκῷ
1770 2787 1904 2840 ὕπο-

311 2882 721 2955 κρυπτόμενον;
765 2882 892 2937 Ἐὰν
924 2884 1042 2956 ἴδῃς
1067 2883 1197 2948 τοὺς
1228 2883 1287 2936 ἐν
1316 2881 1396 2954 τῷ
1428 2881 1528 2954 βίῳ
1557 2881 1903 2952 περιφανεῖς,

311 2971 550 3041 γίνωσκε
575 2974 656 3028 ὅτι
685 2975 713 3028 6
743 2974 945 3045 χαλκὸς
981 2973 1167 3038 αὐτοῖς
1194 2972 1559 3046 περιλάμπει,
1584 2971 1797 3026 ἔνδοθεν
1847 2971 1904 3025 δὲ

311 3063 485 3138 πηλός
519 3065 679 3122 εἰσιν.
700 3065 897 3121 Πολλοὶ
923 3068 1022 3137 μὲν
1044 3065 1246 3138 χρυσὸν
1275 3065 1491 3138 ἔχουσιν
1517 3066 1687 3130 ἔνδον,
1704 3065 1903 3138 δστρα-

1993 555 2079 613 sic
2109 570 2334 629 quoque
2374 554 2670 628 inaequalia
2713 559 3048 630 prospicias,
3108 574 3175 617 ac
3220 561 3422 619 dicas:
3472 562 3575 621 llic

1994 648 2230 714 amicus,
2263 650 2354 705 hic
2413 661 2702 724 cognatus,
2746 651 2838 708 hic
2877 652 3020 709 bene
3060 652 3130 716 de
3182 670 3270 711 me
3302 657 3575 727 meritus;

1993 743 2086 800 ille
2139 742 2504 815 peregrinus,
2566 744 2816 812 alienus,
2866 744 3112 817 ignotus.
3173 744 3233 804 Si
3283 746 3579 819 inaequalia

1996 833 2306 906 aspexeris,
2350 834 2783 908 haudquaquam
2819 837 3262 900 misericordiam
3308 853 3578 897 consecu-

1995 933 2158 984 turus
2196 942 2279 986 es.
2327 926 2499 984 Plana
2541 943 2729 989 cerne.
2788 928 2998 985 Natura
3034 945 3144 986 una
3176 939 3262 986 est
3312 949 3331 988 :
3382 948 3492 988 una
3525 941 3581 990 et

1995 1016 2191 1075 eadem
2227 1018 2284 1074 in
2332 1027 2574 1091 utroque
2612 1019 2944 1091 indigentia.
2989 1022 3069 1078 Da
3125 1020 3285 1079 fratri
3328 1033 3383 1080 et
3432 1040 3580 1096 pere-

1996 1111 2178 1183 grino.
2215 1110 2310 1167 Sic
2342 1120 2396 1168 te
2429 1127 2717 1184 compara.
2755 1121 2813 1169 ut
2854 1129 2956 1171 nec
3007 1113 3235 1174 fratrem
3280 1118 3577 1181 averseris,

1999 1217 2101 1259 nec
2128 1211 2286 1260 tuum
2335 1202 2564 1259 fratrem
2607 1205 2960 1276 peregrinum
3002 1204 3197 1262 facias.
3228 1205 3482 1261 Amicum
3510 1208 3582 1264 ab

1999 1304 2264 1353 extraneo
2298 1312 2367 1353 ne
2408 1295 2739 1368 distinguas,
2774 1298 2906 1354 dum
2939 1298 3375 1354 necessitatibus
3406 1299 3581 1370 ipsius

2001 1389 2345 1446 subveneris.
2383 1387 2515 1445 Vult
2569 1389 2716 1446 Deus
2753 1391 3030 1463 egentium
3085 1399 3139 1448 te
3174 1391 3582 1448 consolatorem

1999 1497 2146 1551 esse,
2163 1498 2274 1540 non
2295 1498 2654 1556 personarum
2679 1496 3066 1555 acceptorem;
3096 1499 3206 1540 non
3225 1484 3318 1556 qui
3348 1493 3584 1556 cognato

2001 1576 2235 1642 tribuat,
2267 1575 2506 1632 alienum
2540 1585 2721 1633 autem
2742 1576 3086 1633 submoveat.
3109 1576 3314 1634 Omnes
3338 1578 3590 1649 cognati.

2000 1658 2197 1727 omnes
2227 1669 2427 1728 fratres
2458 1684 2671 1736 sumus,
2704 1685 2772 1726 ex
2800 1684 2909 1725 uno
2940 1679 3095 1741 patre
3125 1687 3318 1729 omnes
3339 1672 3580 1729 oriundi.

2010 1763 2066 1820 Si
2106 1763 2456 1836 spiritualem
2491 1774 2706 1836 patrem
2755 1765 2986 1832 dixeris,
3038 1766 3130 1824 ille
3181 1767 3427 1823 ccelestis
3457 1775 3580 1823 est:

2000 1856 2088 1913 sin
2117 1865 2335 1913 terrena
2366 1873 2607 1929 quaeras,
2649 1867 2796 1915 terra
2826 1868 3003 1915 mater
3040 1867 3145 1924 est,
3174 1867 3340 1931 atque
3374 1875 3441 1915 ex
3477 1875 3589 1916 uno

2001 1948 2307 2022 eodemque
2334 1965 2528 2007 omnes
2581 1950 2700 2007 luto
2740 1951 3011 2024 compacti
3060 1966 3277 2008 sumus.
3315 1950 3587 2019 Quocirca

2001 2049 2057 2100 et
2088 2049 2290 2099 natura
2321 2058 2488 2100 soror
2529 2044 2772 2100 carnalis
2799 2053 2884 2101 est
2918 2061 2934 2099 :
2961 2059 3124 2101 soror
3160 2045 3290 2102 item
3322 2045 3586 2102 nativitas

2005 2133 2338 2205 spiritualis.
2369 2133 2638 2190 Eumdem
2673 2133 2772 2190 tibi
2808 2133 2912 2191 fert
2939 2150 2970 2190 a
3001 2135 3179 2207 primo
3199 2135 3425 2193 homine
3456 2151 3589 2194 san-

2001 2226 2260 2297 guinem;
2298 2225 2548 2284 eamdem
2581 2226 2679 2282 tibi
2713 2243 2742 2282 a
2780 2225 3015 2283 Domino
3039 2226 3273 2299 gratiam
3305 2229 3586 2287 conciliat.

2002 2315 2181 2373 Cerne
2210 2316 2377 2390 igitur
2401 2318 2585 2388 plana,
2625 2325 2686 2373 ut
2716 2317 3162 2374 misericordiam
3199 2319 3468 2376 invenias.
3507 2316 3588 2376 Ne

2003 2407 2217 2465 dixeris
2266 2422 2285 2463 τ
2338 2407 2441 2464 llic
2489 2408 2644 2465 dives
2694 2416 2818 2474 est,
2879 2416 2935 2466 et
2985 2409 3194 2468 honore
3244 2411 3483 2484 dignus;
3539 2412 3588 2470 is

2006 2519 2135 2560 vero
2202 2519 2436 2575 pauper,
2503 2515 2562 2560 ut
2621 2520 2917 2577 pauperem
2992 2515 3238 2577 Spretum
3314 2506 3520 2563 habeas
3569 2524 3585 2562 :

2006 2612 2076 2653 ne
2106 2595 2377 2668 ejusmodi
2433 2598 2825 2668 pracclleutiis
2882 2599 3121 2656 honores
3178 2599 3592 2670 inmquabiliter

2006 2691 2336 2749 distribuas.
2361 2691 2523 2750 Dives
2555 2694 2758 2765 quippe
2783 2692 3018 2749 mendax
3048 2700 3155 2760 est,
3181 2693 3336 2750 dives
3369 2701 3454 2750 est
3479 2691 3601 2754 for--

2006 2787 2259 2853 uicator,
2289 2799 2458 2858 rapax
2492 2793 2610 2851 est;
2647 2795 2844 2842 contra
2875 2800 3006 2843 vero
3037 2802 3246 2860 pauper
3275 2785 3459 2859 justus
3481 2796 3593 2845 est.

2006 2877 2364 2951 Nequaquam
2395 2880 2554 2950 igitur
2579 2879 2644 2934 ad
2665 2889 2953 2936 externum
2977 2881 3325 2952 splendorem
3346 2880 3593 2936 animum

2009 2972 2269 3044 adﬁcias,
2309 2974 2405 3031 sed
2447 2976 2502 3029 in
2541 2974 2817 3030 occultum
2857 2973 3197 3046 ingrediens,
3239 2973 3353 3030 illic
3387 2973 3592 3032 discri-

2009 3065 2156 3120 mina
2209 3065 2438 3136 partire.
2499 3064 2632 3121 Eum
2675 3066 2909 3133 honora,
2941 3067 3163 3137 qui-res
3192 3066 3381 3122 eximii
3432 3066 3594 3138 pretii

299 3175 409 3240 ,κον
438 3159 493 3214 δὲ
520 3159 721 3227 ἔξωθεν
753 3161 1160 3234 περικείμενον.
1201 3153 1372 3226 Οὗτος
1401 3162 1692 3233 σωφρονεῖ,
1719 3161 1901 3216 κάκεῖ-

2009 3159 2283 3230 possidet.
2329 3156 2526 3215 Utrum
2564 3175 2594 3216 e
2619 3159 2842 3217 duobus
2873 3161 3251 3230 praestantius,
3281 3159 3480 3227 virtus,
3520 3173 3593 3214 an

309 3267 402 3315 νος
426 3252 702 3324 πορνεύει.
738 3254 836 3318 Τίς
866 3253 1303 3326 πλουσιώτερος;
1335 3256 1363 3310 6
1397 3255 1497 3327 τὴν
1543 3254 1901 3326 σωφροσύνην

2010 3254 2184 3327 opes?
2213 3253 2355 3322 Quid
2386 3253 2455 3310 ab
2479 3253 2723 3310 externis
2754 3267 3050 3310 censuram
3084 3250 3244 3321 facis,
3280 3250 3447 3325 ω
3492 3266 3606 3308 nec

312 3343 476 3415 ἔχων,
526 3346 560 3417 ἢ
603 3347 632 3399 6
675 3346 744 3402 τὰ
789 3348 1052 3419 χρήματα
1086 3349 1146 3415 ἐξ
1203 3346 1417 3412 ἀδικίας
1473 3346 1906 3418 συνειλεγμένας

309 3438 471 3495 τοῦτο
494 3441 557 3494 τὺ
582 3441 931 3514 μνημόσυνον
952 3441 1340 3514 ἀναφαίρετον,
1371 3443 1580 3507 ἐκεῖνος
1611 3443 1640 3496 6
1671 3441 1904 3508 πλοῦτος

314 3528 675 3605 πρόσκαιρος.
724 3532 930 3587 Τοῦτον
981 3532 1228 3605 κλέπτης
1265 3533 1326 3586 οὐ
1359 3530 1662 3604 διορύσσει,
1691 3533 1904 3598 ἐκεῖνος

315 3624 558 3698 σήμερον
613 3625 790 3692 ἀνθεῖ,
852 3626 1044 3698 αὔριον
1112 3627 1170 3681 δὲ
1217 3625 1682 3699 ἀπομαραίνεται.
1736 3626 1900 3682 Ὥστε

317 3713 485 3785 βλέπε
516 3716 658 3780 λεῖα,
680 3716 961 3788 ὁμοτίμως
985 3716 1130 3773 κατά
1153 3716 1214 3770 τὸ
1234 3717 1366 3770 αὐτό
1385 3733 1398 3746 ·
1435 3716 1536 3787 τὴν
1571 3717 1756 3788 μέντοι
1781 3717 1900 3773 διὰ-

312 3826 499 3878 κρισιν
540 3810 651 3865 τῶν
685 3812 888 3883 τιμίων
925 3811 1002 3884 μὴ
1041 3811 1334 3883 ἀφανίσῃς,
1364 3811 1451 3865 ἵνα
1481 3805 1548 3883 ᾖς
1576 3810 1894 3883 ὲλεημένος.

2005 3363 2129 3420 quae
2158 3348 2346 3404 abdita
2381 3356 2533 3414 sunt,
2574 3347 2839 3405 excutis?
2869 3347 3069 3403 Annon
3109 3348 3264 3404 vides
3290 3346 3383 3402 Bel
3412 3346 3593 3413 illum,

2007 3451 2235 3500 externo
2265 3441 2488 3514 quidem
2521 3457 2746 3506 aareum,
2781 3441 2996 3496 interne
3019 3447 3204 3497 autem
3243 3440 3417 3495 lutum
3447 3453 3596 3506 esse,

2008 3537 2112 3596 sub
2133 3551 2242 3593 aere
2277 3536 2505 3608 fulgenti
2538 3534 2991 3592 delitescentem?
3026 3533 3084 3589 Si
3112 3533 3362 3590 homines
3400 3534 3456 3587 in
3489 3532 3596 3587 hac

2010 3627 2126 3684 vita
2161 3626 2483 3699 splendidos
2519 3633 2573 3682 et
2614 3626 2866 3681 illustres
2914 3624 3147 3691 videris,
3195 3625 3302 3681 hoc
3350 3624 3593 3689 noveris,

2008 3737 2106 3778 eos
2137 3737 2249 3778 aere
2279 3721 2499 3792 quidem
2542 3721 2784 3792 undique
2824 3719 3054 3792 fulgere,
3092 3721 3242 3774 intus
3264 3734 3396 3774 vero
3418 3719 3595 3772 lutum

2007 3831 2152 3872 esse.
2197 3814 2405 3872 Contra
2437 3816 2682 3886 plerique
2724 3824 2852 3871 sunt
2916 3807 3010 3887 qui
3064 3830 3258 3871 aurum
3312 3814 3463 3870 intus
3498 3813 3597 3867 ha-

311 3903 500 3968 beant,
531 3911 689 3959 extra
723 3912 908 3959 autem
940 3912 1138 3960 testam
1174 3911 1390 3976 gerant.
1437 3901 1539 3959 Hic
1599 3903 1924 3974 pudicitiam
1959 3906 2111 3974 colit,
2145 3906 2238 3964 ille
2267 3914 2572 3963 seortatur.
2610 3905 2744 3964 Uter
2769 3906 2981 3962 ditior?
3030 3907 3152 3963 isne
3204 3906 3296 3978 qui
3338 3908 3599 3963 castitate

316 3999 580 4071 praiditus
620 4007 727 4066 est,
781 4015 852 4055 an
887 4000 981 4071 qui
1027 3999 1294 4071 pecunias
1334 3999 1547 4071 iniquis
1591 4000 1904 4059 rationibus
1938 4002 2208 4060 collectas
2235 4001 2444 4061 habet?
2493 4004 2659 4076 hujus
2688 4006 2951 4061 memoria
3001 4003 3212 4061 auferri
3283 4005 3602 4060 nullatenus

317 4101 496 4161 potest
533 4111 546 4148 :
601 4094 752 4151 illius
789 4108 921 4164 opes
959 4091 1184 4149 caduca
1236 4101 1368 4149 sunt
1419 4100 1474 4148 et
1530 4092 1902 4164 temporariae.
1947 4094 2084 4152 Illud
2127 4095 2219 4151 fur
2257 4111 2372 4152 non
2423 4104 2606 4166 potest
2645 4094 2885 4153 eﬂ’odcre
2911 4116 2930 4152 :

3009 4096 3116 4152 hoc
3186 4096 3452 4153 hodierna
3507 4095 3597 4151 die
3617 4128 3619 4130 -

315 4188 495 4255 t'loret,
520 4189 764 4244 crastina
793 4186 1269 4255 tnarcescit.Quae
1311 4201 1436 4243 cum
1499 4185 1574 4242 ita
1609 4186 1746 4252 sint,
1810 4186 1974 4258 plana
2003 4203 2193 4256 cerne,
2233 4188 2338 4246 hoc
2388 4197 2474 4245 est
2521 4199 2820 4262 utrumque
2848 4189 3114 4260 perinde;
3154 4196 3214 4245 ut
3249 4203 3441 4246 eorum
3475 4201 3623 4261 quae.

318 4285 503 4356 magni
554 4283 714 4355 pretii
756 4290 911 4346 sunt.
962 4283 1383 4339 distinctionem
1435 4282 1665 4338 minime
1697 4281 1905 4350 deleas,
1941 4299 2053 4357 quo
2087 4285 2532 4343 misericordiam
2574 4286 2963 4355 consequaris.

389 4375 547 4431 Οὕτω
569 4375 832 4448 δοκίμαζε
857 4375 950 4429 τὸν
982 4373 1232 4446 ἀδελφὸν,
1265 4373 1342 4440 ὡς
1371 4374 1468 4429 καὶ
1503 4373 1665 4438 αὐτὸς
1702 4375 1762 4429 ὲν
1788 4374 1904 4439 τοῖς

322 4466 507 4532 αὐτοῖς
544 4466 764 4538 μέτροις
789 4465 1134 4538 κρινόμενος.
1162 4495 1232 4506 -
1259 4466 1533 4538 Ποιήσατε
1559 4464 1910 4537 δικαιοσύνης

321 4557 506 4624 ὅπλον,
541 4557 618 4630 μὴ
657 4557 914 4626 Θανάτου,
961 4556 1062 4630 τὴν
1107 4557 1413 4614 παίδευσιν.
1439 4587 1511 4598 ——-
1550 4558 1697 4612 Ἰσθι
1725 4557 1908 4630 κρινό-

326 4670 490 4724 μενος
520 4652 549 4706 6
589 4652 806 4725 κριτὴς,
862 4653 957 4708 καὶ
987 4647 1152 4726 ἦττον
1196 4654 1558 4726 ἁμαρτήσεις.
1588 4685 1658 4696 -
1691 4654 1912 4709 Ἐναντι

325 4745 546 4801 πάντων
576 4746 855 4814 εἰσένεγκε
887 4745 985 4817 τὴν
1034 4747 1474 4818 φιλανθρωπίαν,
1510 4742 1752 4822 ᾖχαίρει
1779 4749 1914 4814 Θεὸς

2090 4375 2150 4432 S.
2205 4375 2652 4448 Greg..Naz.—
2686 4375 2780 4431 Sic
2833 4375 3060 4431 fratrem
3109 4382 3264 4430 tuum
3316 4374 3593 4443 examina,

2013 4468 2167 4524 velut
2201 4475 2262 4524 tu
2301 4483 2523 4540 quoque
2570 4467 2760 4525 eadem
2803 4466 2884 4525 sis
2933 4481 3197 4524 mensura
3233 4465 3592 4538 iudicandus.

2015 4592 2085 4604 —-
2117 4561 2252 4620 Date
2279 4577 2528 4635 operam,
2569 4570 2630 4617 ut
2663 4560 2902 4618 eruditio
2939 4561 3188 4633 iustitiae,
3219 4576 3330 4616 non
3371 4561 3588 4627 mortis,

2015 4657 2177 4716 vobis
2200 4666 2486 4714 armatura
2512 4658 2606 4714 sit.
2628 4687 2698 4698 —
2725 4655 2831 4726 Qtti
2855 4656 3050 4727 judex,
3080 4669 3160 4720 cs,
3190 4654 3270 4710 rei
3299 4669 3589 4728 personam

2018 4753 2265 4819 sustine;
2297 4763 2460 4824 atque
2487 4751 2564 4806 ita
2607 4750 2695 4807 (iet
2724 4758 2790 4806 ut
2821 4750 3006 4806 minus
3042 4763 3258 4819 pecces.
3288 4777 3362 4788 -»
3395 4745 3594 4802 Coram

329 4839 535 4910 μᾶλλον
576 4836 608 4910 ἢ
662 4840 797 4892 πᾶσι
843 4842 954 4905 τοῖς
1012 4840 1216 4904 ἄλλοις.
1272 4840 1444 4907 Μῖξον
1506 4841 1586 4913 τῷ
1630 4841 1780 4913 φόϐῳ
1813 4842 1901 4914 rip.

2017 4843 2276 4899 omnibus
2308 4843 2700 4915 benignitatem
2729 4841 2951 4912 praefer,
2976 4855 3082 4911 qua
3119 4838 3262 4894 Deus
3293 4837 3594 4910 impensius

325 4931 652 4998 ἐπιείκειαν,
713 4929 946 5003 κέρασον
975 4934 1040 5002 τῇ
1088 4931 1287 5003 ἀπειλῇ
1338 4932 1438 5004 τὴν
1478 4932 1691 4988 ἐλπίδα.
1727 4932 1907 4987 Πολλὰ

327 5021 424 5077 καὶ
479 5021 827 5093 χρηστότητα
877 5023 1180 5094 κατορθοῦν
1229 5022 1377 5091 οἶδα,
1422 5025 1780 5082 δυσωποῦσαν
1827 5028 1914 5092 είς-

326 5113 688 5185 ὀφειλομένην
725 5113 1121 5169 ἀνταπόδοσιν
1179 5117 1310 5170 ὅταν
1365 5117 1648 5188 βιάζεσθαι
1706 5117 1906 5190 παρὸν,

330 5204 789 5276 συγχωρήσαντες
806 5204 1222 5279 δυσωπήσωμεν
1243 5208 1428 5279 εὐνοίᾳ
1445 5208 1538 5261 τὸν
1566 5207 1906 5278 ἐλεούμενον.

2016 4933 2345 5000 delectatur,
2379 4947 2542 5004 quam
2576 4930 2701 4987 aliis
2733 4929 3159 5001 quibuseunque
3195 4928 3386 4982 rebus.
3432 4925 3598 4982 Leni;

2016 5034 2187 5083 tatem
2218 5028 2462 5084 admisce
2492 5026 2715 5090 terrori,
2750 5041 2849 5097 spe
2896 5024 3074 5079 minas
3121 5030 3386 5094 tempera.
3424 5018 3591 5075 Multa

2017 5131 2241 5188 quoque
2295 5116 2689 5188 benignitatem
2722 5115 2993 5172 coniicere
3023 5121 3365 5185 compertum
3392 5111 3590 5176 habeo,

2019 5215 2076 5264 ut
2100 5224 2224 5281 quae
2252 5207 2504 5265 homines
2528 5208 2596 5264 ad
2629 5206 3051 5276 persolvendam
3093 5206 3325 5278 gratiam
3349 5203 3589 5261 debitam

329 5316 567 5372 moveat.
604 5306 743 5363 Dum
790 5307 873 5362 vis
907 5304 1209 5360 inferenda:
1254 5313 1470 5376 tempus
1503 5314 1609 5371 est,
1665 5319 1932 5362 concessa
1964 5306 2148 5374 venia,
2183 5321 2309 5363 eum
2342 5306 2398 5362 in
2453 5320 2619 5378 quem
2669 5303 3062 5362 misericordes
3114 5319 3326 5369 smnus,
3356 5303 3594 5358 benevo-

331 5405 497 5464 lentia
529 5406 679 5465 velut
713 5403 913 5473 injecto
945 5402 1155 5474 pudore
1189 5401 1597 5473 pertrahamus.

409 5610 478 5664 T6
514 5607 847 5676 δραστικὸν
883 5608 1142 5667 δείκνυε,
1172 5605 1255 5674 μὴ
1285 5604 1544 5676 τῷ-δρᾷν
1572 5603 1789 5672 κακῶς.
1889 5656 1894 5661 .

409 5680 492 5744 Τῷ
518 5673 570 5732 δ”
591 5676 661 5737 εὖ
701 5695 756 5734 τι
789 5679 1003 5746 ποιεῖν,
1031 5681 1082 5732 εί
1114 5673 1307 5743 θέλεις
1335 5673 1488 5731 εἶναι
1515 5678 1680 5742 Θεός.

405 5750 477 5805 Ἰῗὸ
501 5750 554 5802 δ’
577 5750 751 5804 ἐστὶν
776 5749 994 5818 ἀνδρὸς
1026 5748 1254 5813 εἰδότος
1270 5749 1336 5818 τὸ
1366 5746 1680 5816 συγγενές.

407 5821 637 5877 Κτείνει
671 5820 737 5876 δὲ
755 5816 975 5890 ῥᾷστα.
1003 5819 1101 5874 καὶ
1135 5817 1387 5888 τρυγὼν.
1414 5819 1508 5874 καὶ
1528 5816 1840 5886 σκορπίος.

2570 5498 2759 5571 Ejusd.
2805 5507 2924 5553 tetr.
2960 5496 3049 5552 56.

2128 5596 2267 5652 Aliis
2299 5593 2530 5650 nocendo
2561 5592 2722 5648 robur
2741 5592 2884 5646 haud
2918 5598 3153 5645 monstra
3187 5597 3336 5643 tuum

2128 5667 2231 5726 Sed
2265 5664 2602 5729 demerendo,
2633 5666 2680 5720 si
2706 5665 2832 5718 velis
2869 5664 2986 5731 ﬁeri
3018 5661 3169 5716 deus.

2129 5738 2224 5794 Est
2247 5738 2362 5807 ejus
2388 5736 2553 5802 istud,
2581 5737 2670 5804 qui
2695 5751 2845 5789 suum
2874 5733 3219 5802 noril'gtmts.

2130 5803 2314 5866 Facile
2345 5818 2401 5865 at
2438 5803 2692 5873 necarint,
2728 5816 2774 5861 et
2807 5814 3010 5877 trygon,
3033 5815 3082 5861 et
3122 5803 3380 5872 scorpius.
