4014 6302
278 328 408 397 1401

1533 338 1773 401 SACRA
1813 337 2274 400 PABALLEIA.

3390 341 3531 410 1102

348 468 370 503 ι
402 449 495 522 Μὴ
523 446 782 523 κακὼσῃς
819 451 1039 524 οίκέτην
1089 453 1460 525 ἐργαζόμενον
1506 454 1845 527 ἐνάληθείᾳ.

2025 454 2190 507 Ecca.
2230 466 2326 519 vu,
2363 450 2549 507 21—-
2580 470 2597 504 ι
2636 450 2713 509 Ne
2745 453 2923 510 caadas
2950 469 3169 512 servum
3204 470 3521 527 operantem

273 540 507 612 Οἰκέτην
548 544 770 597 συνετὸν
801 545 1071 614 ἀγαπάτω
1099 563 1195 600 σου
1229 547 1264 617 ἡ
1285 544 1454 618 ψυχὴ,
1485 546 1579 601 καὶ
1624 547 1699 620 μὴ
1731 564 1849 602 css-

275 634 447 707 ρήσῃς
468 632 631 687 αὑτὸν
655 633 993 707 ἐλευθερίας.
1020 654 1039 688 ι

351 743 370 775 σ
410 723 611 796 Οἰκέτῃ
638 725 844 798 συνετῷ
868 726 1147 801 ἐλεύθεροι
1170 729 1599 801 ὑπουργήσουσι.
1649 749 1667 782 ι

349 834 368 868 ι
421 817 483 871 0i
512 815 712 883 δοῦλοι,
747 817 1053 873 ὑπακούετε
1084 822 1197 884 τοῖς
1236 820 1379 875 κατά
1419 824 1601 892 σάρκα
1639 823 1847 894 κυρίοις

276 906 448 978 ὑμῶν,
483 908 622 979 μετά
647 909 814 978 φόϐου
849 910 946 965 καὶ
993 911 1199 982 τρόμου
1242 914 1300 966 ὲν
1326 912 1595 984 ἁπλότητι
1624 914 1849 985 καρδίας

274 998 428 1070 ὑμῶν
470 997 549 1064 ὡς
593 999 839 1072 Χριστῷ,
899 1000 975 1074 μὴ
1026 1001 1151 1056 κατ’
1209 1002 1733 1073 ὀφθαλμοδουλείαν,
1774 998 1849 1070 ὥς

273 1091 758 1166 ἀνθρωπάρεσκοι,
787 1093 905 1149 ἀλλ’
933 1093 1007 1159 ὡς
1037 1093 1216 1151 δοῦλοι
1255 1095 1497 1169 Χριστοῦ
1517 1113 1530 1126 '
1560 1097 1848 1163 ’ποιοῦντες

273 1184 333 1237 τὸ
362 1183 575 1258 θέλημα
598 1184 692 1239 τοῦ
718 1184 857 1239 Θεοῦ
881 1186 947 1239 ὲκ
973 1186 1174 1258 ψυχῆς,
1203 1188 1321 1258 μετ’
1340 1187 1553 1252 εὐνοίας
1569 1187 1851 1243 δουλεύον-

272 1292 364 1338 τες
417 1276 494 1341 ὠς
542 1276 620 1347 τῷ
652 1276 867 1350 Κυρίῳ,
906 1278 1005 1333 καὶ
1032 1279 1133 1332 οὑκ
1171 1278 1480 1351 ἀνθρώπῳο
1515 1280 1717 1345 εἰδότες
1765 1281 1848 1335 ὅτι

274 1367 503 1434 ἕκαστος
531 1368 560 1424 ὃ
589 1369 686 1424 ἐὰν
723 1371 922 1443 ποιήσῃ
949 1369 1173 1439 ἀγαθὸν,
1204 1371 1363 1426 τοῦτο
1392 1374 1664 1443 κομιεῖται
1698 1374 1849 1445 παρά

273 1456 505 1530 Κυρίου,
536 1458 648 1513 εἴτε
682 1457 891 1527 δοῦλος,
921 1458 1033 1513 εἴτε
1066 1458 1377 1532 ἐλεύθερος.
1413 1480 1434 1513 ι

347 1656 366 1689 ι
412 1639 473 1691 Οί
506 1637 707 1706 δοῦλοι,
734 1639 1045 1695 ὑπακούετε
1084 1642 1198 1705 τοῖς
1229 1640 1371 1695 κατά
1395 1641 1574 1712 σάρκα
1608 1640 1843 1712 κυρίοις,

1952 545 2009 601 in
2043 546 2294 601 veritate.
2338 544 2569 601 Servum
2609 556 2894 601 sensatum
2956 547 3148 620 diligat
3188 550 3370 604 anima
3399 560 3515 608 tua.

1962 636 2040 695 Ne
2067 637 2360 693 defraudes
2386 636 2538 691 illum
2574 636 2851 694 libertate.
2895 657 2913 690 ι

2023 726 2190 784 Eccli.
2214 744 2270 795 χ,
2303 728 2467 783 ‘28.-—
2499 746 2518 781 ι
2541 728 2707 784 Servo
2749 737 2971 785 sensato
3002 730 3155 787 liberi
3200 731 3474 789 servient.-
3500 752 3525 787 ι

2020 818 2215 890 Ερίιεε.
2249 835 2325 885 vr,
2375 820 2490 876 5—7.
2520 850 2590 861 --
2622 837 2643 873 ι
2678 818 2858 887 Servi,
2890 819 3107 877 obedite
3141 821 3380 879 dominis
3428 840 3519 879 ve-

1950 913 2084 969 stris
2133 911 2472 979 carnalibus,
2536 926 2662 967 cum
2699 911 2897 966 timore
2926 920 2978 967 et
3007 920 3269 974 tremore,
3301 913 3356 967 in
3387 915 3522 969 sim-

1960 1003 2209 1076 plicitate
2272 1003 2460 1059 cordis
2514 1004 2711 1067 vestri,
2778 1004 2920 1059 sicut
2974 1001 3199 1059 Christo
3233 1045 3248 1067 ,
3289 1020 3395 1060 non
3454 1006 3522 1061 ad

1950 1095 2173 1152 oculum
2205 1095 2530 1161 servientes,
2567 1103 2831 1163 tanquam
2861 1093 3184 1149 hominibus
3215 1094 3518 1165 placentes,

1949 1186 2045 1245 sed
2101 1194 2165 1242 ut
2200 1186 2347 1243 servi
2376 1184 2608 1251 Christi,
2660 1185 2928 1241 facientes
2966 1185 3304 1241 voluntatem
3334 1184 3521 1242 Deiex

1948 1280 2157 1345 animo,
2206 1294 2331 1335 cum
2367 1279 2509 1335 bona
2553 1278 2840 1335 voluntate
2871 1278 3174 1334 servientes
3211 1277 3357 1334 sicut
3414 1276 3523 1333 Do-

1948 1371 2121 1434 mino,
2168 1379 2223 1427 et
2252 1387 2359 1427 non
2388 1370 2598 1426 homini
2634 1388 2648 1426 :
2682 1370 2925 1425 scientes
2951 1368 3099 1440 quod
3144 1370 3522 1439 unusquisque

1946 1463 2318 1534 quodcunque
2342 1462 2534 1518 fecerit
2558 1463 2789 1525 bonum,
2810 1461 2914 1517 hoc
2944 1459 3173 1531 recipiet
3204 1474 3237 1515 a
3269 1461 3518 1526 Domino,

1947 1554 2061 1611 sive
2090 1571 2305 1617 servus,
2330 1554 2446 1611 sive
2476 1554 2631 1610 liber.
2672 1573 2693 1607 ι

2018 1648 2225 1704 Coloss.
2255 1664 2335 1715 Ill,
2357 1648 2447 1712 Ξῖ,
2479 1647 2569 1702 25.
2592 1677 2661 1687 -—
2690 1668 2706 1699 ι
2746 1647 2921 1712 Servi,
2958 1644 3172 1711 obedite
3208 1661 3303 1716 per
3335 1645 3519 1701 omnia

276 1730 350 1800 μὴ
380 1730 439 1782 ἐν
467 1730 959 1805 όφθαλμοδουλείᾳ,
1007 1735 1083 1797 ὼς
1129 1732 1605 1805 ἀνθρωπάρεσκοι,
1649 1734 1845 1788 ἀλλ’ὲν

1947 1741 2187 1798 dominis
2248 1741 2595 1803 carnalibus.
2640 1754 2749 1794 nou
2787 1740 2855 1796 ad
2917 1740 3137 1795 oculum
3188 1737 3515 1802 servientes,

272 1823 538 1893 ἁπλότητι
598 1823 850 1896 καρδίας,
889 1825 1223 1896 φοϐούμενοι
1276 1826 1370 1881 τὸν
1398 1825 1626 1897 Κύριον.
1664 1829 1728 1880 Ὅ
1753 1825 1847 1879 ὲάν

1948 1835 2106 1906 quasi
2159 1833 2475 1890 hominibus
2538 1832 2841 1904 placentes,
2895 1831 2991 1888 sed
3049 1831 3111 1897 in
3166 1830 3518 1900 simplicitate

271 1916 485 1986 ποιῆτε,
508 1917 584 1987 ,ἐκ
619 1916 798 1990 ψυχῆς
829 1917 1154 1991 ἐργάζεσθε,
1184 1917 1260 1982 ὡς
1286 1916 1366 1989 τῷ
1387 1918 1598 1989 Κυρίῳ,
1641 1917 1735 1971 καὶ
1753 1918 1851 1972 οὑκ

269 1996 580 2082 ἀνθρώπῳ.
637 2010 840 2075 εἰδότες
876 2010 963 2066 ὅτι
1017 2011 1172 2083 παρά
1232 2010 1441 2083 Κυρίου
1490 2007 1725 2080 λήψεσθε
1749 2010 1850 2082 τὴν

269 2100 652 2158 ἀνταπόδοσιν.
692 2120 715 2156 ι

343 2213 365 2249 ι
397 2196 555 2249 Ὅσοι
585 2196 726 2249 είσὶν
754 2196 859 2251 ὑπδ
888 2195 1051 2265 ζυγὸν
1077 2194 1279 2262 δοῦλοι,
1308 2194 1436 2260 τοὺς
1468 2194 1631 2260 ἰδίους
1667 2193 1850 2248 δεσπό-

272 2304 370 2352 τας
422 2287 604 2360 πάσης
650 2288 817 2361 τιμῆς
868 2289 1053 2354 ἀξίους
1102 2286 1473 2359 ἡγείσθωσαν,
1526 2287 1612 2342 ἵνα
1651 2286 1726 2357 μὴ
1788 2286 1850 2341 τδ

271 2382 443 2454 ὑνομα
496 2382 592 2437 τοῦ
644 2381 803 2450 Θεοῦ,
857 2374 954 2436 καῖ
997 2384 1031 2453 ἡ
1069 2380 1393 2437 διδασκαλία
1431 2379 1847 2453 βλασφημῆται.

271 2475 334 2526 Οἱ
365 2473 427 2527 δὲ
464 2473 688 2539 πιστοὺς
715 2472 932 2545 ἔχοντες
955 2471 1246 2537 δεσπότας,
1292 2472 1368 2542 μὴ
1408 2469 1850 2541 καταφρονείτω-

273 2583 389 2631 σαν,
425 2567 506 2619 ὃτι
532 2564 754 2636 ἀδελφοί
796 2570 937 2621 είσιν
958 2584 972 2597 ο
1001 2564 1139 2621 ἀλλά
1194 2564 1395 2638 μᾶλλον
1427 2562 1846 2629 δουλευέτωσαν,

269 2660 353 2715 ὅτι
385 2658 568 2714 πιστοί
610 2660 719 2712 εἰσι
771 2660 868 2714 καὶ
910 2658 1206 2730 ἀγαπητοὶ,
1249 2657 1344 2712 καὶ
1393 2656 1496 2727 τῆς
1525 2655 1851 2728 εὐεργεσίας

270 2751 819 2823 ἀντιλαμϐανόμενοι.
858 2769 878 2803 ι

344 2860 363 2894 ι
413 2842 480 2895 Οἱ
511 2842 744 2910 οἰκέται,
772 2841 1208 2914 ὑποτασσόμενοι
1253 2842 1311 2895 ὲν
1342 2842 1507 2896 παντὶ
1554 2842 1705 2913 φόϐῳ
1736 2844 1849 2908 τοῖς

270 2934 568 2998 δεσπόταις
619 2935 797 3005 ὑμῶν,
828 2935 890 2989 οὑ
923 2934 1087 3007 μόνον
1118 2934 1346 3005 ἀγαθοῖς
1374 2936 1471 2991 καὶ
1524 2936 1846 3000 ἐπιεικέσιν,

268 3026 407 3081 ἀλλά
440 3026 535 3081 καὶ
564 3029 689 3091 τοῖς,
711 3025 969 3092 σκολιοῖς.
1012 3025 1185 3081 Τοῦτο
1237 3026 1348 3100 γάρ
1383 3027 1544 3102 χάρις
1578 3029 1730 3101 παρά
1769 3027 1850 3101 τῷ

1948 1928 2131 1985 cordis
2185 1928 2446 1984 timentes
2502 1926 2694 1983 Deum.
2753 1925 3135 1997 Quodcunque
3192 1923 3397 1988 facitis,
3448 1939 3516 1979 ex

1947 2021 2132 2078 animo
2189 2018 2517 2090 Operamini,
2576 2020 2720 2075 sicut
2771 2018 3021 2085 Domino,
3050 2026 3107 2074 et
3140 2033 3250 2072 non
3276 2016 3510 2081 homini,

1947 2113 2181 2171 scientes
2209 2113 2352 2184 quod
2382 2128 2411 2166 ο
2433 2112 2664 2169 Domino
2697 2110 2986 2182 accipietis
3017 2110 3455 2166 retributionem.
3490 2126 3511 2162 ι

2018 2204 2049 2259 ι
2082 2205 2220 2261 Tim.
2245 2220 2320 2269 vt,
2364 2204 2412 2270 l,
2447 2206 2503 2261 2.
2532 2234 2604 2246 -
2634 2224 2653 2258 ι
2691 2203 3019 2274 Quicunque
3048 2212 3177 2259 sunt
3232 2203 3336 2259 sub
3381 2202 3517 2274 iugo

1947 2294 2120 2359 servi,
2144 2295 2401 2351 dominos
2424 2309 2555 2351 suos
2594 2294 2748 2349 omni
2778 2293 2990 2349 honore
3016 2290 3212 2360 dignos
3239 2291 3515 2348 arbitren-

1945 2395 2060 2452 tur,
2100 2403 2168 2442 ne
2198 2402 2399 2443 nomen
2434 2385 2655 2443 Domini
2705 2392 2762 2443 et
2791 2384 3043 2441 doctrina
3084 2384 3511 2456 blasphematur.

1947 2477 2245 2546 Quiautem
2272 2478 2461 2535 fideles
2481 2478 2686 2535 habent
2708 2478 2983 2543 dominos,
3002 2493 3110 2533 non
3136 2483 3512 2539 contemnant,

1946 2567 2073 2638 quia
2116 2566 2318 2623 fratres
2376 2573 2545 2635 sunt;
2574 2565 2672 2623 sed
2705 2566 2878 2636 magis
2918 2566 3181 2632 serviant,
3225 2564 3353 2637 quia
3386 2562 3517 2619 fide-

1947 2662 2027 2717 les
2050 2670 2201 2729 sunt,
2233 2669 2288 2716 et
2318 2658 2507 2717 dilecti
2531 2668 2587 2718 et
2620 2656 2876 2717 beneficii
2899 2656 3220 2732 participes.
3250 2673 3271 2709 ι

2018 2828 2050 2884 Ι
2078 2828 2220 2886 Pctr.
2250 2844 2309 2894 tt,
2359 2828 2447 2885 18.
2467 2860 2539 2872 -
2564 2848 2583 2882 ι
2614 2828 2793 2897 Servi,
2820 2827 3023 2885 subditi
3071 2835 3249 2886 estote
3279 2826 3333 2883 in
3363 2827 3514 2885 omni

1947 2922 2145 2977 timore
2177 2921 2420 2977 dominis
2452 2921 2676 2989 vestris,
2718 2938 2828 2977 non
2854 2929 3063 2976 tantum
3091 2920 3252 2977 bonis
3281 2927 3338 2976 et
3394 2936 3514 2975 mo-

1946 3014 2141 3081 destis,
2206 3012 2303 3070 sed
2370 3014 2536 3071 etiam
2592 3012 2800 3085 pravis.
2849 3011 2974 3068 Haec
3016 3021 3101 3070 est
3127 3013 3273 3070 enim
3337 3013 3513 3085 gratia

266 3118 409 3191 Θεῷ,
444 3119 495 3173 εἰ
521 3118 609 3174 διὰ
668 3119 974 3191 συνείδησιν
1026 3119 1165 3175 Θεοῦ
1210 3120 1475 3194 ὑποφέρει
1519 3137 1603 3187 τις
1646 3120 1847 3187 λύπας,

1951 3110 2096 3179 apud
2125 3105 2316 3172 Deum,
2361 3106 2405 3164 si
2461 3115 2689 3177 propter
2728 3106 3121 3163 conscientiam
3152 3106 3242 3164 Dei
3273 3108 3514 3164 sustinet

267 3212 499 3283 πάσχων
527 3210 749 3278 ἀδίκως.
784 3229 811 3265 ι

331 3306 399 3359 0i
462 3304 669 3358 οἰκέται
716 3303 793 3376 μὴ
848 3304 1202 3374 φευγέτωσαν
1248 3305 1454 3360 εὐνοεῖν
1497 3306 1614 3371 τοῖς
1642 3303 1842 3359 δεσπόο

268 3414 414 3464 ταις.
462 3396 779 3471 Ἐλεύθερον
805 3399 900 3453 καὶ
921 3398 1109 3456 δοῦλον
1128 3402 1157 3455 ὁ
1179 3402 1381 3469 τρόπος
1402 3399 1626 3471 γράφει.

443 3636 624 3692 ΤΙΤΛ.
659 3638 789 3693 ΚΑν.
819 3665 886 3678 -—
912 3638 1051 3708 Περὶ
1085 3636 1324 3694 δούλων
1353 3636 1649 3707 πονηρῶν.

343 3770 368 3807 ε
400 3751 597 3821 Λόγοις
625 3752 686 3806 οὑ
723 3751 1137 3825 παιδευθήτεται
1160 3754 1379 3826 οἰκέτης
1418 3754 1673 3828 σκληρός.
1715 3755 1842 3810 Ἐὰν

262 3848 374 3923 γὰρ
398 3846 499 3902 καὶ
522 3845 712 3919 νοήσῃ,
732 3846 846 3901 ἀλλ’
871 3847 971 3919 οὑχ
997 3845 1351 3903 ὑπακούεται.
1378 3866 1400 3904 t

334 4049 358 4084 ι
388 4028 766 4102 Χορτάσματα
795 4027 891 4083 καὶ
924 4027 1118 4100 ῥάϐδος
1142 4027 1270 4101 ὄνῳ,
1310 4027 1478 4102 ἄρτος
1497 4028 1576 4097 δὲ,
1601 4032 1693 4085 καὶ
1717 4046 1841 4085 παι-

260 4121 403 4187 δεία,
464 4120 560 4174 καὶ
617 4119 779 4191 ἔργον
832 4116 1038 4193 οἰκέτῃ.
1072 4119 1349 4191 Ἐργασαι
1376 4121 1436 4173 ἐν
1471 4120 1712 4193 παιδείᾳ,
1747 4122 1842 4176 καὶ

261 4214 522 4284 εὑρήσεις
572 4212 898 4267 ἀνάπαυσιν,
932 4212 1095 4276 ’Δνες
1152 4215 1342 4284 χεῖρας
1370 4212 1520 4283 αὑτῷ
1547 4252 1565 4278 ,
1620 4215 1719 4269 καὶ
1743 4213 1841 4285 ζηο

260 4309 419 4379 τήσει
474 4306 810 4378 ἐλευθερίαν.
870 4305 1044 4374 Ζυγδς
1091 4305 1185 4360 καὶ
1226 4305 1358 4376 ίμάς
1383 4305 1656 4377 τράχηλον
1689 4306 1838 4378 κάμ-

257 4400 449 4471 ψουσι,
474 4400 571 4454 καὶ⁴
595 4398 785 4471 οἰκέτῃ
808 4396 1105 4469 κακούργῳ
1159 4396 1419 4467 στρέϐλαι
1464 4399 1558 4451 καὶ
1588 4398 1834 4469 βάσανοι.

264 4464 545 4564 mnsam
578 4489 742 4547 αὑτὸν
755 4464 844 4553 εἰς
872 4464 1159 4561 ἐργασίαν,
1198 4464 1289 4543 ἵνα
1336 4489 1411 4561 μὴ
1435 4464 1601 4562 ἀργῇξ
1632 4489 1839 4562 Πολλὴν
1866 4464 1917 4525 Ῐ)

259 4584 371 4658 γὰρ
393 4584 596 4639 κακίαν
618 4582 859 4648 ἐδίδαξεν
886 4584 920 4651 ἡ
952 4582 1142 4652 ἀργία.
1177 4600 1195 4635 ι

336 4695 358 4731 α
387 4676 615 4731 Οἰκέτου
671 4673 911 4745 πονηροῦ
963 4672 1040 4747 μὴ
1065 4672 1362 4745 αἰσχυνθῇς
1394 4672 1637 4746 πλευρὰν
1669 4674 1836 4745 αἱμά-

293 4788 373 4823 αι.
435 4786 459 4822 ὓ

258 4769 373 4837 Eat.
435 4786 459 4822 ι

323 4862 542 4917 Δούλων
596 4860 834 4931 ὑπάρχει
880 4859 1067 4915 κακῶν
1112 4860 1327 4915 ἀθετεῖν
1355 4860 1700 4927 δεσποτείαν,
1740 4863 1834 4915 καὶ

256 4956 654 5010 ἐπανίστασθαι
677 4953 977 5025 κυριότητι,
995 4956 1087 5009 καὶ
1119 4953 1403 5025 ὁμόδουλον
1430 4955 1640 5020 ἑαυτοῖς
1662 4958 1835 5011 ποιεῖν

251 5050 346 5103 τὸν
376 5049 683 5123 ἐλεύθερον.

324 5228 514 5294 Οὐδεὶς
541 5228 720 5295 οὕτως
751 5229 1015 5302 μέμηνεν,
1078 5230 1156 5295 ὡς
1203 5229 1389 5296 δοῦλος
1422 5229 1519 5298 ὢν,
1562 5226 1832 5284 ἐναντιοῦ-

249 5320 377 5373 σἿαι
402 5320 663 5395 δεσπότῃ.
984 5333 987 5336 ’

417 5480 602 5535 ΤΙΤΛ.
635 5480 765 5535 ΚΒι.
790 5510 861 5523 ——
888 5478 1029 5550 Περί
1060 5479 1659 5553 δυσαρεστουμένων.

338 5609 357 5642 ι
396 5586 474 5645 Ὦ
497 5593 548 5648 οἰ
578 5593 1001 5681 εὐφραινόμενοι
1020 5596 1107 5649 ἐπ’
1139 5596 1315 5651 οὐδενὶ
1348 5579 1513 5667 λόγῳ.
1554 5616 1574 5649 ι

333 5700 354 5733 ι
387 5683 508 5738 Τίνι
536 5687 791 5757 ὁμοιώσω
820 5687 944 5752 τοὺς
973 5684 1295 5760 ἀνθρώπους
1334 5691 1432 5759 τῆς
1463 5688 1658 5760 γενεᾶς
1694 5686 1826 5741 ταύ-

266 5787 401 5853 suc;
434 5774 650 5853 Ὅμοιοι
696 5780 803 5871 εἰσι
830 5779 1094 5857 ⁸παιδίοις
1140 5782 1198 5869 tv
1248 5782 1425 5857 ἀγορᾷ
1470 5780 1825 5855 καθημένοις,

1949 3200 2077 3271 quis
2112 3196 2443 3269 injustitias,
2475 3197 2695 3268 patiens
2731 3197 2955 3268 injusw.
2992 3216 3013 3251 ι

2018 3290 2078 3347 S.
2137 3288 2293 3362 (ἶνες.
2336 3288 2481 3345 Naz.
2538 3298 2661 3345 tctr.
2699 3289 3059 3348 bii—Servi
3118 3307 3183 3347 ne
3244 3289 3514 3363 refugiant

1947 3381 2387 3440 benevolentiam
2458 3380 2699 3438 dominis
2754 3383 3033 3440 exhibere.
3097 3381 3396 3456 ingenuum
3459 3393 3514 3440 ct

1949 3491 2171 3534 servum
2198 3491 2379 3533 mores
2406 3475 2745 3547 exprimunt.

2261 3630 2400 3688 TlT.
2424 3629 2569 3687 XXI.
2603 3660 2673 3672 —
2697 3630 2774 3687 De
2803 3631 2960 3687 malis
2991 3633 3173 3689 servis.

2022 3750 2159 3806 Prov
2217 3764 2372 3811 uix.
2413 3748 2501 3803 i9.
2535 3776 2606 3788 —-
2657 3764 2675 3800 ι
2705 3745 2909 3804 Servus
2942 3746 3116 3803 durus
3164 3748 3512 3803 sermonibus

1947 3858 2055 3898 non
2075 3840 2352 3897 eruditur.
2387 3838 2519 3894 Nam
2538 3838 2794 3910 quamvis
2821 3838 3170 3902 intellexerit,
3204 3830 3511 3896 nontamen

1952 3935 2191 3991 obediet.
2226 3950 2246 3987 ι

2017 4026 2186 4082 Eccii.
2244 4041 2463 4091 xum,
2509 4023 2698 4082 25-29.
2751 4054 2822 4067 --
2887 4043 2906 4079 ι
2956 4025 3194 4093 (Cibaria
3240 4034 3294 4081 et
3360 4026 3511 4097 virga

1942 4122 2125 4186 asino,
2167 4120 2330 4194 panis
2367 4128 2574 4188 autem,
2615 4128 2670 4176 et
2707 4118 3023 4189 disciplina,
3074 4128 3293 4191 etopus
3330 4136 3509 4177 servo.

1941 4214 2184 4287 Operare
2213 4214 2267 4269 in
2297 4227 2491 4284 puero,
2516 4220 2571 4267 et
2605 4211 2849 4267 invenies
2894 4212 3158 4283 requiem.
3208 4210 3355 4266 ιω
3400 4226 3514 4266 ma-

1940 4323 2048 4364 nus
2102 4307 2203 4373 illi,
2257 4316 2313 4362 et
2345 4312 2554 4377 quaeret
2603 4304 2943 4360 libertatem.
2979 4302 3178 4375 iugum
3230 4314 3284 4359 et
3331 4304 3508 4361 lorum

1942 4399 2148 4455 collum
2197 4398 2599 4465 iucurvabunt,
2648 4404 2703 4453 et
2737 4407 2899 4458 servo
2935 4411 3168 4467 nequam
3206 4405 3434 4453 tortum:
3455 4406 3511 4453 et

1943 4489 2262 4563 compedes.
2320 4490 2470 4546 Mitte
2512 4489 2668 4544 illum
2703 4488 2758 4543 in
2792 4489 3197 4560 operationem,
3230 4505 3298 4545 ne
3333 4496 3507 4548 vacet.

1941 4581 2167 4636 Multam
2194 4581 2340 4637 enim
2373 4580 2637 4634 malitiam
2670 4579 2858 4635 docuit
2893 4578 3166 4634 Otiositas.
3204 4597 3224 4631 ι

2012 4671 2179 4745 448
2211 4670 2378 4726 Eccli.
2409 4687 2581 4737 ιινιι,
2635 4671 2687 4727 5.
2723 4700 2794 4713 --—
2821 4688 2838 4722 ι
2878 4669 3047 4725 Servo
3086 4669 3326 4739 pessimo
3360 4685 3426 4728 nc
3458 4680 3511 4728 te

1942 4766 2143 4834 pudeat
2180 4765 2325 4817 latus
2358 4762 2711 4833 sanguinare.
2752 4780 2770 4813 ι

2010 4854 2066 4910 S.
2114 4857 2271 4926 (ἔνθα.
2331 4854 2474 4909 an.
2532 4866 2672 4909 orat.
2729 4854 3164 4911 4.—-Malorum
3218 4871 3502 4913 servorum

1938 4956 2024 5002 est
2060 4948 2355 5020 imperium
2393 4949 2645 5017 reiicere.
2689 4956 2741 5003 et
2774 4949 3039 5004 adversus
3071 4949 3503 5005 dominationem

1939 5042 2253 5112 insurgere,
2280 5057 2518 5111 cumque
2549 5043 2642 5112 qui
2667 5042 2804 5097 liber
2831 5050 2937 5110 est,
2964 5042 3016 5097 in
3042 5043 3293 5097 servilem
3317 5058 3502 5099 secum

1936 5135 2189 5192 ordinem
2232 5134 2498 5205 redigere.
3300 5142 3307 5151 '

2008 5227 2271 5283 Philonis.
2306 5225 2590 5285 -—-Nullus
2627 5228 2700 5283 ita
2736 5228 2966 5285 insanus
3018 5237 3122 5296 est,
3153 5228 3352 5299 utqui,
3385 5244 3503 5284 scr-

1942 5336 2040 5378 vus
2072 5334 2193 5376 cum
2220 5319 2317 5387 sit,
2337 5320 2624 5379 adversari
2659 5322 2884 5377 domino
2916 5336 3024 5377 non
3062 5333 3299 5378 veretur.

2308 5477 2441 5533 TlT.
2475 5477 2637 5533 XXII.
2670 5507 2736 5522 --
2770 5479 2845 5533 De
2874 5479 3121 5534 morosis.

2004 5590 2166 5649 Athos
2196 5610 2271 5656 vr,
2294 5594 2377 5649 l4.
2401 5625 2469 5636 --
2501 5613 2518 5644 ι
2546 5595 2699 5665 Oqui
2729 5596 2985 5651 lantamini
3012 5596 3066 5650 in
3097 5598 3247 5653 nullo
3268 5598 3452 5655 verbo.
3476 5616 3501 5651 ι

2007 5684 2137 5739 Luc.
2204 5701 2303 5751 vu,
2345 5686 2535 5743 51-34.
2574 5717 2644 5727 -—
2682 5707 2699 5739 ι
2726 5689 2829 5744 Cui
2858 5692 3069 5750 similes
3110 5693 3289 5748 dicam
3323 5693 3503 5748 homi-

1936 5794 2034 5837 nes
2069 5777 2437 5851 generationis
2473 5778 2683 5850 hujus?
2705 5779 2929 5841 Similes
2949 5793 3076 5842 sunt
3097 5786 3285 5859 pueris
3308 5783 3504 5845 sedeu~
