4014 6302
560 374 697 444 1407

1763 370 1825 433 S.
1858 368 2100 434 ΙΟΑΝΝ
2107 367 2180 429 IS
2209 366 2608 429 DAMASCEN
2614 365 2645 427 Ι

551 493 609 550 in
646 492 767 551 solo
800 504 941 563 pane
970 487 1106 545 vivit
1144 487 1332 553 homo,
1360 482 1456 541 sed
1490 500 1554 542 ex
1587 485 1740 541 omni
1773 482 1942 541 verbo
1983 481 2131 553 quod

2265 481 2351 536 tt‘nt
2372 481 2431 536 εν
2451 480 2604 554 ἄρτῳ
2633 478 2782 552 μόνῳ
2809 478 3038 552 ζήσεται
3065 477 3375 551 ἄνθρωπος,
3402 476 3527 563 ἀλλ”
3550 478 3610 532 εν
3654 478 3821 532 παντὶ

552 585 800 660 procedit
841 584 909 640 de
936 597 1035 639 ore
1075 580 1196 637 Dei.
1238 576 1395 636 Tune
1439 578 1674 636 assumit
1712 592 1838 635 eum
1870 574 2131 632 diabolus

554 684 610 736 in
642 686 893 736 sanctam
924 676 1234 740 civitatem,
1262 680 1318 731 et
1342 671 1540 730 statuit
1575 686 1701 727 eum
1731 686 1900 743 super
1933 671 2134 743 pinna-

552 774 742 828 culum
766 770 978 842 templi,
1019 776 1076 826 et
1106 764 1246 824 dixit
1271 767 1321 823 ei
1350 782 1364 819 :
1405 764 1464 822 Si
1492 762 1671 821 Filius
1711 764 1807 819 Dei
1837 779 1927 831 es,
1975 762 2134 819 mitte

553 874 610 921 te
636 863 919 920 deorsum.
951 858 1117 917 Jesus
1164 865 1347 915 autem
1377 856 1516 913 dixit
1549 856 1597 913 ei
1638 871 1655 909 :
1684 854 1958 926 Scriptum
1988 860 2075 910 est
2114 870 2129 909 :

555 958 676 1014 Non
701 956 944 1012 tentabis
967 952 1257 1009 Dominum
1290 950 1460 1007 Deum
1513 946 1918 1005 tuum.lterum
1978 960 2136 1001 assu-

555 1050 655 1107 mit
677 1063 803 1106 eum
851 1045 1110 1102 diabolus
1134 1044 1189 1099 in
1222 1052 1466 1098 montem
1509 1040 1789 1096 excelsum
1842 1038 2025 1105 valde,
2082 1044 2136 1093 et

557 1140 793 1199 ostendit
816 1139 865 1195 ei
895 1132 1081 1194 omnia
1114 1151 1281 1205 regna
1310 1132 1526 1197 mundi,
1560 1141 1617 1188 et
1656 1131 1889 1201 gloriam
1919 1144 2133 1195 eorum,

557 1244 615 1291 et
642 1233 783 1289 dixit
814 1231 865 1288 ei
895 1250 913 1290 :
944 1232 1073 1286 llaec
1128 1227 1316 1283 omnia
1345 1225 1445 1281 tibi
1492 1223 1656 1288 dabo,
1690 1222 1739 1279 si
1767 1220 1969 1277 cadens
2001 1219 2135 1275 adeo

561 1325 776 1382 raveris
807 1339 915 1380 me.
945 1323 1105 1378 'l‘unc
1153 1319 1291 1375 dixit
1320 1319 1370 1374 ei
1397 1315 1599 1373 Jesus:
1632 1313 1784 1370 Vade
1815 1320 1989 1377 retro,
2032 1313 2134 1369 Sa-

562 1427 716 1473 tana.
748 1414 1029 1485 Scriptum
1073 1419 1159 1468 est
1196 1412 1345 1467 enim
1383 1429 1395 1465 :
1436 1407 1729 1464 Dominum
1761 1406 1932 1462 Deum
1978 1413 2135 1463 tuum

561 1509 842 1575 adorabis,
876 1514 930 1563 et
955 1505 1059 1578 ipsi
1085 1504 1188 1562 soli
1208 1503 1438 1559 servies.
1477 1520 1499 1555 ι

641 1776 770 1834 Luc.
804 1790 860 1841 ι,
905 1774 995 1838 18,
1032 1772 1115 1828 l9.
1144 1801 1214 1816 --
1250 1791 1267 1824 ι
1305 1768 1743 1826 DixitDominus
1759 1766 2139 1839 septuaginta:

2242 576 2448 647 ῥήματι
2500 572 2922 646 ἐκπορευομένῳ
2982 571 3072 627 διά
3138 572 3409 644 στόματος
3442 560 3627 626 Θεοῦ.
3690 570 3820 624 Τότε

2240 665 2663 742 παραλαμϐάνει
2713 666 2876 722 αὑτὸν
2926 668 2956 722 6
3012 665 3258 732 διάϐολος
3308 666 3391 731 είς
3414 665 3513 737 τὴν
3534 664 3709 735 ἁγίαν
3737 663 3823 717 πό-

2237 761 2342 826 λιν,
2378 761 2473 815 καὶ
2496 759 2709 832 ἵστησιν
2744 758 2905 813 αὑτὸν
2924 758 3018 813 επὶ
3061 757 3124 812 τὸ
3158 755 3456 829 πτερύγιον
3488 754 3587 812 τοῦ
3648 753 3821 827 ίεροῧ,

2240 853 2338 908 καὶ
2368 851 2517 923 λέγει
2547 851 2696 924 αὐτῷ
2716 869 2729 883 ·
2766 852 2829 906 Et
2858 850 2986 916 Υἱὸς
3013 846 3063 905 εἷ
3107 838 3211 905 τοῦ
3242 849 3404 914 Θεοῦ,
3430 849 3561 922 βάλε
3590 840 3825 905 σεαυτὸν

2241 945 2415 1017 κάτω.
2454 940 2588 1000 Eine
2627 944 2685 999 δὲ
2717 942 2870 1013 αύτῷ
2919 944 2948 997 6
3008 940 3247 1013 Ἰησοῦςο
3314 942 3678 1014 Γέγραπταιδ
3714 940 3824 995 υύι

2241 1036 2600 1108 ἐκπειράσεις
2630 1035 2835 1109 Κύριον
2859 1034 2953 1091 τδν
2995 1034 3131 1089 Θεόν
3165 1050 3283 1089 σου.
3306 1033 3487 1103 ,Πάλιν
3521 1032 3825 1106 παραλαμ-

2242 1130 2397 1185 ϐάνει
2426 1129 2590 1183 αὐτὸν
2620 1131 2649 1184 6
2674 1128 2925 1193 διάϐολος
2964 1128 3048 1193 είς
3095 1127 3223 1201 ὅρος
3269 1127 3471 1199 ὑψηλὸν
3526 1126 3685 1195 λίαν,
3737 1128 3828 1181 καὶ

2242 1218 2515 1275 δείκνυσιν
2572 1219 2725 1292 αύτῷ
2769 1218 2951 1284 πάσας
3009 1218 3110 1286 τάς
3168 1218 3448 1291 βασιλείας
3477 1218 3575 1274 τοῦ
3612 1218 3826 1289 κόσμου

2245 1312 2340 1367 καὶ
2368 1312 2468 1383 τὴν
2494 1312 2654 1377 δόξαν
2685 1311 3002 1377 αὐτῶν,καὶ
3029 1311 3179 1382 λέγει
3207 1310 3356 1384 αὐτῷ
3374 1326 3390 1343 °
3422 1309 3611 1365 Ταῦτα
3650 1312 3829 1366 πάντα

2247 1421 2332 1458 σοι
2359 1403 2538 1467 δώσω,
2572 1403 2668 1459 ἐὰν
2699 1402 2886 1459 πεσὼν
2914 1404 3306 1476 προσκυνήσῃς
3351 1420 3465 1476 μοι.
3506 1403 3650 1457 Τότε
3683 1402 3831 1472 λέγει

2246 1498 2395 1570 αὐτῷ
2426 1497 2458 1551 ὁ
2496 1496 2743 1568 Ἰησοῦςο
2777 1497 3001 1567 ’Υπαγε
3046 1496 3225 1552 ὀπίσω
3287 1513 3414 1568 μου,
3460 1495 3710 1550 Σατανᾶ.
3732 1495 3831 1549 Γέ-

2247 1610 2493 1664 γραπται
2522 1593 2665 1663 γάρ·
2698 1590 2906 1663 Κύριον
2937 1591 3028 1646 τὸν
3074 1589 3210 1645 Θεόν
3253 1607 3348 1645 σου
3395 1589 3833 1661 προσκυνήσεις,

2249 1686 2345 1740 καὶ
2371 1684 2521 1757 αὐτῷ
2547 1684 2694 1757 μόνῳ
2716 1683 3056 1755 λατρεύσεις.
3085 1704 3106 1737 ε

2328 1799 2349 1834 ι
2380 1777 2517 1835 Εἷπε
2550 1780 2608 1835 δὲ
2634 1782 2745 1845 τοῖς
2777 1780 3155 1853 ἐϐδομήκοντα
3181 1781 3210 1834 6
3240 1781 3447 1854 Κύριος
3470 1796 3487 1811 ο
3522 1778 3840 1852 Ἐθεώρουν

568 1868 837 1925 Videbam
872 1865 1135 1921 Satanam
1168 1864 1314 1920 sicut
1349 1863 1533 1935 fulgur
1580 1862 1649 1918 de
1673 1862 1818 1917 cmlo
1839 1860 2143 1943 cadentem.

2265 1876 2342 1928 τὸν
2372 1875 2589 1929 Σατανᾶ
2616 1874 2690 1938 ὡς
2729 1873 3020 1945 ἀστραπὴν
3068 1874 3133 1929 εκ
3162 1874 3258 1929 τοῦ
3291 1873 3524 1947 ούρανοῦ
3570 1872 3841 1929 πεσόντα.

568 1964 713 2018 Ecce
781 1959 908 2016 dedi
945 1958 1102 2012 vobis
1160 1965 1487 2028 potestatem
1517 1953 1971 2023 calcandisuper
2026 1967 2144 2009 ser-

568 2065 760 2127 pentes
797 2064 855 2112 et
886 2053 1231 2124 scorpiones,
1260 2060 1316 2105 et
1337 2063 1509 2119 super
1543 2063 1765 2103 omnem
1816 2052 2146 2117 potestatem

567 2147 800 2207 inimici.
840 2165 859 2200 ι

637 2238 761 2296 Jac.
782 2254 853 2305 tv,
876 2236 1033 2293 7.--ι
1058 2233 1323 2290 Resistite
1338 2230 1582 2297 diabolo,
1611 2239 1665 2287 et
1692 2229 1862 2300 fugiet
1887 2245 1917 2284 a
1932 2228 2142 2286 vobis.»

640 2330 670 2386 1
699 2328 849 2385 Petr.
882 2342 937 2395 v,
979 2326 1031 2383 8.
1060 2352 1123 2368 —-
1165 2342 1186 2377 ι
1225 2322 1406 2380 Sobrii
1449 2329 1627 2379 estote
1654 2330 1710 2377 et
1739 2320 1988 2393 vigilate,
2018 2320 2148 2392 quia

570 2422 919 2481 adversarius
949 2426 1133 2476 vester
1167 2416 1424 2474 diabolus
1476 2424 1734 2485 tanquam
1773 2413 1864 2469 leo
1897 2414 2145 2485 rugiens,

566 2516 770 2574 circuit
794 2529 1050 2586 quaerens
1078 2526 1243 2585 quem
1277 2509 1523 2566 devoret.
1555 2508 1655 2565 Cui
1695 2506 1939 2563 resistite
1980 2506 2151 2563 fortes

569 2613 624 2669 itt
664 2610 788 2667 title.
827 2627 848 2663 ι

635 2702 695 2759 8.
722 2700 898 2757 Βαείί.
954 2696 1183 2755 Exhort.
1241 2698 1311 2753 ad
1353 2695 1495 2765 bapt.
1526 2724 1598 2735 --
1626 2693 1912 2762 Dominus,
1961 2692 2150 2766 probi-

567 2795 706 2852 bens
732 2809 802 2850 ne
827 2792 974 2848 mala
1005 2790 1241 2848 consilia
1262 2789 1465 2844 diaboli
1506 2787 1906 2858 suscipiamus,
1956 2788 2148 2852 Hodie,

570 2884 772 2956 inquit,
811 2882 861 2939 ti
891 2898 1068 2937 sacrm
1116 2896 1289 2935 nteant
1336 2878 1616 2933 audieritis
1653 2876 1846 2947 (Hebr.
1878 2893 1960 2946 tu,
1986 2878 2047 2943 7;
2075 2892 2149 2945 tv,

573 2979 641 3047 7;
667 2978 822 3036 Ρεοί.
854 2993 998 3045 ιειν,
1021 2974 1100 3048 8).
1130 2974 1227 3032 llle
1255 2973 1409 3042 dicit,
1443 2972 1781 3029 Hodiernum
1811 2972 1958 3029 diem
1995 2974 2150 3041 mihi,

571 3064 875 3130 crastinum
906 3069 1038 3125 Deo.
1086 3067 1292 3123 Contra
1322 3065 1591 3122 Dominus
1637 3067 1898 3122 inclamat
1932 3082 1946 3120 :
1978 3065 2153 3122 Hodie

572 3168 621 3220 si
670 3180 842 3220 vocent
900 3178 1072 3217 meam
1104 3159 1408 3215 audieritis.
1460 3157 1687 3213 llostem
1727 3155 2147 3215 animadverte:

574 3271 686 3313 non
721 3254 890 3311 audet
921 3252 1159 3311 suadere
1194 3250 1274 3305 uti
1312 3264 1541 3322 prorsus
1567 3246 1931 3304 abscedamus
1962 3263 1994 3304 a
2017 3246 2151 3305 Deo.
2178 3234 2224 3297 C

576 3348 693 3405 Scit
724 3346 872 3404 enim
929 3359 1095 3418 grave
1125 3343 1231 3399 hoc
1257 3356 1384 3399 esse
1432 3338 1769 3397 Christianis
1809 3337 2041 3397 auribus
2099 3349 2154 3397 et

574 3442 892 3499 molestum.
955 3437 1157 3494 Verum
1192 3434 1444 3492 subdolis
1484 3432 1701 3489 artibus
1737 3432 2019 3503 negotium
2044 3440 2157 3487 tra-

576 3544 710 3593 ctat.
740 3533 934 3590 Solers
967 3531 1173 3603 quippe
1198 3537 1254 3585 et
1294 3528 1521 3599 sapiens
1550 3536 1636 3583 est
1675 3525 1745 3581 ad
1802 3524 2156 3582 malefacien-

574 3627 732 3683 dum.
790 3624 1133 3681 Hodiernum
1196 3619 1337 3675 diem
1367 3626 1547 3675 astute
1600 3617 1762 3673 nobis
1828 3615 2155 3682 suﬂ'uratur,

579 3729 742 3790 atque
794 3718 849 3771 in
885 3716 1189 3772 crastinum
1216 3712 1362 3767 diem
1396 3709 1555 3765 uobis
1590 3708 2020 3780 pollicitationes
2071 3723 2157 3767 re-

580 3810 802 3881 linquit.
834 3806 1061 3871 Deinde,
1093 3820 1218 3861 cutn
1248 3804 1531 3862 crastinus
1561 3800 1683 3857 dies
1712 3800 1925 3869 illuxit,
1959 3817 2158 3861 rursus

580 3912 779 3974 praesto
815 3909 903 3957 est
928 3897 1107 3953 malus
1142 3896 1253 3962 ille,
1294 3903 1351 3950 ut
1378 3903 1568 3949 nostra
1614 3892 1904 3949 nobiscum
1960 3896 2163 3965 partia-

584 4006 699 4058 tur,
756 3993 974 4064 sibique
1025 3989 1203 4061 poscit
1267 3988 1598 4042 hodiernum
1651 3984 1819 4053 diem,
1849 3986 2157 4045 crastinum

582 4087 837 4144 Domino.
868 4084 1207 4153 Semperque
1238 4080 1293 4134 in
1318 4079 1466 4135 hunc
1503 4079 1723 4133 modum
1755 4085 1974 4151 tempus
2015 4098 2158 4153 pm-

2261 1966 2397 2021 Ἰδοὺ
2417 1966 2610 2038 δίδωμι
2644 1967 2777 2038 ὑμῖν
2801 1966 2900 2039 τὴν
2958 1966 3211 2031 ἐξουσίαν
3261 1966 3359 2021 τοῦ
3404 1967 3600 2021 πατεϊν
3644 1964 3848 2019 ἐπάνω

2247 2059 2425 2130 δφεων
2454 2059 2549 2112 καὶ
2605 2058 2907 2130 σκορπίων,
2938 2057 3033 2113 καὶ
3093 2058 3188 2113 ἐπὶ
3238 2059 3420 2114 πᾶσαν
3450 2056 3555 2128 τὴν
3598 2056 3845 2128 δύναμιν

2248 2151 2343 2205 τοῦ
2378 2148 2598 2224 ὲχοροῦ.
2633 2169 2655 2204 ›
3001 2217 3004 2220 ἢ

2327 2262 2346 2296 ι
2382 2242 2692 2315 ’Λντίστητε
2725 2240 2804 2315 τῷ
2827 2242 3079 2314 διαϐόλῳ,
3104 2242 3200 2297 καὶ
3219 2240 3475 2312 φεύξεται
3497 2242 3597 2313 ἀφ’
3618 2242 3651 2296 ύ
3660 2243 3804 2313 μῶν.
3822 2262 3842 2295 ε

2328 2353 2347 2387 ι
2386 2333 2634 2405 Νήψατε,
2662 2334 3077 2407 γρηγορήσατε,
3106 2335 3189 2388 ὅτι
3220 2332 3488 2399 ἀντίδικος
3518 2334 3687 2405 ὑμῶν
3723 2334 3847 2390 διά-

2251 2425 2407 2492 ϐολος
2450 2427 2527 2491 ὡς
2579 2426 2718 2480 λέων
2756 2426 3078 2497 ὼρυόμενος
3125 2428 3445 2496 περιπατεῖ,
3491 2424 3687 2498 ζητῶν
3724 2426 3849 2482 τίνα

2251 2518 2496 2593 καταπίῃ
2514 2534 2526 2547 '
2556 2512 2601 2589 ᾧ
2626 2519 2919 2592 ἀντίστητε
2944 2518 3156 2589 στερεοὶ
3183 2519 3243 2573 ὲν
3266 2518 3468 2574 πίστει.
3503 2536 3522 2571 t

2322 2692 2431 2759 Τὰς
2459 2696 2702 2768 πονηρὰς
2733 2694 2829 2751 τοῦ
2860 2694 3113 2751 διαϐόλου
3141 2674 3475 2769 συμϐουλίας⁹
3494 2696 3857 2753 ἀποκωλύων

2259 2788 2408 2860 ἡμᾶς
2436 2790 2464 2843 6
2502 2785 2709 2859 Κύριος
2738 2786 3017 2855 δέξασθαι,
3049 2787 3338 2859 Σήμερον,
3372 2788 3561 2859 φησὶν,
3591 2787 3715 2841 ἐὰν
3740 2785 3853 2857 τῆς

2250 2878 2457 2950 φωνῆς
2464 2896 2585 2949 μου
2615 2879 2943 2949 ἀκούσητε.
2974 2879 3211 2945 Ἐκεῖνος
3240 2878 3413 2947 λέγει,
3449 2878 3564 2952 Τὴν
3594 2879 3855 2951 σήμερον

2248 2973 2393 3045 ἐμοὶ,
2429 2973 2524 3028 καὶ
2573 2972 2675 3046 τὴν
2710 2971 2899 3053 αὔριον
2926 2973 3007 3046 τῷ
3036 2972 3177 3046 Θεῷ.
3214 2972 3274 3027 '0
3304 2971 3511 3045 Κύριος
3562 2972 3812 3045 ἀντιεοᾷ
3836 2987 3857 3003 ο

2252 3064 2522 3135 Σήμερον
2538 3064 2648 3120 ἐὰν
2669 3064 2777 3135 τῆς
2801 3064 3011 3136 φωνῆς
3022 3083 3142 3137 μου
3161 3065 3487 3134 ἀκούσητε.
3505 3065 3740 3138 Νόησον
3765 3066 3858 3120 τὸν

2250 3157 2446 3232 εχθρόν
2465 3176 2477 3189 ·
2513 3158 2575 3212 ού
2607 3156 2786 3231 τολμᾷ
2815 3157 3225 3231 συμϐουλεῦσαι
3267 3157 3502 3214 καθόλου
3528 3159 3858 3231 ἀποστῆναι

2255 3249 2350 3305 τοῦ
2376 3250 2535 3307 Θεοῦ.
2570 3247 2723 3307 Οἶδεν
2754 3252 2840 3307 ὅτι
2895 3252 3036 3328 βαρὺ
3090 3251 3255 3308 τοῦτο
3294 3252 3529 3309 ἀκοῦσαι
3567 3254 3858 3325 Χριστια-

2249 3344 2361 3409 νοϊς
2383 3360 2396 3375 ο
2428 3342 2567 3399 ἀλλὰ
2590 3343 2808 3417 τέχναις
2846 3346 3156 3417 ἀπατηλαῐς
3184 3346 3467 3418 μεθοδεύει
3494 3346 3598 3418 τὴν
3627 3349 3857 3420 ιπιχεί-

2255 3453 2433 3508 ρησιν.
2464 3437 2635 3508 Σοφός
2654 3440 2772 3492 ἐστι
2793 3437 2888 3493 τοῦ
2911 3440 3278 3511 κακοποιῆσαι
3298 3456 3312 3470 ο
3345 3440 3591 3513 σήμερον
3616 3441 3861 3495 κλέπτει

2251 3531 2400 3601 ἡμᾶς
2432 3529 2524 3585 διὰ
2566 3533 2668 3603 τῆς
2724 3530 3029 3605 μεθοδείας,
3080 3533 3173 3587 καὶ
3203 3533 3304 3606 τὴν
3338 3532 3533 3605 αὔριον
3563 3536 3707 3605 ἡμῖν
3756 3535 3860 3598 τὰς

2253 3623 2587 3695 ἐπαγγελίας
2642 3624 3026 3699 περιαφίησιν.
3099 3623 3231 3682 Εἶτα
3282 3626 3505 3681 ἐπειδὰν
3560 3629 3596 3698 ἡ
3650 3626 3862 3700 αὔριον

2263 3711 2415 3788 ἔλθη,
2446 3716 2608 3772 πάλιν
2631 3717 2848 3789 ἔρχεται
2874 3719 3061 3785 κακῶς
3076 3720 3477 3792 συμμεριστῆς,
3499 3720 3662 3791 ἡμῶν
3679 3721 3865 3786 ἀξιῶν

2261 3807 2361 3881 τὴν
2396 3810 2637 3884 σήμερον
2666 3810 2838 3883 αὐτῷ,
2890 3813 2991 3885 τὴν
3024 3812 3083 3868 δὲ
3127 3812 3319 3885 αὔριον
3355 3813 3436 3883 τῷ
3466 3814 3662 3885 Κυρίῳ
3694 3830 3715 3847 ο
3763 3814 3863 3868 καὶ

2260 3901 2434 3970 οὕτως
2461 3905 2568 3971 ἀεὶ,
2597 3904 2658 3960 τὸ
2700 3905 2799 3977 μὲν
2846 3904 3022 3979 παρὸν
3064 3905 3131 3960 δι’
3172 3904 3371 3978 ἡδονῆς
3407 3906 3865 3978 ἀφαιρούμενος,

2260 3995 2322 4049 τὸ
2348 3995 2406 4050 δὲ
2437 3996 2631 4068 μέλλον
2667 4000 2789 4064 ταῖς
2815 3997 3029 4054 ἐλπίσιν
3056 3998 3216 4072 ἡμῶν
3260 3999 3612 4072 προσαφιεὶς,
3643 4000 3865 4056 λανθά-

2265 4104 2347 4143 νει
2371 4090 2520 4159 qua;
2550 4090 2935 4146 άποϐουκολῶν
2961 4094 3060 4165 τῆς
3089 4090 3256 4163 ζωῆς.

581 4198 713 4239 sens
746 4194 842 4251 per
876 4176 1211 4248 voluptatem
1242 4171 1495 4245 rapiens,
1529 4184 1593 4226 ac
1630 4168 1878 4226 futurum
1910 4174 2024 4244 spei
2058 4184 2265 4235 nostra
2334 4181 2677 4254 relinquens,
2733 4183 2942 4240 sensim
3014 4198 3118 4241 nos
3182 4199 3283 4240 nec
3359 4184 3660 4257 opinantes
3750 4187 3865 4242 vita

624 4275 782 4329 rivat.

624 4292 647 4327 r
671 4290 782 4328 vat.

582 4290 618 4347 Ρ
652 4291 925 4440 |Ejusdem,
945 4367 1017 4422 De
1044 4362 1462 4422 invii—Malus
1482 4370 1568 4419 est
1597 4361 1878 4432 diabolus,
1901 4373 1956 4421 et
1977 4368 2159 4423 omni-

2334 4367 2576 4437 Πονηρὸς
2597 4368 2625 4421 6
2660 4365 2926 4430 διάϐολος,
2947 4365 3041 4421 καὶ
3072 4367 3270 4430 κακίας
3291 4366 3554 4431 παντοίας
3584 4366 3867 4440 δημιουρ-

585 4464 709 4533 geni
731 4463 858 4517 mali
875 4458 1105 4525 artifex;
1137 4467 1191 4513 et
1213 4455 1677 4528 quemadmodum
1700 4456 2007 4515 liberalitas
2025 4460 2153 4515 boni

2265 4458 2386 4528 γός·
2420 4458 2515 4512 καὶ
2550 4456 2738 4529 ὥσπερ
2765 4457 2958 4512 ἕπεται
3000 4456 3081 4529 τῷ
3100 4456 3347 4530 άγαθῷή
3382 4457 3641 4527 ἀφθονία,
3674 4458 3863 4523 οὕτως

582 4554 930 4611 consectaria
945 4560 1050 4616 est,
1081 4552 1155 4605 ita
1185 4546 1537 4606 etdiabolunt
1554 4547 1853 4604 invidentia
1873 4553 2152 4623 sequitur.

2265 4548 2549 4607 ἀκολουθεῖ
2568 4548 2646 4620 τῷ
2664 4547 2897 4621 διαϐόλῳ
2920 4550 2954 4622 η
2982 4548 3275 4621 βασκανία.

650 4647 794 4703 .lln'd.
832 4643 1248 4700 —lnvideutize
1294 4642 1405 4697 telo
1444 4655 1474 4694 a
1534 4641 1817 4699 creatione
1862 4645 2053 4699 mundi
2091 4644 2161 4700 ad

586 4754 760 4810 usque
796 4736 983 4795 διορυιί
1011 4735 1172 4813 linem
1220 4746 1413 4788 omnes
1444 4730 1573 4788 ferit
1607 4734 2041 4806 prosternitque,
2071 4736 2163 4792 ille

591 4834 716 4886 sine
742 4844 941 4885 nostrae
963 4830 1325 4896 interemptor
1346 4824 1620 4891 diabolus,
1651 4835 1956 4897 nostroque
1988 4829 2161 4885 exitio

587 4924 853 4997 gaudens.
880 4920 984 4988 Qui
1013 4929 1235 4991 propter
1275 4917 1636 4975 invidentiam
1672 4918 1726 4974 in
1770 4928 1975 4976 terram
2035 4938 2162 4979 cor-

588 5016 719 5079 ruit,
740 5014 929 5068 eodem
962 5026 1067 5065 nos
1096 5009 1303 5079 disjicit
1336 5009 1467 5064 telo.

658 5108 815 5180 ἠδ]
838 5104 1241 5176 Ejusdettthom.
1263 5100 1415 5169 Quod
1452 5102 1588 5158 Deus
1610 5120 1716 5159 non
1743 5105 1812 5160 sit
1842 5117 2028 5164 auctor
2052 5125 2166 5164 ma.

592 5200 651 5255 li.
681 5229 749 5240 -—-
798 5197 1081 5254 Undenam
1118 5195 1377 5251 diabolus
1410 5194 1590 5251 malus
1616 5195 1741 5251 est?
1772 5212 1836 5252 ex
1873 5214 1973 5253 sua
2004 5200 2164 5271 plane

588 5292 770 5363 ipsius
788 5289 1089 5345 voluntate.
1110 5287 1364 5343 Liberam
1384 5287 1532 5343 enim
1563 5288 1903 5346 voluntatem
1928 5290 2163 5360 habens,

592 5384 864 5452 situmque
905 5381 958 5437 in
1012 5396 1073 5436 se
1120 5387 1470 5451 potestatem,
1538 5380 1623 5435 vel
1674 5381 1988 5439 adhaerendi
2030 5384 2164 5452 Deo,

593 5475 679 5530 vel
707 5488 740 5528 a
775 5475 920 5528 bono
959 5470 1328 5527 desciscendi.
1372 5469 1598 5527 Gabriel
1644 5472 1874 5544 angelus
1920 5485 2061 5543 erat,
2103 5492 2168 5532 ae

595 5565 708 5622 Deo
742 5580 959 5635 semper
986 5564 1202 5627 astitit;
1233 5564 1462 5634 angelus
1490 5573 1610 5619 erat
1640 5562 1901 5633 Satanas,
1933 5576 1989 5623 et
2011 5584 2039 5622 a
2065 5560 2167 5625 suo

592 5654 793 5710 ordine
831 5668 1072 5724 prorsus
1124 5651 1357 5711 excidit.
1413 5652 1611 5722 Atque,
1665 5661 1727 5707 ut
1780 5654 1932 5709 illum
1968 5659 2169 5717 mentis

597 5744 847 5801 inductio
871 5745 925 5798 in
960 5742 1221 5813 supernis
1256 5742 1627 5808 conservavit,
1656 5742 1735 5798 sic
1776 5744 1921 5800 hunc
1952 5763 2171 5819 quoque

594 5838 895 5896 voluntatis
930 5838 1156 5894 libertas
1202 5835 1535 5910 prmcipitcm
1575 5852 1605 5892 e
1640 5837 1793 5895 caelis
1829 5841 2165 5898 exturbavit.

2343 4642 2432 4698 Ἐν
2457 4640 2536 4714 τῷ
2556 4642 2656 4713 τῆς
2715 4641 3018 4713 βασκανίας
3058 4642 3208 4715 ὅπλῳ
3243 4642 3352 4698 ἀπὸ
3388 4643 3710 4715 καταϐολῆς
3768 4646 3867 4700 κό-

2263 4751 2428 4806 σμου,
2486 4734 2651 4809 μέχρι
2676 4732 2991 4800 συντελείας
3033 4735 3251 4800 αἰῶνος,
3290 4735 3503 4801 πάντας
3547 4737 3863 4809 τιτρώσκει

2260 4828 2357 4884 καὶ
2386 4827 2715 4883 καταϐάλλει
2741 4830 2768 4883 6
2801 4828 3021 4896 λυμεὼν
3060 4830 3162 4900 ’ἧς
3202 4827 3353 4899 ζωῆς
3380 4829 3542 4901 ἡμῶν
3569 4830 3861 4896 διάϐολος,

2261 4922 2357 4977 καὶ
2377 4923 2401 4976 6
2423 4923 2631 4995 χαίρων
2645 4925 2711 4995 τῇ
2737 4922 3005 4997 ἀπωλείᾳ.
3023 4924 3082 4977 ὐ
3109 4922 3436 4977 καταπεσὼν
3465 4925 3558 4978 διὰ
3594 4923 3702 4978 τοῦ
3728 4927 3857 4996 9:06-

2262 5032 2375 5081 vou,
2395 5016 2487 5071 καὶ
2509 5015 2659 5087 ἡμᾶς
2682 5016 2861 5087 ἐαυτῷ
2889 5016 2977 5071 διὰ
2998 5014 3092 5071 τοῦ
3123 5015 3239 5070 ίσου
3264 5017 3433 5071 ὅπλου
3458 5016 3856 5073 καταϐάλλων.

2335 5108 2507 5164 Πόθεν
2550 5110 2787 5181 πονηρὸς
2810 5111 2840 5163 6
2866 5104 3145 5176 διάϐολος;
3186 5111 3251 5166 ὲκ
3278 5113 3381 5182 τῆς
3408 5110 3632 5176 οἰκείας
3660 5129 3857 5184 προαι-

2268 5202 2496 5275 ρέσεως.
2547 5202 2882 5275 Δὺθαίρετον
2922 5203 3031 5275 γάρ
3057 5202 3197 5275 ἔχων
3250 5204 3350 5274 τὴν
3404 5203 3574 5275 ζωὴν,
3626 5206 3729 5260 καὶ
3768 5205 3856 5259 ἐπ’

2265 5294 2415 5368 αύτῷ
2441 5298 2701 5369 κειμένην
2722 5297 2821 5368 τὴν
2846 5295 3116 5364 ἐξουσίαν,
3146 5296 3179 5369 ἢ
3222 5296 3567 5367 παραμένειν
3595 5296 3685 5369 τῷ
3711 5297 3853 5368 Θεῷ,

2266 5390 2299 5461 ἢ
2331 5390 2761 5461 ἀλλοτριωθῆναι
2803 5390 2897 5446 τοῦ
2932 5390 3163 5460 ἀγαθον,
3202 5389 3445 5462 Γαϐριὴλ
3468 5389 3727 5459 ἄγγελος,
3762 5396 3857 5445 καὶ

2271 5482 2585 5552 παρέστηκε
2627 5481 2707 5553 τῷ
2747 5480 2867 5552 Θεῷ
2907 5482 3173 5554 διηνεκῶς
3198 5522 3212 5546 ,
3250 5482 3280 5535 6
3313 5482 3559 5545 Σατανᾶς
3583 5482 3857 5551 ἄγγελος.

2270 5573 2364 5628 καὶ
2391 5572 2618 5639 ἐξέπεσε
2672 5576 2771 5645 τῆς
2823 5575 3033 5639 οἰκείας
3081 5575 3310 5642 τάξεως.
3352 5575 3627 5629 Κάκείνον
3683 5574 3857 5645 μλνὴ

2271 5666 2590 5737 προαίρεσις
2632 5665 2922 5735 διεφύλαξε
2976 5669 3092 5731 τοῖς
3141 5666 3276 5731 ἄνω,
3324 5665 3420 5721 καὶ
3456 5663 3656 5721 τοῦτον
3717 5684 3855 5721 κατα

2272 5754 2464 5827 ἐρριψε
2503 5755 2601 5827 τῆς
2658 5756 2883 5828 γνώμης
2914 5755 2976 5810 τὸ
3011 5754 3381 5824 αὐτεξούσιον.
3429 5754 3697 5809 Ἦδύνατο
3742 5757 3857 5827 γὰρ

2273 5849 2521 5913 κάκεῖνος
2583 5848 2908 5921 ἀποστῆναι,
2941 5848 3037 5906 καὶ⁵
3063 5843 3217 5915 οὗτος
3257 5847 3333 5921 μὴ
3364 5848 3622 5903 ἐκπεσεῖν
3659 5864 3675 5879 ·
3719 5849 3854 5921 illa

3681 343 3825 425 illos
3940 370 3945 425 ι
