4014 6302
219 364 353 432 1409

1466 370 1702 431 SACRA
1739 371 2181 440 PARALLELA

3323 396 3459 468 1410

216 482 312 538 τὸν
347 481 446 553 μὲν
475 479 770 536 διεσώσατο
822 481 922 553 τῆς
956 481 1181 554 ἀγάπης
1213 482 1311 537 τοῦ
1337 483 1476 538 Θεοῦ
1506 484 1568 539 τδ
1592 486 1760 559 ἀκόρε

1872 474 2118 547 Poterat
2148 491 2293 548 enim
2326 493 2382 549 et
2408 494 2501 552 ille
2530 512 2559 552 a
2590 497 2699 555 Deo
2729 499 3065 573 desciscere,
3110 516 3167 564 et
3214 504 3307 568 hic
3348 532 3458 572 non

218 590 366 643 στον,
394 573 485 628 τὸν
511 573 567 628 δὲ
598 569 903 647 ἀπόϐλητον
944 573 1141 640 ἔδειξεν
1176 576 1210 647 ή
1240 577 1304 631 ἐκ
1343 576 1478 632 Θεοῦ
1503 577 1789 653 ἀναχώρη-

219 682 329 736 σις.

286 842 459 899 Πόθεν
499 839 593 899 οὖν
625 845 775 917 αὐτῷ
802 847 832 900 6
862 846 999 920 πρὸς
1044 848 1191 920 ἡμᾶς
1242 849 1478 923 πόλεμος
1503 867 1519 919 ;
1546 851 1668 907 Ὀτι
1701 854 1779 909 δο-

212 938 359 1007 χεῖον
383 936 442 992 ὃν
482 938 667 1009 πάσης
719 939 939 1005 κακίας,
972 940 1191 1007 ἐδέξατο
1222 942 1315 997 καὶ
1341 944 1437 998 τοῦ
1463 944 1659 1015 φθόνου
1686 946 1786 1019 τὴν

213 1030 391 1096 νόσον,
427 1030 523 1084 καὶ
551 1030 852 1104 ὲόάσκηνεν
881 1035 1014 1105 ήμῖν
1052 1036 1150 1105 τῆς
1179 1038 1363 1109 τιμῆς.
1391 1038 1466 1091 Οὐ
1496 1040 1605 1109 γὰρ
1625 1040 1787 1110 ήνεγ-

212 1139 279 1177 κε
310 1124 411 1194 τὴν
437 1123 645 1178 ἄλυπον
699 1124 856 1197 ήμῶν
914 1127 1059 1200 ζωὴν
1090 1129 1189 1201 τὴν
1224 1130 1281 1183 ὲν
1304 1129 1380 1200 τῷ
1443 1132 1782 1206 παραδείσῳ,

206 1214 381 1280 δόλοις
396 1214 451 1268 δὲ
465 1218 556 1270 καὶ
583 1218 973 1290 μηχανήμασιν
1002 1220 1352 1293 ἐξαπατήσας
1368 1222 1457 1275 τὸν
1474 1222 1782 1294 ἄνθρωπον,

209 1307 304 1360 καὶ
331 1305 431 1377 τὴν
462 1306 759 1380 ἐπιθυμίαν
781 1309 945 1364 αὑτοῦ
968 1310 1035 1380 ἣν
1067 1310 1224 1383 ἔσχεν
1261 1313 1395 1385 πρὸς
1420 1314 1482 1368 τὸ
1514 1314 1784 1387 ὁμοιωθῆ-

205 1416 299 1454 ναι
325 1397 466 1471 Θεῷ,
497 1399 669 1474 ταύτῃ
713 1400 850 1474 πρὸς
906 1402 1005 1474 τὴν
1055 1403 1272 1477 ἀπάτην
1301 1406 1779 1479 ἀποχρησάμενος,

205 1489 377 1556 ἔδειξε
413 1490 475 1545 τὸ
507 1489 683 1559 ξύλον,
730 1492 827 1547 καὶ
867 1494 1230 1567 ἐπηγγείλατο
1281 1497 1370 1553 διὰ
1401 1500 1499 1571 τῆς
1524 1500 1782 1573 βρώσεως

205 1583 373 1639 αὗτοῦ
402 1584 591 1657 ὅμοιον
614 1579 734 1659 Θεῷ
774 1589 1162 1662 καταστήσειν.
1219 1590 1356 1646 Ἐὰν
1380 1591 1489 1663 γὰρ
1526 1592 1776 1665 φάγητε,

209 1678 400 1752 φησιν,
431 1678 651 1734 ἔσεσθε
688 1680 769 1747 ὥς
800 1681 946 1747 θεοὶ,
1006 1683 1409 1752 γινώσκοντες
1444 1688 1638 1742 καλὸν
1679 1687 1780 1743 καὶ

206 1770 499 1842 πονηρόν.
528 1772 643 1826 Οὐκ
696 1771 890 1844 ἐχθρὸς
944 1776 1125 1828 τοίνυν
1170 1777 1303 1847 ήμῖν
1338 1778 1774 1852 κατεσκευάσθη,

1890 583 2141 641 excidere
2176 602 2191 640 :
2230 592 2285 640 at
2315 586 2472 643 illum
2497 591 2717 661 quidem
2751 597 3100 668 inexplebilis
3123 616 3253 675 erga
3286 602 3456 662 Deum

1888 674 2136 732 charitas
2158 682 2503 738 conservavit
2534 700 2551 750 ;
2583 684 2714 742 huic
2743 703 2872 743 vero
2912 705 3108 751 rursus
3138 674 3383 754 secessio
3424 714 3460 754 α

1888 764 1999 823 Deo
2030 768 2135 825 hoc
2161 772 2368 838 attulit,
2398 782 2458 829 ut
2487 774 2805 847 ejiceretur.

1958 859 2148 933 Ejusd.
2172 864 2302 920 ibid.
2339 895 2407 907 -
2426 867 2567 936 Quid
2595 886 2778 929 causae
2808 876 2977 947 igitur
3004 886 3089 936 est
3117 895 3217 937 cur
3235 883 3459 943 diabolu

1885 951 2000 1007 lum
2031 955 2320 1014 adversum
2356 974 2461 1018 nos
2504 966 2846 1036 susceperit?
2890 968 3052 1038 Quia,
3100 989 3224 1031 cum
3274 979 3458 1036 omnis

1885 1044 2202 1105 vitiositatis
2246 1054 2704 1124 conceptaculum
2778 1070 2942 1126 esset,
2996 1064 3188 1124 ἤτοι-ῖς
3235 1083 3458 1140 quoque

1885 1138 2139 1195 morbum
2170 1140 2408 1216 excepit,
2446 1156 2499 1203 et
2545 1158 2795 1207 nostrum
2829 1153 2991 1211 nobis
3021 1138 3284 1216 honorem
3313 1161 3456 1219 invi-

1885 1228 1980 1283 dit.
2023 1229 2209 1304 Neque
2253 1237 2399 1291 enim
2438 1248 2687 1296 nostram
2729 1243 2782 1298 in
2818 1247 3080 1317 paradiso
3112 1253 3282 1309 vitam
3334 1272 3456 1313 mo-

1884 1319 2055 1379 lestiae
2088 1326 2269 1390 omnis
2300 1339 2581 1401 expertem
2628 1332 2776 1392 ferre
2819 1340 2997 1409 potuit
3037 1357 3054 1399 :
3088 1359 3281 1401 verum
3308 1348 3452 1407 dolis

1882 1424 1935 1469 et
1960 1416 2119 1473 malis
2160 1420 2372 1479 artibus
2411 1423 2689 1483 hominem
2747 1429 3055 1491 ludiﬁcatus
3088 1446 3195 1506 est,
3241 1454 3453 1516 suaque
3518 1438 3520 1440 ’

1881 1504 1971 1561 illa
2003 1507 2330 1579 cupiditate,
2356 1530 2463 1584 qua
2496 1515 2609 1574 Deo
2635 1517 2755 1577 ﬁeri
2789 1524 3025 1582 similem
3048 1504 3452 1600 expetebat,'ad

1882 1594 2129 1654 fraudem
2179 1602 2477 1675 ahutendo,
2520 1607 2728 1682 lignum
2776 1594 3136 1693 monstravit;
3168 1594 3453 1695 seqtte'fa-

1880 1694 2098 1745 eturum
2132 1694 2415 1764 pollicitus
2447 1708 2533 1758 est
2583 1712 2662 1768 ut,
2706 1705 2753 1762 si
2794 1722 2861 1763 ex
2898 1724 2966 1765 eo
3000 1711 3211 1785 ederet,
3246 1694 3336 1774 Dei
3373 1720 3453 1776 si-

1880 1780 2249 1841 militudinem
2295 1789 2716 1862 adipisceretur.
2774 1796 2836 1854 Si
2887 1801 3033 1858 enim
3084 1780 3450 1878 .emnederitis,

202 1862 322 1917 ἀλλ’
356 1866 421 1920 ἐκ
464 1865 796 1937 ζηλοτυπίας
837 1869 967 1938 ἡμῖν
1002 1870 1081 1933 είς
1132 1868 1333 1941 ἔχθραν
1387 1870 1760 1944 ἀντικατέστηι

1878 1870 2081 1945 inquit,
2134 1879 2285 1934 eritis
2316 1856 2453 1939 sicut
2504 1887 2605 1953 dii,
2639 1889 2862 1946 scientes
2899 1891 3091 1950 bonum
3148 1906 3201 1953 et
3246 1902 3448 1958 malum

214 1954 387 2027 Ὁρῶν
418 1957 527 2030 γὰρ
558 1958 751 2013 ἑαυτὸν
778 1960 843 2014 ὲκ
863 1960 971 2014 τῶν
1017 1961 1266 2031 ἀγγέλων
1331 1960 1616 2032 ριφθέντα,
1671 1964 1773 2019 οὐκ

198 2048 364 2121 ἔφερε
385 2049 606 2121 βλέπειν
633 2053 724 2108 τὸν
749 2054 933 2125 γήϊνον
972 2062 1051 2120 είς
1070 2055 1170 2125 τὴν
1204 2054 1361 2121 ἀξίαν
1388 2054 1496 2109 τῶν
1526 2056 1774 2125 ἀγγέλων

196 2144 289 2198 διὰ
342 2144 631 2217 προκοπῆς
682 2146 1076 2219 ἀνυψούμενον.
1137 2148 1357 2222 Ἐπειδὴ
1414 2144 1507 2203 οὖν
1549 2151 1773 2220 γέγονεν

198 2236 392 2309 ἐχθρὸς
426 2238 603 2310 ήμῶν,
638 2239 906 2309 ἐφύλαξεν
932 2242 1064 2313 ήμϊν
1086 2241 1114 2296 6
1138 2239 1268 2305 Θεὸς
1304 2240 1401 2314 τὴν
1433 2242 1569 2313 πρὸς
1606 2243 1771 2297 αὐτὸν

197 2329 537 2396 ἐναντίωσιν,
560 2329 628 2384 δι’
643 2331 711 2403 ήν
735 2330 814 2401 τῷ
834 2331 1310 2402 ὑπηρετησαμένῳ
1334 2330 1485 2402 αὐτῷ
1499 2330 1767 2400 διελέγετο

196 2421 334 2491 πρὸς
362 2422 525 2476 αὐτὸν
568 2422 665 2497 τήν
697 2423 949 2496 ἀπειλὴν,
983 2424 1065 2478 δτι
1098 2425 1365 2495 Ἕχθραν
1413 2426 1580 2493 θήσω
1624 2425 1769 2481 ἁνα-

195 2507 387 2577 μέσον
401 2523 541 2578 σου,
572 2512 670 2567 καί
697 2513 1007 2583 ἀναμέσων
1037 2512 1145 2567 τοῦ
1181 2514 1524 2585 σπέρματος
1554 2513 1765 2585 αὐτῆς.

194 2615 417 2671 operam
475 2612 795 2675 navaverat,
826 2605 1234 2673 comminando,
1264 2605 1346 2663 sic
1373 2605 1528 2662 illum
1552 2604 1824 2663 allocutus
1859 2619 1943 2668 est
1987 2628 2001 2668 :
2054 2615 2376 2680 Inimicitias
2441 2642 2635 2695 ponam

190 2697 309 2767 ejus
340 2697 504 2771 (Ibid.
536 2700 647 2772 ιε).

275 2797 493 2869 Ἐπειδὴ
520 2797 740 2867 γέγονεν
769 2799 1083 2873 ἀποστάτης
1100 2801 1128 2855 6
1151 2800 1417 2869 διάϐολος,
1444 2801 1638 2876 ἐχθρὸς
1662 2805 1764 2876 μὲν

1881 1963 2034 2035 (Gen.
2068 1984 2150 2036 tu,
2187 1970 2264 2046 5).
2308 1973 2578 2042 Quocirca
2626 1996 2734 2037 non
2784 1984 2945 2043 nobis
2980 1986 3157 2047 hostis
3190 1992 3450 2054 conditus

1875 2066 1985 2126 est,
2017 2062 2112 2118 sed
2155 2078 2225 2121 ex
2266 2065 2566 2126 invidentia
2612 2076 2667 2129 in
2712 2074 2898 2132 odium
2953 2082 3126 2138 nostri
3172 2087 3443 2158 prorupit.

1874 2144 2011 2204 Nam
2037 2166 2160 2207 cum
2188 2169 2249 2211 se
2271 2156 2341 2214 ab
2365 2161 2680 2232 angelorum
2711 2164 2887 2223 classe
2913 2169 3149 2237 ejectum
3172 2144 3301 2245 ipse
3322 2144 3450 2233 cer.
3534 2198 3539 2202 ·

1875 2251 2054 2314 neret,
2085 2261 2211 2303 eum
2243 2251 2335 2321 qui
2371 2260 2630 2313 terrenus
2654 2268 2800 2317 esset
2827 2260 2895 2317 ad
2926 2266 3243 2336 angelorum
3273 2268 3455 2341 digni-

1876 2342 2045 2392 tatem
2076 2352 2323 2398 erectum
2354 2346 2543 2405 videre
2574 2365 2683 2407 non
2708 2362 2950 2422 poterat.
2976 2357 3245 2424 Quoniam
3277 2362 3447 2435 igitur

1874 2426 2051 2489 bostis
2094 2445 2286 2493 noster
2321 2438 2551 2500 eﬂ'ectus
2587 2451 2695 2513 est,
2747 2447 2957 2505 idcirco
2992 2449 3137 2508 Deus
3171 2452 3278 2510 hoc
3297 2426 3442 2528 egit,

1877 2528 1936 2575 ut
1963 2523 2082 2595 ejus
2116 2527 2417 2588 adversarii
2448 2550 2736 2606 essemus;
2786 2539 2917 2597 dum
2951 2540 3184 2600 bestiam
3215 2523 3441 2619 qum‘illi

2691 2629 2830 2687 inter
2877 2640 2945 2700 te,
2986 2650 3036 2690 et
3086 2637 3223 2693 inter
3268 2657 3441 2697 semen

1941 2802 2175 2859 lbid.—
2196 2806 2470 2876 Quoniam
2509 2813 2762 2874 diabolus
2791 2819 2993 2878 defecit
3019 2823 3438 2902 rebellat-itque,

184 2889 361 2956 Θεοῦ,
391 2890 583 2963 ἐχθρὸς
618 2892 676 2945 δὲ
708 2892 816 2946 τῶν
859 2893 1185 2965 ἀνθρώπων,
1236 2894 1348 2950 τῶν
1399 2895 1547 2994 κατ’Δ
1577 2895 1760 2950 εἰκόνα

1868 2908 1932 2950 ac
1963 2910 2088 2954 cum
2115 2897 2236 2971 Dei,
2265 2912 2378 2959 tum
2404 2908 2563 2962 etiam
2591 2908 2895 2983 hominum,
2918 2916 3011 2987 qui
3043 2916 3111 2973 ad
3145 2918 3436 2994 imaginem

180 2980 325 3034 Θεοῦ
377 2982 784 3053 γεγενημένων,
840 2983 928 3039 διὰ
976 2985 1135 3041 τοῦτό
1195 2987 1313 3042 ἐστι
1354 2987 1763 3062 μισάνθρωποςδ

1873 2985 1963 3044 Dei
1989 2991 2199 3049 conditi
2232 3005 2383 3066 sunt,
2420 2998 2628 3057 hostem
2660 3018 2719 3060 se
2749 2985 3041 3075 professus
3074 3019 3179 3078 est,
3209 2985 3283 3070 ob
3314 3030 3438 3072 eam

185 3074 328 3127 διότι
353 3075 447 3129 καὶ
478 3074 768 3148 θεομάχος,
795 3077 893 3131 καὶ
918 3080 1069 3150 μισεῖ
1091 3080 1241 3179 int-ac
1269 3078 1344 3179 ὡς
1367 3078 1640 3179 κτίσματα
1664 3078 1760 3135 τοῦ

1866 3094 2089 3139 causam
2112 3084 2365 3147 homines
2391 3092 2531 3160 odit,
2565 3098 2696 3165 quia
2730 3074 2824 3155 Dei
2852 3115 3078 3175 quoque
3104 3074 3190 3161 est
3220 3107 3433 3179 hostis;

184 3164 485 3231 Δεσπότου,
530 3167 625 3219 καὶ
656 3166 730 3230 ὡς
759 3167 1012 3239 ὁμοίωμα
1056 3167 1226 3222 Θεοῢο
1253 3170 1347 3224 καί¹
1389 3170 1760 3273 συνεχρήσατο

1865 3186 2080 3245 nosque
2104 3191 2206 3234 ceu
2237 3177 2454 3238 Domini
2491 3164 2801 3258 creaturas,
2831 3164 3000 3265 cujus
3030 3204 3085 3253 et
3110 3164 3427 3259 similitudi:

184 3253 355 3308 αὐτοῦ
390 3256 457 3327 τῇ
490 3255 723 3328 πονηρίᾳ
746 3256 822 3330 είς
854 3258 1156 3330 γυμνάσιον
1187 3259 1297 3314 τῶν
1346 3262 1760 3365 ily-reptantiu-

1864 3280 1987 3321 nem
2012 3281 2292 3340 geramus,
2323 3273 2523 3334 infesto
2559 3278 2687 3337 odio
2716 3282 3042 3344 insectatur.
3079 3289 3223 3349 Deus
3245 3310 3433 3365 porro,

186 3347 307 3419 χῶν
325 3349 353 3403 ὁ
377 3348 555 3418 σοφῶς
577 3349 672 3403 καὶ
723 3350 1099 3423 προνοητικῶς
1136 3353 1436 3426 οἰκονομῶν
1459 3354 1527 3410 τὰ
1549 3354 1760 3428 ἀνθρώ-

1862 3359 2033 3430 utqui
2059 3363 2337 3433 sapienter
2359 3376 2413 3425 et
2435 3373 2661 3440 provide
2684 3390 2773 3432 res
2802 3376 3074 3439 humanas
3094 3359 3428 3460 moderetur,

181 3458 340 3507 πινα,
364 3440 556 3513 ὥσπερ
591 3442 774 3514 ἰατρὸς
796 3442 887 3497 τὸν
911 3444 1011 3516 τῆς
1037 3444 1253 3517 ἐχίδνης
1303 3446 1384 3551 ιον
1442 3448 1522 3513 είς
1552 3465 1758 3551 ,σωτη-

1863 3450 1927 3504 ad
1978 3452 2294 3512 animorum
2366 3470 2683 3520 nostrorum
2737 3470 3190 3532 exercitationem
3258 3478 3430 3551 ipsius

187 3532 326 3606 ρίων
381 3533 693 3606 φαρμάκων
735 3536 1080 3608 κατασκευὴν
1133 3535 1561 3643 ἀποχρώμενοςέΞ
1582 3540 1759 3598 Σατᾶν

1863 3539 2137 3612 impietate
2177 3562 2312 3604 usus
2338 3558 2445 3618 est,
2505 3555 2733 3625 perinde
2753 3568 2920 3632 alque
2960 3565 3207 3624 medicus
3226 3532 3430 3643 viperae

182 3628 290 3699 μὲν
304 3622 398 3685 οὖν
424 3628 666 3697 λέγεται,
700 3626 789 3683 διὰ
812 3627 873 3683 τὸ
892 3628 1230 3685 ἀντικεῖσθαι
1251 3629 1329 3703 τῷ
1355 3629 1566 3703 ἀγαθῷ,

252 3916 373 3972 Τῶν
432 3918 1046 3988 ἀγγέλωνόστασιάσαι
1094 3919 1395 3992 τολμήσας,
1463 3924 1558 3977 καὶ
1611 3922 1751 3993 ὑπὲρ

169 4010 281 4082 τήν
301 4010 454 4074 ἀξίαν
484 4010 736 4082 ἀρθῆναι,
787 4010 1077 4065 κατέναντι
1116 4012 1323 4083 Κυρίου
1381 4014 1752 4086 παντοκράτο-

172 4117 277 4175 ρος
322 4103 719 4176 τραχηλιάσας,
775 4105 870 4161 καὶ
903 4104 1043 4177 ὑπὲρ
1064 4104 1134 4158 τὰ
1155 4105 1291 4177 νέφη
1329 4105 1601 4178 καθέδραν
1627 4108 1749 4161 ἐπι-

163 4196 336 4262 νοῶν,
363 4196 439 4262 ὼς
469 4197 703 4266 διλόγος,
728 4198 885 4270 δίκην
940 4197 1110 4253 ἔδωκε
1139 4198 1242 4269 τῆς
1278 4200 1536 4268 ἀπονοίας
1569 4200 1744 4271 ἀξίαν,

172 4286 372 4351 σκότος
397 4286 516 4342 ἀντὶ
542 4286 721 4358 φωτὸς
753 4283 892 4342 εἶναι
924 4286 1305 4359 κατακριθείς.

161 4623 359 4718 ΤΠᾉ.
380 4624 526 4718 κςς.
551 4624 695 4718 [Hirpi
742 4624 1107 4711 δυσπιᾳτίας
1140 4627 1310 4718 ὀκεέί
1344 4626 1451 4718 βὸτι
1482 4632 1516 4685 ό
1538 4629 1741 4718 egea-

247 4697 403 4765 λόγῳ
447 4695 607 4765 atria
657 4695 1108 4765 δυσπιστήσας,
1170 4697 1291 4765 Θεῷ
1330 4702 1741 4771 συγγινώσκε-

204 4813 207 4815 .
245 4782 358 4819 ται.

248 4923 267 4956 ι
295 4900 461 4957 Εἶπεν
487 4905 516 4958 6
546 4903 678 4969 Θεὸς
710 4903 787 4977 τῷ
824 4904 1110 4977 Ἀϐραάμ·
1142 4907 1292 4981 Σάρα
1319 4910 1351 4978 ἡ
1377 4909 1512 4980 γυνή
1559 4927 1653 4963 σου
1676 4911 1736 4964 οὐ

1855 3646 2065 3689 veneno
2091 3636 2159 3693 ad
2190 3640 2515 3699 salutarium
2567 3640 3091 3712 medicamentorum
3125 3664 3427 3721 conlectio-

1856 3735 1978 3777 nem
2007 3723 2160 3780 abuti
2194 3729 2355 3789 solet.
2400 3730 2565 3790 Satan
2613 3752 2746 3795 vero
2794 3739 3008 3802 idcirco
3051 3761 3425 3824 nuncupatur,

1853 3812 2001 3882 quod
2031 3814 2177 3872 bono
2203 3823 2519 3882 contrarius
2548 3826 2642 3911 sit.

1919 3927 1979 3987 S.
2007 3928 2220 4006 Gregor.
2257 3935 2399 3995 Naz.
2427 3950 2567 3999 erat.
2595 3943 2671 4001 De
2708 3964 2858 4015 pace.
2890 3983 2959 3995 —
2988 3953 3066 4011 Ex
3100 3962 3419 4032 angelorum

1849 4028 1995 4078 coetu
2041 4024 2090 4081 is
2138 4027 2229 4098 qui
2260 4030 2589 4090 seditionem
2632 4052 2855 4097 movere
2885 4058 3057 4105 ausus
3094 4024 3217 4120 fuit,
3253 4070 3424 4129 seque

1849 4129 2016 4186 supra
2057 4116 2378 4191 dignitatem
2422 4139 2580 4182 suam
2638 4129 2854 4198 eﬁ‘erre,
2902 4136 2977 4192 ita
3039 4148 3097 4196 ut
3151 4116 3421 4206 adversus

1846 4208 2278 4279 omnipotentem
2329 4211 2621 4274 Dominum
2656 4224 2991 4294 superbiret,
3024 4240 3077 4286 et
3106 4249 3272 4307 supra
3317 4255 3421 4295 nu-

1846 4297 1964 4368 bes,
1998 4310 2056 4357 ut
2105 4301 2183 4358 ait
2226 4303 2534 4378 Scriptura,
2576 4326 2782 4382 ponere
2824 4317 3085 4377 thronum
3127 4297 3417 4398 cogitaret,

1846 4407 2037 4463 pmnas
2085 4400 2401 4469 arrOgantia
2440 4416 2539 4457 sua
2574 4403 2768 4477 dignas
2797 4408 2979 4480 dedit;
3023 4413 3126 4473 hoc
3158 4421 3416 4481 nimirum

1846 4487 2124 4558 supplicio
2157 4492 2446 4563 multatus,
2472 4493 2533 4552 ut
2563 4513 2664 4569 pro
2696 4500 2816 4558 luce
2842 4506 3021 4579 caligo
3046 4508 3218 4568 ﬁeret.

1843 4643 2205 4742 ΤΙίικιξξξίἮ.
2237 4638 2307 4694 -ὶ-
2341 4652 2859 4742 De‘ineredttﬁlate;
2896 4672 2947 4718 et
3002 4669 3262 4742 quodqui
3291 4672 3429 4742 pro;

1917 4717 2079 4774 babili
2113 4736 2178 4775 ea:
2206 4738 2370 4781 causa
2394 4724 2504 4783 Deo
2535 4745 2639 4785 non
2671 4717 2852 4787 statim
2902 4717 3194 4804 fcreditris’

1910 4803 2274 4862 consequatur.

1914 4919 2042 4979 Gen.
2076 4938 2207 4991 xm,
2256 4924 2445 4987 4549.
2479 4960 2547 4971 —
2585 4949 2605 4984 ι
2648 4933 2795 4991 Dixit
2834 4934 3102 4999 Dominus
3134 4943 3201 5001 ad
3230 4947 3406 5003 Abra-

156 4994 504 5067 κληθήσεται
525 4994 585 5049 τὸ
617 4995 788 5065 ὄνομα
817 4994 986 5067 αὐτῆς
1012 4997 1181 5068 Σάρα,
1210 4997 1346 5051 ἀλλά
1370 4999 1556 5120 Σὶάίῥα
1584 4999 1738 5055 ἔσται

156 5086 225 5120 ,λ
260 5086 424 5120 sum...
454 5085 621 5120 ...οι-α,
682 5087 975 5120 ρατηερ...
1003 5089 1057 5120 πι-
1083 5088 1251 5120 -.-.-:...
1328 5108 1395 5120 ..-
1488 5091 1609 5120 Α--.
1655 5110 1732 5120 --.

1863 5026 1963 5068 tam
2006 5029 2021 5067 :
2058 5013 2194 5071 Sara
2231 5034 2373 5075 uxor
2430 5029 2522 5078 tua
2554 5040 2667 5081 non
2723 5030 3016 5089 vocabitur
3042 5050 3261 5120 ‘nomen
3286 5042 3409 5111 ejus

152 5086 225 5139 τὸ
259 5086 428 5156 ὄνομα
454 5085 640 5156 αὐτῆς.
682 5087 977 5160 Εὐλογήσω
1003 5089 1058 5143 δὲ
1081 5088 1272 5161 αὐτὴν,
1328 5090 1422 5144 καὶ
1455 5090 1611 5145 δώσω
1654 5110 1735 5146 σοι

153 5177 224 5243 ἐξ
247 5175 416 5247 αὐτῆς
451 5177 658 5241 τέκνον,
691 5178 785 5229 καὶ
823 5177 1103 5250 εὐλογήσω
1145 5179 1329 5246 αὑτὸν,
1364 5180 1458 5234 καὶ
1478 5180 1627 5236 ἔσται
1655 5184 1734 5247 εἰς

150 5270 343 5336 ἔθνος,
387 5269 479 5322 καὶ
526 5268 765 5339 βασιλεῖς
788 5269 845 5336 ἐξ
874 5270 1038 5325 αὐτοῦ
1096 5269 1328 5325 ἔσονται.
1378 5271 1486 5324 Καὶ
1535 5272 1731 5329 ἔπεσεν

169 5359 428 5431 Ἀϐραὰμ
486 5360 581 5413 ἐπὶ
640 5362 955 5432 πρόσωπον,
1012 5361 1107 5416 καὶ
1155 5357 1313 5417 εἶπεν
1340 5362 1397 5416 ἐν
1418 5364 1483 5434 τῇ
1526 5362 1733 5441 διανοίᾳ

149 5451 328 5505 αὐτοῦ
348 5452 521 5520 λέγων
547 5470 559 5481 ·
579 5452 642 5505 Ei
671 5452 748 5524 τῷ
773 5454 1168 5521 ἑκατονταετεῖ,
1202 5458 1295 5513 καὶ
1324 5457 1510 5530 Σάρρα
1541 5462 1731 5531 ἐνενή-

148 5560 329 5598 κοντα
370 5544 506 5598 ἐτῶν
539 5541 673 5599 οὖσα
724 5542 1135 5614 τέξεται;Εἷπε
1166 5549 1223 5604 δὲ
1276 5551 1527 5625 Ἀϐραὰμ
1590 5557 1727 5627 πρὸς

141 5633 250 5687 τὸν
283 5633 415 5687 Θεὸν
440 5650 455 5663 ⁸
500 5635 724 5706 Ίσμαὴλ
744 5632 902 5702 οὗτος
924 5638 1148 5709 ζήσεται
1178 5642 1417 5697 ἐναντίον
1446 5663 1560 5700 σου.
1591 5642 1726 5704 Eine

1838 5101 1996 5170 Sara,
2054 5107 2149 5164 sed
2184 5108 2352 5167 Sarra
2388 5114 2494 5169 erit
2544 5132 2742 5175 nomen
2807 5120 3006 5192 ipsius.
3040 5108 3193 5185 Hanc
3219 5143 3404 5190 autem

1835 5193 2175 5267 benedicam,
2210 5209 2264 5257 ct
2294 5204 2438 5263 dabo
2475 5207 2571 5263 tibi
2604 5224 2669 5265 ex
2694 5227 2757 5268 ea
2779 5212 2972 5284 tilium,
3004 5226 3058 5273 et
3089 5218 3403 5281 benedieam

1836 5287 2017 5356 illum,
2046 5299 2100 5348 cl
2126 5293 2233 5349 erit
2263 5294 2318 5352 in
2359 5309 2598 5370 gentem,
2629 5313 2684 5358 et
2717 5320 2874 5377 reges
2928 5324 2995 5365 ex
3044 5310 3167 5384 ipso
3217 5328 3399 5375 erunt.

1834 5379 1901 5435 Et
1952 5384 2154 5467 cecidit
2186 5386 2462 5447 Abraham
2492 5393 2658 5467 452
2686 5398 2740 5453 in
2794 5398 2991 5458 faciem
3025 5379 3208 5476 suam,
3241 5420 3295 5467 et
3323 5414 3405 5469 ait

1834 5472 1889 5529 in
1924 5463 2109 5548 mente
2132 5494 2231 5536 sua
2255 5480 2450 5541 dicens
2478 5505 2491 5541 :
2527 5486 2582 5542 Si
2620 5494 2960 5565 centenario,
2992 5497 3038 5554 si
3073 5500 3235 5558 Sarra
3258 5520 3399 5575 quo-

1830 5582 1939 5639 que
1968 5577 2337 5643 nonagenaria
2370 5582 2590 5649 pariet?
2626 5582 2769 5642 Dixit
2809 5602 2977 5658 porro
3022 5591 3295 5652 Abraham
3328 5601 3397 5655 ad

1833 5656 2001 5715 Deum
2029 5660 2263 5723 :lsmael
2294 5667 2400 5724 iste
2430 5671 2576 5728 vivat
2603 5689 2789 5733 coram
2812 5656 2895 5736 te.
2945 5680 3011 5735 Et
3045 5683 3120 5738 ait
3151 5684 3298 5743 Deus
3328 5690 3395 5745 ad

141 5726 213 5789 δὲ
261 5726 289 5777 6
321 5722 454 5787 Θεὸς
510 5728 587 5798 τῷ
630 5728 882 5802 Ἀδραάμ
913 5746 926 5761 ·
984 5732 1116 5787 Ἰδοὺ
1177 5734 1361 5807 Σάρρα
1387 5738 1420 5808 ή
1449 5742 1584 5813 γυνή
1629 5760 1725 5796 σου

142 5815 466 5845 -λε--..ι--.
502 5820 614 5845 ..:x-.
663 5822 752 5845 --.Α
780 5823 872 5845 --.Α
892 5825 989 5845 1--.
1012 5842 1024 5845 _
1044 5826 1089 5845 ξι
1122 5826 1145 5845 ι
1360 5832 1373 5845 ι
1452 5833 1477 5845 ι..
1516 5836 1552 5845 .-
1645 5840 1655 5845 -

2326 5722 2331 5723 ,
2376 5722 2395 5724 _
2442 5722 2576 5728 --.η
2606 5722 2789 5733 πη...
2822 5722 2895 5736 η.
2947 5722 3011 5735 ...
3045 5722 3120 5738 σι..
3151 5722 3298 5743 usus
3328 5722 3392 5745 au

1863 5751 2105 5808 .braham
2138 5771 2152 5807 :
2196 5758 2337 5817 Ecce
2374 5759 2540 5820 Sarra
2571 5781 2711 5824 uxor
2739 5778 2829 5827 tua
2867 5775 3042 5844 pariet
3064 5776 3159 5833 tibi
3195 5778 3392 5845 ﬁlium,

140 5815 376 5885 τέξεταί
392 5835 472 5873 σοι
502 5820 635 5889 υἱὸν,
663 5822 757 5877 καὶ
780 5823 1025 5890 καλέσεις
1042 5826 1101 5880 τὸ
1120 5826 1290 5899 ὄνομα
1313 5832 1479 5888 αὐτοῦ
1516 5836 1719 5897 Ἰσαάκ.

1830 5852 1883 5900 et
1912 5848 2135 5905 vocabis
2167 5868 2366 5912 nomen
2397 5856 2517 5928 ejus
2548 5858 2719 5917 Isaac.
2756 5862 2820 5918 Et
2866 5873 3103 5924 statuam
3167 5880 3389 5939 pactum
