4014 6302
504 359 641 429 1415

1667 366 1729 427 S.
1762 364 2079 429 IOANNIS
2109 368 2541 435 DAMASCENI

3613 364 3749 441 1416

572 480 639 539 ll
698 479 839 537 Petr.
893 497 952 546 ιι,
989 481 1040 537 5.
1070 510 1137 520 —
1167 497 1185 531 ι
1223 477 1384 535 Novit
1437 480 1581 536 Deus
1639 481 1759 552 pios
1781 481 1849 537 de
1894 494 2068 539 tenta-

2259 508 2276 540 ι
2318 488 2438 544 Οἵδε
2476 488 2679 563 Κύριος
2704 489 2949 557 εὐσεϐεῖς
2977 490 3041 547 ἐκ
3075 490 3392 567 πειρασμοῦ
3430 490 3672 565 ῥύεσθαι.
3723 514 3743 547 ι

503 576 652 629 tione
681 575 916 645 eripere.
951 592 971 626 ιι

574 665 813 738 Didymi.
838 665 1060 723 --Justi
1081 682 1304 738 quoque
1338 666 1393 722 in
1437 668 1641 725 multas
1674 668 2071 726 tribulationes

503 761 767 817 incidunt.
794 759 989 815 Verum
1017 776 1077 817 ea
1097 760 1303 833 ﬂagella
1327 776 1432 817 non
1456 768 1585 817 sunt
1617 780 1632 817 :
1656 762 1783 832 quia
1813 778 1922 817 non
1942 778 2075 834 pro-

503 865 622 925 pter
658 865 881 925 peccata
916 856 1036 909 illas
1066 854 1278 917 tolerat,
1325 855 1417 926 qui
1456 855 1636 910 virtuti
1668 856 1759 910 dat
1824 870 2070 926 operam.

502 947 669 1021 (‘55
696 945 831 1021 Tl'l‘.
888 946 1169 1021 XXIX.-—_
1190 945 1464 1021 Dejustis
1496 946 1676 1021 :quod
1709 948 1944 1016 pretiosa
1996 956 2073 1002 est

751 1020 803 1073 in
830 1028 1107 1089 conspectu
1138 1017 1348 1073 Domini
1380 1035 1520 1072 mors
1554 1018 1821 1087 ipsorum.

576 1110 912 1178 Num.xxtu,
938 1109 1089 1165 10....
1120 1128 1138 1160 ι
1160 1107 1421 1165 Moriatur
1446 1108 1627 1164 anima
1647 1122 1765 1164 mea
1798 1106 1854 1164 in
1887 1108 2073 1165 taber-

504 1203 717 1260 naculis
758 1204 1060 1275 justorum.
1104 1222 1125 1254 ι

577 1298 723 1354 Psal.
754 1313 876 1361 cxv,
929 1297 981 1353 5.
1004 1328 1073 1338 --
1104 1317 1121 1349 ι
1152 1296 1398 1353 Pretiosa
1440 1295 1499 1352 in
1524 1303 1822 1367 conspectu
1854 1294 2071 1353 Domini

502 1408 654 1449 mors
680 1404 998 1449 sanctorum
1033 1393 1174 1461 ejus.
1216 1410 1236 1444 ι

565 1485 724 1543 Prov.
753 1504 808 1553 ι,
830 1487 884 1542 7.
913 1518 983 1527 —
1011 1505 1029 1539 ι
1079 1486 1336 1543 Memoria
1370 1486 1508 1557 justi
1548 1502 1673 1543 cum
1725 1486 2005 1543 laudibus.
2046 1508 2066 1541 ι

574 1579 733 1640 Prov.
763 1597 839 1644 rt,
867 1580 953 1636 IO.
977 1612 1042 1624 -—
1078 1600 1097 1633 ι
1130 1580 1188 1636 ln
1213 1581 1531 1637 laudatione
1540 1580 1682 1653 justi
1703 1580 2070 1638 delectabun-

502 1682 591 1731 tur
622 1675 827 1746 populi.
853 1693 874 1728 ι

558 1767 674 1824 Isa.
730 1784 860 1837 Lvn,
895 1766 949 1824 2.
990 1796 1062 1810 —-
1095 1786 1115 1821 ι
1147 1769 1190 1822 Α
1219 1767 1361 1824 facie
1416 1767 1612 1838 injusti
1673 1766 1932 1824 sublatus
1984 1774 2072 1824 est

499 1863 722 1935 justus;
757 1872 812 1918 et
839 1862 949 1917 erit
983 1861 1037 1915 in
1068 1876 1204 1932 pace
1232 1861 1513 1931 sepultura
1550 1862 1692 1932 ejus.
1722 1880 1740 1913 ι

557 1956 749 2028 Cyrill.
791 1956 885 2012 lib.
917 1970 969 2011 vt
1001 1965 1172 2011 contr.
1218 1953 1335 2011 Jul.
1385 1985 1457 1996 —-
1498 1953 1822 2010 Sanctorum
1875 1953 2083 2010 loculos

502 2054 865 2121 bonoramus,
934 2067 997 2108 ac
1048 2052 1201 2108 velut
1250 2051 1306 2108 in
1338 2051 1786 2123 praeclarissima:
1847 2050 2078 2109 virtutis

501 2144 1293 2219 ipsorum,magnitudinisque
1322 2145 1489 2201 animi
1522 2145 1810 2215 praemium
1840 2153 1897 2200 et
1926 2158 2077 2200 mer-

499 2239 715 2306 cedem,
825 2253 1108 2310 nunquam
1190 2237 1658 2294 intermorientem
1758 2235 2083 2292 memoriam

502 2332 639 2403 ipsis
673 2330 1049 2403 rependimus.
1089 2328 1251 2387 Viros
1276 2339 1501 2387 sanctos
1520 2328 1617 2399 qui
1668 2327 1826 2383 iidem
1881 2341 2073 2383 serva-

501 2434 632 2481 runt
660 2426 1015 2490 bonoramus,
1068 2431 1123 2479 et
1158 2438 1255 2479 eos
1288 2422 1385 2494 qui
1440 2419 1786 2477 fortitudinis
1824 2417 2069 2487 dotibus,

502 2518 649 2574 velut
678 2517 900 2575 coronis
935 2515 1269 2587 quibusdam
1301 2513 1553 2571 redemiti
1585 2523 1740 2581 sunt,
1764 2513 1971 2586 quique
2001 2510 2072 2569 ad

498 2622 806 2668 extremum
859 2626 1034 2682 usque
1068 2609 1328 2682 spiritum
1359 2618 1414 2665 et
1449 2606 1770 2679 sanguinem
1838 2604 2072 2661 dimica-

498 2714 664 2772 runt,
699 2713 754 2761 et
808 2704 1013 2761 Christi
1051 2702 1237 2775 gloriae
1270 2701 1644 2760 testimonium
1680 2698 2059 2765 reddiderunt,

2252 672 2361 727 Καὶ
2405 671 2603 726 δίκαιοι
2671 673 2889 740 πολλοῖς
2944 677 3357 749 περιστατικοῖς
3390 676 3749 749 περιπίπτου-

2173 777 2292 816 σιν·
2362 763 2497 817 ἁλλά
2554 763 2723 819 ταῦτα
2772 766 3037 838 μάστιγες
3086 769 3188 825 ούκ
3234 768 3412 824 είσίνο
3440 770 3504 824 τὸ
3546 769 3623 843 μὴ
3679 771 3753 826 δι’

2175 856 2450 928 ἁμαρτίας
2481 858 2772 931 ὑπομεῖναι
2801 860 2894 915 τὸν
2925 862 3235 919 σπουδαῖον.

2174 947 2355 1005 ΤΙΤΛ.
2400 948 2751 1023 ΚΘ’.-Περί
2771 950 3020 1023 δικαίων
3052 967 3067 984 ·
3097 952 3188 1007 ὅτι
3210 951 3402 1023 τίμιος
3441 953 3601 1023 παρὰ
3627 956 3755 1008 Ku-

2603 1022 2717 1091 ρίῳ
2741 1024 2774 1076 ὁ
2812 1022 3066 1090 θάνατος
3092 1022 3309 1080 αὐτῶν.

2248 1129 2267 1164 ι
2303 1112 2586 1169 ’Δποθάνοι
2621 1115 2656 1186 ή
2689 1114 2836 1188 ψυχή
2889 1131 2993 1187 μου
3036 1117 3093 1172 ἐν
3127 1117 3352 1189 σκηναῖς
3408 1115 3653 1172 δικαίων.
3687 1135 3708 1169 ι

2255 1301 2476 1372 (Τίμιος
2504 1301 2741 1356 ἐναντίον
2770 1301 2979 1374 Κυρίου
3006 1302 3035 1356 6
3056 1300 3285 1367 θάνατος
3308 1301 3421 1357 τῶν
3447 1302 3612 1357 ὁσίων
3646 1305 3762 1361 αύ-

2171 1411 2291 1449 του.
2326 1412 2346 1447 ι

2250 1509 2269 1541 ι
2303 1490 2512 1562 Μνήμη
2542 1488 2767 1545 δικαίων
2797 1490 2916 1561 μετ’
2949 1490 3266 1563 ἐγκωμίων.

2252 1602 2271 1636 ι
2311 1581 2826 1655 Ἐγκωμιαζομὲνου
2852 1581 3089 1651 δικαίου,
3114 1582 3586 1657 εὐφρανθήσονται
3628 1581 3758 1637 λαοὶ

2173 1676 2380 1730 πολλοί.
2406 1696 2427 1729 ι

2253 1789 2271 1821 ι
2306 1769 2440 1823 Ἀπὸ
2470 1768 2765 1841 προσώπου
2793 1767 3109 1835 ἀδικοῦντος
3147 1763 3317 1844 ἦρται
3342 1772 3371 1824 6
3400 1769 3631 1837 δίκαιος,
3652 1768 3757 1825 καὶ

2104 1857 2152 1921 Β
2178 1860 2329 1915 ἔσται
2352 1862 2409 1915 ἐν
2440 1862 2630 1934 εἰρήνῃ
2659 1863 2694 1935 ή
2728 1863 2875 1935 ταφὴ
2894 1860 3080 1920 αὐτοῦ.
3112 1882 3130 1916 ι

2250 1953 2513 2026 Τιμῶμεν
2562 1959 2664 2020 τὰς
2720 1955 2833 2010 τῶν
2884 1955 3060 2027 ἀγίων
3120 1956 3315 2029 θήκας,
3359 1956 3456 2011 καὶ
3484 1956 3587 2026 τῆς
3608 1955 3762 2012 οὕτω

2177 2048 2436 2123 λαμπρᾶς
2463 2047 2641 2103 αὐτῶν
2664 2048 3004 2121 εύανδρείας,
3034 2050 3287 2125 καθάπερ
3304 2050 3363 2104 ιν
3389 2050 3539 2118 τάξει
3568 2050 3762 2125 γερῶν

2178 2140 2274 2197 καὶ
2307 2142 2674 2215 ἀντιμισθίας,
2722 2142 2824 2214 τὴν
2865 2143 3179 2215 ἀμάραντον
3233 2143 3423 2206 αὐτοῖς
3458 2142 3762 2198 κατατιθέ-

2182 2250 2333 2306 μενοι
2367 2234 2609 2307 μνήμην.
2648 2233 2913 2307 Τιμῶμεν
2971 2234 3171 2308 ἀνδρας
3230 2234 3425 2306 ἁγίους
3475 2234 3764 2307 τιμῶντας

2177 2326 2276 2399 τὴν
2308 2325 2512 2395 πίστιν,
2545 2326 2642 2381 καὶ
2673 2330 2786 2392 τοῖς
2816 2327 2918 2397 τῆς
2966 2326 3285 2401 εὐανδρείας
3342 2326 3657 2400 αὐχήμασιν
3692 2320 3761 2381 εὗ

2184 2418 2330 2492 μάλα
2391 2418 2867 2491 κατεστεμμένους
2910 2417 3355 2491 ἀγωνισαμένους
3376 2433 3434 2472 τε
3462 2417 3625 2490 μέχρι
3654 2416 3765 2487 ψυ-

2176 2510 2275 2583 χῆς
2304 2510 2398 2565 καὶ
2452 2510 2704 2584 αἵματος,
2736 2509 2832 2566 καὶ
2895 2511 3355 2584 μαρτυρήσαντας
3383 2512 3449 2583 τῇ
3470 2510 3611 2584 ’δόξῃ
3652 2510 3763 2565 τοῦ

2176 2603 2440 2677 Χριστοῦ,
2503 2603 2597 2658 καὶ
2657 2605 2770 2671 τοῖς
2798 2602 2896 2675 τῆς
2938 2602 3221 2668 εὐσεϐείας
3266 2602 3763 2677 ἀνδραγαθήμασιν

2170 2696 2750 2770 ἐκλαμπρυνομένους.

499 2816 769 2873 suumque
794 2814 990 2856 nomen
1031 2798 1309 2870 praeclaris
1356 2812 1457 2869 pro
1525 2796 1727 2868 pietate
1778 2794 2117 2853 facinoribus
2170 2794 2540 2851 illustrarunt.

565 2895 628 2952 S.
657 2891 826 2950 Basil.
856 2892 909 2946 in
934 2890 1085 2946 Psal.
1107 2906 1255 2946 xxix.
1288 2919 1357 2931 ——
1380 2888 1483 2956 Qui
1515 2887 1774 2961 martyris
1797 2902 1924 2945 ossa
1950 2898 2074 2942 tan~

498 2995 599 3067 git,
633 2994 679 3048 is
697 3008 763 3048 ex
793 3006 857 3046 ea
887 3004 1007 3061 qua:
1036 2986 1254 3057 corpori
1288 2984 1491 3042 insidet
1521 2984 1718 3055 gratia,
1751 2982 2067 3039 sanctitatis

498 3086 788 3159 cujusdam
820 3082 1098 3155 particeps
1128 3078 1390 3135 redditur.
1426 3077 1669 3133 Pretiosa
1693 3089 1767 3133 est
1800 3077 1984 3148 itaque
2016 3076 2070 3129 in

2254 2911 2314 2966 '0
2347 2911 2623 2983 ἁψάμενος
2685 2911 2886 2965 ὀστέων
2947 2911 3246 2984 μάρτυρος,
3303 2910 3568 2984 λαμϐάνει
3626 2914 3764 2970 τινά

2181 3003 2469 3076 μετουσίαν
2508 3002 2780 3075 ἁγιασμοῦ
2808 3006 2871 3057 ὲκ
2904 3003 3004 3075 τῆς
3039 3002 3117 3074 τῷ
3145 3001 3361 3075 σώματι
3382 3004 3758 3077 παρεδρευού-

2178 3112 2278 3166 σης
2329 3096 2569 3167 χάριτος.
2620 3096 2814 3166 Τίμιος
2875 3090 2969 3149 οὖν
3000 3094 3281 3150 ἐναντίον
3316 3095 3539 3167 Κυρίου
3578 3098 3613 3151 d
3644 3096 3761 3153 θάρ

497 3187 775 3249 conspectu
795 3175 1005 3232 Domini
1029 3189 1171 3229 mors
1192 3180 1496 3227 sanctorum
1519 3170 1630 3241 ejus
1650 3170 1822 3242 (Paul.
1840 3184 1965 3235 ειν,
1992 3168 2067 3234 5).

2192 3206 2356 3256 ματος
2383 3188 2504 3245 τῶν
2536 3189 2722 3245 ὁσίων
2743 3188 2952 3244 αὑτοῦ.

498 3293 633 3349 ΤΙΤ.
653 3290 820 3348 XXX.
849 3289 1017 3344 —De
1038 3278 1344 3344 discrimine
1375 3284 1467 3341 Dei
1493 3296 1541 3341 et
1560 3286 1869 3349 hominum;
1897 3280 2068 3354 quod-

563 3381 665 3434 que
720 3364 947 3434 multum
977 3361 1189 3415 interest
1231 3366 1468 3428 portatus
1512 3356 1707 3429 aliquis
1758 3357 1814 3410 iu
1878 3354 2067 3420 Deum,

566 3433 635 3491 un
667 3436 721 3491 in
750 3433 1006 3488 homines.

570 3556 597 3612 1
615 3556 738 3629 Reg.
757 3572 818 3622 ιι,
833 3553 1095 3609 22-2ῑὶμ-
1117 3571 1135 3604 ι
1154 3551 1273 3608 Heli
1298 3559 1478 3607 autem
1503 3564 1668 3607 senex
1686 3557 1804 3605 erat
1825 3548 2003 3612 valde,
2022 3553 2077 3603 ct

500 3648 714 3705 audivit
771 3660 894 3717 qua;
931 3645 1174 3701 facerent
1202 3641 1405 3698 liiiisui
1441 3641 1566 3699 ﬁliis
1614 3639 1803 3707 Israel,
1829 3648 1884 3695 et
1938 3638 2076 3695 dixit

498 3745 620 3801 eis:
654 3740 834 3810 Quare
880 3737 1062 3795 facitis
1120 3735 1422 3793 secundum
1498 3732 1722 3790 verbum
1766 3733 1894 3796 hoc,
1929 3730 2074 3802 quod
2110 3740 2113 3743 ‘

497 3850 601 3906 ego
639 3834 803 3890 audio
862 3847 929 3889 ex
963 3845 1057 3887 ore
1114 3828 1295 3885 omnis
1328 3826 1513 3899 populi
1561 3824 1816 3882 Domini?
1863 3822 2071 3895 Nequa-
2105 3819 2113 3828 '

498 3944 689 4001 quam,
722 3927 815 3982 ﬁlii
855 3925 1024 3997 :quia
1072 3938 1182 3979 non
1223 3930 1308 3979 est
1333 3922 1513 3977 bonus
1543 3934 1734 3975 rumor
1769 3934 1929 3989 quem
1970 3931 2070 3989 ego

498 4019 687 4085 audio,
719 4016 867 4089 quod
908 4031 1015 4071 non
1051 4014 1253 4071 serviat
1278 4012 1515 4084 populus
1534 4010 1663 4066 Deo.
1700 4007 1756 4065 Si
1780 4009 2059 4081 peccando

499 4112 811 4186 peccaverit
864 4111 949 4166 vir
998 4111 1053 4165 in
1105 4110 1307 4175 virum,
1353 4115 1409 4164 et
1458 4105 1904 4178 deprecabuntur
1970 4118 2069 4175 pro

500 4207 621 4277 ipso
683 4204 750 4259 ad
788 4202 1001 4259 Deum:
1039 4198 1125 4255 sin
1168 4208 1354 4255 autem
1420 4195 1655 4251 Domino
1728 4192 2070 4266 peccaverit,

498 4297 624 4370 quis
649 4296 829 4353 orabit
848 4310 950 4368 pro
984 4292 1119 4350 illo?
1157 4311 1178 4345 ι

570 4386 689 4443 Ira.
720 4403 808 4451 ιν,
852 4385 969 4442 6-9.
1001 4415 1073 4428 --
1107 4402 1129 4437 ι
1160 4382 1397 4451 Quaerite
1435 4381 1627 4447 Deum,
1657 4388 1711 4437 et
1761 4393 1885 4437 cum
1917 4378 2072 4435 inve-
2098 4388 2099 4391 ‘

496 4480 692 4537 ueritis
720 4495 868 4546 eum,
906 4480 1175 4533 invocate.
1202 4468 1503 4549 Postquam
1546 4486 1728 4531 autem
1767 4471 2069 4544 appropin-

2178 3282 2357 3336 TITA.
2378 3282 2456 3353 A’.
2477 3311 2548 3323 --
2579 3281 2716 3351 Περὶ
2741 3279 3031 3351 διαφορᾶς
3063 3281 3210 3338 Θεοῦ
3248 3281 3348 3338 καί
3388 3282 3760 3353 ἀνθρώπιν’

2251 3353 2347 3406 καί
2371 3352 2460 3407 ὅτι
2484 3352 2643 3423 πολὺ
2673 3353 2739 3407 τὸ
2753 3353 2950 3423 μέσον
2972 3353 3120 3408 Θεοῦ
3145 3357 3242 3411 καὶ
3281 3352 3627 3423 ἀνθρώπων,
3649 3356 3760 3411 καί

3414 3426 3759 3495 νθρώπους.

2248 3556 2267 3591 ι
2307 3536 2426 3592 Ἠλὶ
2450 3536 2821 3609 πρεσϐύτερος
2839 3538 3066 3611 σφόδρα·
3098 3538 3198 3595 καὶ
3216 3540 3453 3614 ήκουσεν
3475 3540 3512 3595 ἃ
3530 3538 3762 3595 ἐποίουν

2174 3631 2223 3684 oi
2252 3629 2360 3683 υἱοὶ
2385 3627 2573 3697 αὑτοῦ,
2600 3633 2714 3695 τοῖς
2732 3631 2870 3697 υίοῖς
2903 3630 3160 3706 Ἰσραήλο
3200 3632 3295 3687 καὶ
3328 3627 3483 3686 εἶπεν
3537 3634 3759 3698 αὐτοῖς’

2178 3723 2299 3779 Ἵνα
2317 3722 2370 3778 τί
2394 3727 2602 3779 ποιεῖτε
2644 3723 2789 3779 κατά
2813 3724 2875 3779 τὸ
2904 3726 3054 3798 ῥῆμα
3082 3725 3261 3792 τοῦτο,
3287 3725 3316 3780 6
3349 3726 3460 3797 ἐγὼ
3481 3726 3665 3782 ἀκούω
3686 3730 3761 3784 ὲκ

2244 3423 2351 3479 τοῦ
2383 3421 2851 3494 ἁμαρτάνειν-ἐίς
2884 3424 3056 3492 Θεὸν,
3104 3426 3206 3482 καί
3250 3427 3338 3492 είς

2174 3814 2442 3888 στόματος
2460 3815 2663 3881 παντὸς
2690 3815 2786 3872 τοῦ
2831 3816 2964 3872 λαοῦ
2991 3818 3201 3893 Κυρίου
3238 3835 3254 3887 ;
3284 3820 3397 3892 Μὴ,
3432 3820 3604 3875 τέκνα
3626 3836 3640 3850 ⁸
3664 3821 3759 3875 ὅτι

2171 3909 2271 3963 οὐκ
2300 3908 2478 3982 ἀγαθὴ
2509 3910 2541 3981 ἡ
2572 3909 2733 3982 ἀκοή,
2754 3909 2821 3983 ἢν
2859 3908 2971 3981 ἐγὼ
2990 3910 3194 3981 ἀκούω,
3231 3911 3326 3968 τοῦ
3356 3911 3430 3984 μή
3464 3912 3757 3969 δουλεύειν

2171 4001 2300 4057 λαὸν
2328 4000 2464 4074 Θεῷ.
2512 4002 2636 4057 Ἐἀν
2675 4000 3004 4076 ἁμαρτάνων
3036 4002 3333 4079 ἁμαρτήσῃ
3360 4003 3502 4077 ἀνὴρ
3534 4007 3619 4071 είς
3645 4006 3756 4061 ἄν.

2169 4093 2293 4165 δρα,
2321 4092 2418 4145 καὶ
2449 4092 2802 4165 προσεύξεται
2832 4092 2959 4165 περὶ
2985 4091 3150 4149 αὐτοῦ
3175 4092 3313 4167 πρὸς
3368 4094 3575 4169 Κύριον
3614 4115 3627 4129 ·
3648 4098 3760 4154 ἐὰν

2169 4190 2229 4245 δὲ
2252 4189 2330 4264 τῷ
2352 4191 2544 4264 Κυρίῳ
2595 4190 2916 4265 ἁμαρτήσῃ,
2944 4190 3030 4257 τίς
3062 4190 3427 4266 προσεύξεται
3482 4195 3619 4269 περὶ
3643 4196 3755 4251 :6-

2168 4300 2305 4352 τους
2340 4304 2360 4338 ι

2246 4398 2265 4431 ι
2305 4378 2585 4451 Ζητήσατε
2613 4380 2704 4435 τὸν
2725 4380 2877 4451 Θεὸν,
2929 4382 3023 4439 καὶ⁵
3068 4381 3127 4438 ὲν
3148 4381 3225 4456 τῷ
3250 4382 3527 4458 εὑρίσκειν
3551 4370 3753 4454 αὑτὸν,

2169 4472 2589 4529 ἒπικαλέσασθε.
2635 4474 2829 4532 Ἠνίκα
2851 4476 2897 4531 δ’
2937 4476 3003 4532 ἂν
3060 4477 3254 4551 ἑγγίζῃ
3303 4478 3465 4551 ὑμῖν,
3517 4480 3757 4536 ἀπολιτ-

498 4571 748 4643 quaverit
772 4570 953 4634 vobis,
990 4569 1266 4639 relinquat
1316 4569 1525 4638 impius
1556 4568 1679 4625 vias
1707 4582 1857 4633 suas,
1897 4574 1951 4621 et
1983 4564 2065 4619 vir

2192 4568 2591 4639 τέτωὸἀσεὸὴς
2626 4570 2725 4636 τὰς
2768 4570 2923 4637 ὁδοὺς
2959 4569 3148 4637 αὑτοῦ,
3204 4570 3301 4627 καὶ
3344 4572 3485 4646 ἀνὴρ
3541 4572 3757 4645 ἄνομος

496 4665 728 4736 iniquus
761 4664 993 4720 consilia
1028 4677 1151 4729 sua,
1168 4670 1224 4720 et
1260 4671 1614 4719 convertatur
1651 4662 1715 4719 ad
1752 4661 2042 4717 Domitium

496 4770 551 4816 et
583 4752 1021 4825 misericordiam
1041 4767 1433 4829 consequetur,
1460 4758 1590 4829 quia
1626 4758 1858 4813 multum
1889 4755 2068 4811 drmit-

498 4862 573 4909 tet
601 4860 825 4923 peccata
860 4858 1062 4907 vestra.
1112 4849 1301 4921 Neque
1329 4850 1473 4907 enim
1502 4858 1630 4905 sunt
1678 4851 1822 4906 sicut
1850 4850 1953 4905 viae
1978 4863 2063 4906 ve-

498 4954 631 5001 strae
656 4960 757 5000 me
796 4960 949 5010 meae,
978 4944 1117 4999 dicit
1140 4943 1427 5000 Dominus.
1456 4943 1563 4999 Sed
1583 4952 1846 5015 quantum
1887 4943 2061 4998 distat

495 5039 697 5093 cmlum
722 5053 750 5092 a
779 5047 946 5103 terra,
976 5045 1187 5094 tantum
1237 5036 1409 5092 distat
1450 5038 1532 5091 via
1600 5052 1722 5092 mea
1763 5052 1792 5090 a
1830 5037 1933 5091 viis
1974 5051 2067 5091 ve-

496 5132 651 5197 stris,
678 5141 730 5186 et
758 5132 1125 5202 cogitationes
1149 5147 1281 5187 mea:
1304 5146 1333 5186 a
1353 5130 1783 5203 cogitationibus
1801 5130 2020 5187 vestris.
2038 5148 2057 5183 ι

557 5223 792 5278 Tantum
853 5225 998 5279 inter
1055 5222 1227 5277 Deum
1283 5233 1339 5278 et.
1392 5221 1671 5278 hominem
1707 5222 2059 5277 intervallum

495 5322 581 5369 est
634 5324 895 5385 quantum
929 5314 1079 5369 nulla
1120 5312 1371 5371 oratione
1394 5313 1629 5385 exprimi
1658 5322 1843 5385 queat.

1094 5469 1409 5558 unum
1437 5470 1503 5525 ιε.

496 5609 631 5666 ἸΙΤ.
669 5610 709 5665 1.
746 5610 816 5665 οε
847 5609 1111 5665 mandatis
1164 5609 1279 5677 Dei,
1311 5621 1359 5667 et
1393 5612 1458 5665 iis
1488 5612 1577 5681 qui
1608 5626 1671 5665 ea
1715 5612 2063 5669 custodiunt.

565 5768 741 5826 Exod.
772 5786 883 5838 ιιι,
915 5771 969 5825 5.
992 5773 1043 5825 6.
1086 5802 1151 5813 -
1192 5790 1211 5823 ι
1241 5770 1385 5828 Dixit
1434 5770 1695 5829 Dominus
1725 5790 1742 5831 :
1782 5772 1837 5828 Si
1869 5774 2057 5829 auditu

498 5862 781 5921 audieritis
834 5878 1025 5922 vocem
1082 5881 1290 5932 nteant,
1340 5878 1393 5924 et
1426 5867 1803 5925 custodieritis
1833 5876 2055 5938 pactum

2177 4663 2276 4725 τάς
2298 4662 2492 4733 βουλὰς
2512 4662 2677 4718 αὐτοῦ
2697 4682 2710 4695 ·
2743 4665 2836 4718 καὶ
2867 4665 3255 4738 ἑπιστραφήτω
3277 4666 3371 4721 ἐπὶ
3395 4665 3624 4740 Κύριον,
3652 4670 3758 4722 καὶ

2176 4754 2547 4829 ὲλεηθήσεται,
2595 4755 2676 4811 ὅτι
2734 4756 2827 4811 ἐπὶ
2874 4756 3007 4812 πολὺ
3063 4756 3267 4829 ἀφήσει
3320 4757 3421 4825 τὰς
3461 4760 3756 4831 ἁμαρτίας

2178 4847 2352 4918 ὑμῶν.
2376 4849 2510 4903 Οὐδὲ
2540 4848 2728 4921 ὥσπερ
2752 4851 2807 4905 αἱ
2835 4849 2943 4904 ὁδοὶ
2970 4848 3146 4921 ὑμῶν,
3176 4851 3233 4905 al
3267 4851 3374 4905 ὁδοί
3421 4867 3524 4921 μου
3543 4895 3560 4917 ,
3595 4851 3755 4921 λέγει

2177 4939 2402 5013 Κύριος.
2449 4940 2589 4995 Ἀλλ’
2613 4944 2736 4997 ὅσον
2776 4944 2968 5014 ἀπέχει
2997 4946 3025 4998 6
3052 4944 3282 5017 οὐρανὸς
3320 4944 3427 4999 ἀπὸ
3457 4931 3558 5016 τῆς
3616 4944 3751 5017 γῆς.

2174 5033 2349 5100 οὕτως
2403 5036 2597 5107 ἀπέχει
2626 5037 2794 5108 ὴὸδός
2826 5055 2928 5108 μου
2981 5038 3090 5093 ἀπὸ
3136 5038 3244 5092 τῶν
3272 5038 3405 5095 ὁδῶν
3435 5037 3618 5107 ὑμῶν,
3653 5041 3751 5093 καὶ

2171 5130 2240 5184 τὰ
2266 5130 2602 5203 διανοήματα
2630 5130 2784 5202 ὑμῶν
2807 5130 2915 5184 ἀπὸ
2940 5130 3036 5200 τῆς
3059 5130 3298 5193 διανοίας
3332 5147 3453 5202 μου.

2240 5222 2507 5279 Τοσοῦτον
2536 5224 2598 5278 τὸ
2630 5223 2795 5295 μέσον
2846 5223 2980 5279 Θεοῦ
3013 5224 3107 5279 καὶ
3134 5222 3444 5296 ἀνθρώπου,
3465 5224 3594 5279 ὅσον
3621 5224 3749 5280 οὐδὲ

2170 5317 2200 5370 6
2231 5314 2389 5385 λόγος
2415 5319 2762 5390 παραστῆσαι
2792 5317 3102 5384 δυνήσεται.

2715 5478 2759 5530 Σ
2769 5475 3109 5531 ΤΟΙΧΕΙΟΝ
3130 5476 3193 5531 Ε.

2170 5613 2455 5667 ΤΙΤΛ.]ν.
2497 5611 2729 5681 -οΙΙερὶ
2777 5610 3042 5667 ἐντολῶν
3103 5611 3271 5684 Θεοῦ,
3307 5613 3405 5666 καί
3460 5610 3579 5667 τῶν
3637 5630 3743 5684 grv-

2643 5680 2984 5739 λαττόντων
3006 5680 3212 5753 αὐτάς.

2254 5794 2273 5828 ι
2311 5770 2445 5829 Εἶπε
2477 5774 2718 5847 Κύριος’
2755 5776 2880 5831 Ἐὰν
2911 5776 3048 5848 ἀκοῇ
3096 5774 3366 5847 ἀκούσητε
3410 5776 3509 5847 τῆς
3547 5777 3739 5847 φωνῆς

2170 5870 2399 5945 Κυρίου,
2426 5870 2516 5925 καὶ
2583 5869 2914 5946 φυλάξησθε,
2940 5869 3039 5943 τὴν
3093 5868 3357 5945 διαθήκην
3386 5889 3517 5945 μου,
3542 5871 3740 5930 ἔσεσθέ
