4014 6302
320 317 454 385 1417

1577 320 1818 388 SACRA
1854 318 2199 382 PARALLE
2209 317 2300 378 LA

3449 318 3588 387 1418

319 451 410 506 μοι
463 431 589 496 λιδς
633 429 948 506 περιδύοιος
984 429 1096 485 ἀπὸ
1155 430 1376 485 πάντων
1400 428 1510 485 τῶν
1530 431 1724 489 ἐθνῶν.
1754 435 1888 504 Ἐμι

2004 447 2211 498 meum,
2247 429 2404 487 eritis
2441 429 2579 486 mibi
2611 429 2849 503 p0pulns
2881 431 3185 504 peculiaris
3229 448 3292 490 ex
3323 436 3585 491 omnibus

311 528 420 598 γάρ
457 528 578 580 ἐστι
607 526 759 580 πᾶσα
781 524 817 596 ἡ
837 525 912 597 γῆ
943 536 959 554 ⁸
990 521 1151 597 ὑμεῖς
1179 522 1238 576 δὲ
1257 521 1452 577 ἔσεσθέ
1488 538 1581 594 μοι
1618 521 1897 593 βασίλειον

310 621 631 692 ίεράτευμα,
664 617 762 672 καὶ
785 617 941 681 ιθνος
975 615 1153 687 ἀγιον.
1192 633 1214 668 ι

378 729 400 763 ι
448 711 576 766 Ἐὰν
607 710 746 782 ἀκοῇ
791 708 1007 782 ἀκούσῃ
1032 707 1133 778 τῆς
1173 706 1362 779 φωνῆς
1392 723 1521 778 μου,
1581 706 1678 763 καὶ
1732 706 1898 780 ποιή-

309 820 411 876 σῃς
438 804 617 857 πάντα
644 801 746 858 ὅσα
772 800 840 857 ἂν
869 801 1012 855 εἴπω
1043 817 1127 854 σοι
1151 837 1167 866 ,
1198 797 1482 872 ἐχθρεύσω
1509 801 1626 863 τοῖς
1676 798 1896 872 ἐχθροῖς

310 912 429 964 σου,
458 894 556 949 καὶ
573 893 959 965 ἀντικείσομαι
978 894 1093 957 τοῖς
1113 891 1544 964 ἀντικειμένοις.
1585 910 1609 947 ο

383 1098 405 1134 ι
449 1080 577 1137 Ἐἀν
613 1079 673 1136 ἑν
701 1081 816 1146 τοῖς
849 1075 1243 1154 προστάγμασι
1284 1094 1391 1149 μου
1433 1075 1767 1152 πορεύησθε,
1800 1078 1897 1132 καὶ

304 1174 408 1242 τὰς
464 1173 691 1241 cyma;
727 1191 834 1245 μου
888 1172 1264 1247 φυλάσσησθε,
1303 1171 1400 1226 καὶ
1429 1173 1697 1245 ποιήσητε
1729 1172 1893 1238 αὐτὰ,

307 1268 468 1325 δώσω
489 1269 583 1325 τὸν
612 1268 773 1325 ὑετόν
806 1285 913 1340 μου
942 1268 1000 1322 ὲν
1027 1266 1209 1342 καιρῷ
1245 1265 1412 1321 αὐτοῦ
1442 1267 1607 1338 ὑμῖν,
1638 1267 1734 1321 καὶ
1759 1265 1794 1336 ἠ
1819 1265 1895 1338 γῆ

304 1362 470 1417 δώσει
503 1361 574 1417 τά
610 1362 931 1434 γεννήματα
947 1359 1144 1432 αὐτῆς,
1179 1360 1274 1414 καὶ
1304 1359 1376 1414 τὰ
1397 1359 1532 1428 ξύλα
1561 1358 1671 1414 τῶν
1694 1358 1894 1414 πεδίων

305 1454 580 1509 ἀποδώσει
599 1455 690 1510 τὸν
706 1453 922 1526 καρπὸν
934 1451 1139 1507 αὐτῶν.
1161 1451 1275 1507 Καὶ
1295 1450 1678 1523 καταλήψεται
1712 1451 1842 1524 ὑμῖν
1866 1452 1896 1506 ὁ

306 1548 537 1619 ἀλοητδς
565 1546 658 1602 τὸν
686 1545 915 1622 σπόρον,
943 1546 1042 1602 καὶ
1066 1545 1310 1617 φάγεσθε
1334 1545 1427 1601 τὸν
1444 1545 1610 1618 ἀρτον
1630 1544 1790 1617 ὑμῶν
1811 1545 1894 1609 είς

308 1641 659 1714 πλησμονὴν,
719 1639 1082 1712 κατοικήσετε
1134 1637 1276 1711 μετά
1302 1637 1606 1709 ἀσφαλείας
1643 1638 1738 1692 ἐπὶ
1791 1641 1894 1710 τῆς

311 1736 417 1807 γῆς
447 1735 626 1806 ὑμῶν,
689 1732 787 1787 καὶ
831 1729 1377 1804 κοιμηθήσεσθε,καὶ
1414 1730 1516 1785 οὐκ
1542 1727 1699 1784 ἔσται
1745 1729 1892 1801 ὑμᾶς

2003 522 2289 594 gentibus.
2334 520 2453 577 Hea
2485 528 2574 579 est
2620 523 2769 579 enim
2804 523 2990 582 omnis
3015 531 3186 581 terra.
3228 524 3335 584 ‘i'os
3394 537 3584 584 autent

2000 614 2159 672 erilis
2191 614 2328 670 mibi
2373 615 2560 688 regale
2593 615 2995 682 sacerdotium,
3045 626 3102 674 et
3132 633 3267 690 gens
3295 632 3516 677 sancta.
3559 643 3578 677 ι

2070 707 2247 764 Exod.
2314 724 2477 774 xxiii,
2506 709 2600 765 22.
2633 740 2702 753 --
2735 728 2752 763 ι
2783 708 2841 765 Si
2875 711 3068 768 auditu
3103 713 3347 771 audieris
3391 730 3585 773 vocem

1999 817 2200 869 meam,
2248 811 2304 859 et
2355 801 2554 860 feceris
2593 803 2783 859 omnia
2833 819 3186 878 quaecunque
3217 807 3416 865 dixero
3455 810 3584 878 tibi,

1999 893 2261 950 inimicus
2311 909 2412 952 ero
2465 894 2709 953 inimicis
2731 895 2866 965 tuis,
2903 909 2957 954 et
2986 899 3340 960 adversarius
3365 919 3463 960 ero
3489 906 3587 959 ad-

1998 985 2258 1042 versariis
2283 987 2412 1044 luis.
2446 1007 2466 1040 ›

2066 1077 2232 1151 455
2261 1077 2432 1136 Leuit.
2458 1096 2613 1149 xxvi,
2636 1082 2798 1142 342.
2817 1116 2886 1129 —-
2906 1105 2924 1140 I
2953 1087 3011 1143 Si
3041 1087 3099 1144 in
3128 1091 3417 1163 praeceptis
3444 1095 3583 1150 meis

1999 1172 2452 1242 ambulaveritis,
2494 1184 2553 1233 et
2586 1178 2847 1234 mandata
2898 1197 3018 1239 mea
3057 1185 3475 1254 custodieritis,
3526 1200 3583 1243 et

1999 1261 2245 1322 feceritis
2277 1279 2378 1334 ea,
2409 1267 2556 1325 dabo
2589 1270 2747 1327 vobis
2777 1272 2994 1343 pluvias
3023 1290 3175 1332 meas
3213 1278 3264 1332 in
3317 1280 3582 1350 tempori-

1999 1358 2101 1415 bus
2159 1360 2311 1426 suis,
2355 1370 2411 1418 et
2454 1371 2600 1417 terra
2644 1365 2797 1420 dabit
2846 1368 3095 1438 germina
3140 1384 3242 1426 sua
3270 1409 3285 1435 ,
3329 1380 3386 1427 et
3436 1372 3580 1444 ligna

1997 1467 2253 1525 agrorum
2308 1454 2540 1511 reddent
2589 1455 2828 1514 fructum
2867 1477 3051 1517 suum.
3101 1462 3169 1517 Et
3208 1466 3582 1537 approbendet

1996 1548 2153 1604 vobis
2184 1549 2384 1604 tritura
2413 1560 2757 1622 sementem,
2800 1563 2855 1612 et
2896 1557 3197 1615 comedetis
3237 1576 3434 1632 panem
3487 1579 3582 1621 ve—

1995 1649 2174 1699 strum
2210 1643 2264 1699 in
2291 1644 2611 1714 saturitate,
2647 1657 2702 1703 et
2731 1648 3057 1708 habitabilis
3087 1669 3209 1708 cum
3243 1656 3578 1723 securitate,

1996 1751 2162 1808 super
2190 1746 2394 1794 terram
2430 1752 2716 1809 vestram;
2748 1750 2804 1800 et
2833 1744 3121 1805 dormietis
3145 1790 3160 1814 ,
3212 1757 3266 1806 et
3317 1766 3427 1807 non
3472 1755 3580 1810 erit

302 1826 582 1897 ἐκφοϐῶν.
627 1825 741 1881 Καὶ
791 1823 982 1915 ἀπολῷ
1030 1823 1199 1915 θηρία
1251 1823 1466 1915 πονηρά
1520 1821 1588 1915 ἐκ
1641 1821 1755 1915 τῆς
1788 1820 1888 1915 γῆς

1998 1830 2088 1901 qui
2115 1839 2410 1889 exterreat.
2434 1831 2501 1889 Et
2528 1834 2754 1907 perdam
2781 1839 2958 1896 malas
2991 1842 3194 1900 bestias
3222 1847 3288 1900 de
3314 1855 3457 1902 terra
3488 1863 3582 1904 ve-
3645 1913 3647 1915 1

305 1919 484 1992 ὑμῶν,
514 1918 611 1974 καὶ
630 1915 927 1972 πεσοῦνται
956 1914 1031 1991 [οἱ
1061 1913 1246 1989 ἐχθροὶ
1277 1912 1454 1989 ὑμῶν]
1478 1912 1712 1970 ἐνώπιον
1736 1913 1890 1986 ὑμῶν

302 2015 475 2086 φόνῳ,
530 2011 624 2067 καὶ
675 2007 958 2077 διὼξονται
1017 2008 1172 2082 ὑμῶν
1207 2006 1370 2064 πέντε
1395 2005 1613 2075 ἑκατὸν,
1637 2005 1734 2064 καὶ
1761 2006 1890 2063 ἑκα-

300 2109 396 2162 τὸν
441 2105 594 2179 ὑμῶν
647 2101 897 2169 διώξουσι
956 2101 1185 2175 μυρίους
1216 2117 1232 2134 ο
1261 2101 1358 2156 καὶ
1391 2099 1684 2155 πεσοῦνται
1719 2102 1770 2155 oi
1798 2101 1891 2172 ιχ-

302 2200 424 2274 θροὶ
453 2199 608 2272 ὑμῶν
637 2197 871 2254 ἐνώπιον
919 2196 1075 2269 ὑμῶν
1146 2193 1412 2269 μαχαίρᾳ.
1448 2195 1560 2249 Καὶ
1581 2194 1890 2264 ,ὲπιδλὲψω

303 2293 472 2366 ὑμᾶς,
526 2292 623 2349 καὶ
662 2290 885 2364 αὖξήσω
923 2289 1088 2362 ὑμᾶς,
1150 2289 1249 2343 καὶ
1318 2288 1504 2360 στήσω
1541 2284 1644 2356 τὴν
1695 2287 1887 2361 διαθή-

302 2404 407 2460 κην
434 2403 539 2459 μου
594 2385 713 2458 μεθ’
751 2383 930 2457 ὑμῶν.
988 2382 1096 2438 Καὶ
1137 2379 1378 2454 φάγεσθε
1413 2379 1621 2438 παλαιά
1649 2382 1746 2436 καὶ
1783 2397 1890 2438 πα-

301 2476 432 2531 λαιά
468 2475 737 2545 παλαιῶν,
793 2474 888 2531 καὶ
927 2473 1137 2531 παλαιά
1173 2476 1240 2528 ἐκ
1279 2471 1574 2546 προσώπου
1623 2474 1761 2531 νέων
1796 2472 1886 2540 ἔξ-

301 2570 502 2626 οίσετε.
542 2571 651 2627 Καὶ
682 2570 836 2642 θήσω
871 2567 968 2641 τὴν
1013 2567 1282 2642 διαθήκην
1337 2584 1439 2640 μου
1494 2567 1554 2623 ιν
1584 2566 1736 2640 ὑμῖν,
1790 2568 1888 2623 καὶ

301 2662 364 2718 οὗ
400 2662 709 2735 βδελύξεται
744 2662 948 2736 ήψυχή
981 2679 1084 2736 μου
1111 2662 1280 2734 ὑμᾶς.
1314 2661 1423 2716 Καὶ
1451 2660 1889 2735 ἑμπεριπατήσω

301 2758 362 2810 ἐν
389 2757 540 2828 ὑμῖν,
559 2757 653 2811 καὶ
679 2757 872 2828 ἔσομαι
912 2755 1067 2827 ὑμῶν
1099 2754 1252 2820 Θεὸς.
1290 2773 1311 2808 ι

377 2870 399 2904 ε
434 2850 678 2923 Πρόσεχε
724 2849 958 2922 σεαυτῷ,
992 2848 1090 2905 καὶ
1119 2849 1358 2921 φύλαξον
1417 2851 1519 2923 τήν
1571 2851 1757 2926 ψυχήν
1787 2869 1885 2909 σου

303 2944 529 3020 σφόδρα.
559 2945 654 3018 Μὴ
711 2944 948 3020 ἑπιλάθῃ
999 2944 1214 3010 πάντας
1255 2945 1384 3010 τοὺς
1416 2945 1634 3017 λόγους,
1662 2945 1757 3013 ob;
1787 2947 1889 3002 ἑωο

305 3038 538 3110 ράκασιν
581 3037 854 3109 ὀφθαλμοὶ
911 3053 1034 3105 σου,
1087 3041 1182 3094 καὶ
1214 3037 1292 3113 μὴ
1311 3039 1711 3110 ἀποστήτωσαν
1775 3040 1887 3096 ἀπὸ

298 3131 400 3204 τῆς
433 3130 664 3204 καρδίας
693 3145 810 3184 σου.
835 3147 856 3182 ι

1999 1931 2150 1990 ειη,
2186 1933 2241 1981 et
2274 1924 2472 1983 cadent
2507 1943 2694 1984 coram
2742 1932 2901 1988 vobis
2944 1932 3156 1992 inimici
3211 1941 3378 1995 vestri
3427 1942 3579 1996 occi-

1999 2015 2191 2082 sione,
2240 2025 2297 2073 et
2339 2029 2742 2091 persequentur
2785 2024 3031 2096 quinque
3059 2027 3126 2082 de
3157 2030 3362 2087 vestris
3390 2044 3577 2088 cente—

1997 2124 2123 2172 nos,
2145 2117 2200 2165 et
2226 2120 2447 2168 centum
2465 2128 2532 2169 ex
2549 2115 2706 2173 vobis
2732 2131 3138 2190 persequentur
3153 2122 3340 2180 decent
3368 2128 3573 2198 millia;

1995 2211 2052 2257 et
2077 2207 2271 2262 cadent
2301 2207 2514 2264 inimici
2542 2210 2712 2266 vestri
2739 2225 2925 2268 coram
2959 2214 3118 2273 vobis
3145 2217 3347 2290 gladio.
3400 2221 3462 2277 Et
3491 2239 3578 2281 re-

1998 2297 2228 2368 spiciam
2253 2315 2372 2367 vos,
2394 2309 2449 2358 et
2468 2316 2718 2362 crescere
2749 2302 2948 2364 faciam
2974 2326 2990 2377 ;
3019 2319 3073 2367 et
3094 2319 3331 2372 statuam
3355 2329 3574 2390 paetum

1998 2407 2178 2447 meum
2203 2395 2514 2454 vobiscum.
2541 2395 2609 2452 Et
2636 2400 2940 2460 comedetis
2962 2411 3204 2478 vetusta,
3232 2419 3288 2467 et
3315 2415 3576 2472 vetustis-

1996 2485 2139 2540 sima
2173 2495 2424 2545 veterum
2445 2528 2463 2557 ,
2497 2500 2550 2547 et
2581 2499 2768 2549 vetera
2793 2509 2824 2551 a
2853 2494 2992 2552 facie
3017 2512 3285 2556 novorum
3314 2502 3574 2575 ejicietis.

1959 2609 1969 2618 π
1998 2577 2063 2633 Ει
2092 2595 2292 2653 ponam
2328 2591 2547 2657 pactum
2581 2602 2764 2643 meum
2796 2589 2851 2645 in
2885 2590 3072 2659 vobis,
3112 2605 3166 2652 et
3210 2612 3320 2652 non
3360 2599 3575 2656 abomi-

1947 2716 1954 2720 .
1995 2674 2219 2730 nabitur
2251 2691 2351 2734 vos
2381 2678 2570 2734 anima
2600 2694 2743 2738 mea.
2778 2679 2843 2738 Et
2877 2684 3172 2744 ambulabo
3202 2690 3258 2745 in
3291 2692 3450 2749 vobis
3471 2736 3486 2763 ,
3519 2704 3575 2750 et

1991 2782 2091 2824 ero
2115 2766 2258 2824 Deus
2287 2778 2521 2826 vester.»

2069 2859 2226 2917 Deut.
2259 2878 2339 2928 tv,
2363 2863 2503 2922 9.-
2525 2882 2545 2918 ι
2570 2865 2806 2925 Attende
2834 2867 2973 2936 tibi,
3006 2880 3062 2929 et
3089 2875 3306 2932 custodi
3332 2877 3570 2936 animam

1995 2962 2144 3012 tuam
2193 2955 2452 3015 sollicite.
2498 2957 2577 3015 Ne
2620 2959 2969 3019 obliviscaris
2995 2966 3239 3023 omnium
3277 2970 3573 3029 verborum

1992 3065 2114 3120 qum
2136 3049 2392 3108 viderunt
2412 3053 2557 3108 oculi
2580 3053 2696 3122 tui,
2722 3062 2776 3110 et
2805 3070 2872 3111 ne
2894 3058 3155 3115 excidant
3176 3077 3206 3119 e
3229 3061 3397 3121 corde
3419 3075 3567 3122 tuon

377 3191 396 3276 ἐ
424 3191 714 3279 Φυλάττων
736 3222 973 3294 φύλαξαι
1003 3221 1103 3289 τάς
1124 3222 1351 3291 ἐντολὰς
1376 3191 1585 3298 Κυρίου
1617 3223 1713 3281 τοῦ
1740 3223 1878 3282 Θεοῦ

2064 3237 2222 3294 Deut.
2257 3253 2341 3306 vt,
2374 3238 2462 3295 l7.
2486 3269 2550 3281 --
2585 3258 2604 3293 ι
2637 3239 3018 3300 Custodiendo
3049 3247 3265 3304 custodi
3300 3261 3572 3325 praecepta

300 3334 430 3386 σου,
459 3317 530 3372 τὰ
565 3314 845 3390 μαρτύρια
899 3316 994 3371 καὶ
1035 3315 1109 3370 τὰ
1144 3315 1492 3389 δικαιώματα
1541 3317 1642 3373 ὅσα
1686 3318 1890 3375 ἐνετεί-

299 3410 431 3465 λατό
461 3426 546 3464 σοι

377 3522 398 3558 ι
425 3505 540 3559 Οὐκ
587 3500 860 3568 ικκλινείς
911 3499 1084 3575 δεξιᾷ,
1116 3503 1238 3558 ουδὲ
1271 3504 1562 3577 ἀριστερᾷ,
1625 3503 1766 3560 κατὰ
1785 3505 1890 3563 πᾶ-

302 3616 404 3654 σαν
425 3598 521 3672 τήν
540 3595 685 3666 ὁδὸν,
712 3595 781 3670 ην
800 3596 1109 3652 ἐνετείλατό
1144 3613 1226 3650 σοι
1250 3597 1279 3650 ὁ
1306 3595 1532 3668 Κύριος.
1558 3615 1581 3649 ι

376 3803 398 3840 ι
444 3785 572 3843 Ἐἀν
599 3785 872 3858 ἀκούσητε
894 3781 964 3839 τά
990 3782 1340 3857 δικαιώματά
1389 3801 1493 3857 μου
1543 3783 1739 3851 ταῦτα,
1793 3784 1890 3841 καὶ

298 3881 596 3953 φυλάξητε,
629 3880 726 3936 καὶ
758 3879 1051 3952 ποιήσητε,
1110 3877 1431 3952 διαφυλάξει
1462 3880 1672 3954 Κύριος
1702 3883 1731 3936 ὸ
1754 3881 1888 3947 Θεὸς

299 3973 434 4046 ὑμῖν
485 3975 587 4046 τήν
617 3972 904 4048 διαθήκην,
933 3973 1030 4031 καὶ⁸
1061 3973 1124 4028 τὸ
1172 3972 1344 4042 ἔλεος,
1377 3973 1408 4030 δ
1439 3973 1610 4047 ὥρισε
1639 3978 1752 4041 τοῖς
1782 3993 1887 4030 παο

296 4065 496 4136 τρὰσιν
524 4063 700 4136 ὑμῶν,
732 4069 828 4119 καὶ
877 4063 1157 4135 ἀγαπήσει
1188 4080 1249 4117 σε
1274 4063 1500 4136 Κύριος,
1531 4063 1626 4119 καὶ
1654 4065 1883 4137 εὐλογή-

301 4176 390 4214 σει
431 4159 503 4214 τὰ
549 4158 748 4228 ἔγγονα
804 4157 905 4230 τῆς
951 4155 1164 4221 κοιλίας
1205 4173 1324 4222 σου,
1355 4156 1465 4223 ,καὶ
1517 4156 1612 4211 τὸν
1668 4157 1885 4229 καρπὸν

295 4250 402 4321 τῆς
427 4251 531 4322 γῆς
557 4267 673 4319 σου,
699 4249 795 4304 καὶ
822 4248 916 4306 τὸν
959 4249 1110 4304 σῖτόν
1140 4265 1260 4314 σου,
1302 4248 1397 4303 καὶ
1453 4247 1545 4303 τὸν
1589 4247 1733 4302 οἶνόν
1763 4266 1884 4317 σου,

302 4347 398 4401 καὶ
422 4347 481 4399 τ).
508 4345 691 4400 ἱλαιῦν
715 4362 811 4398 σου
841 4360 854 4373 ’
888 4344 986 4398 καὶ
1014 4341 1309 4415 εὐλογητὸς
1365 4343 1465 4414 ἔσῃ
1524 4341 1678 4416 παρὰ
1707 4343 1884 4398 πάντα

299 4442 370 4495 τὸ.
409 4439 560 4511 ἔθνη.
595 4458 614 4492 ι

1993 3327 2212 3386 Domini
2238 3330 2332 3386 Dei
2362 3332 2442 3388 tui
2470 3373 2487 3399 ,
2516 3335 2836 3392 testimonia
2863 3344 2917 3392 et
2940 3336 3400 3411 iustiﬁcationes,
3426 3360 3574 3416 qum-

1989 3434 2209 3492 cunque
2240 3423 2520 3480 mandavit
2546 3425 2665 3481 tibi.
2697 3444 2720 3480 ι

2060 3511 2222 3568 Deut.
2249 3529 2362 3572 xvu
2384 3557 2400 3584 ,
2430 3516 2601 3572 ιι.-
2625 3537 2644 3570 ι
2675 3516 2792 3575 Νοη
2818 3519 3124 3580 declinabis
3153 3526 3217 3582 ad
3249 3529 3530 3587 dexteram
3552 3573 3570 3597 ,

1992 3618 2169 3677 neque
2194 3606 2262 3663 ad
2295 3607 2930 3677 sinistram,secundum
2952 3629 3171 3673 omnem
3203 3619 3372 3687 viam,
3403 3637 3569 3694 quam

1991 3701 2239 3775 praecipit
2266 3701 2366 3759 tibi
2397 3701 2682 3762 Dominus.
2713 3725 2734 3758 ι

2059 3793 2219 3851 Deut.
2252 3811 2362 3864 vti,
2399 3795 2486 3852 14.
2518 3827 2590 3838 -
2623 3813 2643 3850 ι
2685 3798 2746 3855 Si
2795 3799 3086 3862 audieritis
3140 3804 3569 3878 iustiﬁcationes

1990 3905 2142 3947 meas
2172 3891 2304 3958 bas,
2341 3899 2396 3947 et
2439 3891 2816 3951 custodieritis
2838 3937 2855 3964 ,
2891 3905 2947 3955 et
2977 3896 3222 3958 feceritis
3243 3944 3259 3971 ,
3292 3907 3567 3963 custodiet

1990 3984 2146 4041 vobis
2166 3983 2434 4042 Dominus
2452 3985 2600 4044 Deus
2619 3999 2842 4060 pactum
2865 3998 2920 4049 et
2942 3991 3380 4054 misericordiam
3404 4015 3567 4070 quam

1991 4079 2324 4151 prmscripsit
2369 4081 2620 4152 patribus
2668 4084 2905 4151 vestris,
2951 4096 3006 4142 et
3033 4086 3224 4160 diliget
3273 4099 3328 4145 te
3378 4090 3562 4147 Domi-

1987 4189 2132 4240 nus,
2180 4183 2235 4230 et
2278 4173 2565 4232 benedicet
2611 4174 2760 4234 fetus
2814 4179 3027 4235 ventris
3071 4183 3150 4236 tui
3179 4221 3196 4247 ,
3241 4191 3296 4239 et
3349 4183 3563 4250 fructus

1991 4278 2148 4324 terra:
2180 4276 2320 4332 ιιιεε,
2349 4277 2404 4325 ει
2435 4267 2773 4326 frumentum
2812 4281 2967 4328 tuum
2991 4314 3007 4336 ,
3055 4283 3109 4330 et
3153 4275 3342 4331 vinum
3384 4285 3564 4341 tuum,

1986 4369 2038 4417 ct
2086 4364 2265 4418 oleum
2320 4370 2518 4419 tuum:
2550 4372 2606 4419 et
2649 4363 2976 4422 benedictus
3008 4367 3122 4424 eris
3171 4384 3335 4441 super
3370 4385 3560 4429 omnes

1985 4464 2195 4527 gentes.
2226 4474 2245 4508 ι

378 4560 399 4594 ι
423 4542 550 4598 Ἐἀν
564 4542 701 4612 ἀκοῇ
719 4538 930 4615 sicon
946 4538 1046 4612 τῆς
1067 4535 1254 4609 φωνῆς
1270 4537 1497 4610 Κυρίου,
1522 4535 1885 4610 εὐλογημένος

2058 4545 2216 4601 Deut.
2253 4562 2444 4616 xxviii,
2467 4547 2598 4614 5-6,
2625 4549 2678 4618 8,
2706 4548 3035 4618 12·,1’5.-«
3061 4552 3120 4608 Si
3149 4554 3339 4611 auditu
3371 4559 3558 4614 audie-

300 4635 368 4690 σὺ
399 4635 459 4690 ὲν
477 4632 654 4705 ἀγρῷ.
707 4632 802 4688 καὶ
827 4630 1175 4704 εὐλογημένη
1196 4631 1232 4702 ή
1259 4629 1516 4704 ἀποθήκη
1544 4646 1663 4699 σου,
1690 4631 1788 4688 καὶ
1804 4625 1884 4686 ’τά

301 4726 794 4799 ἐγκαταλείμματά
835 4743 956 4784 σου.
987 4724 1364 4797 Εὐλογημένος
1388 4724 1455 4778 σὺ
1494 4725 1553 4779 ἐν
1588 4723 1668 4796 τῷ
1695 4726 1885 4780 εἰσπο-

299 4815 558 4891 ρεύεσθαι
593 4833 653 4871 σε
672 4831 687 4847 ο
729 4815 1033 4889 ἀποστείλῃ
1050 4813 1256 4888 Κύριος
1285 4814 1380 4869 ἐπὶ
1403 4814 1462 4870 σὲ
1484 4815 1583 4890 τήν
1606 4816 1882 4888 εὐλογίαν,

295 4904 359 4965 οὗ
385 4909 479 4964 ἐὰν
517 4908 816 4982 ἐπιϐάλλῃς
845 4909 945 4982 τὴν
972 4908 1134 4981 χεῖρά
1165 4925 1284 4976 σου,
1315 4909 1412 4962 καὶ
1437 4908 1723 4982 εὐλογήσει
1755 4910 1886 4965 πάν·

297 5022 366 5060 τα
398 5003 467 5059 τὰ
497 5004 636 5075 ἔργα
692 5003 801 5058 τῶν
853 5003 1060 5075 χειρῶν
1118 5017 1238 5067 σου,
1293 5003 1389 5057 καὶ
1434 5002 1642 5068 δανιεῖς
1700 5002 1880 5060 ἔθνεσι

297 5097 536 5163 πολλοῖς,
568 5097 635 5153 σὺ
669 5096 728 5150 δὲ
745 5096 808 5150 ob
834 5094 1022 5167 δανιῇο
1042 5093 1138 5148 καὶ
1179 5093 1367 5166 ἄρξεις
1421 5093 1594 5148 ἐθνῶν
1641 5093 1876 5150 πολλῶν.

297 5193 408 5246 Καὶ
439 5190 774 5262 καταστήσει
791 5205 851 5242 σε
879 5189 1087 5262 Κύριος
1120 5188 1203 5254 είς
1230 5186 1502 5262 κεφαλὴν,
1558 5188 1654 5244 καὶ
1685 5186 1765 5262 μὴ
1801 5189 1881 5254 εἰς

295 5284 485 5358 οὐρὰν,
530 5285 624 5339 καὶ
669 5282 831 5339 δώσει
868 5282 960 5338 τὸν
993 5282 1148 5338 ὑετὸν
1199 5281 1301 5355 τῆς
1338 5282 1442 5355 γῆς
1492 5298 1586 5337 σου
1636 5283 1742 5349 ἕως
1766 5301 1881 5340 και·

296 5378 464 5452 pob.»

375 5503 394 5538 ι
427 5476 564 5539 Εἳπε
596 5478 854 5552 Σαμουὴλ
873 5493 888 5509 ⁸
912 5480 977 5534 Εί
1002 5479 1226 5552 θελητὸν
1257 5478 1336 5553 τῷ
1360 5480 1553 5553 Κυρίῳ
1582 5481 1880 5536 ὁλοκαυτώ-

298 5592 448 5650 ματα
494 5573 590 5629 καὶ
639 5573 848 5641 θυσίαι,
882 5574 1048 5640 ὡςτὸ
1081 5572 1315 5628 ἀκοῦσαι
1383 5574 1569 5647 φωνῆς
1626 5576 1875 5649 κυρίους

308 5670 440 5725 Ἰδοὺ
473 5666 614 5742 ἀκοὴ
643 5667 783 5739 ὑπὲρ
814 5666 1028 5724 θυσίαν.
1074 5686 1095 5722 ι

373 5781 398 5820 t
443 5762 508 5818 Ἦ
541 5762 758 5834 ὑπακοή
800 5777 896 5815 σου
943 5760 1212 5832 ἐπλήθυνέ
1259 5779 1325 5833 με
1353 5763 1434 5828 είς
1473 5762 1811 5838 πλατυσμόν.
1848 5783 1870 5819 ι

617 5929 894 5996 Ρλτιιοι..
942 5928 1060 5991 Gtt.
1113 5927 1291 5991 XCV.

1985 4640 2064 4697 ris
2099 4655 2285 4697 vocem
2317 4638 2571 4711 Domini,
2602 4642 2928 4701 benedictus
2956 4652 3013 4700 tu
3046 4645 3102 4701 in
3129 4661 3290 4720 agro,
3315 4659 3371 4705 et
3399 4649 3564 4707 bene-

1985 4731 2192 4788 dictum
2225 4733 2479 4791 horreum
2514 4743 2669 4791 tuum
2690 4776 2706 4800 ,
2737 4744 2792 4792 et
2818 4737 3123 4796 benedicta:
3156 4739 3403 4811 reliquiae
3433 4749 3570 4807 tute.

1985 4822 2314 4880 Benedictus
2344 4835 2401 4880 tu
2434 4824 2488 4882 in
2530 4826 2906 4898 egrediendo;
2941 4829 3122 4885 mittat
3162 4829 3429 4889 Dominus
3472 4816 3575 4889 sn.

1985 4931 2082 4986 per
2114 4924 2169 4973 te
2195 4917 2672 4987 benedictionem,
2708 4919 3026 4992 ubicunque
3055 4921 3311 4993 injeceris
3341 4938 3559 4981 manum
3647 4929 3650 4932 ’

1984 5021 2134 5065 tuam
2162 5027 2177 5080 ;
2208 5021 2265 5068 et
2296 5011 2590 5069 benedicat
2619 5014 2804 5069 omnia
2839 5028 3006 5086 Opera
3027 5030 3288 5071 manuum
3319 5026 3567 5073 tuarum.

1982 5113 2036 5160 et
2059 5104 2339 5164 fenerabis
2363 5107 2618 5178 gentibus
2647 5107 2837 5165 multis
2863 5151 2882 5184 ,
2920 5117 2976 5164 et
3009 5110 3125 5180 ipse
3154 5126 3184 5164 a
3217 5110 3370 5166 nullo
3402 5111 3567 5169 lenus

1984 5201 2266 5271 accipies;
2296 5211 2353 5258 et
2383 5201 2762 5259 dominaberis
2791 5203 3048 5276 gentibus
3074 5206 3286 5262 multis.
3331 5205 3398 5261 Et
3428 5225 3573 5265 con-

1982 5297 2177 5354 stituet
2211 5305 2265 5352 te
2299 5297 2567 5354 Dominus
2605 5297 2660 5354 in
2697 5311 2900 5371 caput,
2949 5307 3004 5356 et
3037 5316 3147 5356 non
3198 5301 3254 5356 in
3302 5302 3569 5357 caudaru-

1980 5390 2046 5448 Et
2074 5390 2228 5449 dabit
2257 5390 2490 5447 imbrem
2518 5399 2678 5449 terra:
2703 5395 2758 5449 in
2793 5403 3037 5466 tempore
3079 5408 3202 5450 suo.
3237 5413 3257 5447 ι

2051 5483 2080 5541 1
2109 5484 2237 5558 Reg.
2267 5501 2357 5551 xv,
2384 5483 2558 5541 21—
2585 5507 2603 5540 ι
2635 5485 2781 5543 Dixit
2805 5488 3024 5546 Samuel
3045 5508 3058 5542 :
3083 5487 3340 5560 hunquid
3369 5489 3556 5548 Domto

1978 5594 2087 5635 nus
2116 5579 2235 5635 vult
2268 5578 2594 5637 holocausta
2622 5590 2680 5638 et
2709 5579 3001 5650 victimas,
3043 5583 3188 5638 sicut
3221 5584 3415 5638 audire
3453 5597 3551 5637 vn-

1977 5689 2096 5734 ccm
2124 5675 2339 5733 Domini
2359 5675 2384 5731 2
2404 5675 2535 5732 Ecce
2570 5677 2881 5736 obedientia
2907 5692 3072 5748 supra
3101 5677 3378 5733 victimam
3413 5684 3547 5733 esta

2050 5762 2115 5823 11
2148 5765 2277 5836 Reg.
2311 5783 2422 5823 xm
2445 5806 2459 5832 ,
2489 5767 2591 5821 2ον
2621 5797 2688 5808 -—
2716 5788 2735 5821 ι
2766 5767 3088 5827 Obedicntia
3135 5777 3232 5824 tua
3283 5765 3550 5839 multiplio

1979 5863 2123 5921 cavit
2151 5878 2236 5919 me
2270 5863 2325 5919 in
2356 5863 2724 5922 latitudinem.
2753 5884 2773 5919 ι

3149 5936 3224 5999 45
