4014 6302
559 302 686 375 lli!)

1727 308 1790 371 S.
1829 307 2146 372 JOANNIS
2181 307 2613 372 DAMASCENI

3681 311 3820 378 M20

619 423 718 481 Job
755 435 930 488 mu.
972 419 1149 476 H.-—
1197 439 1217 473 ι
1247 419 1376 478 Vias
1427 422 1544 491 eius.
1587 422 1893 488 custodivi,
1926 429 1980 478 et
2013 437 2112 476 non

2299 439 2320 474 ι
2369 421 2554 487 Ὁδοὺς
2598 420 2764 478 αὐτοῦ
2815 421 3080 493 ἐφύλαξα,
3112 430 3210 482 καὶ
3235 424 3301 480 οὐ
3327 425 3406 500 μὴ
3427 425 3669 484 ἐκκλίνει»
3712 429 3816 481 ἀπὸ

549 515 836 573 declinabo
867 527 897 568 a
929 515 1208 570 mandatis
1238 515 1398 585 ejus,
1439 530 1506 569 ne
1537 514 1762 570 moriar.
1798 535 1816 565 ι

609 607 713 663 Job
749 623 951 672 xxxvi,
986 606 1074 662 Η.
1111 636 1178 648 ——-
1217 625 1238 660 ι
1267 606 1326 662 Si
1363 605 1675 672 audierint,
1707 613 1760 662 et
1792 605 2117 668 servierint,

547 698 832 771 perficient
859 697 977 754 dies
1008 711 1139 754 suos
1167 697 1224 753 in
1251 697 1412 754 bonis
1433 738 1446 764 ,
1482 705 1535 752 et
1569 711 1744 754 annos
1777 712 1908 754 suos
1939 696 1992 752 in
2028 697 2120 751 de-

547 802 690 844 core.
725 806 744 841 1

612 890 763 946 Psal.
799 907 931 946 ινιιι
955 932 968 956 ,
998 890 1053 945 9.
1079 919 1136 930 -
1176 907 1194 942 ι
1224 886 1561 958 Praeceptum
1595 885 1810 942 Domini
1843 886 2104 954 lucidum,

541 991 595 1038 ct
623 970 943 1039 illuminans
975 983 1188 1038 oculos.
1222 1001 1242 1034 ι

616 1075 768 1133 Psaf.
796 1091 908 1143 cn,
942 1077 1028 1132 l7.
1057 1104 1128 1116 -—
1163 1094 1180 1127 ι
1212 1074 1274 1129 Ει
1316 1072 1534 1145 ιιιειῑῑιιι
1584 1073 1732 1129 illius
1763 1073 1818 1128 in
1852 1072 1992 1129 filios
2021 1073 2120 1128 lio-

543 1167 754 1226 minum
774 1211 791 1238 ,
820 1168 909 1225 his
939 1171 1030 1239 qui
1064 1179 1284 1225 servant
1313 1174 1705 1224 testamentum
1737 1166 1882 1237 ejus.
1917 1185 1935 1218 ι

601 1261 754 1318 Paul.
785 1276 947 1319 cxvttt
970 1301 984 1326 ,
1015 1260 1159 1324 5.-
1180 1279 1199 1313 ι
1225 1259 1444 1318 Utinam
1475 1260 1783 1332 dirigantur
1817 1259 1914 1315 viae
1947 1273 2078 1315 meae
2101 1300 2114 1324 .

541 1354 606 1410 ad
642 1353 1060 1418 custodiendas,
1090 1373 1107 1406 ι
1137 1361 1248 1410 etc.

609 1443 754 1501 Ibid.
785 1444 909 1502 “2.
934 1474 1002 1487 -—
1029 1465 1046 1499 ι
1077 1445 1186 1501 Lex
1224 1455 1312 1500 tua
1343 1444 1566 1500 veritas.
1603 1462 1620 1496 ι
2051 1513 2053 1516 ι

621 1532 778 1590 Prov.
839 1550 943 1590 xxx
970 1574 984 1600 ,
1047 1534 1104 1589 5.
1142 1563 1211 1576 —-
1249 1553 1266 1586 ι
1305 1531 1508 1601 Omnes
1558 1547 1840 1589 sermones
1898 1531 2116 1588 Domini

539 1627 720 1701 igniti.
757 1627 1037 1684 Preteetor
1061 1636 1244 1682 autem
1272 1635 1356 1684 est
1383 1625 1630 1681 omnium
1659 1625 1968 1680 timentium
1996 1641 2109 1682 sea

615 1718 788 1774 Eccfe.
823 1735 929 1785 xu,
960 1719 1142 1774 15.-‹
1164 1717 1317 1774 Finis
1355 1716 1644 1781 sermonis,
1678 1716 1806 1777 audi
1846 1731 2111 1789 prorsus:

541 1807 709 1865 Deum
740 1811 902 1874 time,
940 1819 992 1866 et
1028 1810 1285 1865 mandata
1317 1809 1442 1880 ejus
1473 1809 1715 1865 custodi.
1744 1827 1764 1861 ι

608 1899 773 1975 456
821 1901 976 1957 Prov.
1034 1917 1160 1968 ιιι,
1212 1902 1301 1958 27.
1333 1932 1400 1944 -
1438 1921 1456 1953 ι
1494 1900 1831 1973 Praeceptum
1891 1899 2110 1958 Domini

539 1993 662 2051 fons
703 1995 848 2052 vitae.
882 2014 903 2048 ι

614 2108 633 2142 ι
659 2086 762 2158 Qui
799 2087 1038 2162 diligunt
1070 2089 1278 2161 legem,
1311 2105 1467 2145 muro
1498 2104 1558 2146 se
1586 2090 2052 2162 circumcingunt.
2086 2109 2104 2142 ι

601 2277 764 2339 Zach.
801 2297 898 2346 ιιι,
937 2281 988 2336 7.
1024 2305 1090 2320 --
1126 2294 1144 2329 ι
1174 2275 1305 2334 Haec
1329 2274 1466 2332 dicit
1493 2273 1801 2332 Dominus:
1835 2273 1894 2331 Si
1925 2275 1981 2331 in
2011 2276 2114 2332 viis

538 2375 673 2431 meis
704 2372 1109 2440 ambulaveris,
1144 2379 1201 2429 et
1236 2376 1513 2442 praecepta
1570 2383 1691 2426 mea
1742 2367 2072 2426 custodieris
2095 2409 2109 2432 .

537 2480 591 2524 tu
624 2467 956 2540 dijudicabis
985 2466 1211 2524 domum
1239 2478 1438 2521 meam.
1469 2482 1488 2515 ι

604 2559 718 2617 lsa.
756 2575 842 2628 LV,
906 2559 962 2615 2.
992 2588 1062 2601 ——
1089 2577 1108 2610 ‹
1135 2556 1337 2614 Audite
1367 2571 1454 2613 me
1475 2596 1491 2622 ,
1521 2564 1577 2613 et
1610 2554 1887 2612 comedite
1936 2554 2076 2614 bona
2097 2595 2112 2621 ,

535 2661 585 2708 et
617 2654 918 2710 delectetur
949 2652 1002 2708 in
1034 2652 1190 2708 bonis
1223 2651 1402 2706 anima
1437 2657 1640 2706 vestra.
1673 2670 1692 2703 ι

606 2742 771 2799 Eccli.
804 2760 896 2798 xix
918 2783 934 2808 ,
971 2742 1065 2799 21.
1094 2772 1164 2784 --
1202 2759 1221 2793 ι
1256 2740 1448 2798 Melior
1477 2749 1563 2797 est
1597 2741 1761 2800 homo
1787 2758 1880 2814 qun
1912 2740 2115 2798 minui-

535 2849 624 2893 tur
650 2836 922 2909 sapientia
954 2849 1080 2891 cum
1109 2835 1345 2900 timore,
1385 2848 1547 2906 quam
1581 2833 1674 2904 qui
1704 2833 1949 2891 abundat
1986 2848 2115 2891 sen-

535 2910 600 2985 ειι
623 2969 638 2993 ,
670 2938 725 2984 et
757 2925 1162 2998 transgreditur
1197 2925 1392 2998 legem.
1419 2943 1438 2978 ι

523 3079 526 3082 ,
602 3015 770 3073 Ecrh‘.
808 3032 979 3084 um,
1010 3016 1066 3071 5.
1099 3044 1169 3058 —-
1204 3033 1222 3068 ι
1260 3014 1408 3070 Nihil
1445 3015 1664 3072 dulcius
1688 3059 1701 3084 ,
1738 3031 1905 3088 quam
1934 3016 2113 3088 respi-

534 3126 659 3168 cere
687 3111 745 3166 in
777 3108 1052 3165 mandatis
1085 3107 1323 3164 Domini.
1353 3127 1372 3160 ι

607 3200 774 3256 Eccli.
809 3215 956 3255 χχιιι
981 3238 996 3265 ,
1034 3199 1122 3255 i9.
1155 3229 1223 3240 -—
1263 3220 1281 3250 ι
1314 3198 1416 3266 Qui
1453 3199 1649 3270 quaerit
1680 3199 1855 3271 legem
1880 3240 1894 3264 ,
1932 3196 2112 3269 reple-

534 3296 686 3353 bitur
718 3310 802 3350 ea.
843 3313 860 3348 ι

602 3387 776 3444 Eccli.
810 3401 936 3441 nix
964 3426 977 3452 ,
1007 3385 1095 3439 H.
1129 3413 1197 3425 -ο
1230 3401 1249 3436 ι
1281 3382 1429 3439 Pone
1479 3383 1801 3440 thesaurum
1853 3391 2007 3438 tuum
2060 3383 2112 3437 in

536 3480 822 3554 praeceptis
859 3477 1131 3534 Altissimi
1155 3516 1170 3543 ,
1206 3486 1259 3533 et
1294 3477 1537 3548 proderit
1569 3477 1667 3532 tibi
1722 3475 1900 3547 magis
1948 3490 2111 3547 quam

539 3590 760 3632 aurum.
801 3592 820 3627 ι

606 3671 802 3727 Matth.
832 3687 940 3738 vn,
967 3667 1158 3724 21-24.
1179 3697 1248 3710 —
1273 3685 1291 3720 ι
1317 3665 1431 3722 Non
1461 3665 1644 3723 omnis
1673 3665 1767 3736 qui
1796 3664 1932 3721 dicit
1956 3664 2111 3731 milii,

536 3766 802 3833 Domine,
837 3766 1098 3829 Domine,
1130 3763 1364 3820 intrabit
1413 3762 1465 3817 in
1520 3776 1751 3834 regnum
1799 3760 2110 3825 calorum;

534 3862 628 3918 sed
653 3859 746 3932 qui
778 3859 909 3915 facit
929 3859 1267 3916 voluntatem
1296 3855 1482 3912 Patris
1504 3855 1609 3911 mei
1636 3852 1727 3925 qui
1748 3854 1804 3908 in
1827 3851 1982 3910 caelis
2010 3861 2111 3909 est.

534 3954 725 4012 Omnis
754 3953 848 4025 qui
875 3952 1029 4008 audit
1056 3951 1221 4008 verba
1255 3965 1372 4006 mea
1394 3991 1407 4015 ,
1433 3957 1487 4006 et
1516 3947 1646 4004 facit
1674 3963 1737 4003 ea
1761 3987 1775 4014 ,
1799 3945 2116 4002 assimilabo

533 4050 693 4106 illum
729 4048 849 4106 viro
882 4045 1160 4118 sapienti,
1209 4043 1302 4115 qui
1352 4041 1647 4099 aedificavit
1688 4043 1909 4098 domum
1959 4055 2114 4096 suam

536 4156 701 4213 supra
730 4149 960 4213 petram.
992 4137 1054 4192 Et
1079 4137 1362 4194 descendit
1386 4135 1568 4208 pluvia
1590 4175 1604 4199 ,
1630 4144 1685 4189 et
1716 4140 1988 4190 venerunt
2012 4131 2116 4187 ﬂu-

537 4237 719 4300 mina,
754 4243 808 4290 et
841 4232 1110 4288 ﬂaverunt
1145 4231 1329 4295 venti,
1367 4239 1420 4285 et
1455 4230 1740 4284 irruerunt
1764 4230 1766 4232 ’
1791 4227 1846 4282 in
1883 4226 2111 4280 domum

536 4329 723 4395 illam,
751 4335 805 4385 et
833 4342 940 4382 non
972 4324 1191 4381 cecidit.
1220 4323 1471 4380 Fundata
1499 4322 1642 4378 enim
1667 4327 1786 4377 erat
1817 4334 1982 4390 supra
2018 4332 2112 4390 pe-

537 4433 698 4477 tram.
732 4440 750 4473 ι

2222 510 2330 566 τῶν
2357 512 2592 568 ἐντολῶν
2621 515 2811 582 αὐτοῦ,
2850 517 2934 570 ἵνα
2965 517 3041 589 μὴ
3072 517 3355 575 ἀποθάνω.
3387 539 3408 575 ι

2306 627 2324 662 ι
2359 609 2486 664 Ἐὰν
2542 609 2818 666 ἀκούσωσι
2876 613 2971 666 καὶ
3025 611 3378 681 δουλεύσωσι,
3425 606 3816 670 συντελέσωσι

2221 700 2322 765 τὰς
2350 701 2560 773 ἡμέρας
2602 702 2782 758 αὐτῶν
2813 704 2872 755 ὲν
2896 703 3147 772 ἀγαθοῖς,
3179 705 3361 759 καὶτὰ
3406 703 3504 776 ἔτη
3537 705 3730 761 αὐτῶν
3763 708 3816 759 ὲν

2223 793 2606 864 εὐπρεπείαις.
2633 813 2652 848 ι

2304 903 2323 938 ι
2376 886 2441 940 Ἦ
2480 887 2668 960 ἐντολὴ
2722 886 2820 941 τοῦ
2871 887 3077 959 Κυρίου
3136 887 3437 960 τηλαυγὴς,
3496 890 3816 960 φωτίζουσα

2221 975 2555 1048 ὀφθαλμούς.
2585 995 2606 1029 ›

2295 1088 2314 1122 ι
2358 1069 2422 1124 Ἦ
2451 1069 2771 1142 δικαιοσύνη
2815 1071 2981 1127 αὐτοῦ
3013 1074 3107 1127 ἐπὶ
3136 1073 3288 1138 υίούς
3333 1071 3467 1127 υἱῶν
3555 1072 3681 1134 τοῖς
3721 1089 3814 1139 φυ-

2219 1163 2481 1218 λάσσουσι
2507 1162 2606 1236 τὴν
2630 1165 2898 1237 διαθήκην
2917 1166 3102 1221 αὐτοῦ.
3126 1186 3144 1218 ι

2294 1271 2313 1305 ι
2339 1253 2571 1323 Ὄφελον
2605 1254 3109 1327 κατευθυνθείησαν
3141 1255 3198 1310 al
3228 1255 3338 1310 όδοί
3397 1272 3527 1328 μου,
3581 1255 3690 1310 τοῦ
3725 1275 3817 1326 φυ-

2220 1346 2505 1416 λάξασθαι.
2533 1365 2553 1400 ι

2294 1458 2314 1491 ι
2344 1439 2402 1493 '0
2435 1441 2599 1510 νόμος
2632 1456 2726 1494 σου
2754 1437 3002 1511 ἀλήθεια.
3042 1459 3062 1492 ι

2298 1548 2316 1582 ι
2363 1529 2574 1594 Πάντες
2601 1531 2653 1584 οἱ
2685 1529 2837 1599 λόγοι
2870 1531 3080 1601 Κυρίου
3145 1531 3560 1606 πεπυρωμένοι.
3610 1531 3820 1605 ’Υπερ-

2221 1622 2439 1687 ασπίςει
2470 1623 2528 1677 δὲ
2558 1622 2668 1678 τῶν
2699 1623 3118 1696 εὐλαϐουμένων
3146 1625 3329 1680 αὐτόν.
3356 1645 3376 1678 ι

2292 1736 2312 1769 ι
2336 1713 2521 1781 ’Τέλος
2549 1717 2736 1788 λόγου,
2761 1716 2822 1771 τι
2854 1719 2966 1772 πᾶν
2991 1718 3158 1774 ἄκουε
3177 1734 3190 1748 ·
3222 1719 3316 1774 τὸν
3337 1718 3468 1775 Θεδν
3487 1719 3699 1791 φοϐοῦ,
3731 1724 3822 1776 καὶ

2211 1809 2310 1876 τὰς
2336 1810 2560 1876 ἐντολὰς
2591 1809 2756 1865 αὐτοῦ
2781 1810 3043 1882 φύλασσε.
3073 1830 3093 1865 ι

2297 1919 2316 1955 ι
2351 1901 2697 1974 Πρόσταγμα
2719 1902 2928 1976 Κυρίου
2963 1903 3116 1976 πηγὴ
3142 1902 3311 1974 ζωῆς.
3343 1923 3362 1956 ι

2266 2089 2374 2142 tot
2399 2086 2726 2156 ἀγαπῶντες
2780 2086 2872 2144 τὸν
2919 2088 3104 2161 νόμον,
3160 2087 3552 2162 περιϐαλοῦσιν
3593 2090 3822 2155 ἑαυτοῖς

2226 2183 2425 2238 uiroc.
2451 2199 2469 2236 ι

2291 2197 2324 2234 ιλ
2345 2197 2374 2234 ο
2411 2223 2425 2238 .
2451 2199 2469 2236 ι

2285 2197 2466 2329 «ΙΕΓΞὼ
2514 2273 2663 2344 λέγει
2711 2272 2919 2347 Κύριος
2954 2290 2970 2307 ο
3017 2274 3143 2330 Ἐὰν
3172 2275 3231 2328 ὲν
3264 2276 3374 2340 τοῖς
3403 2275 3550 2340 ὁδοῖς
3577 2294 3692 2347 μου
3726 2293 3825 2331 πο-

2215 2367 2372 2440 ρεύῃ,
2432 2367 2528 2422 καὶ
2560 2369 2619 2422 δν
2651 2369 2767 2432 τοῖς
2820 2369 3214 2440 προστάγμασι
3265 2386 3367 2442 μου
3415 2369 3719 2443 φυλάσσῃ,
3752 2374 3818 2426 σὺ

2210 2461 2511 2534 διακρινεῖς
2541 2459 2632 2516 τὸν
2653 2456 2802 2516 οἶκόν
2827 2479 2952 2534 μου.
2980 2479 3000 2515 ι

2292 2573 2309 2606 ι
2349 2554 2649 2611 Ἀκούσατέ
2683 2571 2814 2626 μου,
2841 2553 2937 2608 καὶ
2964 2553 3206 2626 φάγεσθε
3248 2554 3454 2626 ἀγαθὰ,
3481 2557 3581 2613 καὶ
3610 2557 3820 2630 ἐντρυ-

2215 2642 2410 2717 φηΘείη
2442 2646 2499 2699 ὲν
2523 2643 2748 2712 ἀγαθοῖς
2779 2645 2812 2716 ἡ
2836 2643 2983 2716 ψυχὴ
3009 2644 3183 2718 ὑμῶν.
3208 2664 3228 2698 ι

2285 2737 2616 2809 «Κρείττων
2675 2737 2995 2810 ἡττώμενος
3047 2737 3108 2792 ὲν
3167 2736 3382 2793 συνέσει
3441 2737 3742 2811 ἔμφοϐος,
3786 2743 3823 2815 ἢ

2218 2829 2558 2905 περισσεύων
2599 2830 2882 2906 φρονήσει,
2914 2830 3010 2886 καὶ
3039 2830 3398 2901 παραϐαίνων
3427 2833 3615 2904 νόμον.
3646 2854 3671 2887 ι

2304 3032 2325 3068 ι
2365 3013 2535 3069 Οὐδὲν
2575 3012 2910 3085 γλυκύτερον
2943 3011 3041 3070 τοῦ
3077 3014 3367 3087 προσέχειν
3411 3016 3668 3081 ιντολαῖς
3704 2991 3822 3073 lio-

2145 3140 2188 3198 ο
2221 3110 2362 3184 ρίου.
2390 3128 2408 3161 ι

2290 3223 2307 3256 ι
2360 3203 2417 3257 '0
2441 3201 2622 3274 ζητῶν
2649 3202 2836 3274 νόμον,
2868 3202 3325 3276 ἐμπλησθήσεται
3351 3203 3538 3260 αὐτοῦ.
3582 3223 3598 3254 ι

2293 3407 2312 3441 ι
2352 3389 2454 3454 se;
2485 3392 2574 3443 τδν
2602 3390 2874 3463 θησαυρόν
2931 3408 3028 3446 σου
3087 3395 3211 3449 κατ’
3258 3394 3481 3461 ἐντολὰς
3515 3395 3819 3470 Ὑψίστου,

2217 3483 2310 3536 καὶ
2337 3482 2667 3538 λυσιτελέσει
2694 3502 2775 3539 σοι
2809 3485 3020 3557 μᾶλλον
3052 3486 3086 3558 ἢ
3116 3487 3177 3541 τὺ
3205 3488 3449 3559 χρυσίον.
3472 3507 3492 3541 ι

2289 3687 2308 3721 ι
2331 3671 2407 3723 Οὐ
2436 3670 2540 3734 πᾶς
2567 3670 2595 3722 ό
2619 3669 2795 3739 λέγων
2825 3688 2936 3741 μοι,
2964 3669 3160 3742 Κύριε,
3197 3673 3392 3744 Κύριε,
3423 3673 3810 3733 είσελεύσετω

2215 3763 2295 3825 είς
2345 3763 2444 3834 τὴν
2496 3761 2779 3834 βασιλείαν
2826 3762 2934 3817 τῶν
2992 3763 3266 3835 οὐρανῶν,
3324 3763 3443 3820 ἀλλ’
3479 3767 3509 3819 ό
3542 3766 3731 3823 ποιῶν
3759 3770 3818 3822 τὸ

2217 3855 2428 3926 θέλημα
2459 3855 2551 3909 τοῦ
2582 3855 2800 3928 Πατρός
2841 3874 2942 3927 μου
2970 3855 3066 3910 τοῦ
3099 3859 3156 3912 ἐν
3179 3857 3452 3928 οὐρανοῖς.
3486 3856 3607 3924 Πᾶς
3662 3863 3810 3924 ὅστις

2217 3953 2408 4009 ἀκούει
2445 3972 2548 4026 μου
2575 3957 2704 4020 τοὺς
2738 3955 2955 4026 λόγους,
2991 3956 3084 4011 καὶ
3137 3958 3284 4010 ποιεῖ
3301 3956 3521 4023 αὐτοὺς,
3552 3950 3828 4028 ὁμοιώσω

2217 4049 2378 4103 αὐτὸν
2413 4050 2568 4122 ἀνδρὶ
2613 4049 2883 4122 φρονίμῳ,
2919 4051 3070 4116 ὅστις
3109 4049 3431 4122 ᾠκοδόμησε
3459 4050 3561 4124 τὴν
3626 4053 3816 4106 οἰκίαν

2218 4141 2384 4197 αὐτοῦ
2434 4143 2525 4196 ἐπὶ
2554 4144 2655 4215 τὴν
2709 4144 2917 4217 πέτραν
2959 4158 2973 4174 ·
3023 4145 3118 4198 καὶ
3152 4146 3416 4216 κατέϐη-ἡ
3451 4144 3650 4217 βροχὴ,
3720 4148 3814 4199 καὶ

2216 4231 2378 4308 ἦλθον
2404 4237 2452 4289 οἱ
2484 4237 2744 4308 ποταμοὶ,
2771 4238 2867 4292 καὶ
2892 4235 3165 4291 ἔπνευσαν
3186 4238 3236 4290 οἱ
3261 4238 3480 4309 ἄνεμοι,
3499 4240 3600 4292 καὶ
3633 4257 3811 4310 προσ-

2218 4328 2419 4382 έπεσαν
2453 4330 2518 4400 τῇ
2550 4329 2696 4402 οἰκίᾳ
2748 4329 2957 4404 ἐκείνῃ,
3008 4331 3104 4385 καὶ
3144 4331 3246 4386 οὐκ
3295 4330 3511 4388 ἔπεσεν.
3561 4332 3808 4406 Temp;-

2217 4418 2378 4472 λίωτο
2415 4418 2524 4489 γὰρ
2554 4421 2647 4473 ἐπὶ
2670 4421 2895 4493 πέτραν.
2927 4440 2946 4473 ι

608 4515 804 4570 Matth.
840 4530 951 4580 ιιι,
986 4511 1074 4568 50.
1105 4542 1176 4554 -
1210 4531 1229 4565 ι
1268 4511 1594 4582 Quicunque
1637 4507 1828 4564 fecerit
1860 4509 2110 4564 ‘wlunta-

2298 4531 2316 4564 ι
2358 4513 2452 4576 ⁸·ος
2482 4513 2547 4566 ἂν
2574 4513 2774 4586 ποιήσῃ
2802 4514 2863 4568 τὸ
2899 4513 3115 4586 θέλημα
3143 4513 3234 4569 τοῦ
3267 4513 3427 4581 Θεοῦ,
3456 4511 3618 4581 οὗτος
3646 4518 3807 4572 ἀδελκ

535 4623 643 4668 tem
673 4608 855 4664 Patris
883 4607 987 4663 mei
1017 4607 1109 4677 qui
1153 4609 1206 4661 in
1235 4605 1391 4661 caelis
1427 4614 1538 4670 est,
1576 4604 1663 4660 hic
1693 4603 1864 4660 frater
1913 4619 2068 4661 meus
2093 4643 2110 4670 ,

535 4711 592 4762 et
617 4718 797 4768 soror,
827 4709 883 4758 et
911 4709 1084 4756 mater
1113 4708 1216 4755 est.
1257 4717 1274 4749 ι

602 4797 764 4853 Joan.
802 4812 893 4851 vm
918 4838 932 4863 ,
961 4796 1048 4850 47.
1078 4826 1143 4836 -
1179 4813 1196 4845 ι
1235 4792 1338 4860 Qui
1388 4810 1455 4849 ex
1504 4793 1610 4849 Deo
1656 4804 1773 4863 est,
1809 4792 1975 4849 verba
2020 4792 2112 4848 Dei

537 4892 704 4946 audit.
741 4908 759 4942 ι

522 4996 530 5052 ξ
604 4982 766 5038 Joan.
802 4999 920 5047 xiv,
959 4984 1045 5037 15.
1075 5013 1137 5021 -—
1167 5002 1183 5034 ι
1217 4980 1273 5036 Si
1304 4981 1530 5052 diligitis
1564 4997 1670 5048 me,
1703 4980 1959 5036 mandata
1993 4996 2110 5035 mea

536 5085 772 5134 servate.
798 5076 853 5131 Si
886 5077 1011 5146 quis
1038 5075 1213 5147 diligit
1233 5091 1340 5142 me,
1370 5090 1676 5131 sermonem
1705 5089 1884 5129 meum
1918 5088 2110 5131 serva-

537 5171 635 5237 bit,
661 5180 710 5228 et
739 5169 896 5224 Pater
923 5186 1076 5225 meus
1100 5171 1286 5240 diliget
1317 5184 1463 5233 eum,
1482 5178 1534 5223 et
1558 5167 1624 5220 ad
1653 5183 1776 5222 eum
1802 5169 2110 5235 veniemus,

538 5275 589 5321 et
647 5266 988 5320 mansionem
1048 5263 1187 5336 apud
1247 5279 1372 5320 eum
1405 5262 1694 5319 faciemus.
1732 5282 1748 5314 ι

611 5357 636 5412 ι
670 5357 794 5414 Cor.
821 5374 895 5414 ut
921 5399 934 5424 ,
967 5359 1054 5413 19.
1077 5387 1146 5397 ι-
1171 5377 1187 5409 ι
1218 5355 1587 5413 Circumcisio
1614 5355 1748 5409 nihil
1782 5364 1901 5421 est,
1935 5373 2111 5426 neque

537 5453 860 5522 praeputium
883 5492 898 5518 ,
932 5450 1030 5510 sed
1059 5450 1376 5508 observatio
1412 5449 1799 5503 mandatorum
1831 5447 1947 5504 Dei.
1980 5468 2000 5500 ›

613 5544 638 5598 Ι
669 5543 827 5600 Joan.
858 5561 947 5612 ιιι,
975 5546 1063 5600 Η.
1097 5577 1161 5587 -
1191 5563 1209 5597 ‹
1246 5545 1349 5610 Qui
1379 5552 1560 5600 servat
1597 5542 1853 5598 mandata
1885 5543 2026 5613 ejus,
2056 5544 2107 5598 in

539 5639 631 5696 illo
665 5647 877 5705 manet,
910 5650 964 5695 et
992 5640 1109 5711 ipse
1148 5640 1200 5694 in
1230 5655 1315 5694 eo.
1355 5657 1372 5690 ι

611 5733 672 5791 8.
706 5733 978 5806 Cltrysost.
1006 5766 1075 5775 —
1103 5734 1261 5802 Quod
1297 5751 1388 5790 ars
1419 5735 1472 5789 in
1503 5732 1730 5789 citharae
1765 5743 1928 5788 cantu
1956 5772 1972 5801 ,
2007 5732 2109 5790 hoc

538 5827 593 5884 in
629 5826 722 5884 Dei
760 5828 969 5900 legibus
1000 5839 1082 5886 est
1108 5829 1499 5885 demonstratio
1532 5841 1785 5898 operum.

2216 4610 2312 4681 φός
2344 4630 2468 4684 μου,
2501 4615 2594 4666 καὶ
2616 4609 2843 4683 ἀδελφὴ,
2875 4609 2968 4664 καὶ
3001 4611 3192 4682 μήτηρ
3215 4609 3384 4664 ἐστίν.
3415 4631 3433 4663 ι

2285 4816 2303 4848 ι
2347 4796 2403 4851 '0
2436 4796 2510 4852 ὣν
2543 4799 2604 4855 ἐκ
2630 4796 2790 4864 Θεοῦ,
2820 4794 2890 4849 τὰ
2912 4796 3136 4868 ῥήματα
3167 4795 3303 4850 Θεοῦ
3332 4795 3541 4850 ἀκούει.
3575 4816 3600 4850 ι

2291 4999 2309 5034 t
2361 4982 2486 5037 Ἐάν
2518 4999 2600 5044 τις
2630 4983 2818 5051 ἀγαπᾷ
2850 4997 2938 5052 με,
2972 4980 3061 5034 τὸν
3106 4979 3265 5048 λόγον
3296 4995 3393 5050 μου
3419 4979 3686 5050 τηρήσει,
3723 4985 3828 5035 καὶ

2212 5078 2240 5130 ό
2269 5079 2457 5149 Πατήρ
2496 5094 2597 5147 μου
2629 5077 2904 5146 ἀγαπήσει
2928 5075 3111 5138 αὐτὸν,
3154 5076 3250 5129 καὶ
3289 5074 3422 5145 πρὸς
3457 5074 3630 5126 αὐτόν
3658 5076 3809 5128 ἐλευ-

2216 5167 2442 5239 σόμεθα,
2475 5168 2569 5222 καὶ
2598 5167 2767 5239 μονὴν
2796 5167 2928 5238 παρ’
2961 5164 3110 5238 αὐτῷ
3143 5165 3466 5236 ποιήσομεν.
3495 5182 3515 5216 ι

2292 5354 2618 5425 ιΠεριτομὴ
2681 5353 2833 5408 οὐδέν
2898 5353 3037 5422 ἐστι,
3083 5353 3176 5406 καὶ
3227 5349 3595 5424 ἀκροόυστία,
3668 5351 3814 5407 ἀλλὰ

2212 5448 2444 5519 τήρησις
2469 5447 2696 5503 ἐντολῶν
2719 5444 2876 5502 Θεοῦ.
2901 5465 2924 5502 ι

2291 5559 2308 5592 ι
2353 5540 2410 5593 'U
2444 5540 2626 5610 τηρῶν
2687 5540 2786 5612 τὴν
2853 5539 3076 5612 ἐντολὴν
3119 5536 3309 5603 αὐτοῦ,
3341 5538 3399 5592 ἐν
3432 5536 3586 5609 αὐτῷ
3625 5539 3804 5609 μένει,

2213 5634 2306 5688 καὶ
2335 5633 2495 5697 αὐτὸς
2523 5635 2578 5686 ὲν
2603 5634 2770 5688 αὐτῶ,
2799 5654 2816 5686 ι

2288 5729 2465 5800 Ὅπερ
2512 5728 2603 5781 ἐπὶ
2650 5728 2750 5798 τῆς
2798 5728 3130 5802 κιθαρῳδίας
3163 5729 3196 5798 ἠ
3224 5727 3426 5798 τέχνη,
3488 5724 3652 5780 τοῦτο
3707 5725 3804 5781 ἐπὶ

2214 5823 2318 5877 τῶν
2357 5821 2451 5876 τοῦ
2483 5820 2617 5875 Θεοῦ
2647 5821 2828 5894 νόμων
2853 5825 2884 5894 ὴ
2916 5821 3004 5878 διὰ
3036 5821 3139 5878 τῶν
3169 5821 3348 5889 ἔργων
3375 5817 3663 5884 ἐπίδειξις.
