4014 6302
513 357 658 426 “23
700 399 705 405 ο
1621 361 1686 424 S.
1729 358 2055 424 JOANNIS
2092 358 2530 423 DAMASCENI
3647 355 3788 425 1421

506 473 577 535 Et
613 491 786 551 quare
823 491 934 534 non
978 473 1187 534 audisti
1227 489 1423 533 vocem
1465 473 1729 544 Domini,
1762 475 1861 534 sed
1902 485 2098 533 verens

2225 473 2423 539 ιύτούς.
2456 470 2569 529 Καὶ
2595 473 2682 529 ἶνα
2715 472 2771 532 τί
2796 473 2903 529 οὐκ
2921 471 3171 547 ’ἤκουσας
3193 473 3375 548 φωνῆς
3398 473 3631 546 Κυρίου,
3665 474 3786 529 ἀλλ’

507 571 576 628 ad
607 569 847 643 praedam
875 585 968 633 es,
992 576 1058 637 et
1082 566 1269 625 fecisti
1293 567 1498 623 malum
1529 565 1587 622 in
1616 567 1795 624 oculis
1833 560 2099 624 Domini?

2225 565 2466 638 ῡρμησας
2511 565 2604 621 επὶ
2630 564 2702 622 τὰ
2729 565 2925 634 σκύλα,
2973 567 3070 622 καὶ
3122 565 3386 640 ἐποίησας
3439 567 3501 620 τδ
3547 565 3792 638 πονηρὸν

508 663 576 720 Et
611 661 755 720 dixit
781 660 914 718 Saul
945 680 960 718 :
999 661 1140 729 Quia
1170 660 1360 718 audivi
1393 659 1679 733 populum.
1714 679 1736 715 ι

2228 658 2446 715 ναντιον
2474 659 2724 734 Κυρίου;
2758 658 2872 716 Καὶ
2908 655 3033 716 εἷπε
3076 659 3285 716 Σαούλο
3325 657 3428 716 Διὰ
3463 659 3524 714 τὺ
3548 656 3792 715 ἀκοῦσαί

587 843 752 904 luds.
784 863 909 914 vn,-
937 847 1023 904 l3.
1050 875 1116 890 -
1152 864 1172 900 ι
1204 844 1325 903 Erit
1358 846 1505 904 sicut
1533 843 1676 902 dixit
1711 842 2013 914 Dominus,
2044 853 2098 902 et

514 955 623 997 non
647 939 950 997 audierunt
979 954 1149 1006 eum;
1183 937 1268 995 sic
1297 937 1656 1005 clamabunt,
1693 944 1747 993 et
1777 952 1886 994 non
1923 953 2098 994 exau-

515 1031 666 1090 diam
698 1048 832 1098 eos.
858 1031 997 1090 dicit
1021 1031 1315 1089 Dominus.
1351 1047 1370 1084 ι

591 1145 613 1181 ι
638 1122 872 1183 Factum
904 1132 993 1184 est
1029 1139 1221 1183 semen
1251 1122 1689 1182 lnohedientium
1738 1122 1794 1178 in
1834 1121 2099 1196 perditio-

515 1234 669 1278 nem.
702 1239 722 1274 ι

585 1309 704 1368 Ira.
754 1325 918 1366 sum
939 1351 955 1376 ,
991 1308 1079 1369 l2.
1105 1339 1176 1351 -—
1202 1327 1221 1362 ι
1251 1307 1312 1365 Si
1339 1307 1615 1366 audiisses
1648 1309 1905 1365 mandata
1937 1324 2058 1366 mea
2082 1353 2096 1378 ,

515 1401 664 1460 facta
701 1402 900 1460 fuisset
931 1402 1032 1459 tibi
1065 1403 1207 1460 sicut
1238 1400 1392 1458 ﬂuvii
1447 1418 1553 1475 pax
1595 1410 1723 1471 tua,
1778 1411 1834 1460 et
1880 1402 2097 1474 iustitia

517 1503 611 1554 tua
644 1497 793 1554 sicut
822 1495 1025 1554 ﬂuctus
1057 1494 1251 1552 maris.
1285 1513 1305 1549 ι

597 1584 714 1646 Ira.
747 1603 911 1655 xstv,
948 1586 1037 1644 l6.
1085 1617 1157 1628 —
1191 1606 1210 1640 ι
1244 1585 1439 1644 Dicent
1470 1605 1486 1644 :
1521 1583 1617 1642 Vae
1647 1585 2099 1659 praevaricatori-

517 1681 658 1739 bus:
686 1681 781 1753 qui
811 1680 1250 1752 praevaricamini
1275 1680 1487 1755 legem;
1516 1681 1706 1747 timor,
1732 1690 1788 1738 et
1816 1681 1972 1740 fovea
2044 1691 2099 1739 et

516 1776 750 1845 laqueus
779 1789 948 1846 super
978 1787 1100 1830 vos.
1132 1793 1153 1829 ι

2199 770 2270 828 με
2292 753 2386 808 τὸν
2408 753 2562 810 λαόν.
2605 771 2626 806 ι

2274 865 2296 901 ι
2340 847 2536 903 Ἔσται
2590 846 2652 902 ὃν
2699 845 2906 917 τρόπον
2943 839 3067 901 εἶπε
3108 844 3348 918 Κύριος,
3385 845 3483 900 καὶ
3532 845 3636 901 ούκ
3674 848 3791 900 sic-

2198 937 2443 1004 ἤκουσαν
2480 937 2672 1005 αὐτοῦ,
2709 937 2886 1004 οὕτως
2924 937 3309 1011 κεκράξονται,
3344 939 3440 994 καὶ
3466 939 3529 994 οὐ
3569 937 3647 1010 μὴ
3675 939 3790 992 εἰσ-

2198 1030 2509 1104 ακούσομαι
2535 1031 2738 1096 αὐτῶν,
2766 1031 2915 1099 λέγει
2940 1029 3166 1103 Κύριος.
3199 1048 3218 1082 ι

2274 1141 2294 1176 ι
2336 1121 2608 1196 Ἐγενηθη
2631 1121 2694 1179 τὸ
2727 1124 2952 1196 σπέρμα
2993 1122 3105 1180 τῶν
3142 1119 3516 1178 ἀπειθούντων
3561 1123 3644 1187 εἰς
3693 1122 3796 1176 ἀπ-

2197 1213 2418 1272 ώλειαν.
2455 1235 2475 1271 ι

2271 1332 2296 1367 ι
2337 1314 2400 1368 Εἰ
2427 1312 2668 1385 ἤκουσας
2709 1312 2820 1368 τῶν
2872 1310 3104 1367 ιντοὶῶν
3155 1328 3284 1384 μου,
3329 1309 3553 1379 ἐγένετο
3602 1310 3676 1364 ἂν
3720 1308 3798 1372 ὡς

2200 1405 2439 1477 ποταμοὶ
2460 1408 2494 1478 ἡ
2513 1407 2704 1479 εἰρήνη
2733 1422 2852 1464 σου.
2886 1405 3032 1478 καὶὴ
3055 1401 3373 1476 δικαιοσύνη
3407 1419 3501 1456 σου
3531 1404 3606 1469 ὡς
3636 1400 3792 1474 κῦμα

2201 1496 2500 1569 θαλάσσης.
2551 1514 2571 1549 ι

2276 1608 2298 1643 ι
2343 1589 2628 1663 Ἐροῡσιν,
2683 1587 2823 1644 οὐαὶ
2875 1590 2989 1653 τοῖς
3061 1587 3380 1644 ἀθετοῦσινο
3432 1587 3484 1642 οι
3529 1585 3792 1641 ἀθετοῦν-

2199 1700 2293 1749 τες
2332 1683 2426 1739 τδν
2469 1683 2665 1756 νόμον,
2723 1681 2890 1753 φόϐος
2939 1679 3033 1736 καὶ
3088 1680 3311 1753 βόθυνος
3349 1682 3447 1736 καὶ
3495 1683 3668 1750 stari;
3707 1680 3797 1750 ἐφ’

2204 1775 2235 1828 ύ
2244 1773 2386 1847 μῶν.
2425 1791 2447 1827 ι

586 1836 786 1924 iuuit.
816 1836 930 1933 vit,
957 1865 1062 1933 26,
1086 1866 1181 1925 27.
1201 1892 1274 1907 -
1295 1884 1316 1920 ι
1349 1865 1542 1924 Omnis
1576 1869 1671 1938 qui
1707 1866 1861 1923 audit
1892 1867 2059 1925 verba
2085 1909 2103 1937 ,

2244 1836 2302 1924 ’.ι
2333 1870 2451 1935 Πᾶς
2498 1870 2528 1925 ὁ
2570 1867 2786 1925 ἀκούων
2822 1884 2926 1938 μου
2972 1865 3101 1932 τοὺς
3143 1865 3486 1938 λόγους,’καὶ
3513 1865 3592 1937 μὴ
3621 1864 3799 1919 noqu

518 1963 574 2014 et
605 1971 717 2012 non
755 1955 890 2012 facit
919 1969 986 2013 ea
1007 1995 1030 2025 ,
1064 1955 1269 2012 similis
1302 1956 1410 2012 erit
1449 1955 1570 2012 viro
1607 1959 1814 2025 stulto,
1846 1959 1942 2029 qui
1972 1961 2106 2016 aedi-

496 2050 706 2106 ‘flcavit
748 2048 969 2105 domum
1005 2063 1161 2105 suam
1193 2064 1361 2120 super
1391 2065 1661 2119 arenam;
1714 2061 1770 2107 et
1820 2052 2107 2109 descendit

521 2143 702 2217 pluvia
727 2161 745 2213 ;
779 2151 836 2200 et
863 2144 1129 2199 venerunt
1156 2142 1383 2198 ﬂumina
1406 2185 1422 2211 ,
1451 2151 1506 2200 et
1537 2143 1807 2200 ﬂaveruut
1834 2150 1983 2202 venti
2008 2187 2022 2212 ,
2052 2155 2107 2202 et

520 2235 808 2292 irruerunt
856 2234 911 2290 in
961 2235 1187 2291 domum
1241 2233 1432 2306 illam,
1487 2244 1543 2293 et
1599 2237 1849 2307 cecidit;
1896 2246 1949 2296 et
2002 2238 2108 2295 fuit

522 2327 682 2382 ruina
714 2325 867 2382 illius
893 2340 1118 2398 magna.
1149 2343 1171 2379 ι

591 2414 746 2472 llam.
788 2428 864 2485 ιι,
903 2413 964 2472 ll
990 2455 1007 2481 ,
1050 2414 1138 2472 12.
1163 2445 1236 2458 -
1267 2435 1288 2471 ι
1321 2417 1652 2492 Quicunque
1681 2420 1802 2478 sine
1831 2422 1953 2496 lege
1982 2437 2108 2497 pee-

520 2514 822 2574 carerunt,
880 2507 1000 2565 sine
1047 2508 1168 2583 lege
1214 2511 1516 2582 peribunt;
1569 2521 1623 2571 et
1675 2515 1995 2589 quicunque
2047 2519 2104 2573 in

523 2600 642 2674 lege
695 2609 1103 2674 peccaverunt,
1137 2619 1236 2676 per
1285 2604 1461 2678 legem
1511 2606 1939 2677 iudicabuntur.
1985 2612 2107 2670 Non

522 2693 671 2749 enim
725 2692 1010 2752 auditores
1058 2695 1199 2767 legis
1227 2696 1369 2770 justi
1409 2710 1542 2756 sunt
1581 2701 1725 2772 apud
1757 2703 1930 2761 Deum
1955 2743 1971 2772 ,
2009 2705 2107 2764 sed

524 2785 767 2843 factores
795 2786 936 2857 legis
963 2787 1442 2857 justiﬁeabuntur.
1479 2810 1501 2845 ι

594 2875 719 2932 Jac.
750 2894 799 2944 ι,
824 2878 1018 2937 2Ξ-24.
1043 2909 1116 2921 -
1143 2898 1162 2934 ι
1191 2879 1381 2939 Estote
1411 2882 1653 2944 factores
1681 2887 1833 2944 verbi
1856 2929 1873 2955 ,
1908 2897 1964 2946 et
1997 2906 2106 2948 non

523 2968 809 3026 auditores
852 2978 1098 3040 tantum,
1139 2971 1398 3030 fallentes
1436 2979 1851 3051 vosmetipsos:
1889 2982 2020 3054 quia
2053 2984 2106 3040 si

524 3062 652 3134 quis
689 3065 908 3120 auditor
937 3073 1024 3121 est
1055 3065 1226 3138 legis.
1263 3075 1318 3123 et
1356 3083 1467 3125 non
1506 3067 1708 3140 factor,
1764 3073 1857 3129 hic
1904 3075 2106 3133 similis

2204 1963 2425 2031 αὐτοὺς,
2453 1962 2848 2036 ὁμοιωθήσεται
2880 1960 3036 2033 ἀνδρὶ
3068 1959 3253 2035 μωρῷ,
3290 1962 3439 2025 ὅστις
3470 1959 3795 2032 ᾠκοδόμησε

2203 2057 2305 2130 τὴν
2355 2056 2532 2112 οἰκίαν
2590 2053 2754 2110 αὑτοῦ
2804 2053 2898 2108 ἐπὶ
2947 2054 3048 2126 τὴν
3093 2053 3301 2126 ἄμμον.
3351 2052 3463 2106 Καὶ
3509 2052 3720 2124 κατέϐη
3754 2053 3795 2124 ἡ

2206 2145 2396 2220 βροχὴ,
2431 2147 2526 2203 καὶ
2552 2142 2716 2220 ἦλθον
2747 2147 2798 2200 ol
2831 2145 3098 2217 παταμοὶ,
3132 2145 3229 2200 καὶ
3258 2144 3530 2201 ἔπνευσαν
3569 2145 3619 2199 οἱ
3668 2146 3798 2200 ἄνες

2208 2257 2319 2312 μοι,
2352 2239 2448 2294 καὶ
2490 2236 2839 2312 προσέκοψαν
2887 2238 2955 2309 τῇ
3002 2235 3154 2308 οἰκίᾳ
3190 2235 3410 2310 ἐκείνη,
3443 2237 3536 2290 καὶ
3571 2235 3796 2290 ἔπεσεν·

2218 2334 2315 2387 καὶ
2333 2327 2402 2405 ἦν
2432 2334 2466 2405 ή
2498 2330 2705 2396 πτῶσις
2728 2329 2899 2402 αὐτῆς
2922 2328 3161 2402 μεγάλη.
3201 2348 3221 2382 ι

2281 2444 2304 2479 ι
2343 2425 2500 2479 Ὅσοι
2554 2423 2774 2496 ἀνόμως
2828 2423 3100 2495 ἥμαρτον,
3156 2421 3379 2494 ἀνόμως
3422 2421 3754 2478 ἀπολοῦνται
3780 2443 3796 2455 ·

2205 2518 2302 2573 καὶ
2341 2518 2458 2572 ὅσοι
2503 2518 2562 2572 ὲν
2603 2516 2756 2588 νόμῳ
2786 2515 3061 2588 ἥμαρτον,
3092 2513 3179 2569 διὰ
3208 2514 3378 2588 νόμου
3411 2515 3796 2589 κριθήσονται.

2206 2608 2283 2662 Ού
2333 2607 2445 2679 γὰρ
2483 2607 2532 2661 oi
2584 2606 2853 2680 ἀκροαταὶ
2898 2603 2995 2660 τοῦ
3042 2605 3208 2677 νόμου
3259 2605 3462 2661 δίκαιοι
3510 2606 3669 2680 παρὰ
3716 2608 3803 2679 τῷ

2205 2697 2346 2771 Θεῷ,
2391 2697 2510 2755 ἀλλ’
2553 2700 2603 2753 oi
2650 2697 2873 2772 ποιηταὶ
2903 2696 2998 2753 τοῦ
3041 2697 3210 2772 νόμου
3251 2697 3732 2773 δικαιωθήσονται.
3772 2721 3794 2755 ι

2281 2899 2302 2936 ι
2340 2881 2562 2937 Γίνεσθε
2590 2883 2816 2955 ποιηταὶ
2842 2882 3031 2955 νόμου,
3067 2883 3161 2938 καὶ
3206 2884 3281 2956 μὴ
3310 2883 3476 2955 μόνον
3498 2884 3799 2956 ἀκροαταὶ,

2207 2975 2703 3048 παραλογιζόμενοι
2748 2975 3008 3042 ἑαυτούς’
3044 2975 3125 3030 ὅτι
3166 2975 3221 3030 εῐ
3258 2993 3343 3041 τις
3390 2977 3674 3049 ἀκροατὴς
3710 2978 3801 3029 νό-

2210 3085 2311 3140 μου
2364 3069 2505 3134 ὲστὶ,
2537 3069 2632 3122 καὶ
2656 3068 2718 3122 ού
2745 3069 2998 3142 ποιητὴς,
3033 3062 3188 3133 οὗτος
3225 3069 3402 3122 ἔοικεν
3437 3067 3596 3141 ἀνδρὶ
3621 3087 3800 3125 κατα-

521 3164 609 3212 est
659 3154 779 3212 viro
831 3156 1212 3215 consideranti
1267 3160 1481 3216 vultum
1533 3163 1845 3221 nativitatis
1897 3182 2013 3222 sua:
2049 3168 2102 3222 in

2225 3159 2415 3213 νοοῦντι
2442 3160 2504 3213 τὸ
2530 3158 2819 3232 πρόσωπον
2843 3159 2941 3233 τῆς
2960 3160 3230 3230 γενέσεως
3246 3160 3409 3216 αὐτοῦ
3433 3163 3491 3217 ὲν
3514 3162 3801 3237 ἐσόπτρῳ,

523 3249 771 3317 speculo.
797 3249 1188 3307 Consideravit
1222 3252 1371 3309 enim
1405 3268 1499 3323 se,
1533 3263 1587 3312 et
1623 3257 1791 3322 abiit.
1826 3266 1882 3316 et
1915 3261 2103 3318 statim

2225 3253 2306 3307 ιαὶ
2337 3252 2537 3318 εὐθέως
2572 3250 2871 3309 ἐπελάθετο
2902 3253 3085 3318 ὁποῖός
3106 3255 3244 3308 ἐστι.
3283 3273 3303 3306 ι

525 3339 731 3400 oblitus
762 3353 844 3400 est
873 3344 1056 3417 qualis
1084 3345 1177 3401 sit.
1209 3363 1226 3399 ι

595 3433 656 3492 S.
686 3434 862 3491 Basil.
905 3436 1046 3494 hom.
1090 3439 1120 3494 7
1160 3440 1212 3493 in
1259 3439 1519 3497 Hexaem.
1544 3471 1614 3484 -—
1643 3443 1769 3504 Vidi
1817 3444 1934 3503 haec
1967 3463 2106 3519 ego,

527 3525 735 3600 Deique
785 3528 838 3582 in
893 3530 1154 3586 omnibus
1210 3529 1537 3602 sapientiam
1581 3531 1749 3605 558
1797 3534 2106 3594 admiratus

527 3635 674 3676 sum.
711 3621 1046 3693 Atqui,cum
1082 3622 1244 3678 bruta
1273 3637 1338 3680 ea
1377 3622 1642 3682 facultate
1674 3626 1908 3698 praedita
1949 3629 2063 3685 sint
2086 3669 2102 3694 ,

530 3730 637 3785 qua
679 3715 780 3770 sibi
822 3716 1155 3785 consulant,
1207 3731 1481 3788 suamque
1528 3717 1764 3775 salutem
1817 3729 2105 3788 tueantur,

531 3822 595 3863 ac
626 3808 797 3880 piscis
829 3807 998 3866 etiam
1031 3810 1279 3878 noverit,
1309 3809 1442 3882 quid
1477 3810 1818 3883 amplexari,
1847 3814 1981 3886 quid
2014 3814 2102 3872 fu-

530 3916 660 3973 gere
694 3900 927 3958 debeat:
962 3900 1096 3974 quid
1126 3901 1378 3962 dicemus
1413 3919 1515 3961 nos
1538 3948 1552 3972 ,
1589 3906 1684 3977 qui
1708 3945 1724 3973 ,
1757 3922 1885 3963 cum
1924 3909 2104 3967 ornati

530 3994 777 4061 ratione,
811 4009 876 4051 ac
913 3995 1084 4068 legem
1119 3995 1306 4053 edoni
1331 4039 1346 4064 ,
1385 3998 1716 4073 incitatique
1748 4001 2108 4073 pollicitatio-

531 4087 729 4155 nibus,
757 4096 811 4143 et
837 4102 869 4142 a
900 4086 1109 4160 Spiritu
1137 4089 1343 4145 eruditi
1381 4106 1595 4162 sunus,
1641 4092 1890 4163 piscibus
1919 4103 2103 4152 tamen

529 4184 760 4240 rationis
787 4186 1104 4255 expertibus
1130 4185 1358 4243 stultius
1385 4203 1472 4243 res
1499 4200 1722 4247 nostras
1748 4190 2105 4251 administra-

532 4275 703 4334 mus?
737 4276 967 4345 Quando
1004 4278 1083 4334 illi
1119 4278 1340 4350 quidem
1383 4278 1558 4336 futuri
1594 4285 1890 4354 quamdam
1930 4287 2107 4344 ratio-

529 4387 653 4427 nem
681 4369 917 4436 habent,
946 4387 1046 4428 nos
1075 4381 1261 4428 autem
1293 4389 1390 4444 per
1420 4375 1755 4446 voluptatem
1786 4379 1951 4434 vitatu
1986 4396 2110 4451 quae

531 4463 837 4536 pecudibus
864 4472 1132 4536 congruat
1159 4479 1577 4524 consumamus.
1609 4467 1786 4527 Piscis
1823 4478 1903 4527 tot
1933 4475 2108 4529 maria

2281 3435 2434 3493 Εἶδον
2475 3437 2649 3493 ταῦτα
2693 3435 2837 3507 ἑγὼ,
2898 3437 2992 3493 καὶ
3039 3435 3138 3511 τὴν
3191 3438 3283 3493 ἐπὶ
3334 3439 3471 3493 πᾶσι
3512 3438 3612 3494 τοῦ
3659 3442 3801 3498 Θεοῦ

2212 3533 2401 3603 σοφίαν
2435 3530 2744 3602 ἐθαύμασα.
2780 3530 2844 3584 El
2888 3531 2957 3585 τά
2998 3530 3171 3601 ἀλογα
3211 3533 3536 3604 ὲπινοητικὰ
3568 3538 3672 3589 καὶ
3703 3555 3803 3606 φυ-

2208 3623 2442 3679 λακτικά
2474 3624 2574 3695 τῆς
2628 3622 2764 3688 ιδίας
2809 3622 2991 3677 αὐτῶν
3040 3621 3317 3694 σωτηρίας
3366 3625 3502 3689 ἐστὶ,
3548 3625 3651 3679 καὶ
3693 3624 3803 3682 eisi:

2205 3714 2269 3768 τὸ
2306 3712 2526 3785 αἱρετὸν
2556 3712 2720 3768 αὑτοῦ
2759 3714 2850 3767 καὶ
2877 3713 2937 3767 τδ
2963 3714 3195 3784 φευκτὸν
3244 3714 3417 3786 ιχθὺς,
3460 3715 3515 3769 τι
3559 3717 3806 3790 ἐροῦμεν

2205 3809 2389 3882 ἡμεῖς,
2433 3809 2482 3863 οε
2531 3806 2676 3878 λόγῳ
2733 3808 3113 3880 τετιμημένοι,
3160 3808 3253 3862 καὶ
3295 3807 3444 3880 νόμῳ
3499 3814 3804 3868 πεπαιδευ-

2209 3903 2384 3974 μένοι,
2444 3902 2780 3973 ἐπαγγελίας
2843 3903 3279 3975 προτραπέντες,
3339 3903 3622 3976 πνεύματι
3715 3926 3802 3962 co-

2207 3995 2512 4067 φισθέντες,
2556 3996 2604 4050 οἱ
2663 3995 2774 4049 τῶν
2812 3995 3022 4065 ἀλόγων
3095 3994 3296 4067 ἰχθύων
3345 3995 3700 4068 ἀλογώτερον
3747 4003 3807 4053 τὸ

2205 4089 2328 4146 κατ’
2369 4089 2598 4154 ἑαυτοὺς
2651 4089 3059 4163 διατιθέμενοις
3103 4089 3363 4162 Ἐπείπερ
3402 4089 3452 4142 οἱ
3505 4090 3610 4161 μὲν
3655 4093 3804 4146 feras:

2204 4182 2298 4236 τοῦ
2357 4181 2645 4254 μέλλοντός
2697 4199 2819 4237 τινα
2885 4181 3159 4236 ποιεῖσθαι
3204 4181 3482 4253 πρόνοιαν,
3536 4186 3713 4255 ἡμεῖς
3754 4188 3806 4241 δὲ

2204 4274 2272 4330 δι’
2312 4275 2509 4348 ἡδονῆς
2551 4275 3007 4347 βοσκηματὼδους
3066 4273 3164 4346 τὴν
3210 4275 3354 4348 ζωὴν
3406 4276 3804 4350 ἀναλίσκομεν.

2220 4369 2393 4440 ’ἰχθὺς
2415 4367 2636 4422 τοιαῦτα
2668 4367 2935 4441 διαμείσει
2967 4368 3178 4439 πελάγη
3209 4368 3349 4441 ὑπὲρ
3383 4366 3478 4420 τοῦ
3526 4369 3806 4442 εὖρασθαξ

2207 4481 2327 4517 τινα
2354 4462 2640 4532 ὠφέλειαν.
2667 4462 2730 4516 Τί
2753 4463 2897 4535 ἐρεῖς
2928 4462 2992 4514 σὺ
3023 4463 3051 4516 ὁ
3081 4465 3147 4534 τῇ
3183 4462 3352 4535 ἀργίᾳ.
3380 4462 3562 4527 συζῶν
3588 4481 3601 4529 ;
3632 4465 3807 4536 ἀργία

531 4567 826 4629 peragrat,
865 4565 925 4613 ut
955 4557 1210 4614 nonnihil
1246 4559 1504 4616 utilitatis
1533 4562 1894 4618 nanciscatur
1930 4582 1944 4620 :
1977 4565 2106 4637 quid

2225 4557 2323 4629 γὰρ
2365 4555 2704 4630 κακουργίας
2755 4559 2919 4630 ἀρχή.
2974 4557 3182 4629 Μηδεὶς
3232 4558 3452 4626 ἄγνοιαν
3516 4577 3807 4630 assequar-

529 4659 590 4705 tu
621 4649 877 4706 dicturus
909 4665 1003 4715 es,
1035 4650 1130 4722 qui
1169 4650 1339 4706 vitam
1394 4652 1508 4709 otio
1557 4655 1870 4727 transigts?
1920 4657 2106 4715 Otium

533 4740 676 4798 cnim
717 4741 902 4812 ﬂagitii
939 4741 1158 4797 initium
1187 4751 1296 4799 est.
1333 4741 1448 4801 Nec
1485 4760 1616 4801 vero
1648 4753 1735 4802 est
1768 4752 1920 4820 quod
1955 4752 2110 4822 quis-

506 4827 699 4905 quam
735 4832 1030 4888 amentiam
1071 4841 1352 4890 causetur.
1390 4832 1679 4893 Naturalis
1718 4838 1928 4911 quippe
1968 4842 2149 4925 ratio.

534 4926 696 4984 nobis
728 4927 895 4983 insita
925 4933 1042 4993 est,
1073 4941 1195 4997 qua:
1225 4935 1340 4982 tum
1372 4929 1827 5000 cOnjunctionem
1854 4947 1982 4988 cum
2012 4933 2111 4989 bo-

535 5035 641 5088 no,
673 5029 789 5076 tum
824 5019 1172 5076 aversionem
1215 5020 1282 5076 ab
1321 5019 1391 5077 iis
1429 5038 1551 5092 qua:
1590 5024 1906 5092 perniciosa
1940 5035 2109 5096 sunt,

531 5113 794 5170 ostendit.
844 5110 1028 5169 Pisces
1082 5112 1189 5184 legi
1239 5112 1330 5168 Dei
1387 5113 1611 5169 minime
1645 5117 2017 5185 reluctantur,
2048 5133 2112 5175 ac

536 5220 636 5261 nos
669 5204 921 5260 homines
948 5203 1214 5259 salutaria
1239 5205 1569 5260 documenta
1597 5220 1710 5262 non
1740 5207 2111 5268 sustinemus.

2217 4648 2412 4715 ζέσθω.
2439 4648 2669 4714 Φυσικδς
2707 4647 2866 4719 λύγος
2894 4648 3167 4703 οἰκείωσιν
3196 4651 3327 4722 ἡμῖν
3350 4650 3443 4704 τοῦ
3477 4652 3683 4718 καλοῦ,
3717 4656 3808 4709 καὶ

2214 4742 2568 4818 ἀλλοτρῖωσιν
2629 4743 2736 4799 ἀπὸ
2796 4742 2906 4797 τῶν
2969 4741 3247 4815 βλαϐερῶν
3319 4744 3650 4810 ὑποδεικνὺς
3715 4749 3804 4817 ἐτι

2216 4834 2615 4906 κατέσπαρται.
2655 4832 2873 4905 Ἰχθύεςξ
2905 4834 3006 4888 ούκ
3050 4833 3391 4903 ἀντιλέγουσι
3443 4836 3599 4908 νόμῳ
3639 4839 3802 4901 Θεοῦ,

2217 4929 2312 4983 καὶ
2353 4926 2628 4997 ἄνθρωποι
2679 4926 2968 4998 σωτηρίων
3010 4925 3396 4998 διαταγμάτων
3435 4929 3538 4982 οὐκ
3604 4931 3805 5003 ἀνεχό-

2223 5021 2382 5094 μεῧα.
2406 5019 2496 5090 Μὴ
2531 5019 2865 5091 καταφρόνει
2893 5019 3003 5087 τῶν
3035 5020 3252 5090 ἰχθύων,
3283 5021 3470 5092 ἐπειδὴ
3499 5021 3689 5091 ἄλογα
3719 5027 3807 5078 καὶ

2219 5117 2410 5188 ἄφωνα
2446 5112 2759 5178 παντελῶς·
2809 5112 2943 5167 ἀλλά
2983 5114 3077 5168 καὶ
3117 5115 3322 5168 τούτων
3355 5113 3709 5187 ἀλογώτερος
3740 5112 3806 5178 εἷ,

2222 5211 2288 5282 τῇ
2315 5207 2555 5272 διατάξει
2577 5205 2669 5259 τοῦ
2701 5206 3004 5270 Κτίσαντος
3025 5205 3437 5278 ἀνθιστάμενος.

534 5304 614 5359 Ne.
645 5317 709 5357 eo
744 5302 966 5356 nomine
1005 5299 1183 5371 pisces
1224 5311 1589 5369 contemnas,
1639 5303 1787 5374 quod
1834 5303 2097 5380 ratione,
2131 5304 2276 5374 quod
2315 5318 2450 5359 voce
2481 5307 2729 5358 careant.
2774 5298 2856 5355 Tu
2890 5301 3038 5357 enim
3095 5299 3180 5357 bis
3229 5317 3447 5374 quoque
3494 5303 3801 5360 irrationa-

535 5398 702 5459 bilior
738 5410 832 5459 es,
869 5392 963 5465 qui
1000 5392 1281 5451 Creatoris
1317 5394 1495 5451 edicto
1530 5394 1861 5452 adverseris.

607 5488 843 5562 impium
900 5497 984 5545 est
1040 5488 1286 5559 proﬁteri
1342 5489 1712 5560 impossibilia
1768 5506 1929 5560 esse,
1988 5509 2115 5564 qua:

539 5585 786 5655 Spiritus
822 5583 1092 5656 prtccipit.

609 5676 668 5733 S.
712 5675 865 5748 Greg.
907 5674 1072 5746 Nysi.
1103 5705 1172 5719 --
1199 5673 1512 5731 Admistum
1543 5683 1755 5731 natura:
1791 5677 1995 5733 malum
2030 5687 2116 5736 est

2303 5490 2524 5549 Ἀσεϐὲς
2555 5487 2615 5542 τὸ
2640 5487 2818 5558 λέγειν
2845 5483 3078 5542 ἀδύνατα
3103 5485 3171 5540 τά
3202 5485 3295 5540 τοῦ
3316 5485 3637 5558 Πνεύματος
3667 5505 3811 5561 παρ-

2219 5589 2390 5661 αγγέλ
2397 5604 2561 5660 ματα.

2302 5681 2696 5751 Ἀνακέκραται
2727 5677 2788 5733 τδ
2830 5677 2999 5733 κακὸν
3055 5677 3191 5750 πρὸς
3229 5678 3329 5752 τὴν
3370 5681 3533 5749 φύσιν
3566 5679 3660 5734 διὰ
3699 5681 3810 5732 τῶν

543 5787 640 5846 per
668 5786 764 5826 eos
788 5770 882 5842 qui
911 5771 978 5825 ab
1013 5769 1171 5825 initio
1208 5769 1402 5825 vitium
1438 5770 1819 5840 admiserunt,
1850 5772 1980 5830 dum
2019 5789 2106 5846 per

2225 5776 2281 5844 ἐξ
2303 5775 2479 5848 ἀρχῆς
2506 5772 2968 5846 παραδεξαμένων
2995 5771 3054 5824 τὸ
3073 5771 3268 5837 πάθος,
3287 5770 3397 5826 τῶν
3420 5772 3506 5827 διὰ
3530 5772 3625 5844 τῆς
3664 5789 3810 5840 παρη

548 5862 1012 5934 inobsequeutiam
1055 5861 1263 5919 aditum
1299 5861 1491 5920 morbo
1526 5873 1883 5936 aperuerunt.

2222 5866 2391 5939 ἀκοῆς
2416 5865 2862 5939 εἰσοικισαμένων
2903 5865 2998 5937 τὴν
3021 5865 3193 5921 νόσον.
