4014 6302
214 369 357 440 ηας

1482 383 1716 451 SACRA
1747 386 2213 451 PARALLELA.

3343 378 3484 450 1430

297 501 317 538 t
351 484 585 553 Τελείως
625 487 886 546 ιλπίσατε
933 491 1030 548 ἐπὶ
1080 493 1181 564 τὴν
1211 492 1511 569 δεδομένην
1544 496 1679 571 ὑμῖν
1715 497 1801 569 χά‹

1985 497 2017 553 ι
2043 496 2195 556 Petr.
2256 511 2296 564 ι,
2326 496 2410 553 l3.
2443 524 2516 537 --
2544 511 2566 548 ι
2592 490 2846 552 Perfecto
2883 500 3103 565 sperate
3123 495 3182 549 in
3215 505 3339 552 eam
3363 506 3487 565 qua:

222 591 333 642 ριν.
363 596 386 626 ι

293 672 582 748 Πείσωμεν
610 677 864 746 ἑαυτοὺς,
896 679 1139 751 ἀδελφοὶ,
1171 681 1230 736 ἰν
1265 681 1446 756 καιρῷ
1473 683 1805 757 πειρασμοῦ,

221 767 300 838 μὴ
324 768 460 841 πρὸς
493 769 846 842 ἀνθρωπίνας
891 770 1115 839 ἐλπίδας
1158 774 1509 847 ἀποτρέχειν,
1553 775 1648 832 καὶ
1674 776 1806 832 tau-

220 859 334 924 τοῖς
367 858 466 925 τὰς
518 859 774 933 βοηθείας
817 861 1117 935 θηρᾶσθαι,
1159 863 1274 920 ἀλλ’
1320 865 1379 921 ὲν
1436 867 1671 941 δάκρυσι
1711 867 1807 923 καὶ

223 954 572 1023 στεναγμοῖς,
608 955 705 1008 καὶ
738 953 1013 1028 φιλοπόνῳ
1055 961 1358 1031 προσευχῇ,
1399 960 1496 1014 καὶ
1529 960 1808 1034 ἀγρυπνίᾳ

217 1045 426 1116 εὐτόνῳ
456 1044 555 1110 τὰς
576 1046 795 1120 δεήσεις
838 1049 1131 1108 ποιεῖσθαι.
1166 1050 1357 1115 Οὕτως
1387 1051 1498 1126 γὰρ
1539 1052 1806 1124 λαμϐάνει

220 1138 481 1210 βοήθειαν
531 1141 597 1197 ἑκ
644 1141 897 1213 θλίψεως.
935 1145 966 1198 ό
1005 1145 1105 1215 τῆς
1142 1145 1494 1220 ἀνθρωπίνης
1549 1145 1806 1220 βοηθείας

217 1228 301 1296 ὡς
341 1231 583 1301 ματαίας
611 1234 997 1307 καταφρονῶν.

303 1323 612 1396 Ἀμὴχανόν
651 1325 771 1380 ἐστι
808 1325 902 1381 τοῦ
947 1327 1136 1394 τέλους
1159 1330 1416 1384 ἐκπεσεῖν
1443 1328 1535 1386 τὸν
1560 1329 1658 1403 ὅλῃ
1686 1331 1805 1388 δια-

219 1415 343 1488 νοίᾳ
387 1416 469 1482 είς
512 1417 605 1471 τὸν
647 1417 781 1473 Θεὸν
806 1419 1117 1487 ἐλπίζοντα,
1164 1422 1264 1477 καὶ
1300 1420 1370 1476 τὰ
1425 1423 1554 1496 παρ’
1611 1422 1807 1479 ἑαυτοῦ

221 1506 404 1563 πάντα
449 1508 796 1581 είσφὲροντα·
849 1510 1112 1570 ἀδύνατόν
1151 1530 1276 1570 τινα
1321 1516 1525 1588 σπουδῇ
1582 1513 1807 1588 χρώμε-

220 1617 336 1666 νον,
359 1600 452 1654 καὶ
481 1603 836 1675 μεριμνῶντα
865 1605 1007 1678 ὑπὲρ
1029 1606 1128 1676 τῆς
1156 1607 1350 1663 ἑαυτοῦ
1380 1608 1678 1681 σωτηρίας,
1711 1610 1807 1664 καὶ

215 1691 292 1745 τά
333 1695 464 1764 παρ’
499 1695 693 1748 ἑαυτοῦ
745 1697 925 1751 πάντα
972 1698 1443 1772 ἐπιδεικνύμενον,
1483 1702 1808 1772 ἐγκαταλει-

221 1785 430 1859 φθῆναι
485 1804 614 1842 ποτε
674 1789 780 1845 ὑπὸ
828 1790 925 1845 τοῦ
957 1792 1115 1846 Θεοῦ.
1150 1793 1319 1850 ὀταν
1354 1794 1671 1869 μηδαμόθεν
1713 1796 1809 1852 ἀν-

220 1877 507 1952 θρωπίνης
538 1881 790 1954 βοηθείας
833 1883 992 1949 ἰλπὶς
1048 1887 1181 1960 ἡμῖν
1241 1886 1485 1962 ὕπάρχῃ.
1541 1888 1619 1960 μὴ
1667 1889 1806 1944 ἀποο

1907 591 2076 648 datur
2102 590 2259 647 vobis
2287 585 2542 662 gratiam.
2582 605 2602 642 ι

1986 683 2046 742 S.
2084 684 2255 741 Basil.
2279 685 2336 739 in
2364 681 2515 739 Ptol.
2544 695 2660 740 us.
2684 710 2758 726 ---
2785 680 2901 738 Hoc
2960 681 3124 740 nobis
3149 681 3484 755 persuadeao

1909 791 2055 842 mus,
2093 775 2316 842 fratres,
2363 782 2425 831 ut
2462 773 2788 833 tentationis
2826 781 3074 848 tempore
3111 774 3178 830 ad
3213 775 3486 830 humanas

1910 885 2039 942 spes
2070 867 2298 926 minime
2322 866 2734 941 confugiamus,
2763 867 3004 940 hincque
3036 866 3204 923 nobis
3232 864 3482 925 subsidia

1907 976 2191 1029 venemur,
2221 959 2318 1018 sed
2348 977 2476 1016 cum
2510 961 2766 1034 lacrymis
2787 969 2842 1017 et
2861 960 3174 1033 gemitibus,
3208 975 3272 1016 ac
3293 957 3484 1016 sedula

1908 1053 2186 1123 oratione,
2241 1052 2587 1124 intentisque
2640 1053 2846 1126 vigiliis
2896 1059 3024 1108 vota
3068 1050 3353 1109 faciamus.
3387 1051 3482 1108 Sic

1905 1145 2057 1202 enim
2087 1129 2354 1202 auxilium
2380 1144 2449 1202 de.
2475 1142 2839 1200 tribulatione
2861 1144 3086 1214 accipit,
3105 1157 3265 1215 opem
3287 1142 3482 1198 huma-
3515 1217 3520 1222 '

1907 1254 2059 1305 nam,
2091 1238 2173 1294 uti
2210 1251 2426 1294 cassam
2459 1244 2810 1307 aspernatur.

1983 1329 2059 1386 S.-
2077 1327 2356 1401 Chrysost.
2381 1357 2454 1372 ——
2480 1326 2624 1384 Fieri
2659 1343 2770 1384 non
2802 1334 2984 1400 potest
3015 1334 3076 1382 ut.
3099 1334 3286 1400 optato
3304 1325 3350 1384 is
3377 1339 3478 1382 ex-

1907 1421 2058 1479 cidat
2088 1421 2215 1487 line,
2249 1422 2345 1494 qui
2376 1428 2488 1476 tota
2529 1430 2712 1476 mente
2739 1419 2795 1476 in
2818 1419 2929 1477 Deo
2948 1427 3154 1492 sperat,
3177 1425 3231 1476 et
3263 1433 3328 1475 ea
3358 1433 3482 1490 qua:

1908 1529 2137 1571 suorum
2174 1523 2303 1572 sunt
2335 1517 2574 1584 partium
2595 1513 2784 1572 obeat.
2804 1511 2943 1570 ﬁeri
2967 1528 3076 1569 non
3099 1519 3278 1582 potest
3300 1521 3361 1567 ut
3380 1513 3475 1583 qui

1908 1607 2153 1666 studium
2181 1616 2236 1664 et
2261 1607 2606 1679 diligentiam
2629 1605 2942 1661 adhibendo
2966 1604 3164 1662 salutis
3189 1619 3303 1662 suae
3324 1603 3478 1662 solli-

1907 1699 2058 1758 citus
2075 1709 2184 1768 est,
2220 1714 2285 1757 ac
2318 1699 2502 1754 omnia
2530 1704 2758 1769 praestat
2787 1713 2916 1768 quae
2938 1694 3182 1754 muneris
3213 1697 3300 1755 sui
3322 1702 3478 1761 sunt,

1909 1806 1940 1850 a
1977 1793 2082 1850 Deo
2113 1806 2354 1865 unquam
2386 1789 2699 1848 deseratur.
2725 1788 2827 1848 Ubi
2860 1789 3085 1847 humani
3113 1789 3311 1847 auxilii
3349 1804 3479 1864 spes

1909 1883 2063 1940 nulla
2110 1898 2179 1940 ex
2211 1893 2367 1955 parte
2399 1880 2564 1937 nobis
2616 1880 2862 1954 aﬂulget,
2890 1895 2959 1936 no
2994 1887 3282 1954 propterea
3322 1893 3476 1950 spem

221 1973 467 2048 γνῶμεν,
520 1975 596 2049 μὴ
649 1979 1028 2052 ἀτονησωμεν,
1066 1979 1204 2037 ἀλλὰ
1243 1983 1344 2057 τὴν
1409 1984 1660 2055 ἄγκυραν
1707 1984 1801 2056 τῆς

1909 1978 2260 2050 ahjiciamus,
2323 1973 2636 2046 animisque
2671 1973 2988 2046 frangantur
3022 1979 3078 2030 et
3101 1970 3479 2037 debilitentur,

222 2069 460 2133 metes);
512 2070 946 2143 ἀναρπάσωμεν.
994 2071 1271 2145 Ῥίψωμεν
1300 2075 1361 2131 τὸ
1396 2074 1680 2146 ἐργαλεῖον
1706 2077 1801 2149 τῆς

1907 2084 2097 2126 rerum
2156 2065 2279 2124 lidei
2328 2065 2634 2125 ancboram
2685 2065 3046 2137 arripiamus.
3111 2061 3478 2136 Projiciamus

222 2158 457 2225 ἐλπίδος,
495 2161 572 2231 μὴ
602 2163 683 2226 είς
713 2161 1013 2228 θάλασσαν,
1045 2165 1159 2218 ἀλλ’
1189 2167 1272 2230 είς
1298 2166 1390 2221 τὸν
1425 2167 1677 2240 οὐρανὸν,
1711 2169 1809 2226 καὶ

220 2252 287 2306 τδ
340 2252 740 2327 κειμαζόμενον
781 2257 990 2328 σκάφος
1025 2257 1138 2312 τῶν
1181 2258 1444 2316 κινδύνων
1487 2261 1807 2336 ἀπαλλαγή-

224 2362 287 2400 σε
296 2362 406 2402 ται.

291 2439 392 2508 Mi)
433 2441 748 2498 πεποίθετε
775 2443 868 2498 ἐπ’
896 2442 1226 2515 ἄρχοντας’
1265 2445 1342 2520 μὴ
1372 2447 1670 2522 ἐπαίρεσθε
1710 2449 1807 2506 ἀπὶ

221 2533 457 2588 πλούτου
492 2533 809 2606 ἀδηλότητι·
859 2535 934 2609 μὴ
973 2541 1222 2610 φρονεῖτε
1275 2541 1370 2596 ἐπὶ
1417 2539 1647 2612 δυνάμει
1700 2541 1806 2598 cdt-

224 2639 424 2694 ματοςο
497 2625 573 2696 μὴ
618 2623 720 2695 τῆς
767 2626 1119 2699 ἀνθρωπίνης
1168 2627 1328 2700 δόξης
1384 2630 1446 2686 τὸ
1508 2631 1806 2705 περιφανὲς

218 2713 473 2770 διώκετε.
504 2713 675 2772 Οὐδὲν
723 2713 934 2773 τούτων
982 2719 1169 2786 σώζει.
1225 2721 1412 2776 Πάντα
1454 2724 1800 2798 πρόσκαιρα·

220 2809 402 2864 πάντα
444 2807 734 2883 ἀπατηλὰ·
788 2813 888 2885 μία
930 2812 1225 2886 καταφυγὴ
1253 2815 1280 2868 ὸ
1311 2814 1468 2881 Θεός.
1507 2815 1805 2874 Ἐπικατά-

217 2919 409 2975 ρατος,
435 2903 496 2968 ὃς
516 2903 615 2976 τὴν
642 2904 832 2962 ἐλπίδα
855 2904 968 2978 εχει
993 2905 1088 2961 ἀπ’
1103 2906 1417 2976 ἄνθρωπον,

293 3088 471 3145 ὀταν
503 3090 562 3144 ιν
593 3092 712 3156 ταῖς
739 3090 988 3163 θλίψεσιν
1029 3084 1202 3166 ὦμεν,
1246 3094 1340 3152 ἐπὶ
1373 3097 1551 3153 πάντα
1601 3099 1802 3170 μᾶλλον

1908 2163 2338 2222 instrumentum
2369 2160 2508 2233 spei,
2544 2176 2653 2219 non
2697 2160 2754 2218 in
2804 2175 2978 2227 mare,
3010 2158 3108 2218 sed
3147 2158 3204 2215 in
3240 2159 3474 2226 coelum;

1904 2271 1972 2316 ac
2033 2256 2238 2328 scapha
2269 2263 2485 2320 nostra,
2535 2268 2660 2328 qua:
2697 2259 3026 2324 tempestate
3046 2250 3308 2324 iactatur,
3332 2266 3362 2306 e
3385 2264 3480 2322 pe-

1904 2350 2098 2407 riculis
2123 2356 2395 2421 emerget.

1977 2440 2261 2514 Ejusdem.
2282 2470 2354 2483 --
2377 2437 2557 2498 Nolite
2575 2438 2838 2509 conﬁdere
2879 2438 2935 2494 in
2950 2435 3310 2509 μίηείρὶὺιε(
3323 2434 3479 2494 Paul.

1903 2552 2064 2603 extr,
2093 2535 2196 2607 1);
2227 2535 2397 2591 nolite
2449 2533 2522 2591 ob
2551 2534 2790 2589 incertas
2849 2547 2984 2605 opes
3012 2529 3215 2588 animis
3250 2529 3475 2598 extolli;

1903 2629 1975 2686 ob
1999 2629 2146 2686 vit-cs
2183 2627 2439 2700 corporis
2495 2626 2666 2684 nolite
2693 2623 2984 2698 magniﬁce
3004 2623 3079 2681 de
3095 2622 3257 2681 vobis
3282 2623 3485 2680 existi-

1901 2736 2099 2791 mare;
2151 2721 2408 2778 humana:
2449 2720 2638 2792 gloria:
2685 2717 3034 2791 splendorem
3067 2716 3239 2774 nolite
3283 2730 3486 2773 conse-

1903 2816 2068 2872 ctari.
2110 2811 2258 2870 Nihil
2315 2813 2516 2868 horum
2555 2811 2795 2868 salutem
2824 2807 3009 2866 affert.
3039 2807 3240 2865 Omnia
3265 2806 3479 2867 caduca

1904 2913 2069 2974 sunt,
2101 2905 2318 2963 fallacia
2349 2903 2556 2961 omnia.
2585 2901 2826 2962 Unicum
2856 2899 3168 2974 perfugium
3197 2897 3348 2960 Deus
3371 2909 3481 2960 est.

1905 3000 2231 3058 llaledictus
2260 3001 2423 3056 homo
2452 2999 2547 3072 qui
2569 3014 2724 3074 spem
2750 2998 2806 3056 in
2839 2997 3066 3054 homine
3098 2997 3260 3054 lixam
3286 2995 3473 3053 habet.

1967 3091 2242 3166 Ejusdem.
2262 3123 2334 3134 -—
2362 3092 2500 3150 Cum
2530 3093 2587 3150 in
2619 3091 3036 3148 calamitatibus
3067 3105 3373 3155 versamur,
3406 3089 3476 3146 ad

217 3183 510 3257 τρέχομεν,
538 3184 574 3256 ἢ
599 3185 694 3239 τὸν
727 3184 882 3240 Θεόν.
911 3186 1079 3241 Νοσεϊ
1109 3187 1172 3242 τὸ
1203 3187 1417 3244 παιδίον
1437 3205 1454 3256 ;
1478 3189 1575 3247 καὶ
1614 3191 1679 3247 σὺ
1710 3191 1801 3249 τὸν

1905 3187 2128 3261 quidvis
2201 3187 2388 3258 potius
2420 3202 2588 3260 quam
2611 3185 2681 3242 ad
2739 3185 2908 3242 Deum
2958 3186 3262 3243 currimus.
3305 3184 3474 3257 .Eger

217 3277 468 3350 ιπαῳδὸν
504 3282 884 3351 περισκοπεῖς,
929 3280 965 3352 ἢ
1003 3279 1096 3335 τὸν
1143 3280 1272 3347 τοὺς
1330 3284 1660 3356 περιεργοὺς
1704 3302 1807 3358 χαα

220 3370 500 3440 ρακτῆρας
522 3369 632 3434 τοῖς
660 3371 953 3443 τραχήλοις
968 3374 1076 3428 τῶν
1099 3373 1359 3434 ἀναιτίων
1389 3377 1618 3432 παιδίων
1645 3396 1805 3451 περι-

215 3458 438 3515 τιθέντα
470 3501 485 3525 ,
523 3460 556 3534 η
599 3463 660 3516 τὸ
700 3463 1008 3520 τελευταῖον
1057 3467 1151 3521 ἐπὶ
1189 3469 1279 3522 τὸν
1333 3469 1521 3542 ίατρὸν
1547 3469 1702 3545 ἔρχῃ.
1733 3471 1803 3526 τὰ

214 3549 490 3625 φάρμακα
523 3553 620 3609 τοῦ
664 3555 970 3628 δυναμένου
1010 3556 1206 3624 σώζειν
1236 3562 1648 3634 καταμελήσας.
1681 3564 1802 3619 Κάν

214 3644 469 3700 ζνύπνιόν
521 3663 582 3701 σε
625 3649 933 3725 ἑκταράξῃ,
967 3650 1106 3725 πρὸς
1135 3651 1226 3707 τὸν
1254 3653 1634 3726 όνειροκρίτην
1671 3657 1800 3730 τρέ-

211 3753 355 3808 χεις.
383 3739 500 3793 Κᾶν
530 3741 773 3814 φοϐηθῇς
802 3743 983 3815 ἐχθρὸς
1003 3788 1018 3812 ,
1070 3747 1385 3819 προστάτην
1414 3747 1512 3804 ἕνα
1558 3749 1666 3804 τῶν
1709 3751 1801 3802 ἀν-

215 3829 453 3904 θρώπων
504 3839 813 3906 περινοεῖς⁸
866 3839 963 3892 καὶ
1016 3837 1154 3904 ὅλως
1206 3840 1291 3909 ἐφ’
1343 3842 1581 3914 ἑκάστης
1609 3841 1800 3915 χρείας

212 3923 444 3998 ἐλέγχῃ,
483 3925 689 3996 ῥήματι
729 3926 830 3996 μὲν
863 3929 1148 3999 ὀνομάζων
1177 3930 1269 3984 τὸν
1297 3930 1431 3986 Θεὸν
1451 3932 1800 4006 καταφυγὴν,

211 4015 364 4087 ἔργῳ
391 4016 448 4069 δὲ
468 4017 566 4088 τὴν
589 4019 654 4071 ὲκ
679 4019 790 4073 τῶν
809 4020 1112 4092 ἀνωφελῶν
1139 4022 1234 4078 καὶ
1264 4024 1508 4095 ματαίων
1541 4024 1801 4098 βοήθειαν

212 4108 626 4181 ἐπισπώμενος.
663 4112 817 4168 Ἐστι
861 4114 918 4168 δὲ
949 4115 1030 4184 τῷ
1061 4114 1255 4188 δικαίῳ
1304 4116 1533 4190 ἀληθινὴ
1573 4118 1796 4191 βοήθεια

207 4203 240 4257 ὁ
289 4201 443 4267 Θεὸς,
492 4204 683 4276 ὥσπερ
732 4223 820 4271 τις
868 4208 1178 4280 στρατηγὸς
1223 4208 1504 4266 ὁπλιτικὸν
1549 4213 1797 4282 γενναῖον

207 4293 603 4370 ἐξηρτημένος,
625 4299 840 4370 ἕτοιμος
872 4303 960 4354 ἀεὶ
990 4301 1207 4375 βοηθεῖν
1229 4304 1309 4375 τῷ
1334 4305 1797 4381 καταπονουμένῳ

212 4390 399 4461 μέρει,
418 4389 591 4457 οὕτως
610 4395 639 4446 ό
662 4393 795 4458 Θεὸς
825 4394 1016 4466 βοηθὸς
1041 4399 1074 4467 ἡ
1084 4396 1202 4468 μῶν
1243 4399 1413 4454 ἔστιν.

1906 3293 1990 3340 est
2017 3282 2207 3342 illius?
2257 3284 2660 3340 ineantatorem
2721 3280 3174 3346 circumlustras,
3227 3289 3324 3336 aut
3351 3295 3476 3336 eum

1905 3377 2000 3449 qui
2034 3393 2208 3436 vanos
2242 3379 2512 3451 quosdam
2541 3378 2897 3434 characteres
2929 3375 3305 3453 innocentium
3342 3389 3476 3446 pue-

1905 3487 2093 3528 rorum
2147 3471 2306 3528 collis
2359 3471 2625 3544 imponat,
2675 3477 2770 3525 aut
2791 3469 2986 3526 saltem
3015 3467 3084 3524 ad
3116 3467 3390 3524 medicum
3423 3474 3480 3523 et

1903 3565 2193 3636 pharmaca
2219 3580 2481 3638 properas
2513 3583 2526 3620 :
2564 3563 2812 3636 neglecto
2843 3563 3058 3620 interim
3113 3576 3181 3618 co
3203 3562 3296 3634 qui
3330 3562 3478 3618 salu-

1902 3661 1973 3716 tis
2005 3658 2322 3715 asserenda;
2351 3663 2677 3729 potestatem
2719 3655 2912 3713 habet.
2943 3654 3002 3712 Si
3058 3656 3395 3712 insomnium
3425 3665 3478 3712 te

1897 3751 2174 3825 quoddam
2199 3749 2577 3815 conturbavit,
2634 3747 2702 3803 ad
2737 3749 3083 3805 somniorum
3119 3747 3477 3818 interpretem

1899 3851 1951 3900 te
1984 3842 2227 3898 confers.
2263 3839 2319 3896 Si
2352 3839 2564 3896 hostem
2619 3837 2992 3912 pertimescis,
3025 3838 3269 3895 humi-nis
3303 3838 3479 3895 alicu-

1894 3935 1989 4006 jus
2017 3932 2395 4006 patrocinium
2424 3931 2656 4004 cogitas.
2688 3930 2890 4003 Atque,
2924 3939 2984 3987 ut
3011 3932 3205 4002 paucis
3235 3932 3480 4005 comple-

1900 4044 2042 4094 ctar,
2099 4028 2154 4084 in
2218 4025 2465 4097 qualibet
2514 4025 2850 4081 necessitate
2891 4023 3252 4096 compereris,
3309 4024 3479 4079 verbo

1900 4121 2125 4195 quidem
2159 4119 2331 4177 Deum
2351 4118 2662 4192 perfugium
2687 4124 2842 4174 tuum
2864 4116 3164 4189 appellare,
3204 4131 3265 4174 re
3291 4123 3475 4172 autem

1900 4215 2017 4286 ipsa
2051 4228 2313 4270 vanarum
2341 4221 2399 4268 et
2427 4211 2710 4270 inutilium
2742 4210 3060 4276 rerumtibi
3089 4208 3357 4266 auxilium
3384 4224 3477 4265 ac-

1901 4324 2138 4368 cersere.
2175 4311 2245 4365 At
2297 4324 2426 4366 vero
2471 4308 2622 4382 justo
2677 4305 2890 4364 homini
2943 4305 3224 4363 auxilium
3277 4321 3474 4362 verum

1903 4401 2049 4459 Deus
2083 4411 2190 4460 est.
2226 4401 2388 4458 Velut
2421 4403 2570 4458 enim
2605 4401 2908 4474 imperator
2940 4399 3216 4456 exercitus
3236 4398 3473 4472 egregiis

208 4486 388 4544 armis
444 4487 770 4555 instructus,
822 4505 1039 4562 semper
1069 4483 1274 4563 praesto
1306 4500 1392 4550 est
1444 4493 1709 4550 auxilium
1743 4492 1889 4552 ferre
1933 4511 2272 4568 suppresso,
2335 4493 2417 4552 sic
2478 4507 2701 4565 quoque
2748 4492 2892 4548 Deus
2945 4491 3106 4548 nobis
3157 4488 3472 4562 adjumento

208 4590 319 4638 est.

284 4675 505 4742 Νοσεῖ;;
527 4677 774 4750 εὐθύμει.
787 4682 896 4732 Ὃν
916 4681 1028 4751 τὰρ
1041 4680 1243 4754 ἀγαπᾷ
1262 4687 1495 4754 Κύριος,
1510 4685 1797 4741 παιδεύει.

1972 4683 2033 4741 S.
2083 4685 2300 4740 Basilii.
2321 4715 2390 4726 --
2419 4683 2612 4739 Morbo
2664 4644 2923 4740 laboras?
2964 4694 3126 4751 aequo
3156 4677 3343 4735 animo
3370 4679 3470 4736 sis.

209 4769 557 4842 Πτωχεύειςς
599 4773 918 4842 εὐφραίνου,
970 4773 1054 4827 ὅτι
1109 4774 1361 4847 Λαζάρου
1404 4793 1462 4830 σε
1498 4779 1568 4831 τὰ
1615 4777 1795 4846 ἀγαθά

205 4863 530 4927 διαδέξεται.
571 4864 844 4938 Ἀτιμάζῃ
883 4865 974 4919 διὰ
1006 4864 1068 4919 τὸ
1096 4867 1270 4938 ὄνομα
1307 4869 1545 4940 Χριστοῦ
1574 4887 1588 4936 ;
1621 4872 1798 4943 μακά-

211 4974 330 5028 ριος
361 4955 428 5022 εἷ,
459 4959 540 5012 ὅτι
567 4973 651 5012 σοι
678 4960 713 5030 ἡ
747 4959 978 5032 αἰσχύνη
1031 4963 1112 5026 είς
1161 4961 1317 5028 δόξαν
1366 4963 1600 5033 ἀγγέλου
1635 4982 1796 5037 μετα-

208 5049 566 5121 ϐληθήσεται.

283 5241 424 5306 Κᾶν,
470 5241 547 5308 ὡς
577 5243 708 5314 φὴς,
733 5244 1056 5316 τελευτῆσαι
1081 5239 1234 5310 οὗτος
1272 5247 1300 5299 ό
1345 5245 1586 5319 πάτρων,
1635 5247 1794 5301 πάλιν

208 5333 401 5407 ἕτερον
431 5334 692 5408 πάτρωνά
712 5353 796 5391 σοι
820 5337 1167 5411 ἀγαθὼτερον
1193 5340 1407 5406 τούτου,
1439 5340 1533 5393 καὶ
1562 5340 1792 5410 μεγαλο-

205 5427 509 5500 ψυχότερον
539 5431 570 5483 ό
595 5429 799 5502 Κύριος
839 5430 1090 5504 παρέξει,
1137 5432 1234 5488 ὲάν
1273 5435 1371 5506 τὴν
1429 5435 1610 5487 πίστιν
1654 5436 1791 5507 πρὸς

206 5519 377 5574 αὑτὸν
391 5524 393 5526 ’
407 5519 558 5596 ἔχῃς.

294 5613 354 5667 '0
393 5614 482 5670 ἐπ’
508 5614 801 5686 ἄνθρωπον
824 5615 1082 5686 ἐλπίζων,
1102 5617 1136 5690 ἢ
1160 5617 1256 5696 ὄπ’
1276 5617 1402 5674 ἀλλο
1425 5637 1477 5674 τι
1507 5618 1617 5674 τῶν
1646 5619 1789 5676 κατὰ

204 5705 330 5784 pios
375 5711 859 5782 μετεωριζόμενος,
924 5705 1039 5766 οἷον
1087 5711 1183 5766 hci
1223 5710 1543 5767 δυναστείαν
1583 5711 1617 5785 ἢ
1651 5714 1788 5785 χρή·

1901 4777 2068 4845 Quem
2092 4778 2230 4835 enim
2263 4776 2405 4832 Deus
2437 4776 2634 4846 diligit,
2665 4775 2802 4830 hunc
2847 4773 3100 4844 castigat.
3138 4772 3338 4839 (Hebr.
3374 4789 3468 4837 nt,

1898 4872 1930 4926 6
1959 4873 2000 4939 ).
2033 4871 2292 4943 Egestate
2322 4869 2628 4942 premeris?
2651 4867 2854 4940 gaude,
2877 4867 3004 4938 quia
3036 4879 3088 4922 te
3109 4865 3301 4922 Lauri
3320 4865 3471 4922 bona

1899 4974 2199 5036 exceptura
2233 4978 2380 5019 sunt.
2419 4961 2724 5035 Ignominia
2760 4961 2829 5016 ob
2859 4959 3066 5016 Christi
3095 4975 3292 5015 nomen
3350 4959 3468 5014 alli-

1899 5058 2298 5115 cerislbeatus
2329 5071 2389 5114 es
2421 5073 2434 5110 :
2469 5058 2602 5128 quia
2635 5053 2934 5127 ignominia
2965 5062 3056 5107 tua
3084 5053 3138 5108 in
3167 5053 3468 5123 angelicam

1899 5151 2126 5224 gloriam
2155 5158 2526 5206 convertetur.

1971 5239 2028 5295 S.
2075 5237 2301 5293 Nili.-—-
2333 5238 2618 5306 Quamvis,
2663 5247 2721 5294 ut
2773 5237 2880 5304 ais,
2914 5247 3178 5308 patronus
3205 5237 3309 5294 iste
3337 5246 3465 5292 tuus

1898 5342 2072 5389 morte
2130 5334 2293 5388 vitam
2350 5333 2720 5398 commutarit,
2776 5347 2972 5388 rursus
3017 5338 3201 5386 tamen
3233 5333 3465 5387 alterum

1899 5428 1995 5482 tibi
2027 5436 2320 5499 patronum
2378 5428 2469 5485 illo
2509 5428 2796 5483 meliorem
2829 5426 3469 5498 magniﬁcentioremque

1893 5520 2162 5578 Dominus
2190 5521 2469 5593 praebebit,
2499 5521 2544 5578 si
2570 5520 2730 5577 iidem
2763 5519 2818 5575 iu
2846 5519 3027 5590 ipsum
3064 5519 3292 5574 habeas.

1960 5613 2117 5690 561
2149 5615 2208 5672 S.
2232 5615 2404 5672 Basil.
2442 5617 2497 5671 in
2553 5613 2707 5672 Paul.
2767 5629 2862 5670 ut.
2910 5643 2977 5660 ο·-
3013 5611 3114 5679 Qui
3151 5612 3206 5667 in
3247 5611 3467 5669 homine

1891 5725 2044 5781 spem
2084 5712 2317 5773 collocat
2358 5726 2536 5778 suam,
2567 5709 2650 5765 vel
2678 5709 2752 5764 ob
2784 5709 2952 5765 ullam
2989 5724 3104 5764 rem
3159 5709 3320 5762 aliam
3361 5706 3463 5764 hu-

207 5818 384 5876 ματα,
433 5802 468 5858 ἦ
517 5820 572 5857 τι
628 5804 739 5859 τῶν
787 5804 942 5867 παρὰ
999 5803 1215 5871 πολλοῖς
1244 5805 1621 5878 νομιζομένων
1649 5813 1786 5878 εῇναι

1905 5808 2044 5862 Lusco
2081 5802 2487 5875 vitai‘ellertur,
2519 5814 2648 5877 puta
2696 5804 2767 5860 ob
2809 5804 3134 5877 potentiam,
3183 5810 3278 5858 aut
3304 5816 3458 5873 opes,

200 5897 508 5972 λαμπρῶν,
557 5898 619 5952 οὐ
681 5898 907 5958 δύναται
947 5902 1156 5958 εἰπεῖν*
1220 5901 1354 5962 Ἐπί
1417 5901 1528 5973 ad,
1582 5901 1784 5980 Κύριε,

1892 5908 1982 5957 aut
2018 5899 2517 5974 quidquatneorum
2547 5887 2668 5976 quae
2718 5896 2880 5970 vulgo
2927 5896 3192 5970 praeclara
3226 5911 3460 5957 ccnseuo
