4014 6302
326 379 465 453 M33

1593 385 1832 450 SACRA
1872 384 2338 450 PABALLELA.

3436 377 3578 447 1438

391 516 413 552 ι
446 498 783 573 Εὐφράνθην
812 500 907 556 ἐπὶ
933 501 1048 567 τοῖς
1064 500 1316 577 είρηκόσι
1356 519 1472 576 μοι,
1499 502 1593 568 El;
1611 495 1762 558 οἷκον
1786 503 1902 557 Ko-

2077 498 2234 556 Ρεαί.
2268 514 2419 569 cur,
2470 503 2525 559 l.
2592 530 2666 547 --
2718 522 2740 562 ι
2777 503 3024 563 Lanatus
3076 513 3199 558 sum
3255 498 3311 555 in
3341 498 3413 558 iis
3454 514 3577 571 qua:

322 589 442 658 ρίου
472 591 875 664 πορευσόμεθα.
910 612 931 648 ι

392 699 417 736 σ
448 681 653 755 Κύριος
671 683 731 740 ὲν
743 682 857 756 ναῷ
883 684 1026 758 ἀγίῳ
1047 683 1237 754 αὐτοῦ,
1259 683 1594 741 εὐλαϐείσθω
1610 682 1721 741 ἀπὸ
1734 699 1905 757 προσ-

318 775 470 831 ώπου
499 774 667 832 αὐτοῦ
684 777 835 832 πᾶσα
862 778 898 851 ἠ
921 777 1013 851 γῆ.
1042 795 1063 833 ι
1874 832 1883 840 .

394 882 418 919 ί
480 867 717 941 Μεγάλη
781 870 939 925 ἔσται
991 872 1027 944 ή
1090 869 1220 939 δόξα
1263 868 1456 927 τούτου
1507 867 1604 924 τοῦ
1662 871 1814 927 οίκου
1866 868 1903 940 ἡ

323 956 533 1030 ισχάτη
587 959 729 1033 ὑπὲρ
780 958 884 1033 τὴν
915 958 1162 1035 πρώτην,
1213 960 1368 1032 λέγει
1412 959 1620 1034 Κύριος
1641 952 1905 1017 δ’παντο·

323 1048 569 1123 κράτωρ.
601 1070 622 1107 ι

398 1160 421 1195 ι
452 1141 617 1199 Δεῦτε
643 1183 659 1209 ,
722 1143 1016 1218 ἀναδῶμεν
1078 1147 1162 1213 είς
1226 1146 1291 1202 τὸ
1337 1146 1465 1220 δρος
1504 1145 1761 1223 Κυρίου,
1803 1145 1903 1201 καὶ

325 1236 407 1304 είς
434 1237 528 1293 τὸν
557 1234 709 1295 οἶκον
767 1237 865 1293 τοῦ
898 1239 1040 1297 Θεοῦ
1089 1240 1309 1298 Ἰακώϐ.
1349 1241 1601 1312 ’Δγγιλεῖ
1635 1242 1768 1313 ἡμῖν
1802 1241 1903 1316 τὴν

323 1329 443 1387 ὁδὸν
462 1331 650 1387 αὑτοῦ.
680 1352 701 1387 t

400 1445 424 1481 ι
469 1427 530 1482 ’0
554 1422 703 1494 οἶκός
737 1446 839 1501 μου
879 1424 1031 1496 οἶκος
1065 1427 1378 1501 προσευχῆς
1401 1427 1740 1502 κληθήσεται
1768 1429 1905 1485 πᾶσι

322 1520 437 1583 τοῖς
464 1518 697 1576 ἔθνεσιν.
732 1540 754 1573 ι

399 1628 420 1663 ι
470 1610 560 1675 Ὠς
619 1612 797 1683 μέγας
828 1613 857 1667 6
888 1607 1037 1678 οἶκος
1066 1613 1162 1667 τοῦ
1215 1612 1379 1681 Θεοῦ,
1437 1612 1533 1668 καὶ
1577 1613 1827 1687 εὐμήκης
1871 1616 1901 1669 6

324 1705 488 1768 τόπος
526 1704 626 1777 τῆς
660 1703 894 1771 κτίσεως
920 1705 1121 1762 αὐτοῦί
1170 1706 1387 1778 Μέγας,
1410 1705 1509 1763 καὶ
1541 1707 1644 1762 οὐκ
1665 1706 1781 1779 ἔχει
1809 1723 1904 1762 τε-

322 1795 521 1869 λευτήν
539 1813 553 1828 ’
582 1796 787 1871 ὑψηλὸς
812 1799 905 1853 καὶ
924 1796 1256 1873 ἀμέτρητος.
1292 1818 1314 1852 ι

2003 594 2267 652 dixerunt
2290 595 2426 653 mihi
2452 613 2470 653 :
2513 594 2569 651 ln
2601 594 2830 653 domum
2851 594 3071 653 Domini
3106 593 3330 651 ibimus.
3356 612 3378 648 ι

2074 692 2285 746 Babae.
2309 705 2372 756 ιι,
2400 689 2489 747 10.
2526 707 2643 744 -ι
2676 688 2949 746 Dominus
3007 689 3065 745 in
3122 686 3327 759 templo
3382 695 3580 744 sancto

2003 798 2130 849 suo,
2160 783 2351 841 timeat
2379 799 2410 840 .1
2442 783 2585 841 facie
2615 782 2738 856 ejus
2774 783 2956 840 omnis
2990 789 3160 839 terra.
3199 799 3221 835 ι

2078 873 2244 949 462
2269 874 2401 947 Agg.
2457 889 2522 941 tt,
2547 874 2696 930 9.-—
2727 892 2747 926 ι
2782 872 2972 946 Magna
3022 880 3109 929 est
3158 872 3333 944 gloria
3382 872 3581 930 domus

2002 966 2168 1026 istius
2184 967 2493 1025 novissima
2527 982 2694 1041 super
2721 966 2981 1040 primam,
3016 964 3155 1023 dicit
3177 964 3441 1025 Dominus
3462 981 3580 1023 om-

2002 1060 2284 1133 nipotens.
2326 1079 2349 1113 ι

2077 1152 2213 1210 Issi.
2244 1169 2305 1222 ιι,
2325 1151 2381 1210 2.
2403 1183 2475 1196 -
2498 1167 2519 1204 ι
2560 1150 2776 1219 Venite,
2823 1151 3193 1211 ascendamus
3246 1152 3299 1208 in
3332 1158 3577 1210 montem

2003 1245 2244 1314 Domini,
2276 1257 2333 1305 et
2353 1246 2421 1304 ad
2450 1246 2678 1305 domum
2731 1244 2828 1305 Dei
2863 1244 3059 1306 Iacob.
3095 1245 3364 1304 lndicabit
3416 1247 3578 1304 nobis

2000 1339 2148 1398 viam
2179 1354 2356 1397 suam.
2392 1358 2415 1394 ι

2074 1433 2273 1491 Jercm.
2304 1451 2403 1502 vn,
2436 1435 2525 1491 ll.
2551 1464 2619 1477 -
2655 1453 2675 1488 ι
2707 1434 2917 1493 Domus
2956 1448 3103 1494 mea.
3147 1433 3346 1492 domus
3371 1434 3577 1492 oratio-

2008 1526 2097 1583 nis
2122 1524 2414 1582 vocabitur
2446 1524 2668 1583 cunctis
2691 1524 2971 1598 gentibus.
3004 1544 3025 1579 ι

2073 1616 2288 1676 Βαταοὴ
2320 1620 2419 1690 mf,
2468 1620 2564 1677 Ἡ.
2595 1649 2664 1661 --
2702 1638 2721 1672 ι
2763 1618 2940 1688 Quam
2999 1634 3199 1691 magna
3256 1632 3343 1676 est
3382 1619 3580 1679 domus

2006 1714 2126 1782 Del,
2149 1720 2206 1772 et
2241 1714 2440 1787 ingens
2497 1714 2654 1771 locus
2719 1711 3095 1786 possessionis
3125 1713 3281 1786 ejusl
3327 1713 3578 1787 Magnus,

2000 1816 2058 1864 et
2083 1821 2196 1864 non
2222 1806 2394 1866 habet
2422 1806 2613 1878 linem,
2649 1808 2910 1866 excelsus
2939 1816 2994 1865 et
3028 1808 3381 1867 immensus.»

397 1909 420 1944 ε
457 1855 530 1946 ἐὺ
563 1855 868 1965 είιηίτρος,
918 1855 1014 1946 καὶ
1044 1855 1144 1946 ἐπί
1170 1855 1347 1967 ταύτῃ
1374 1893 1441 1966 τῇ
1484 1890 1663 1966 πέτρᾳ
1692 1891 1900 1947 οἰκοδο-

2073 1898 2269 1957 Matth.
2317 1917 2433 1968 xvi,
2475 1901 2565 1957 i7.
2593 1855 2677 1943 ’σ-
2733 1920 2752 1956 ι
2794 1901 2875 1958 Tu
2917 1916 2977 1959 es
3032 1900 3256 1970 Petrus,
3308 1913 3364 1961 et
3412 1919 3581 1975 super

325 1983 489 2057 μήσω
519 2000 623 2054 μου
655 1982 756 2057 τὴν
792 1982 1146 2056 Ἐκκλησίαν,
1198 1982 1294 2039 καὶ
1320 1982 1485 2039 πύλαι
1514 1981 1642 2057 ᾅδου
1681 1983 1744 2039 οὐ
1772 2000 1902 2040 κατ-

324 2078 642 2150 ισχύσουσιν
667 2075 869 2149 αὐτῆς.

421 2168 716 2242 ιΕίσῆλθεν
769 2172 799 2225 6
860 2170 1073 2243 Ἰησοῦς
1121 2170 1203 2235 είς
1254 2168 1317 2225 τὸ
1345 2168 1512 2242 ἱερὸν,
1548 2169 1646 2225 καὶ
1674 2167 1899 2235 ἐξέϐαλε

322 2262 531 2328 πάντας
547 2264 674 2327 τούς
691 2261 1008 2328 πωλοῦντας
1022 2264 1118 2319 καὶ⁸
1145 2262 1517 2337 ἀγοράζοντας
1556 2262 1615 2319 ἓν
1639 2262 1718 2334 τῷ
1746 2261 1899 2337 ἱερῷ,

320 2360 417 2414 καὶ
450 2357 551 2423 τὰς
570 2355 854 2431 τραπέζας
881 2355 994 2411 τῶν
1043 2356 1412 2412 κολλυϐιστῶν
1450 2355 1770 2429 ἀνέτρεψεν,
1803 2357 1903 2411 καὶ

322 2453 417 2518 τάς
440 2452 719 2524 καθέδρας
750 2450 860 2507 τῶν
876 2449 1200 2506 πωλούντων
1252 2448 1356 2515 τὰς
1402 2450 1756 2524 περιστεράς.
1792 2449 1902 2505 Καὶ

319 2546 467 2617 λέγει
496 2547 680 2611 αὐτοῖς
699 2565 715 2582 ο
740 2545 1083 2618 Γέγραπται,
1138 2543 1199 2601 '0
1227 2540 1377 2609 οἶκός
1412 2562 1515 2617 μου
1557 2540 1707 2611 οἶκος
1733 2562 1904 2617 προσ-

317 2640 487 2712 ευχῆς
546 2637 914 2711 κληθήσεται·
971 2638 1131 2711 ὑμεῖς
1190 2636 1248 2692 δὲ
1292 2638 1589 2711 ἐποιήσατε
1633 2637 1901 2711 σπήλαιον

319 2738 553 2812 λῃστῶν.
591 2758 613 2793 ι

393 2850 415 2887 ι
445 2833 537 2901 Μὴ
578 2830 758 2898 οἰκίας
794 2832 896 2888 οὐκ
944 2831 1100 2903 ἔχετε
1130 2831 1210 2897 είς
1235 2831 1295 2887 τὸ
1341 2829 1544 2885 ἐσθίειν
1574 2830 1669 2886 καὶ
1693 2830 1901 2897 πίνειν;

314 2926 353 3001 ἢ
380 2926 477 2998 τῆς
522 2924 849 2997 Ἐκκλησίας
862 2923 957 2981 τοῦ
973 2923 1109 2980 Θεοῦ
1127 2922 1525 2998 καταφρονεῖτε
1545 2942 1560 2984 ς
1598 2923 1905 2980 Ἐπαινέσω

318 3022 500 3093 ὐμᾶςς
535 3020 596 3075 ἓν
622 3019 834 3086 τούτοις
856 3019 957 3075 οὐκ
976 3019 1207 3077 ἐπαινῶ.
1248 3039 1269 3073 ι

391 3114 693 3181 Εὐσεϐείας
744 3116 993 3189 σημεῖον,
1030 3115 1093 3170 τὸ
1141 3115 1346 3187 συνεχῆ
1382 3116 1607 3191 μνήμην
1632 3114 1904 3174 ποιεῖσθαι

2003 1992 2148 2051 hanc
2180 2001 2396 2067 petram
2429 1993 2717 2051 aediﬁcabo
2753 1992 3057 2051 Ecclesiam
3084 2009 3295 2065 meam;
3329 2006 3381 2052 et
3409 2004 3581 2068 portae

2002 2086 2165 2144 inferi
2201 2101 2313 2144 non
2352 2086 2730 2159 praevalebunt
2763 2086 3034 2144 adversus
3059 2101 3204 2144 eam.
3248 2106 3269 2142 ι

2073 2181 2268 2241 Hatth.
2288 2198 2405 2253 ut,
2447 2183 2532 2244 l5.
2547 2182 2713 2239 M.-
2734 2201 2752 2235 ι
2782 2180 3070 2255 ingressus
3092 2180 3353 2241 cstJesus
3370 2181 3423 2239 in
3443 2194 3581 2241 tem-

2002 2277 2178 2349 plum,
2206 2284 2264 2332 et
2296 2275 2457 2348 ejecit
2487 2290 2683 2333 omnes
2707 2273 3006 2333 vendentes
3019 2282 3072 2333 et
3092 2283 3337 2333 ementes
3367 2276 3422 2332 in
3443 2285 3581 2333 tem-

2006 2369 2097 2442 plo
2124 2382 2141 2422 :
2169 2375 2225 2425 et
2263 2382 2483 2425 mensas
2523 2365 3024 2423 nummulariorum
3052 2366 3270 2434 evertit,
3309 2375 3364 2424 et
3392 2366 3582 2425 cathe-

2002 2463 2133 2521 dras
2161 2460 2519 2519 vendentium
2551 2460 2859 2518 columbas.
2888 2458 2956 2515 Et
2972 2457 3110 2516 dixit
3143 2458 3225 2517 eis
3253 2478 3268 2517 ι
3300 2458 3582 2531 Scriptum

2004 2561 2090 2611 est
2118 2573 2137 2610 :
2171 2551 2380 2610 Domus
2399 2567 2544 2620 mea.
2579 2550 2779 2613 domus
2816 2551 3087 2608 orationis
3131 2550 3437 2608 vocabitur.
3474 2548 3586 2609 Vos

2002 2657 2185 2705 autem
2213 2645 2427 2704 fecistis
2448 2661 2573 2704 eam
2602 2645 2924 2718 speluncam
2946 2643 3242 2700 latronum.
3277 2662 3298 2698 ι

2076 2740 2104 2796 1
2136 2739 2261 2799 Cor.
2294 2755 2356 2806 ιι,
2382 2739 2475 2795 22.
2500 2772 2569 2783 —-
2608 2756 2629 2793 ι
2664 2736 2928 2810 Nunquid
2985 2736 3179 2807 domos
3222 2751 3333 2792 non
3367 2735 3583 2795 habetis

2006 2835 2074 2891 ad
2119 2833 2567 2891 manducandum
2617 2840 2674 2889 et
2733 2830 3089 2888 bibendum?
3128 2837 3224 2886 aut
3273 2828 3583 2886 Ecclesium

2005 2927 2100 2987 Dei
2124 2924 2524 2986 contemnitis?
2550 2922 2811 2983 Laudabo
2834 2924 2969 2982 vos?
2994 2924 3051 2981 in
3083 2924 3189 2981 hoc
3221 2939 3331 2981 non
3359 2923 3579 2980 laudo.»

2078 3114 2139 3172 S.
2173 3113 2449 3187 Chrysa“.
2482 3144 2551 3155 --
2580 3111 2811 3171 Pietatis
2835 3119 3218 3185 argumentum
3236 3118 3341 3178 est,
3365 3108 3587 3166 assidue

317 3211 430 3267 τῶν
482 3209 775 3284 θειοτέρων
829 3210 1038 3276 τόπων,
1082 3209 1181 3263 καὶ
1221 3206 1283 3263 τὸ
1321 3211 1558 3274 πυκναῖς
1585 3208 1897 3277 ἔντεύξεσιν

2025 3215 2192 3266 aucta
2237 3208 2359 3265 loca
2392 3207 2656 3263 memoria
2704 3219 2954 3272 versare,
2986 3212 3043 3261 et
3072 3201 3286 3262 crebris
3328 3202 3586 3276 precibus

319 3304 664 3375 ἔειλεοῦσθαι
711 3303 803 3359 τὸν
858 3302 1015 3358 Θεόν.
1076 3301 1338 3357 Βούλεται
1373 3301 1483 3373 γὰρ
1517 3302 1647 3366 τούς
1689 3297 1904 3373 ἀνθρώ-

319 3415 459 3463 πους
503 3399 535 3453 6
583 3395 717 3462 Θεὸς
766 3394 900 3470 περὶ
944 3394 1075 3458 τούς
1117 3393 1228 3451 τῶν
1288 3392 1460 3465 ἁγίων
1486 3391 1653 3449 οίκων
1675 3391 1907 3463 λιμένας

320 3487 782 3563 καθορμίζεσθαι.

393 3583 470 3640 Τὸ
502 3582 893 3657 θυσιαστήριον
920 3576 1173 3655 οὐράνιός
1207 3582 1326 3636 ἑστι
1361 3578 1638 3655 τράπεζα,
1695 3580 1766 3638 τὰ
1796 3580 1908 3637 ἀπὸ

321 3673 429 3745 γῆς
456 3671 772 3747 δεχόμενον,
830 3671 931 3728 καὶ
978 3669 1198 3745 οὐρανῷ
1241 3670 1632 3744 παραπέμπων
1655 3684 1674 3703 ·
1712 3669 1775 3726 τὸ
1809 3667 1908 3723 ἀπ’

320 3766 572 3840 οὐρανῶν
594 3765 911 3839 δεχόμενον,
975 3766 1073 3821 καὶ
1116 3766 1187 3838 τῇ
1231 3766 1302 3837 γῇ
1325 3762 1631 3838 χορηγοῦνο
1672 3763 1767 3819 ἰπὶ
1803 3761 1910 3833 γῆς

321 3859 750 3936 ιρηρεισμίνον,
780 3857 880 3915 καὶ
896 3855 975 3929 τῷ
1001 3858 1115 3916 ἀνω
1147 3855 1555 3931 παρακείμενον
1575 3854 1777 3929 θρόνῳ.
1798 3852 1910 3909 Θυ-

324 3950 651 4023 σιαστήριον
679 3947 793 4024 γάρ
842 3948 1030 4015 αὐτοῖς
1087 3946 1320 4021 φοϐερὸν
1353 3948 1465 4011 τοῖς
1492 3945 1772 4017 ἀγγέλοις,
1796 3946 1909 4012 τοῖς

321 4044 427 4119 τὴν
449 4042 704 4117 οὐράνιον
742 4039 1214 4116 ὐπερπετομένοις
1238 4039 1425 4112 autem.
1504 4044 1507 4047 ’

410 4136 546 4191 Ἀπὸ
571 4134 673 4206 τῆς
696 4134 941 4207 πλευρᾶς
966 4132 1077 4207 ἀρα
1109 4133 1211 4206 τὴν
1250 4128 1586 4203 Ἐκκλησίαν
1617 4128 1909 4202 ἐδημιούρ-

322 4245 499 4301 γησεν
532 4229 562 4282 6
592 4227 850 4300 Χριστὸς,
902 4226 1160 4297 καθάπερ
1216 4223 1330 4278 ἀπὸ
1379 4224 1482 4295 τῆς
1535 4220 1777 4293 πλευρᾶς
1813 4220 1909 4275 τοῦ

340 4324 514 4394 Ἀδὰμ
536 4322 637 4395 τὴν
670 4316 815 4378 Εὔαν
845 4318 1127 4389 ἐποίησεν.
1148 4316 1251 4372 Διά
1276 4315 1439 4371 τοῦτο
1462 4313 1678 4378 ιιαῦλός
1706 4328 1873 4384 φησιν
1891 4326 1908 4344 ο

339 4416 445 4471 Ἐκ
474 4412 586 4485 τῆς
609 4412 839 4483 σαρκὸς
868 4410 1077 4477 αὐτοῦ,
1106 4406 1206 4463 καί
1230 4406 1301 4463 ἐκ
1324 4404 1444 4462 τῶν
1468 4404 1697 4462 ὀστέων
1724 4400 1912 4459 αὐτοῦ

328 4509 541 4578 ἐσμεν,
563 4506 665 4578 τὴν
690 4503 938 4576 πλευρὰν
966 4500 1361 4572 αἰνιττόμενος.
1395 4498 1615 4569 ’Ὥσπερ
1648 4496 1757 4568 γάρ
1790 4493 1912 4549 τότε

2004 3301 2177 3359 Deum
2210 3300 2453 3372 placare.
2483 3298 2615 3355 Vult
2653 3299 2801 3355 enim
2856 3297 3003 3355 Deus
3048 3296 3305 3355 homines
3350 3294 3418 3353 ad
3450 3302 3588 3353 tem-

2004 3396 2227 3471 plorum
2272 3401 2469 3469 portus
2503 3394 2857 3451 continenter
2887 3390 3187 3467 appellere.

2078 3580 2359 3652 Ejusdem.
2381 3610 2452 3623 —
2483 3580 2676 3637 Altare
2722 3578 2975 3637 cteleStis
3002 3584 3089 3636 est
3140 3591 3360 3645 mensa,
3392 3577 3449 3633 in
3476 3592 3587 3651 quo

2008 3682 2228 3731 terrena
2251 3674 2395 3731 dona
2447 3674 2816 3745 recipiuntur,
2872 3678 2929 3729 et
2965 3671 3022 3727 in
3061 3669 3264 3728 emittm
3296 3670 3588 3727 transmit-

2010 3773 2205 3824 tuntur
2228 3784 2244 3837 ;
2269 3766 2523 3824 cmlestia
2554 3781 2798 3839 superne
2825 3764 3164 3841 suscipiens,
3186 3771 3245 3821 et
3273 3771 3433 3821 terra:
3454 3762 3589 3821 sub-

2010 3860 2339 3918 ministrans
2372 3877 2387 3914 :
2419 3860 2474 3917 in
2514 3869 2666 3917 terra
2698 3860 2890 3927 ﬁxum,
2921 3866 2977 3917 et
3015 3858 3232 3916 caelesti
3272 3859 3474 3915 throno
3495 3858 3590 3914 ad-

2007 3950 2226 4025 iacens.
2252 3951 2443 4009 Altare
2469 3952 2615 4009 enim
2670 3951 2878 4024 angelis
2917 3950 3075 4024 ipsis,
3136 3951 3230 4023 qui
3267 3966 3433 4022 supra
3466 3950 3591 4007 caeli

2010 4058 2171 4101 axem
2201 4038 2415 4113 volant,
2440 4042 2795 4102 formidabile
2826 4051 2934 4102 est.

2083 4135 2368 4208 Ejusdem,
2392 4136 2579 4192 homil.
2611 4136 2682 4192 ad
2738 4136 3066 4209 neophyt.—
3099 4134 3357 4192 Christus
3395 4133 3463 4192 de
3490 4149 3593 4191 suo

2012 4227 2187 4286 latere
2230 4227 2535 4286 Ecclesiam
2576 4225 2849 4294 condidit,
2903 4225 3369 4299 quemadmodum
3426 4224 3592 4280 Evam

2012 4337 2078 4380 ex
2131 4322 2307 4378 latere
2344 4320 2520 4377 Adam
2572 4319 2964 4377 fabricaverat.
2998 4317 3154 4376 Unde
3197 4319 3361 4376 etiam
3391 4317 3594 4374 Paulus

2014 4415 2093 4471 ait
2126 4432 2142 4471 :
2178 4412 2265 4469 Ex
2297 4429 2458 4470 carne
2487 4413 2626 4483 eius,
2647 4424 2698 4470 et
2720 4428 2786 4470 ea:
2807 4413 3014 4471 ossibus
3029 4411 3144 4481 eius
3164 4429 3348 4470 sumus
3377 4410 3592 4484 (Ephes.

2015 4523 2076 4576 v,
2136 4507 2256 4580 50),
2302 4506 2450 4564 latus
2500 4505 2759 4564 videlicet
2812 4505 3201 4563 subindicans.
3254 4502 3390 4559 Nam
3449 4503 3597 4560 velut

330 4600 495 4657 ἔλαϐε
527 4599 627 4672 τὴν
650 4595 893 4672 πλευράν
937 4597 965 4649 6
993 4594 1148 4659 Θεὸς,
1172 4593 1270 4648 καὶ
1295 4590 1499 4647 ἔπλασε
1532 4588 1633 4661 τὴν
1655 4589 1908 4658 γυναῖκα,

2025 4609 2153 4658 tunc
2185 4599 2328 4658 Deus
2386 4609 2598 4657 costam
2652 4598 2911 4671 sumpsit,
2940 4611 3006 4655 ac
3050 4596 3309 4653 feminam
3345 4595 3593 4663 eliinxit;

327 4695 507 4761 οὕτως
557 4694 763 4749 ἔδωκεν
810 4690 946 4763 ἡμῖν
1010 4682 1154 4760 αἷμα
1197 4685 1294 4741 καὶ
1320 4683 1466 4756 ὕδωρ
1492 4684 1559 4738 ὲκ
1597 4682 1699 4754 τῆς
1740 4681 1913 4736 αὐτοῦ

328 4790 601 4864 πλευρᾶς,
639 4789 737 4844 καὶ
766 4786 1044 4843 ἀνέπλασε
1067 4784 1170 4856 τὴν
1212 4780 1568 4853 Ἐκκλησίαν.
1592 4779 1703 4835 Καὶ
1724 4777 1917 4849 ὥσπερ

330 4883 457 4939 τότε
491 4884 550 4937 ἐν
598 4879 857 4936 ἐκστάσει
909 4878 1069 4934 ἔλαϐε
1116 4876 1217 4950 τὴν
1264 4873 1510 4947 πλευρὰν
1559 4871 1916 4935 καθεύδοντος

327 4977 430 5033 τοῦ
469 4975 665 5048 ’Δδάμ,
697 4973 841 5028 οὕτω
873 4971 968 5028 καὶ
994 4970 1093 5025 νῦν
1139 4968 1279 5042 μετά
1305 4966 1535 5023 θάνατον
1561 4966 1622 5020 τὸ
1650 4959 1792 5039 αἷμα
1820 4964 1918 5019 καὶ

330 5073 396 5128 τὸ
425 5070 572 5144 ὕδωρ
608 5069 868 5135 δέδωκεν,
898 5066 993 5121 καὶ
1022 5064 1162 5137 ὅπερ
1188 5062 1312 5118 τότε
1339 5060 1597 5125 ἔκστασις
1635 5056 1724 5132 ἦν,
1756 5056 1917 5115 τοῦτο

331 5166 432 5223 νῦν
452 5165 707 5229 θάνατος.

406 5258 676 5332 Καθάπερ
704 5256 931 5331 λιμένας
980 5257 1041 5311 ὲν
1082 5255 1337 5325 πελάγει,
1380 5253 1524 5310 οὓτω
1570 5253 1670 5319 τὰς
1721 5253 1921 5327 ἐκκλη-

336 5356 462 5419 σίας
498 5354 559 5411 ἑν
610 5353 836 5409 πόλεσιν
883 5351 1086 5422 ἔπηξεν
1117 5352 1146 5406 6
1171 5349 1327 5416 Θεὸς,
1358 5350 1445 5405 ἵνα
1482 5346 1593 5405 ἀπὸ
1620 5350 1720 5422 τῆς
1747 5346 1920 5420 ζάλης

334 5448 450 5505 τῶν
479 5445 751 5520 β.ωτικῶν
780 5447 1124 5519 πραγμάτων
1145 5442 1383 5501 ἐνταῦθα
1407 5443 1724 5516 φεύγοντες,
1752 5439 1923 5514 γαλή-

335 5556 438 5611 νης
461 5537 852 5610 ἀπολαύωμεν.
881 5536 1018 5592 Οὐδὲ
1045 5535 1159 5609 γὰρ
1190 5538 1457 5609 κυμάτων
1497 5534 1648 5591 ἐστιν
1685 5530 1925 5589 ἐνταῦθα

336 5631 752 5703 καταφυγόντες
803 5629 980 5686 δεῖσαι
1020 5627 1408 5703 καταδρομὴν,
1473 5628 1535 5683 οὐ
1594 5626 1924 5702 κακουργῶν

340 5725 552 5796 ἔφοδον,
599 5724 662 5781 οὐ
713 5723 1046 5797 πνευμάτων
1102 5722 1248 5795 βίας,
1292 5722 1353 5777 οὐ
1394 5720 1602 5795 θηρίων
1637 5721 1920 5787 ἐπιϐολάς.

338 5820 524 5892 Λιμὴν
546 5821 657 5893 γάρ
679 5821 798 5875 ἐστι
838 5817 1045 5874 τούτων
1085 5818 1306 5873 πάντων
1345 5817 1789 5889 ἀπηλλαγμένος.
1830 5815 1925 5870 Αι-

347 5911 456 5987 μίιν
484 5912 595 5985 ἀρα
642 5912 762 5968 ἐστὶ
821 5910 1011 5986 ψυχῶν
1064 5914 1096 5984 ἡ
1145 5908 1461 5974 Ἐκκλησία.
1489 5910 1676 5973 Πάντα
1701 5911 1812 5986 γὰρ
1838 5910 1925 5968 διὰ

2016 4694 2101 4754 sic
2126 4695 2289 4751 nobis
2322 4693 2651 4766 sanguinem
2683 4700 2740 4749 et
2770 4705 2969 4763 aquam
2988 4690 3140 4747 dedit
3170 4706 3235 4747 ex
3276 4690 3446 4747 latere
3469 4703 3593 4756 suo,

2015 4796 2072 4846 et
2122 4787 2431 4845 Ecclesiam
2484 4784 2771 4843 formavit.
2826 4784 2893 4841 Et
2939 4783 3403 4858 quemadmodum
3464 4793 3596 4841 tunc

2016 4889 2231 4941 costam
2284 4881 2342 4938 in
2398 4880 2491 4938 illo
2526 4894 2729 4952 sopore
2766 4878 3095 4936 dormientis
3125 4864 3299 4935 Adam
3326 4879 3540 4951 accepit
3578 4897 3593 4934 :

2018 4975 2096 5032 ita
2117 4989 2267 5032 nunc
2296 4988 2521 5048 quoque
2546 4982 2674 5047 post
2697 4978 2926 5030 mortem
2949 4971 3276 5045 sanguinem
3306 4979 3359 5028 et
3398 4986 3596 5043 aquam

2018 5068 2189 5126 dedit.
2238 5066 2375 5125 Nam
2418 5066 2566 5141 quod
2592 5075 2729 5124 tunc
2758 5079 2927 5137 sopor
2948 5073 3091 5135 erat,
3126 5064 3233 5123 hoc
3254 5064 3308 5122 in
3336 5065 3595 5137 praesenti

2020 5175 2171 5219 mors
2199 5168 2308 5218 εει.
2831 5202 2834 5209 .

2090 5252 2372 5325 Ejusdem.
2410 5282 2484 5295 -—
2511 5249 2988 5321 Quemadmodum
3030 5256 3226 5324 portus
3245 5248 3398 5322 iuxta
3423 5262 3595 5317 mare,

2021 5347 2105 5406 sic
2130 5349 2184 5406 in
2231 5346 2465 5406 urbibus
2514 5345 2798 5405 Ecclesias
2836 5345 3033 5404 statuit
3076 5347 3246 5413 Deus,
3278 5352 3400 5401 uta
3435 5360 3602 5419 nego-

2023 5441 2227 5499 tiorum
2253 5441 2487 5515 hujusce
2538 5440 2665 5497 vitae
2715 5438 2978 5496 ﬂuctibus
3042 5438 3152 5495 huc
3194 5436 3601 5513 confugientes,

2022 5536 2433 5610 tranquillitate
2484 5539 2857 5612 perfruamur.
2917 5538 3111 5615 Neque
3165 5539 3311 5599 enim
3376 5538 3447 5597 iis
3506 5537 3602 5610 qui

2026 5631 2163 5690 illuc
2197 5632 2582 5705 confugerint,
2623 5633 2887 5694 ﬂuctuum
2928 5637 3169 5709 impetus
3203 5634 3602 5709 pertimescen-

2025 5724 2131 5787 dus
2185 5735 2293 5794 est,
2341 5742 2451 5784 non
2497 5728 2821 5801 praedonum
2860 5730 3129 5795 assultus,
3159 5744 3266 5785 non
3290 5728 3375 5785 vis
3410 5738 3603 5784 vento-

2026 5833 2173 5889 rum,
2195 5834 2309 5876 non
2344 5817 2683 5876 belluarum.
2706 5818 2906 5878 Portus
2937 5820 3139 5893 quippe
3168 5828 3253 5877 est
3278 5820 3462 5876 abhis
3486 5834 3605 5875 om-

2024 5913 2194 5980 nibus
2227 5904 2509 5975 immunis.
2566 5913 2704 5973 Nam
2746 5922 2946 5988 portus
2996 5913 3308 5973 animorum
3353 5910 3605 5973 Ecclesia
3692 5954 3707 5967 .
