4014 6302
567 367 700 438 1439

1773 384 1834 446 S.
1870 381 2196 448 JOANNIS
2236 382 2675 448 DAMASCENI

3669 374 3809 445 1440

565 489 814 547 tristitia.
845 491 914 548 Et
945 492 1021 549 ait
1048 494 1156 552 illis
1196 495 1424 567 :Orate,
1478 512 1549 556 ne
1604 496 1823 556 intretis
1866 500 1925 557 in
1955 507 2135 557 tenta—

2256 500 2474 566 αὐτοῖς’
2539 498 2935 575 Προσεύχεσθε,
2989 497 3078 554 ἴνα
3125 495 3205 571 μὴ
3258 493 3541 568 εἰσέλθητε
3579 493 3660 558 εἰς
3693 507 3804 545 πει-

568 577 795 634 tionem.
835 598 856 633 ι

637 667 813 726 Marc.
841 689 918 741 ιι,
949 675 1142 733 23-25.
1161 708 1233 720 —-
1262 697 1283 732 ι
1310 679 1484 738 Amen
1509 680 1632 738 dico
1655 683 1837 748 vobis,
1862 684 1957 755 qui
1987 684 2142 741 dixe-

566 760 642 815 rit
664 761 794 820 huic
823 769 996 823 monti
1033 788 1046 824 :
1079 769 1324 840 Tollere,
1367 781 1423 830 et
1485 773 1635 844 iacta
1684 783 1737 831 te
1775 775 1831 832 in
1873 792 2045 843 mare,
2080 785 2144 834 et

567 868 676 908 non
701 853 1037 917 besitaverit
1073 862 1126 918 in
1160 865 1326 922 corde
1372 881 1494 933 suo,
1535 867 1625 922 liet
1658 867 1705 924 ei
1736 868 1880 940 quod
1913 867 2138 925 dixerit.

567 945 704 1002 Cum
735 950 959 1008 stabitis
985 954 1054 1010 ad
1079 957 1369 1024 orandum,
1392 958 1654 1016 dimittite
1681 961 1728 1016 si
1757 960 1892 1032 quid
1923 963 2143 1020 habetis

569 1039 834 1100 adversus
863 1044 1126 1118 aliquem,
1159 1059 1219 1105 ut
1257 1060 1312 1107 et
1340 1049 1504 1109 Pater
1531 1062 1735 1120 vester,
1767 1054 1860 1126 qui
1894 1054 1951 1111 in
1982 1055 2140 1112 caelis

568 1138 672 1194 est.
705 1133 946 1192 dimittat
975 1139 1134 1197 vobis
1158 1142 1356 1198 delicta
1390 1152 1601 1201 vestra.
1640 1161 1664 1200 ι

639 1226 758 1281 Act.
812 1244 854 1294 ι,
892 1228 979 1286 Η.
1008 1262 1077 1276 —-
1115 1251 1134 1286 ι
1169 1233 1339 1290 Erant
1386 1235 1440 1293 bi
1482 1252 1677 1295 omnes
1724 1245 2142 1310 perseverantes

573 1321 907 1379 unanimiter
941 1325 995 1380 in
1031 1327 1284 1386 oratione
1311 1335 1367 1385 et
1393 1328 1803 1387 obsecratione.
1849 1349 1869 1384 ι

642 1410 761 1468 Act.
820 1431 897 1482 xi,
936 1416 1156 1473 2-4.--
1225 1440 1245 1473 ι
1306 1419 1374 1476 Et
1415 1431 1789 1480 eonvocantes
1849 1423 2141 1481 duodecim

575 1503 985 1566 multitudinem
1042 1511 1466 1584 discipulorum,
1519 1514 1779 1572 dixerunt
1822 1533 1839 1571 :
1885 1516 2007 1573 Non
2058 1524 2148 1574 est

573 1611 793 1667 territum
853 1601 1244 1676 derelinquere
1287 1608 1515 1664 verbum
1573 1609 1690 1678 Dei,
1722 1617 1775 1665 et
1825 1611 2146 1668 ministrare

573 1691 801 1748 mensis.
827 1695 1189 1754 Considerate
1241 1715 1398 1772 ergo,
1429 1700 1657 1768 fratres,
1703 1703 1850 1760 viros
1879 1719 1947 1760 ex
1989 1704 2146 1762 vobis

2241 605 2468 672 ρασμόν.
2516 614 2538 647 ι

2313 707 2333 741 ι
2383 685 2558 758 Ἀμὴν
2620 683 2764 752 λέγω
2811 681 2959 752 ὑμῖν,
2989 679 3048 744 δς
3075 678 3141 734 ἂν
3179 681 3309 751 εἴπῃ
3343 676 3420 750 τῷ
3452 675 3564 749 ὄρει
3592 677 3767 745 τούτῳ
3788 692 3800 705 ·

2241 777 2498 851 Ἄρθητι,
2527 775 2619 832 καὶ
2645 773 2872 846 βλήθητι
2894 773 2976 836 εἰς
3006 771 3104 842 τὴν
3134 770 3433 835 θάλασσαν,
3470 770 3564 822 καὶ
3591 768 3665 840 μὴ
3690 766 3802 822 δια-

2239 873 2407 947 κριθῇ
2431 872 2488 925 ἐν
2522 871 2588 943 τῇ
2607 867 2803 942 καρδίᾳ
2857 865 3044 930 αὐτοῦ,
3100 865 3254 920 ἔσται
3283 863 3436 935 αύτῷ
3462 864 3492 917 δ
3526 863 3622 917 ἐὰν
3655 864 3799 936 ετπη.

2239 965 2411 1020 Ὅταν
2436 963 2671 1034 στήκητε
2723 958 3172 1032 προσευχόμενοι,
3235 957 3428 1027 ἀφίετε
3480 957 3532 1011 εί
3570 975 3626 1012 τι
3657 959 3801 1029 ἔχετε

2240 1053 2384 1109 κατά
2404 1069 2566 1117 τινος,
2593 1052 2678 1106 ῖνα
2709 1051 2805 1105 καὶ⁷
2835 1050 2863 1105 ὁ
2893 1048 3082 1121 Πατὴρ
3114 1047 3266 1120 ὐμῶν
3288 1051 3317 1102 ὁ
3345 1051 3404 1102 ἐν
3432 1052 3544 1114 τοῖς
3568 1050 3808 1123 οὐρανοῖς

2241 1143 2354 1217 ἀφῇ
2380 1144 2510 1215 ὑμῖν
2532 1142 2602 1196 τά
2627 1141 3054 1215 παραπτώματα
3087 1141 3259 1213 ὑμῶν.
3282 1159 3300 1192 ι

2317 1255 2337 1290 ι
2373 1231 2535 1292 Οὗτοι
2568 1236 2770 1300 πάντες
2792 1229 2935 1307 ἦσαν
2959 1233 3502 1307 προσκαρτεροῦντες
3536 1234 3809 1306 ὁμοθυμα-

2243 1331 2334 1388 δὸν
2357 1334 2421 1403 τῇ
2449 1334 2721 1402 προσευχῇ
2749 1330 2842 1384 καὶ
2862 1331 2928 1401 τῇ
2954 1329 3158 1399 δεήσει.
3207 1347 3226 1379 ι

2326 1441 2346 1476 ι
2382 1421 2495 1475 Καὶ
2516 1418 3026 1492 προσκαλεσάμενοι
3058 1420 3108 1472 oi
3153 1418 3362 1472 δώδεκα
3390 1418 3451 1471 τὸ
3483 1417 3690 1486 πλῆθος
3719 1417 3819 1470 τῶν

2247 1515 2506 1588 μαθητῶν
2552 1509 2736 1568 εἷπον·
2785 1514 2898 1568 θύκ
2956 1514 3186 1589 ἀρεστόν
3225 1515 3340 1567 ἐστι
3389 1513 3820 1573 καταλείποντας

2247 1610 2396 1683 ἡμᾶς
2417 1608 2510 1664 τὸν
2541 1608 2699 1678 λόγον
2722 1607 2816 1662 τοῦ
2833 1607 2993 1675 Θεοῦ,
3024 1608 3290 1662 διακονεῖν
3320 1609 3645 1680 τραπέζαις.

2250 1700 2523 1773 σκέψασθε
2550 1701 2665 1769 οὖν,
2698 1701 2938 1771 ἀδελφοὶ,
2987 1701 3187 1772 ἄνδρας
3217 1700 3277 1766 ἐξ
3308 1700 3460 1771 ὑμῶν
3506 1717 3808 1770 μαρτυρου

573 1780 702 1835 boni
742 1785 1048 1842 testimonii
1098 1797 1335 1861 septem,
1387 1792 1579 1863 plenos
1619 1792 1828 1866 Spiritu
1863 1805 2057 1852 sancto
2091 1803 2147 1853 et

2256 1797 2446 1869 μένους
2481 1796 2642 1860 ἑπτὰ,
2698 1795 2933 1867 πλήρεις
2977 1793 3295 1866 ίῐνεύματος
3340 1795 3436 1848 καὶ
3481 1794 3705 1862 σοφίας,
3739 1794 3820 1860 οὖς

573 1874 860 1945 sapientia,
902 1895 1043 1952 quos
1100 1884 1504 1942 constituamus
1550 1902 1717 1957 super
1757 1887 1862 1944 hoc
1898 1890 2142 1960 negotio.

2256 1867 2665 1960 καταστήσομεν
2713 1887 2806 1941 ἰπὶ
2853 1887 2953 1954 τῆς
2999 1887 3190 1959 χρείας
3237 1885 3463 1958 ταύτης.
3531 1888 3736 1958 Ἡμεῖς
3773 1886 3826 1939 δὲ

573 1962 682 2019 Nos
712 1977 893 2026 autem
918 1973 1161 2032 orationi
1220 1983 1276 2034 et
1309 1978 1623 2036 ministerio
1667 1979 1825 2037 verbi
1876 1980 2148 2041 instantes

571 2071 806 2116 ennius.
821 2081 840 2114 ι

645 2149 805 2224 465
852 2156 972 2212 Act.
1033 2173 1091 2225 τ,
1145 2160 1367 2216 1-4.-
1404 2180 1423 2216 ι
1476 2163 1574 2221 Vir
1623 2165 1854 2238 quidam
1910 2176 2034 2226 erat
2089 2169 2148 2228 in

575 2242 825 2304 Caesarea
879 2252 1103 2309 nomine
1148 2253 1470 2324 Cornelius,
1507 2260 1767 2316 centurio
1815 2277 1882 2318 ex
1918 2262 2147 2320 cohorte

573 2353 698 2408 quae
756 2341 963 2398 dicitur
1013 2343 1224 2416 ltalica,
1275 2350 1576 2423 religiosus
1600 2367 1669 2410 ac
1716 2353 1922 2412 timens
1977 2354 2148 2412 Deum

575 2445 704 2487 cum
739 2435 892 2490 omni
921 2435 1090 2495 domo
1120 2456 1242 2510 sua,
1281 2440 1493 2501 faciens
1523 2445 1908 2520 eleemosynas
1946 2449 2150 2505 multas

575 2523 840 2598 inpiebe,
895 2535 952 2586 et
1011 2530 1314 2603 deprecans
1370 2532 1840 2609 Deum'semper.
1888 2537 2044 2595 Vidit
2093 2540 2149 2596 in

576 2620 700 2676 visu
733 2620 1030 2681 manifeste
1065 2625 1213 2682 circa
1257 2628 1449 2685 boram
1485 2629 1596 2687 diei
1642 2646 1843 2688 nonam
1894 2633 2151 2706 angelum

579 2713 675 2769 Dei
713 2717 1087 2776 introeuntem
1119 2720 1189 2776 ad
1227 2737 1309 2788 se,
1339 2730 1399 2779 et
1428 2723 1707 2781 dicentem
1731 2725 1838 2782 sibi
1866 2746 1880 2780 :
1907 2725 2151 2784 Corneli.

577 2809 648 2861 At
680 2807 771 2864 ille
796 2809 1019 2868 intuens
1049 2812 1104 2868 in
1136 2828 1286 2879 eum,
1319 2821 1374 2870 et
1407 2815 1603 2874 timore
1633 2826 1948 2890 correptus,
1987 2819 2151 2876 dixit:

579 2901 722 2967 Quid
754 2913 861 2972 est,
897 2904 1164 2963 Domine?
1201 2907 1345 2964 Dixit
1379 2917 1562 2965 autem
1595 2909 1647 2966 ei
1678 2929 1693 2965 :
1724 2911 2020 2968 Orationes
2049 2921 2156 2968 tua;

575 3001 636 3051 et
694 2995 1060 3072 eleemosynte
1127 3009 1241 3058 tute
1286 3002 1665 3060 ascenderunt
1728 3004 1785 3062 in
1848 3013 2153 3078 conspectu

580 3085 699 3143 Dei.
742 3105 763 3141 ι

654 3177 846 3247 Ephu.
879 3197 957 3255 vt,
1006 3185 1092 3242 18.
1146 3217 1211 3232 -η
1259 3206 1277 3241 ι
1326 3186 1430 3243 Per
1488 3203 1707 3244 omnem
1746 3189 2057 3246 orationem
2098 3199 2153 3245 et
2179 3222 2223 3282 ο

580 3275 1021 3334 obsecrationem
1076 3288 1303 3338 orantes
1353 3280 1505 3338 omni
1547 3289 1796 3353 tempore
1841 3282 1899 3337 in
1930 3282 2154 3354 spiritu,

580 3376 637 3422 et
659 3367 714 3423 in
745 3369 866 3440 ipso
901 3371 1193 3442 vigilantes
1227 3375 1280 3428 in
1320 3375 1472 3430 omni
1508 3375 1771 3432 instantia
1804 3385 1859 3433 et
1890 3375 2156 3434 obsecra-

583 3460 736 3516 tione
763 3475 864 3532 pro
894 3463 1154 3522 omnibus
1185 3464 1421 3533 sanctis,
1451 3475 1505 3522 et
1533 3481 1635 3538 pro
1669 3481 1777 3523 me.
1812 3485 1832 3520 ι

653 3551 684 3607 1
709 3549 848 3607 Tim.
888 3555 1051 3619 ",1,
1084 3553 1138 3612 8.
1165 3585 1236 3598 ---
1261 3573 1281 3609 ι
1339 3555 1585 3614 Obsecro
1615 3558 1857 3628 primum
1910 3560 2158 3617 omnium

586 3641 705 3698 ﬁeri
729 3643 1170 3712 obsecrationes,
1218 3647 1526 3715 orationes,
1558 3648 1989 3720 postulationes,
2029 3667 2158 3724 gra—

586 3734 787 3789 tiarum
821 3735 1073 3795 actiones
1121 3753 1221 3808 pro
1248 3740 1511 3797 omnibus
1540 3741 1897 3813 hominibus;
1932 3759 2033 3816 pro
2074 3761 2162 3800 re-

588 3829 842 3898 gibus,et
870 3830 1130 3888 omnibus
1162 3832 1257 3904 qui
1290 3833 1344 3888 in
1376 3833 1721 3892 sublimitate
1749 3845 1882 3894 sunt
1909 3846 1969 3894 ut
1999 3837 2160 3909 quie-

590 3930 701 3976 tam
731 3931 786 3978 et
816 3925 1167 3995 tranquillam
1197 3927 1367 3982 vitam
1399 3941 1629 3997 agamus
1674 3928 1728 3985 in
1759 3931 1912 3987 omni
1954 3931 2162 4004 pietate

588 4024 645 4069 et
671 4015 950 4073 castitate.
974 4016 1091 4073 Hoc
1119 4020 1266 4076 enim
1296 4019 1501 4076 bonum
1522 4030 1608 4078 est
1636 4036 1824 4079 coram
1854 4023 1987 4080 Deo.
2025 4023 2160 4082 Volo

589 4107 744 4163 viros
791 4123 957 4166 orare
1010 4111 1067 4168 in
1112 4111 1261 4169 omni
1292 4113 1440 4180 loco,
1474 4113 1723 4170 levantes
1758 4131 1927 4187 puras
1957 4133 2160 4174 manus

590 4199 715 4255 sine
739 4200 821 4256 ira
847 4208 904 4260 et
932 4201 1363 4276 disceptatione.
1395 4203 1686 4274 Similiter,
1726 4213 1782 4264 et
1810 4207 2090 4275 mulieres,
2135 4228 2155 4265 ι

591 4299 699 4349 etc.

660 4383 786 4442 Jac.
818 4403 872 4454 ν,
907 4388 994 4456 15,
1027 4387 1114 4456 ιι,
1143 4389 1231 4446 l5.
1259 4420 1330 4431 —
1360 4410 1379 4444 ι
1412 4389 1694 4448 Tristatur
1713 4393 1837 4464 quis
1872 4393 1927 4450 in
1965 4393 2162 4452 vobis’

593 4491 735 4536 oret.
777 4480 962 4552 JEquo
1002 4483 1186 4539 animo
1233 4485 1370 4541 est?
1409 4487 1626 4555 psallat.
1681 4486 2000 4544 inﬁrmatur
2037 4489 2164 4559 quis

2247 1983 2534 2054 προσευχῇ
2569 1979 2663 2034 καὶ
2691 1982 2758 2053 τῇ
2788 1979 3036 2051 διακονίᾳ
3059 1978 3154 2034 τοῦ
3189 1979 3350 2050 λόγου
3378 1979 3626 2051 ἐσόμεθα
3654 1996 3821 2050 προσ-

2247 2072 2665 2144 καρτεροῦντες.
2706 2090 2725 2126 a

2326 2185 2346 2220 ι
2388 2165 2557 2238 ’Δνήρ
2580 2183 2664 2230 τις
2695 2160 2764 2238 ἧν
2792 2163 2850 2219 ἐν
2881 2161 3192 2236 Καισαρείᾳ
3212 2205 3226 2228 ,
3249 2162 3476 2233 ὀνόματι
3500 2160 3828 2232 Κορνήλιος,

2248 2257 2675 2329 ἑκατοντάρχης,
2698 2258 2760 2312 ὲκ
2781 2256 3013 2329 σπείρης
3042 2257 3140 2327 τῆς
3167 2254 3510 2327 καλουμένης
3535 2253 3830 2321 Ἰταλικῆς.

2250 2349 2503 2423 εὐσεϐὴς,
2542 2350 2636 2404 καὶ⁵
2677 2349 3014 2422 φοϐούμενος
3057 2348 3192 2403 Θεὸν
3225 2349 3322 2402 σὺν
3371 2349 3532 2401 παντὶ
3582 2345 3666 2418 τῷ
3703 2345 3833 2410 οἴκῳ

2249 2441 2440 2509 αὐτοῦ,
2483 2442 2655 2497 ποιῶν
2704 2442 3076 2514 ἐλεημοσύνας
3105 2440 3313 2505 πολλάς
3355 2441 3412 2494 ὲν
3441 2439 3520 2511 τῷ
3560 2439 3711 2511 λαῷ,
3744 2440 3832 2492 καὶ

2249 2537 2504 2608 δεόμενος
2535 2535 2670 2590 Θεοῦ
2709 2535 2798 2590 διά
2840 2533 3065 2600 παντός.
3099 2530 3253 2588 Εἷδεν
3287 2536 3345 2588 ὲν
3383 2534 3627 2606 δράματι
3673 2550 3834 2602 φανε-

2253 2631 2386 2705 ρῶς,
2421 2631 2497 2694 ὡς
2529 2630 2658 2700 περὶ
2703 2629 2853 2702 ὥραν
2900 2629 3130 2702 ἒννάτην
3173 2629 3275 2700 τῆς
3315 2627 3551 2699 ἡμέρας,
3601 2623 3837 2696 ἄγγελον

2251 2722 2346 2781 τοῦ
2372 2724 2508 2778 Θεοῦ
2536 2722 2850 2778 εἰσελθόντα
2885 2721 3026 2793 πρὸς
3051 2721 3237 2788 αὐτὸν,
3274 2721 3371 2776 καὶ
3398 2721 3631 2774 εἰπόντα
3662 2719 3827 2789 αὐτῷ,

2253 2815 2542 2890 Κορνήλιε.
2582 2814 2640 2870 '0
2683 2814 2742 2868 δὲ
2784 2813 3039 2875 ἀτενίσας
3076 2812 3247 2884 αὐτῷ,
3276 2815 3373 2868 καὶ
3409 2813 3656 2884 ἔμφοὸος
3682 2814 3836 2880 γενό·

2255 2926 2446 2984 μενος,
2495 2904 2654 2963 εἷπε·
2685 2907 2752 2962 Τί
2803 2908 2952 2974 ἔστι,
2981 2905 3172 2977 κύριες
3219 2901 3354 2960 Eine
3402 2906 3459 2960 δὲ
3515 2905 3713 2978 αὐτῷ·
3773 2900 3840 2961 Δὶ

2255 3001 2558 3075 προσευχαί
2596 3020 2692 3057 σου
2741 3002 2837 3058 καὶ
2874 3001 3239 3075 ἐλεημοσύναι
3289 3017 3384 3056 σου
3436 3000 3721 3072 ἀνέϐησαν
3759 3000 3842 3055 ἐν·

2252 3094 2426 3151 ὠπιον
2453 3096 2550 3152 τοῦ
2579 3095 2736 3153 Θεοῦ.
2767 3114 2786 3150 ι

2331 3205 2352 3239 ι
2385 3187 2485 3242 Διά
2522 3187 2702 3258 πάσης
2731 3187 2899 3260 εὐχῆς
2923 3187 3018 3243 καὶ
3055 3187 3294 3260 δεήσεως
3322 3186 3760 3262 προσευχόμενοι
3785 3187 3834 3241 ἐν

2259 3280 2422 3334 παντὶ
2446 3277 2624 3352 καιρῷ
2653 3281 2712 3333 ὲν
2731 3279 3024 3351 πνεύματι,
3049 3281 3143 3334 καὶ
3164 3281 3246 3345 είς
3269 3278 3401 3334 αὐτὸ
3423 3281 3837 3353 ἀγρυπνοῦντες

2257 3369 2316 3424 ὲν
2361 3369 2512 3445 πάσῃ
2561 3371 3061 3444 προσκαρτερήσει,
3096 3372 3190 3426 καὶ
3221 3371 3403 3444 δεήσει
3453 3372 3586 3445 περὶ
3617 3372 3836 3427 πάντων

2259 3459 2368 3515 τῶν
2397 3460 2591 3530 ἀγίων,
2615 3463 2708 3516 καὶ
2739 3461 2881 3534 ὑπὲρ
2911 3462 3070 3534 ἐμοῦ.
3101 3479 3122 3515 a

2340 3571 2360 3604 ι
2400 3551 2710 3625 Παρακαλῶ
2766 3553 2874 3625 πρὸ
2936 3554 3155 3608 πάντων
3186 3593 3202 3621 ,
3251 3555 3525 3608 ποιεῖσθαι
3583 3555 3836 3627 δεήσεις,

2260 3643 2593 3716 προσευχὰς,
2629 3644 2922 3711 ἐντεύξεις,
2954 3645 3307 3718 εὐχαριστίας
3325 3646 3464 3718 ὑπὲρ
3490 3647 3720 3702 πάντων
3749 3650 3835 3703 ἀνα

2262 3735 2515 3808 θρὼπων,
2535 3735 2676 3810 ὑπὲρ
2705 3736 2990 3809 βασιλέων,
3010 3739 3103 3793 καὶ
3127 3739 3347 3794 πάντων
3368 3739 3476 3792 τῶν
3503 3740 3559 3794 ἐν
3589 3741 3836 3813 ὑπεραχῇ

2261 3829 2452 3896 ὄντων,
2484 3829 2553 3884 ἶν’
2605 3830 2815 3902 ήρεμον
2867 3832 2962 3886 καὶ
3015 3831 3240 3903 ἡσύχιον
3272 3831 3388 3903 βίον
3440 3833 3734 3905 διάγωμεν
3784 3835 3842 3888 ὲν

2262 3921 2410 3995 πάσῃ
2459 3922 2713 3995 εὐσεϐείᾳ
2773 3921 2870 3978 καὶ
2929 3923 3244 4000 σεμνότητι.
3295 3922 3465 3978 Τοῦτο
3513 3925 3629 3996 γάρ
3678 3927 3839 3980 καλᾶν

2263 4013 2495 4070 ἐνώπιον
2520 4015 2615 4070 τοῦ
2660 4015 2818 4070 Θεοῦ.
2853 4014 3127 4088 Βούλομαι
3158 4016 3560 4090 προσεύχεσθαι
3591 4020 3734 4086 τοὺς
3757 4021 3834 4075 ἀν-

2260 4107 2394 4183 δρας
2431 4108 2488 4163 ὲν
2508 4108 2676 4164 παντὶ
2698 4108 2869 4182 τόπῳ,
2901 4109 3222 4181 ἐπαίροντες
3250 4109 3404 4174 ὁσίας
3428 4111 3645 4184 χεῖρας,
3675 4114 3834 4184 χωρὶς

2263 4199 2437 4274 ὀργῆς
2464 4200 2559 4256 καὶ⁷
2589 4199 2964 4274 διαλογισμοῦ.
2998 4199 3274 4267 Ὠσαύτως
3295 4203 3390 4256 καὶ
3421 4206 3722 4272 γυναῖκας.
3752 4223 3771 4258 ι

2341 4403 2360 4438 ι
2389 4385 2709 4442 Κακοπαθεῖ
2732 4405 2817 4452 τις
2855 4388 2916 4442 ἐν
2947 4386 3111 4460 ὕμῖνς
3146 4387 3556 4461 προσευχέσθω.
3597 4389 3840 4460 Eccum

2263 4492 2382 4542 τιςς
2406 4476 2677 4547 ψαλλέτω.
2714 4478 2959 4534 ’Δσθενεῖ
2983 4496 3067 4544 τις
3091 4481 3148 4534 εν
3181 4479 3343 4552 ὑμῖν;
3367 4480 3840 4553 προσκαλεσάσθω

593 4572 652 4626 in
682 4571 884 4631 vobis?
920 4574 1146 4630 inducat
1197 4575 1549 4649 presbyteros
1591 4579 1877 4646 Ecclesiae,
1916 4590 1971 4636 et
2001 4589 2156 4638 orent

2267 4569 2390 4632 τοὺς
2422 4569 2829 4643 πρεσϐυτέρους
2865 4571 2968 4641 τῆς
2999 4571 3360 4645 Ἐκκλησίας,
3395 4573 3488 4627 καὶ
3534 4574 3835 4646 προσευξά-

595 4677 762 4734 super
792 4680 943 4730 eum,
989 4675 1259 4736 ungentes
1305 4682 1431 4723 enm
1459 4670 1581 4727 oleo
1621 4679 1816 4728 sancto
1849 4671 1903 4726 in
1939 4673 2166 4729 nomine

596 4753 854 4825 Domini;
883 4762 939 4812 et
979 4758 1157 4815 oratio
1190 4758 1317 4816 tldei
1363 4762 1596 4819 salvabit
1647 4763 1949 4833 inﬁrmum,
1997 4784 2017 4822 ι
2052 4773 2163 4824 etc.

667 4939 694 4995 ι
725 4941 870 4997 Petr.
926 4961 1000 5011 tv,
1028 4947 1082 5001 7.
1111 4977 1182 4987 -—
1214 4966 1232 4998 ι
1274 4946 1464 5005 Estote
1495 4948 1815 5021 prudentes,
1862 4959 1916 5009 et
1947 4952 2167 5023 vigilate

597 5032 653 5088 in
679 5039 1048 5096 orationibus.
1092 5059 1108 5090 ι

666 5128 725 5183 S.
760 5127 982 5201 Gregor.
1017 5131 1160 5191 Nux.
1188 5164 1259 5176 --
1308 5135 1386 5193 Ne
1445 5137 1628 5211 exigui
1661 5139 1869 5211 ingenii
1895 5149 2165 5208 taxemur,

600 5237 763 5291 parva
798 5224 1053 5282 videlicet
1079 5227 1435 5296 postulando,
1471 5243 1535 5285 ac
1565 5229 1809 5286 donante
1847 5231 2095 5302 indigna.

671 5313 729 5370 S.
762 5315 988 5388 (ἓτερον.
1040 5317 1212 5391 Nysa.
1237 5352 1307 5364 —-
1337 5320 1551 5380 Sonora
1578 5333 1666 5380 est
1700 5338 1763 5380 ea
1803 5341 1910 5382 vox
1945 5341 2067 5397 quae
2098 5325 2165 5381 ad

601 5406 817 5465 divinas
846 5423 1010 5467 aures
1060 5412 1307 5468 ascendit
1341 5431 1355 5470 :
1395 5428 1500 5470 non
1533 5415 1742 5470 clamor
1782 5416 1870 5471 ille
1904 5417 1998 5488 qui
2039 5431 2167 5472 cum

601 5503 783 5574 aliqua
835 5505 1187 5562 contentione
1251 5508 1456 5576 editur,
1511 5508 1609 5563 sed
1655 5507 1920 5579 cogitatio
1971 5525 2093 5580 qua:
2140 5525 2169 5565 a

602 5611 738 5667 pura
768 5597 1109 5654 conscientia
1149 5599 1452 5654 emittitur.

676 5689 871 5760 Ejuul.
903 5700 1044 5744 erat.
1087 5690 1108 5747 l
1146 5693 1202 5746 in
1235 5693 1390 5748 Orat.
1451 5691 1667 5748 Domita.
1718 5722 1785 5735 -—
1849 5690 2174 5765 Sejungitut'

605 5801 633 5840 a
668 5783 778 5839 Deo
801 5784 894 5856 qui
925 5785 1168 5855 seipsum
1220 5786 1268 5841 ei
1312 5801 1411 5856 per
1456 5783 1772 5845 orationem
1818 5785 2046 5845 minimc
2077 5802 2174 5843 co-

608 5878 782 5948 pulat.
829 5879 1017 5950 Itaque
1051 5879 1186 5934 illud
1214 5880 1449 5950 primum
1476 5895 1539 5936 ex
1580 5875 1868 5948 Scriptura
1895 5880 2173 5939 discamus

2271 4661 2490 4716 σθωσαν
2528 4663 2617 4715 ἐπ’
2657 4663 2842 4732 αὑτὸν,
2873 4663 3195 4736 ἀλείψαντες
3229 4666 3390 4720 αὑτὸν
3421 4665 3586 4736 ἐλαίῳ
3637 4669 3702 4721 ὲν
3736 4668 3826 4721 eve

2271 4769 2407 4826 ματι
2447 4752 2544 4808 τοῦ
2582 4754 2827 4826 Κυρίου*
2869 4755 2966 4811 καὶ
3013 4758 3048 4826 ἠ
3084 4755 3220 4828 εὐχὴ
3252 4757 3353 4828 τῆς
3385 4756 3628 4821 πίστεως
3684 4758 3837 4812 σώσει

2267 4845 2358 4900 τὸν
2380 4845 2680 4916 κάμνοντα.
2721 4864 2739 4898 ι

2346 4957 2364 4990 ι
2397 4937 2816 5010 Σωφρονήσατε,
2852 4940 2948 4993 καὶ
2974 4937 3181 5011 νήψατε
3204 4938 3287 5002 εἰς
3311 4933 3650 5009 προσευχάς.
3685 4957 3706 4994 t

2346 5124 2438 5199 Μή
2489 5124 2847 5199 μικρολογίαν
2903 5121 3414 5194 καταγνωσθῶμέν,
3449 5125 3508 5179 ὲν
3557 5125 3639 5200 τῷ
3678 5133 3836 5200 μικρὰ

2273 5224 2448 5278 αἰτεῖν
2484 5222 2656 5293 ἡμᾶς,
2689 5221 2783 5276 καὶ⁸
2811 5219 2906 5275 τοῦ
2939 5219 3171 5284 διδόντος
3201 5218 3419 5286 ἀνάξια.

2344 5314 2553 5385 Εὕηχός
2610 5313 2761 5367 ἐστιν
2823 5311 3006 5384 εκείνη
3056 5311 3092 5384 ἡ
3137 5311 3324 5383 φωνὴ,
3383 5311 3475 5366 καὶ
3533 5314 3701 5383 μέχρι
3751 5311 3842 5377 τῆς

2275 5409 2429 5472 θείας
2460 5405 2831 5460 ἀναϐαίνουσα
2885 5403 3076 5476 ἀκοῆς,
3106 5403 3202 5474 οὐχ
3229 5404 3263 5474 ἠ
3297 5402 3436 5475 μετά
3477 5418 3623 5468 τινος
3657 5403 3838 5457 sma-

2274 5518 2412 5566 σεως
2439 5500 2702 5572 γινομένη
2751 5497 2989 5570 κραυγὴ,
3015 5495 3190 5566 ἀλλ’ἢ
3231 5497 3338 5550 ἀπὸ
3383 5496 3636 5568 καθαρᾶς
3675 5511 3828 5550 συνει-

2271 5595 2334 5666 δή
2345 5610 2482 5655 σεως
2511 5591 2952 5663 ἀναπεμπομένη
2983 5589 3298 5661 ὲνθύμησις.

2347 5687 2664 5758 Χωρίζεται
2694 5682 2854 5748 Θεοῦ,
2876 5685 2905 5737 ὁ
2936 5680 3012 5754 μὴ
3039 5682 3328 5736 συνάπτων
3351 5678 3546 5734 ἑαυτὸν
3572 5679 3657 5732 ad
3687 5692 3837 5749 προσ.

2275 5779 2443 5850 ευχῆς
2473 5776 2549 5850 τῷ
2583 5771 2724 5846 Θεῷ.
2763 5770 2977 5830 Οὐκοῦν
3015 5768 3174 5826 τοῦτο
3224 5772 3330 5842 χρὴ
3384 5770 3654 5843 πρότερον
3703 5769 3836 5840 ἡμᾶς

2276 5871 2590 5948 διδαχθῆναί
2627 5869 2892 5945 τῷλόγῳ,
2919 5869 3001 5926 δτι
3044 5873 3127 5933 δεῖ
3161 5871 3388 5929 πάντοτε
3426 5864 3829 5940 προσεύχεσθαι.
