4014 6302
276 317 416 387 1441

1541 316 1781 379 SACRA
1825 316 2291 380 PARALLELA.

3385 317 3528 386 H42

280 436 371 492 οιαὶ
402 435 481 510 μὴ
521 432 804 489 ἐκκακεῖν.
837 432 935 486 Ἐκ
974 429 1084 502 γὰρ
1119 428 1213 485 τοῦ
1256 430 1657 506 προσεύχεσθαι
1699 449 1857 505 περι-

1984 443 2218 502 iportere
2283 447 2506 504 semper
2561 448 2756 501 orare,
2822 449 2927 492 nec
2983 451 3227 510 unquam
3295 438 3532 497 deﬁcere

281 533 486 602 γίνεται
536 529 598 584 τὸ
641 528 783 600 μετά
831 525 925 581 τοῦ
973 525 1110 580 Θεοῦ
1145 520 1320 581 εἶναι·
1354 526 1384 580 ὀ
1412 524 1471 581 δὲ
1525 527 1664 598 μετά
1710 525 1851 582 Θεοῦ

279 624 375 691 ὢν,
407 621 504 678 τοῦ
534 620 922 693 ἀντικειμένου
954 617 1315 692 κεχώρισται.

349 808 638 882 Προσευχὴ
669 806 748 879 τῷ
783 806 884 878 μὲν
913 806 1073 878 ἰωνᾷ
1103 803 1168 860 τδ
1203 804 1370 877 κῆτος
1397 799 1548 860 οἷκον
1571 803 1852 878 ἐποίησεν,

280 905 370 958 τὸν
398 903 457 956 δὲ
498 900 748 966 Ἐζεκίαν
792 901 858 955 ἐκ
901 899 1016 954 τῶν
1049 896 1235 952 πυλῶν
1293 896 1390 954 τοῦ
1433 896 1668 960 θανάτου
1717 897 1857 969 πρὸς

279 994 428 1070 ζωὴν
456 995 798 1066 ἐπανήγαγε,
853 993 970 1056 τοῖς
1020 990 1079 1046 δὲ
1119 990 1273 1064 τρισὶ
1325 990 1467 1056 νέοις
1514 991 1596 1057 είς
1637 987 1856 1061 πνεῦμα

280 1088 551 1164 δροσῶδες
578 1087 678 1158 τὴν
707 1085 882 1155 φλόγα
912 1082 1162 1156 ἔτρεψεν.

316 1169 318 1171 ’
359 1180 423 1233 '0
452 1181 511 1233 ἐν
538 1176 719 1248 καιρῷ
749 1174 1058 1247 προσευχῆς
1088 1173 1165 1246 μὴ
1199 1171 1340 1244 πρὸς
1373 1171 1442 1226 τά
1471 1170 1858 1228 λυσιτελοῦντα

278 1276 349 1346 τῇ
371 1272 516 1345 ψυχῇ
538 1271 853 1342 τεταμένος,
880 1267 1016 1322 ἀλλά
1039 1264 1175 1340 πρδς
1199 1266 1299 1330 τὰς
1327 1264 1596 1335 ἐμπαθεῖς
1619 1266 1719 1337 τῆς
1744 1265 1862 1321 δια-

282 1365 432 1428 νοίας
463 1363 707 1435 κινήσεις
733 1357 1172 1414 συνδιατίθεσθαι
1192 1355 1284 1410 τδν
1313 1353 1450 1409 Θεὸν
1476 1354 1667 1422 ἀξιῶν,
1693 1355 1861 1428 λῆρὸς

282 1455 369 1520 τίς
388 1456 538 1508 ἐστιν
558 1454 632 1518 ὡς
654 1450 897 1522 ἀληθῶς,
915 1449 1013 1504 καὶ
1044 1445 1393 1520 βαττολὸγος,
1421 1445 1517 1500 καὶ
1547 1444 1860 1517 φληνάφης,

284 1550 381 1604 καὶ
409 1546 670 1620 φλυαρδς,
696 1546 792 1599 καὶ
818 1545 871 1596 εἴ
897 1561 949 1597 τι
992 1541 1122 1596 ἄλλο
1147 1539 1250 1611 τῆς
1285 1537 1545 1609 τοιαύτης
1581 1537 1860 1610 σημασίας

285 1639 423 1694 ἐστί.
455 1637 616 1709 Παρά
647 1635 741 1689 σοῦ
777 1651 868 1707 μοι
900 1632 1037 1704 ζωὴ,
1073 1631 1225 1704 παρά
1281 1630 1376 1685 σοῦ
1407 1630 1655 1702 γενέσθω
1693 1630 1792 1685 καὶ
1825 1631 1862 1702 ἡ

285 1731 424 1804 πρὸς
447 1729 510 1784 τὺ
535 1728 635 1800 ζῇν
658 1727 908 1798 ἀφορμήο

1952 524 2116 595 (Luc.
2154 541 2310 590 lVlil,
2345 526 2435 598 1).
2470 525 2756 598 Siquidem
2788 543 2888 599 per
2916 530 3226 586 oralionem
3271 530 3375 588 hoc
3404 536 3532 603 quis

1953 617 2345 690 consequitur,
2383 627 2444 674 ut
2471 635 2602 675 cum
2633 619 2742 693 Deo
2770 620 2880 689 sit;
2917 621 3012 692 qui
3040 630 3224 677 autem
3259 638 3385 678 cum
3421 624 3533 682 Deo

1953 718 2060 779 est,
2099 710 2168 765 ab
2198 710 2524 768 adversario
2553 712 2781 768 avulsus
2807 720 2916 770 est.

2027 800 2176 858 Ibid.
2206 803 2484 860 -—0ratio
2513 801 2668 860 Jonae
2696 804 2918 877 quidem
2949 817 3131 863 cetum
3156 807 3382 864 domum
3409 824 3544 866 esse.

1955 893 2134 965 ipsius
2181 895 2433 966 paravit;
2497 895 2788 953 Ezechiam
2843 913 2977 954 vero
3020 914 3086 954 ex
3126 901 3303 971 portis
3334 903 3533 958 mortis

1957 987 2031 1042 ad
2063 987 2233 1044 vitam
2265 986 2518 1058 reduxit;
2553 989 2735 1048 tribus
2774 990 3226 1049 adolescentibus
3252 989 3533 1049 ﬂammam

1959 1081 2015 1136 in
2047 1082 2324 1138 roscidam
2357 1097 2549 1138 auram
2576 1083 2874 1140 convertit.

2033 1169 2176 1226 Ibid.
2201 1203 2272 1214 -—
2303 1172 2410 1240 Qui
2435 1172 2490 1228 in
2516 1183 2760 1245 tempore
2793 1174 3065 1230 orationis
3097 1190 3206 1230 non
3233 1175 3299 1231 ad
3322 1191 3385 1231 ea
3415 1191 3536 1246 quae

1961 1266 2159 1320 animm
2204 1265 2545 1333 conducunt,
2588 1275 2825 1323 mentem
2884 1267 3144 1334 attendit,
3179 1268 3276 1325 sed
3318 1269 3536 1324 vitiosis

1961 1357 2321 1430 cogitationis
2355 1374 2472 1416 suae
2506 1360 2744 1416 motibus
2778 1359 2948 1416 Deum
2993 1361 3222 1433 obsequi
3266 1363 3535 1434 postulat,

1963 1449 2053 1506 hic
2115 1458 2353 1522 nugator
2400 1451 2559 1524 plane
2607 1461 2662 1507 et
2715 1452 3019 1509 blaterator
3059 1463 3169 1520 est,
3202 1469 3265 1509 ac
3296 1454 3539 1510 multilo-

1962 1556 2131 1613 quus,
2179 1541 2316 1598 etsi
2365 1543 2501 1614 quid
2564 1543 2712 1598 aliud
2771 1544 3021 1601 eamdem
3074 1544 3537 1618 signiﬁcationem

1966 1631 2152 1687 habet.
2189 1632 2303 1690 Abs
2334 1641 2387 1689 te
2431 1634 2564 1689 mihi
2618 1634 2730 1691 vita
2763 1642 2890 1692 est:
2936 1635 3035 1692 abs
3063 1644 3116 1691 te
3147 1651 3370 1709 quoque
3405 1637 3539 1693 mihi

1965 1724 2038 1782 sit
2065 1723 2192 1781 vitae
2218 1725 2547 1783 subsidium.

375 1822 603 1893 Ἐπειδὴ
627 1821 727 1892 τῆς
757 1819 851 1874 τοῦ
881 1815 1092 1888 ἀγαθοῦ
1121 1817 1361 1890 κρίσεως
1385 1815 1746 1888 ἀπεπλανήθη
1774 1814 1863 1871 διὰ

2038 1815 2232 1887 Ejusd.
2266 1829 2408 1873 orat.
2439 1820 2493 1876 5.
2527 1850 2598 1861 -
2619 1819 2892 1887 Quoniam
2929 1837 3027 1894 per
3055 1821 3259 1878 diaboli
3294 1822 3541 1879 fraudem

289 1921 390 1992 τῆς
415 1917 631 1989 ἀπάτης
654 1918 688 1988 ἡ
725 1912 1042 1986 ἀνθρωπίνη
1069 1913 1257 1983 φύσις,
1298 1910 1396 1966 καὶ
1427 1910 1565 1983 πρὸς
1592 1910 1655 1964 τὺ
1683 1910 1865 1982 χεῖρον

289 2014 324 2084 ἡ
376 2010 490 2082 ζωὴ
537 2009 650 2062 τῶν
683 2005 988 2078 ἀνθρώπων
1038 2003 1449 2078 κατεκρατήθη,
1482 2003 1662 2068 καλῶς
1710 2000 1865 2074 εὐχό-

291 2102 433 2173 μεθα
465 2100 561 2155 τοῦ
599 2097 738 2153 Θεοῦ
780 2096 878 2163 τὴν
913 2093 1195 2166 βασιλείαν
1230 2095 1432 2151 ἐλθεῖν.
1474 2096 1550 2150 υύ
1581 2095 1691 2168 γὰρ
1715 2094 1867 2151 ἔστιν

288 2193 468 2257 ἄλλως
496 2191 717 2246 ἐκδῦναι
756 2187 856 2261 τὴν
885 2187 1131 2261 πονηρὰν
1153 2188 1253 2259 τῆς
1287 2188 1494 2260 φθορᾶς
1525 2186 1863 2253 δυναστείαν,

293 2286 371 2359 μὴ
399 2285 501 2357 τῆς
529 2280 794 2350 ζωοποιοῦ
832 2280 1118 2352 δυνάμεως
1157 2279 1244 2350 ἐφ’
1279 2279 1438 2352 ἡμῶν
1466 2279 1868 2352 ἀντιλασούσης

287 2378 352 2431 τὸ
388 2376 611 2447 κράτος.
658 2373 784 2428 Ἐὰν
812 2367 908 2427 οὖν
936 2370 1391 2444 προσευξώμεθα,
1422 2372 1598 2445 ταύτῃ
1625 2374 1690 2444 τῇ
1715 2370 1872 2426 δυνά·

295 2486 387 2542 μει
411 2467 503 2523 τὸν
529 2465 661 2522 Θεὸν
686 2465 1041 2537 ίκετεύωμεν·
1087 2463 1483 2536 ’Δπαλλαγείην
1512 2465 1614 2536 τῆς
1638 2464 1868 2538 φθοράςο

293 2558 722 2632 ἐλευθερωθείην
740 2557 836 2612 τοῦ
862 2557 1094 2613 θανάτου
1117 2573 1133 2589 ·
1158 2557 1373 2629 ,μηκέτι
1407 2555 1532 2611 κατ’
1561 2556 1698 2628 ἐμοῦ
1723 2557 1872 2629 βασι-

291 2655 501 2709 λευέτω
537 2653 606 2708 τὰ
673 2651 768 2709 νῦν
821 2649 1226 2721 ἐπικρατοῦντα
1275 2648 1456 2720 πάθη,
1500 2649 1636 2720 μηδὲ
1691 2651 1872 2721 ἀγέτω

297 2764 366 2820 με
391 2748 420 2801 ὁ
453 2745 711 2816 πολέμιος
756 2743 842 2798 διά
873 2743 976 2815 τῆς
1017 2740 1296 2815 ἁμαρτίας
1342 2739 1723 2813 αἰχμάλωτον·
1753 2741 1870 2797 ἀλλ’

294 2837 495 2892 ἐλθέτω
525 2837 612 2890 ἐπ’
645 2835 744 2908 ἐμέ
794 2836 827 2908 ἡ
878 2833 1125 2906 βασιλεία
1172 2850 1289 2900 σου,
1323 2833 1411 2887 ἵνα
1455 2835 1796 2908 ἀποχωρήσῃ
1837 2836 1870 2908 ἠ

294 2930 392 2984 τοῦ
427 2910 669 2983 ἐναντίου
702 2926 983 2998 τυραννίς.
1023 2925 1100 2980 Ού
1135 2926 1246 2998 γὰρ
1277 2925 1539 2997 ὑπομένει
1570 2927 1629 2982 τὺ
1679 2928 1872 2991 σκότος

297 3021 397 3095 τὴν
433 3020 529 3075 τοῦ
571 3018 746 3088 φωτὸς
785 3015 1116 3086 παρουσίαν,
1156 3016 1219 3071 οὐ
1251 3016 1406 3081 νόσος
1455 3015 1648 3085 ὑγείας
1690 3015 1874 3070 ἐπιλα-

300 3113 498 3183 ϐούσης
528 3112 766 3175 ἵσταται,
798 3109 901 3162 οὐκ
929 3109 1142 3178 ἐνεργεῖ
1169 3105 1237 3161 τὰ
1271 3106 1442 3177 πάθη,
1477 3106 1580 3177 τῆς
1601 3106 1870 3172 ἀπαθείας

1965 1923 1997 1964 a
2025 1907 2154 1964 boni
2201 1909 2566 1968 aestimatione
2597 1912 2845 1968 humana
2880 1922 3083 1971 natura
3115 1915 3416 1982 aberravit,
3453 1926 3543 1972 at-

1968 2015 2077 2074 que
2107 2015 2137 2056 a
2172 2001 2306 2058 vitio
2338 2001 2447 2058 vita
2481 2010 2669 2059 nostra
2715 2013 2976 2076 superata
3022 2013 3130 2069 est,
3171 2014 3322 2063 recte
3349 2021 3545 2078 prcca-

1968 2109 2095 2149 mur
2129 2101 2190 2149 ut
2237 2110 2469 2168 regnum
2521 2095 2614 2152 Dei
2673 2099 2878 2153 veniat.
2914 2095 3108 2170 Neque
3136 2098 3289 2154 enim
3316 2101 3426 2155 alia
3458 2116 3547 2155 ra-

1971 2186 2122 2244 tione
2185 2201 2216 2242 a
2267 2202 2437 2258 prava
2503 2188 2884 2259 corruptionis
2938 2189 3317 2245 dominatione
3378 2191 3547 2247 eximi

1971 2291 2291 2349 possumus,
2332 2276 2437 2334 nisi
2491 2278 2708 2335 viviﬂca
2746 2279 2993 2352 potentia
3039 2280 3330 2353 imperium
3358 2282 3415 2338 in
3445 2298 3550 2341 nos

1970 2370 2293 2442 arripiente.
2333 2370 2607 2438 Quocirca
2656 2387 2785 2428 cum
2831 2372 3139 2440 orabimus,
3196 2372 3300 2430 hac
3351 2375 3550 2432 verbo-

1971 2476 2095 2517 rum
2129 2462 2183 2517 vi
2231 2461 2401 2519 Deum
2449 2478 2753 2535 rogemus:
2809 2463 3058 2533 Eximar,
3109 2481 3322 2537 quaeso,
3356 2483 3386 2523 a
3431 2483 3552 2524 cor-
3613 2455 3615 2458 ’

1971 2556 2261 2626 ruptione;
2295 2555 2502 2612 liberer
2534 2554 2703 2630 466
2739 2571 2769 2611 a
2802 2563 3008 2624 morte;
3048 2571 3154 2614 non
3185 2557 3243 2614 in
3280 2574 3367 2614 me
3393 2560 3551 2616 dein-

1972 2661 2100 2718 ceps
2160 2655 2392 2719 regnent
2443 2648 2575 2703 vitia
2605 2663 2731 2719 quae
2783 2648 2947 2704 modo
3000 2648 3133 2705 mihi
3166 2652 3546 2718 dominantur,

1977 2757 2076 2797 nec
2103 2758 2189 2798 me
2221 2741 2400 2799 hostis
2431 2759 2525 2812 per
2561 2752 2848 2816 peccatum
2899 2744 2953 2798 in
3000 2743 3388 2815 captivitatem
3438 2756 3554 2802 tra-

1973 2832 2100 2899 hat;
2133 2849 2326 2890 verum
2375 2835 2561 2891 veniat
2613 2836 2669 2890 in
2713 2849 2799 2891 me
2832 2850 3063 2906 regnum
3111 2845 3290 2905 tuum,
3323 2853 3434 2908 quo
3467 2838 3558 2895 ad-

1975 2926 2202 2982 versarii
2254 2927 2504 3000 tyrannis
2557 2928 2838 2986 abscedat.
2882 2928 3003 2984 Non
3056 2929 3203 2986 enim
3245 2931 3389 2988 lucis
3426 2949 3558 3005 pra:-

1975 3019 2212 3074 sentiam
2261 3019 2438 3091 caligo
2491 3021 2776 3082 sustinet;
2829 3037 2940 3078 non
2993 3021 3222 3078 morbus
3274 3023 3599 3088 oboriente.

1976 3112 2214 3169 sanitate
2253 3114 2552 3182 consistit;
2618 3130 2730 3170 non
2778 3115 2922 3172 vires
2953 3129 3088 3171 suas
3141 3126 3405 3172 exserunt
3433 3134 3559 3191 per-

299 3205 606 3277 παρούσης.
632 3201 867 3274 Φροῦδος
890 3202 919 3255 ὁ
951 3199 1204 3265 θάνατος,
1219 3199 1434 3271 ἀφανὴς
1455 3201 1490 3272 ἡ
1520 3198 1716 3271 φθορὰ,
1751 3201 1875 3254 ὅταν

1984 3204 2359 3273 turbationes,
2397 3207 2526 3263 dum
2562 3208 2944 3279 tranquillitas
2980 3207 3161 3265 adest.
3191 3207 3340 3266 Mors
3374 3185 3560 3269 inanis

303 3302 362 3353 ἐν
393 3301 524 3370 ἡμῖν
554 3296 814 3367 βασιλεύῃ
839 3296 874 3366 ἡ
911 3293 1046 3366 ζωὴ,
1078 3293 1175 3348 καὶ⁵
1205 3296 1239 3366 ἡ
1269 3295 1550 3367 ἀφθαρσία
1585 3295 1648 3350 τὸ
1673 3294 1880 3366 κράτος

303 3395 428 3467 ἔχῃ.

381 3488 671 3560 Γενηθήτω
695 3489 753 3542 ἐν
782 3488 908 3561 ἐμοὶ
941 3489 1003 3542 τὸ
1032 3486 1248 3558 θέλημά
1281 3502 1400 3549 σου,
1429 3483 1517 3538 ἵνα
1553 3481 1756 3554 σϐεσθῇ
1781 3481 1880 3536 τοῦ

303 3583 552 3639 διασόλου
571 3583 631 3637 τὸ
656 3578 1107 3654 θέλημα.Ὥσπερ
1127 3578 1236 3650 γὰρ
1268 3580 1326 3634 ἐν
1343 3578 1456 3641 τοῖς
1487 3573 1754 3646 ζοφώδεσι
1773 3574 1883 3629 τῶν

307 3677 593 3750 σπηλαίων
631 3676 806 3746 φωτὸς
829 3672 1270 3745 είσκομισθέντος
1298 3671 1326 3724 ὁ
1351 3668 1513 3740 ζόφος
1535 3667 1881 3738 ἀφανίζεται,

305 3771 451 3827 οὕτω
475 3770 569 3826 τοῦ
602 3769 696 3824 σοῦ
725 3769 1030 3841 θελήματος
1061 3767 1121 3819 ἐν
1148 3764 1274 3835 ἐμοὶ
1305 3762 1624 3834 γενομένου,
1665 3762 1816 3816 πᾶσα
1849 3762 1884 3833 ἡ

310 3865 526 3939 πονηρά
550 3865 647 3920 καὶ
691 3866 896 3927 ἄτοπος
924 3861 1023 3932 τῆς
1060 3857 1436 3932 προαιρέσεως
1463 3854 1680 3926 κίνησις
1707 3855 1790 3918 είς
1823 3852 1887 3908 τὸ

313 3961 392 4037 μὴ
412 3961 472 4016 ὃν
500 3959 871 4033 περιΐσταται.
903 3957 1128 4028 Θέλημα
1167 3954 1274 4024 γάρ
1313 3969 1407 4006 σου
1436 3952 1470 4023 ή
1505 3950 1750 4023 σωτηρία
1777 3947 1888 4004 τῶν

311 4055 620 4127 ἀνθρώπων
647 4053 820 4108 ἐστίν.

393 4152 453 4205 ‘0
478 4148 574 4202 τοῦ
600 4145 843 4218 πονηροῦ
871 4141 1135 4219 ρυσθῆναι
1163 4138 1478 4212 εὐχόμενος,
1509 4136 1615 4203 ἔξω
1637 4135 1748 4191 τῶν
1777 4152 1892 4190 πει-

315 4238 546 4314 ρασμῶν
581 4235 834 4306 γενέσθαι
869 4231 1203 4306 παρακαλεῖ.

385 4330 559 4383 Ὅταν
587 4328 655 4383 δι’
696 4327 861 4398 εὐχῆς
901 4321 1259 4395 αἰτησώμεθά
1289 4339 1344 4376 τι
1373 4320 1465 4376 τὸν
1488 4317 1786 4392 Δεσπότην,
1815 4319 1893 4393 μὴ

313 4420 527 4492 ταχέως
562 4419 1008 4489 ἐξατονήσωμεν,
1042 4413 1184 4470 ἀλλά
1215 4413 1276 4467 τὸ
1317 4413 1538 4484 συνεχὲς
1573 4410 1673 4483 τῆς
1698 4412 1896 4467 ἀποτυ-

315 4518 441 4590 χίας
471 4517 538 4588 τῇ
572 4513 827 4585 συνεχείᾳ
854 4513 951 4584 τῆς
977 4509 1251 4581 αίτήσεως
1281 4507 1680 4579 ἐκνικήσωμεν.
1707 4562 1711 4564 _

401 4704 491 4758 Ἐν
518 4705 639 4767 ταῖς
687 4698 976 4763 ἀναϐολαῖς
1008 4698 1104 4753 καλ⁸
1139 4697 1259 4760 ταῖς
1290 4693 1626 4766 ὑπερθέσεσι
1664 4690 1774 4747 τῶν
1801 4691 1901 4745 δω·

323 4797 465 4871 ρεῶν
507 4796 601 4851 τοῦ
649 4793 784 4848 Θεοῦ
833 4792 911 4865 μὴ
964 4790 1368 4863 προκάμωμεν,
1409 4786 1545 4859 μηδὲ
1599 4783 1900 4860 προαναπί-

1921 4547 1969 4604 D

1979 3309 2084 3365 erit,
2119 3299 2410 3371 corruptio
2440 3301 2619 3358 oculis
2669 3316 2782 3358 non
2824 3301 3150 3373 percipitur,
3195 3303 3417 3373 quando
3449 3308 3560 3360 vita

1983 3401 2176 3460 regnat
2207 3392 2260 3448 in
2292 3394 2479 3462 nobis,
2517 3401 2570 3451 et
2609 3395 2961 3466 incorruptio
2986 3397 3281 3468 imperium
3317 3406 3488 3465 tenet,

2056 3487 2247 3556 Ejusd.
2297 3501 2439 3544 orat.
2480 3489 2535 3544 4.
2599 3487 2786 3543 ~Fiat
2831 3488 2884 3544 in
2930 3504 3018 3547 me
3048 3491 3305 3548 voluntas
3345 3500 3459 3559 tua,
3502 3503 3562 3548 nt

1985 3578 2187 3635 diaboli
2231 3580 2486 3639 voluntas
2519 3584 2926 3652 exstinguatur.
2960 3580 3121 3648 Nam,
3155 3585 3300 3640 sicut
3334 3586 3388 3641 in
3422 3587 3559 3642 cali-

1986 3667 2200 3738 ginosis
2254 3669 2431 3726 antris
2484 3671 2635 3725 illata
2699 3671 2823 3726 luce
2878 3671 3123 3728 tenebrae
3164 3675 3560 3747 dispelluntur,

1988 3758 2086 3827 ita,
2118 3761 2164 3815 si
2217 3761 2477 3818 voluntas
2520 3773 2612 3818 tua
2649 3764 2701 3819 in
2737 3780 2824 3820 me
2872 3764 3016 3819 facta
3049 3767 3144 3834 sit,
3184 3771 3366 3825 omnis
3398 3786 3564 3841 prava

1990 3862 2046 3910 et
2074 3863 2409 3926 praipostera
2447 3857 2752 3914 voluntatis
2787 3857 3016 3930 agitatio
3047 3858 3099 3914 in
3144 3861 3378 3917 nihilum
3421 3865 3566 3919 redi-

1990 3945 2161 4018 gitur.
2223 3946 2338 4003 Tua
2399 3947 2672 4020 siquidem
2736 3950 2990 4008 voluntas
3043 3955 3357 4009 mortalium
3417 3957 3566 4014 salus

1988 4049 2096 4098 εει.

2064 4129 2126 4187 S.
2158 4130 2436 4204 Chrysost.
2470 4162 2536 4173 —
2564 4130 2666 4201 Qui
2717 4141 2980 4205 precatur
3027 4142 3086 4188 nt
3121 4149 3151 4188 a
3188 4135 3333 4189 malo
3365 4136 3571 4194 libere-

1994 4234 2104 4292 tur,
2143 4225 2248 4279 hoc
2279 4224 2553 4296 postulat,
2587 4236 2646 4280 ut
2674 4241 2703 4280 a
2737 4225 3136 4282 tentationibus
3164 4226 3464 4283 eximatur.

2069 4313 2349 4386 Ejusdem.
2374 4344 2447 4358 --
2471 4315 2707 4383 Quando
2745 4316 3032 4387 quidpiam
3085 4318 3296 4372 orando
3345 4320 3573 4390 petieri-

1995 4425 2120 4468 mus
2159 4426 2190 4464 a
2257 4408 2514 4477 Domino,
2573 4425 2642 4467 ne
2698 4411 2881 4466 statim
2936 4410 3426 4482 elanguescamns;
3478 4415 3572 4468 sed

1998 4504 2233 4576 repulsae
2273 4503 2679 4570 assiduitatem,
2731 4502 3060 4561 assiduitate
3094 4505 3382 4577 petitionis
3415 4522 3574 4579 snpe-

2003 4616 2210 4657 remus.

2078 4693 2354 4764 Ejusdem.
2387 4692 2616 4751 —Cnm
2665 4695 2809 4751 Deus
2858 4693 3123 4750 beneﬁcia
3158 4693 3364 4762 ditl‘crt,
3410 4703 3579 4768 atque

2005 4789 2058 4844 in
2091 4789 2310 4859 longius
2348 4789 2640 4860 protrahit,
2671 4804 2742 4844 ne
2772 4787 3098 4859 frangantur
3141 4789 3363 4854 animis,
3400 4804 3582 4858 neque

319 4908 565 4961 πτωμεν.
614 4886 882 4950 Πολλάκις
929 4885 1038 4956 γὰρ
1077 4885 1104 4936 ὁ
1149 4882 1426 4951 Δεσπότης
1468 4880 1568 4951 τὴν
1628 4877 1875 4933 δοκοῦσαε

2006 4884 2382 4940 concidamus.
2414 4881 2571 4952 Swpe
2610 4883 2755 4938 enim
2809 4880 3078 4937 Dominus
3117 4881 3441 4938 dilationem
3474 4882 3583 4937 hn-

321 4985 590 5057 ἀναϐολὴν
611 4988 691 5047 εἰς
731 4982 964 5045 πίστεως
993 4976 1301 5051 γυμνασίαν
1328 4975 1615 5047 παρέλκει.

398 5081 576 5137 Καλὸν
600 5079 832 5138 πάντοτε
860 5076 948 5130 διὰ
977 5074 1285 5149 προσευχῆς
1318 5071 1528 5144 ὁμιλεῖν
1555 5070 1632 5143 τῷ
1660 5070 1798 5142 Θεῷ.
1838 5071 1901 5125 Et

325 5179 438 5250 γὰρ
465 5173 723 5246 συντυχία
765 5169 956 5244 ἀνδρὸς
980 5168 1186 5238 ἀγαθοῦ
1230 5166 1432 5239 βελτιοῖ
1461 5165 1552 5219 τὸν
1603 5165 1905 5236 συντυγχά-

328 5286 511 5332 νοντα,
555 5267 707 5337 πόσῳ
759 5265 961 5338 μᾶλλον
998 5262 1106 5331 ptati
1161 5261 1219 5315 ἐν
1267 5260 1449 5331 ἡμέρᾳ
1495 5257 1590 5313 καὶ
1638 5258 1696 5312 ἐν
1746 5258 1899 5312 νυκτῖ⁹

329 5361 687 5437 προσομιλεῖν
708 5359 786 5431 τῷ
814 5357 954 5429 Θεῷ.

397 5551 563 5622 Μέγα
590 5549 794 5619 ἀγαθὸν
827 5549 984 5618 εὐχὴ,
1015 5545 1109 5599 ἐάν
1143 5544 1281 5616 μετά
1313 5543 1549 5608 διανοίας
1587 5542 1907 5614 εὐχαρίστου

333 5643 581 5714 γένηται,
619 5641 713 5695 ἐὰν
747 5637 1133 5708 παιδεύσωμεν
1168 5636 1420 5700 ἑαυτοὺς,
1453 5634 1528 5707 μὴ
1565 5634 1724 5706 μόνον
1764 5633 1896 5704 λαμι

2003 4976 2246 5048 jusmodi
2287 4974 2352 5030 ad
2389 4974 2710 5030 exercitium
2749 4974 2872 5030 ﬁdei
2908 4974 3188 5046 producit.

2087 5068 2362 5139 Ejusdem.
2392 5097 2462 5110 —-
2499 5067 2832 5125 Praeclarum
2878 5078 2962 5124 est
3007 5084 3133 5124 cum
3191 5067 3303 5123 Deo
3364 5083 3583 5140 semper

2009 5182 2095 5239 pet
2156 5163 2459 5221 orationem
2515 5160 2978 5218 consuetudinem
3042 5160 3271 5216 habere.
3334 5159 3474 5216 Nam
3537 5163 3583 5216 si

2011 5272 2350 5332 congressus
2387 5271 2514 5312 cum
2547 5255 2668 5311 viro
2701 5255 2849 5310 bono
2882 5253 3162 5310 meliorem
3216 5253 3398 5310 reddit
3431 5254 3584 5308 illum
3630 5333 3634 5336 γ

2010 5354 2106 5424 qui
2143 5367 2266 5408 cum
2325 5365 2390 5406 eo
2439 5348 2816 5420 congreditur,
2851 5353 3061 5415 quanto
3114 5347 3290 5418 magis
3340 5345 3484 5403 idem
3535 5347 3584 5402 ei

2013 5447 2357 5513 usuvencrit,
2412 5443 2506 5516 qui
2553 5442 2648 5500 diu
2695 5451 2968 5512 noctuque
2998 5455 3124 5496 cum
3160 5439 3269 5497 Deo
3300 5442 3582 5497 "versatur!

2086 5540 2361 5611 Ejusdem.
2382 5520 2450 5582 -Ᾰ-
2472 5534 2724 5608 Μιιεηιιηι
2755 5535 2963 5590 bonum
3006 5542 3090 5589 est
3125 5533 3325 5600 oratio,
3359 5535 3405 5590 si
3433 5544 3588 5606 grato

2016 5637 2202 5693 animo
2239 5635 2351 5702 ﬁat,
2392 5646 2609 5707 nosque
2655 5630 2808 5702 ipsos
2856 5631 2932 5684 ita
2979 5627 3323 5693 erudiamus,
3376 5635 3438 5683 ut
3473 5627 3588 5683 sive

335 5736 621 5802 ὗάνοντας,
652 5733 788 5788 ἀλλά
824 5733 919 5786 καὶ
949 5728 1426 5800 ἀποτυγχάνοντας
1462 5728 1806 5800 εὐχαριστεῖν
1835 5745 1875 5781 τι

2017 5739 2268 5787 votorum
2299 5737 2583 5801 compotes
2631 5725 2826 5791 simus,
2861 5722 2977 5780 sive
3003 5721 3283 5793 repulsam
3324 5720 3589 5786 feramus,

331 5831 474 5899 Θεῷ.
510 5833 619 5889 Καὶ
647 5831 752 5904 γὰρ
787 5831 918 5887 ποτὲ
965 5830 1058 5902 μέν
1099 5828 1304 5896 δίδωσι,
1336 5825 1466 5880 ποτὲ
1498 5825 1554 5880 δὲ
1580 5825 1641 5879 ού
1673 5824 1908 5895 δίδωσιν,

2022 5825 2132 5883 Deo
2189 5825 2395 5899 gratias
2443 5841 2697 5898 agamus.
2745 5818 2958 5876 Etenim
2994 5814 3594 5890 quandoquclargilur
