4014 6302
528 316 661 385 1443

1680 312 1742 373 S.
1784 306 2108 374 JOANNIS
2132 304 2569 371 DAMASCENI

3633 302 3793 371 ,1444

524 426 848 501 quandoque
878 439 1071 481 rursus
1112 433 1319 497 negat:
1361 430 1659 496 utrumque
1707 422 1940 479 utiliter.
1977 421 2091 477 Ita-

2199 421 2483 495 ἀμφότερα
2534 419 2846 493 χρησίμως.
2880 417 3046 475 ’Ὥστε
3082 419 3187 475 κᾶν
3218 418 3411 494 λάϐῃς,
3445 418 3549 475 κᾶν
3580 417 3658 491 μὴ
3687 417 3789 476 λὰ-

522 534 647 590 que,
677 517 900 574 etiamsi
943 531 1052 573 non
1101 517 1372 589 accipias,
1432 531 1542 572 non
1578 514 1903 586 accipiendo
1941 527 2099 568 acce-

522 611 679 682 pisti;
706 611 931 666 etiamsi
960 610 1106 681 quod
1142 608 1446 679 optaveris,
1490 609 1721 664 minime
1760 613 2100 664 consecutus

519 703 619 767 sis.
649 717 761 760 non
813 702 1216 774 consequendo
1279 710 1615 757 consecutus
1674 714 1759 757 es.
1814 698 2099 754 Interdum

517 798 659 851 enim
714 810 825 851 non
878 796 1136 868 accipere
1190 793 1336 867 quod
1390 792 1759 864 postulamus,
1798 791 1976 847 satius
2014 796 2101 847 est

517 904 679 961 quam
734 889 1013 960 accipere.
1073 885 1207 942 Nam
1250 887 1298 942 si
1349 885 1489 941 utile
1539 890 1690 940 esset
1734 883 2008 954 accipere,
2042 879 2099 936 id

516 1000 744 1053 prorsus
777 982 1047 1039 dedisset.
1109 978 1286 1036 Porro
1340 987 1436 1033 tuo
1491 976 1639 1033 bono
1671 991 1788 1032 non
1828 974 2097 1048 consequi

513 1075 657 1144 quod
692 1082 866 1145 petas,
910 1071 1015 1127 hoc
1052 1072 1216 1143 plane
1242 1069 1517 1140 consequi
1550 1076 1656 1126 est.

596 1166 877 1237 Ejusdem.
905 1195 977 1207 --
1000 1165 1200 1237 ingens
1222 1172 1507 1219 armatura
1540 1170 1625 1218 est
1658 1160 1861 1224 oratio,
1901 1158 2097 1231 ingens

511 1269 918 1326 ornamentum,
949 1258 1269 1333 praesidium
1317 1256 1537 1337 ingens.
1578 1253 1714 1311 Nam
1748 1270 1875 1310 cum
1908 1255 2093 1310 homi-

513 1368 608 1409 nes
643 1366 894 1421 oramus,
958 1349 1277 1423 sumptibus
1337 1356 1394 1405 et
1444 1347 1695 1420 pecuniis
1733 1361 1875 1418 opus
1924 1346 2097 1403 habe-

510 1460 659 1505 mus.
712 1443 1016 1516 servilique
1069 1441 1473 1507 assentatione,
1518 1448 1573 1495 et
1608 1454 1807 1511 magno
1857 1438 2093 1493 circuitu

510 1549 575 1590 ac
627 1534 1030 1609 negotiatione.
1092 1532 1285 1605 Neque
1340 1532 1491 1589 enim
1524 1544 1910 1602 saepenumero
1968 1528 2098 1584 licet

511 1644 612 1685 eos
641 1637 791 1686 recta
836 1628 1067 1700 alloqui,
1112 1642 1280 1698 penes
1316 1642 1458 1699 quos
1487 1624 1656 1683 dandi
1694 1634 1941 1696 potestas
1970 1630 2095 1690 est;

514 1737 701 1791 verum
749 1721 909 1794 prius
946 1719 1188 1778 famulos
1223 1734 1447 1788 eorum,
1501 1724 2013 1790 procuratoresque
2039 1722 2096 1790 ct

2205 516 2329 589 ϐῃς,
2388 514 2581 580 ἔλαϐες
2610 514 2669 569 ὲν
2692 514 2775 585 τῷ
2795 513 2873 588 μὴ
2905 513 3205 569 ἀπολαϐεῖν
3230 532 3244 545 ·
3269 514 3373 569 κᾶν
3398 512 3475 588 μὴ
3497 513 3791 585 ὶπιτύχῃς.

2201 611 2466 682 ἐπέτυχες
2494 610 2554 665 ὲν
2590 608 2671 683 τῷ
2706 606 2787 683 μὴ
2820 609 3122 684 επιτυχεζν.
3147 609 3307 664 Ἐστι
3340 608 3451 680 γὰρ
3490 607 3581 663 ὅτε
3620 607 3689 661 τό
3714 606 3792 680 μὴ

2199 702 2387 757 λαϐεῖν
2427 704 2567 775 ὅπερ
2606 699 2905 774 αἰτοῦμεν,
2937 701 3033 757 τοῦ
3083 702 3272 758 λαϐεῖν
3316 699 3787 773 λυσιτελέστερον.

2202 796 2265 852 El
2299 796 2410 871 γὰρ
2439 796 2722 871 συμφέρον
2750 799 2886 870 ημῖν
2928 796 3192 863 πολλάκις
3216 796 3279 853 τὸ
3321 795 3532 861 λαϐεῖν,
3565 793 3791 859 πάντως

2198 890 2400 945 ἔδωκεν
2428 889 2516 947 ᾶν.
2551 890 2629 945 Τὸ
2652 888 2711 945 δὲ
2741 889 3131 964 συμφερόντως
3161 891 3479 962 ἀποτυχεῖν,
3506 886 3789 957 ὶπιτυχεὶν

2198 981 2335 1037 ἔστω

2268 1168 2429 1238 Μέγα
2460 1168 2629 1225 δπλον
2664 1167 2824 1241 εὐχὴ,
2863 1167 3039 1241 μέγας
3086 1166 3314 1241 κόσμος,
3350 1167 3566 1241 μεγάλη
3610 1166 3788 1237 ἀσφά-

2196 1262 2337 1319 λεια.
2401 1262 2735 1335 ’Δνθρώπων
2768 1262 2871 1333 μὲν
2915 1261 3027 1335 γὰρ
3056 1262 3338 1336 δεόμενοι,
3393 1262 3491 1317 καὶ
3536 1260 3788 1332 δαπάνης

2197 1357 2291 1409 καὶ
2336 1354 2638 1429 χρημάτων
2691 1352 2962 1425 δεόμεθα.
3016 1355 3111 1409 καὶ
3162 1353 3456 1419 κολακείας
3488 1353 3791 1427 δουλοπρεο

2198 1447 2359 1514 ποῦς,
2413 1450 2511 1503 καὶ
2562 1447 2766 1520 πολλῆς
2807 1446 3062 1521 περιόδου
3102 1448 3197 1500 καὶ
3248 1444 3662 1519 πραγματείας.
3709 1443 3786 1498 οὐ

2197 1543 2309 1615 γὰρ
2337 1540 2399 1610 ἐξ
2424 1542 2647 1607 εὐθείας
2691 1543 2877 1608 αὐτοῖς
2914 1543 3029 1605 τοῖς
3060 1540 3274 1613 κύριοις
3322 1536 3422 1593 τοῦ
3467 1538 3657 1593 δοῦναι
3683 1536 3790 1612 τὴν

2196 1637 2357 1710 χάριν
2400 1636 2483 1692 ἔνι
2520 1636 2875 1709 διαλεχθῆναι
2929 1633 3214 1701 πολλάκις,
3250 1632 3367 1690 ἀλλ’
3395 1634 3619 1707 ἀνάγκη
3650 1632 3789 1706 πρό-

2196 1746 2358 1803 τερον
2391 1728 2702 1795 διακόνους,
2729 1729 2825 1785 και
2845 1728 3161 1800 οἰκονόμους
3190 1728 3398 1799 αὐτῶν,
3433 1729 3530 1784 καὶ
3556 1728 3791 1801 iunpo-

510 1814 1021 1884 administratores,
1069 1822 1187 1870 tum
1231 1813 1507 1884 pecuniis,
1556 1820 1674 1867 tum
1714 1810 2088 1887 sermonibus,

2200 1840 2355 1890 πους,
2386 1822 2637 1895 χρήμασι
2674 1823 2770 1878 καὶ
2827 1824 3063 1896 ῥήμασι,
3098 1822 3196 1879 καὶ
3239 1822 3405 1877 παντὶ
3438 1819 3790 1895 θεραπεῦσαι

508 1918 673 1979 atque
702 1907 854 1965 omni
897 1922 1104 1981 genere
1137 1906 1301 1962 oﬂieii
1342 1906 1609 1962 demereri
1647 1919 1942 1961 necessum
1971 1912 2056 1961 est
2070 1920 2091 1973 -;

510 2016 574 2056 ac
631 2010 748 2057 tum
797 2016 991 2057 eorum
1053 2014 1227 2072 opera
1300 1998 1448 2072 quod
1509 1999 1749 2070 petimus
1797 1999 2096 2069 impetrare

510 2109 693 2165 posse.
724 2094 795 2150 At
825 2094 879 2149 iu
928 2092 1043 2151 Deo
1076 2110 1242 2152 secus
1275 2109 1336 2151 se
1368 2108 1459 2151 res
1500 2094 1686 2149 habet.
1719 2090 1913 2162 Neque
1944 2091 2092 2149 enim

509 2187 975 2247 intercessoribus
1018 2189 1246 2262 indiget,
1300 2204 1399 2261 per
1449 2203 1592 2261 quos
1634 2188 1742 2246 sibi
1777 2202 1970 2260 preces
2014 2186 2095 2244 re-

508 2290 723 2346 rantur,
790 2298 890 2337 nec
946 2289 1059 2338 tam
1115 2296 1215 2354 per
1247 2283 1390 2338 alios
1443 2295 1610 2353 quam
1652 2295 1752 2352 per
1802 2296 1909 2338 nos
1944 2280 2095 2351 ipsos

509 2386 793 2440 exoratus,
826 2374 893 2431 ad
947 2375 1214 2432 beneﬁcia
1263 2374 1446 2432 danda
1505 2372 1773 2447 proclivis
1810 2380 1917 2431 est.
1947 2373 2092 2441 Quin

508 2476 564 2523 et
590 2468 681 2523 hic
729 2467 989 2540 quidem,
1048 2468 1169 2525 sive
1223 2468 1593 2540 accipiamus,
1645 2467 1763 2524 sive
1814 2466 2092 2539 repulsam

509 2561 804 2632 patiamur,
855 2568 1122 2634 quastum
1176 2558 1364 2618 facere
1419 2562 1572 2617 licet.
1613 2558 1779 2632 Apud
1834 2559 2094 2616 homines

511 2672 639 2714 vero
672 2655 999 2729 frequenter
1030 2655 1239 2715 accidit
1265 2667 1322 2713 ut
1376 2669 1677 2726 utrumque
1719 2655 1885 2712 nobis
1920 2655 2095 2712 detri-

509 2760 753 2807 mentum
821 2748 1036 2823 τίσει-οι.
1101 2747 1379 2818 Quoniam
1433 2750 1603 2823 igitur
1650 2749 1719 2806 iis
1764 2748 1862 2821 qui
1916 2746 2091 2805 Deum

522 2844 751 2911 adeunt,
781 2850 897 2899 tum
921 2841 1088 2918 467
1124 2844 1339 2900 lucrum
1384 2842 1561 2915 majus
1594 2850 1700 2908 est,
1756 2848 1872 2896 tum
1916 2840 2094 2911 major

520 2937 759 2993 facilitas
795 2937 1146 2993 :orationem
1182 2950 1313 3007 ergo
1341 2950 1411 2992 ne
1451 2942 1899 2991 contemnamus.
1936 2932 2094 2991 Tunc

506 3029 656 3086 enim
706 3029 804 3086 tibi
866 3028 1173 3101 proclivius
1203 3029 1297 3084 dat
1334 3043 1459 3100 quae
1491 3028 1741 3099 postulas
1768 3066 1789 3094 ,
1841 3042 1968 3084 cum
1995 3043 2093 3102 per

458 3118 459 3121 “
508 3123 747 3195 teipsum
779 3124 1060 3196 postulas;
1116 3122 1283 3179 modo
1325 3130 1513 3176 tamen
1570 3135 1680 3177 non
1714 3118 2093 3191 perfunctorie
2119 3164 2161 3223 ο

508 3217 755 3289 postules
783 3216 876 3273 :id
910 3216 1058 3290 quod
1098 3216 1349 3289 plerique
1391 3216 1632 3270 faciunt.
1669 3211 1943 3270 Nimirum
1979 3213 2092 3271 lin-

508 3323 619 3381 gua
653 3308 875 3381 quidem
934 3309 1096 3365 verba
1150 3308 1505 3381 pronuntiat;
1568 3308 1789 3363 animus
1843 3322 1976 3364 vero
2009 3306 2095 3364 vel

510 3401 734 3469 domus,
797 3402 883 3458 vel
934 3400 1042 3459 fori
1090 3401 1209 3458 vias
1283 3400 1674 3459 circumvadit.
1724 3397 1842 3456 Hoc
1910 3408 2092 3457 autem

511 3502 684 3551 totum
716 3494 923 3552 diaboli
950 3501 1325 3552 commentum
1363 3504 1469 3551 est.
1516 3492 1654 3549 Nam
1704 3493 1969 3565 quoniam
1996 3509 2092 3549 cx-

510 3588 787 3661 ploratum
817 3587 1004 3655 habet,
1035 3602 1159 3655 nos,
1187 3602 1301 3659 quo
1329 3594 1577 3658 tempore
1613 3602 1740 3642 curn
1774 3585 1883 3642 Deo
1905 3586 2088 3642 collo-

509 3681 754 3755 quimur,
807 3688 1161 3753 peccatorum
1194 3680 1412 3736 veniam
1463 3680 1762 3750 impetrare
1800 3694 1987 3752 posse,
2024 3689 2087 3736 ut

511 3776 674 3834 nobis
702 3775 980 3833 orationis
1006 3784 1225 3848 portum
1266 3774 1417 3831 velut
1465 3782 1687 3847 aggesta
1726 3782 1873 3829 terra
1908 3772 2088 3829 inter-

510 3866 718 3933 cludat,
784 3876 919 3924 tunc
969 3866 1026 3922 in
1087 3866 1191 3922 hoc
1244 3864 1535 3931 incumbit,
1568 3878 1679 3937 quo
1714 3873 1953 3921 mentem
1990 3881 2089 3922 no-

2194 1914 2409 1986 τρόπῳ,
2441 1913 2538 1967 καὶ
2573 1912 2698 1968 τότε
2722 1914 2791 1968 δι’
2824 1914 3056 1969 ἐκείνων
3086 1912 3189 1981 τὴν
3229 1912 3457 1986 αἴτησιν
3487 1912 3792 1986 δυνηθῆναι

2194 2006 2405 2062 λαϐεῖν.
2438 2007 2563 2061 Ἐπὶ
2594 2006 2654 2061 δὲ
2682 2005 2819 2061 Θεοῦ
2849 2006 2950 2062 οὐκ
2974 2004 3122 2061 ἔστιν
3145 2003 3341 2071 οὕτως.
3369 2006 3445 2061 Οὐ
3469 2006 3583 2079 γὰρ
3612 2005 3792 2062 δείται

2198 2118 2266 2173 με
2276 2099 2442 2155 σιτῶν
2462 2099 2556 2155 επὶ
2569 2100 2679 2155 τῶν
2698 2097 3017 2168 ἀξιούντων,
3034 2099 3158 2155 οὐδὲ
3180 2098 3356 2166 οὕτως
3371 2100 3440 2155 δι’
3460 2100 3550 2155 ἑτέ
3556 2116 3675 2175 ρων
3690 2116 3797 2156 παρ

2199 2192 2630 2266 ρακαλούμενος,
2653 2191 2731 2258 ὡς
2750 2193 2817 2248 δι’
2850 2192 3009 2265 ἡμῶν
3026 2191 3209 2248 αὐτῶν
3233 2193 3346 2248 τῶν
3370 2192 3649 2265 δεομένων
3666 2193 3794 2249 ιπε-

2196 2285 2341 2342 νεῦει
2367 2288 2436 2359 τῇ
2465 2285 2673 2358 χάριτι.
2695 2285 2809 2341 Καὶ
2833 2282 3073 2341 ινταῦθα
3100 2284 3223 2357 μὶν,
3246 2285 3343 2340 καὶ
3376 2285 3791 2359 λαμϐάνοντας,

2198 2378 2291 2434 καὶ
2309 2381 2385 2454 μὴ
2398 2378 2780 2453 λαμϐάνοντας
2792 2377 2907 2434 εστι
2923 2378 3250 2453 κερδαίνειν,
3265 2380 3359 2435 ἐπὶ
3374 2379 3430 2434 δὲ
3448 2380 3560 2434 τῶν
3576 2378 3797 2454 ἀνορό-

2197 2488 2316 2527 πων
2337 2472 2395 2526 ὲν
2409 2470 2659 2545 ἑκατέρῳ
2676 2472 2941 2539 πολλάκις
2956 2470 3289 2546 ὲϐλάϐημεν.
3306 2472 3462 2528 Ἐπεὶ
3478 2470 3576 2529 οὖν
3599 2473 3795 2547 μεῖζον

2196 2564 2255 2619 τὸ
2277 2565 2491 2637 κέρδος,
2516 2565 2614 2621 καὶ
2654 2563 2857 2621 πλείων
2882 2565 2915 2636 ἡ
2946 2564 3169 2621 εὐκολία
3197 2563 3415 2638 τοῖςτῷ
3443 2564 3573 2638 Θεῷ
3611 2582 3795 2639 προσ-

2202 2658 2360 2727 ιοῦσι,
2388 2658 2466 2731 μὴ
2495 2658 2928 2732 καταφρονῶμεν
2950 2658 3139 2732 εὐχῆς.
3164 2658 3299 2715 Τότε
3322 2659 3440 2732 γάρ
3466 2676 3549 2715 σοι
3581 2660 3799 2732 μᾶλλον

2197 2751 2413 2808 δίδωσιν
2441 2751 2478 2808 ἃ
2518 2754 2717 2818 αίτεῖς,
2750 2750 2817 2807 ἂν
2861 2751 2926 2806 σὺ
2959 2750 3049 2809 διὰ
3083 2751 3315 2809 σεαυτοῦ
3356 2753 3541 2826 αίτῇς,
3576 2753 3679 2809 ἐὰν
3717 2753 3798 2827 μή

2198 2841 2493 2916 παρέργως
2509 2842 2689 2914 αἰτῇς,
2717 2840 2872 2917 ὅπερ,
2888 2841 3135 2899 ποιοῦσιν
3162 2844 3213 2899 οί
3235 2842 3442 2899 πολλοί.
3476 2842 3541 2898 Ἦ
3557 2842 3797 2914 γλῶσσα

2198 2936 2299 3009 μὲν
2318 2934 2470 3006 λέγει
2498 2935 2567 2991 τά
2587 2936 2832 3008 βήματα.
2853 2937 2887 3007 ὴ
2920 2933 2980 2989 δι
3002 2933 3152 3009 ψυχὴ
3179 2933 3280 3007 τῆς
3305 2934 3484 2999 σικιας
3509 2933 3544 3008 ἢ
3573 2930 3798 3017 ἀγρρᾶς

2194 3028 2294 3093 τὰς
2336 3026 2492 3086 ὁδοὺς
2524 3025 2899 3099 περιέρχεται.
2926 3025 3112 3081 Τοῦτο
3143 3024 3202 3081 δὲ
3251 3025 3376 3083 ὅλον
3401 3024 3499 3080 τοῦ
3527 3024 3798 3081 διαϐόλου

2194 3120 2256 3176 τὸ
2304 3120 2769 3194 κατασκεύασμα.
2825 3120 3047 3195 Ἐπειδὴ
3095 3120 3208 3194 γὰρ
3268 3116 3411 3175 οἶδεν
3455 3121 3611 3193 ἡμᾶς
3664 3118 3796 3175 κατ’

2195 3216 2406 3271 εκεῖνον
2445 3212 2537 3270 τὸν
2576 3214 2770 3286 καιρὸν
2815 3212 3165 3286 διαλεχθῆναι
3192 3214 3333 3287 πρὸς
3374 3212 3469 3268 τὸν
3506 3212 3675 3280 Θεὸν,
3709 3213 3801 3270 δτι

2195 3304 2478 3378 δυνάμεθα
2524 3305 2620 3362 καὶ
2678 3307 2929 3378 ἀφέσεως
2961 3308 3381 3381 ἁμαρτημάτων
3407 3307 3623 3379 τυχεῖν,
3662 3306 3816 3378 βου--

2194 3401 2425 3472 λόμενος
2451 3401 2584 3471 ἡμῖν
2616 3400 2708 3455 τὸν
2739 3400 2842 3473 τῆς
2872 3400 3038 3472 εὐχῆς
3071 3398 3394 3472 προσχῶσαι
3422 3398 3647 3472 λιμένα,
3667 3414 3801 3455 κατ’

2197 3496 2362 3550 αὑτὸν
2389 3493 2671 3551 ἐνίσταται
2700 3494 2790 3549 τὸν
2817 3496 3027 3567 καιρὸν,
3052 3493 3331 3567 ἐκκρούων
3350 3492 3509 3567 ἡμῶν
3542 3493 3651 3566 τὴν
3673 3492 3802 3548 διά-

2196 3604 2348 3642 νοιαν
2374 3586 2484 3641 τῶν
2509 3583 2841 3657 λεγομένων,
2869 3583 3012 3640 ὥστε
3045 3582 3430 3657 ζημιωθέντας
3460 3584 3617 3656 ἡμᾶς
3651 3583 3801 3654 μᾶλ-

2193 3679 2286 3733 λον
2318 3679 2353 3752 ἢ
2387 3678 2791 3750 κερδαίνοντας,
2820 3676 3112 3733 ἀπελθεῖν..
3134 3675 3320 3730 Ταῦτα
3344 3669 3441 3729 οὖν
3475 3674 3665 3740 είδὼς,
3695 3673 3803 3729 ἇν-

2195 3772 2407 3843 θρωπε,
2440 3771 2570 3827 ὅταν
2599 3771 2836 3845 προσίῃς
2865 3768 3011 3843 Θεῷ,
3038 3770 3295 3828 ιννότισον
3327 3769 3439 3825 τίνι
3470 3768 3799 3843 προσέρχῃ,

2199 3867 2297 3923 καὶ
2323 3867 2488 3939 ἀρκεῖ
2519 3882 2603 3921 σοι
2634 3866 2716 3926 είς
2738 3864 2923 3937 νῆψιν.

510 3968 683 4016 stram
718 3961 787 4015 ab
827 3960 897 4015 iis
931 3973 1056 4031 qua:
1106 3957 1557 4030 pronuntiamus,
1606 3958 1829 4025 avellat,
1867 3958 1944 4015 uti
1996 3959 2207 4030 majore
2238 3959 2576 4017 detrimento
2617 3972 2782 4028 quam
2829 3954 3123 4012 commodo
3176 3952 3357 4012 aﬂ‘eeti
3423 3954 3796 4015 recedamus.

511 4053 637 4111 llaec
672 4052 839 4125 igitur
888 4051 1111 4125 quando
1148 4058 1433 4124 comperta
1482 4058 1613 4108 sunt
1654 4050 1778 4117 tibi,
1827 4066 1862 4106 ο
1911 4052 2098 4119 homo,
2140 4052 2272 4109 dum
2306 4049 2529 4109 accedis
2572 4050 2644 4107 ad
2694 4048 2890 4120 Deum,
2940 4049 3235 4108 considera
3267 4047 3337 4105 ad
3398 4063 3564 4120 quem
3620 4066 3795 4110 acce-

507 4148 640 4205 das:
698 4148 915 4219 hocque
968 4145 1067 4201 tibi
1118 4144 1186 4200 ad
1246 4142 1590 4217 vigilantiam
1646 4144 2074 4215 comparandam
2116 4144 2374 4202 sulliciat.

580 4244 857 4316 Ejusdem,
912 4243 1102 4298 haurit.
1136 4241 1199 4308 7,
1248 4240 1313 4297 de
1368 4242 1563 4299 dicere.
1615 4243 1822 4311 spuria.
1890 4271 1948 4283 —
1987 4239 2087 4298 Se-

508 4341 675 4397 cessit
704 4336 866 4396 Jesus
896 4338 950 4393 in
979 4344 1165 4409 partes
1193 4334 1325 4409 Tyri
1348 4342 1402 4391 et
1431 4333 1674 4401 Sidonis,
1709 4344 1762 4389 et
1799 4348 1929 4391 ecce
1971 4350 2091 4390 mu-

505 4434 634 4500 lier,
683 4432 890 4489 diaboli
934 4440 1091 4487 vetus
1130 4440 1427 4531 armatura,
1477 4442 1599 4531 quas
1644 4442 1731 4483 me
1769 4442 1798 4483 e
1835 4426 2091 4531 paradiso
2125 4472 2173 4531 υ

504 4526 739 4599 expulit,
771 4536 945 4582 mater
980 4521 1480 4596 praevaricationis,
1510 4520 1668 4591 origo
1709 4520 1938 4591 peccati,
1980 4519 2096 4577 haec

508 4621 600 4677 illa
641 4620 837 4676 mulier
876 4620 1044 4674 venit.
1090 4617 1239 4673 Nova
1271 4631 1358 4672 res
1412 4623 1465 4671 et
1509 4613 1868 4671 admiranda!
1920 4612 2091 4670 Judaei

507 4713 747 4786 fugiunt,
778 4712 974 4767 mulier
1001 4718 1375 4767 consectatur.
1420 4706 1654 4779 Haecque
1682 4708 1913 4780 rogabat
1941 4724 2089 4772 eum,

506 4806 699 4862 dicens
724 4824 738 4861 :
766 4804 1013 4869 Domine,
1029 4802 1142 4857 Fili
1166 4802 1355 4865 David,
1380 4802 1627 4857 miserere
1648 4802 1747 4855 mei
1766 4802 1981 4874 (Matth.
2000 4816 2091 4866 xv,

503 4898 618 4969 22).
653 4898 999 4970 Evangelista
1029 4898 1226 4953 mulier
1255 4896 1513 4962 ellieitur,
1550 4911 1791 4967 unaque,
1820 4905 1935 4951 tum
1976 4896 2094 4952 dei-

506 5002 701 5059 tatem,
733 5002 847 5048 tutn
882 4992 1133 5047 humana:
1175 4992 1356 5047 carnis
1392 4992 1830 5060 assttntptionem
1864 4992 2094 5045 conlite-

505 5095 639 5142 tur:
681 5084 917 5141 dicendo
966 5085 1249 5149 nimirum,
1306 5082 1560 5149 Domine,
1617 5081 2089 5149 dominationem;

506 5178 740 5233 dicendo
768 5191 1012 5241 rursum,
1044 5175 1157 5230 [σ’ἱίὶ
1203 5174 1392 5240 David,
1441 5173 1877 5245 assumptionem
1907 5176 2097 5237 carnis

506 5266 791 5338 pradicat.
825 5264 1080 5322 Miserere
1102 5266 1221 5321 mei.
1258 5266 1504 5332 Nullum,
1538 5265 1741 5337 inquit,
1766 5267 2091 5337 praeclarum

507 5362 727 5418 facinus
746 5360 949 5429 habeo,
979 5360 1185 5416 nullam
1208 5378 1276 5417 ex
1307 5361 1479 5431 proba
1501 5360 1925 5417 conversatione
1954 5360 2093 5416 [idu-

506 5452 671 5509 ciam.
708 5452 788 5509 Ad
820 5451 1257 5511 misericordiam
1284 5451 1565 5522 confugio,
1599 5454 1689 5509 ubi
1725 5453 1877 5511 salus
1908 5468 1936 5507 a
1966 5468 2094 5509 cen-

508 5561 637 5604 sura
658 5546 830 5607 libera
855 5556 958 5603 est.
998 5545 1064 5603 Et
1094 5555 1152 5603 tu
1186 5546 1429 5619 quidem,
1461 5560 1590 5602 eum
1624 5546 1873 5619 improba
1904 5557 1959 5603 et
1998 5546 2093 5601 lla-

508 5641 706 5713 gitiosa
726 5655 902 5707 esses,
928 5656 1042 5713 qua
1076 5638 1256 5699 fronte
1280 5643 1546 5698 accedere
1580 5656 1713 5697 ausa
1741 5640 1841 5697 es?
1870 5641 1950 5697 Ac
1973 5640 2093 5696 vide

506 5736 757 5793 mulieris
793 5734 1224 5807 philosophiam.
1275 5732 1397 5793 Non
1455 5744 1611 5810 rogat
1650 5735 1942 5802 Iacobum,
1981 5750 2091 5792 non

510 5833 632 5882 orat
658 5824 947 5886 Joannem.
979 5842 1089 5886 non
1113 5827 1225 5885 adit
1259 5826 1511 5898 Petrum;
1546 5828 1639 5886 sed
1673 5830 1902 5887 chorum
1938 5828 2091 5887 illum

2280 4241 2536 4316 Ἐξῆλθεν
2558 4243 2586 4296 ό
2626 4239 2835 4315 Ἰησοῦς
2862 4241 2943 4307 είς
2981 4243 3052 4297 τὰ
3084 4240 3225 4314 μέρη
3258 4239 3443 4313 Τύρου
3484 4239 3583 4296 καὶ
3614 4242 3797 4298 Σιειῖμ

2194 4353 2307 4401 νος,
2337 4335 2433 4391 καὶ
2465 4333 2575 4389 ἰδοὺ
2608 4332 2766 4407 γυνὴ,
2794 4332 2857 4388 τὸ
2903 4332 3138 4388 παλαιὸν
3166 4332 3332 4388 ὅπλον
3374 4332 3471 4388 τοῦ
3498 4334 3794 4403 διαϐόλου,

2196 4429 2230 4501 ἠ
2256 4430 2349 4484 τοῦ
2370 4427 2703 4500 παραδείσου
2742 4444 2810 4500 με
2840 4426 3223 4500 ὶκϐαλοῦσα,ὴ
3256 4427 3444 4500 μήτηρ
3464 4430 3564 4501 τῆς
3596 4448 3795 4504 παρα.

2197 4522 2414 4594 νομίας,
2446 4524 2482 4595 η
2521 4522 2663 4594 ἁρχὴ
2690 4524 2792 4591 τῆς
2826 4520 3101 4594 ἁμαρτίας
3121 4536 3141 4554 ⁶
3179 4519 3320 4593 αὑτὴ
3361 4521 3550 4595 ἐκείνη
3580 4524 3616 4594 ἡ
3641 4525 3795 4599 γυνὴ

2195 4613 2438 4688 ἔρχεται.
2480 4615 2681 4669 Καινὸν
2733 4616 2968 4686 πρᾶγμα
3015 4613 3110 4667 καὶ
3146 4613 3487 4686 παράδοξονί
3527 4615 3794 4673 Ἰουδαῖοι

2194 4708 2493 4779 φεύγουσι,
2552 4710 2647 4763 καὶ
2693 4707 2833 4781 γυνὴ
2881 4704 3235 4763 καταδιώκει.
3296 4709 3408 4763 Καὶ
3472 4712 3793 4782 παρεκάλει

2194 4802 2358 4857 αὑτὸν
2414 4802 2682 4871 λέγουσαο
2729 4804 2938 4871 Κύριε,
2986 4803 3081 4857 Υἱὲ
3108 4801 3319 4869 Δαϐίδ,
3367 4802 3645 4873 ἐλέησόν
3689 4823 3788 4877 με.

2196 4894 2635 4967 Εὐαγγελίστρια
2685 4895 2895 4964 γίνεται
2938 4894 2973 4967 ἡ
3027 4892 3188 4965 γυνὴ,
3240 4895 3337 4949 καὶ
3382 4894 3487 4967 τὴν
3520 4896 3788 4970 θεότητα,

2196 4990 2288 5043 καὶ
2318 4990 2419 5061 τὴν
2446 4989 2760 5058 οἰκονομίαν
2787 4988 3071 5061 ὁμολογεῖ·
3105 4989 3306 5058 Κύριε,
3330 4990 3427 5044 καὶ
3456 4990 3559 5062 τὴν
3578 4992 3787 5047 osam-

2194 5081 2344 5136 τείαν
2364 5096 2380 5110 ·
2419 5081 2515 5135 Υἱὲ
2542 5082 2742 5148 Δαϐίδ,
2772 5084 2871 5153 τῆς
2891 5081 3094 5153 σαρκὸς
3118 5082 3217 5152 τὴν
3245 5082 3540 5154 ἀνάληψιν.
3578 5085 3787 5151 Ἐλέηο

2194 5178 2313 5231 σόν
2328 5192 2425 5246 με.
2458 5176 2572 5229 Οὐκ
2597 5174 2703 5245 ἔχω
2730 5175 3066 5249 κατόρθωμα
3102 5176 3217 5249 βίου
3237 5194 3253 5211 ο
3285 5178 3384 5231 οὐκ
3420 5177 3530 5248 ἒχω
3556 5180 3785 5251 M991,-

2198 5269 2317 5323 σίαν
2364 5267 2661 5332 πολιτείας.
2701 5270 2825 5323 Ἐπὶ
2870 5269 3019 5324 ἔλεον
3063 5267 3418 5341 καταφεύγω,
3445 5269 3577 5325 ὅπου
3616 5271 3785 5337 ἀνεξ-

2196 5363 2419 5427 έταστος
2464 5363 2728 5434 σωτηρία.
2769 5364 2878 5418 Καὶ
2920 5364 2975 5418 τί
3008 5360 3146 5428 εἶδες
3183 5363 3351 5429 οὕτω,
3387 5364 3603 5436 πονηρά
3639 5361 3783 5420 οὖσα

2196 5456 2290 5511 καὶ
2334 5455 2687 5529 παράνομος;
2717 5454 2841 5523 Πῶς
2886 5457 3189 5531 ἐτόλμησας
3246 5456 3606 5529 προσελθείνς
3671 5459 3785 5514 Καὶ

2194 5548 2296 5622 ὅρα
2340 5546 2598 5617 γυναικός
2633 5547 2975 5619 φιλοσοφίαν.
3008 5548 3083 5603 Οὐ
3131 5548 3446 5621 παρακαλεῖ
3476 5547 3782 5604 Ἰάκωϐον

2193 5642 2253 5695 οὐ
2286 5641 2464 5697 δέεται
2506 5642 2779 5708 Ἰωάννου,
2820 5641 2938 5696 οὐδὲ
2972 5642 3340 5715 προσέρχεται
3371 5642 3602 5716 Πέτρον,
3638 5643 3785 5699 ἀλλὰ

2194 5734 2413 5805 διέτεμε
2455 5732 2547 5788 τὸν
2596 5734 2778 5807 χορόν.
2810 5735 2927 5791 Οὐκ
2980 5735 3092 5809 ἔχω
3123 5734 3351 5808 μεσίτου
3387 5737 3602 5809 χρείαν,
3638 5737 3783 5793 ἀλλὰ

2196 5826 2436 5885 λαϐοῦσα
2470 5827 2569 5903 τὴν
2602 5828 2896 5901 μετάνοιαν
2939 5830 3277 5904 συνήγορον,
3320 5832 3459 5908 αὐτῇ
3493 5836 3564 5907 τῇ
3618 5836 3779 5909 πηγῇ
