4014 6302
317 299 456 367 1M5
1565 305 1804 370 SACRA
1841 305 1871 367 Ι

1974 307 2303 371 iALLELA.
3446 304 3589 372 1446

312 419 711 492 προσέρχομαι.
748 420 849 474 Διὰ
886 418 1063 477 τοῦτον
1096 421 1336 494 κατέϐη,
1387 421 1476 478 διὰ
1508 424 1669 497 τοῦτο
1714 423 1871 496 σάρκι

1994 424 2262 495 pervasit.
2294 421 2442 491 Non,
2496 421 2701 495 inquit,
2747 419 3015 478 mediator
3058 418 3196 477 mihi
3226 428 3349 489 est;
3387 437 3578 477 verum

308 511 592 585 ἀνέλαϐεν,
624 511 715 566 ἵνα
743 511 854 582 ἐγὼ
884 512 1031 585 αὑτῷ
1055 513 1346 587 διαλεχθῶ.
1391 516 1539 570 Ἀνω
1588 516 1657 570 τὰ
1687 518 1867 588 Χερου

1996 525 2286 588 patronam
2349 500 2732 589 penitentiam
2791 527 2974 581 nacta,
3014 515 3082 570 ad
3134 514 3341 570 fontem
3398 515 3578 584 ipsum

307 606 412 697 εὶμ
444 606 609 663 αὐτὸν
638 610 933 680 τρέμουσι,
960 609 1055 664 καὶ
1082 608 1234 664 κάτω
1258 606 1409 682 αὔτῷ
1450 610 1623 683 πὸρνη
1652 611 1866 681 διαλέγε

1996 611 2223 668 accedo.
2282 609 2583 682 Pmpterea
2635 608 2948 675 descendit,
3004 616 3299 678 propterea
3353 623 3578 661 carnem

304 696 418 754 ται.
457 698 747 769 Ἐλέησόν
770 717 849 771 με
869 716 885 731 ·
912 700 1071 771 ψιλὸν
1099 702 1274 774 ῥῆμα,
1312 704 1409 758 καὶ
1430 703 1672 773 πέλαγος
1695 703 1871 775 άχανέ.

1995 700 2318 772 assumpsit,
2352 710 2409 755 ut
2446 714 2547 771 ego
2584 698 2767 770 ipsum
2803 697 3134 768 alloquerer.
3168 695 3407 751 Sursum
3433 695 3580 750 Clie-

307 792 608 864 σωτηρίας.
651 790 948 862 Ἐλέησόν
969 811 1049 864 με
1070 810 1083 825 ⁶
1117 794 1206 851 διά
1246 793 1409 859 τοῦτο
1445 796 1772 871 παρεγένου,
1805 798 1871 852 διε

1993 794 2172 850 rubim
2234 810 2357 851 eum
2411 801 2822 866 expavescunt;
2884 790 3027 848 intra
3084 790 3345 848 meretrix
3398 788 3579 861 ipsum

304 882 468 938 τοῦτο
502 884 684 958 σάρκα
710 885 999 950 άνὲλαϐες,
1030 885 1119 941 διὰ
1162 885 1322 941 τοῦτο
1352 888 1541 957 ἐγένου
1570 888 1707 960 ὅπερ
1753 888 1869 960 εἰμί

1991 886 2270 943 convenit.
2332 884 2592 940 Miserere
2643 885 2746 939 mei
2788 899 2807 937 :
2845 883 3082 953 simplex
3118 882 3368 947 verbum,
3412 882 3581 953 idque

308 976 460 1030 Ἀνω
488 976 718 1048 τρόμος,
758 978 855 1033 καὶ
902 977 1054 1032 κάτω
1101 977 1409 1053 παρρησία.
1452 979 1745 1048 Ἐλέησόν
1770 997 1849 1051 με

1989 978 2319 1034 immensum
2369 978 2567 1037 salutis
2609 978 2859 1049 pelagus.
2895 975 3150 1032 Miserere
3181 976 3301 1030 mei.
3338 975 3469 1030 Eam
3505 975 3578 1029 ob

303 1066 563 1153 τίέχεις;
597 1067 788 1125 Ἔλεον
812 1068 979 1142 ζητῶ.
1008 1068 1074 1122 Τί
1097 1071 1359 1143 πάσχεις;
1397 1071 1467 1129 Ἦ
1485 1072 1748 1145 θυγάτηρ
1768 1092 1871 1144 μοι

1989 1087 2213 1128 causam
2238 1070 2549 1136 accessisti,
2582 1068 2792 1126 idcirco
2829 1084 3053 1125 carnem
3079 1067 3333 1135 induisti,
3368 1068 3578 1124 idcirco

304 1156 503 1226 κακῶς
532 1158 948 1233 δαιμονίζεται.
1007 1161 1072 1216 Ἠ
1116 1159 1434 1235 συμπάθεια
1461 1166 1821 1238 γυμνάζεται,
1851 1170 1871 1220 i

1989 1165 2167 1222 factus
2218 1180 2278 1222 es
2320 1164 2373 1220 id
2406 1162 2557 1236 quod
2602 1179 2750 1220 sum.
2811 1162 2906 1219 Sic
2953 1163 3205 1217 videlicet
3256 1170 3470 1218 tremor
3518 1160 3573 1215 in

304 1249 468 1320 φύσις
521 1250 894 1322 βασανίζεται.
953 1252 1176 1326 Έξῆλθε
1227 1254 1525 1327 συνήγορος
1575 1256 1669 1311 τοῦ
1720 1257 1871 1328 θυγα·

1987 1257 2244 1329 supernis
2278 1264 2385 1322 cst,
2411 1256 2468 1313 in
2495 1255 2851 1313 inferioribus
2890 1255 3031 1312 locis
3067 1244 3288 1312 ﬁducia.
3322 1253 3573 1310 Miserere

301 1344 485 1416 τρίουο
505 1343 566 1399 οὐ
598 1344 757 1418 φέρει
782 1344 883 1417 τὴν
913 1345 1197 1410 νοσοῦσαν,
1218 1346 1354 1403 ἀλλὰ
1382 1347 1652 1420 φέρειτὴν
1680 1348 1871 1403 πίστιν.

1984 1352 2105 1407 mei.
2136 1351 2277 1418 Quid
2308 1349 2525 1408 habes?
2567 1348 3009 1421 misericordiam
3042 1362 3245 1419 quaero.
3279 1346 3419 1415 Quid
3474 1362 3572 1418 pa-

300 1436 437 1502 Θεός
469 1438 586 1494 ἐστι
619 1437 812 1493 καὶτὰ
857 1439 1037 1493 πάντα
1088 1439 1302 1512 βλέπει.
1352 1440 1415 1497 Ἠ
1466 1441 1732 1513 θυγάτηρ
1760 1461 1871 1514 μοι

1984 1440 2164 1498 teris?
2204 1439 2356 1495 Filia
2399 1456 2516 1495 mea
2547 1457 2581 1495 η
2625 1438 2891 1494 demente
2924 1437 3065 1493 male
3097 1446 3319 1493 vexatur
3350 1434 3566 1509 (Ibid.).

299 1529 501 1597 κακῶς
526 1530 942 1603 δαιμονίζεται.
980 1531 1185 1598 Πένθος
1239 1532 1479 1605 χαλεπὸν
1504 1575 1518 1601 ,
1562 1534 1624 1589 τὸ
1657 1538 1871 1609 κέντρον

1982 1530 2497 1589 (Zommiserationis
2523 1530 2584 1591 ﬁt
2618 1530 2977 1598 exercitatio;
3003 1539 3230 1609 natura
3278 1529 3573 1585 excrucia-

298 1624 401 1697 τῆς
433 1624 673 1692 φύσεως,
714 1625 815 1697 τὴν
851 1628 1069 1698 μήτραν
1113 1626 1405 1697 διασχίζει,
1447 1626 1738 1683 κλυδώνιον
1766 1606 1871 1693 τοῖς

1980 1631 2095 1680 tur.
2122 1622 2271 1680 Exlit
2302 1622 2426 1680 tilize
2454 1630 2688 1696 patrona
2723 1642 2738 1678 :
2782 1637 2894 1677 non
2927 1606 3151 1693 quidem
3209 1626 3570 1691 aegrotantem

301 1718 635 1789 σπλάγχνοις
658 1718 983 1791 εἰργάσατο.
1018 1718 1084 1772 Τί
1106 1718 1346 1791 ποιήσω;
1385 1719 1738 1793 Ἀπόλλυμαι.
1768 1720 1871 1775 Καὶ

1984 1725 2191 1792 gestat,
2218 1717 2314 1775 sed
2347 1717 2530 1774 tidem.
2556 1715 2698 1773 Deus
2719 1725 2825 1786 est,
2857 1724 3019 1786 atque
3042 1715 3231 1770 omnia
3256 1722 3567 1772 contuetur.

296 1810 387 1866 διὰ
415 1811 469 1866 τί
502 1811 607 1866 οὐκ
629 1805 805 1879 εἶπεν,
850 1809 1103 1882 Ἐλέησον
1122 1810 1221 1884 τὴν
1250 1811 1528 1885 θυγατέρα
1558 1792 1684 1885 μου,
1713 1812 1871 1880 ἀλλὰ,

1983 1812 2133 1868 Filia
2162 1826 2277 1866 mea
2309 1827 2341 1866 a
2366 1812 2630 1866 dwmonio
2656 1809 2796 1864 male
2830 1816 3070 1865 vexatur.
3110 1808 3319 1865 Luctus
3356 1807 3562 1878 gravis,

310 1899 615 1973 Ἐλέησόν
622 1919 705 1975 με
715 1918 737 1970 ;
765 1902 949 1975 ἐκείνη
971 1904 1080 1977 γὰρ
1098 1905 1155 1959 ἐν
1178 1903 1433 1977 ἀσθενείᾳ
1452 1903 1567 1978 ἔχει
1592 1905 1652 1961 τὺ
1685 1906 1876 1972 πάθος.

297 1997 415 2052 ῦύκ
436 1988 544 2052 οἶδε
570 1994 623 2051 τί
664 1996 888 2069 πάσχει,
919 1999 1017 2051 καὶ
1046 1997 1148 2052 οὐκ
1186 1996 1510 2053 αἰσθάνεται
1531 1998 1630 2072 τῆς
1662 1999 1877 2072 ἡδονῆς.

298 2086 725 2160 παραπέτασμα.
758 2087 859 2159 τῆς
914 2088 1207 2159 συμφορᾶς
1260 2088 1459 2160 ἔχουσα
1490 2089 1553 2144 τὸ
1602 2090 1875 2159 άνόδυνον,

299 2180 504 2253 μᾶλλον
533 2180 591 2235 δὲ
618 2179 681 2235 τὸ
712 2178 1059 2253 ἀναίσθητον.
1098 2181 1228 2253 Ἐμέ
1253 2181 1312 2236 δὲ
1344 2182 1587 2256 ἐλέησον,
1606 2184 1712 2257 τὴν
1741 2183 1880 2239 θεω-

298 2273 395 2350 ρὸν
418 2274 527 2330 τῶν
552 2273 939 2349 καθημερινιῖω
962 2275 1170 2330 κακῶν.
1193 2273 1435 2348 Θέατρον
1457 2276 1565 2349 ἔχω
1592 2281 1881 2351 συμφορᾶς

297 2367 358 2421 ιν
389 2368 457 2439 τῇ
486 2367 656 2439 οἰκίᾳ.
690 2365 801 2422 Ποῦ
847 2365 1103 2434 anilem;
1127 2367 1208 2432 είς
1238 2368 1340 2439 τὴν
1374 2368 1621 2441 ἔρημονς
1662 2369 1781 2424 ἀλλ’
1814 2370 1875 2425 οὐ

292 2458 481 2532 τολμῶ
513 2458 685 2530 αὐτὴν
731 2458 1053 2515 καταλιπεῖν
1094 2461 1284 2532 μόνην.
1340 2461 1482 2515 Ἀλλ’
1521 2464 1603 2527 εἰς
1654 2461 1753 2535 τὴν
1794 2466 1877 2519 οἰ-

295 2549 460 2619 κίαν;
488 2548 605 2605 ἀλλ’
631 2550 872 2622 εὑρίσκω
900 2551 994 2606 τὸν
1014 2551 1251 2623 πόλεμον
1278 2550 1449 2621 ἔνδον,
1482 2553 1550 2609 τὰ
1576 2554 1795 2628 κύματα
1820 2557 1879 2611 ἐν

294 2640 375 2713 τῷ
399 2639 603 2713 λιμένι.
620 2640 687 2696 Τί
716 2640 889 2715 αὐτὴν
910 2641 1162 2711 καλέσω;
1193 2645 1394 2717 νεκράν
1417 2663 1433 2713 ;
1459 2644 1597 2700 ἀλλὰ
1624 2650 1875 2704 κινεῖται.

309 2733 472 2789 Ἀλλὰ
514 2734 735 2803 (diem;
785 2735 903 2790 ἀλλ’
951 2738 1050 2790 οὔκ
1087 2732 1197 2791 οἶδε
1242 2737 1294 2791 τί
1333 2739 1556 2809 πάσχει.
1590 2739 1704 2794 Οὐκ
1761 2735 1879 2797 οἰδα

294 2826 479 2900 εὑρεῖν
506 2826 677 2900 ὄνομα
729 2827 1033 2901 ἑρμηνεῦον
1065 2829 1126 2882 τὸ
1173 2829 1366 2894 πάθος.
1413 2830 1544 2901 Ἐμὲ
1593 2832 1875 2902 ἐλέησον.

214 2954 217 2955 ν
295 2919 361 2975 Εἰ
386 2918 642 2994 τεθνήκει
674 2920 737 2976 τὸ
762 2920 1059 2994 θυγάτριόν
1088 2939 1211 2993 μου,
1247 2924 1348 2978 οὐκ
1382 2922 1449 2979 ἂν
1476 2922 1704 2979 τοιαῦτα
1740 2925 1877 2980 ἔπα-

297 3012 411 3069 θον.
443 3013 744 3087 Παρίδωκα
776 3013 844 3069 ἂν
874 3014 937 3068 τὸ
980 3013 1145 3086 σῶμα
1186 3018 1303 3081 τοῖς
1346 3016 1571 3084 κόλποις
1618 3020 1720 3090 τῆς
1752 3021 1876 3090 γῆς,

296 3106 393 3160 καὶ
418 3105 497 3178 τῷ
526 3107 709 3180 χρόνῳ
735 3106 833 3181 τὴν
854 3106 1046 3181 ,λήθην
1087 3109 1405 3183 εἰσήγαγον,
1435 3112 1532 3167 καὶ
1571 3112 1871 3186 διεφόρησα

292 3201 357 3256 τδ
385 3200 563 3267 ἕλκος.
610 3201 726 3257 Νῦν
758 3201 815 3258 δὲ
851 3201 1044 3277 νεκρὸν
1087 3203 1463 3276 ἔχωγδιηνεκῆ
1511 3223 1605 3278 μοι
1637 3205 1873 3281 θεωρίαν

294 3297 684 3373 ἐργαζόμενον,
717 3297 1015 3370 ὕφαίνοντά
1044 3315 1136 3372 μοι
1177 3297 1246 3353 τὰ
1282 3299 1600 3373 τραύματα,
1643 3302 1873 3358 πλεονά-

294 3392 459 3459 ζοντά
491 3408 584 3465 μοι
629 3391 691 3446 τὸ
722 3390 902 3456 ἕλκος.
938 3390 1065 3456 Πῶς
1094 3386 1235 3446 εἶδον
1276 3392 1594 3465 ὀφθαλμοὺς
1618 3393 1873 3467 διαστρε-

294 3486 585 3559 φομένους,
614 3487 802 3559 χεῖρας
834 3484 1377 3557 στραγγαλουμένας,
1412 3485 1727 3561 πλοκάμους
1748 3488 1873 3544 λυο-

298 3578 515 3653 μένους,
552 3579 725 3653 ἀφρὸν
768 3579 1127 3653 προϊεμένην,
1160 3578 1251 3633 τὸν
1287 3579 1477 3651 δήμιον
1530 3580 1678 3637 ἔνδον
1721 3581 1871 3652 ὄντα,

294 3675 392 3729 καὶ
451 3673 527 3747 μὴ
585 3672 955 3745 φαινόμενον,
1013 3671 1114 3737 τάς
1177 3672 1452 3745 μάστιγας
1506 3674 1871 3747 φαινομένας;

294 3766 545 3841 Ἐστηκα
576 3768 781 3843 θεωρὸς
809 3766 918 3823 τῶν
945 3766 1246 3837 ἀλλοτρίων
1291 3767 1502 3836 κακῶν,
1530 3768 1631 3840 τῆς
1660 3768 1872 3841 φύσεώς

299 3877 371 3935 με
417 3859 832 3932 κεντριζούσης.
890 3857 1188 3928 Ἐλέησόν
1213 3874 1309 3928 με.
1353 3858 1606 3914 Χαλεπὸν
1640 3862 1700 3914 τὸ
1745 3870 1872 3916 κλυ-

293 3954 507 4022 δώνιον,
544 3952 715 4017 πάθος
751 3951 846 4007 καὶ
885 3949 1070 4022 φόϐος.
1105 3948 1287 4015 Πάθος
1316 3949 1553 4021 φύσεως,
1587 3953 1680 4006 καὶ
1712 3952 1873 4022 φόϐος

292 4046 569 4119 δαίμονος.
599 4042 944 4118 Προσελθεὶν·
991 4042 1054 4098 οὐ
1101 4040 1364 4114 δύναμαι,
1405 4041 1525 4095 οὐδέ
1557 4046 1868 4115 κατασχεῖν.

307 4139 457 4195 Ὠθεῖ
512 4156 578 4211 με
628 4138 691 4192 τὸ
747 4135 941 4203 πάθος,
986 4135 1082 4190 καὶ
1127 4132 1480 4206 διακρούεταί
1517 4152 1584 4204 με
1614 4137 1643 4190 δ
1685 4136 1871 4207 φόϐος.

306 4237 610 4307 Ἐλέησόν
635 4252 730 4308 με.
769 4234 914 4289 Ἀλλ’
943 4234 1199 4302 ἐννόησον
1238 4232 1497 4303 γυναικὸς
1531 4232 1866 4304 φιλοσοφίαν.

295 4332 414 4388 Οὐκ
451 4329 659 4404 ἀπῆλθε
696 4328 832 4402 πρὸς
876 4328 1121 4400 μάντεις⁶
1152 4327 1211 4381 οὐ
1260 4326 1543 4398 περίαπτα
1580 4327 1868 4398 ἐποίησεν

294 4425 362 4485 οὐ
399 4423 832 4499 μαγγανιστρίας
862 4422 1131 4493 γυναῖκας
1160 4419 1526 4493 ἐμισθώσατο,
1552 4420 1751 4486 ταύτας
1776 4420 1872 4485 τὰς

1980 1900 2246 1958 Stimulus
2287 1907 2501 1956 naturae
2557 1906 2868 1955 maternum
2901 1904 3118 1953 uterum
3167 1897 3566 1959 direrberavit.

1981 2002 2145 2072 inque
2170 1996 2477 2055 visceribus
2511 1994 2687 2065 ipsius
2715 2000 3094 2064 tempestatem
3112 1991 3396 2048 excitavit.
3425 1990 3566 2058 Quid

1982 2095 2220 2159 faciam?
2252 2092 2447 2148 Pereo.
2489 2089 2602 2145 Cur
2650 2102 2783 2144 vero
2833 2103 2944 2158 non
2998 2087 3097 2152 ait,
3133 2086 3399 2144 Miserere
3444 2086 3568 2141 tilize

1980 2203 2134 2244 meae.
2170 2184 2291 2251 sed,
2324 2181 2576 2239 Miserere
2604 2180 2752 2237 mei?
2780 2178 3078 2249 Quoniam,
3112 2177 3313 2250 inquit,
3338 2176 3567 2233 morbus

1979 2280 2152 2353 ipsam
2189 2278 2245 2333 in
2277 2275 2599 2333 inﬁrmitate
2644 2273 2878 2331 detinet.
2929 2269 3119 2330 Nescit
3150 2271 3279 2343 quid
3316 2271 3567 2341 patitur;

1980 2388 2090 2428 non
2137 2370 2308 2429 sentit
2355 2386 2468 2440 quo
2518 2368 2572 2423 in
2626 2366 2821 2423 dolore
2853 2375 3134 2435 versetur;
3170 2372 3233 2421 ut
3267 2380 3389 2434 qua:
3418 2366 3567 2421 velut

1979 2464 2255 2539 quoddam
2312 2462 2648 2520 calamitatis
2696 2459 2879 2516 velum
2929 2459 3292 2515 indolentiam
3345 2458 3563 2525 habeat,

1980 2563 2060 2619 vel
2120 2560 2307 2631 potius
2342 2566 2651 2628 stuporem.
2684 2554 2761 2610 Te
2798 2568 2931 2609 vero
2972 2553 3077 2608 mei
3108 2551 3562 2623 quotidianorum

1979 2657 2246 2713 malorum
2289 2649 2640 2725 spectatrieis
2666 2650 2947 2706 misereat.
2978 2646 3369 2719 Spectaculum
3409 2646 3559 2703 cala-

1978 2750 2188 2808 mitatis
2212 2749 2359 2806 domi
2393 2747 2590 2803 habeo.
2619 2745 2740 2813 Quo
2781 2760 2869 2801 me
2918 2742 3199 2799 conferam
3220 2740 3247 2796 i‘
3275 2741 3330 2796 in
3360 2741 3562 2798 solitu-

1978 2844 2209 2899 dinem?
2253 2851 2307 2898 at
2337 2856 2455 2898 eam
2507 2840 2684 2897 solam
2744 2839 3060 2907 relinquere
3116 2851 3223 2891 non
3283 2836 3559 2893 sustineo.

1979 2935 2324 3003 Domumne?
2368 2941 2424 2989 at
2464 2934 2616 2991 intus
2650 2932 2852 2989 bellum
2897 2931 3149 2997 invenio,
3185 2939 3239 2988 et
3262 2929 3465 2987 ﬂuctus
3502 2932 3558 2986 in

1979 3040 2159 3104 portu.
2190 3027 2465 3096 Quidnam
2506 3042 2635 3083 vero
2672 3042 2792 3083 eam
2849 3025 3070 3080 dicam?
3126 3022 3440 3081 mortuam?
3488 3023 3559 3081 At

1980 3129 2130 3176 motu
2161 3120 2423 3193 agitatur.
2453 3116 2686 3172 Vivam?
2725 3114 2858 3187 quid
2894 3113 3061 3188 468
3109 3129 3241 3170 vero
3292 3115 3556 3185 patiatur,

1980 3213 2327 3285 exploratum
2378 3226 2489 3265 non
2535 3208 2721 3263 habet.
2784 3207 2993 3263 Nomen
3051 3206 3298 3263 invenire
3337 3218 3557 3277 nequeo

1980 3307 2123 3378 quod
2155 3302 2471 3376 huiusmodi
2497 3303 2867 3358 calamitatem
2885 3301 3142 3371 explicet.
3163 3299 3269 3355 Mei
3284 3300 3553 3356 miserere.

1977 3398 2034 3455 Si
2075 3398 2185 3454 ﬁlia
2215 3411 2334 3453 mea
2372 3411 2402 3453 e
2442 3396 2553 3451 vita
2588 3394 2944 3459 excessisset,
2979 3408 3103 3449 cum
3149 3394 3317 3449 tantis
3347 3391 3557 3450 dolori-

1974 3495 2078 3552 bus
2111 3507 2219 3551 non
2259 3488 2628 3549 conﬂictarer.
2685 3487 2820 3543 Nam
2869 3502 3074 3558 corpus
3127 3495 3289 3543 terrae
3340 3487 3553 3558 gremio

1974 3584 2347 3649 tradidissem,
2385 3597 2451 3639 ac
2498 3596 2593 3652 per
2641 3579 2903 3650 temporis
2955 3569 3372 3636 diuturnitatem
3410 3579 3553 3636 obli-

1974 3677 2135 3733 vione
2168 3682 2479 3741 contracta,
2528 3673 2689 3729 ulcus
2750 3671 3163 3728 discussissem.
3218 3669 3378 3727 Nunc
3418 3686 3552 3727 vero

1972 3770 2206 3826 cadaver
2240 3768 2437 3833 habeo,
2462 3765 2607 3838 quod
2640 3773 2959 3839 perpetuum
3004 3765 3140 3819 mihi
3172 3764 3550 3837 spectaculum

1972 3863 2201 3937 prabet,
2251 3861 2397 3935 quod
2448 3862 2678 3916 vulnera
2730 3859 2864 3915 milii
2922 3858 3143 3930 inﬂigit,
3189 3858 3551 3931 doloremque

1974 3956 2210 4015 subinde
2247 3971 2427 4011 meum
2483 3956 2786 4011 exulcerat.
2842 3952 3089 4020 Quonam
3151 3961 3309 4023 pacto
3366 3953 3551 4011 videro

1971 4066 2167 4124 queam
2206 4059 2547 4105 transversos
2581 4048 2802 4113 oculos,
2850 4046 3115 4102 distortae
3144 4062 3362 4109 manus.
3396 4046 3549 4102 solu-

1973 4156 2061 4203 tos
2119 4145 2371 4215 capillos,
2431 4157 2681 4215 spumam
2741 4158 2836 4197 ore
2885 4142 3168 4208 emissam,
3223 4139 3549 4196 intestinum

1973 4239 2310 4305 carnificem,
2340 4253 2437 4294 nec
2463 4236 2844 4308 conspicuum,
2888 4236 3179 4305 perspicua
3211 4244 3391 4288 autem
3424 4248 3548 4289 ver-

1974 4330 2145 4388 bera?
2176 4331 2310 4386 Asto
2362 4328 2629 4384 malorum
2671 4327 2975 4382 alienorum
3006 4326 3333 4397 spectatrix,
3371 4324 3547 4381 lanci-

1972 4439 2141 4481 name
2176 4439 2262 4479 me
2291 4430 2341 4479 et
2378 4429 2655 4495 pungente
2686 4418 3189 4475 natura.‘Miserere
3224 4420 3344 4475 mei.
3376 4417 3543 4475 Tem-

295 4516 684 4592 γνμναζούσας
706 4517 833 4582 τοὺς
860 4514 1141 4589 δαίμονας,
1170 4516 1265 4570 καὶ
1295 4513 1565 4581 αὺξούσας
1593 4515 1654 4570 τὸ
1691 4514 1869 4582 ἕλκος,

1974 4528 2157 4590 pestas
2192 4518 2404 4587 gravis,
2434 4512 2651 4570 an‘eetio
2678 4521 2732 4569 et
2781 4512 2964 4569 timor.
3007 4511 3235 4593 Ati'ectio
3277 4512 3542 4569 nimirum

295 4614 415 4673 ἀλλ’
449 4614 628 4688 ἀφῆκε
668 4609 762 4668 τοῦ
792 4610 1040 4667 διαϐόλου
1063 4611 1125 4665 τὸ
1158 4609 1544 4683 ἐργαστήριον.
1581 4608 1868 4679 Ἐλέησόν

288 4725 397 4781 με*
448 4709 486 4779 ἠ
533 4706 794 4777 θυγάτηρ
845 4722 965 4777 μου
1013 4702 1212 4771 κακῶς
1256 4702 1668 4774 δαιμονίζεται.
1717 4703 1870 4759 Ὅσοι

297 4800 534 4873 πατέρες
577 4796 830 4869 ἐγένεσθε
854 4836 869 4864 ,
920 4795 1221 4868 βοηθήσατε
1262 4794 1339 4867 τῷ
1389 4793 1570 4866 λόγῳ,
1607 4794 1700 4848 καὶ
1746 4794 1868 4849 ὅσαι

300 4892 537 4966 μητέρες
571 4888 1070 4960 κατεσκευάσθητε.
1114 4887 1187 4942 Οὐ
1241 4887 1479 4959 δύναμαι
1526 4885 1868 4958 ἑρμηνεῦσαι

294 4987 390 5042 τὸν
411 4986 657 5058 χειμῶνα
686 4984 745 5039 ὃν
778 4983 1042 5055 ὑπέμεινε
1071 4981 1133 5037 τὸ
1159 4985 1399 5052 γυναῖον.
1422 4977 1574 5045 Εἶδες
1598 4983 1698 5053 τὴν
1734 4998 1869 5052 καρ-

292 5077 514 5150 τερίαν,
570 5078 668 5149 τὴν
733 5075 1021 5147 ἀνδρείαν,
1055 5074 1155 5147 τὴν
1205 5075 1501 5145 ὑπομονήν.
1538 5072 1600 5127 Ὀ
1641 5072 1709 5126 δὲ
1754 5075 1867 5128 οὐκ

294 5168 589 5238 ἀπεκρίθη
616 5165 770 5235 αὑτῇ
809 5166 1016 5237 λόγον.
1048 5163 1225 5219 Καινὰ
1267 5163 1336 5217 τὰ
1378 5161 1720 5236 πράγματαί
1756 5163 1867 5216 Πα-

299 5262 553 5335 ρακαλεῖ,
587 5260 789 5326 δέεται,
838 5259 1015 5314 κλαίει
1058 5258 1157 5332 τὴν
1201 5258 1517 5330 συμφοράν·
1568 5256 1724 5325 αὔξει
1770 5258 1869 5329 τὴν

295 5353 605 5431 τραγῳδίαν
627 5368 640 5385 ⁸
676 5354 947 5424 διηγεῖται
980 5351 1043 5405 τὸ
1074 5350 1267 5416 πάθος,
1302 5352 1395 5405 καὶ
1426 5352 1452 5404 ό
1490 5349 1869 5422 φιλάνθρωπος

295 5450 402 5503 οὐκ
436 5446 818 5519 ἀποκρίνεται,
844 5446 874 5499 ό
900 5444 1069 5515 Λόγος
1120 5445 1267 5516 σιγᾷ,
1317 5447 1350 5516 ἡ
1386 5447 1535 5517 πηγὴ
1580 5446 1868 5498 ἀποκλείε-

295 5560 415 5607 tat,
438 5542 467 5595 ὁ
507 5540 689 5612 ἰατρὸς
720 5539 789 5593 τὰ
826 5539 1093 5611 φάρμακα
1124 5539 1425 5596 συστέλλει.
1464 5539 1529 5593 Τί
1558 5540 1619 5594 τὸ
1642 5542 1825 5594 καινόν
1852 5557 1865 5607 ;

293 5640 351 5690 τι
394 5634 455 5687 τὸ
505 5630 845 5705 παράδοξον;
878 5633 1093 5698 ’Δλλοις
1144 5634 1479 5707 ἐπιτρέχεις,
1524 5638 1619 5691 καὶ
1665 5636 1870 5708 ταύτην

296 5728 692 5801 ἐπιτρέχουσαν
730 5726 1076 5792 ἀπελαύνεις.
1106 5728 1243 5782 ’Δλλ’
1282 5729 1535 5800 ἐννόησον
1562 5730 1653 5785 τοῦ
1685 5730 1867 5804 ἰατροῦ

300 5829 401 5898 τὴν
429 5824 637 5887 σοφίαν.
692 5816 753 5879 '0
782 5822 853 5879 δὲ
889 5824 1001 5881 οὐκ
1036 5823 1401 5894 ἀπεκρίνατο
1458 5823 1612 5896 αὐτῇ
1657 5826 1862 5897 λόγον.

1970 4622 2199 4677 naturae,
2227 4618 2281 4666 et
2308 4610 2477 4665 timor
2505 4606 2790 4664 daemonis.
2836 4606 3112 4663 Accedere
3142 4622 3249 4661 non
3291 4621 3541 4677 possum,

1969 4721 2071 4763 nec
2117 4721 2201 4762 me
2233 4704 2535 4760 continere.
2580 4700 2743 4773 Urget
2779 4716 2864 4757 me
2912 4699 3165 4769 atl‘ectio;
3199 4709 3255 4755 at
3286 4699 3542 4771 propellit

1970 4801 2155 4855 timor.
2192 4797 2441 4853 Miserere
2469 4796 2590 4851 mei.
2626 4793 2828 4850 Verum
2880 4794 2970 4849 hic
3009 4794 3420 4850 animadvertas
3448 4809 3540 4850 ve-

1969 4897 2063 4952 lim
2083 4892 2329 4949 mulieris
2358 4889 2785 4962 philosotihiam.
2804 4886 2919 4945 Non
2937 4888 3003 4944 ad
3027 4888 3246 4945 divinos
3270 4887 3535 4958 perrexit;

1970 5005 2079 5044 non
2123 4985 2361 5041 amuleta
2410 4983 2669 5056 appendit
2713 4982 2875 5046 tiliae,
2928 4997 3037 5036 non
3094 4981 3538 5051 praestigiatrices

1969 5079 2323 5137 mulierculas
2364 5078 2673 5147 conduxit;
2713 5090 2827 5143 eas,
2876 5074 3124 5145 inquam,
3182 5088 3303 5143 quae
3337 5074 3538 5128 ὀπυιου

1969 5191 2067 5230 nes
2096 5180 2375 5237 exercent,
2434 5180 2487 5226 et
2536 5169 2734 5225 vulnus
2767 5167 3146 5238 amplilicant:
3191 5163 3286 5221 sed
3328 5163 3535 5221 diaboli

1968 5264 2239 5321 ofﬁcinam
2277 5262 2457 5319 valere
2486 5261 2679 5334 jussit.
2731 5258 2986 5314 Miserere
3032 5258 3154 5319 mei.
3190 5256 3307 5328 [ilia
3356 5273 3470 5311 mea
3502 5273 3536 5311 α

1967 5362 2224 5416 dwmonio
2256 5358 2393 5413 male
2437 5367 2675 5411 vexatur.
2707 5354 3033 5425 Quicunque
3079 5358 3334 5423 parentes
3362 5348 3535 5404 exsti-

1970 5456 2141 5521 tistis,
2169 5468 2324 5526 opem
2364 5453 2501 5509 meis
2532 5450 2878 5508 sermonibus
2912 5447 3099 5504 aderte
3135 5465 3150 5502 :
3189 5456 3535 5518 quaecunque

1970 5548 2096 5603 item
2129 5555 2354 5603 matres.
2382 5543 2571 5615 Neque
2600 5544 2743 5598 enim
2775 5542 2902 5598 huic
2930 5540 3200 5614 procellae,
3229 5552 3391 5609 quam
3417 5552 3533 5591 mu-

1970 5642 2069 5697 lier
2097 5653 2353 5712 perpessa
2391 5647 2495 5704 est,
2530 5636 2869 5708 explicandae
2902 5650 3000 5707 par
3026 5650 3169 5692 sum.
3198 5631 3361 5688 Vides
3408 5645 3535 5702 per-

1969 5730 2374 5797 severantiam,
2436 5726 2868 5800 magnitudinem
2920 5726 3129 5792 animi,
3189 5721 3531 5797 patientiam.

1973 5824 2073 5881 Ille
2114 5834 2287 5880 autem
2345 5838 2447 5880 non
2489 5822 2757 5891 respondit
2807 5823 2853 5877 ei
2911 5819 3123 5877 verbum
3182 5814 3359 5891 (Ibid.
3404 5812 3524 5887 25),
