4014 6302
529 320 559 388 1
578 320 668 388 ΞΠ

1718 325 1779 389 S.
1815 324 2139 390 IOANNIS
2167 322 2605 389 DAMASCENI

3656 318 3775 387 1448

519 435 569 493 0
598 452 714 493 rem
756 438 983 494 novaml
1019 435 1196 511 Rogat
1242 436 1357 503 illa,
1394 437 1693 506 obsecrat,
1733 440 2107 496 calamitatem

2212 438 2277 492 Τί
2309 432 2437 506 ούν;
2469 433 2660 507 ἐπειδὴ
2700 433 2804 488 οὐκ
2848 431 3145 503 Ἐπέτυχεν
3189 428 3571 503 ἀποκρίσεως,
3604 446 3774 501 προσ·

524 537 682 582 suam
731 525 1014 598 deplorat,
1070 528 1398 600 tragoediam
1453 536 1789 600 exaggerat,
1844 528 2103 586 morbum

520 618 816 687 adiuerit;
853 631 909 677 et
939 620 1178 678 Verbum
1208 629 1377 689 tacet,
1412 622 1541 679 l'ons
1574 622 1931 689 oceluditur;
1993 637 2108 679 me-

521 710 686 767 dicus
712 712 1011 783 pbarmaca
1057 729 1159 771 sua
1192 713 1494 770 contrahit.
1526 714 1673 782 Quid
1703 713 1814 771 sibi
1849 712 1965 771 vult
1990 713 2109 772 haec

523 817 668 859 nova
710 819 823 872 res,
862 815 1031 879 atque
1068 804 1161 864 "ab
1215 806 1461 863 humano
1519 821 1688 864 sensu
1750 807 1973 863 aliena?
2023 806 2108 864 Ad

523 897 664 954 alios
694 899 975 965 accurris,
1029 899 1286 971 hancque
1338 909 1721 957 accnrrentem
1770 898 2111 956 submovesl

527 983 731 1042 Verum
773 987 973 1045 medici
1025 988 1357 1061 sapientiam
1412 988 1732 1045 considera.
1775 987 1882 1044 Ille
1931 998 2108 1045 autem

527 1094 630 1135 non
660 1080 934 1151 respondit
950 1082 1000 1137 ei
1020 1080 1254 1138 verbum.
1274 1080 1419 1149 Quid
1443 1079 1647 1153 igitur?
1661 1079 2111 1153 quandoquidem

530 1184 866 1242 responsum
906 1188 970 1230 ea
1027 1188 1139 1229 non
1174 1173 1518 1246 impetravit,
1546 1173 1805 1229 accedunt
1836 1172 2111 1243 discipuli,

526 1275 579 1322 et
604 1267 786 1320 dicunt
822 1265 908 1320 illi
941 1282 960 1322 :
990 1264 1216 1323 Dimitte
1251 1283 1407 1335 eam,
1448 1268 1579 1340 quia
1622 1265 1826 1337 clamat
1865 1276 1986 1339 post
2017 1283 2112 1323 nos

532 1356 751 1429 (Matth.
782 1374 886 1426 xv,
918 1358 1032 1433 25).
1072 1357 1153 1416 'l'u
1180 1366 1471 1416 externum
1520 1359 1819 1416 clamorem
1871 1368 2112 1432 spectas,

530 1465 633 1522 ego
668 1462 851 1507 autem
905 1454 1207 1511 internum.
1238 1452 1436 1525 Magna
1484 1467 1592 1510 vox
1620 1453 1738 1509 oris
1778 1470 1797 1508 :
1846 1460 1902 1508 at
1939 1452 2117 1525 major

531 1552 616 1599 est
643 1544 837 1599 animi.
870 1543 1092 1601 Dimitte
1117 1561 1260 1614 eam,
1290 1546 1419 1618 quia
1445 1546 1645 1601 clamat
1666 1554 1785 1616 post
1811 1562 1929 1601 nos.
1956 1546 2113 1603 Alius

531 1635 868 1706 evangelista
889 1635 1046 1704 dicit,
1074 1648 1199 1693 ante
1227 1654 1342 1694 nos.
1376 1636 1630 1711 Pugnant
1662 1638 1779 1693 haec
1809 1636 1981 1705 dicta,
2016 1636 2110 1694 sed

533 1733 719 1781 tamen
751 1722 889 1782 falsa
908 1740 1018 1781 non
1045 1734 1198 1782 sunt.
1228 1725 1538 1799 Utrumque
1564 1726 1712 1783 enim
1741 1727 1835 1783 illa
1860 1725 2112 1784 faciebat.

2207 533 2486 599 ελθόντες
2514 532 2571 584 oi
2592 526 2853 601 μαθηταί
2884 526 3095 591 αὑτοῦ,
3111 524 3406 597 λέγουσιν
3425 520 3605 590 αὐτῷ,
3624 521 3771 577 Ἀπό-

2207 626 2410 680 λυσον
2454 620 2674 691 αὐτὴν,
2705 619 2797 676 ὅτι
2824 617 3022 689 κράζει
3071 617 3330 674 ὄπισθεν
3358 614 3550 687 ἡμῶν.
3600 614 3775 683 Ἀλλος

2209 715 2610 790 εύαγγελιστὴς
2643 714 2818 786 λέγει,
2839 713 3188 785 ἔμπροσθεν
3216 709 3410 783 ἡμῶν.
3453 710 3704 765 Ἐναντία
3723 710 3776 765 τὰ

2211 810 2505 884 είρημᾶνα,
2545 808 2685 865 ἀλλά
2741 808 2803 866 ού
2849 807 3048 880 ψευδῆ.
3089 805 3405 879 ’Δμφότερα
3438 804 3551 877 γὰρ
3598 804 3774 859 ἐποίει.

2212 906 2328 979 Πρὸ
2371 904 2573 960 τούτου
2609 902 2839 958 ὄπισθεν
2871 900 3129 974 ἔκραζεν.
3175 901 3309 955 Ὅτε
3354 900 3458 955 οὐκ
3498 897 3775 972 ἀπεκρίθη,

2211 997 2529 1071 ἔμπροσθεν
2571 991 2767 1070 ἦλθεν,
2810 997 3071 1069 καθάπερ
3107 992 3257 1049 κύων
3306 992 3635 1065 περιλείχων
3675 992 3777 1058 τοὺς

2214 1088 2386 1155 πόδας
2425 1085 2525 1144 τοῦ
2569 1084 2857 1142 δεσπότου.
2902 1084 3248 1141 Ἀπόλυσον
3294 1080 3515 1150 αὐτήν.
3552 1082 3777 1153 Θέατρον

2214 1179 2588 1255 περιέσεισεν,
2617 1178 2793 1251 δῆμον
2827 1178 3163 1251 συνήγαγεν.
3215 1175 3557 1233 Ἀπόλυσον
3577 1174 3777 1244 αὐτὴν,

2215 1269 2305 1325 ὅτι
2335 1267 2531 1341 κράζει
2561 1269 2815 1326 ὄπισθεν
2843 1266 3033 1340 ἡμῶν.
3057 1267 3124 1324 Τί
3149 1262 3245 1323 οὖν
3296 1267 3498 1334 aii-ede;
3535 1267 3659 1322 οὐκ
3684 1266 3778 1321 dx-

2213 1361 2507 1432 εστάλην,
2538 1361 2593 1417 εί
2622 1359 2712 1432 μὴ
2760 1362 2850 1428 εις
2880 1360 2955 1416 τὰ
3007 1360 3275 1430 πρόϐατα
3314 1358 3391 1414 τὰ
3438 1357 3779 1415 ἀπολωλότα

2215 1455 2389 1509 οἴκου
2451 1451 2722 1523 Ἰσραήλ.
2768 1450 2899 1506 Ὅτε
2953 1449 3266 1521 ἀπεκρίθη,
3312 1449 3495 1520 χεῖρον
3543 1445 3779 1517 ιποίησεν

2216 1545 2391 1617 αὐτῆς
2416 1543 2477 1599 τὸ
2499 1543 2682 1607 ἕλκος.
2709 1540 2778 1595 Τί
2799 1535 2896 1596 οὖν
2915 1557 2934 1609 ;
2952 1538 3043 1594 διά
3073 1538 3236 1594 τοῦτο
3266 1537 3555 1610 ἄνθρωπος
3584 1536 3778 1607 ἐγένου.

2219 1639 2401 1712 σάρκα
2432 1636 2717 1702 ἀνέλαϐες,
2749 1632 3066 1705 οἰκονομίας
3095 1630 3365 1696 τοσαύτας
3404 1630 3682 1703 εἰργάσω,
3710 1631 3780 1685 ἱνα

2221 1734 2353 1805 μίαν
2380 1730 2585 1803 γωνίαν
2629 1729 2848 1803 σώσῃςς
2891 1725 3283 1799 ’Δπειρημένοι
3332 1725 3653 1789 Χαναναῖοι,
3681 1722 3772 1795 βδε-

534 1817 673 1874 Ante
699 1818 805 1875 hoc
830 1818 978 1874 enim
1008 1834 1040 1875 a
1073 1828 1229 1893 tergo
1258 1820 1536 1877 clamabat
1562 1838 1577 1879 :
1614 1835 1738 1876 cum
1773 1830 1957 1877 autem
1976 1820 2112 1876 nihil

2216 1823 2403 1879 λυκτοὶ
2446 1825 2546 1896 τῆς
2573 1820 2853 1887 ἀσεϐείας,
2905 1820 3157 1890 ἐναγεῖς,
3214 1818 3425 1890 μιαροὶ,
3473 1817 3781 1889 ἀκάθαρτοι,

530 1911 580 1966 ei
631 1911 879 1982 responsi
910 1910 1167 1970 Christus
1224 1911 1404 1978 dedit,
1462 1928 1493 1968 a
1554 1910 1738 1970 fronte
1786 1913 1961 1979 venit,
2001 1927 2111 1969 non

2213 1903 2338 1971 οῑτε
2359 1913 2595 1971 ἀκούσαι
2627 1911 2809 1967 αὐτῶν
2829 1910 3111 1984 ἠνείχοντο
3131 1909 3181 1965 οἱ
3217 1908 3486 1977 Ἰουδαῖοι,
3512 1908 3610 1962 τόν
3639 1909 3784 1979 νόμον

533 2017 695 2059 secus
748 2018 813 2059 ac
860 2003 1016 2061 canis
1069 2002 1288 2061 domini
1334 2005 1503 2077 pedes
1556 2006 1837 2063 lambens.
1894 2006 2112 2063 Dimitte

2212 2008 2516 2075 τελοῦντες,
2536 2004 2631 2061 καὶ
2647 2003 2985 2077 πληροῦντες
3008 2001 3195 2058 αὐτόν.
3222 2000 3445 2074 Ἐπειδὴ
3468 2002 3505 2073 ἠ
3536 1999 3677 2072 γυνὴ
3690 2000 3784 2053 Χα-

532 2113 672 2151 eam.
733 2097 1033 2153 Theatrum
1095 2099 1151 2154 in
1218 2097 1409 2156 orbem
1485 2099 1754 2157 excitavit
1808 2118 1824 2158 ε
1894 2100 2111 2157 turbam

2215 2102 2409 2157 ναναία
2430 2095 2523 2174 ἢν,
2574 2099 2673 2154 καὶ
2701 2094 2799 2152 τοῦ
2825 2096 2981 2169 ὁρίου
3011 2093 3229 2150 ἐκείνου
3270 2093 3370 2149 τοῦ
3398 2090 3783 2165 ἀπειρημένου,

534 2189 775 2260 colli-git.
818 2189 1040 2247 Dimitte
1062 2191 1234 2255 illam.
1262 2193 1389 2263 quia
1421 2192 1623 2248 clamat
1657 2200 1777 2263 post
1816 2209 1932 2248 nos.
1969 2190 2112 2259 Quid

2215 2196 2344 2251 ἔνθα
2364 2194 2463 2251 καὶ
2492 2192 2689 2259 λύσσα,
2718 2190 2815 2247 καὶ
2840 2188 3142 2263 μανία,κα“ι
3166 2187 3392 2243 ἀσέϐεια
3410 2187 3686 2250 ἐπέκειτο,
3705 2186 3784 2240 καὶ

533 2295 665 2352 ergo
687 2281 820 2337 ille?
851 2280 975 2337 Non
998 2299 1115 2338 sum
1145 2284 1366 2350 missus,
1407 2284 1513 2351 nisi
1544 2283 1614 2340 ad
1655 2301 1770 2341 ores
1801 2302 1918 2357 qum
1942 2286 2112 2356 perie-

2212 2288 2461 2343 διαϐόλου
2498 2284 2780 2359 τυραννὶς,
2805 2284 2902 2339 καὶ
2939 2282 3212 2355 δαιμόνων
3254 2280 3482 2353 βάκχαι,
3514 2279 3612 2334 καὶ
3640 2278 3785 2349 φύσις

535 2383 658 2427 runt
690 2372 880 2429 domus
924 2372 1097 2431 Israel
1129 2374 1297 2449 (Ibid.
1336 2375 1451 2449 24).
1500 2374 1791 2449 Responso
1838 2377 2112 2432 acerbita-

2215 2381 2553 2454 πατουμένη,
2593 2379 2691 2435 καὶ
2734 2380 2816 2443 είς
2860 2376 3072 2447 ἀλόγων
3114 2373 3344 2445 ἀλογίαν
3384 2371 3783 2445 κατενεχθεῖσα,

534 2473 644 2519 tem
695 2467 868 2540 magis
917 2467 1070 2523 auxit
1110 2467 1374 2526 vulneris.
1415 2467 1562 2536 Quid
1620 2468 1832 2541 igitur?
1884 2467 2112 2524 hoccine

2215 2478 2295 2543 είς
2329 2475 2600 2548 δαιμόνων
2629 2471 2853 2529 κακίαν.
2873 2469 3222 2543 Προσέτασσε
3246 2466 3304 2522 δὲ
3328 2468 3357 2521 ό
3381 2466 3567 2539 νόμος,
3594 2464 3786 2533 Μηδέν

538 2560 761 2618 nomina
790 2560 973 2620 lactus
994 2576 1055 2620 es
1078 2562 1265 2630 homo,
1301 2578 1528 2621 carnem
1556 2563 1864 2634 sumpsisti,
1908 2570 1988 2618 tot
2021 2576 2112 2618 res

2212 2585 2313 2624 σοι
2337 2568 2437 2622 καί
2466 2564 2856 2630 Χαναναίοις·
2874 2560 2961 2633 μὴ
2992 2559 3130 2628 δῷς,
3160 2558 3250 2630 μὴ
3279 2557 3471 2627 λάϐῃς
3486 2559 3622 2629 μετ’
3648 2558 3789 2611 exel-

537 2659 780 2727 gessisti,
805 2669 866 2715 ut
897 2658 990 2715 uni
1024 2658 1299 2716 duntaxat
1331 2660 1537 2732 angulo
1577 2659 1815 2715 salutem
1848 2655 2112 2713 aﬂ’errcsl

2214 2679 2356 2718 νων.
2382 2660 2480 2731 Μὴ
2501 2656 2760 2732 γυναῖκα
2779 2654 2993 2727 λάϐῃς,
3020 2651 3110 2726 μὴ
3150 2650 3513 2723 συμϐόλαια,
3539 2650 3629 2722 μὴ
3652 2666 3788 2705 συν·

538 2749 810 2809 Nimirum
840 2751 1133 2825 proscripti
1185 2750 1482 2809 Cbananaei
1539 2760 1719 2815 erant,
1760 2750 1833 2805 ob
1862 2748 2112 2820 impieta-

2214 2753 2593 2827 αλιάγματα.
2643 2751 2746 2806 Διά
2782 2746 2945 2803 τοῦτο
2987 2744 3246 2820 φραγμὸν
3274 2741 3636 2817 περιέθηκεν.
3685 2742 3791 2796 Ἵνα

539 2853 649 2901 tem
679 2843 1029 2912 exsecrandi,
1066 2844 1349 2911 scelerati,
1392 2842 1612 2910 nefarii,
1642 2841 1843 2913 impuri
1880 2858 1894 2895 :
1925 2838 2112 2910 nequi-

2215 2846 2308 2908 οὖν
2341 2847 2419 2922 μὴ
2441 2846 2678 2917 λέγωσιν
2701 2844 2755 2900 oi
2803 2840 3070 2909 Ἰουδαῖοι,
3106 2841 3230 2896 Ὀτι
3255 2838 3479 2912 ἀφῆκας
3510 2841 3683 2913 ἡμᾶς,
3706 2839 3793 2892 καὶ

537 2939 661 2995 dem
696 2938 889 2995 audire
921 2952 1017 2994 eos
1050 2937 1403 2994 sustinebant
1450 2931 1647 3000 Judaei,
1687 2933 1785 3006 qui
1815 2932 1987 3004 legem
2016 2932 2112 2988 ob-

2217 2940 2463 3015 ἀπῆλθες
2488 2938 2617 3005 ἔξω,
2646 2935 2739 2992 διά
2764 2934 2924 2991 τοῦτο
2955 2933 3060 2989 οὐκ
3087 2931 3499 3002 ιπιστεύσαμέν
3528 2948 3638 2985 σοι.
3670 2931 3792 2985 Ἰδοὺ

539 3040 825 3090 servarent
862 3038 918 3089 et
969 3032 1282 3104 implerent.
1338 3028 1538 3085 Mulier
1587 3041 1757 3100 porro
1801 3024 2112 3083 Cliananaza

2217 3034 2326 3091 ἀπὸ
2355 3033 2527 3090 ὲθνῶν
2579 3030 2858 3105 ἔρχονται,
2906 3027 3002 3083 καὶ
3038 3024 3102 3081 ού
3128 3024 3361 3099 δέχομαι
3388 3024 3615 3093 αὐτοὺς,
3659 3026 3793 3097 ὑμᾶς

538 3133 679 3191 erat,
707 3125 775 3181 de
796 3124 1017 3197 regione
1047 3124 1149 3180 hac
1175 3121 1496 3190 interdicta,
1539 3121 1598 3177 in
1630 3134 1737 3193 qua
1764 3126 1818 3177 et
1847 3117 2021 3186 furor,
2062 3123 2112 3173 et

2216 3128 2275 3183 δὲ
2329 3124 2633 3199 φεύγοντας
2666 3120 2851 3178 καλῶ·
2887 3118 3066 3175 Δεῦτε
3128 3118 3282 3188 πρός
3331 3133 3435 3188 με,
3488 3117 3720 3185 πάντες
3748 3120 3795 3172 οὶ

539 3165 679 3191 ......,
707 3165 775 3181 ..ν
798 3165 1017 3197 mam...
1049 3165 1149 3180 ...η
1177 3165 1496 3190 ....ν.....,...,
1631 3165 1737 3193 η..-
1766 3165 1818 3177 ν-
1848 3165 2021 3186 ._---,
2065 3165 2112 3173 --

539 3217 746 3282 rabies,
800 3223 856 3273 et
901 3215 1154 3287 impietas
1204 3223 1595 3287 grassaretur;
1656 3210 1712 3267 in
1754 3225 1863 3283 qua
1913 3208 2112 3266 diaboli

2217 3165 2275 3183 νίν
2330 3165 2631 3199 γεννινηυιν
2668 3165 2817 3178 ἰν-ὐ-
2887 3165 3062 3175 -ν-ν-
3129 3165 3273 3188 --σννι
3331 3165 3435 3188 r'v
3488 3165 3712 3185 -ν---νι
3752 3165 3794 3172 -ν

2218 3217 2548 3285 κοπιῶντες
2582 3213 2683 3270 καὶ
2720 3208 3215 3283 πεφορτισμένοι,
3263 3205 3427 3280 κάγὼ
3467 3208 3796 3264 ἀναπαύσω

539 3311 792 3383 tyrannis
819 3308 1050 3382 vigeret,
1079 3317 1133 3366 et
1158 3309 1468 3365 daemonum
1494 3306 1833 3364 bacchantes
1860 3311 2118 3375 agerent;

542 3404 595 3458 in
635 3417 746 3475 qua
792 3413 985 3458 natura
1041 3401 1360 3474 proculcata
1395 3409 1565 3470 esset,
1626 3409 1791 3472 atque
1834 3400 1890 3453 in
1925 3410 2119 3452 amen-

543 3496 673 3551 tiam
704 3495 1019 3561 brutorum,
1051 3495 1162 3549 imo
1187 3494 1241 3549 in
1266 3493 1569 3566 nequitiam
1604 3490 1913 3547 daemonum
1951 3487 2119 3543 devo-

543 3588 673 3644 luta.
714 3587 826 3645 Lex
863 3603 1026 3660 porro
1058 3594 1438 3660 praeceperat:
1470 3583 1628 3640 Nihil
1668 3583 1835 3657 469
1876 3581 1975 3636 tibi
1997 3597 2116 3636 cum

541 3679 859 3737 Chanameis
890 3680 1189 3736 commercii
1226 3681 1298 3735 sit
1330 3694 1349 3735 :
1387 3695 1451 3735 ne
1479 3676 1605 3751 quid
1634 3678 1709 3734 eis
1746 3676 1976 3741 dederis,
2024 3689 2120 3730 nec

540 3773 606 3828 ab
654 3774 781 3841 ipsis
826 3773 1114 3846 quidquam
1149 3772 1452 3843 acceperis;
1496 3788 1603 3826 non
1663 3770 1960 3832 mulierem,
2011 3783 2117 3822 non

538 3875 836 3938 pactorum,
863 3882 966 3921 non
986 3873 1355 3922 contractuum
1386 3875 1613 3921 tesseras
1638 3863 1818 3937 (Deut.
1837 3878 1933 3924 vn.
1959 3862 2015 3927 2,
2036 3860 2113 3933 ὅ).

538 3959 910 4028 Quamobrem
948 3974 1132 4031 sepem
1169 3959 1468 4032 interiecit.
1500 3957 1579 4014 Ne
1607 3973 1741 4030 ergo
1763 3954 1934 4012 Judaei
1967 3955 2116 4011 dice-

541 4060 703 4107 rent:
741 4050 880 4118 Quia
916 4053 1077 4109 nobis
1099 4052 1312 4109 relictis
1342 4053 1493 4109 foras
1525 4049 1869 4117 abscessisti,
1905 4049 2116 4106 idcirco

540 4144 643 4202 tibi
687 4161 796 4201 non
845 4145 1209 4213 credidimus,
1266 4146 1448 4214 Ecce,
1493 4144 1692 4217 inquit,
1740 4159 1806 4201 ex
1858 4142 2115 4216 gentibus

539 4239 768 4295 veniunt
795 4238 862 4294 ad
894 4255 1004 4306 me,
1036 4248 1091 4296 et
1120 4254 1217 4296 eos
1247 4237 1475 4311 repudio
1511 4255 1527 4292 :
1556 4252 1652 4294 vos
1677 4252 1808 4293 vero
1843 4235 2115 4307 fugientes

541 4344 680 4386 voco
714 4347 729 4386 :
784 4330 961 4387 Venite
988 4331 1057 4387 ad
1089 4348 1190 4398 me,
1224 4347 1403 4388 omnes
1429 4331 1519 4402 qui
1542 4330 1802 4388 laboratis
1826 4337 1876 4384 et
1912 4336 2113 4383 onerati

539 4425 689 4490 estis,
731 4433 783 4479 et
818 4441 909 4497 ego
945 4426 1182 4498 reficiam
1215 4442 1304 4481 eos
1348 4424 1567 4499 (Matth.
1602 4440 1681 4489 ιι,
1730 4422 1860 4497 9.8);
1895 4436 1997 4478 nec
2025 4430 2110 4476 ta-

542 4531 667 4571 men
701 4518 986 4575 acceditis.
1037 4518 1193 4575 llanc
1227 4527 1408 4575 autem
1449 4516 1770 4579 submoreo.
1818 4523 1874 4573 et
1925 4523 2108 4571 tamen

542 4628 809 4672 remanet.
870 4612 1051 4668 Palam
1101 4612 1331 4684 apparui
1381 4612 1465 4668 eis
1503 4610 1599 4683 qui
1637 4625 1723 4667 me
1759 4623 1868 4665 non
1898 4622 2114 4681 quaere-

542 4710 693 4766 bant.
726 4707 939 4763 Dimitte
965 4723 1106 4773 eam,
1136 4706 1265 4779 quia
1295 4706 1492 4761 clamat
1528 4712 1645 4776 post
1668 4720 1782 4759 nos.
1815 4701 2113 4759 Videamus

542 4803 729 4875 itaque
760 4801 890 4873 quid
925 4808 1157 4874 regerat.
1185 4798 1309 4855 Non
1334 4816 1450 4855 sum
1481 4798 1698 4865 missus,
1746 4796 1852 4851 nisi
1888 4794 1958 4849 ad
1997 4812 2112 4851 oves

538 4913 655 4966 quae
681 4896 948 4965 perierunt
979 4894 1166 4949 domus
1197 4892 1389 4948 Israel.
1424 4890 1520 4948 llis
1560 4890 1652 4946 illa
1684 4889 1911 4954 auditis,
1952 4888 2110 4955 venit,

538 5001 587 5045 et
615 4989 880 5054 adoravit,
912 4988 1089 5042 dicens
1110 5004 1129 5041 :
1157 4985 1363 5053 Etiam,
1388 4984 1612 5041 Domine
1637 4982 1855 5056 (Matth.
1883 4998 1973 5047 xv,
1994 4981 2109 5053 25).

542 5085 647 5149 Qui
676 5084 939 5153 respondit
966 5099 983 5137 :
1007 5083 1129 5137 Non
1165 5090 1243 5137 est
1281 5082 1471 5136 bonum
1501 5095 1706 5135 sumere
1748 5094 1933 5148 panem
1966 5077 2112 5148 [ilio-

540 5196 682 5243 rum,
730 5186 779 5233 et
838 5178 1042 5233 mittere
1071 5177 1289 5232 canibus
1334 5172 1503 5249 (Ibid.
1550 5171 1677 5243 26).
1717 5171 1861 5239 Quid
1910 5170 2113 5243 igitur?

542 5272 745 5342 Etiam,
788 5271 1035 5338 Domine,
1088 5271 1267 5340 inquit
1298 5286 1317 5327 :
1351 5284 1437 5326 me
1468 5282 1661 5324 canem
1705 5281 1895 5331 vocas,
1928 5280 2028 5337 ego
2061 5274 2113 5322 te

542 5366 831 5421 Dominum
868 5364 1118 5438 appello;
1147 5372 1204 5420 tu
1229 5380 1314 5421 me
1344 5362 1677 5419 contumelia
1704 5359 1896 5423 amcis.
1930 5375 2031 5431 ego
2059 5368 2113 5417 te

538 5458 725 5515 laudo.
760 5456 962 5525 Etiam,
983 5456 1203 5512 Domine
1230 5471 1250 5513 :
1288 5473 1414 5511 nam
1449 5464 1499 5511 et
1540 5455 1717 5511 catelli
1750 5454 2023 5508 comedunt
2052 5455 2115 5507 de

538 5554 687 5609 micis
706 5568 820 5625 ιμιιε
840 5551 1035 5609 cadunt
1053 5550 1117 5607 de
1137 5567 1316 5606 mensa
1343 5550 1677 5606 dominorum
1696 5564 1912 5603 suorum
1942 5545 2109 5616 (Ibid.

534 5645 651 5716 27).
683 5644 726 5700 Ο
767 5643 1092 5715 sapientiam
1117 5641 1408 5698 mulieris!
1442 5640 1645 5697 Canem
1676 5653 1763 5695 me
1792 5636 1999 5694 vocas?
2028 5650 2113 5691 me

537 5746 685 5799 sicut
717 5756 911 5799 canem
955 5740 1065 5797 ale.
1098 5737 1369 5795 Probrum
1413 5738 1519 5794 lioc
1570 5750 1683 5792 non
1739 5747 1957 5791 recuso.
2002 5729 2113 5789 Fac

538 5837 707 5907 igitur
736 5835 892 5891 canis
942 5833 1253 5891 alimoniam
1292 5829 1602 5906 accipiam.
1651 5827 1855 5885 Canem
1894 5839 1980 5881 me
2012 5839 2107 5881 ro-

2216 3310 2394 3385 ὐμᾶς,
2426 3310 2523 3365 καὶ
2556 3310 2657 3364 οὒκ
2690 3305 2941 3381 ἔρχεσθε.
2987 3300 3209 3376 Ταύτην
3233 3301 3292 3357 δὲ
3326 3300 3685 3375 ἀποῤῥίπτω,
3712 3300 3798 3355 καὶ

2219 3407 2552 3483 παραμένει.
2598 3403 2882 3477 Ἑμφανὴς
2917 3400 3192 3473 ἐγενόμην
3220 3401 3334 3463 τοῖς
3361 3398 3463 3471 ἐμὲ
3495 3399 3574 3471 μὴ
3614 3396 3798 3470 ζητού·

2219 3520 2325 3557 σιν.
2379 3501 2725 3559 Ἀπόλυσον
2749 3494 2968 3567 αὐτὴν,
2999 3493 3090 3550 ὅτι
3112 3491 3302 3564 κράζει
3329 3491 3587 3547 ὄπισθεν
3614 3489 3797 3561 ἡμῶν.

2221 3596 2451 3668 ἰδωμεν
2481 3589 2575 3649 οὖν
2602 3592 2657 3647 τί
2695 3591 2846 3662 λέγει
2868 3606 2885 3623 ·
2919 3592 3041 3646 Οὐκ
3092 3585 3474 3655 ἀπεστάλην,
3502 3588 3554 3640 el
3578 3586 3674 3657 μὴ
3719 3588 3799 3649 εις

2214 3688 2289 3743 τὰ
2315 3687 2578 3757 πρόϐατα
2612 3686 2686 3740 τὰ
2732 3682 3089 3740 ἀπολωλότα
3129 3680 3303 3736 οἴκου
3341 3678 3609 3748 Ἰσραήλ.
3654 3679 3722 3733 Ἦ
3749 3678 3800 3731 δὲ

2215 3782 2519 3849 ἀκούσασα,
2553 3776 2721 3851 ἦλθε,
2757 3777 2861 3833 καί
2891 3774 3321 3846 προσεκύνησε
3344 3771 3625 3843 λέγουσα
3647 3790 3661 3803 ο
3695 3773 3801 3828 Ναὶ

2215 3876 2415 3945 Κύριε.
2453 3874 2511 3930 '0
2553 3873 2621 3929 δέ
2650 3888 2862 3944 φησιν,
2894 3870 3014 3925 οὐκ
3052 3870 3187 3925 ἐστι
3209 3868 3405 3923 καλὸν
3432 3866 3656 3923 λαϐεῖν
3701 3866 3803 3921 τόν

2215 3968 2398 4038 ἄρτον
2421 3967 2541 4023 τῶν
2562 3966 2806 4031 τέκνων,
2830 3960 3209 4031 καὶβάλλειν
3230 3959 3358 4028 τοῖς
3381 3961 3718 4031 κυναρίοις.
3742 3959 3800 4011 τί

2214 4061 2339 4127 οὗν;
2369 4060 2501 4127 Ναί,
2532 4058 2729 4129 Κύριε.
2781 4055 2936 4112 Κύνα
2981 4072 3049 4127 με
3080 4053 3287 4125 λέγεις,
3335 4051 3448 4123 ἐγὼ
3480 4069 3541 4106 σε
3596 4052 3801 4124 Κύριον

2216 4151 2397 4208 καλῶ·
2433 4148 2498 4206 σύ
2530 4166 2599 4223 με
2648 4148 2913 4223 ὑϐρίζεις,
2946 4145 3058 4218 ἐγώ
3089 4164 3149 4202 σε
3181 4146 3342 4203 αίνῶ.
3408 4146 3545 4213 Nai,
3584 4148 3798 4215 Κύριε·

2214 4247 2312 4303 καί
2341 4245 2453 4318 γὰρ
2492 4243 2563 4300 τὰ
2587 4243 2844 4314 κυνάρια
2868 4243 3058 4299 ἐσθίει
3094 4240 3215 4297 ἀπὸ
3254 4240 3377 4297 τῶν
3414 4240 3650 4311 ψιχίων
3688 4236 3804 4294 τῶν

2213 4339 2553 4395 πιπτόντων
2578 4337 2695 4393 ἀπὸ
2712 4334 2822 4405 τῆς
2863 4334 3155 4406 τραπέζης
3172 4331 3293 4390 τῶν
3315 4332 3544 4404 κυρίων
3568 4332 3796 4389 αὐτῶν.

2141 4463 2187 4523 D
2213 4430 2285 4487 Ὦ
2336 4432 2502 4504 σοφία
2534 4430 2831 4502 γυναικόςῑ
2863 4427 3023 4484 Κύνα
3052 4444 3121 4499 με
3167 4426 3355 4498 λέγεις
3380 4444 3397 4497 ;
3426 4427 3507 4492 ὡς
3550 4428 3699 4482 κύνα
3737 4444 3799 4498 με

2218 4525 2439 4600 θρέψον.
2468 4522 2544 4579 Ού
2590 4521 2972 4595 παραιτοῦμαι
3000 4520 3063 4575 τὸ
3108 4518 3313 4583 ύνειδος
3332 4536 3349 4552 ·
3374 4520 3531 4575 λάσω
3571 4515 3676 4575 οὖν
3705 4520 3801 4591 τὴν

2212 4620 2419 4693 τροφὴν
2433 4616 2527 4674 τού
2557 4616 2739 4681 κυνός.
2760 4614 2917 4669 Κύνα
2941 4630 3010 4686 με
3038 4611 3310 4679 ικᾶλεσας
3331 4613 3458 4682 ;δό;
3484 4630 3577 4684 μοι
3593 4612 3801 4685 dexio».

2213 4710 2518 4783 Συνήγορος
2546 4702 2735 4778 ἐγένου
2768 4724 2858 4779 μοι
2889 4709 2957 4780 τῇ
2987 4706 3224 4778 αἰτήσει,
3258 4707 3318 4759 ὲν
3347 4708 3416 4779 τῇ
3448 4708 3679 4778 παροχῇ
3710 4706 3801 4774 τὴν

2216 4802 2620 4875 συγκατάθεσιν
2673 4799 2967 4868 ἐπίδειξον.
3009 4800 3145 4866 Ναὶ,
3183 4799 3390 4871 Κύριε·
3444 4798 3547 4853 καί
3578 4798 3703 4871 γὰρ
3736 4800 3799 4852 τὰ

2213 4898 2465 4969 κυνάρια
2505 4898 2691 4952 ἐσθίει
2726 4895 2845 4951 ἀπὸ
2890 4894 3009 4949 τῶν
3036 4896 3261 4964 ψιχίων
3294 4892 3415 4948 τῶν
3453 4894 3799 4949 πιπτόντων

2212 4992 2329 5048 ἀπὸ
2385 4988 2495 5058 τῆς
2532 4986 2822 5059 τραπέζης
2867 4985 2986 5043 τῶν
3028 4986 3252 5056 κυρίων
3284 4984 3509 5041 αὐτῶν.
3545 4985 3617 5040 Τί
3653 4981 3749 5040 οὖν
3774 4984 3799 5036 ό

2214 5080 2673 5153 παραιτούμενος,
2698 5081 2727 5133 ό
2746 5076 2979 5141 διώκων,
3000 5078 3029 5131 ό
3048 5076 3227 5145 λέγων
3252 5090 3269 5106 '
3292 5076 3418 5129 Οὐκ
3443 5073 3581 5128 ἔστι
3605 5073 3799 5128 καλὸν

2211 5176 2420 5235 λαϐεῖν
2456 5174 2564 5231 τὸν
2596 5172 2781 5242 ἄρτον
2825 5169 2947 5225 τῶν
3002 5168 3250 5235 τέκνων,
3286 5166 3385 5222 καὶ
3415 5164 3639 5222 δοῦναι
3682 5161 3798 5228 τοῖς

2213 5266 2515 5337 κυναρίοις
2527 5281 2547 5331 ;
2572 5264 2601 5317 ό
2632 5262 2829 5333 λέγων’
2866 5263 2989 5317 Οὐκ
3023 5258 3383 5327 ἀπεστάλην
3404 5258 3455 5312 ει
3476 5255 3565 5327 μὴ
3610 5258 3703 5322 εις
3735 5254 3798 5307 τά

2213 5360 2477 5429 πρόϐατα
2501 5357 2575 5412 τὰ
2605 5353 2963 5410 ἀπολωλότα
2980 5350 3152 5407 οἴκου
3186 5346 3475 5419 ’1σρσήλ;
3501 5348 3569 5402 Τί
3598 5364 3797 5419 φησιν,

2212 5447 2286 5506 Ὦ
2312 5450 2510 5523 γύναι,
2537 5445 2827 5516 ἐπαινέτης
2873 5444 3095 5514 ἑγένου;
3128 5440 3531 5513 ἀνακηρύττεις
3562 5441 3675 5512 τὴν
3708 5456 3797 5507 γδο

2214 5546 2405 5609 ναῖκα,
2432 5539 2532 5595 ούκ
2560 5538 2794 5611 ⁴ίξσχυνες
2822 5534 3030 5606 adripi;
3062 5533 3167 5588 οὐκ
3210 5530 3475 5596 ὲδιώκεςς
3509 5530 3607 5584 διὰ
3641 5528 3796 5583 tam

2213 5637 2454 5693 ὲδζωκον.
2489 5632 2553 5686 El
2583 5631 2691 5702 γὰρ
2736 5629 2797 5698 ἐξ
2830 5627 3010 5701 ἀρχῆς
3043 5625 3216 5701 αὐτὴν
3264 5623 3539 5687 ἀπέλυσα,
3586 5622 3699 5677 οὐκ
3734 5620 3793 5673 ἆυ.

2213 5726 2416 5803 ἔμαθες
2443 5724 2615 5796 αὐτῆς
2641 5721 2743 5794 τὴν
2768 5720 2973 5776 πίστιν.
3006 5721 3068 5776 Εἰ
3111 5720 3175 5774 ἐκ
3213 5715 3520 5791 προοιμίων
3570 5712 3809 5777 ἐλαϐεν,

2214 5822 2500 5897 ἀνεχώρει,
2536 5818 2633 5873 καὶ
2679 5817 2775 5872 τδν
2808 5814 3085 5890 θοσαυρὸν
3134 5812 3309 5885 αὐτῆς
3346 5810 3449 5866 ούκ
3494 5808 3778 5882 ἠπίστατο
