  <div class='ocr_page' id='page_1' title='image "/cluster/home/n/w/nwhite01/storage/ocr_20150623/95/mdp.39015004289776/736.png"; bbox 0 0 4014 6302; ppageno 0'>
   <div class='ocr_carea' id='block_1_1' title="bbox 288 372 425 442">
    <p class='ocr_par' dir='ltr' id='par_1_1' title="bbox 288 372 425 442">
     <span class='ocr_line' id='line_1_1' title="bbox 288 372 425 442; baseline 0.022 -3"><span class='ocrx_word' id='word_1_1' title='bbox 288 372 425 442; x_wconf 69' lang='grc'><strong>1449</strong></span> 
     </span>
    </p>
   </div>
   <div class='ocr_carea' id='block_1_2' title="bbox 1543 392 2294 459">
    <p class='ocr_par' dir='ltr' id='par_1_2' title="bbox 1543 392 2294 459">
     <span class='ocr_line' id='line_1_2' title="bbox 1543 392 2294 459; baseline 0.008 -6"><span class='ocrx_word' id='word_1_2' title='bbox 1543 392 1787 456; x_wconf 81' lang='lat' dir='ltr'><strong>SACRA</strong></span> <span class='ocrx_word' id='word_1_3' title='bbox 1826 392 2294 459; x_wconf 81' lang='lat' dir='ltr'><strong>PARALLELA.</strong></span> 
     </span>
    </p>
   </div>
   <div class='ocr_carea' id='block_1_3' title="bbox 3407 425 3546 495">
    <p class='ocr_par' dir='ltr' id='par_1_3' title="bbox 3407 425 3546 495">
     <span class='ocr_line' id='line_1_3' title="bbox 3407 425 3546 495; baseline 0.022 -4"><span class='ocrx_word' id='word_1_4' title='bbox 3407 425 3546 495; x_wconf 64' lang='lat'><strong>1450</strong></span> 
     </span>
    </p>
   </div>
   <div class='ocr_carea' id='block_1_4' title="bbox 271 493 1820 621">
    <p class='ocr_par' dir='ltr' id='par_1_4' title="bbox 271 493 1820 621">
     <span class='ocr_line' id='line_1_4' title="bbox 271 493 1820 579; baseline 0.013 -29"><span class='ocrx_word' id='word_1_5' title='bbox 271 496 373 551; x_wconf 81' lang='grc' dir='ltr'><strong>Διὰ</strong></span> <span class='ocrx_word' id='word_1_6' title='bbox 431 493 590 551; x_wconf 84' lang='grc' dir='ltr'>τοῦτο</span> <span class='ocrx_word' id='word_1_7' title='bbox 625 495 971 572; x_wconf 83' lang='grc' dir='ltr'>άνεϐαλόμην</span> <span class='ocrx_word' id='word_1_8' title='bbox 1006 502 1106 574; x_wconf 79' lang='grc' dir='ltr'><strong>τὴν</strong></span> <span class='ocrx_word' id='word_1_9' title='bbox 1154 504 1326 573; x_wconf 80' lang='grc' dir='ltr'>δόσιν,</span> <span class='ocrx_word' id='word_1_10' title='bbox 1358 507 1447 564; x_wconf 75' lang='grc' dir='ltr'><strong>ἵνα</strong></span> <span class='ocrx_word' id='word_1_11' title='bbox 1476 510 1637 579; x_wconf 78' lang='grc' dir='ltr'>δείξω</span> <span class='ocrx_word' id='word_1_12' title='bbox 1665 517 1820 570; x_wconf 73' lang='grc' dir='ltr'>αὐτοί</span> 
     </span>
     <span class='ocr_line' id='line_1_5' title="bbox 271 584 1820 621; baseline 0 0"><span class='ocrx_word' id='word_1_13' title='bbox 271 589 371 621; x_wconf 67' lang='grc' dir='ltr'>οδ...</span> <span class='ocrx_word' id='word_1_14' title='bbox 396 587 581 621; x_wconf 65' lang='grc' dir='ltr'><strong>..τι-.-.η</strong></span> <span class='ocrx_word' id='word_1_15' title='bbox 620 584 695 621; x_wconf 73' lang='grc' dir='ltr'><strong>τη</strong></span> <span class='ocrx_word' id='word_1_16' title='bbox 724 592 894 621; x_wconf 73' lang='grc' dir='ltr'>...ι..,...</span> <span class='ocrx_word' id='word_1_17' title='bbox 942 594 1236 621; x_wconf 61' lang='grc' dir='ltr'><strong>ο-ι-πι----</strong></span> <span class='ocrx_word' id='word_1_18' title='bbox 1285 594 1362 621; x_wconf 73' lang='grc' dir='ltr'>τη</span> <span class='ocrx_word' id='word_1_19' title='bbox 1444 603 1456 619; x_wconf 72' lang='grc' dir='ltr'><em>υ</em></span> <span class='ocrx_word' id='word_1_20' title='bbox 1584 605 1597 621; x_wconf 77' lang='grc' dir='ltr'><strong><em>ι</em></strong></span> <span class='ocrx_word' id='word_1_21' title='bbox 1633 606 1676 621; x_wconf 85' lang='lat'><strong>..</strong></span> <span class='ocrx_word' id='word_1_22' title='bbox 1811 609 1820 621; x_wconf 92' lang='lat'><strong>.</strong></span> 
     </span>
    </p>
   </div>
   <div class='ocr_carea' id='block_1_5' title="bbox 1924 493 3545 621">
    <p class='ocr_par' dir='ltr' id='par_1_5' title="bbox 1924 511 3545 621">
     <span class='ocr_line' id='line_1_6' title="bbox 1924 511 3545 621; baseline 0.025 -55"><span class='ocrx_word' id='word_1_23' title='bbox 1924 511 2141 578; x_wconf 22' lang='lat' dir='ltr'><strong>,casti?</strong></span> <span class='ocrx_word' id='word_1_24' title='bbox 2173 514 2369 573; x_wconf 85' lang='lat' dir='ltr'><strong>micam</strong></span> <span class='ocrx_word' id='word_1_25' title='bbox 2400 517 2535 577; x_wconf 76' lang='lat' dir='ltr'><strong>mihi</strong></span> <span class='ocrx_word' id='word_1_26' title='bbox 2585 525 2791 586; x_wconf 77' lang='lat' dir='ltr'><strong>tribue.</strong></span> <span class='ocrx_word' id='word_1_27' title='bbox 2828 529 3088 593; x_wconf 87' lang='lat' dir='ltr'><strong>Petitioni</strong></span> <span class='ocrx_word' id='word_1_28' title='bbox 3122 554 3254 598; x_wconf 80' lang='lat' dir='ltr'><strong>meae</strong></span> <span class='ocrx_word' id='word_1_29' title='bbox 3277 548 3394 603; x_wconf 85' lang='lat' dir='ltr'><strong>tute</strong></span> <span class='ocrx_word' id='word_1_30' title='bbox 3424 550 3545 621; x_wconf 88' lang='lat' dir='ltr'><strong>ipse</strong></span> 
     </span>
    </p>
   </div>
   <div class='ocr_carea' id='block_1_6' title="bbox 270 584 1853 671">
    <p class='ocr_par' dir='ltr' id='par_1_6' title="bbox 270 584 1853 671">
     <span class='ocr_line' id='line_1_7' title="bbox 270 584 1853 671; baseline 0.006 -29"><span class='ocrx_word' id='word_1_31' title='bbox 270 589 371 662; x_wconf 78' lang='grc' dir='ltr'>τὴν</span> <span class='ocrx_word' id='word_1_32' title='bbox 396 587 602 644; x_wconf 85' lang='grc' dir='ltr'>πίστιν.</span> <span class='ocrx_word' id='word_1_33' title='bbox 620 584 695 645; x_wconf 66' lang='grc' dir='ltr'><strong><em>*Ω</em></strong></span> <span class='ocrx_word' id='word_1_34' title='bbox 722 592 918 662; x_wconf 77' lang='grc' dir='ltr'>γύναι.</span> <span class='ocrx_word' id='word_1_35' title='bbox 942 594 1075 661; x_wconf 82' lang='grc' dir='ltr'>Θεὸς</span> <span class='ocrx_word' id='word_1_36' title='bbox 1092 595 1261 668; x_wconf 78' lang='grc' dir='ltr'>λέγει,</span> <span class='ocrx_word' id='word_1_37' title='bbox 1285 594 1362 656; x_wconf 81' lang='grc' dir='ltr'><strong><em>Ὦ</em></strong></span> <span class='ocrx_word' id='word_1_38' title='bbox 1388 603 1562 671; x_wconf 79' lang='grc' dir='ltr'>γύναι</span> <span class='ocrx_word' id='word_1_39' title='bbox 1575 605 1597 659; x_wconf 76' lang='grc' dir='ltr'>,ι</span> <span class='ocrx_word' id='word_1_40' title='bbox 1633 606 1853 665; x_wconf 73' lang='grc' dir='ltr'><strong>Ἀκουέ,</strong></span> 
     </span>
    </p>
   </div>
   <div class='ocr_carea' id='block_1_7' title="bbox 272 684 1849 771">
    <p class='ocr_par' dir='ltr' id='par_1_7' title="bbox 272 684 1849 771">
     <span class='ocr_line' id='line_1_8' title="bbox 272 684 1849 771; baseline 0.013 -34"><span class='ocrx_word' id='word_1_41' title='bbox 272 700 452 739; x_wconf 85' lang='grc' dir='ltr'>τωσαν</span> <span class='ocrx_word' id='word_1_42' title='bbox 480 684 531 736; x_wconf 82' lang='lat' dir='ltr'><strong>oi</strong></span> <span class='ocrx_word' id='word_1_43' title='bbox 585 685 875 757; x_wconf 79' lang='grc' dir='ltr'>εὐχόμενοι</span> <span class='ocrx_word' id='word_1_44' title='bbox 922 690 1065 760; x_wconf 83' lang='grc' dir='ltr'>μετὰ</span> <span class='ocrx_word' id='word_1_45' title='bbox 1110 690 1434 761; x_wconf 82' lang='grc' dir='ltr'>βαναυσίας.</span> <span class='ocrx_word' id='word_1_46' title='bbox 1480 697 1653 753; x_wconf 82' lang='grc' dir='ltr'><strong>Ὅταν</strong></span> <span class='ocrx_word' id='word_1_47' title='bbox 1682 702 1849 771; x_wconf 76' lang='grc' dir='ltr'>εἴπω,</span> 
     </span>
    </p>
   </div>
   <div class='ocr_carea' id='block_1_8' title="bbox 268 777 1851 857">
    <p class='ocr_par' dir='ltr' id='par_1_8' title="bbox 268 777 1851 857">
     <span class='ocr_line' id='line_1_9' title="bbox 268 777 1851 857; baseline 0.007 -26"><span class='ocrx_word' id='word_1_48' title='bbox 268 777 663 850; x_wconf 86' lang='grc' dir='ltr'>Παρακάλεσον</span> <span class='ocrx_word' id='word_1_49' title='bbox 720 779 815 835; x_wconf 89' lang='grc' dir='ltr'><strong>τὸν</strong></span> <span class='ocrx_word' id='word_1_50' title='bbox 852 780 1011 847; x_wconf 82' lang='grc' dir='ltr'>Θεὸν,</span> <span class='ocrx_word' id='word_1_51' title='bbox 1066 782 1287 857; x_wconf 80' lang='grc' dir='ltr'><strong>δεήθητι</strong></span> <span class='ocrx_word' id='word_1_52' title='bbox 1329 787 1521 855; x_wconf 83' lang='grc' dir='ltr'>αὐτοῦ,</span> <span class='ocrx_word' id='word_1_53' title='bbox 1567 792 1851 852; x_wconf 63' lang='grc' dir='ltr'>ἱκέτεῡσον</span> 
     </span>
    </p>
   </div>
   <div class='ocr_carea' id='block_1_9' title="bbox 269 869 1850 960">
    <p class='ocr_par' dir='ltr' id='par_1_9' title="bbox 269 869 1850 960">
     <span class='ocr_line' id='line_1_10' title="bbox 269 869 1850 960; baseline 0.012 -37"><span class='ocrx_word' id='word_1_54' title='bbox 269 869 469 925; x_wconf 82' lang='grc' dir='ltr'>αὐτόν·</span> <span class='ocrx_word' id='word_1_55' title='bbox 505 871 677 942; x_wconf 84' lang='grc' dir='ltr'>λέγει,</span> <span class='ocrx_word' id='word_1_56' title='bbox 711 874 1073 946; x_wconf 86' lang='grc' dir='ltr'>Παρεκάλεσα</span> <span class='ocrx_word' id='word_1_57' title='bbox 1112 876 1263 944; x_wconf 76' lang='grc' dir='ltr'>ἅπαξ</span> <span class='ocrx_word' id='word_1_58' title='bbox 1290 882 1385 934; x_wconf 80' lang='grc' dir='ltr'><strong>καὶ</strong></span> <span class='ocrx_word' id='word_1_59' title='bbox 1413 880 1690 956; x_wconf 83' lang='grc' dir='ltr'>δεύτερον,</span> <span class='ocrx_word' id='word_1_60' title='bbox 1725 886 1850 960; x_wconf 69' lang='grc' dir='ltr'>τρία</span> 
     </span>
    </p>
   </div>
   <div class='ocr_carea' id='block_1_10' title="bbox 265 961 1849 1048">
    <p class='ocr_par' dir='ltr' id='par_1_10' title="bbox 265 961 1849 1048">
     <span class='ocr_line' id='line_1_11' title="bbox 265 961 1849 1048; baseline 0.015 -34"><span class='ocrx_word' id='word_1_61' title='bbox 265 977 382 1026; x_wconf 89' lang='grc' dir='ltr'>τον,</span> <span class='ocrx_word' id='word_1_62' title='bbox 411 961 663 1033; x_wconf 75' lang='grc' dir='ltr'><strong>δέκατον,</strong></span> <span class='ocrx_word' id='word_1_63' title='bbox 694 966 791 1021; x_wconf 72' lang='grc' dir='ltr'><strong>καὶ</strong></span> <span class='ocrx_word' id='word_1_64' title='bbox 819 968 923 1022; x_wconf 85' lang='grc' dir='ltr'><strong>οὐκ</strong></span> <span class='ocrx_word' id='word_1_65' title='bbox 943 967 1157 1025; x_wconf 84' lang='grc' dir='ltr'>έλαϐον.</span> <span class='ocrx_word' id='word_1_66' title='bbox 1182 971 1276 1044; x_wconf 82' lang='grc' dir='ltr'><strong>Μὴ</strong></span> <span class='ocrx_word' id='word_1_67' title='bbox 1314 973 1582 1048; x_wconf 82' lang='grc' dir='ltr'>ἀποστῇς,</span> <span class='ocrx_word' id='word_1_68' title='bbox 1614 979 1720 1045; x_wconf 65' lang='grc' dir='ltr'>ἕως</span> <span class='ocrx_word' id='word_1_69' title='bbox 1750 981 1849 1038; x_wconf 79' lang='grc' dir='ltr'><strong>ἐὰν</strong></span> 
     </span>
    </p>
   </div>
   <div class='ocr_carea' id='block_1_11' title="bbox 265 1052 1842 1138">
    <p class='ocr_par' dir='ltr' id='par_1_11' title="bbox 265 1052 1842 1138">
     <span class='ocr_line' id='line_1_12' title="bbox 265 1052 1842 1138; baseline 0.015 -31"><span class='ocrx_word' id='word_1_70' title='bbox 265 1052 461 1128; x_wconf 76' lang='grc' dir='ltr'>λάϐῃς.</span> <span class='ocrx_word' id='word_1_71' title='bbox 487 1055 625 1110; x_wconf 82' lang='grc' dir='ltr'>Τότε</span> <span class='ocrx_word' id='word_1_72' title='bbox 664 1057 939 1133; x_wconf 80' lang='grc' dir='ltr'>άπόστηθι</span> <span class='ocrx_word' id='word_1_73' title='bbox 966 1061 1096 1116; x_wconf 82' lang='grc' dir='ltr'>ὅταν</span> <span class='ocrx_word' id='word_1_74' title='bbox 1128 1062 1328 1138; x_wconf 73' lang='grc' dir='ltr'>λάϐῃςο</span> <span class='ocrx_word' id='word_1_75' title='bbox 1357 1066 1561 1138; x_wconf 86' lang='grc' dir='ltr'>μᾶλλον</span> <span class='ocrx_word' id='word_1_76' title='bbox 1594 1070 1651 1125; x_wconf 79' lang='grc' dir='ltr'>δὲ</span> <span class='ocrx_word' id='word_1_77' title='bbox 1682 1072 1807 1129; x_wconf 86' lang='grc' dir='ltr'>τότε</span> <span class='ocrx_word' id='word_1_78' title='bbox 1827 1091 1842 1106; x_wconf 78' lang='grc'><strong>⁸</strong></span> 
     </span>
    </p>
   </div>
   <div class='ocr_carea' id='block_1_12' title="bbox 262 1147 1847 1233">
    <p class='ocr_par' dir='ltr' id='par_1_12' title="bbox 262 1147 1847 1233">
     <span class='ocr_line' id='line_1_13' title="bbox 262 1147 1847 1233; baseline 0.013 -32"><span class='ocrx_word' id='word_1_79' title='bbox 262 1147 402 1202; x_wconf 81' lang='grc' dir='ltr'>ἀλλὰ</span> <span class='ocrx_word' id='word_1_80' title='bbox 434 1148 530 1204; x_wconf 78' lang='grc' dir='ltr'>καὶ</span> <span class='ocrx_word' id='word_1_81' title='bbox 559 1147 682 1205; x_wconf 85' lang='grc' dir='ltr'>τότε</span> <span class='ocrx_word' id='word_1_82' title='bbox 712 1152 1020 1224; x_wconf 83' lang='grc' dir='ltr'>παράμενε.</span> <span class='ocrx_word' id='word_1_83' title='bbox 1046 1156 1168 1211; x_wconf 81' lang='grc' dir='ltr'><strong>Κᾶν</strong></span> <span class='ocrx_word' id='word_1_84' title='bbox 1199 1156 1396 1233; x_wconf 78' lang='grc' dir='ltr'>λάϐῃς,</span> <span class='ocrx_word' id='word_1_85' title='bbox 1424 1161 1566 1217; x_wconf 85' lang='grc' dir='ltr'>αίτει</span> <span class='ocrx_word' id='word_1_86' title='bbox 1584 1180 1598 1196; x_wconf 90' lang='grc'><strong>·</strong></span> <span class='ocrx_word' id='word_1_87' title='bbox 1629 1165 1759 1221; x_wconf 85' lang='grc' dir='ltr'>ὅταν</span> <span class='ocrx_word' id='word_1_88' title='bbox 1785 1167 1847 1221; x_wconf 80' lang='grc' dir='ltr'>δὲ</span> 
     </span>
    </p>
   </div>
   <div class='ocr_carea' id='block_1_13' title="bbox 261 1240 1847 1327">
    <p class='ocr_par' dir='ltr' id='par_1_13' title="bbox 261 1240 1847 1327">
     <span class='ocr_line' id='line_1_14' title="bbox 261 1240 1847 1327; baseline 0.013 -32"><span class='ocrx_word' id='word_1_89' title='bbox 261 1240 455 1316; x_wconf 79' lang='grc' dir='ltr'>λάϐῃς,</span> <span class='ocrx_word' id='word_1_90' title='bbox 504 1244 926 1320; x_wconf 74' lang='grc' dir='ltr'><strong>εὐχαρίστησον,</strong></span> <span class='ocrx_word' id='word_1_91' title='bbox 958 1249 1041 1304; x_wconf 86' lang='grc' dir='ltr'>ὃτι</span> <span class='ocrx_word' id='word_1_92' title='bbox 1076 1249 1290 1317; x_wconf 81' lang='grc' dir='ltr'>ἔλαϐες.</span> <span class='ocrx_word' id='word_1_93' title='bbox 1322 1253 1683 1327; x_wconf 81' lang='grc' dir='ltr'>Είσέρχονται</span> <span class='ocrx_word' id='word_1_94' title='bbox 1713 1260 1847 1315; x_wconf 80' lang='grc' dir='ltr'>πολ·</span> 
     </span>
    </p>
   </div>
   <div class='ocr_carea' id='block_1_14' title="bbox 148 1333 1844 1424">
    <p class='ocr_par' dir='ltr' id='par_1_14' title="bbox 148 1333 1844 1424">
     <span class='ocr_line' id='line_1_15' title="bbox 148 1333 1844 1424; baseline 0.012 -37"><span class='ocrx_word' id='word_1_95' title='bbox 148 1408 151 1409; x_wconf 13' lang='grc' dir='ltr'><em>ν</em></span> <span class='ocrx_word' id='word_1_96' title='bbox 261 1333 346 1390; x_wconf 75' lang='grc' dir='ltr'><strong>λοὶ</strong></span> <span class='ocrx_word' id='word_1_97' title='bbox 370 1337 453 1400; x_wconf 89' lang='grc' dir='ltr'><strong>είς</strong></span> <span class='ocrx_word' id='word_1_98' title='bbox 497 1336 596 1409; x_wconf 86' lang='grc' dir='ltr'><strong>τὴν</strong></span> <span class='ocrx_word' id='word_1_99' title='bbox 636 1338 985 1411; x_wconf 82' lang='grc' dir='ltr'><strong>Ἐκκλησίαν,</strong></span> <span class='ocrx_word' id='word_1_100' title='bbox 1045 1343 1142 1398; x_wconf 77' lang='grc' dir='ltr'><strong>καὶ</strong></span> <span class='ocrx_word' id='word_1_101' title='bbox 1196 1346 1566 1418; x_wconf 80' lang='grc' dir='ltr'>ἀπαρτίζουσι</span> <span class='ocrx_word' id='word_1_102' title='bbox 1613 1351 1844 1424; x_wconf 82' lang='grc' dir='ltr'><strong>μυρίους</strong></span> 
     </span>
    </p>
   </div>
   <div class='ocr_carea' id='block_1_15' title="bbox 259 1428 1841 1512">
    <p class='ocr_par' dir='ltr' id='par_1_15' title="bbox 259 1428 1841 1512">
     <span class='ocr_line' id='line_1_16' title="bbox 259 1428 1841 1512; baseline 0.012 -32"><span class='ocrx_word' id='word_1_103' title='bbox 259 1428 480 1500; x_wconf 81' lang='grc' dir='ltr'><strong>στίχους</strong></span> <span class='ocrx_word' id='word_1_104' title='bbox 535 1432 724 1503; x_wconf 81' lang='grc' dir='ltr'>εὐχῆς,</span> <span class='ocrx_word' id='word_1_105' title='bbox 772 1435 868 1487; x_wconf 79' lang='grc' dir='ltr'>καὶ</span> <span class='ocrx_word' id='word_1_106' title='bbox 920 1431 1257 1508; x_wconf 73' lang='grc' dir='ltr'>ἐξέρχονται.</span> <span class='ocrx_word' id='word_1_107' title='bbox 1314 1437 1407 1512; x_wconf 79' lang='grc' dir='ltr'><strong>Μὴ</strong></span> <span class='ocrx_word' id='word_1_108' title='bbox 1460 1441 1569 1512; x_wconf 75' lang='grc' dir='ltr'>γὰρ</span> <span class='ocrx_word' id='word_1_109' title='bbox 1628 1442 1841 1500; x_wconf 82' lang='grc' dir='ltr'>πολλῶν</span> 
     </span>
    </p>
   </div>
   <div class='ocr_carea' id='block_1_16' title="bbox 243 1506 1842 1608">
    <p class='ocr_par' dir='ltr' id='par_1_16' title="bbox 243 1506 1842 1608">
     <span class='ocr_line' id='line_1_17' title="bbox 243 1506 1842 1608; baseline 0.011 -36"><span class='ocrx_word' id='word_1_110' title='bbox 243 1506 449 1591; x_wconf 80' lang='grc' dir='ltr'><strong>⁶χρείαν</strong></span> <span class='ocrx_word' id='word_1_111' title='bbox 474 1520 640 1594; x_wconf 44' lang='grc' dir='ltr'>ἔχειλό</span> <span class='ocrx_word' id='word_1_112' title='bbox 669 1522 803 1587; x_wconf 83' lang='grc' dir='ltr'>Θεὸς</span> <span class='ocrx_word' id='word_1_113' title='bbox 826 1524 1038 1595; x_wconf 81' lang='grc' dir='ltr'>λόγων;</span> <span class='ocrx_word' id='word_1_114' title='bbox 1194 1530 1364 1602; x_wconf 77' lang='grc' dir='ltr'>εὐχῆς</span> <span class='ocrx_word' id='word_1_115' title='bbox 1392 1506 1488 1586; x_wconf 80' lang='grc' dir='ltr'><strong>σου</strong></span> <span class='ocrx_word' id='word_1_116' title='bbox 1526 1506 1686 1604; x_wconf 79' lang='grc' dir='ltr'>μόνον</span> <span class='ocrx_word' id='word_1_117' title='bbox 1712 1537 1842 1608; x_wconf 78' lang='grc' dir='ltr'><strong>χρῄ-</strong></span> 
     </span>
    </p>
   </div>
   <div class='ocr_carea' id='block_1_17' title="bbox 255 1609 1840 1697">
    <p class='ocr_par' dir='ltr' id='par_1_17' title="bbox 255 1609 1840 1697">
     <span class='ocr_line' id='line_1_18' title="bbox 255 1609 1840 1697; baseline 0.013 -32"><span class='ocrx_word' id='word_1_118' title='bbox 255 1609 361 1676; x_wconf 83' lang='grc' dir='ltr'>ζει.</span> <span class='ocrx_word' id='word_1_119' title='bbox 404 1614 516 1668; x_wconf 76' lang='grc' dir='ltr'><strong>Καὶ</strong></span> <span class='ocrx_word' id='word_1_120' title='bbox 558 1625 633 1679; x_wconf 85' lang='grc' dir='ltr'>τι,</span> <span class='ocrx_word' id='word_1_121' title='bbox 669 1616 839 1688; x_wconf 83' lang='grc' dir='ltr'><strong>φησί·</strong></span> <span class='ocrx_word' id='word_1_122' title='bbox 877 1617 1087 1687; x_wconf 76' lang='grc' dir='ltr'>έκλινα,</span> <span class='ocrx_word' id='word_1_123' title='bbox 1126 1622 1222 1675; x_wconf 70' lang='grc' dir='ltr'><strong>καὶ</strong></span> <span class='ocrx_word' id='word_1_124' title='bbox 1245 1621 1547 1697; x_wconf 73' lang='grc' dir='ltr'>ηὐξάμηνς</span> <span class='ocrx_word' id='word_1_125' title='bbox 1580 1627 1840 1694; x_wconf 84' lang='grc' dir='ltr'>Ἐκλινας</span> 
     </span>
    </p>
   </div>
   <div class='ocr_carea' id='block_1_18' title="bbox 251 1702 1840 1791">
    <p class='ocr_par' dir='ltr' id='par_1_18' title="bbox 251 1702 1840 1791">
     <span class='ocr_line' id='line_1_19' title="bbox 251 1702 1840 1791; baseline 0.012 -35"><span class='ocrx_word' id='word_1_126' title='bbox 251 1702 324 1757; x_wconf 72' lang='grc' dir='ltr'><strong>τά</strong></span> <span class='ocrx_word' id='word_1_127' title='bbox 357 1703 582 1773; x_wconf 88' lang='grc' dir='ltr'>γόνατα,</span> <span class='ocrx_word' id='word_1_128' title='bbox 608 1706 724 1761; x_wconf 73' lang='grc' dir='ltr'><strong>ἀλλ’</strong></span> <span class='ocrx_word' id='word_1_129' title='bbox 748 1708 781 1779; x_wconf 77' lang='grc' dir='ltr'>ἡ</span> <span class='ocrx_word' id='word_1_130' title='bbox 801 1707 1012 1764; x_wconf 83' lang='grc' dir='ltr'>διάνοιά</span> <span class='ocrx_word' id='word_1_131' title='bbox 1043 1728 1139 1765; x_wconf 90' lang='grc' dir='ltr'><strong>σου</strong></span> <span class='ocrx_word' id='word_1_132' title='bbox 1164 1712 1269 1780; x_wconf 76' lang='grc' dir='ltr'>ἔξω</span> <span class='ocrx_word' id='word_1_133' title='bbox 1300 1715 1553 1772; x_wconf 78' lang='grc' dir='ltr'>έπέτατο.</span> <span class='ocrx_word' id='word_1_134' title='bbox 1581 1718 1653 1772; x_wconf 82' lang='grc' dir='ltr'>Τὸ</span> <span class='ocrx_word' id='word_1_135' title='bbox 1677 1719 1840 1791; x_wconf 78' lang='grc' dir='ltr'>σῶμά</span> 
     </span>
    </p>
   </div>
   <div class='ocr_carea' id='block_1_19' title="bbox 253 1795 1833 1883">
    <p class='ocr_par' dir='ltr' id='par_1_19' title="bbox 253 1795 1833 1883">
     <span class='ocr_line' id='line_1_20' title="bbox 253 1795 1833 1883; baseline 0.013 -34"><span class='ocrx_word' id='word_1_136' title='bbox 253 1812 350 1851; x_wconf 88' lang='grc' dir='ltr'><strong>σου</strong></span> <span class='ocrx_word' id='word_1_137' title='bbox 384 1795 515 1862; x_wconf 77' lang='grc' dir='ltr'>έσω,</span> <span class='ocrx_word' id='word_1_138' title='bbox 540 1800 689 1872; x_wconf 78' lang='grc' dir='ltr'>καὶὴ</span> <span class='ocrx_word' id='word_1_139' title='bbox 718 1800 862 1874; x_wconf 74' lang='grc' dir='ltr'>ψυχή</span> <span class='ocrx_word' id='word_1_140' title='bbox 896 1820 990 1858; x_wconf 91' lang='grc' dir='ltr'><strong>σου</strong></span> <span class='ocrx_word' id='word_1_141' title='bbox 1018 1804 1143 1870; x_wconf 78' lang='grc' dir='ltr'>ἔξω.</span> <span class='ocrx_word' id='word_1_142' title='bbox 1181 1805 1256 1860; x_wconf 86' lang='grc' dir='ltr'>Τὸ</span> <span class='ocrx_word' id='word_1_143' title='bbox 1287 1808 1465 1880; x_wconf 82' lang='grc' dir='ltr'>στόμα</span> <span class='ocrx_word' id='word_1_144' title='bbox 1502 1825 1595 1866; x_wconf 89' lang='grc' dir='ltr'>σου</span> <span class='ocrx_word' id='word_1_145' title='bbox 1626 1810 1833 1883; x_wconf 80' lang='grc' dir='ltr'>ἔλεγεν,</span> 
     </span>
    </p>
   </div>
   <div class='ocr_carea' id='block_1_20' title="bbox 1958 606 3545 699">
    <p class='ocr_par' dir='ltr' id='par_1_20' title="bbox 1958 606 3545 699">
     <span class='ocr_line' id='line_1_21' title="bbox 1958 606 3545 699; baseline 0.026 -41"><span class='ocrx_word' id='word_1_146' title='bbox 1958 606 2345 674; x_wconf 88' lang='lat' dir='ltr'><strong>patrocinatus</strong></span> <span class='ocrx_word' id='word_1_147' title='bbox 2374 626 2470 682; x_wconf 90' lang='lat' dir='ltr'><strong>es;</strong></span> <span class='ocrx_word' id='word_1_148' title='bbox 2526 615 2613 673; x_wconf 84' lang='lat' dir='ltr'><strong>fac</strong></span> <span class='ocrx_word' id='word_1_149' title='bbox 2669 620 2727 677; x_wconf 89' lang='lat' dir='ltr'><strong>in</strong></span> <span class='ocrx_word' id='word_1_150' title='bbox 2781 623 3072 699; x_wconf 77' lang='lat' dir='ltr'><strong>largiendo</strong></span> <span class='ocrx_word' id='word_1_151' title='bbox 3114 606 3545 699; x_wconf 50' lang='lat' dir='ltr'><strong>abnuentem.te</strong></span> 
     </span>
    </p>
   </div>
   <div class='ocr_carea' id='block_1_21' title="bbox 1960 697 3547 790">
    <p class='ocr_par' dir='ltr' id='par_1_21' title="bbox 1960 697 3547 790">
     <span class='ocr_line' id='line_1_22' title="bbox 1960 697 3547 790; baseline 0.026 -41"><span class='ocrx_word' id='word_1_152' title='bbox 1960 697 2226 767; x_wconf 70' lang='lat' dir='ltr'><strong>pmbeas.</strong></span> <span class='ocrx_word' id='word_1_153' title='bbox 2255 699 2463 771; x_wconf 87' lang='lat' dir='ltr'><strong>Etiam,</strong></span> <span class='ocrx_word' id='word_1_154' title='bbox 2505 707 2733 768; x_wconf 78' lang='lat' dir='ltr'><strong><em>Domine</em></strong></span> <span class='ocrx_word' id='word_1_155' title='bbox 2763 730 2785 769; x_wconf 87' lang='lat'><strong><em>:</em></strong></span> <span class='ocrx_word' id='word_1_156' title='bbox 2816 697 2942 773; x_wconf 70' lang='lat' dir='ltr'><strong>nam</strong></span> <span class='ocrx_word' id='word_1_157' title='bbox 2976 731 3027 777; x_wconf 86' lang='lat' dir='ltr'><strong>et</strong></span> <span class='ocrx_word' id='word_1_158' title='bbox 3056 728 3239 783; x_wconf 80' lang='lat' dir='ltr'><strong>catelli</strong></span> <span class='ocrx_word' id='word_1_159' title='bbox 3268 729 3547 790; x_wconf 76' lang='lat' dir='ltr'><strong>comedunt</strong></span> 
     </span>
    </p>
   </div>
   <div class='ocr_carea' id='block_1_22' title="bbox 1956 788 3542 883">
    <p class='ocr_par' dir='ltr' id='par_1_22' title="bbox 1956 788 3542 883">
     <span class='ocr_line' id='line_1_23' title="bbox 1956 788 3542 883; baseline 0.028 -42"><span class='ocrx_word' id='word_1_160' title='bbox 1956 788 2024 844; x_wconf 81' lang='lat' dir='ltr'><strong>de</strong></span> <span class='ocrx_word' id='word_1_161' title='bbox 2054 791 2208 848; x_wconf 77' lang='lat' dir='ltr'><strong>micis</strong></span> <span class='ocrx_word' id='word_1_162' title='bbox 2240 811 2359 866; x_wconf 65' lang='lat' dir='ltr'><strong>qua:</strong></span> <span class='ocrx_word' id='word_1_163' title='bbox 2388 798 2588 856; x_wconf 81' lang='lat' dir='ltr'><strong>cadunt</strong></span> <span class='ocrx_word' id='word_1_164' title='bbox 2617 802 2683 859; x_wconf 88' lang='lat' dir='ltr'><strong>de</strong></span> <span class='ocrx_word' id='word_1_165' title='bbox 2709 823 2891 866; x_wconf 80' lang='lat' dir='ltr'><strong>menso</strong></span> <span class='ocrx_word' id='word_1_166' title='bbox 2928 812 3265 876; x_wconf 83' lang='lat' dir='ltr'><strong>dominorum</strong></span> <span class='ocrx_word' id='word_1_167' title='bbox 3300 842 3542 883; x_wconf 71' lang='lat' dir='ltr'><strong>suorum.</strong></span> 
     </span>
    </p>
   </div>
   <div class='ocr_carea' id='block_1_23' title="bbox 1956 881 3544 993">
    <p class='ocr_par' dir='ltr' id='par_1_23' title="bbox 1956 881 3544 993">
     <span class='ocr_line' id='line_1_24' title="bbox 1956 881 3544 993; baseline 0.025 -55"><span class='ocrx_word' id='word_1_168' title='bbox 1956 881 2100 993; x_wconf 53' lang='lat' dir='ltr'><strong>guid</strong></span> <span class='ocrx_word' id='word_1_169' title='bbox 2138 886 2310 959; x_wconf 78' lang='lat' dir='ltr'><strong>igitur</strong></span> <span class='ocrx_word' id='word_1_170' title='bbox 2338 891 2433 948; x_wconf 90' lang='lat' dir='ltr'><strong>ille</strong></span> <span class='ocrx_word' id='word_1_171' title='bbox 2474 895 2571 966; x_wconf 86' lang='lat' dir='ltr'><strong>qui</strong></span> <span class='ocrx_word' id='word_1_172' title='bbox 2632 904 2953 973; x_wconf 88' lang='lat' dir='ltr'><strong>recusabat,</strong></span> <span class='ocrx_word' id='word_1_173' title='bbox 2994 909 3087 980; x_wconf 88' lang='lat' dir='ltr'><strong>qui</strong></span> <span class='ocrx_word' id='word_1_174' title='bbox 3140 881 3544 993; x_wconf 85' lang='lat' dir='ltr'><strong>abigebat,</strong></span> 
     </span>
    </p>
   </div>
   <div class='ocr_carea' id='block_1_24' title="bbox 1955 978 3544 1083">
    <p class='ocr_par' dir='ltr' id='par_1_24' title="bbox 1955 978 3544 1083">
     <span class='ocr_line' id='line_1_25' title="bbox 1955 978 3544 1083; baseline 0.025 -50"><span class='ocrx_word' id='word_1_175' title='bbox 1955 978 2176 1039; x_wconf 85' lang='lat' dir='ltr'><strong>dicebat</strong></span> <span class='ocrx_word' id='word_1_176' title='bbox 2205 1002 2222 1042; x_wconf 88' lang='lat'><strong>:</strong></span> <span class='ocrx_word' id='word_1_177' title='bbox 2260 984 2386 1043; x_wconf 79' lang='lat' dir='ltr'><strong>Non</strong></span> <span class='ocrx_word' id='word_1_178' title='bbox 2414 1000 2492 1045; x_wconf 80' lang='lat' dir='ltr'><strong>est</strong></span> <span class='ocrx_word' id='word_1_179' title='bbox 2519 990 2714 1052; x_wconf 82' lang='lat' dir='ltr'><strong>bonum</strong></span> <span class='ocrx_word' id='word_1_180' title='bbox 2746 1015 2951 1058; x_wconf 78' lang='lat' dir='ltr'><strong>sumere</strong></span> <span class='ocrx_word' id='word_1_181' title='bbox 2979 978 3167 1075; x_wconf 70' lang='lat' dir='ltr'><strong>panem</strong></span> <span class='ocrx_word' id='word_1_182' title='bbox 3196 978 3544 1083; x_wconf 50' lang='lat' dir='ltr'><strong>ﬁiiorurn,let</strong></span> 
     </span>
    </p>
   </div>
   <div class='ocr_carea' id='block_1_25' title="bbox 1952 1072 3542 1177">
    <p class='ocr_par' dir='ltr' id='par_1_25' title="bbox 1952 1072 3542 1177">
     <span class='ocr_line' id='line_1_26' title="bbox 1952 1072 3542 1177; baseline 0.027 -53"><span class='ocrx_word' id='word_1_183' title='bbox 1952 1072 2085 1128; x_wconf 85' lang='lat' dir='ltr'><strong>dare</strong></span> <span class='ocrx_word' id='word_1_184' title='bbox 2112 1077 2331 1135; x_wconf 74' lang='lat' dir='ltr'><strong>canibus</strong></span> <span class='ocrx_word' id='word_1_185' title='bbox 2355 1083 2382 1138; x_wconf 70' lang='grc'><em>2</em></span> <span class='ocrx_word' id='word_1_186' title='bbox 2419 1085 2515 1154; x_wconf 90' lang='lat' dir='ltr'><strong>qui</strong></span> <span class='ocrx_word' id='word_1_187' title='bbox 2555 1086 2776 1146; x_wconf 88' lang='lat' dir='ltr'><strong>dicebat</strong></span> <span class='ocrx_word' id='word_1_188' title='bbox 2808 1111 2822 1147; x_wconf 91' lang='lat'><strong>:</strong></span> <span class='ocrx_word' id='word_1_189' title='bbox 2860 1093 2987 1152; x_wconf 76' lang='lat' dir='ltr'><strong>Non</strong></span> <span class='ocrx_word' id='word_1_190' title='bbox 3022 1116 3139 1155; x_wconf 79' lang='lat' dir='ltr'><strong>sum</strong></span> <span class='ocrx_word' id='word_1_191' title='bbox 3183 1106 3400 1177; x_wconf 76' lang='lat' dir='ltr'><strong>missus,</strong></span> <span class='ocrx_word' id='word_1_192' title='bbox 3436 1112 3542 1167; x_wconf 73' lang='lat' dir='ltr'><strong>nisi</strong></span> 
     </span>
    </p>
   </div>
   <div class='ocr_carea' id='block_1_26' title="bbox 1952 1163 3535 1263">
    <p class='ocr_par' dir='ltr' id='par_1_26' title="bbox 1952 1163 3535 1263">
     <span class='ocr_line' id='line_1_27' title="bbox 1952 1163 3535 1263; baseline 0.027 -47"><span class='ocrx_word' id='word_1_193' title='bbox 1952 1163 2024 1217; x_wconf 87' lang='lat' dir='ltr'><strong>ad</strong></span> <span class='ocrx_word' id='word_1_194' title='bbox 2071 1181 2190 1222; x_wconf 74' lang='lat' dir='ltr'><strong>oves</strong></span> <span class='ocrx_word' id='word_1_195' title='bbox 2241 1185 2359 1240; x_wconf 78' lang='lat' dir='ltr'><strong>qua:</strong></span> <span class='ocrx_word' id='word_1_196' title='bbox 2411 1176 2681 1242; x_wconf 82' lang='lat' dir='ltr'><strong>perierunt</strong></span> <span class='ocrx_word' id='word_1_197' title='bbox 2719 1182 2909 1240; x_wconf 78' lang='lat' dir='ltr'><strong>domus</strong></span> <span class='ocrx_word' id='word_1_198' title='bbox 2963 1187 3183 1249; x_wconf 72' lang='lat' dir='ltr'><strong>Israel?</strong></span> <span class='ocrx_word' id='word_1_199' title='bbox 3231 1163 3535 1263; x_wconf 45' lang='lat' dir='ltr'><strong>Quid&#39;ait:</strong></span> 
     </span>
    </p>
   </div>
   <div class='ocr_carea' id='block_1_27' title="bbox 1954 1253 3539 1349">
    <p class='ocr_par' dir='ltr' id='par_1_27' title="bbox 1954 1253 3539 1349">
     <span class='ocr_line' id='line_1_28' title="bbox 1954 1253 3539 1349; baseline 0.025 -40"><span class='ocrx_word' id='word_1_200' title='bbox 1954 1253 2000 1310; x_wconf 88' lang='lat'><em>0</em></span> <span class='ocrx_word' id='word_1_201' title='bbox 2033 1257 2224 1349; x_wconf 78' lang='lat' dir='ltr'><strong>mulier</strong></span> <span class='ocrx_word' id='word_1_202' title='bbox 2255 1260 2424 1330; x_wconf 82' lang='lat' dir='ltr'><strong>(Ibid.</strong></span> <span class='ocrx_word' id='word_1_203' title='bbox 2443 1264 2535 1340; x_wconf 70' lang='lat' dir='ltr'><strong>es)</strong></span> <span class='ocrx_word' id='word_1_204' title='bbox 2560 1268 2572 1322; x_wconf 74' lang='grc' dir='ltr'><strong>ι</strong></span> <span class='ocrx_word' id='word_1_205' title='bbox 2602 1268 2745 1336; x_wconf 82' lang='lat' dir='ltr'><strong>Quid</strong></span> <span class='ocrx_word' id='word_1_206' title='bbox 2774 1283 2856 1331; x_wconf 90' lang='lat' dir='ltr'><strong>cst</strong></span> <span class='ocrx_word' id='word_1_207' title='bbox 2878 1277 3017 1335; x_wconf 85' lang='lat' dir='ltr'><strong>hoc?</strong></span> <span class='ocrx_word' id='word_1_208' title='bbox 3038 1253 3293 1341; x_wconf 63' lang='lat' dir='ltr'><strong>laudaro}</strong></span> <span class='ocrx_word' id='word_1_209' title='bbox 3311 1253 3539 1349; x_wconf 46' lang='lat' dir='ltr'><strong>erant</strong></span> 
     </span>
    </p>
   </div>
   <div class='ocr_carea' id='block_1_28' title="bbox 1948 1348 3538 1451">
    <p class='ocr_par' dir='ltr' id='par_1_28' title="bbox 1948 1348 3538 1451">
     <span class='ocr_line' id='line_1_29' title="bbox 1948 1348 3538 1451; baseline 0.027 -50"><span class='ocrx_word' id='word_1_210' title='bbox 1948 1348 2055 1402; x_wconf 82' lang='lat' dir='ltr'><strong>es?</strong></span> <span class='ocrx_word' id='word_1_211' title='bbox 2096 1352 2386 1411; x_wconf 83' lang='lat' dir='ltr'><strong>mulierem</strong></span> <span class='ocrx_word' id='word_1_212' title='bbox 2413 1362 2725 1429; x_wconf 75' lang='lat' dir='ltr'><strong>praedicas?</strong></span> <span class='ocrx_word' id='word_1_213' title='bbox 2757 1382 2826 1423; x_wconf 88' lang='lat' dir='ltr'><strong>an</strong></span> <span class='ocrx_word' id='word_1_214' title='bbox 2878 1386 2987 1428; x_wconf 90' lang='lat' dir='ltr'><strong>non</strong></span> <span class='ocrx_word' id='word_1_215' title='bbox 3036 1391 3156 1433; x_wconf 89' lang='lat' dir='ltr'><strong>eam</strong></span> <span class='ocrx_word' id='word_1_216' title='bbox 3195 1384 3413 1451; x_wconf 76' lang='lat' dir='ltr'><strong>probris</strong></span> <span class='ocrx_word' id='word_1_217' title='bbox 3450 1389 3538 1443; x_wconf 73' lang='lat' dir='ltr'><strong>in~</strong></span> 
     </span>
    </p>
   </div>
   <div class='ocr_carea' id='block_1_29' title="bbox 1948 1440 3534 1550">
    <p class='ocr_par' dir='ltr' id='par_1_29' title="bbox 1948 1440 3534 1550">
     <span class='ocr_line' id='line_1_30' title="bbox 1948 1440 3534 1550; baseline 0.029 -59"><span class='ocrx_word' id='word_1_218' title='bbox 1948 1440 2255 1497; x_wconf 83' lang='lat' dir='ltr'><strong>cessebas?</strong></span> <span class='ocrx_word' id='word_1_219' title='bbox 2287 1462 2358 1503; x_wconf 88' lang='lat' dir='ltr'><strong>an</strong></span> <span class='ocrx_word' id='word_1_220' title='bbox 2402 1464 2513 1507; x_wconf 84' lang='lat' dir='ltr'><strong>non</strong></span> <span class='ocrx_word' id='word_1_221' title='bbox 2566 1451 2979 1520; x_wconf 85' lang='lat' dir='ltr'><strong>inscctabaris?</strong></span> <span class='ocrx_word' id='word_1_222' title='bbox 3033 1440 3273 1541; x_wconf 62' lang='lat' dir='ltr'><strong>idcirco,</strong></span> <span class='ocrx_word' id='word_1_223' title='bbox 3332 1476 3534 1550; x_wconf 86' lang='lat' dir='ltr'><strong>inquit,</strong></span> 
     </span>
    </p>
   </div>
   <div class='ocr_carea' id='block_1_30' title="bbox 1948 1532 3529 1643">
    <p class='ocr_par' dir='ltr' id='par_1_30' title="bbox 1948 1532 3529 1643">
     <span class='ocr_line' id='line_1_31' title="bbox 1948 1532 3529 1643; baseline 0.027 -57"><span class='ocrx_word' id='word_1_224' title='bbox 1948 1532 2286 1594; x_wconf 82' lang='lat' dir='ltr'><strong>insectahar.</strong></span> <span class='ocrx_word' id='word_1_225' title='bbox 2322 1540 2460 1599; x_wconf 84' lang='lat' dir='ltr'><strong>Nam</strong></span> <span class='ocrx_word' id='word_1_226' title='bbox 2500 1546 2547 1602; x_wconf 87' lang='lat' dir='ltr'><strong>si</strong></span> <span class='ocrx_word' id='word_1_227' title='bbox 2586 1552 2777 1608; x_wconf 88' lang='lat' dir='ltr'><strong>statim</strong></span> <span class='ocrx_word' id='word_1_228' title='bbox 2823 1570 2945 1612; x_wconf 85' lang='lat' dir='ltr'><strong>eam</strong></span> <span class='ocrx_word' id='word_1_229' title='bbox 2980 1562 3206 1621; x_wconf 87' lang='lat' dir='ltr'><strong>missam</strong></span> <span class='ocrx_word' id='word_1_230' title='bbox 3255 1532 3529 1643; x_wconf 67' lang='lat' dir='ltr'><strong>fecissem,</strong></span> 
     </span>
    </p>
   </div>
   <div class='ocr_carea' id='block_1_31' title="bbox 1947 1624 3533 1727">
    <p class='ocr_par' dir='ltr' id='par_1_31' title="bbox 1947 1624 3533 1727">
     <span class='ocr_line' id='line_1_32' title="bbox 1947 1624 3533 1727; baseline 0.03 -47"><span class='ocrx_word' id='word_1_231' title='bbox 1947 1624 2120 1696; x_wconf 85' lang='lat' dir='ltr'><strong>ipsius</strong></span> <span class='ocrx_word' id='word_1_232' title='bbox 2181 1631 2340 1690; x_wconf 79' lang='lat' dir='ltr'><strong>ﬁdem</strong></span> <span class='ocrx_word' id='word_1_233' title='bbox 2403 1638 2631 1700; x_wconf 86' lang='lat' dir='ltr'><strong>minime</strong></span> <span class='ocrx_word' id='word_1_234' title='bbox 2694 1660 3040 1721; x_wconf 77' lang='lat' dir='ltr'><strong>perspectam</strong></span> <span class='ocrx_word' id='word_1_235' title='bbox 3098 1658 3416 1725; x_wconf 78' lang='lat' dir='ltr'><strong>habuisses.</strong></span> <span class='ocrx_word' id='word_1_236' title='bbox 3473 1668 3533 1727; x_wconf 90' lang='lat' dir='ltr'><strong>Si</strong></span> 
     </span>
    </p>
   </div>
   <div class='ocr_carea' id='block_1_32' title="bbox 1942 1720 3529 1818">
    <p class='ocr_par' dir='ltr' id='par_1_32' title="bbox 1942 1720 3529 1818">
     <span class='ocr_line' id='line_1_33' title="bbox 1942 1720 3529 1818; baseline 0.027 -45"><span class='ocrx_word' id='word_1_237' title='bbox 1942 1720 2129 1775; x_wconf 88' lang='lat' dir='ltr'><strong>statim</strong></span> <span class='ocrx_word' id='word_1_238' title='bbox 2159 1726 2485 1797; x_wconf 77' lang='lat' dir='ltr'><strong>accepisset,</strong></span> <span class='ocrx_word' id='word_1_239' title='bbox 2517 1733 2709 1802; x_wconf 85' lang='lat' dir='ltr'><strong>pedem</strong></span> <span class='ocrx_word' id='word_1_240' title='bbox 2734 1720 3036 1814; x_wconf 85' lang='lat' dir='ltr'><strong>retulisset,</strong></span> <span class='ocrx_word' id='word_1_241' title='bbox 3074 1763 3176 1807; x_wconf 85' lang='lat' dir='ltr'><strong>nec</strong></span> <span class='ocrx_word' id='word_1_242' title='bbox 3207 1756 3529 1818; x_wconf 72' lang='lat' dir='ltr'><strong>thesaurum</strong></span> 
     </span>
    </p>
   </div>
   <div class='ocr_carea' id='block_1_33' title="bbox 1943 1808 3526 1911">
    <p class='ocr_par' dir='ltr' id='par_1_33' title="bbox 1943 1808 3526 1911">
     <span class='ocr_line' id='line_1_34' title="bbox 1943 1808 3526 1911; baseline 0.032 -51"><span class='ocrx_word' id='word_1_243' title='bbox 1943 1808 2117 1879; x_wconf 86' lang='lat' dir='ltr'><strong>ipsius</strong></span> <span class='ocrx_word' id='word_1_244' title='bbox 2166 1818 2541 1887; x_wconf 76' lang='lat' dir='ltr'><strong>cogno&#39;visses.</strong></span> <span class='ocrx_word' id='word_1_245' title='bbox 2596 1825 2727 1884; x_wconf 85' lang='lat' dir='ltr'><strong>Ideo</strong></span> <span class='ocrx_word' id='word_1_246' title='bbox 2779 1831 2913 1891; x_wconf 86' lang='lat' dir='ltr'><strong>dare</strong></span> <span class='ocrx_word' id='word_1_247' title='bbox 2964 1808 3194 1911; x_wconf 84' lang='lat' dir='ltr'><strong>distuli,</strong></span> <span class='ocrx_word' id='word_1_248' title='bbox 3252 1858 3309 1903; x_wconf 88' lang='lat' dir='ltr'><strong>ut</strong></span> <span class='ocrx_word' id='word_1_249' title='bbox 3367 1852 3526 1909; x_wconf 81' lang='lat' dir='ltr'><strong>ﬁdem</strong></span> 
     </span>
    </p>
   </div>
   <div class='ocr_carea' id='block_1_34' title="bbox 250 1886 1820 2001">
    <p class='ocr_par' dir='ltr' id='par_1_34' title="bbox 250 1886 1820 1972">
     <span class='ocr_line' id='line_1_35' title="bbox 250 1886 1820 1972; baseline 0.009 -30"><span class='ocrx_word' id='word_1_250' title='bbox 250 1886 349 1944; x_wconf 76' lang='grc' dir='ltr'><strong>καί</strong></span> <span class='ocrx_word' id='word_1_251' title='bbox 384 1888 651 1960; x_wconf 81' lang='grc' dir='ltr'>ήδιάνοιά</span> <span class='ocrx_word' id='word_1_252' title='bbox 679 1908 774 1946; x_wconf 90' lang='grc' dir='ltr'><strong>σου</strong></span> <span class='ocrx_word' id='word_1_253' title='bbox 806 1893 1034 1966; x_wconf 72' lang='grc' dir='ltr'>ἠρίθμει</span> <span class='ocrx_word' id='word_1_254' title='bbox 1074 1893 1205 1961; x_wconf 82' lang='grc' dir='ltr'>τοὺς</span> <span class='ocrx_word' id='word_1_255' title='bbox 1242 1895 1464 1967; x_wconf 79' lang='grc' dir='ltr'><strong>τόκους,</strong></span> <span class='ocrx_word' id='word_1_256' title='bbox 1501 1902 1820 1972; x_wconf 84' lang='grc' dir='ltr'>συμϐόλαια.</span> 
     </span>
    </p>
   </div>
   <div class='ocr_carea' id='block_1_35' title="bbox 1924 1886 3529 2001">
    <p class='ocr_par' dir='ltr' id='par_1_35' title="bbox 1941 1886 3529 2001">
     <span class='ocr_line' id='line_1_36' title="bbox 2250 1886 3526 1909; baseline 0.034 -43"><span class='ocrx_word' id='word_1_257' title='bbox 2250 1886 2255 1887; x_wconf 21' lang='lat'><em>7</em></span> <span class='ocrx_word' id='word_1_258' title='bbox 2860 1886 2869 1887; x_wconf 32' lang='grc' dir='ltr'><em>κ</em></span> <span class='ocrx_word' id='word_1_259' title='bbox 2889 1886 2909 1891; x_wconf 48' lang='grc' dir='ltr'><strong>τ</strong></span> <span class='ocrx_word' id='word_1_260' title='bbox 2968 1886 3151 1896; x_wconf 58' lang='grc' dir='ltr'><strong>..-υννηι</strong></span> <span class='ocrx_word' id='word_1_261' title='bbox 3254 1886 3309 1903; x_wconf 73' lang='grc' dir='ltr'><strong>ιι.</strong></span> <span class='ocrx_word' id='word_1_262' title='bbox 3367 1886 3526 1909; x_wconf 75' lang='lat' dir='ltr'><strong>uuczll</strong></span> 
     </span>
     <span class='ocr_line' id='line_1_37' title="bbox 1941 1886 3529 2001; baseline 0.032 -49"><span class='ocrx_word' id='word_1_263' title='bbox 1941 1900 2115 1972; x_wconf 87' lang='lat' dir='ltr'><strong>ipsius</strong></span> <span class='ocrx_word' id='word_1_264' title='bbox 2185 1918 2551 1971; x_wconf 67' lang='lat' dir='ltr'><strong>omentarem.</strong></span> <span class='ocrx_word' id='word_1_265' title='bbox 2605 1917 2649 1975; x_wconf 88' lang='lat'><em>0</em></span> <span class='ocrx_word' id='word_1_266' title='bbox 2683 1922 2910 1984; x_wconf 65' lang='lat' dir='ltr'><strong>naulier.’</strong></span> <span class='ocrx_word' id='word_1_267' title='bbox 2951 1929 3093 1989; x_wconf 87' lang='lat' dir='ltr'><strong>Deus</strong></span> <span class='ocrx_word' id='word_1_268' title='bbox 3127 1886 3260 1994; x_wconf 60' lang='lat' dir='ltr'><strong>di’cit</strong></span> <span class='ocrx_word' id='word_1_269' title='bbox 3292 1960 3307 1996; x_wconf 92' lang='lat'><strong>:</strong></span> <span class='ocrx_word' id='word_1_270' title='bbox 3342 1942 3387 2000; x_wconf 92' lang='lat'><em>0</em></span> <span class='ocrx_word' id='word_1_271' title='bbox 3411 1963 3529 2001; x_wconf 79' lang='lat' dir='ltr'><strong>mu-</strong></span> 
     </span>
    </p>
   </div>
   <div class='ocr_carea' id='block_1_36' title="bbox 250 1980 1836 2066">
    <p class='ocr_par' dir='ltr' id='par_1_36' title="bbox 250 1980 1836 2066">
     <span class='ocr_line' id='line_1_38' title="bbox 250 1980 1836 2066; baseline 0.011 -32"><span class='ocrx_word' id='word_1_272' title='bbox 250 1980 700 2053; x_wconf 83' lang='grc' dir='ltr'>συναλλάγματα,</span> <span class='ocrx_word' id='word_1_273' title='bbox 730 1986 934 2057; x_wconf 81' lang='grc' dir='ltr'><strong>χωρία,</strong></span> <span class='ocrx_word' id='word_1_274' title='bbox 992 1988 1272 2060; x_wconf 83' lang='grc' dir='ltr'>κτήματα.</span> <span class='ocrx_word' id='word_1_275' title='bbox 1321 1992 1383 2046; x_wconf 87' lang='grc'><strong>’0</strong></span> <span class='ocrx_word' id='word_1_276' title='bbox 1440 1992 1550 2066; x_wconf 83' lang='grc' dir='ltr'>γὰρ</span> <span class='ocrx_word' id='word_1_277' title='bbox 1587 1993 1836 2061; x_wconf 88' lang='grc' dir='ltr'>διάϐολος</span> 
     </span>
    </p>
   </div>
   <div class='ocr_carea' id='block_1_37' title="bbox 249 2075 1835 2161">
    <p class='ocr_par' dir='ltr' id='par_1_37' title="bbox 249 2075 1835 2161">
     <span class='ocr_line' id='line_1_39' title="bbox 249 2075 1835 2161; baseline 0.009 -32"><span class='ocrx_word' id='word_1_278' title='bbox 249 2075 489 2148; x_wconf 83' lang='grc' dir='ltr'>πονηρὸς</span> <span class='ocrx_word' id='word_1_279' title='bbox 532 2076 629 2146; x_wconf 82' lang='grc' dir='ltr'>ὢν,</span> <span class='ocrx_word' id='word_1_280' title='bbox 659 2080 754 2133; x_wconf 79' lang='grc' dir='ltr'>καὶ</span> <span class='ocrx_word' id='word_1_281' title='bbox 783 2078 941 2146; x_wconf 81' lang='grc' dir='ltr'>εἰδὼς</span> <span class='ocrx_word' id='word_1_282' title='bbox 970 2081 1056 2136; x_wconf 82' lang='grc' dir='ltr'><strong>ὅτι</strong></span> <span class='ocrx_word' id='word_1_283' title='bbox 1086 2083 1146 2136; x_wconf 79' lang='grc' dir='ltr'><strong>έν</strong></span> <span class='ocrx_word' id='word_1_284' title='bbox 1190 2084 1372 2158; x_wconf 84' lang='grc' dir='ltr'>καιρῷ</span> <span class='ocrx_word' id='word_1_285' title='bbox 1405 2086 1575 2159; x_wconf 83' lang='grc' dir='ltr'>εὐχῆς</span> <span class='ocrx_word' id='word_1_286' title='bbox 1617 2088 1835 2161; x_wconf 76' lang='grc' dir='ltr'>μεγάλα</span> 
     </span>
    </p>
   </div>
   <div class='ocr_carea' id='block_1_38' title="bbox 245 2167 1832 2249">
    <p class='ocr_par' dir='ltr' id='par_1_38' title="bbox 245 2167 1832 2249">
     <span class='ocr_line' id='line_1_40' title="bbox 245 2167 1832 2249; baseline 0.009 -28"><span class='ocrx_word' id='word_1_287' title='bbox 245 2167 506 2240; x_wconf 83' lang='grc' dir='ltr'>άνύομεν,</span> <span class='ocrx_word' id='word_1_288' title='bbox 537 2169 659 2225; x_wconf 88' lang='grc' dir='ltr'>τότε</span> <span class='ocrx_word' id='word_1_289' title='bbox 690 2171 1004 2244; x_wconf 76' lang='grc' dir='ltr'>ἐπέρχεται.</span> <span class='ocrx_word' id='word_1_290' title='bbox 1041 2173 1312 2239; x_wconf 80' lang='grc' dir='ltr'><strong>Πολλάκις</strong></span> <span class='ocrx_word' id='word_1_291' title='bbox 1351 2176 1589 2249; x_wconf 83' lang='grc' dir='ltr'>κείμεθα</span> <span class='ocrx_word' id='word_1_292' title='bbox 1619 2178 1832 2249; x_wconf 84' lang='grc' dir='ltr'>ῦπτιοι,</span> 
     </span>
    </p>
   </div>
   <div class='ocr_carea' id='block_1_39' title="bbox 247 2260 1833 2344">
    <p class='ocr_par' dir='ltr' id='par_1_39' title="bbox 247 2260 1833 2344">
     <span class='ocr_line' id='line_1_41' title="bbox 247 2260 1833 2344; baseline 0.008 -30"><span class='ocrx_word' id='word_1_293' title='bbox 247 2260 345 2314; x_wconf 77' lang='grc' dir='ltr'>καὶ</span> <span class='ocrx_word' id='word_1_294' title='bbox 371 2262 525 2317; x_wconf 74' lang='grc' dir='ltr'>οὐδὲν</span> <span class='ocrx_word' id='word_1_295' title='bbox 556 2261 907 2337; x_wconf 80' lang='grc' dir='ltr'>λογιζόμεθα,</span> <span class='ocrx_word' id='word_1_296' title='bbox 949 2265 1046 2321; x_wconf 70' lang='grc' dir='ltr'><strong>καὶ</strong></span> <span class='ocrx_word' id='word_1_297' title='bbox 1074 2269 1101 2321; x_wconf 88' lang='grc' dir='ltr'><strong>ό</strong></span> <span class='ocrx_word' id='word_1_298' title='bbox 1144 2266 1270 2332; x_wconf 86' lang='grc' dir='ltr'>νοῦς</span> <span class='ocrx_word' id='word_1_299' title='bbox 1302 2269 1522 2341; x_wconf 72' lang='grc' dir='ltr'>ἠρεμεῖ.</span> <span class='ocrx_word' id='word_1_300' title='bbox 1553 2270 1833 2344; x_wconf 82' lang='grc' dir='ltr'>Ἤλθομεν</span> 
     </span>
    </p>
   </div>
   <div class='ocr_carea' id='block_1_40' title="bbox 245 2352 1831 2437">
    <p class='ocr_par' dir='ltr' id='par_1_40' title="bbox 245 2352 1831 2437">
     <span class='ocr_line' id='line_1_42' title="bbox 245 2352 1831 2437; baseline 0.008 -29"><span class='ocrx_word' id='word_1_301' title='bbox 245 2352 527 2422; x_wconf 77' lang='grc' dir='ltr'>εὔξασθαι,</span> <span class='ocrx_word' id='word_1_302' title='bbox 554 2358 647 2412; x_wconf 80' lang='grc' dir='ltr'>καὶ</span> <span class='ocrx_word' id='word_1_303' title='bbox 670 2359 854 2430; x_wconf 84' lang='grc' dir='ltr'>μυρίοι</span> <span class='ocrx_word' id='word_1_304' title='bbox 886 2358 1145 2432; x_wconf 58' lang='grc' dir='ltr'><strong>λογισμοὶ⁸</strong></span> <span class='ocrx_word' id='word_1_305' title='bbox 1169 2360 1523 2434; x_wconf 74' lang='grc' dir='ltr'>ἐπέρχονται,</span> <span class='ocrx_word' id='word_1_306' title='bbox 1556 2364 1645 2419; x_wconf 77' lang='grc' dir='ltr'><strong>ἵνα</strong></span> <span class='ocrx_word' id='word_1_307' title='bbox 1677 2366 1831 2437; x_wconf 78' lang='grc' dir='ltr'>ἡμᾶς</span> 
     </span>
    </p>
   </div>
   <div class='ocr_carea' id='block_1_41' title="bbox 242 2446 1829 2529">
    <p class='ocr_par' dir='ltr' id='par_1_41' title="bbox 242 2446 1829 2529">
     <span class='ocr_line' id='line_1_43' title="bbox 242 2446 1829 2529; baseline 0.008 -29"><span class='ocrx_word' id='word_1_308' title='bbox 242 2446 449 2519; x_wconf 77' lang='grc' dir='ltr'>ἐκϐάλῃ</span> <span class='ocrx_word' id='word_1_309' title='bbox 484 2448 698 2514; x_wconf 83' lang='grc' dir='ltr'>κενούς.</span> <span class='ocrx_word' id='word_1_310' title='bbox 718 2448 907 2505; x_wconf 89' lang='grc' dir='ltr'>Ταῦτα</span> <span class='ocrx_word' id='word_1_311' title='bbox 939 2450 1097 2519; x_wconf 83' lang='grc' dir='ltr'>είδὼς</span> <span class='ocrx_word' id='word_1_312' title='bbox 1126 2455 1185 2508; x_wconf 86' lang='grc' dir='ltr'>ὲν</span> <span class='ocrx_word' id='word_1_313' title='bbox 1209 2457 1330 2518; x_wconf 80' lang='grc' dir='ltr'>ταῖς</span> <span class='ocrx_word' id='word_1_314' title='bbox 1353 2455 1564 2527; x_wconf 80' lang='grc' dir='ltr'><strong>εὐχαῖς,</strong></span> <span class='ocrx_word' id='word_1_315' title='bbox 1590 2458 1829 2529; x_wconf 79' lang='grc' dir='ltr'>γίνωσκε</span> 
     </span>
    </p>
   </div>
   <div class='ocr_carea' id='block_1_42' title="bbox 241 2539 1827 2621">
    <p class='ocr_par' dir='ltr' id='par_1_42' title="bbox 241 2539 1827 2621">
     <span class='ocr_line' id='line_1_44' title="bbox 241 2539 1827 2621; baseline 0.008 -30"><span class='ocrx_word' id='word_1_316' title='bbox 241 2539 344 2609; x_wconf 82' lang='grc' dir='ltr'>τὴν</span> <span class='ocrx_word' id='word_1_317' title='bbox 373 2539 710 2595; x_wconf 76' lang='grc' dir='ltr'>Χαναναίαν.</span> <span class='ocrx_word' id='word_1_318' title='bbox 771 2540 911 2598; x_wconf 85' lang='grc' dir='ltr'><strong>Ἀλλ’</strong></span> <span class='ocrx_word' id='word_1_319' title='bbox 941 2542 1044 2596; x_wconf 80' lang='grc' dir='ltr'>οὐκ</span> <span class='ocrx_word' id='word_1_320' title='bbox 1088 2541 1235 2614; x_wconf 81' lang='grc' dir='ltr'>ἔχεις</span> <span class='ocrx_word' id='word_1_321' title='bbox 1271 2544 1547 2618; x_wconf 79' lang='grc' dir='ltr'><strong>θυγατέρα</strong></span> <span class='ocrx_word' id='word_1_322' title='bbox 1576 2546 1827 2621; x_wconf 77' lang='grc' dir='ltr'>δαιμονι-</span> 
     </span>
    </p>
   </div>
   <div class='ocr_carea' id='block_1_43' title="bbox 241 2627 1826 2713">
    <p class='ocr_par' dir='ltr' id='par_1_43' title="bbox 241 2627 1826 2713">
     <span class='ocr_line' id='line_1_45' title="bbox 241 2627 1826 2713; baseline 0.008 -29"><span class='ocrx_word' id='word_1_323' title='bbox 241 2631 499 2705; x_wconf 79' lang='grc' dir='ltr'>ζομένην.</span> <span class='ocrx_word' id='word_1_324' title='bbox 555 2633 621 2688; x_wconf 90' lang='grc' dir='ltr'>Τί</span> <span class='ocrx_word' id='word_1_325' title='bbox 652 2627 806 2692; x_wconf 75' lang='grc' dir='ltr'>εἶπεν</span> <span class='ocrx_word' id='word_1_326' title='bbox 853 2635 1234 2708; x_wconf 77' lang='grc' dir='ltr'>ήΧαναναίας</span> <span class='ocrx_word' id='word_1_327' title='bbox 1291 2637 1589 2708; x_wconf 79' lang='grc' dir='ltr'>Ἐλέησόν</span> <span class='ocrx_word' id='word_1_328' title='bbox 1624 2657 1703 2712; x_wconf 81' lang='grc' dir='ltr'><strong>με</strong></span> <span class='ocrx_word' id='word_1_329' title='bbox 1727 2660 1741 2672; x_wconf 88' lang='grc'>·</span> <span class='ocrx_word' id='word_1_330' title='bbox 1786 2645 1826 2713; x_wconf 80' lang='grc' dir='ltr'>ἡ</span> 
     </span>
    </p>
   </div>
   <div class='ocr_carea' id='block_1_44' title="bbox 239 2724 1826 2803">
    <p class='ocr_par' dir='ltr' id='par_1_44' title="bbox 239 2724 1826 2803">
     <span class='ocr_line' id='line_1_46' title="bbox 239 2724 1826 2803; baseline 0.005 -22"><span class='ocrx_word' id='word_1_331' title='bbox 239 2724 505 2797; x_wconf 74' lang='grc' dir='ltr'>θυγάτηρ</span> <span class='ocrx_word' id='word_1_332' title='bbox 533 2744 655 2799; x_wconf 81' lang='grc' dir='ltr'><strong>μου</strong></span> <span class='ocrx_word' id='word_1_333' title='bbox 684 2728 885 2797; x_wconf 78' lang='grc' dir='ltr'>κακῶς</span> <span class='ocrx_word' id='word_1_334' title='bbox 918 2729 1339 2802; x_wconf 82' lang='grc' dir='ltr'>δαιμονίζεται.</span> <span class='ocrx_word' id='word_1_335' title='bbox 1396 2733 1592 2803; x_wconf 80' lang='grc' dir='ltr'>Μέγας</span> <span class='ocrx_word' id='word_1_336' title='bbox 1639 2736 1669 2789; x_wconf 84' lang='grc' dir='ltr'>ὀ</span> <span class='ocrx_word' id='word_1_337' title='bbox 1714 2736 1826 2791; x_wconf 83' lang='grc' dir='ltr'>δαί-</span> 
     </span>
    </p>
   </div>
   <div class='ocr_carea' id='block_1_45' title="bbox 242 2820 1824 2902">
    <p class='ocr_par' dir='ltr' id='par_1_45' title="bbox 242 2820 1824 2902">
     <span class='ocr_line' id='line_1_47' title="bbox 242 2820 1824 2902; baseline 0.008 -30"><span class='ocrx_word' id='word_1_338' title='bbox 242 2835 384 2890; x_wconf 89' lang='grc' dir='ltr'>μων,</span> <span class='ocrx_word' id='word_1_339' title='bbox 418 2820 703 2895; x_wconf 74' lang='grc' dir='ltr'>ἀιμαρτίαο</span> <span class='ocrx_word' id='word_1_340' title='bbox 729 2823 759 2877; x_wconf 77' lang='grc' dir='ltr'>ὁ</span> <span class='ocrx_word' id='word_1_341' title='bbox 812 2822 1110 2896; x_wconf 78' lang='grc' dir='ltr'>δαιμονιῶν</span> <span class='ocrx_word' id='word_1_342' title='bbox 1142 2824 1395 2891; x_wconf 75' lang='grc' dir='ltr'>έλεετται,</span> <span class='ocrx_word' id='word_1_343' title='bbox 1423 2828 1454 2882; x_wconf 91' lang='grc' dir='ltr'><strong>ό</strong></span> <span class='ocrx_word' id='word_1_344' title='bbox 1491 2828 1824 2902; x_wconf 79' lang='grc' dir='ltr'>ἁμαρτάνων</span> 
     </span>
    </p>
   </div>
   <div class='ocr_carea' id='block_1_46' title="bbox 239 2914 1824 2995">
    <p class='ocr_par' dir='ltr' id='par_1_46' title="bbox 239 2914 1824 2995">
     <span class='ocr_line' id='line_1_48' title="bbox 239 2914 1824 2995; baseline 0.008 -30"><span class='ocrx_word' id='word_1_345' title='bbox 239 2915 504 2983; x_wconf 82' lang='grc' dir='ltr'>μισεῖται.</span> <span class='ocrx_word' id='word_1_346' title='bbox 540 2915 780 2981; x_wconf 80' lang='grc' dir='ltr'>Ἐκεῖνος</span> <span class='ocrx_word' id='word_1_347' title='bbox 799 2916 1135 2991; x_wconf 83' lang='grc' dir='ltr'>συγγνώμην</span> <span class='ocrx_word' id='word_1_348' title='bbox 1167 2918 1304 2992; x_wconf 74' lang='grc' dir='ltr'>ἔχει,</span> <span class='ocrx_word' id='word_1_349' title='bbox 1336 2914 1495 2987; x_wconf 76' lang='grc' dir='ltr'>οὗτος</span> <span class='ocrx_word' id='word_1_350' title='bbox 1519 2922 1824 2995; x_wconf 83' lang='grc' dir='ltr'>ἀπολογίας</span> 
     </span>
    </p>
   </div>
   <div class='ocr_carea' id='block_1_47' title="bbox 234 3006 1823 3089">
    <p class='ocr_par' dir='ltr' id='par_1_47' title="bbox 234 3006 1823 3089">
     <span class='ocr_line' id='line_1_49' title="bbox 234 3006 1823 3089; baseline 0.008 -29"><span class='ocrx_word' id='word_1_351' title='bbox 234 3006 555 3081; x_wconf 75' lang='grc' dir='ltr'>έστέρηται.</span> <span class='ocrx_word' id='word_1_352' title='bbox 601 3008 894 3079; x_wconf 75' lang='grc' dir='ltr'>Ἐλέησόν</span> <span class='ocrx_word' id='word_1_353' title='bbox 933 3029 1009 3089; x_wconf 76' lang='grc' dir='ltr'><strong>με</strong></span> <span class='ocrx_word' id='word_1_354' title='bbox 1037 3013 1254 3085; x_wconf 76' lang='grc' dir='ltr'>’βραχὺ</span> <span class='ocrx_word' id='word_1_355' title='bbox 1287 3012 1348 3067; x_wconf 85' lang='grc' dir='ltr'><strong>τὸ</strong></span> <span class='ocrx_word' id='word_1_356' title='bbox 1391 3015 1564 3087; x_wconf 77' lang='grc' dir='ltr'>ῥῆμα,</span> <span class='ocrx_word' id='word_1_357' title='bbox 1595 3015 1694 3072; x_wconf 72' lang='grc' dir='ltr'>καὶ</span> <span class='ocrx_word' id='word_1_358' title='bbox 1726 3018 1823 3072; x_wconf 81' lang='grc' dir='ltr'>πέ-</span> 
     </span>
    </p>
   </div>
   <div class='ocr_carea' id='block_1_48' title="bbox 1939 1992 3523 2096">
    <p class='ocr_par' dir='ltr' id='par_1_48' title="bbox 1939 1992 3523 2096">
     <span class='ocr_line' id='line_1_50' title="bbox 1939 1992 3523 2096; baseline 0.032 -51"><span class='ocrx_word' id='word_1_359' title='bbox 1939 1992 2076 2096; x_wconf 63' lang='lat' dir='ltr'><strong>tier!</strong></span> <span class='ocrx_word' id='word_1_360' title='bbox 2099 1997 2329 2056; x_wconf 85' lang='lat' dir='ltr'><strong>audiant</strong></span> <span class='ocrx_word' id='word_1_361' title='bbox 2354 2007 2448 2076; x_wconf 91' lang='lat' dir='ltr'><strong>qui</strong></span> <span class='ocrx_word' id='word_1_362' title='bbox 2488 2009 2750 2070; x_wconf 80' lang='lat' dir='ltr'><strong>illiberali</strong></span> <span class='ocrx_word' id='word_1_363' title='bbox 2798 2017 2984 2077; x_wconf 85' lang='lat' dir='ltr'><strong>animo</strong></span> <span class='ocrx_word' id='word_1_364' title='bbox 3030 1992 3523 2096; x_wconf 32' lang='lat' dir='ltr'><strong>precantu-ritlnvm</strong></span> 
     </span>
    </p>
   </div>
   <div class='ocr_carea' id='block_1_49' title="bbox 1937 2084 3526 2203">
    <p class='ocr_par' dir='ltr' id='par_1_49' title="bbox 1937 2084 3526 2203">
     <span class='ocr_line' id='line_1_51' title="bbox 1937 2084 3526 2203; baseline 0.033 -63"><span class='ocrx_word' id='word_1_365' title='bbox 1937 2084 2149 2203; x_wconf 65' lang='lat' dir='ltr'><strong>dixero,</strong></span> <span class='ocrx_word' id='word_1_366' title='bbox 2181 2091 2353 2151; x_wconf 87' lang='lat' dir='ltr'><strong>Deum</strong></span> <span class='ocrx_word' id='word_1_367' title='bbox 2387 2114 2542 2173; x_wconf 84' lang='lat' dir='ltr'><strong>roga,</strong></span> <span class='ocrx_word' id='word_1_368' title='bbox 2574 2119 2673 2161; x_wconf 87' lang='lat' dir='ltr'><strong>ora</strong></span> <span class='ocrx_word' id='word_1_369' title='bbox 2703 2122 2856 2178; x_wconf 91' lang='lat' dir='ltr'><strong>eum,</strong></span> <span class='ocrx_word' id='word_1_370' title='bbox 2889 2120 3140 2189; x_wconf 86' lang='lat' dir='ltr'><strong>supplica</strong></span> <span class='ocrx_word' id='word_1_371' title='bbox 3171 2126 3257 2196; x_wconf 89' lang='lat' dir='ltr'><strong>ei;</strong></span> <span class='ocrx_word' id='word_1_372' title='bbox 3292 2144 3526 2203; x_wconf 66' lang='lat' dir='ltr'><strong>respono</strong></span> 
     </span>
    </p>
   </div>
   <div class='ocr_carea' id='block_1_50' title="bbox 1934 2178 3524 2287">
    <p class='ocr_par' dir='ltr' id='par_1_50' title="bbox 1934 2178 3524 2287">
     <span class='ocr_line' id='line_1_52' title="bbox 1934 2178 3524 2287; baseline 0.032 -53"><span class='ocrx_word' id='word_1_373' title='bbox 1934 2178 2025 2237; x_wconf 89' lang='lat' dir='ltr'><strong>det</strong></span> <span class='ocrx_word' id='word_1_374' title='bbox 2050 2182 2182 2287; x_wconf 76' lang='lat' dir='ltr'><strong>ille:</strong></span> <span class='ocrx_word' id='word_1_375' title='bbox 2225 2186 2405 2248; x_wconf 85' lang='lat' dir='ltr'><strong>Semel</strong></span> <span class='ocrx_word' id='word_1_376' title='bbox 2450 2204 2614 2266; x_wconf 81' lang='lat' dir='ltr'><strong>atque</strong></span> <span class='ocrx_word' id='word_1_377' title='bbox 2666 2201 2890 2273; x_wconf 87' lang='lat' dir='ltr'><strong>iterum,</strong></span> <span class='ocrx_word' id='word_1_378' title='bbox 2932 2178 3210 2287; x_wconf 71' lang='lat' dir='ltr'><strong>tertioque</strong></span> <span class='ocrx_word' id='word_1_379' title='bbox 3243 2178 3315 2278; x_wconf 65' lang='lat' dir='ltr'><strong>ac</strong></span> <span class='ocrx_word' id='word_1_380' title='bbox 3342 2178 3524 2285; x_wconf 56' lang='lat' dir='ltr'><strong>decies</strong></span> 
     </span>
    </p>
   </div>
   <div class='ocr_carea' id='block_1_51' title="bbox 1934 2274 3524 2377">
    <p class='ocr_par' dir='ltr' id='par_1_51' title="bbox 1934 2274 3524 2377">
     <span class='ocr_line' id='line_1_53' title="bbox 1934 2274 3524 2377; baseline 0.03 -51"><span class='ocrx_word' id='word_1_381' title='bbox 1934 2274 2147 2344; x_wconf 80' lang='lat' dir='ltr'><strong>rogavi,</strong></span> <span class='ocrx_word' id='word_1_382' title='bbox 2199 2294 2303 2336; x_wconf 88' lang='lat' dir='ltr'><strong>nec</strong></span> <span class='ocrx_word' id='word_1_383' title='bbox 2359 2288 2565 2357; x_wconf 88' lang='lat' dir='ltr'><strong>accepi.</strong></span> <span class='ocrx_word' id='word_1_384' title='bbox 2602 2290 2672 2345; x_wconf 82' lang='lat' dir='ltr'><strong>At</strong></span> <span class='ocrx_word' id='word_1_385' title='bbox 2727 2295 2888 2350; x_wconf 82' lang='lat' dir='ltr'><strong>velim</strong></span> <span class='ocrx_word' id='word_1_386' title='bbox 2952 2316 3020 2359; x_wconf 89' lang='lat' dir='ltr'><strong>ne</strong></span> <span class='ocrx_word' id='word_1_387' title='bbox 3056 2274 3301 2377; x_wconf 76' lang='lat' dir='ltr'><strong>desinas,</strong></span> <span class='ocrx_word' id='word_1_388' title='bbox 3347 2314 3524 2373; x_wconf 89' lang='lat' dir='ltr'><strong>donec</strong></span> 
     </span>
    </p>
   </div>
   <div class='ocr_carea' id='block_1_52' title="bbox 1933 2372 3522 2476">
    <p class='ocr_par' dir='ltr' id='par_1_52' title="bbox 1933 2372 3522 2476">
     <span class='ocr_line' id='line_1_54' title="bbox 1933 2372 3522 2476; baseline 0.028 -56"><span class='ocrx_word' id='word_1_389' title='bbox 1933 2372 2235 2441; x_wconf 84' lang='lat' dir='ltr'><strong>acceperis.</strong></span> <span class='ocrx_word' id='word_1_390' title='bbox 2285 2373 2443 2435; x_wconf 85' lang='lat' dir='ltr'><strong>Tunc</strong></span> <span class='ocrx_word' id='word_1_391' title='bbox 2480 2381 2701 2439; x_wconf 89' lang='lat' dir='ltr'><strong>demum</strong></span> <span class='ocrx_word' id='word_1_392' title='bbox 2740 2388 2977 2461; x_wconf 78' lang='lat' dir='ltr'><strong>absiste,</strong></span> <span class='ocrx_word' id='word_1_393' title='bbox 3026 2410 3152 2452; x_wconf 91' lang='lat' dir='ltr'><strong>cum</strong></span> <span class='ocrx_word' id='word_1_394' title='bbox 3197 2407 3522 2476; x_wconf 85' lang='lat' dir='ltr'><strong>acceperis;</strong></span> 
     </span>
    </p>
   </div>
   <div class='ocr_carea' id='block_1_53' title="bbox 1931 2458 3521 2567">
    <p class='ocr_par' dir='ltr' id='par_1_53' title="bbox 1931 2458 3521 2567">
     <span class='ocr_line' id='line_1_55' title="bbox 1931 2458 3521 2567; baseline 0.027 -53"><span class='ocrx_word' id='word_1_395' title='bbox 1931 2458 2043 2517; x_wconf 89' lang='lat' dir='ltr'><strong>imo</strong></span> <span class='ocrx_word' id='word_1_396' title='bbox 2084 2479 2153 2520; x_wconf 89' lang='lat' dir='ltr'><strong>ne</strong></span> <span class='ocrx_word' id='word_1_397' title='bbox 2185 2472 2301 2523; x_wconf 89' lang='lat' dir='ltr'><strong>tum</strong></span> <span class='ocrx_word' id='word_1_398' title='bbox 2360 2473 2610 2544; x_wconf 87' lang='lat' dir='ltr'><strong>quidem,</strong></span> <span class='ocrx_word' id='word_1_399' title='bbox 2663 2479 2758 2535; x_wconf 88' lang='lat' dir='ltr'><strong>sed</strong></span> <span class='ocrx_word' id='word_1_400' title='bbox 2806 2485 2984 2557; x_wconf 81' lang='lat' dir='ltr'><strong>magis</strong></span> <span class='ocrx_word' id='word_1_401' title='bbox 3041 2491 3207 2547; x_wconf 88' lang='lat' dir='ltr'><strong>etiam</strong></span> <span class='ocrx_word' id='word_1_402' title='bbox 3256 2458 3521 2567; x_wconf 60' lang='lat' dir='ltr'><strong>persiste.</strong></span> 
     </span>
    </p>
   </div>
   <div class='ocr_carea' id='block_1_54' title="bbox 1932 2551 3522 2664">
    <p class='ocr_par' dir='ltr' id='par_1_54' title="bbox 1932 2551 3522 2664">
     <span class='ocr_line' id='line_1_56' title="bbox 1932 2551 3522 2664; baseline 0.026 -57"><span class='ocrx_word' id='word_1_403' title='bbox 1932 2551 2059 2610; x_wconf 84' lang='lat' dir='ltr'><strong>Sive</strong></span> <span class='ocrx_word' id='word_1_404' title='bbox 2089 2573 2199 2615; x_wconf 90' lang='lat' dir='ltr'><strong>non</strong></span> <span class='ocrx_word' id='word_1_405' title='bbox 2235 2563 2497 2635; x_wconf 86' lang='lat' dir='ltr'><strong>accipias,</strong></span> <span class='ocrx_word' id='word_1_406' title='bbox 2530 2578 2685 2639; x_wconf 84' lang='lat' dir='ltr'><strong>pete;</strong></span> <span class='ocrx_word' id='word_1_407' title='bbox 2718 2573 2837 2631; x_wconf 83' lang='lat' dir='ltr'><strong>sive</strong></span> <span class='ocrx_word' id='word_1_408' title='bbox 2876 2579 3147 2652; x_wconf 87' lang='lat' dir='ltr'><strong>accipias,</strong></span> <span class='ocrx_word' id='word_1_409' title='bbox 3184 2551 3392 2657; x_wconf 73' lang='lat' dir='ltr'><strong>gratias</strong></span> <span class='ocrx_word' id='word_1_410' title='bbox 3420 2607 3522 2664; x_wconf 86' lang='lat' dir='ltr'><strong>age</strong></span> 
     </span>
    </p>
   </div>
   <div class='ocr_carea' id='block_1_55' title="bbox 1928 2646 3516 2748">
    <p class='ocr_par' dir='ltr' id='par_1_55' title="bbox 1928 2646 3516 2748">
     <span class='ocr_line' id='line_1_57' title="bbox 1928 2646 3516 2748; baseline 0.025 -50"><span class='ocrx_word' id='word_1_411' title='bbox 1928 2646 2076 2715; x_wconf 87' lang='lat' dir='ltr'><strong>quod</strong></span> <span class='ocrx_word' id='word_1_412' title='bbox 2104 2654 2407 2723; x_wconf 86' lang='lat' dir='ltr'><strong>acceperis.</strong></span> <span class='ocrx_word' id='word_1_413' title='bbox 2440 2655 2705 2716; x_wconf 87' lang='lat' dir='ltr'><strong>Permulti</strong></span> <span class='ocrx_word' id='word_1_414' title='bbox 2754 2646 3056 2725; x_wconf 75' lang='lat' dir='ltr'><strong>Ecclesium</strong></span> <span class='ocrx_word' id='word_1_415' title='bbox 3103 2646 3516 2748; x_wconf 47' lang='lat' dir='ltr'><strong>ingrediuntur.</strong></span> 
     </span>
    </p>
   </div>
   <div class='ocr_carea' id='block_1_56' title="bbox 1925 2739 3516 2839">
    <p class='ocr_par' dir='ltr' id='par_1_56' title="bbox 1925 2739 3516 2839">
     <span class='ocr_line' id='line_1_58' title="bbox 1925 2739 3516 2839; baseline 0.023 -46"><span class='ocrx_word' id='word_1_416' title='bbox 1925 2744 1983 2793; x_wconf 88' lang='lat' dir='ltr'><strong>et</strong></span> <span class='ocrx_word' id='word_1_417' title='bbox 2045 2739 2371 2804; x_wconf 82' lang='lat' dir='ltr'><strong>innumeros</strong></span> <span class='ocrx_word' id='word_1_418' title='bbox 2429 2754 2812 2820; x_wconf 87' lang='lat' dir='ltr'><strong>precationum</strong></span> <span class='ocrx_word' id='word_1_419' title='bbox 2872 2764 3183 2823; x_wconf 84' lang='lat' dir='ltr'><strong>versiculos</strong></span> <span class='ocrx_word' id='word_1_420' title='bbox 3234 2773 3516 2839; x_wconf 85' lang='lat' dir='ltr'><strong>evolvunt,</strong></span> 
     </span>
    </p>
   </div>
   <div class='ocr_carea' id='block_1_57' title="bbox 1924 2832 3517 2936">
    <p class='ocr_par' dir='ltr' id='par_1_57' title="bbox 1924 2832 3517 2936">
     <span class='ocr_line' id='line_1_59' title="bbox 1924 2832 3517 2936; baseline 0.025 -55"><span class='ocrx_word' id='word_1_421' title='bbox 1924 2837 2092 2901; x_wconf 79' lang='lat' dir='ltr'><strong>atque</strong></span> <span class='ocrx_word' id='word_1_422' title='bbox 2121 2832 2198 2889; x_wconf 88' lang='lat' dir='ltr'><strong>ita</strong></span> <span class='ocrx_word' id='word_1_423' title='bbox 2226 2839 2527 2898; x_wconf 80' lang='lat' dir='ltr'><strong>excedunt.</strong></span> <span class='ocrx_word' id='word_1_424' title='bbox 2577 2841 2839 2919; x_wconf 85' lang='lat' dir='ltr'><strong>Nunquid</strong></span> <span class='ocrx_word' id='word_1_425' title='bbox 2881 2850 3028 2911; x_wconf 89' lang='lat' dir='ltr'><strong>Deus</strong></span> <span class='ocrx_word' id='word_1_426' title='bbox 3061 2858 3356 2927; x_wconf 75' lang='lat' dir='ltr'><strong>verborum</strong></span> <span class='ocrx_word' id='word_1_427' title='bbox 3388 2832 3517 2936; x_wconf 44' lang='lat' dir='ltr'><strong>pro-</strong></span> 
     </span>
    </p>
   </div>
   <div class='ocr_carea' id='block_1_58' title="bbox 1925 2923 3515 3021">
    <p class='ocr_par' dir='ltr' id='par_1_58' title="bbox 1925 2923 3515 3021">
     <span class='ocr_line' id='line_1_60' title="bbox 1925 2923 3515 3021; baseline 0.024 -43"><span class='ocrx_word' id='word_1_428' title='bbox 1925 2923 2138 2983; x_wconf 78' lang='lat' dir='ltr'><strong>lixitate</strong></span> <span class='ocrx_word' id='word_1_429' title='bbox 2184 2943 2329 3001; x_wconf 88' lang='lat' dir='ltr'><strong>opus</strong></span> <span class='ocrx_word' id='word_1_430' title='bbox 2376 2933 2592 2993; x_wconf 80' lang='lat' dir='ltr'><strong>habet?</strong></span> <span class='ocrx_word' id='word_1_431' title='bbox 2628 2944 3005 3013; x_wconf 87' lang='lat' dir='ltr'><strong>precationem</strong></span> <span class='ocrx_word' id='word_1_432' title='bbox 3043 2958 3192 3007; x_wconf 86' lang='lat' dir='ltr'><strong>tuam</strong></span> <span class='ocrx_word' id='word_1_433' title='bbox 3244 2923 3515 3021; x_wconf 69' lang='lat' dir='ltr'><strong>duntaxat</strong></span> 
     </span>
    </p>
   </div>
   <div class='ocr_carea' id='block_1_59' title="bbox 1925 3020 3516 3111">
    <p class='ocr_par' dir='ltr' id='par_1_59' title="bbox 1925 3020 3516 3111">
     <span class='ocr_line' id='line_1_61' title="bbox 1925 3020 3516 3111; baseline 0.023 -38"><span class='ocrx_word' id='word_1_434' title='bbox 1925 3020 2139 3085; x_wconf 69' lang='lat' dir='ltr'><strong>quaerit.</strong></span> <span class='ocrx_word' id='word_1_435' title='bbox 2170 3022 2405 3098; x_wconf 79' lang='lat' dir='ltr'><strong>Ecquid,</strong></span> <span class='ocrx_word' id='word_1_436' title='bbox 2436 3032 2534 3097; x_wconf 86' lang='lat' dir='ltr'><strong>ait,</strong></span> <span class='ocrx_word' id='word_1_437' title='bbox 2578 3033 2839 3094; x_wconf 83' lang='lat' dir='ltr'><strong>inclinavi</strong></span> <span class='ocrx_word' id='word_1_438' title='bbox 2871 3055 2981 3107; x_wconf 89' lang='lat' dir='ltr'><strong>me,</strong></span> <span class='ocrx_word' id='word_1_439' title='bbox 3010 3051 3067 3099; x_wconf 90' lang='lat' dir='ltr'><strong>et</strong></span> <span class='ocrx_word' id='word_1_440' title='bbox 3090 3048 3286 3104; x_wconf 75' lang='lat' dir='ltr'><strong>oravi?</strong></span> <span class='ocrx_word' id='word_1_441' title='bbox 3323 3050 3516 3111; x_wconf 82' lang='lat' dir='ltr'><strong>Genua</strong></span> 
     </span>
    </p>
   </div>
   <div class='ocr_carea' id='block_1_60' title="bbox 231 3098 1820 3211">
    <p class='ocr_par' dir='ltr' id='par_1_60' title="bbox 231 3098 1820 3180">
     <span class='ocr_line' id='line_1_62' title="bbox 231 3098 1820 3180; baseline 0.007 -27"><span class='ocrx_word' id='word_1_442' title='bbox 231 3098 406 3169; x_wconf 88' lang='grc' dir='ltr'>λαγος</span> <span class='ocrx_word' id='word_1_443' title='bbox 465 3100 901 3175; x_wconf 73' lang='grc' dir='ltr'>φιλανθρωπίας.</span> <span class='ocrx_word' id='word_1_444' title='bbox 940 3106 1115 3161; x_wconf 83' lang='grc' dir='ltr'><strong>Ὅπου</strong></span> <span class='ocrx_word' id='word_1_445' title='bbox 1154 3107 1267 3180; x_wconf 82' lang='grc' dir='ltr'>γὰρ</span> <span class='ocrx_word' id='word_1_446' title='bbox 1298 3106 1469 3174; x_wconf 74' lang='grc' dir='ltr'>ἔλεος,</span> <span class='ocrx_word' id='word_1_447' title='bbox 1523 3110 1704 3164; x_wconf 85' lang='grc' dir='ltr'>πάντα</span> <span class='ocrx_word' id='word_1_448' title='bbox 1750 3110 1820 3165; x_wconf 85' lang='grc' dir='ltr'><strong>τά</strong></span> 
     </span>
    </p>
   </div>
   <div class='ocr_carea' id='block_1_61' title="bbox 1924 3098 3511 3211">
    <p class='ocr_par' dir='ltr' id='par_1_61' title="bbox 1924 3108 3511 3211">
     <span class='ocr_line' id='line_1_63' title="bbox 1924 3108 3511 3211; baseline 0.024 -47"><span class='ocrx_word' id='word_1_449' title='bbox 1924 3108 2164 3183; x_wconf 82' lang='lat' dir='ltr'><strong>ﬂexisti;</strong></span> <span class='ocrx_word' id='word_1_450' title='bbox 2202 3132 2359 3175; x_wconf 89' lang='lat' dir='ltr'><strong>mens</strong></span> <span class='ocrx_word' id='word_1_451' title='bbox 2383 3138 2511 3177; x_wconf 77' lang='lat' dir='ltr'><strong>vero</strong></span> <span class='ocrx_word' id='word_1_452' title='bbox 2539 3132 2633 3180; x_wconf 89' lang='lat' dir='ltr'><strong>tua</strong></span> <span class='ocrx_word' id='word_1_453' title='bbox 2658 3137 2816 3185; x_wconf 79' lang='lat' dir='ltr'><strong>extra</strong></span> <span class='ocrx_word' id='word_1_454' title='bbox 2850 3134 3074 3193; x_wconf 83' lang='lat' dir='ltr'><strong>volavit.</strong></span> <span class='ocrx_word' id='word_1_455' title='bbox 3109 3138 3325 3211; x_wconf 84' lang='lat' dir='ltr'><strong>Corpus</strong></span> <span class='ocrx_word' id='word_1_456' title='bbox 3358 3154 3511 3202; x_wconf 84' lang='lat' dir='ltr'><strong>tuum</strong></span> 
     </span>
    </p>
   </div>
   <div class='ocr_carea' id='block_1_62' title="bbox 231 3192 1820 3300">
    <p class='ocr_par' dir='ltr' id='par_1_62' title="bbox 231 3192 1813 3275">
     <span class='ocr_line' id='line_1_64' title="bbox 231 3192 1813 3275; baseline 0.006 -28"><span class='ocrx_word' id='word_1_457' title='bbox 231 3192 441 3263; x_wconf 80' lang='grc' dir='ltr'>ἀγαθά.</span> <span class='ocrx_word' id='word_1_458' title='bbox 476 3194 598 3250; x_wconf 74' lang='grc' dir='ltr'>Κᾶν</span> <span class='ocrx_word' id='word_1_459' title='bbox 628 3192 736 3261; x_wconf 75' lang='grc' dir='ltr'><strong>ἔξω</strong></span> <span class='ocrx_word' id='word_1_460' title='bbox 770 3193 856 3271; x_wconf 81' lang='grc' dir='ltr'><strong>ᾖς,</strong></span> <span class='ocrx_word' id='word_1_461' title='bbox 888 3199 1060 3271; x_wconf 74' lang='grc' dir='ltr'>κράζε</span> <span class='ocrx_word' id='word_1_462' title='bbox 1102 3201 1199 3255; x_wconf 78' lang='grc' dir='ltr'><strong>καὶ</strong></span> <span class='ocrx_word' id='word_1_463' title='bbox 1230 3200 1380 3272; x_wconf 83' lang='grc' dir='ltr'>λέγε,</span> <span class='ocrx_word' id='word_1_464' title='bbox 1426 3201 1687 3274; x_wconf 83' lang='grc' dir='ltr'>Ἐλέησόν</span> <span class='ocrx_word' id='word_1_465' title='bbox 1711 3221 1776 3275; x_wconf 88' lang='grc' dir='ltr'><strong>με</strong></span> <span class='ocrx_word' id='word_1_466' title='bbox 1799 3220 1813 3234; x_wconf 86' lang='grc'><strong>·</strong></span> 
     </span>
    </p>
   </div>
   <div class='ocr_carea' id='block_1_63' title="bbox 1924 3192 3513 3300">
    <p class='ocr_par' dir='ltr' id='par_1_63' title="bbox 1924 3200 3513 3300">
     <span class='ocr_line' id='line_1_65' title="bbox 1924 3200 3513 3300; baseline 0.023 -44"><span class='ocrx_word' id='word_1_467' title='bbox 1924 3200 2072 3261; x_wconf 86' lang='lat' dir='ltr'><strong>intus</strong></span> <span class='ocrx_word' id='word_1_468' title='bbox 2094 3215 2235 3274; x_wconf 87' lang='lat' dir='ltr'><strong>erat,</strong></span> <span class='ocrx_word' id='word_1_469' title='bbox 2255 3211 2472 3269; x_wconf 83' lang='lat' dir='ltr'><strong>animus</strong></span> <span class='ocrx_word' id='word_1_470' title='bbox 2497 3213 2655 3272; x_wconf 80' lang='lat' dir='ltr'><strong>foris.</strong></span> <span class='ocrx_word' id='word_1_471' title='bbox 2673 3217 2747 3275; x_wconf 90' lang='lat' dir='ltr'><strong>Os</strong></span> <span class='ocrx_word' id='word_1_472' title='bbox 2778 3230 2932 3278; x_wconf 90' lang='lat' dir='ltr'><strong>tuum</strong></span> <span class='ocrx_word' id='word_1_473' title='bbox 2970 3225 3333 3300; x_wconf 87' lang='lat' dir='ltr'><strong>loquebatur;</strong></span> <span class='ocrx_word' id='word_1_474' title='bbox 3358 3251 3513 3292; x_wconf 82' lang='lat' dir='ltr'><strong>mens</strong></span> 
     </span>
    </p>
   </div>
   <div class='ocr_carea' id='block_1_64' title="bbox 234 3273 1820 3398">
    <p class='ocr_par' dir='ltr' id='par_1_64' title="bbox 234 3273 1820 3367">
     <span class='ocr_line' id='line_1_66' title="bbox 234 3273 1820 3367; baseline 0.009 -28"><span class='ocrx_word' id='word_1_475' title='bbox 234 3286 313 3358; x_wconf 79' lang='grc' dir='ltr'>μὴ</span> <span class='ocrx_word' id='word_1_476' title='bbox 346 3287 516 3341; x_wconf 83' lang='grc' dir='ltr'>κινῶν</span> <span class='ocrx_word' id='word_1_477' title='bbox 538 3288 607 3343; x_wconf 85' lang='grc' dir='ltr'>τὰ</span> <span class='ocrx_word' id='word_1_478' title='bbox 630 3289 808 3362; x_wconf 85' lang='grc' dir='ltr'>χείλη,</span> <span class='ocrx_word' id='word_1_479' title='bbox 845 3290 983 3346; x_wconf 79' lang='grc' dir='ltr'>ἀλλὰ</span> <span class='ocrx_word' id='word_1_480' title='bbox 1007 3296 1075 3367; x_wconf 75' lang='grc' dir='ltr'>τῇ</span> <span class='ocrx_word' id='word_1_481' title='bbox 1117 3292 1330 3366; x_wconf 79' lang='grc' dir='ltr'>διανοίᾳ</span> <span class='ocrx_word' id='word_1_482' title='bbox 1359 3294 1498 3366; x_wconf 85' lang='grc' dir='ltr'>βοῶν</span> <span class='ocrx_word' id='word_1_483' title='bbox 1517 3311 1531 3326; x_wconf 89' lang='grc'>·</span> <span class='ocrx_word' id='word_1_484' title='bbox 1561 3273 1656 3350; x_wconf 80' lang='grc' dir='ltr'>καὶ</span> <span class='ocrx_word' id='word_1_485' title='bbox 1690 3273 1820 3353; x_wconf 83' lang='grc' dir='ltr'>σιω-</span> 
     </span>
    </p>
   </div>
   <div class='ocr_carea' id='block_1_65' title="bbox 1924 3273 3510 3398">
    <p class='ocr_par' dir='ltr' id='par_1_65' title="bbox 1927 3273 3510 3398">
     <span class='ocr_line' id='line_1_67' title="bbox 2689 3273 3510 3300; baseline 0.021 -26"><span class='ocrx_word' id='word_1_486' title='bbox 2689 3273 2698 3274; x_wconf 59' lang='lat'><strong><em>,</em></strong></span> <span class='ocrx_word' id='word_1_487' title='bbox 2730 3273 2740 3275; x_wconf 42' lang='lat'><strong>-</strong></span> <span class='ocrx_word' id='word_1_488' title='bbox 2782 3273 2932 3278; x_wconf 49' lang='lat'>-_-___</span> <span class='ocrx_word' id='word_1_489' title='bbox 2970 3273 3291 3298; x_wconf 53' lang='grc' dir='ltr'><strong>--νη-..η</strong></span> <span class='ocrx_word' id='word_1_490' title='bbox 3317 3276 3333 3300; x_wconf 91' lang='grc'>,</span> <span class='ocrx_word' id='word_1_491' title='bbox 3358 3273 3510 3292; x_wconf 58' lang='grc' dir='ltr'>...μηδ</span> 
     </span>
     <span class='ocr_line' id='line_1_68' title="bbox 1927 3298 3510 3398; baseline 0.02 -48"><span class='ocrx_word' id='word_1_492' title='bbox 1927 3312 2059 3353; x_wconf 88' lang='lat' dir='ltr'><strong>vero</strong></span> <span class='ocrx_word' id='word_1_493' title='bbox 2119 3298 2349 3369; x_wconf 81' lang='lat' dir='ltr'><strong>fenora,</strong></span> <span class='ocrx_word' id='word_1_494' title='bbox 2408 3316 2729 3369; x_wconf 88' lang='lat' dir='ltr'><strong>contractus</strong></span> <span class='ocrx_word' id='word_1_495' title='bbox 2753 3356 2768 3381; x_wconf 94' lang='lat'><strong>,</strong></span> <span class='ocrx_word' id='word_1_496' title='bbox 2829 3323 3203 3390; x_wconf 87' lang='lat' dir='ltr'><strong>commercia,</strong></span> <span class='ocrx_word' id='word_1_497' title='bbox 3279 3328 3510 3398; x_wconf 85' lang='lat' dir='ltr'><strong>praedia,</strong></span> 
     </span>
    </p>
   </div>
   <div class='ocr_carea' id='block_1_66' title="bbox 229 3381 1820 3486">
    <p class='ocr_par' dir='ltr' id='par_1_66' title="bbox 229 3381 1820 3464">
     <span class='ocr_line' id='line_1_69' title="bbox 229 3381 1820 3464; baseline 0.006 -29"><span class='ocrx_word' id='word_1_498' title='bbox 229 3381 464 3437; x_wconf 84' lang='grc' dir='ltr'>πώντων</span> <span class='ocrx_word' id='word_1_499' title='bbox 487 3383 679 3438; x_wconf 81' lang='grc' dir='ltr'>ἀκούει</span> <span class='ocrx_word' id='word_1_500' title='bbox 700 3386 728 3439; x_wconf 88' lang='grc' dir='ltr'><strong>ό</strong></span> <span class='ocrx_word' id='word_1_501' title='bbox 747 3385 900 3449; x_wconf 87' lang='grc' dir='ltr'>Θεός.</span> <span class='ocrx_word' id='word_1_502' title='bbox 926 3385 1002 3440; x_wconf 80' lang='grc' dir='ltr'><strong>Οὐ</strong></span> <span class='ocrx_word' id='word_1_503' title='bbox 1032 3387 1281 3459; x_wconf 73' lang='grc' dir='ltr'>ζητεῖται</span> <span class='ocrx_word' id='word_1_504' title='bbox 1303 3389 1488 3455; x_wconf 84' lang='grc' dir='ltr'>τόπος,</span> <span class='ocrx_word' id='word_1_505' title='bbox 1513 3389 1631 3445; x_wconf 83' lang='grc' dir='ltr'><strong>ἀλλ’</strong></span> <span class='ocrx_word' id='word_1_506' title='bbox 1656 3392 1820 3464; x_wconf 80' lang='grc' dir='ltr'>ἀρκεῖ</span> 
     </span>
    </p>
   </div>
   <div class='ocr_carea' id='block_1_67' title="bbox 1924 3381 3511 3486">
    <p class='ocr_par' dir='ltr' id='par_1_67' title="bbox 1926 3381 3511 3486">
     <span class='ocr_line' id='line_1_70' title="bbox 1926 3381 3511 3486; baseline 0.02 -43"><span class='ocrx_word' id='word_1_507' title='bbox 1926 3390 2192 3459; x_wconf 88' lang='lat' dir='ltr'><strong>pecunias</strong></span> <span class='ocrx_word' id='word_1_508' title='bbox 2226 3398 2573 3456; x_wconf 86' lang='lat' dir='ltr'><strong>numerabat.</strong></span> <span class='ocrx_word' id='word_1_509' title='bbox 2601 3400 2865 3462; x_wconf 86' lang='lat' dir='ltr'><strong>Diabolus</strong></span> <span class='ocrx_word' id='word_1_510' title='bbox 2898 3408 3197 3482; x_wconf 88' lang='lat' dir='ltr'><strong>siquidem,</strong></span> <span class='ocrx_word' id='word_1_511' title='bbox 3228 3381 3354 3486; x_wconf 71' lang='lat' dir='ltr'><strong>ana</strong></span> <span class='ocrx_word' id='word_1_512' title='bbox 3391 3435 3511 3473; x_wconf 86' lang='lat' dir='ltr'><strong>ma-</strong></span> 
     </span>
    </p>
   </div>
   <div class='ocr_carea' id='block_1_68' title="bbox 226 3475 1820 3580">
    <p class='ocr_par' dir='ltr' id='par_1_68' title="bbox 226 3475 1820 3580">
     <span class='ocr_line' id='line_1_71' title="bbox 226 3475 1820 3580; baseline 0.007 -50"><span class='ocrx_word' id='word_1_513' title='bbox 226 3475 453 3548; x_wconf 80' lang='grc' dir='ltr'>τρόπος.</span> <span class='ocrx_word' id='word_1_514' title='bbox 495 3475 555 3532; x_wconf 84' lang='grc' dir='ltr'><strong>Ὀ</strong></span> <span class='ocrx_word' id='word_1_515' title='bbox 603 3475 877 3550; x_wconf 81' lang='grc' dir='ltr'>Ἱερεμίας</span> <span class='ocrx_word' id='word_1_516' title='bbox 928 3478 987 3533; x_wconf 78' lang='grc' dir='ltr'>ὲν</span> <span class='ocrx_word' id='word_1_517' title='bbox 1046 3479 1295 3553; x_wconf 83' lang='grc' dir='ltr'>βορϐόρῳ</span> <span class='ocrx_word' id='word_1_518' title='bbox 1321 3477 1412 3555; x_wconf 83' lang='grc' dir='ltr'>ἦν,</span> <span class='ocrx_word' id='word_1_519' title='bbox 1446 3485 1542 3538; x_wconf 80' lang='grc' dir='ltr'>καὶ</span> <span class='ocrx_word' id='word_1_520' title='bbox 1566 3483 1820 3580; x_wconf 27' lang='grc' dir='ltr'>τὸν-Θεὸν</span> 
     </span>
    </p>
   </div>
   <div class='ocr_carea' id='block_1_69' title="bbox 1924 3475 3509 3580">
    <p class='ocr_par' dir='ltr' id='par_1_69' title="bbox 1924 3480 3509 3580">
     <span class='ocr_line' id='line_1_72' title="bbox 1924 3480 3509 3580; baseline 0.021 -45"><span class='ocrx_word' id='word_1_521' title='bbox 1924 3480 2106 3551; x_wconf 79' lang='lat' dir='ltr'><strong>lignus</strong></span> <span class='ocrx_word' id='word_1_522' title='bbox 2136 3493 2243 3556; x_wconf 90' lang='lat' dir='ltr'><strong>est,</strong></span> <span class='ocrx_word' id='word_1_523' title='bbox 2298 3504 2515 3563; x_wconf 89' lang='lat' dir='ltr'><strong>nosque</strong></span> <span class='ocrx_word' id='word_1_524' title='bbox 2544 3494 2688 3552; x_wconf 88' lang='lat' dir='ltr'><strong>inter</strong></span> <span class='ocrx_word' id='word_1_525' title='bbox 2729 3500 3002 3558; x_wconf 88' lang='lat' dir='ltr'><strong>orandum</strong></span> <span class='ocrx_word' id='word_1_526' title='bbox 3036 3505 3211 3563; x_wconf 88' lang='lat' dir='ltr'><strong>multa</strong></span> <span class='ocrx_word' id='word_1_527' title='bbox 3242 3511 3509 3580; x_wconf 83' lang='lat' dir='ltr'><strong>perlicere</strong></span> 
     </span>
    </p>
   </div>
   <div class='ocr_carea' id='block_1_70' title="bbox 226 3567 1820 3673">
    <p class='ocr_par' dir='ltr' id='par_1_70' title="bbox 226 3567 1816 3647">
     <span class='ocr_line' id='line_1_73' title="bbox 226 3567 1816 3647; baseline 0.008 -26"><span class='ocrx_word' id='word_1_528' title='bbox 226 3567 606 3625; x_wconf 67' lang='grc' dir='ltr'>ἑπεσπάσατο.</span> <span class='ocrx_word' id='word_1_529' title='bbox 649 3569 708 3623; x_wconf 92' lang='lat'><strong>&#39;0</strong></span> <span class='ocrx_word' id='word_1_530' title='bbox 741 3570 942 3643; x_wconf 82' lang='grc' dir='ltr'>Δανιὴλ</span> <span class='ocrx_word' id='word_1_531' title='bbox 973 3572 1031 3626; x_wconf 80' lang='grc' dir='ltr'>ὲν</span> <span class='ocrx_word' id='word_1_532' title='bbox 1062 3571 1253 3647; x_wconf 81' lang='grc' dir='ltr'>λάκκῳ</span> <span class='ocrx_word' id='word_1_533' title='bbox 1297 3572 1556 3643; x_wconf 75' lang='grc' dir='ltr'>λεόντων,</span> <span class='ocrx_word' id='word_1_534' title='bbox 1585 3577 1684 3632; x_wconf 81' lang='grc' dir='ltr'>καὶ</span> <span class='ocrx_word' id='word_1_535' title='bbox 1724 3578 1816 3634; x_wconf 82' lang='grc' dir='ltr'><strong>τὸν</strong></span> 
     </span>
    </p>
   </div>
   <div class='ocr_carea' id='block_1_71' title="bbox 1924 3567 3504 3673">
    <p class='ocr_par' dir='ltr' id='par_1_71' title="bbox 1924 3567 3504 3673">
     <span class='ocr_line' id='line_1_74' title="bbox 1924 3567 3504 3673; baseline 0.023 -46"><span class='ocrx_word' id='word_1_536' title='bbox 1924 3576 2094 3643; x_wconf 86' lang='lat' dir='ltr'><strong>novit,</strong></span> <span class='ocrx_word' id='word_1_537' title='bbox 2139 3586 2272 3636; x_wconf 89' lang='lat' dir='ltr'><strong>tunc</strong></span> <span class='ocrx_word' id='word_1_538' title='bbox 2315 3584 2370 3638; x_wconf 90' lang='lat' dir='ltr'><strong>in</strong></span> <span class='ocrx_word' id='word_1_539' title='bbox 2408 3600 2507 3642; x_wconf 88' lang='lat' dir='ltr'><strong>nos</strong></span> <span class='ocrx_word' id='word_1_540' title='bbox 2561 3588 2791 3649; x_wconf 88' lang='lat' dir='ltr'><strong>invadit.</strong></span> <span class='ocrx_word' id='word_1_541' title='bbox 2824 3591 3021 3666; x_wconf 91' lang='lat' dir='ltr'><strong>Supini</strong></span> <span class='ocrx_word' id='word_1_542' title='bbox 3061 3612 3207 3671; x_wconf 70' lang='lat' dir='ltr'><strong>saepe</strong></span> <span class='ocrx_word' id='word_1_543' title='bbox 3228 3567 3504 3673; x_wconf 60' lang='lat' dir='ltr'><strong>iacemus,</strong></span> 
     </span>
    </p>
   </div>
   <div class='ocr_carea' id='block_1_72' title="bbox 224 3659 1820 3756">
    <p class='ocr_par' dir='ltr' id='par_1_72' title="bbox 224 3659 1815 3744">
     <span class='ocr_line' id='line_1_75' title="bbox 224 3659 1815 3744; baseline 0.008 -31"><span class='ocrx_word' id='word_1_544' title='bbox 224 3659 365 3714; x_wconf 89' lang='grc' dir='ltr'>Θεὸν</span> <span class='ocrx_word' id='word_1_545' title='bbox 412 3660 834 3735; x_wconf 76' lang='grc' dir='ltr'>ἑξευμενίσατο·</span> <span class='ocrx_word' id='word_1_546' title='bbox 866 3665 917 3718; x_wconf 86' lang='grc' dir='ltr'><strong>οί</strong></span> <span class='ocrx_word' id='word_1_547' title='bbox 964 3668 1116 3739; x_wconf 74' lang='grc' dir='ltr'>τρεῖς</span> <span class='ocrx_word' id='word_1_548' title='bbox 1145 3666 1338 3731; x_wconf 80' lang='grc' dir='ltr'>παῖδες</span> <span class='ocrx_word' id='word_1_549' title='bbox 1385 3670 1444 3724; x_wconf 72' lang='grc' dir='ltr'>ἐν</span> <span class='ocrx_word' id='word_1_550' title='bbox 1497 3671 1563 3742; x_wconf 77' lang='grc' dir='ltr'>τῇ</span> <span class='ocrx_word' id='word_1_551' title='bbox 1596 3672 1815 3744; x_wconf 84' lang='grc' dir='ltr'>καμίνῳ</span> 
     </span>
    </p>
   </div>
   <div class='ocr_carea' id='block_1_73' title="bbox 1924 3659 3499 3756">
    <p class='ocr_par' dir='ltr' id='par_1_73' title="bbox 1924 3659 3499 3756">
     <span class='ocr_line' id='line_1_76' title="bbox 1924 3659 3499 3756; baseline 0.021 -33"><span class='ocrx_word' id='word_1_552' title='bbox 1924 3680 1972 3724; x_wconf 85' lang='lat' dir='ltr'><strong>et</strong></span> <span class='ocrx_word' id='word_1_553' title='bbox 2010 3671 2146 3727; x_wconf 89' lang='lat' dir='ltr'><strong>nihil</strong></span> <span class='ocrx_word' id='word_1_554' title='bbox 2189 3677 2505 3748; x_wconf 81' lang='lat' dir='ltr'><strong>cogitando,</strong></span> <span class='ocrx_word' id='word_1_555' title='bbox 2547 3686 2843 3756; x_wconf 86' lang='lat' dir='ltr'><strong>tranquilla</strong></span> <span class='ocrx_word' id='word_1_556' title='bbox 2894 3700 3077 3747; x_wconf 88' lang='lat' dir='ltr'><strong>mente</strong></span> <span class='ocrx_word' id='word_1_557' title='bbox 3116 3659 3499 3756; x_wconf 63' lang='lat' dir='ltr'><strong>consistimus.</strong></span> 
     </span>
    </p>
   </div>
   <div class='ocr_carea' id='block_1_74' title="bbox 227 3754 1820 3862">
    <p class='ocr_par' dir='ltr' id='par_1_74' title="bbox 227 3754 1812 3838">
     <span class='ocr_line' id='line_1_77' title="bbox 227 3754 1812 3838; baseline 0.007 -27"><span class='ocrx_word' id='word_1_558' title='bbox 227 3754 392 3833; x_wconf 75' lang='grc' dir='ltr'>ἦσαν,</span> <span class='ocrx_word' id='word_1_559' title='bbox 428 3758 636 3814; x_wconf 79' lang='grc' dir='ltr'>καὶτὸν</span> <span class='ocrx_word' id='word_1_560' title='bbox 664 3760 798 3815; x_wconf 85' lang='grc' dir='ltr'>Θεὸν</span> <span class='ocrx_word' id='word_1_561' title='bbox 842 3760 1229 3834; x_wconf 80' lang='grc' dir='ltr'>εδυσώπησαν.</span> <span class='ocrx_word' id='word_1_562' title='bbox 1272 3763 1331 3817; x_wconf 88' lang='lat'>&#39;0</span> <span class='ocrx_word' id='word_1_563' title='bbox 1357 3763 1563 3838; x_wconf 79' lang='grc' dir='ltr'>λῃστὴς</span> <span class='ocrx_word' id='word_1_564' title='bbox 1610 3767 1812 3822; x_wconf 72' lang='grc' dir='ltr'>ἐσταυ-</span> 
     </span>
    </p>
   </div>
   <div class='ocr_carea' id='block_1_75' title="bbox 1924 3754 3504 3862">
    <p class='ocr_par' dir='ltr' id='par_1_75' title="bbox 1924 3762 3504 3862">
     <span class='ocr_line' id='line_1_78' title="bbox 1924 3762 3504 3862; baseline 0.021 -46"><span class='ocrx_word' id='word_1_565' title='bbox 1924 3762 2269 3826; x_wconf 73' lang='grc' dir='ltr'>Δεοεεεῑπιιυε</span> <span class='ocrx_word' id='word_1_566' title='bbox 2296 3775 2532 3839; x_wconf 86' lang='lat' dir='ltr'><strong>oraturi,</strong></span> <span class='ocrx_word' id='word_1_567' title='bbox 2569 3779 2868 3851; x_wconf 84' lang='lat' dir='ltr'><strong>statimque</strong></span> <span class='ocrx_word' id='word_1_568' title='bbox 2902 3795 3176 3842; x_wconf 81' lang='lat' dir='ltr'><strong>sexcentae</strong></span> <span class='ocrx_word' id='word_1_569' title='bbox 3208 3790 3504 3862; x_wconf 81' lang='lat' dir='ltr'><strong>cogitatio-</strong></span> 
     </span>
    </p>
   </div>
   <div class='ocr_carea' id='block_1_76' title="bbox 223 3850 1820 3945">
    <p class='ocr_par' dir='ltr' id='par_1_76' title="bbox 223 3850 1810 3931">
     <span class='ocr_line' id='line_1_79' title="bbox 223 3850 1810 3931; baseline 0.006 -26"><span class='ocrx_word' id='word_1_570' title='bbox 223 3850 403 3924; x_wconf 80' lang='grc' dir='ltr'>ρώθη,</span> <span class='ocrx_word' id='word_1_571' title='bbox 434 3852 529 3907; x_wconf 80' lang='grc' dir='ltr'>καὶ</span> <span class='ocrx_word' id='word_1_572' title='bbox 553 3855 581 3908; x_wconf 90' lang='grc' dir='ltr'><strong>ό</strong></span> <span class='ocrx_word' id='word_1_573' title='bbox 606 3853 839 3926; x_wconf 80' lang='grc' dir='ltr'>σταυρὸς</span> <span class='ocrx_word' id='word_1_574' title='bbox 866 3856 967 3909; x_wconf 84' lang='grc' dir='ltr'><strong>οὐκ</strong></span> <span class='ocrx_word' id='word_1_575' title='bbox 987 3855 1287 3920; x_wconf 73' lang='grc' dir='ltr'>ἐκώλυσεν,</span> <span class='ocrx_word' id='word_1_576' title='bbox 1312 3855 1448 3912; x_wconf 85' lang='grc' dir='ltr'>ἀλλὰ</span> <span class='ocrx_word' id='word_1_577' title='bbox 1476 3857 1810 3931; x_wconf 82' lang='grc' dir='ltr'>παράδεισον</span> 
     </span>
    </p>
   </div>
   <div class='ocr_carea' id='block_1_77' title="bbox 1924 3850 3498 3945">
    <p class='ocr_par' dir='ltr' id='par_1_77' title="bbox 1924 3850 3498 3945">
     <span class='ocr_line' id='line_1_80' title="bbox 1924 3850 3498 3945; baseline 0.021 -39"><span class='ocrx_word' id='word_1_578' title='bbox 1924 3868 2013 3909; x_wconf 80' lang='lat' dir='ltr'><strong>nes</strong></span> <span class='ocrx_word' id='word_1_579' title='bbox 2043 3856 2330 3929; x_wconf 80' lang='lat' dir='ltr'><strong>ingruunt,</strong></span> <span class='ocrx_word' id='word_1_580' title='bbox 2365 3872 2426 3917; x_wconf 87' lang='lat' dir='ltr'><strong>ut</strong></span> <span class='ocrx_word' id='word_1_581' title='bbox 2455 3880 2557 3921; x_wconf 83' lang='lat' dir='ltr'><strong>nos</strong></span> <span class='ocrx_word' id='word_1_582' title='bbox 2580 3867 2673 3923; x_wconf 90' lang='lat' dir='ltr'><strong>ille</strong></span> <span class='ocrx_word' id='word_1_583' title='bbox 2698 3850 2904 3933; x_wconf 80' lang='lat' dir='ltr'><strong>vacuos</strong></span> <span class='ocrx_word' id='word_1_584' title='bbox 2930 3876 3187 3945; x_wconf 82' lang='lat' dir='ltr'><strong>expellat.</strong></span> <span class='ocrx_word' id='word_1_585' title='bbox 3223 3877 3349 3938; x_wconf 64' lang='lat' dir='ltr'><strong>llaec</strong></span> <span class='ocrx_word' id='word_1_586' title='bbox 3371 3898 3498 3939; x_wconf 90' lang='lat' dir='ltr'><strong>cum</strong></span> 
     </span>
    </p>
   </div>
   <div class='ocr_carea' id='block_1_78' title="bbox 221 3943 1820 4031">
    <p class='ocr_par' dir='ltr' id='par_1_78' title="bbox 221 3944 1809 4022">
     <span class='ocr_line' id='line_1_81' title="bbox 221 3944 1809 4022; baseline 0.005 -24"><span class='ocrx_word' id='word_1_587' title='bbox 221 3944 459 4016; x_wconf 66' lang='grc' dir='ltr'>ἤνοιξεν.</span> <span class='ocrx_word' id='word_1_588' title='bbox 520 3946 577 4001; x_wconf 86' lang='lat' dir='ltr'><strong>&#39;O</strong></span> <span class='ocrx_word' id='word_1_589' title='bbox 620 3946 739 4001; x_wconf 87' lang='grc' dir='ltr'><strong>Ἰὼϐ</strong></span> <span class='ocrx_word' id='word_1_590' title='bbox 787 3949 846 4001; x_wconf 83' lang='grc' dir='ltr'>ὲν</span> <span class='ocrx_word' id='word_1_591' title='bbox 896 3949 1102 4022; x_wconf 74' lang='grc' dir='ltr'>κοπρίᾳ</span> <span class='ocrx_word' id='word_1_592' title='bbox 1128 3944 1217 4021; x_wconf 84' lang='grc' dir='ltr'><strong>ἦν,</strong></span> <span class='ocrx_word' id='word_1_593' title='bbox 1258 3951 1353 4004; x_wconf 74' lang='grc' dir='ltr'>καὶ</span> <span class='ocrx_word' id='word_1_594' title='bbox 1384 3949 1478 4006; x_wconf 88' lang='grc' dir='ltr'><strong>τὸν</strong></span> <span class='ocrx_word' id='word_1_595' title='bbox 1499 3950 1635 4007; x_wconf 84' lang='grc' dir='ltr'>Θεὸν</span> <span class='ocrx_word' id='word_1_596' title='bbox 1667 3952 1809 4008; x_wconf 79' lang='grc' dir='ltr'>ἵλεον</span> 
     </span>
    </p>
   </div>
   <div class='ocr_carea' id='block_1_79' title="bbox 1924 3943 3494 4031">
    <p class='ocr_par' dir='ltr' id='par_1_79' title="bbox 1924 3943 3494 4031">
     <span class='ocr_line' id='line_1_82' title="bbox 1924 3943 3494 4031; baseline 0.021 -33"><span class='ocrx_word' id='word_1_597' title='bbox 1924 3943 2023 4002; x_wconf 74' lang='lat' dir='ltr'><strong>Luis</strong></span> <span class='ocrx_word' id='word_1_598' title='bbox 2064 3946 2118 4001; x_wconf 91' lang='lat' dir='ltr'><strong>in</strong></span> <span class='ocrx_word' id='word_1_599' title='bbox 2147 3950 2491 4011; x_wconf 83' lang='lat' dir='ltr'><strong>orationibus</strong></span> <span class='ocrx_word' id='word_1_600' title='bbox 2541 3958 2773 4027; x_wconf 87' lang='lat' dir='ltr'><strong>sentias,</strong></span> <span class='ocrx_word' id='word_1_601' title='bbox 2835 3943 3054 4023; x_wconf 77' lang='lat' dir='ltr'><strong>intuere</strong></span> <span class='ocrx_word' id='word_1_602' title='bbox 3099 3967 3494 4031; x_wconf 85' lang='lat' dir='ltr'><strong>Chauanaeam.</strong></span> 
     </span>
    </p>
   </div>
   <div class='ocr_carea' id='block_1_80' title="bbox 219 4039 1820 4133">
    <p class='ocr_par' dir='ltr' id='par_1_80' title="bbox 219 4040 1805 4122">
     <span class='ocr_line' id='line_1_83' title="bbox 219 4040 1805 4122; baseline 0.006 -27"><span class='ocrx_word' id='word_1_603' title='bbox 219 4040 648 4098; x_wconf 80' lang='grc' dir='ltr'>κατεσκεύασεν.</span> <span class='ocrx_word' id='word_1_604' title='bbox 692 4043 868 4099; x_wconf 79' lang='grc' dir='ltr'>Ὅπου</span> <span class='ocrx_word' id='word_1_605' title='bbox 903 4044 1000 4100; x_wconf 81' lang='grc' dir='ltr'><strong>ἐὰν</strong></span> <span class='ocrx_word' id='word_1_606' title='bbox 1041 4041 1132 4121; x_wconf 74' lang='grc' dir='ltr'><strong>ᾖς,</strong></span> <span class='ocrx_word' id='word_1_607' title='bbox 1182 4044 1367 4119; x_wconf 79' lang='grc' dir='ltr'>εῦχου.</span> <span class='ocrx_word' id='word_1_608' title='bbox 1419 4048 1543 4103; x_wconf 76' lang='grc' dir='ltr'>Κᾶν</span> <span class='ocrx_word' id='word_1_609' title='bbox 1574 4047 1805 4122; x_wconf 77' lang='grc' dir='ltr'>δικαστῇ</span> 
     </span>
    </p>
   </div>
   <div class='ocr_carea' id='block_1_81' title="bbox 1924 4039 3496 4133">
    <p class='ocr_par' dir='ltr' id='par_1_81' title="bbox 1924 4039 3496 4133">
     <span class='ocr_line' id='line_1_84' title="bbox 1924 4039 3496 4133; baseline 0.019 -39"><span class='ocrx_word' id='word_1_610' title='bbox 1924 4039 2009 4096; x_wconf 76' lang='lat' dir='ltr'><strong>lst</strong></span> <span class='ocrx_word' id='word_1_611' title='bbox 2056 4041 2219 4099; x_wconf 78' lang='lat' dir='ltr'><strong>tiliam</strong></span> <span class='ocrx_word' id='word_1_612' title='bbox 2260 4062 2289 4101; x_wconf 90' lang='lat' dir='ltr'><strong>a</strong></span> <span class='ocrx_word' id='word_1_613' title='bbox 2340 4046 2593 4108; x_wconf 75' lang='lat' dir='ltr'><strong>daemone</strong></span> <span class='ocrx_word' id='word_1_614' title='bbox 2643 4064 2901 4113; x_wconf 82' lang='lat' dir='ltr'><strong>vexatam</strong></span> <span class='ocrx_word' id='word_1_615' title='bbox 2942 4074 3053 4115; x_wconf 91' lang='lat' dir='ltr'><strong>non</strong></span> <span class='ocrx_word' id='word_1_616' title='bbox 3104 4062 3296 4121; x_wconf 87' lang='lat' dir='ltr'><strong>habes.</strong></span> <span class='ocrx_word' id='word_1_617' title='bbox 3352 4065 3496 4133; x_wconf 80' lang='lat' dir='ltr'><strong>Quid</strong></span> 
     </span>
    </p>
   </div>
   <div class='ocr_carea' id='block_1_82' title="bbox 218 4133 1820 4224">
    <p class='ocr_par' dir='ltr' id='par_1_82' title="bbox 218 4136 1804 4216">
     <span class='ocr_line' id='line_1_85' title="bbox 218 4136 1804 4216; baseline 0.005 -26"><span class='ocrx_word' id='word_1_618' title='bbox 218 4138 540 4209; x_wconf 75' lang='grc' dir='ltr'>παραστῇς,</span> <span class='ocrx_word' id='word_1_619' title='bbox 597 4136 779 4210; x_wconf 72' lang='grc' dir='ltr'>εὔχου.</span> <span class='ocrx_word' id='word_1_620' title='bbox 837 4138 1007 4195; x_wconf 83' lang='grc' dir='ltr'>Ὅταν</span> <span class='ocrx_word' id='word_1_621' title='bbox 1049 4139 1342 4212; x_wconf 80' lang='grc' dir='ltr'>ὀργίζηταί</span> <span class='ocrx_word' id='word_1_622' title='bbox 1392 4156 1477 4195; x_wconf 85' lang='grc' dir='ltr'><strong>σοι</strong></span> <span class='ocrx_word' id='word_1_623' title='bbox 1514 4140 1804 4216; x_wconf 76' lang='grc' dir='ltr'>δικαστὴς,</span> 
     </span>
    </p>
   </div>
   <div class='ocr_carea' id='block_1_83' title="bbox 1924 4133 3495 4224">
    <p class='ocr_par' dir='ltr' id='par_1_83' title="bbox 1924 4133 3495 4224">
     <span class='ocr_line' id='line_1_86' title="bbox 1924 4133 3495 4224; baseline 0.02 -37"><span class='ocrx_word' id='word_1_624' title='bbox 1924 4133 2418 4199; x_wconf 69' lang='lat' dir='ltr'><strong>lixitChanana&#39;a?</strong></span> <span class='ocrx_word' id='word_1_625' title='bbox 2454 4143 2710 4203; x_wconf 72' lang='lat' dir='ltr'><strong>Miserere</strong></span> <span class='ocrx_word' id='word_1_626' title='bbox 2756 4153 2857 4207; x_wconf 77' lang='lat' dir='ltr'><strong>mei</strong></span> <span class='ocrx_word' id='word_1_627' title='bbox 2897 4167 2917 4210; x_wconf 88' lang='lat'><strong><em>:</em></strong></span> <span class='ocrx_word' id='word_1_628' title='bbox 2966 4156 3086 4224; x_wconf 78' lang='lat' dir='ltr'><strong>ﬁlia</strong></span> <span class='ocrx_word' id='word_1_629' title='bbox 3137 4174 3253 4213; x_wconf 87' lang='lat' dir='ltr'><strong>mea</strong></span> <span class='ocrx_word' id='word_1_630' title='bbox 3299 4162 3495 4217; x_wconf 85' lang='lat' dir='ltr'><strong>malea</strong></span> 
     </span>
    </p>
   </div>
   <div class='ocr_carea' id='block_1_84' title="bbox 215 4226 1820 4324">
    <p class='ocr_par' dir='ltr' id='par_1_84' title="bbox 215 4226 1803 4304">
     <span class='ocr_line' id='line_1_87' title="bbox 215 4226 1803 4304; baseline 0.006 -21"><span class='ocrx_word' id='word_1_631' title='bbox 215 4227 404 4299; x_wconf 83' lang='grc' dir='ltr'>εῦχου.</span> <span class='ocrx_word' id='word_1_632' title='bbox 436 4229 696 4284; x_wconf 88' lang='grc' dir='ltr'>Θάλασσα</span> <span class='ocrx_word' id='word_1_633' title='bbox 720 4226 787 4301; x_wconf 81' lang='grc' dir='ltr'>ἦν</span> <span class='ocrx_word' id='word_1_634' title='bbox 809 4229 1141 4304; x_wconf 77' lang='grc' dir='ltr'>ἔμπροσθεν,</span> <span class='ocrx_word' id='word_1_635' title='bbox 1167 4230 1395 4288; x_wconf 79' lang='grc' dir='ltr'>ὄπισθεν</span> <span class='ocrx_word' id='word_1_636' title='bbox 1418 4232 1469 4287; x_wconf 85' lang='grc' dir='ltr'><strong>οί</strong></span> <span class='ocrx_word' id='word_1_637' title='bbox 1513 4232 1803 4304; x_wconf 77' lang='grc' dir='ltr'>Αἰγύπτιοι</span> 
     </span>
    </p>
   </div>
   <div class='ocr_carea' id='block_1_85' title="bbox 1924 4226 3492 4324">
    <p class='ocr_par' dir='ltr' id='par_1_85' title="bbox 1924 4230 3492 4324">
     <span class='ocr_line' id='line_1_88' title="bbox 1924 4230 3492 4324; baseline 0.02 -43"><span class='ocrx_word' id='word_1_638' title='bbox 1924 4230 2167 4289; x_wconf 76' lang='grc' dir='ltr'>ίωηιοηὶο</span> <span class='ocrx_word' id='word_1_639' title='bbox 2197 4233 2363 4307; x_wconf 68' lang='grc'><strong>470</strong></span> <span class='ocrx_word' id='word_1_640' title='bbox 2392 4246 2683 4312; x_wconf 82' lang='lat' dir='ltr'><strong>torquetur.</strong></span> <span class='ocrx_word' id='word_1_641' title='bbox 2706 4242 2938 4317; x_wconf 77' lang='lat' dir='ltr'><strong>Magnus</strong></span> <span class='ocrx_word' id='word_1_642' title='bbox 2961 4248 3172 4305; x_wconf 65' lang='lat' dir='ltr'><strong>daemon</strong></span> <span class='ocrx_word' id='word_1_643' title='bbox 3195 4259 3280 4310; x_wconf 87' lang='lat' dir='ltr'><strong>est</strong></span> <span class='ocrx_word' id='word_1_644' title='bbox 3303 4269 3492 4324; x_wconf 87' lang='lat' dir='ltr'><strong>pecca-</strong></span> 
     </span>
    </p>
   </div>
   <div class='ocr_carea' id='block_1_86' title="bbox 214 4320 1820 4415">
    <p class='ocr_par' dir='ltr' id='par_1_86' title="bbox 214 4320 1802 4402">
     <span class='ocr_line' id='line_1_89' title="bbox 214 4320 1802 4402; baseline 0.006 -26"><span class='ocrx_word' id='word_1_645' title='bbox 214 4320 465 4388; x_wconf 80' lang='grc' dir='ltr'>ὲδίωκον,</span> <span class='ocrx_word' id='word_1_646' title='bbox 496 4321 661 4393; x_wconf 81' lang='grc' dir='ltr'>μέσος</span> <span class='ocrx_word' id='word_1_647' title='bbox 687 4324 718 4378; x_wconf 91' lang='grc' dir='ltr'><strong>ό</strong></span> <span class='ocrx_word' id='word_1_648' title='bbox 750 4323 976 4394; x_wconf 82' lang='grc' dir='ltr'>Μωσῆς.</span> <span class='ocrx_word' id='word_1_649' title='bbox 1008 4323 1189 4396; x_wconf 79' lang='grc' dir='ltr'>Πολλὴ</span> <span class='ocrx_word' id='word_1_650' title='bbox 1233 4326 1367 4399; x_wconf 83' lang='grc' dir='ltr'>εὐχὴ</span> <span class='ocrx_word' id='word_1_651' title='bbox 1403 4328 1462 4382; x_wconf 83' lang='grc' dir='ltr'>ὲν</span> <span class='ocrx_word' id='word_1_652' title='bbox 1507 4330 1574 4402; x_wconf 79' lang='grc' dir='ltr'>τῇ</span> <span class='ocrx_word' id='word_1_653' title='bbox 1620 4347 1802 4385; x_wconf 83' lang='grc' dir='ltr'>στενο-</span> 
     </span>
    </p>
   </div>
   <div class='ocr_carea' id='block_1_87' title="bbox 1924 4320 3490 4415">
    <p class='ocr_par' dir='ltr' id='par_1_87' title="bbox 1929 4324 3490 4415">
     <span class='ocr_line' id='line_1_90' title="bbox 1929 4324 3490 4415; baseline 0.018 -37"><span class='ocrx_word' id='word_1_654' title='bbox 1929 4339 2040 4380; x_wconf 87' lang='lat' dir='ltr'><strong>um.</strong></span> <span class='ocrx_word' id='word_1_655' title='bbox 2078 4324 2182 4393; x_wconf 87' lang='lat' dir='ltr'><strong>Qui</strong></span> <span class='ocrx_word' id='word_1_656' title='bbox 2231 4329 2523 4387; x_wconf 85' lang='lat' dir='ltr'><strong>obsidetur</strong></span> <span class='ocrx_word' id='word_1_657' title='bbox 2572 4349 2601 4388; x_wconf 88' lang='lat' dir='ltr'><strong>a</strong></span> <span class='ocrx_word' id='word_1_658' title='bbox 2652 4336 2925 4406; x_wconf 77' lang='lat' dir='ltr'><strong>daemone,</strong></span> <span class='ocrx_word' id='word_1_659' title='bbox 2984 4342 3331 4401; x_wconf 87' lang='lat' dir='ltr'><strong>miserationi</strong></span> <span class='ocrx_word' id='word_1_660' title='bbox 3379 4357 3490 4415; x_wconf 84' lang='lat' dir='ltr'><strong>est,</strong></span> 
     </span>
    </p>
   </div>
   <div class='ocr_carea' id='block_1_88' title="bbox 213 4413 1820 4503">
    <p class='ocr_par' dir='ltr' id='par_1_88' title="bbox 213 4413 1800 4493">
     <span class='ocr_line' id='line_1_91' title="bbox 213 4413 1800 4493; baseline 0.006 -24"><span class='ocrx_word' id='word_1_661' title='bbox 213 4413 417 4489; x_wconf 76' lang='grc' dir='ltr'>χωρίαο</span> <span class='ocrx_word' id='word_1_662' title='bbox 443 4414 581 4471; x_wconf 71' lang='lat' dir='ltr'><strong>am</strong></span> <span class='ocrx_word' id='word_1_663' title='bbox 620 4417 767 4489; x_wconf 83' lang='grc' dir='ltr'>μέγα</span> <span class='ocrx_word' id='word_1_664' title='bbox 795 4416 857 4471; x_wconf 92' lang='grc' dir='ltr'><strong>τὸ</strong></span> <span class='ocrx_word' id='word_1_665' title='bbox 908 4417 1147 4487; x_wconf 85' lang='grc' dir='ltr'>πέλαγος</span> <span class='ocrx_word' id='word_1_666' title='bbox 1183 4417 1284 4489; x_wconf 81' lang='grc' dir='ltr'><strong>τῆς</strong></span> <span class='ocrx_word' id='word_1_667' title='bbox 1322 4419 1514 4493; x_wconf 84' lang='grc' dir='ltr'>εὐχῆς.</span> <span class='ocrx_word' id='word_1_668' title='bbox 1534 4424 1800 4479; x_wconf 83' lang='grc' dir='ltr'>Ὅπισθεν</span> 
     </span>
    </p>
   </div>
   <div class='ocr_carea' id='block_1_89' title="bbox 1924 4413 3492 4503">
    <p class='ocr_par' dir='ltr' id='par_1_89' title="bbox 1924 4418 3492 4503">
     <span class='ocr_line' id='line_1_92' title="bbox 1924 4418 3492 4503; baseline 0.018 -31"><span class='ocrx_word' id='word_1_669' title='bbox 1924 4418 2049 4488; x_wconf 73' lang='grc' dir='ltr'><strong>ιάἱο,</strong></span> <span class='ocrx_word' id='word_1_670' title='bbox 2084 4419 2179 4494; x_wconf 86' lang='lat' dir='ltr'><strong>qui</strong></span> <span class='ocrx_word' id='word_1_671' title='bbox 2215 4433 2426 4494; x_wconf 89' lang='lat' dir='ltr'><strong>peccat.</strong></span> <span class='ocrx_word' id='word_1_672' title='bbox 2468 4430 2564 4487; x_wconf 88' lang='lat' dir='ltr'><strong>Ille</strong></span> <span class='ocrx_word' id='word_1_673' title='bbox 2597 4433 2813 4488; x_wconf 89' lang='lat' dir='ltr'><strong>veniam</strong></span> <span class='ocrx_word' id='word_1_674' title='bbox 2847 4436 3084 4503; x_wconf 82' lang='lat' dir='ltr'><strong>obtinet,</strong></span> <span class='ocrx_word' id='word_1_675' title='bbox 3125 4439 3218 4495; x_wconf 89' lang='lat' dir='ltr'><strong>hic</strong></span> <span class='ocrx_word' id='word_1_676' title='bbox 3262 4456 3492 4501; x_wconf 86' lang='lat' dir='ltr'><strong>excusa-</strong></span> 
     </span>
    </p>
   </div>
   <div class='ocr_carea' id='block_1_90' title="bbox 208 4509 1820 4603">
    <p class='ocr_par' dir='ltr' id='par_1_90' title="bbox 208 4509 1797 4588">
     <span class='ocr_line' id='line_1_93' title="bbox 208 4509 1797 4588; baseline 0.007 -24"><span class='ocrx_word' id='word_1_677' title='bbox 208 4511 267 4564; x_wconf 80' lang='grc' dir='ltr'>οἱ</span> <span class='ocrx_word' id='word_1_678' title='bbox 298 4509 585 4580; x_wconf 75' lang='grc' dir='ltr'>Αἰγύπτιοι</span> <span class='ocrx_word' id='word_1_679' title='bbox 622 4510 871 4579; x_wconf 73' lang='grc' dir='ltr'>ἐδίωκον,</span> <span class='ocrx_word' id='word_1_680' title='bbox 911 4512 1007 4569; x_wconf 87' lang='grc' dir='ltr'><strong>καί</strong></span> <span class='ocrx_word' id='word_1_681' title='bbox 1048 4512 1189 4586; x_wconf 77' lang='grc' dir='ltr'>μέση</span> <span class='ocrx_word' id='word_1_682' title='bbox 1220 4516 1253 4587; x_wconf 80' lang='grc' dir='ltr'><strong>ἡ</strong></span> <span class='ocrx_word' id='word_1_683' title='bbox 1286 4515 1443 4588; x_wconf 84' lang='grc' dir='ltr'>εὐχή.</span> <span class='ocrx_word' id='word_1_684' title='bbox 1476 4518 1587 4573; x_wconf 79' lang='grc' dir='ltr'><strong>Καὶ</strong></span> <span class='ocrx_word' id='word_1_685' title='bbox 1642 4519 1797 4575; x_wconf 78' lang='grc' dir='ltr'>οὐδὲν</span> 
     </span>
    </p>
   </div>
   <div class='ocr_carea' id='block_1_91' title="bbox 1924 4509 3488 4603">
    <p class='ocr_par' dir='ltr' id='par_1_91' title="bbox 1926 4513 3488 4603">
     <span class='ocr_line' id='line_1_94' title="bbox 1926 4513 3488 4603; baseline 0.017 -36"><span class='ocrx_word' id='word_1_686' title='bbox 1926 4513 2050 4570; x_wconf 88' lang='lat' dir='ltr'><strong>ione</strong></span> <span class='ocrx_word' id='word_1_687' title='bbox 2097 4524 2272 4574; x_wconf 88' lang='lat' dir='ltr'><strong>caret.</strong></span> <span class='ocrx_word' id='word_1_688' title='bbox 2327 4518 2583 4579; x_wconf 78' lang='lat' dir='ltr'><strong>Miserere</strong></span> <span class='ocrx_word' id='word_1_689' title='bbox 2629 4526 2749 4581; x_wconf 83' lang='lat' dir='ltr'><strong>mei.</strong></span> <span class='ocrx_word' id='word_1_690' title='bbox 2796 4527 3066 4601; x_wconf 80' lang='lat' dir='ltr'><strong>Exiguum</strong></span> <span class='ocrx_word' id='word_1_691' title='bbox 3110 4533 3381 4603; x_wconf 83' lang='lat' dir='ltr'><strong>verbum;</strong></span> <span class='ocrx_word' id='word_1_692' title='bbox 3431 4547 3488 4595; x_wconf 86' lang='lat' dir='ltr'><strong>at</strong></span> 
     </span>
    </p>
   </div>
   <div class='ocr_carea' id='block_1_92' title="bbox 208 4604 1820 4700">
    <p class='ocr_par' dir='ltr' id='par_1_92' title="bbox 208 4604 1794 4684">
     <span class='ocr_line' id='line_1_95' title="bbox 208 4604 1794 4684; baseline 0.006 -23"><span class='ocrx_word' id='word_1_693' title='bbox 208 4604 395 4661; x_wconf 69' lang='grc' dir='ltr'>ἐλάλει</span> <span class='ocrx_word' id='word_1_694' title='bbox 413 4606 651 4680; x_wconf 84' lang='grc' dir='ltr'><strong>Μωσῆς·</strong></span> <span class='ocrx_word' id='word_1_695' title='bbox 678 4607 774 4661; x_wconf 79' lang='grc' dir='ltr'>καὶ</span> <span class='ocrx_word' id='word_1_696' title='bbox 794 4606 945 4673; x_wconf 76' lang='grc' dir='ltr'>λέγει</span> <span class='ocrx_word' id='word_1_697' title='bbox 972 4606 1123 4683; x_wconf 79' lang='grc' dir='ltr'><strong>αὐτῷ</strong></span> <span class='ocrx_word' id='word_1_698' title='bbox 1140 4608 1170 4663; x_wconf 90' lang='grc' dir='ltr'><strong>ό</strong></span> <span class='ocrx_word' id='word_1_699' title='bbox 1202 4608 1355 4675; x_wconf 84' lang='grc' dir='ltr'>Θεὸς,</span> <span class='ocrx_word' id='word_1_700' title='bbox 1387 4611 1447 4665; x_wconf 83' lang='grc' dir='ltr'>Τί</span> <span class='ocrx_word' id='word_1_701' title='bbox 1463 4610 1622 4681; x_wconf 78' lang='grc' dir='ltr'>,βοᾷς</span> <span class='ocrx_word' id='word_1_702' title='bbox 1642 4616 1794 4684; x_wconf 79' lang='grc' dir='ltr'>πρός</span> 
     </span>
    </p>
   </div>
   <div class='ocr_carea' id='block_1_93' title="bbox 1924 4604 3482 4700">
    <p class='ocr_par' dir='ltr' id='par_1_93' title="bbox 1924 4608 3482 4700">
     <span class='ocr_line' id='line_1_96' title="bbox 1924 4608 3482 4700; baseline 0.015 -38"><span class='ocrx_word' id='word_1_703' title='bbox 1924 4608 2260 4681; x_wconf 62' lang='lat' dir='ltr'><strong>benignitatis</strong></span> <span class='ocrx_word' id='word_1_704' title='bbox 2311 4623 2395 4669; x_wconf 89' lang='lat' dir='ltr'><strong>est</strong></span> <span class='ocrx_word' id='word_1_705' title='bbox 2426 4617 2673 4688; x_wconf 87' lang='lat' dir='ltr'><strong>pelagus.</strong></span> <span class='ocrx_word' id='word_1_706' title='bbox 2728 4618 2828 4677; x_wconf 88' lang='lat' dir='ltr'><strong>Ubi</strong></span> <span class='ocrx_word' id='word_1_707' title='bbox 2876 4624 3021 4678; x_wconf 88' lang='lat' dir='ltr'><strong>enim</strong></span> <span class='ocrx_word' id='word_1_708' title='bbox 3079 4628 3482 4700; x_wconf 89' lang='lat' dir='ltr'><strong>misericordia,</strong></span> 
     </span>
    </p>
   </div>
   <div class='ocr_carea' id='block_1_94' title="bbox 201 4698 1820 4788">
    <p class='ocr_par' dir='ltr' id='par_1_94' title="bbox 201 4701 1789 4780">
     <span class='ocr_line' id='line_1_97' title="bbox 201 4701 1789 4780; baseline 0.006 -25"><span class='ocrx_word' id='word_1_709' title='bbox 201 4717 315 4772; x_wconf 85' lang='grc' dir='ltr'>με;</span> <span class='ocrx_word' id='word_1_710' title='bbox 348 4701 469 4757; x_wconf 80' lang='grc' dir='ltr'><strong>Κᾶν</strong></span> <span class='ocrx_word' id='word_1_711' title='bbox 502 4701 561 4755; x_wconf 87' lang='grc' dir='ltr'><strong>τὸ</strong></span> <span class='ocrx_word' id='word_1_712' title='bbox 614 4701 795 4773; x_wconf 88' lang='grc' dir='ltr'>στόμα</span> <span class='ocrx_word' id='word_1_713' title='bbox 844 4719 940 4756; x_wconf 88' lang='grc' dir='ltr'><strong>σου</strong></span> <span class='ocrx_word' id='word_1_714' title='bbox 1006 4703 1165 4777; x_wconf 72' lang='grc' dir='ltr'>σιγᾷ,</span> <span class='ocrx_word' id='word_1_715' title='bbox 1215 4702 1395 4776; x_wconf 77' lang='grc' dir='ltr'><strong>ἀλλ’ἢ</strong></span> <span class='ocrx_word' id='word_1_716' title='bbox 1450 4706 1651 4780; x_wconf 78' lang='grc' dir='ltr'>καρδία</span> <span class='ocrx_word' id='word_1_717' title='bbox 1696 4725 1789 4767; x_wconf 84' lang='grc' dir='ltr'><strong>σου</strong></span> 
     </span>
    </p>
   </div>
   <div class='ocr_carea' id='block_1_95' title="bbox 1924 4698 3479 4788">
    <p class='ocr_par' dir='ltr' id='par_1_95' title="bbox 1924 4698 3479 4788">
     <span class='ocr_line' id='line_1_98' title="bbox 1924 4698 3479 4788; baseline 0.015 -35"><span class='ocrx_word' id='word_1_718' title='bbox 1924 4698 2011 4755; x_wconf 89' lang='lat' dir='ltr'><strong>llic</strong></span> <span class='ocrx_word' id='word_1_719' title='bbox 2031 4699 2213 4756; x_wconf 88' lang='lat' dir='ltr'><strong>omnia</strong></span> <span class='ocrx_word' id='word_1_720' title='bbox 2245 4702 2388 4760; x_wconf 88' lang='lat' dir='ltr'><strong>bona</strong></span> <span class='ocrx_word' id='word_1_721' title='bbox 2422 4714 2572 4762; x_wconf 87' lang='lat' dir='ltr'><strong>sunt.</strong></span> <span class='ocrx_word' id='word_1_722' title='bbox 2595 4708 2709 4766; x_wconf 79' lang='lat' dir='ltr'><strong>Etsi</strong></span> <span class='ocrx_word' id='word_1_723' title='bbox 2732 4720 2887 4769; x_wconf 82' lang='lat' dir='ltr'><strong>extra</strong></span> <span class='ocrx_word' id='word_1_724' title='bbox 2922 4715 3189 4788; x_wconf 88' lang='lat' dir='ltr'><strong>templum</strong></span> <span class='ocrx_word' id='word_1_725' title='bbox 3216 4721 3479 4784; x_wconf 85' lang='lat' dir='ltr'><strong>versaris,</strong></span> 
     </span>
    </p>
   </div>
   <div class='ocr_carea' id='block_1_96' title="bbox 209 4793 1820 4880">
    <p class='ocr_par' dir='ltr' id='par_1_96' title="bbox 209 4797 1790 4875">
     <span class='ocr_line' id='line_1_99' title="bbox 209 4797 1790 4875; baseline 0.002 -21"><span class='ocrx_word' id='word_1_726' title='bbox 209 4797 335 4871; x_wconf 78' lang='grc' dir='ltr'>βοᾷ.</span> <span class='ocrx_word' id='word_1_727' title='bbox 376 4800 487 4855; x_wconf 78' lang='grc' dir='ltr'><strong>Καὶ</strong></span> <span class='ocrx_word' id='word_1_728' title='bbox 522 4799 588 4855; x_wconf 80' lang='grc' dir='ltr'><strong>σὺ</strong></span> <span class='ocrx_word' id='word_1_729' title='bbox 612 4800 744 4856; x_wconf 82' lang='grc' dir='ltr'>ὅταν</span> <span class='ocrx_word' id='word_1_730' title='bbox 798 4802 1088 4873; x_wconf 85' lang='grc' dir='ltr'>παραστῇς</span> <span class='ocrx_word' id='word_1_731' title='bbox 1118 4801 1347 4874; x_wconf 80' lang='grc' dir='ltr'>δικαστῇ</span> <span class='ocrx_word' id='word_1_732' title='bbox 1386 4803 1660 4875; x_wconf 84' lang='grc' dir='ltr'>μεμηνότι</span> <span class='ocrx_word' id='word_1_733' title='bbox 1696 4805 1790 4859; x_wconf 69' lang='grc' dir='ltr'><strong>καὶ</strong></span> 
     </span>
    </p>
   </div>
   <div class='ocr_carea' id='block_1_97' title="bbox 1924 4793 3479 4880">
    <p class='ocr_par' dir='ltr' id='par_1_97' title="bbox 1924 4793 3479 4880">
     <span class='ocr_line' id='line_1_100' title="bbox 1924 4793 3479 4880; baseline 0.014 -32"><span class='ocrx_word' id='word_1_734' title='bbox 1924 4793 2259 4855; x_wconf 76' lang='grc' dir='ltr'><strong>ιίιιίιοηιίηυε</strong></span> <span class='ocrx_word' id='word_1_735' title='bbox 2279 4800 2548 4869; x_wconf 89' lang='lat' dir='ltr'><strong>clama,et</strong></span> <span class='ocrx_word' id='word_1_736' title='bbox 2569 4802 2659 4860; x_wconf 91' lang='lat' dir='ltr'><strong>dic</strong></span> <span class='ocrx_word' id='word_1_737' title='bbox 2690 4823 2703 4860; x_wconf 91' lang='lat'><strong>:</strong></span> <span class='ocrx_word' id='word_1_738' title='bbox 2735 4804 2996 4864; x_wconf 78' lang='lat' dir='ltr'><strong>Miserere</strong></span> <span class='ocrx_word' id='word_1_739' title='bbox 3017 4811 3153 4880; x_wconf 88' lang='lat' dir='ltr'><strong>mei;</strong></span> <span class='ocrx_word' id='word_1_740' title='bbox 3190 4826 3299 4868; x_wconf 87' lang='lat' dir='ltr'><strong>non</strong></span> <span class='ocrx_word' id='word_1_741' title='bbox 3330 4813 3479 4870; x_wconf 84' lang='lat' dir='ltr'><strong>labra</strong></span> 
     </span>
    </p>
   </div>
   <div class='ocr_carea' id='block_1_98' title="bbox 204 4892 1790 4969">
    <p class='ocr_par' dir='ltr' id='par_1_98' title="bbox 204 4892 1790 4969">
     <span class='ocr_line' id='line_1_101' title="bbox 204 4892 1790 4969; baseline 0.003 -22"><span class='ocrx_word' id='word_1_742' title='bbox 204 4892 587 4964; x_wconf 78' lang='grc' dir='ltr'>τυραννοῦντι,</span> <span class='ocrx_word' id='word_1_743' title='bbox 618 4893 713 4949; x_wconf 74' lang='grc' dir='ltr'>καὶ</span> <span class='ocrx_word' id='word_1_744' title='bbox 749 4893 837 4948; x_wconf 70' lang='grc' dir='ltr'><strong>ἐπ’</strong></span> <span class='ocrx_word' id='word_1_745' title='bbox 866 4893 1047 4949; x_wconf 78' lang='grc' dir='ltr'>αὐτῶν</span> <span class='ocrx_word' id='word_1_746' title='bbox 1083 4894 1197 4949; x_wconf 85' lang='grc' dir='ltr'><strong>τῶν</strong></span> <span class='ocrx_word' id='word_1_747' title='bbox 1242 4895 1473 4966; x_wconf 81' lang='grc' dir='ltr'>δημίων,</span> <span class='ocrx_word' id='word_1_748' title='bbox 1507 4895 1669 4969; x_wconf 71' lang='grc' dir='ltr'>εὔχου</span> <span class='ocrx_word' id='word_1_749' title='bbox 1712 4898 1790 4969; x_wconf 73' lang='grc' dir='ltr'>τῷ</span> 
     </span>
    </p>
   </div>
   <div class='ocr_carea' id='block_1_99' title="bbox 205 4984 1785 5059">
    <p class='ocr_par' dir='ltr' id='par_1_99' title="bbox 205 4984 1785 5059">
     <span class='ocr_line' id='line_1_102' title="bbox 205 4984 1785 5059; baseline 0.005 -20"><span class='ocrx_word' id='word_1_750' title='bbox 205 4984 351 5057; x_wconf 82' lang='grc' dir='ltr'>Θεῷ.</span> <span class='ocrx_word' id='word_1_751' title='bbox 379 4985 687 5059; x_wconf 79' lang='grc' dir='ltr'>Εὐχομένου</span> <span class='ocrx_word' id='word_1_752' title='bbox 721 4986 779 5042; x_wconf 82' lang='grc' dir='ltr'><strong>δέ</strong></span> <span class='ocrx_word' id='word_1_753' title='bbox 811 5004 931 5054; x_wconf 89' lang='grc' dir='ltr'>σου,</span> <span class='ocrx_word' id='word_1_754' title='bbox 966 4987 1035 5043; x_wconf 76' lang='grc' dir='ltr'>τὰ</span> <span class='ocrx_word' id='word_1_755' title='bbox 1080 4988 1302 5059; x_wconf 86' lang='grc' dir='ltr'>κύματα</span> <span class='ocrx_word' id='word_1_756' title='bbox 1336 4990 1785 5048; x_wconf 83' lang='grc' dir='ltr'>καταστέλλεται.</span> 
     </span>
    </p>
   </div>
   <div class='ocr_carea' id='block_1_100' title="bbox 216 5079 1786 5157">
    <p class='ocr_par' dir='ltr' id='par_1_100' title="bbox 216 5079 1786 5157">
     <span class='ocr_line' id='line_1_103' title="bbox 216 5079 1786 5157; baseline 0.003 -22"><span class='ocrx_word' id='word_1_757' title='bbox 216 5081 282 5135; x_wconf 88' lang='grc' dir='ltr'><strong>Ὀ</strong></span> <span class='ocrx_word' id='word_1_758' title='bbox 302 5080 563 5153; x_wconf 80' lang='grc' dir='ltr'>δικαστὴς</span> <span class='ocrx_word' id='word_1_759' title='bbox 588 5081 682 5136; x_wconf 74' lang='grc' dir='ltr'>ἐπὶ</span> <span class='ocrx_word' id='word_1_760' title='bbox 710 5079 768 5136; x_wconf 86' lang='grc' dir='ltr'><strong>σέ</strong></span> <span class='ocrx_word' id='word_1_761' title='bbox 792 5098 808 5150; x_wconf 88' lang='lat'><strong>;</strong></span> <span class='ocrx_word' id='word_1_762' title='bbox 831 5082 970 5153; x_wconf 82' lang='grc' dir='ltr'>πρὸς</span> <span class='ocrx_word' id='word_1_763' title='bbox 992 5083 1084 5137; x_wconf 88' lang='grc' dir='ltr'><strong>τὸν</strong></span> <span class='ocrx_word' id='word_1_764' title='bbox 1105 5082 1241 5136; x_wconf 82' lang='grc' dir='ltr'>Θεὸν</span> <span class='ocrx_word' id='word_1_765' title='bbox 1269 5081 1439 5154; x_wconf 85' lang='grc' dir='ltr'>φεῦγε</span> <span class='ocrx_word' id='word_1_766' title='bbox 1461 5088 1474 5102; x_wconf 88' lang='grc'>⁶</span> <span class='ocrx_word' id='word_1_767' title='bbox 1520 5082 1575 5137; x_wconf 91' lang='lat'><strong>&#39;0</strong></span> <span class='ocrx_word' id='word_1_768' title='bbox 1601 5084 1786 5157; x_wconf 78' lang='grc' dir='ltr'>ἄρχων</span> 
     </span>
    </p>
   </div>
   <div class='ocr_carea' id='block_1_101' title="bbox 202 5173 1784 5250">
    <p class='ocr_par' dir='ltr' id='par_1_101' title="bbox 202 5173 1784 5250">
     <span class='ocr_line' id='line_1_104' title="bbox 202 5173 1784 5250; baseline 0.004 -23"><span class='ocrx_word' id='word_1_769' title='bbox 202 5173 439 5244; x_wconf 78' lang='grc' dir='ltr'>πλησίον</span> <span class='ocrx_word' id='word_1_770' title='bbox 477 5191 602 5244; x_wconf 72' lang='lat' dir='ltr'><strong>nou;</strong></span> <span class='ocrx_word' id='word_1_771' title='bbox 660 5175 726 5229; x_wconf 79' lang='grc' dir='ltr'><strong>σὺ</strong></span> <span class='ocrx_word' id='word_1_772' title='bbox 759 5176 850 5230; x_wconf 79' lang='grc' dir='ltr'><strong>τὸν</strong></span> <span class='ocrx_word' id='word_1_773' title='bbox 896 5175 1174 5246; x_wconf 84' lang='grc' dir='ltr'>Δεσπότην</span> <span class='ocrx_word' id='word_1_774' title='bbox 1228 5173 1639 5247; x_wconf 84' lang='grc' dir='ltr'>παρακάλεσον.</span> <span class='ocrx_word' id='word_1_775' title='bbox 1692 5179 1784 5250; x_wconf 80' lang='grc' dir='ltr'><strong>Μὴ</strong></span> 
     </span>
    </p>
   </div>
   <div class='ocr_carea' id='block_1_102' title="bbox 198 5265 1783 5341">
    <p class='ocr_par' dir='ltr' id='par_1_102' title="bbox 198 5265 1783 5341">
     <span class='ocr_line' id='line_1_105' title="bbox 198 5265 1783 5341; baseline 0.002 -20"><span class='ocrx_word' id='word_1_776' title='bbox 198 5266 316 5340; x_wconf 79' lang='grc' dir='ltr'>γὰρ</span> <span class='ocrx_word' id='word_1_777' title='bbox 349 5265 637 5339; x_wconf 77' lang='grc' dir='ltr'>ἄνθρωπός</span> <span class='ocrx_word' id='word_1_778' title='bbox 656 5269 845 5339; x_wconf 59' lang='lat' dir='ltr'><strong>tortu;</strong></span> <span class='ocrx_word' id='word_1_779' title='bbox 877 5270 965 5325; x_wconf 78' lang='grc' dir='ltr'><strong>ἀεὶ</strong></span> <span class='ocrx_word' id='word_1_780' title='bbox 990 5266 1162 5339; x_wconf 76' lang='grc' dir='ltr'>ἐγγύς</span> <span class='ocrx_word' id='word_1_781' title='bbox 1192 5268 1336 5334; x_wconf 69' lang='grc' dir='ltr'>ἐστι,</span> <span class='ocrx_word' id='word_1_782' title='bbox 1366 5268 1466 5322; x_wconf 63' lang='grc' dir='ltr'><strong>καί⁸</strong></span> <span class='ocrx_word' id='word_1_783' title='bbox 1499 5269 1783 5341; x_wconf 78' lang='grc' dir='ltr'>πανταχοῦ</span> 
     </span>
    </p>
   </div>
   <div class='ocr_carea' id='block_1_103' title="bbox 200 5360 1783 5435">
    <p class='ocr_par' dir='ltr' id='par_1_103' title="bbox 200 5360 1783 5435">
     <span class='ocr_line' id='line_1_106' title="bbox 200 5360 1783 5435; baseline 0.001 -19"><span class='ocrx_word' id='word_1_784' title='bbox 200 5364 343 5426; x_wconf 77' lang='grc' dir='ltr'>ἐστι,</span> <span class='ocrx_word' id='word_1_785' title='bbox 372 5361 469 5415; x_wconf 77' lang='grc' dir='ltr'><strong>καὶ</strong></span> <span class='ocrx_word' id='word_1_786' title='bbox 514 5360 695 5417; x_wconf 84' lang='grc' dir='ltr'>πάντα</span> <span class='ocrx_word' id='word_1_787' title='bbox 736 5361 955 5435; x_wconf 75' lang='grc' dir='ltr'>πληροῖ.</span> <span class='ocrx_word' id='word_1_788' title='bbox 1005 5360 1133 5416; x_wconf 80' lang='grc' dir='ltr'><strong>Ἐὰν</strong></span> <span class='ocrx_word' id='word_1_789' title='bbox 1186 5360 1348 5434; x_wconf 80' lang='grc' dir='ltr'>θέλῃς</span> <span class='ocrx_word' id='word_1_790' title='bbox 1394 5361 1783 5435; x_wconf 85' lang='grc' dir='ltr'>παρακαλέσαι</span> 
     </span>
    </p>
   </div>
   <div class='ocr_carea' id='block_1_104' title="bbox 196 5450 1781 5527">
    <p class='ocr_par' dir='ltr' id='par_1_104' title="bbox 196 5450 1781 5527">
     <span class='ocr_line' id='line_1_107' title="bbox 196 5450 1781 5527; baseline 0.002 -18"><span class='ocrx_word' id='word_1_791' title='bbox 196 5450 514 5526; x_wconf 79' lang='grc' dir='ltr'>ἄνθρωπον,</span> <span class='ocrx_word' id='word_1_792' title='bbox 545 5455 640 5510; x_wconf 69' lang='grc' dir='ltr'><strong>καὶ</strong></span> <span class='ocrx_word' id='word_1_793' title='bbox 689 5456 887 5527; x_wconf 81' lang='grc' dir='ltr'>μαθεῖν</span> <span class='ocrx_word' id='word_1_794' title='bbox 919 5454 972 5510; x_wconf 90' lang='grc' dir='ltr'><strong>τί</strong></span> <span class='ocrx_word' id='word_1_795' title='bbox 1002 5456 1165 5520; x_wconf 86' lang='grc' dir='ltr'>ποιεῖ,</span> <span class='ocrx_word' id='word_1_796' title='bbox 1205 5452 1473 5508; x_wconf 84' lang='grc' dir='ltr'>διακονῶν</span> <span class='ocrx_word' id='word_1_797' title='bbox 1502 5454 1604 5510; x_wconf 83' lang='grc' dir='ltr'><strong>οὐκ</strong></span> <span class='ocrx_word' id='word_1_798' title='bbox 1645 5456 1781 5511; x_wconf 76' lang='lat' dir='ltr'><strong>dmo—</strong></span> 
     </span>
    </p>
   </div>
   <div class='ocr_carea' id='block_1_105' title="bbox 197 5547 1785 5620">
    <p class='ocr_par' dir='ltr' id='par_1_105' title="bbox 197 5547 1785 5620">
     <span class='ocr_line' id='line_1_108' title="bbox 197 5547 1785 5620; baseline 0.001 -16"><span class='ocrx_word' id='word_1_799' title='bbox 197 5551 470 5620; x_wconf 81' lang='grc' dir='ltr'>κρίνεται.</span> <span class='ocrx_word' id='word_1_800' title='bbox 513 5548 641 5604; x_wconf 77' lang='grc' dir='ltr'><strong>Ἐπὶ</strong></span> <span class='ocrx_word' id='word_1_801' title='bbox 686 5549 744 5604; x_wconf 77' lang='grc' dir='ltr'>δὲ</span> <span class='ocrx_word' id='word_1_802' title='bbox 773 5547 867 5604; x_wconf 91' lang='grc' dir='ltr'><strong>τοῦ</strong></span> <span class='ocrx_word' id='word_1_803' title='bbox 916 5548 1052 5604; x_wconf 88' lang='grc' dir='ltr'>Θεοῦ</span> <span class='ocrx_word' id='word_1_804' title='bbox 1106 5548 1258 5603; x_wconf 70' lang='grc' dir='ltr'>οὐδὲν</span> <span class='ocrx_word' id='word_1_805' title='bbox 1302 5547 1567 5605; x_wconf 90' lang='grc' dir='ltr'>τοιοῦτον.</span> <span class='ocrx_word' id='word_1_806' title='bbox 1601 5549 1785 5605; x_wconf 84' lang='grc' dir='ltr'>Ὅπου</span> 
     </span>
    </p>
   </div>
   <div class='ocr_carea' id='block_1_106' title="bbox 192 5640 1779 5725">
    <p class='ocr_par' dir='ltr' id='par_1_106' title="bbox 192 5640 1779 5725">
     <span class='ocr_line' id='line_1_109' title="bbox 192 5640 1779 5725; baseline -0.001 -26"><span class='ocrx_word' id='word_1_807' title='bbox 192 5642 247 5699; x_wconf 77' lang='grc' dir='ltr'>δ’</span> <span class='ocrx_word' id='word_1_808' title='bbox 280 5641 348 5697; x_wconf 73' lang='grc' dir='ltr'><strong>ἂν</strong></span> <span class='ocrx_word' id='word_1_809' title='bbox 373 5640 615 5716; x_wconf 81' lang='grc' dir='ltr'>ἀπέλθῃς</span> <span class='ocrx_word' id='word_1_810' title='bbox 644 5643 742 5698; x_wconf 86' lang='grc' dir='ltr'><strong>καί</strong></span> <span class='ocrx_word' id='word_1_811' title='bbox 777 5644 971 5716; x_wconf 74' lang='grc' dir='ltr'>καλῇς,</span> <span class='ocrx_word' id='word_1_812' title='bbox 1017 5641 1231 5699; x_wconf 77' lang='grc' dir='ltr'>ἀκούει.</span> <span class='ocrx_word' id='word_1_813' title='bbox 1253 5641 1338 5725; x_wconf 34' lang='grc' dir='ltr'><strong>,Οὐ</strong></span> <span class='ocrx_word' id='word_1_814' title='bbox 1373 5640 1641 5716; x_wconf 80' lang='grc' dir='ltr'>θυρωρὸς,</span> <span class='ocrx_word' id='word_1_815' title='bbox 1676 5642 1779 5698; x_wconf 81' lang='grc' dir='ltr'><strong>οὐκ</strong></span> 
     </span>
    </p>
   </div>
   <div class='ocr_carea' id='block_1_107' title="bbox 190 5734 1773 5810">
    <p class='ocr_par' dir='ltr' id='par_1_107' title="bbox 190 5734 1773 5810">
     <span class='ocr_line' id='line_1_110' title="bbox 190 5734 1773 5810; baseline 0.001 -19"><span class='ocrx_word' id='word_1_816' title='bbox 190 5738 503 5806; x_wconf 79' lang='grc' dir='ltr'>οίκονόμος,</span> <span class='ocrx_word' id='word_1_817' title='bbox 558 5737 622 5791; x_wconf 79' lang='grc' dir='ltr'>οὐ</span> <span class='ocrx_word' id='word_1_818' title='bbox 654 5736 904 5810; x_wconf 79' lang='grc' dir='ltr'>μεσίτης,</span> <span class='ocrx_word' id='word_1_819' title='bbox 935 5736 1000 5791; x_wconf 77' lang='grc' dir='ltr'>οὐ</span> <span class='ocrx_word' id='word_1_820' title='bbox 1045 5736 1316 5801; x_wconf 85' lang='grc' dir='ltr'>διάκονος,</span> <span class='ocrx_word' id='word_1_821' title='bbox 1348 5734 1504 5791; x_wconf 74' lang='grc' dir='ltr'>οὐδὲν</span> <span class='ocrx_word' id='word_1_822' title='bbox 1544 5736 1773 5793; x_wconf 84' lang='grc' dir='ltr'>τούτων.</span> 
     </span>
    </p>
   </div>
   <div class='ocr_carea' id='block_1_108' title="bbox 1893 4893 3478 4965">
    <p class='ocr_par' dir='ltr' id='par_1_108' title="bbox 1893 4893 3478 4965">
     <span class='ocr_line' id='line_1_111' title="bbox 1893 4893 3478 4965; baseline 0.015 -24"><span class='ocrx_word' id='word_1_823' title='bbox 1893 4904 2141 4956; x_wconf 82' lang='lat' dir='ltr'><strong>movens,</strong></span> <span class='ocrx_word' id='word_1_824' title='bbox 2179 4893 2275 4948; x_wconf 86' lang='lat' dir='ltr'><strong>sed</strong></span> <span class='ocrx_word' id='word_1_825' title='bbox 2326 4905 2511 4952; x_wconf 87' lang='lat' dir='ltr'><strong>mente</strong></span> <span class='ocrx_word' id='word_1_826' title='bbox 2560 4898 2856 4958; x_wconf 84' lang='lat' dir='ltr'><strong>clamitans</strong></span> <span class='ocrx_word' id='word_1_827' title='bbox 2892 4921 2906 4959; x_wconf 87' lang='lat'><strong>:</strong></span> <span class='ocrx_word' id='word_1_828' title='bbox 2945 4919 3075 4959; x_wconf 85' lang='lat' dir='ltr'><strong>nam</strong></span> <span class='ocrx_word' id='word_1_829' title='bbox 3126 4918 3181 4963; x_wconf 89' lang='lat' dir='ltr'><strong>et</strong></span> <span class='ocrx_word' id='word_1_830' title='bbox 3231 4914 3478 4965; x_wconf 83' lang='lat' dir='ltr'><strong>tacentes</strong></span> 
     </span>
    </p>
   </div>
   <div class='ocr_carea' id='block_1_109' title="bbox 1892 4983 3474 5065">
    <p class='ocr_par' dir='ltr' id='par_1_109' title="bbox 1892 4983 3474 5065">
     <span class='ocr_line' id='line_1_112' title="bbox 1892 4983 3474 5065; baseline 0.013 -28"><span class='ocrx_word' id='word_1_831' title='bbox 1892 4983 2045 5039; x_wconf 86' lang='lat' dir='ltr'><strong>audit</strong></span> <span class='ocrx_word' id='word_1_832' title='bbox 2100 4984 2264 5044; x_wconf 85' lang='lat' dir='ltr'><strong>Deus.</strong></span> <span class='ocrx_word' id='word_1_833' title='bbox 2314 4987 2431 5045; x_wconf 69' lang='lat' dir='ltr'><strong>Non</strong></span> <span class='ocrx_word' id='word_1_834' title='bbox 2481 4993 2746 5062; x_wconf 71' lang='lat' dir='ltr'><strong>quaeritur</strong></span> <span class='ocrx_word' id='word_1_835' title='bbox 2799 4994 2976 5065; x_wconf 88' lang='lat' dir='ltr'><strong>locus,</strong></span> <span class='ocrx_word' id='word_1_836' title='bbox 3021 4996 3217 5055; x_wconf 90' lang='lat' dir='ltr'><strong>modus</strong></span> <span class='ocrx_word' id='word_1_837' title='bbox 3251 4999 3474 5057; x_wconf 81' lang='lat' dir='ltr'><strong>suliicit.</strong></span> 
     </span>
    </p>
   </div>
   <div class='ocr_carea' id='block_1_110' title="bbox 1890 5074 3473 5161">
    <p class='ocr_par' dir='ltr' id='par_1_110' title="bbox 1890 5074 3473 5161">
     <span class='ocr_line' id='line_1_113' title="bbox 1890 5074 3473 5161; baseline 0.011 -32"><span class='ocrx_word' id='word_1_838' title='bbox 1890 5074 2157 5134; x_wconf 71' lang='lat' dir='ltr'><strong>Jeremiaa</strong></span> <span class='ocrx_word' id='word_1_839' title='bbox 2207 5096 2265 5135; x_wconf 90' lang='lat' dir='ltr'><strong>m</strong></span> <span class='ocrx_word' id='word_1_840' title='bbox 2314 5097 2476 5139; x_wconf 72' lang='lat' dir='ltr'><strong>emno</strong></span> <span class='ocrx_word' id='word_1_841' title='bbox 2524 5096 2662 5149; x_wconf 84' lang='lat' dir='ltr'><strong>erat,</strong></span> <span class='ocrx_word' id='word_1_842' title='bbox 2704 5098 2757 5143; x_wconf 86' lang='lat' dir='ltr'><strong>et</strong></span> <span class='ocrx_word' id='word_1_843' title='bbox 2793 5086 2939 5145; x_wconf 87' lang='lat' dir='ltr'><strong>Deus</strong></span> <span class='ocrx_word' id='word_1_844' title='bbox 2996 5090 3175 5161; x_wconf 90' lang='lat' dir='ltr'><strong>ipsum</strong></span> <span class='ocrx_word' id='word_1_845' title='bbox 3212 5093 3473 5151; x_wconf 84' lang='lat' dir='ltr'><strong>extraxit.</strong></span> 
     </span>
    </p>
   </div>
   <div class='ocr_carea' id='block_1_111' title="bbox 1890 5170 3475 5255">
    <p class='ocr_par' dir='ltr' id='par_1_111' title="bbox 1890 5170 3475 5255">
     <span class='ocr_line' id='line_1_114' title="bbox 1890 5170 3475 5255; baseline 0.013 -32"><span class='ocrx_word' id='word_1_846' title='bbox 1890 5170 2081 5227; x_wconf 83' lang='lat' dir='ltr'><strong>Daniel</strong></span> <span class='ocrx_word' id='word_1_847' title='bbox 2112 5173 2167 5228; x_wconf 89' lang='lat' dir='ltr'><strong>in</strong></span> <span class='ocrx_word' id='word_1_848' title='bbox 2200 5174 2323 5231; x_wconf 87' lang='lat' dir='ltr'><strong>lacu</strong></span> <span class='ocrx_word' id='word_1_849' title='bbox 2358 5178 2606 5242; x_wconf 84' lang='lat' dir='ltr'><strong>leonum,</strong></span> <span class='ocrx_word' id='word_1_850' title='bbox 2664 5189 2718 5234; x_wconf 89' lang='lat' dir='ltr'><strong>et</strong></span> <span class='ocrx_word' id='word_1_851' title='bbox 2776 5179 2948 5236; x_wconf 87' lang='lat' dir='ltr'><strong>Deum</strong></span> <span class='ocrx_word' id='word_1_852' title='bbox 2998 5185 3238 5255; x_wconf 83' lang='lat' dir='ltr'><strong>placavit</strong></span> <span class='ocrx_word' id='word_1_853' title='bbox 3292 5202 3308 5241; x_wconf 88' lang='lat'><strong>:</strong></span> <span class='ocrx_word' id='word_1_854' title='bbox 3358 5197 3475 5245; x_wconf 83' lang='lat' dir='ltr'><strong>tres</strong></span> 
     </span>
    </p>
   </div>
   <div class='ocr_carea' id='block_1_112' title="bbox 1885 5264 3469 5337">
    <p class='ocr_par' dir='ltr' id='par_1_112' title="bbox 1885 5264 3469 5337">
     <span class='ocr_line' id='line_1_115' title="bbox 1885 5264 3469 5337; baseline 0.008 -19"><span class='ocrx_word' id='word_1_855' title='bbox 1885 5264 2045 5334; x_wconf 87' lang='lat' dir='ltr'><strong>pueri</strong></span> <span class='ocrx_word' id='word_1_856' title='bbox 2102 5265 2160 5321; x_wconf 94' lang='lat' dir='ltr'><strong>in</strong></span> <span class='ocrx_word' id='word_1_857' title='bbox 2219 5265 2446 5324; x_wconf 78' lang='lat' dir='ltr'><strong>fornace</strong></span> <span class='ocrx_word' id='word_1_858' title='bbox 2501 5278 2683 5337; x_wconf 88' lang='lat' dir='ltr'><strong>erant,</strong></span> <span class='ocrx_word' id='word_1_859' title='bbox 2733 5279 2789 5327; x_wconf 92' lang='lat' dir='ltr'><strong>et</strong></span> <span class='ocrx_word' id='word_1_860' title='bbox 2847 5272 3018 5330; x_wconf 90' lang='lat' dir='ltr'><strong>Deum</strong></span> <span class='ocrx_word' id='word_1_861' title='bbox 3073 5285 3469 5332; x_wconf 84' lang='lat' dir='ltr'><strong>exoraverunt.</strong></span> 
     </span>
    </p>
   </div>
   <div class='ocr_carea' id='block_1_113' title="bbox 1883 5355 3472 5429">
    <p class='ocr_par' dir='ltr' id='par_1_113' title="bbox 1883 5355 3472 5429">
     <span class='ocr_line' id='line_1_116' title="bbox 1883 5355 3472 5429; baseline 0.006 -17"><span class='ocrx_word' id='word_1_862' title='bbox 1883 5355 2055 5412; x_wconf 85' lang='lat' dir='ltr'><strong>Latro</strong></span> <span class='ocrx_word' id='word_1_863' title='bbox 2090 5356 2143 5413; x_wconf 90' lang='lat' dir='ltr'><strong>in</strong></span> <span class='ocrx_word' id='word_1_864' title='bbox 2176 5372 2401 5414; x_wconf 88' lang='lat' dir='ltr'><strong>crucem</strong></span> <span class='ocrx_word' id='word_1_865' title='bbox 2442 5369 2603 5418; x_wconf 89' lang='lat' dir='ltr'><strong>actus</strong></span> <span class='ocrx_word' id='word_1_866' title='bbox 2654 5371 2795 5429; x_wconf 86' lang='lat' dir='ltr'><strong>erat,</strong></span> <span class='ocrx_word' id='word_1_867' title='bbox 2829 5379 2929 5420; x_wconf 90' lang='lat' dir='ltr'><strong>nec</strong></span> <span class='ocrx_word' id='word_1_868' title='bbox 2969 5372 3152 5421; x_wconf 88' lang='lat' dir='ltr'><strong>tamen</strong></span> <span class='ocrx_word' id='word_1_869' title='bbox 3194 5382 3331 5421; x_wconf 90' lang='lat' dir='ltr'><strong>crux</strong></span> <span class='ocrx_word' id='word_1_870' title='bbox 3368 5366 3472 5421; x_wconf 90' lang='lat' dir='ltr'><strong>im-</strong></span> 
     </span>
    </p>
   </div>
   <div class='ocr_carea' id='block_1_114' title="bbox 1884 5449 3469 5531">
    <p class='ocr_par' dir='ltr' id='par_1_114' title="bbox 1884 5449 3469 5531">
     <span class='ocr_line' id='line_1_117' title="bbox 1884 5449 3469 5531; baseline 0.004 -25"><span class='ocrx_word' id='word_1_871' title='bbox 1884 5449 2200 5519; x_wconf 87' lang='lat' dir='ltr'><strong>pedimento</strong></span> <span class='ocrx_word' id='word_1_872' title='bbox 2221 5451 2347 5520; x_wconf 83' lang='lat' dir='ltr'><strong>fuit,</strong></span> <span class='ocrx_word' id='word_1_873' title='bbox 2368 5453 2501 5523; x_wconf 90' lang='lat' dir='ltr'><strong>quin</strong></span> <span class='ocrx_word' id='word_1_874' title='bbox 2529 5454 2710 5524; x_wconf 89' lang='lat' dir='ltr'><strong>potius</strong></span> <span class='ocrx_word' id='word_1_875' title='bbox 2751 5456 3070 5526; x_wconf 89' lang='lat' dir='ltr'><strong>paradisum</strong></span> <span class='ocrx_word' id='word_1_876' title='bbox 3107 5459 3347 5531; x_wconf 86' lang='lat' dir='ltr'><strong>aperuit.</strong></span> <span class='ocrx_word' id='word_1_877' title='bbox 3367 5456 3469 5515; x_wconf 86' lang='lat' dir='ltr'><strong>.loh</strong></span> 
     </span>
    </p>
   </div>
   <div class='ocr_carea' id='block_1_115' title="bbox 1882 5540 3465 5622">
    <p class='ocr_par' dir='ltr' id='par_1_115' title="bbox 1882 5540 3465 5622">
     <span class='ocr_line' id='line_1_118' title="bbox 1882 5540 3465 5622; baseline 0.008 -27"><span class='ocrx_word' id='word_1_878' title='bbox 1882 5540 1941 5596; x_wconf 87' lang='lat' dir='ltr'><strong>in</strong></span> <span class='ocrx_word' id='word_1_879' title='bbox 1974 5541 2321 5615; x_wconf 84' lang='lat' dir='ltr'><strong>sterquilinio</strong></span> <span class='ocrx_word' id='word_1_880' title='bbox 2362 5543 2624 5612; x_wconf 86' lang='lat' dir='ltr'><strong>sedebat,</strong></span> <span class='ocrx_word' id='word_1_881' title='bbox 2675 5546 2961 5618; x_wconf 88' lang='lat' dir='ltr'><strong>Deumque</strong></span> <span class='ocrx_word' id='word_1_882' title='bbox 2998 5550 3104 5605; x_wconf 88' lang='lat' dir='ltr'><strong>sibi</strong></span> <span class='ocrx_word' id='word_1_883' title='bbox 3161 5551 3465 5622; x_wconf 86' lang='lat' dir='ltr'><strong>propitium</strong></span> 
     </span>
    </p>
   </div>
   <div class='ocr_carea' id='block_1_116' title="bbox 1881 5634 3468 5715">
    <p class='ocr_par' dir='ltr' id='par_1_116' title="bbox 1881 5634 3468 5715">
     <span class='ocr_line' id='line_1_119' title="bbox 1881 5634 3468 5715; baseline 0.003 -21"><span class='ocrx_word' id='word_1_884' title='bbox 1881 5635 2142 5694; x_wconf 86' lang='lat' dir='ltr'><strong>reddidit.</strong></span> <span class='ocrx_word' id='word_1_885' title='bbox 2178 5634 2507 5709; x_wconf 87' lang='lat' dir='ltr'><strong>Ubicunque</strong></span> <span class='ocrx_word' id='word_1_886' title='bbox 2534 5636 2730 5703; x_wconf 82' lang='lat' dir='ltr'><strong>fueris,</strong></span> <span class='ocrx_word' id='word_1_887' title='bbox 2771 5655 2889 5696; x_wconf 88' lang='lat' dir='ltr'><strong>ora.</strong></span> <span class='ocrx_word' id='word_1_888' title='bbox 2922 5640 3038 5698; x_wconf 87' lang='lat' dir='ltr'><strong>Etsi</strong></span> <span class='ocrx_word' id='word_1_889' title='bbox 3070 5658 3257 5699; x_wconf 86' lang='lat' dir='ltr'><strong>coram</strong></span> <span class='ocrx_word' id='word_1_890' title='bbox 3278 5643 3468 5715; x_wconf 81' lang='lat' dir='ltr'><strong>judice</strong></span> 
     </span>
    </p>
   </div>
   <div class='ocr_carea' id='block_1_117' title="bbox 1877 5729 3463 5801">
    <p class='ocr_par' dir='ltr' id='par_1_117' title="bbox 1877 5729 3463 5801">
     <span class='ocr_line' id='line_1_120' title="bbox 1877 5729 3463 5801; baseline 0.001 -11"><span class='ocrx_word' id='word_1_891' title='bbox 1877 5732 2114 5798; x_wconf 75' lang='lat' dir='ltr'><strong>sisteris,</strong></span> <span class='ocrx_word' id='word_1_892' title='bbox 2151 5744 2271 5791; x_wconf 85' lang='lat' dir='ltr'><strong>ora.</strong></span> <span class='ocrx_word' id='word_1_893' title='bbox 2304 5729 2424 5787; x_wconf 85' lang='lat' dir='ltr'><strong>Etsi</strong></span> <span class='ocrx_word' id='word_1_894' title='bbox 2465 5730 2634 5801; x_wconf 84' lang='lat' dir='ltr'><strong>judex</strong></span> <span class='ocrx_word' id='word_1_895' title='bbox 2674 5732 2957 5799; x_wconf 86' lang='lat' dir='ltr'><strong>irascitur,</strong></span> <span class='ocrx_word' id='word_1_896' title='bbox 3007 5749 3126 5791; x_wconf 84' lang='lat' dir='ltr'><strong>ora.</strong></span> <span class='ocrx_word' id='word_1_897' title='bbox 3182 5736 3228 5790; x_wconf 77' lang='grc' dir='ltr'>Α</span> <span class='ocrx_word' id='word_1_898' title='bbox 3284 5736 3463 5792; x_wconf 81' lang='lat' dir='ltr'><strong>fronte</strong></span> 
     </span>
    </p>
   </div>
   <div class='ocr_carea' id='block_1_118' title="bbox 192 5818 1820 5903">
    <p class='ocr_par' dir='ltr' id='par_1_118' title="bbox 192 5826 1774 5903">
     <span class='ocr_line' id='line_1_121' title="bbox 192 5826 1774 5903; baseline 0 -18"><span class='ocrx_word' id='word_1_899' title='bbox 192 5829 358 5885; x_wconf 72' lang='lat' dir='ltr'><strong>El&#39;mt&#39;</strong></span> <span class='ocrx_word' id='word_1_900' title='bbox 392 5827 690 5899; x_wconf 70' lang='grc' dir='ltr'>Ἐλέησόν</span> <span class='ocrx_word' id='word_1_901' title='bbox 720 5847 812 5898; x_wconf 78' lang='grc' dir='ltr'><strong>με,</strong></span> <span class='ocrx_word' id='word_1_902' title='bbox 858 5832 955 5886; x_wconf 73' lang='grc' dir='ltr'><strong>καὶ</strong></span> <span class='ocrx_word' id='word_1_903' title='bbox 1001 5830 1032 5884; x_wconf 88' lang='grc' dir='ltr'><strong>ό</strong></span> <span class='ocrx_word' id='word_1_904' title='bbox 1068 5829 1201 5895; x_wconf 84' lang='grc' dir='ltr'>Θεὸς</span> <span class='ocrx_word' id='word_1_905' title='bbox 1232 5826 1620 5903; x_wconf 84' lang='grc' dir='ltr'>παραγίνεται.</span> <span class='ocrx_word' id='word_1_906' title='bbox 1653 5828 1774 5885; x_wconf 83' lang='grc' dir='ltr'>Ἐτι</span> 
     </span>
    </p>
   </div>
   <div class='ocr_carea' id='block_1_119' title="bbox 1924 5818 3462 5903">
    <p class='ocr_par' dir='ltr' id='par_1_119' title="bbox 1924 5818 3462 5898">
     <span class='ocr_line' id='line_1_122' title="bbox 1924 5818 3462 5898; baseline 0.002 -20"><span class='ocrx_word' id='word_1_907' title='bbox 1924 5831 1998 5878; x_wconf 75' lang='lat' dir='ltr'><strong>rat</strong></span> <span class='ocrx_word' id='word_1_908' title='bbox 2029 5837 2197 5887; x_wconf 86' lang='lat' dir='ltr'><strong>mare,</strong></span> <span class='ocrx_word' id='word_1_909' title='bbox 2229 5835 2257 5875; x_wconf 90' lang='lat' dir='ltr'><strong>a</strong></span> <span class='ocrx_word' id='word_1_910' title='bbox 2294 5828 2447 5893; x_wconf 78' lang='lat' dir='ltr'><strong>tergo</strong></span> <span class='ocrx_word' id='word_1_911' title='bbox 2477 5818 2726 5896; x_wconf 63' lang='lat' dir='ltr'><strong>Egyptii</strong></span> <span class='ocrx_word' id='word_1_912' title='bbox 2767 5825 3203 5898; x_wconf 86' lang='lat' dir='ltr'><strong>insequebantur</strong></span> <span class='ocrx_word' id='word_1_913' title='bbox 3237 5846 3252 5883; x_wconf 91' lang='lat'><strong>:</strong></span> <span class='ocrx_word' id='word_1_914' title='bbox 3286 5827 3462 5883; x_wconf 88' lang='lat' dir='ltr'><strong>inter-</strong></span> 
     </span>
    </p>
   </div>
   <div class='ocr_carea' id='block_1_120' title="bbox 189 5915 1773 5996">
    <p class='ocr_par' dir='ltr' id='par_1_120' title="bbox 189 5915 1773 5996">
     <span class='ocr_line' id='line_1_123' title="bbox 189 5915 1773 5996; baseline -0.001 -19"><span class='ocrx_word' id='word_1_915' title='bbox 189 5919 488 5989; x_wconf 71' lang='grc' dir='ltr'>λαλοῦντός</span> <span class='ocrx_word' id='word_1_916' title='bbox 537 5939 633 5977; x_wconf 87' lang='grc' dir='ltr'><strong>σου</strong></span> <span class='ocrx_word' id='word_1_917' title='bbox 679 5924 829 5995; x_wconf 76' lang='grc' dir='ltr'>ἐρεῖ·</span> <span class='ocrx_word' id='word_1_918' title='bbox 882 5922 1016 5977; x_wconf 81' lang='grc' dir='ltr'>Ἰδοὺ</span> <span class='ocrx_word' id='word_1_919' title='bbox 1056 5921 1311 5996; x_wconf 86' lang='grc' dir='ltr'>πάρειμι.</span> <span class='ocrx_word' id='word_1_920' title='bbox 1346 5915 1417 5974; x_wconf 84' lang='grc' dir='ltr'><strong><em>Ὦ</em></strong></span> <span class='ocrx_word' id='word_1_921' title='bbox 1457 5921 1609 5994; x_wconf 75' lang='grc' dir='ltr'>ῥῆμα</span> <span class='ocrx_word' id='word_1_922' title='bbox 1637 5923 1773 5993; x_wconf 71' lang='grc' dir='ltr'>ἠμε-</span> 
     </span>
    </p>
   </div>
   <div class='ocr_carea' id='block_1_121' title="bbox 520 6014 1194 6079">
    <p class='ocr_par' dir='ltr' id='par_1_121' title="bbox 520 6014 1194 6079">
     <span class='ocr_line' id='line_1_124' title="bbox 520 6014 1194 6079; baseline 0 0"><span class='ocrx_word' id='word_1_923' title='bbox 520 6016 793 6079; x_wconf 75' lang='grc' dir='ltr'>ΡΑτιιοι..</span> <span class='ocrx_word' id='word_1_924' title='bbox 842 6015 959 6077; x_wconf 82' lang='lat' dir='ltr'><strong>Gn.</strong></span> <span class='ocrx_word' id='word_1_925' title='bbox 1007 6014 1194 6079; x_wconf 76' lang='lat' dir='ltr'><strong>XCV.</strong></span> 
     </span>
    </p>
   </div>
   <div class='ocr_carea' id='block_1_122' title="bbox 1880 5913 3458 5992">
    <p class='ocr_par' dir='ltr' id='par_1_122' title="bbox 1880 5913 3458 5992">
     <span class='ocr_line' id='line_1_125' title="bbox 1880 5913 3458 5992; baseline 0.003 -18"><span class='ocrx_word' id='word_1_926' title='bbox 1880 5917 2093 5976; x_wconf 84' lang='lat' dir='ltr'><strong>medius</strong></span> <span class='ocrx_word' id='word_1_927' title='bbox 2125 5913 2341 5986; x_wconf 74' lang='lat' dir='ltr'><strong>Moyses</strong></span> <span class='ocrx_word' id='word_1_928' title='bbox 2373 5921 2512 5975; x_wconf 86' lang='lat' dir='ltr'><strong>erat.</strong></span> <span class='ocrx_word' id='word_1_929' title='bbox 2540 5916 2720 5975; x_wconf 81' lang='lat' dir='ltr'><strong>Multae</strong></span> <span class='ocrx_word' id='word_1_930' title='bbox 2744 5934 2937 5991; x_wconf 85' lang='lat' dir='ltr'><strong>preces</strong></span> <span class='ocrx_word' id='word_1_931' title='bbox 2970 5920 3023 5976; x_wconf 87' lang='lat' dir='ltr'><strong>in</strong></span> <span class='ocrx_word' id='word_1_932' title='bbox 3056 5920 3332 5992; x_wconf 77' lang='lat' dir='ltr'><strong>angustia,</strong></span> <span class='ocrx_word' id='word_1_933' title='bbox 3364 5918 3458 5979; x_wconf 77' lang='lat' dir='ltr'><strong>sed</strong></span> 
     </span>
    </p>
   </div>
   <div class='ocr_carea' id='block_1_123' title="bbox 3062 6013 3136 6079">
    <p class='ocr_par' dir='ltr' id='par_1_123' title="bbox 3062 6013 3136 6079">
     <span class='ocr_line' id='line_1_126' title="bbox 3062 6013 3136 6079; baseline 0.068 -5"><span class='ocrx_word' id='word_1_934' title='bbox 3062 6013 3136 6079; x_wconf 72' lang='grc'>46</span> 
     </span>
    </p>
   </div>
  </div>
