4014 6302
534 359 670 428 1451

1709 355 1771 418 S.
1811 353 2132 418 JOANNIS
2153 350 2595 418 DAMASCENI

3673 347 3814 415 1452

527 476 720 555 ingens
755 487 843 536 est
878 476 1257 551 precationum
1288 472 1533 548 pelagus.
1566 471 1608 528 Α
1640 481 1795 545 tergo
1829 475 2097 533 instabam

2224 473 2450 547 ρὸτητος
2484 473 2690 545 γέμον,
2741 470 2842 527 οὐκ
2880 468 3157 542 ἀναμένον
3192 467 3421 525 τελέσαι
3478 467 3585 540 τὴν
3617 468 3812 538 εὐχήν.

527 569 1048 646 Egyptiinnedlum
1067 569 1248 624 locum
1270 566 1515 639 precatio
1534 566 1837 624 obtinebat.
1855 566 2002 635 Quin
2021 581 2126 624 nec

523 666 752 723 verbum
789 663 961 720 ullum
996 676 1092 718 ore
1111 659 1324 732 Moyses
1347 660 1655 731 promebat,
1689 667 1743 714 et
1775 667 1961 716 tamen
1977 657 2123 716 Deus

523 756 744 815 dicebat
768 774 783 813 :
807 754 948 823 Quid
969 755 1176 809 clamas
1194 751 1268 806 ad
1293 767 1374 807 nte
1403 749 1602 823 (Exod.
1629 768 1738 820 stv,
1766 751 1853 823 i5)
1873 752 1896 806 ?
1914 751 2033 808 Etsi
2061 767 2124 809 os

523 861 678 908 tuum
689 848 1094 918 silet,attatnen
1117 861 1215 904 cor
1247 853 1402 901 tuum
1425 843 1780 901 vociferatur.
1800 843 1882 899 Tu
1901 860 2124 916 quoque

523 943 745 1002 tametsi
769 940 1158 1014 coramiudice
1187 940 1407 996 furente
1436 947 1491 995 ct
1513 938 1722 996 crudeli
1741 939 1986 1006 sistaris,
2013 939 2122 996 imo

521 1038 732 1109 etinter
745 1035 898 1092 carni
908 1035 1034 1091 fices
1052 1033 1314 1096 verseris,
1333 1031 1502 1088 Deum
1525 1046 1644 1088 ora.
1667 1029 1742 1088 Te
1755 1033 1903 1088 enim
1927 1043 2121 1090 orante

517 1129 717 1186 ﬂuctus
739 1127 1211 1200 comprimuntur.
1233 1122 1408 1180 ludes
1437 1124 1609 1179 instat
1633 1124 1657 1178 ἲ
1679 1125 1746 1180 ad
1775 1123 1943 1181 Deum
1969 1125 2115 1199 fuge.

520 1223 773 1278 Imminet
791 1219 1108 1292 praefectus?
1126 1226 1185 1272 ιιι
1208 1216 1500 1274 Dominum
1521 1232 1672 1290 roga.
1697 1217 1952 1290 Nunquid
1971 1222 2116 1277 enim

521 1314 686 1370 homo
698 1312 814 1370 est?
831 1325 1046 1383 semper
1063 1324 1236 1382 prope
1251 1320 1354 1376 est,
1371 1309 1574 1381 ubique
1591 1321 1694 1378 est,
1706 1310 1891 1366 omnia
1906 1311 2112 1383 implet.

515 1406 582 1462 Si
612 1406 698 1464 vis
739 1406 1018 1461 hominem
1054 1419 1270 1478 rogare,
1300 1405 1508 1476 etquid
1534 1419 1720 1461 rerum
1759 1412 1883 1478 agat
1919 1421 2111 1475 nosse;

519 1501 774 1559 minister
799 1517 912 1556 non
973 1498 1289 1571 respondet.
1319 1500 1390 1554 At
1427 1501 1487 1556 in
1536 1499 1646 1558 Deo
1683 1501 1824 1556 nihil
1862 1501 1968 1557 tale
2005 1507 2112 1557 est.

512 1595 858 1668 Quocunque
883 1589 1029 1652 enim
1089 1595 1317 1662 abieris,
1369 1605 1422 1651 et
1475 1609 1601 1651 eum
1649 1596 1903 1664 invoces,
1935 1596 2107 1650 audit.

515 1685 636 1744 Non
669 1686 897 1760 janitor,
931 1701 1038 1740 non
1089 1692 1441 1757 procurator,
1490 1700 1599 1740 non
1653 1693 1964 1755 sequester,
1999 1702 2106 1743 non

515 1781 759 1838 famulus
811 1779 970 1837 adest
1003 1795 1020 1836 :
1051 1779 1190 1835 nihil
1243 1779 1494 1837 istorum.
1537 1778 1654 1848 Dic,
1693 1777 1944 1835 Miserere
1982 1783 2104 1843 mei,

2225 565 2455 620 Οὐδέπω
2482 563 2660 630 τελεῖς
2685 565 2787 637 τὴν
2819 563 3013 635 εὐχὴν,
3043 561 3140 616 καὶ
3165 560 3472 634 λαμϐάνεις
3508 560 3613 631 τὴν
3642 559 3813 614 δόσιν.

2241 660 2537 728 Ἐλέησόν
2553 675 2628 729 με
2651 676 2664 690 ·
2700 659 2909 728 ταύτην
2943 655 3319 730 μο-μησὼμεθα
3339 654 3437 728 τὴν
3473 653 3816 710 Χαναναίαν.

2221 1039 2354 1109 παρ’
2385 1035 2543 1110 ἐμοῦ.
2578 1033 2884 1100 ’Δπεδίωξὰ
2910 1050 2994 1097 σε,
3013 1032 3111 1088 καὶ
3137 1032 3240 1086 οὐκ
3269 1031 3650 1104 ἀνεχώρησας,
3675 1029 3816 1084 ἀλλὰ

2221 1129 2586 1203 παρέμεινας.
2634 1127 2900 1200 ’Δληθῶς,
2943 1122 3022 1181 Ὦ
3074 1126 3274 1196 γύναι,
3321 1123 3557 1195 μεγάλη
3605 1137 3728 1176 σου
3773 1121 3812 1188 ἠ

2217 1225 2443 1290 πίστις.
2492 1222 2793 1277 Ἀπέθανεν
2825 1223 2859 1294 ἡ
2886 1220 3046 1291 γυνὴ,
3072 1219 3168 1273 καὶ
3200 1219 3260 1272 τὸ
3309 1216 3593 1288 ἐγκώμιον
3638 1213 3815 1282 αὐτῆς

2221 1316 2371 1387 μένει
2390 1316 2727 1388 διαδήματος
2752 1313 3137 1386 λαμπρότερον
3174 1312 3256 1376 είς
3287 1309 3424 1379 ὅσην
3456 1307 3612 1380 ἥλιος
3635 1307 3812 1376 ἐφορᾷ

2215 1413 2338 1485 γῆν.
2377 1412 2626 1480 Ἀκούεις
2649 1411 2743 1466 τοῦ
2779 1409 3021 1484 Χριστοῦ
3046 1407 3320 1477 λέγοντοςο
3354 1403 3421 1459 Ὦ
3458 1405 3661 1475 γύναι,
3697 1405 3810 1457 Με-

2212 1505 2369 1577 τάλη
2407 1523 2525 1562 σου
2551 1506 2590 1577 ἡ
2623 1506 2859 1572 πίστις’
2891 1503 3197 1574 γενηθήτω
3219 1517 3318 1556 σοι
3348 1501 3430 1567 ὡς
3461 1498 3664 1565 θέλεις
3702 1497 3807 1551 σύ.

2213 1597 2324 1650 Καὶ
2350 1595 2540 1667 ἐξῆλθε
2564 1596 2626 1650 τὸ
2643 1595 2945 1668 δαιμόνιον,
2963 1595 3058 1651 καί
3083 1594 3219 1664 ιάοη
3246 1595 3280 1663 ἠ
3303 1591 3569 1660 θυγάτηρ
3587 1592 3705 1646 αὐτ
3719 1587 3807 1653 ἧς·

2212 1687 2351 1740 Πότε
2374 1703 2389 1754 ;
2423 1685 2543 1742 ἀπὸ
2561 1684 2722 1758 ὥρας
2745 1687 3008 1756 ἐκείνης.
3039 1685 3152 1740 Οὐκ
3183 1682 3244 1749 ἐξ
3265 1675 3332 1755 ἦς
3359 1678 3525 1753 ἦλθεν
3558 1681 3595 1751 ἡ
3619 1682 3811 1750 μήτηρ

2211 1779 2405 1851 αὐτῆς,
2436 1779 2557 1834 ἀλλ’
2589 1779 2652 1846 ἐξ
2679 1775 2748 1854 ἧς
2775 1781 2982 1852 ἥκουσι
3017 1777 3166 1849 παρὰ
3201 1775 3298 1830 τοῦ
3329 1773 3586 1844 Σωτῆρος
3620 1770 3810 1842 ἡμῶν,

514 1883 569 1932 et
605 1876 746 1932 Deus
776 1883 981 1947 presio
997 1881 1108 1931 est.
1139 1873 1332 1929 Adhuc
1359 1873 1623 1944 loquente
1651 1884 1704 1929 te
1737 1873 1885 1931 dicet
1912 1893 1926 1930 :
1963 1874 2097 1932 Ecce

2210 1868 2283 1928 Ὦ
2301 1874 2500 1945 γύναι,
2527 1874 2763 1945 μεγάλη
2786 1888 2907 1929 σου
2932 1873 2968 1943 ἠ
3002 1872 3230 1940 πίστις’
3257 1867 3562 1942 ⁸ινιιενηθήτω
3592 1882 3697 1923 σοι
3729 1866 3812 1931 ὡς

509 1967 732 2025 adsum.
797 1966 843 2024 Ο
902 1977 1098 2024 vocem
1169 1965 1619 2038 mansuetudinis
1679 1967 1930 2039 plenam!
1989 1982 2097 2024 non

2210 1969 2420 2036 θέλεις.
2441 1969 2556 2023 Καὶ
2583 1968 2774 2023 λοιπὸν
2803 1964 2970 2040 ἦλθεν
2993 1963 3374 2036 προσδοκοῦσα
3390 1962 3579 2032 εὑρεῖν
3604 1960 3810 2029 δαιμο-

511 2067 798 2132 esspectat
847 2058 977 2116 dum
1020 2058 1326 2114 orationem
1381 2058 1708 2115 absolveris.
1754 2057 1996 2115 Necdum
2035 2057 2097 2113 ﬁ-

2210 2060 2517 2134 νιζομένην,
2545 2064 2641 2117 καὶ
2658 2054 2820 2136 εὗρεν
2841 2059 3215 2134 ὑγιαίνουσαν,
3237 2056 3315 2130 τῷ
3336 2055 3608 2128 θελήματι
3629 2054 3810 2125 αὐτῆς

502 2153 686 2219 niisti,
720 2161 774 2210 et
802 2152 1008 2209 donum
1041 2152 1274 2222 accipis.
1294 2149 1544 2207 Miserere
1570 2149 2097 2207 mei:Chananaeam

2210 2154 2651 2228 θεραπευθεῖσαν
2679 2154 2823 2211 κατὰ
2843 2156 2945 2227 τὴν
2969 2153 3227 2209 κέλευσιν
3260 2150 3357 2206 τοῦ
3388 2149 3701 2204 Δεσπότου.

510 2249 656 2302 hanc
691 2245 988 2302 imitemur.
1015 2241 1272 2300 Miserere
1300 2244 1442 2308 mei;
1481 2243 1599 2314 ﬁlia
1628 2258 1796 2299 mena
1825 2242 2089 2300 datmonio
2129 2247 2268 2302 male
2307 2257 2601 2319 torquetur.
2634 2246 2702 2304 Et
2723 2248 2858 2320 quid
2901 2247 2992 2304 illa
3031 2246 3281 2303 audivit?
3335 2243 3558 2312 Mulier,
3607 2253 3813 2314 magna

502 2347 589 2392 est
620 2337 752 2408 ﬁdes
788 2345 924 2393 tua:
953 2336 1050 2407 ﬁat
1086 2335 1182 2392 tibi
1231 2336 1368 2390 sicut
1401 2337 1479 2393 vis
1514 2333 1737 2407 (Matth.
1770 2353 1861 2401 xv,
1920 2336 2036 2410 28).
2096 2337 2157 2394 In
2199 2355 2418 2396 summa
2455 2341 2631 2397 animi
2670 2341 2950 2398 anxietate
2997 2339 3175 2406 fuisti,
3215 2338 3362 2395 male
3407 2353 3441 2394 a
3481 2352 3578 2394 me
3609 2337 3810 2392 habita

506 2447 602 2500 es;
631 2432 790 2504 abegi
820 2438 895 2498 te,
921 2446 1024 2488 nec
1047 2430 1352 2498 recessisti,
1376 2432 1471 2487 sed
1513 2431 1894 2503 permansisti.
1927 2429 2090 2499 Vere,
2134 2432 2180 2491 0
2206 2434 2420 2502 mulier,
2459 2453 2654 2510 magna
2672 2445 2753 2493 est
2781 2436 2916 2509 ﬁdes
2947 2444 3059 2491 tua.
3080 2432 3312 2490 Mortem
3366 2431 3508 2489 obiit
3568 2430 3807 2498 mulier,

509 2534 565 2583 et
612 2525 732 2582 laus
773 2524 951 2596 ipsius
989 2534 1178 2582 manet
1213 2523 1528 2581 diademate
1571 2524 1772 2596 quovis
1806 2524 2100 2593 illustrior,
2136 2542 2586 2602 quaquaversum
2612 2531 2697 2589 sol
2727 2538 2937 2588 terram
2970 2527 3220 2599 inspicit.
3287 2525 3465 2582 Audis
3501 2523 3812 2580 Christum

509 2620 782 2676 dicentem
811 2636 825 2675 :
869 2619 915 2676 0
943 2621 1137 2676 mulier
1180 2621 1200 2676 !
1228 2635 1420 2693 magna
1447 2631 1524 2677 est
1554 2621 1687 2691 ﬁdes
1728 2630 1819 2676 tua
1851 2635 1870 2676 :
1917 2622 2015 2692 ﬁat
2049 2623 2146 2678 tibi
2181 2625 2318 2680 sicut
2341 2628 2440 2682 vis.
2468 2626 2617 2682 Exiit
2662 2625 2903 2683 subinde
2953 2621 3308 2685 daemonium,
3362 2628 3667 2690 sanctaque
3728 2627 3815 2673 est

503 2713 626 2785 ﬁlia
659 2713 852 2786 ipsius.
884 2712 1156 2782 Quando?
1177 2729 1241 2769 ea:
1265 2711 1516 2769 iilahora
1549 2711 1765 2787 (Ibid.).
1793 2713 1915 2772 Non
1938 2731 2008 2773 ex
2039 2729 2105 2772 ea
2144 2715 2283 2773 hora
2311 2735 2422 2790 qua
2467 2727 2645 2776 mater
2671 2719 2933 2784 accessit,
2971 2714 3070 2775 sed
3096 2729 3170 2771 ex
3200 2728 3265 2770 ea
3292 2727 3402 2786 qua
3461 2726 3496 2768 ε
3562 2710 3815 2768 Domino

508 2813 797 2869 Salvatore
823 2820 1018 2868 nostro
1049 2813 1305 2869 audivit:
1338 2809 1382 2868 0
1410 2813 1638 2866 mulier!
1669 2828 1863 2883 magna
1889 2822 1968 2868 est
1989 2812 2124 2880 ﬁdes
2159 2822 2253 2870 tua
2277 2831 2297 2869 :
2319 2817 2417 2886 ﬁat
2448 2815 2546 2871 tibi
2582 2817 2722 2872 sicut
2749 2816 2848 2872 uis.
2903 2815 2981 2870 Ac
3026 2813 3290 2884 deinceps
3345 2810 3576 2867 domum
3622 2809 3810 2874 venit,

505 2905 830 2962 existimans
861 2903 979 2962 fore
1019 2914 1079 2960 ut
1112 2907 1278 2960 tiliam
1329 2905 1508 2961 adhuc
1544 2919 1861 2978 possessam
1938 2921 1969 2961 a
2016 2907 2269 2964 daemone
2332 2906 2670 2976 oﬂ‘enderct;
2729 2919 2894 2980 atque
2946 2907 3285 2964 incolumem
3362 2918 3488 2961 eam
3561 2903 3809 2974 reperit,

507 2998 805 3053 voluntatis
834 2995 1095 3052 nimirum
1131 3011 1246 3052 sua:
1291 3011 1460 3068 opera
1514 2996 1814 3052 secundum
1868 2995 2088 3053 Domini
2121 2997 2340 3070 jussum
2377 2999 2604 3057 sanitati
2637 3002 2972 3056 restitutam.

575 3087 640 3146 -S.
665 3087 856 3163 Cyrill.
879 3113 947 3130 -ο
973 3087 1189 3158 Oportet
1218 3103 1422 3160 semper
1452 3102 1612 3143 orare
1633 3085 1791 3160 (Luc.
1821 3102 1982 3154 xvm,
2011 3087 2086 3160 i),

2277 3091 2385 3145 Ἀεὶ
2425 3091 2880 3161 προσεύχεσθαι
2919 3089 3031 3157 δεῖ,
3085 3087 3184 3144 καὶ
3225 3088 3330 3163 πρὸ
3384 3087 3496 3146 τῶν
3534 3087 3810 3159 ἀγώνων.

506 3184 612 3239 hoc
635 3191 740 3252 est,
770 3190 825 3238 et
855 3188 984 3238 ante
1010 3181 1333 3248 certamina,
1365 3187 1419 3236 et
1446 3179 1503 3235 in
1541 3180 1795 3251 ipsismet
1827 3180 2093 3236 certami-

503 3277 708 3342 nibus;
745 3288 809 3330 ac
849 3273 1070 3330 caelitus
1100 3270 1364 3326 auxilium
1399 3286 1722 3341 exposcere.

574 3365 770 3423 Euseb.
807 3394 880 3408 --
906 3364 1017 3420 Pro
1063 3362 1344 3420 communi
1378 3364 1666 3419 hominum
1697 3362 1881 3420 salute
1908 3363 2088 3435 prius.

504 3472 621 3521 tum
660 3461 856 3519 deinde
891 3474 992 3533 pro
1018 3474 1118 3516 sua
1144 3459 1384 3530 quisque
1406 3457 1570 3515 debet
1611 3472 1792 3514 orare.
1831 3458 1889 3513 In
1914 3460 2096 3516 socie-

503 3567 670 3614 tatem
700 3556 848 3612 enim
883 3552 1014 3610 facti
1052 3568 1281 3619 sumus;
1315 3561 1371 3607 et
1402 3551 1498 3623 qui
1526 3566 1648 3608 eam
1680 3551 1924 3623 propriis
1971 3553 2093 3609 suis

503 3646 810 3725 commodis
862 3643 1111 3717 prafert,
1160 3643 1252 3699 ille
1305 3643 1602 3699 admodum
1651 3653 1920 3714 acceptus
1978 3643 2092 3701 Deo

497 3739 694 3798 fuerit.

571 3832 734 3908 471
771 3832 830 3892 8.
869 3829 1010 3888 Nili.
1035 3830 1423 3902 —lmperavit
1462 3828 1752 3897 Dominus,
1793 3841 1854 3886 ut
1908 3830 2087 3903 ipsum

495 3928 728 3986 invocas
759 3927 814 3985 in
866 3927 958 3985 die
1006 3926 1394 3983 tribulationis.
1446 3923 1631 3992 Quare
1677 3926 1931 3980 cunctari
1979 3940 2090 3982 non

493 4023 789 4090 debemus,
836 4023 933 4080 sed
972 4037 1096 4078 cum
1155 4036 1372 4092 semper
1421 4021 1589 4087 alias,
1623 4027 1740 4074 tum
1783 4021 2088 4092 praesertim

501 4117 813 4174 amictionls
859 4123 1113 4188 tempore
1145 4113 1388 4170 divinam
1427 4127 1584 4183 opem
1619 4111 1944 4184 implorare;
1977 4127 2089 4183 quo

505 4212 855 4285 perspicuum
881 4210 1134 4267 hostibus
1155 4206 1429 4264 faciamus
1452 4205 1678 4261 minime
1712 4219 1814 4262 nos
1841 4205 2089 4263 adversis

503 4306 670 4364 rebus
696 4307 989 4377 absorptos
1015 4317 1159 4371 esse,
1186 4303 1282 4358 sed
1317 4301 1501 4358 fidenti
1550 4302 1735 4355 animo
1767 4315 1990 4358 sursum
2015 4298 2087 4354 ad

505 4403 675 4460 Deum
706 4401 900 4457 oculos
931 4397 1215 4469 conjectos
1251 4396 1473 4452 habere.

2201 3183 2296 3238 κα)⁸
2322 3186 2379 3239 ὲν
2412 3185 2599 3250 αὐτοῖς
2621 3187 2738 3249 τοῖς
2781 3185 2986 3254 ἀγῶσι,
3037 3187 3133 3239 καὶ
3163 3183 3263 3257 τὴν
3301 3186 3514 3242 ἄνωθεν
3556 3189 3806 3242 emascu-

2201 3278 2325 3350 ρίαν
2356 3280 2550 3334 αἰτεῖν.

2281 3371 2457 3444 ’Υπὲρ
2487 3372 2588 3446 τῆς
2645 3373 2832 3444 κοινῆς
2861 3371 2973 3426 τῶν
2995 3371 3326 3446 ἀνθρώπων,
3367 3373 3476 3447 χρὴ
3521 3374 3805 3447 εὕχεσθαι

2199 3465 2466 3539 πρότερον
2513 3466 2814 3539 σωτηρίας,
2838 3461 2944 3521 εἷθ’
2975 3466 3150 3532 οὕτως
3183 3468 3326 3540 ὑπὲρ
3377 3469 3617 3526 ἑαυτῶν.
3663 3471 3809 3527 Ἐπὶ

2198 3559 2306 3633 γὰρ
2332 3558 2622 3614 κοινωνίαν
2661 3560 2997 3633 γεγόναμεν,
3034 3561 3129 3618 καὶ
3180 3561 3391 3634 ταύτην
3419 3567 3450 3617 ὀ
3492 3567 3806 3637 προτιμῶν

2195 3650 2293 3706 τοῦ
2349 3651 2472 3706 καθ’
2520 3653 2713 3709 ἑαυτὸν
2764 3654 2918 3725 ἰδίου,
2969 3656 3210 3729 μάλιστα
3255 3659 3344 3730 εἴη
3385 3657 3507 3730 Θεῷ
3561 3677 3811 3734 κεχαρι-

2198 3745 2416 3817 σμένος.

2267 3839 2579 3910 Προσέταξε
2609 3840 2836 3913 Κύριος,
2871 3843 2958 3897 ἱνα
2980 3843 3287 3917 ὲπικαλέσῃ
3317 3845 3483 3900 αὐτὸν
3513 3847 3577 3900 ἐν
3601 3849 3803 3922 ἡμέρᾳ

2198 3932 2448 4005 θλίψεως.
2473 3936 2566 3990 Διὸ
2584 3937 2647 3990 οὐ
2669 3937 2776 4010 χρὴ
2792 3943 3101 4005 κατοκνεῖν,
3131 3939 3270 3994 ἀλλὰ
3290 3941 3459 3996 παντὶ
3482 3943 3586 4014 μὲν
3609 3947 3807 4018 καιρῷ

2195 4029 2574 4084 ἐπικαλεῖσθαι
2609 4029 2703 4084 τὸν
2731 4030 2887 4100 Θεὸν,
2923 4032 3163 4104 μάλιστα
3204 4033 3262 4088 δὲ
3297 4035 3356 4089 ὲν
3409 4039 3525 4101 τοῖς
3571 4044 3806 4111 καιροῖς

2192 4124 2302 4179 τῶν
2324 4123 2577 4196 θλίψεων,
2610 4125 2696 4180 ἴνα
2723 4124 2993 4199 δείξωμεν
3020 4130 3135 4193 τοῖς
3158 4129 3397 4202 ἐχθροῖς,
3430 4131 3512 4185 ὅτι
3541 4136 3804 4186 κατεπό-

2195 4217 2368 4292 θημεν
2403 4217 2509 4272 ὑπὸ
2542 4218 2655 4274 τῶν
2703 4220 3109 4293 περιστάσεων,
3144 4222 3286 4279 ἀλλὰ
3320 4223 3462 4296 μετὰ
3510 4228 3800 4300 πεποιθὴ-

2195 4329 2334 4376 σεως
2360 4313 2503 4385 πρὸς
2522 4314 2614 4369 τὸν
2645 4314 2779 4372 Θεὸν
2811 4315 2927 4371 ἄνω
2950 4314 3243 4389 βλέπομεν.

582 4494 771 4567 Ejusd.
799 4524 872 4536 —
899 4493 1034 4550 Cum
1068 4505 1448 4563 smpenumero
1489 4489 1654 4547 Deum
1683 4498 1940 4562 precatus
1968 4487 2088 4545 fue-

2262 4497 2591 4563 Πλειστάκις
2615 4495 2852 4569 δεηθεὶς,
2876 4499 2975 4553 καὶ
2993 4497 3311 4570 ἀποτυχὼν,
3347 4499 3424 4572 μὴ
3450 4501 3802 4576 ἀποκάμῃς,

502 4592 605 4659 ris,
635 4603 735 4646 nec
760 4588 1159 4660 impetraveris,
1180 4601 1248 4641 ne
1274 4595 1558 4658 propterea
1586 4583 1946 4656 despottdcris
1975 4585 2092 4640 ani-

503 4702 653 4743 mum
687 4703 702 4741 :
735 4686 869 4758 quin
911 4684 1094 4755 potius
1130 4680 1406 4754 supplices
1431 4679 1498 4735 ad
1531 4681 1710 4748 ipsum
1751 4679 1967 4736 libellos
2003 4695 2089 4736 rc-

500 4796 733 4849 novans,
763 4781 1110 4852 impudenter
1141 4775 1359 4832 accede.
1385 4773 1520 4829 Nam
1557 4776 1610 4830 in
1643 4775 1875 4830 suinmis
1904 4790 2085 4830 rerum

498 4875 909 4934 diﬂlcultatibus
937 4872 1144 4945 pudore
1177 4871 1516 4943 impudentia
1548 4871 1725 4940 potior
1757 4878 1858 4926 est.
1882 4868 2085 4935 Quem-

498 4969 791 5030 admodum
819 4971 964 5025 enim
1003 4968 1268 5022 Dominus
1295 4967 1429 5020 dicit
1469 4983 1480 5019 :
1518 4964 1747 5018 Dabitur
1775 4965 1825 5016 ei
1869 4974 2085 5034 propter

498 5066 925 5124 inuerecundiam
956 5063 1212 5136 quidquid
1244 5063 1466 5118 uoluerit
1504 5060 1657 5132 (Luc.
1693 5077 1770 5125 XI,
1801 5060 1876 5130 8).

569 5161 761 5234 Ejusd.
793 5192 862 5202 ——
890 5160 1070 5217 Veluti
1106 5158 1382 5229 respirare
1413 5169 1696 5227 nunquam
1737 5153 2080 5226 intempesti-

497 5275 625 5316 vum
652 5265 756 5326 est,
794 5257 874 5313 sic
907 5268 1006 5310 nec
1033 5253 1264 5326 mystica
1297 5266 1526 5306 munera
1559 5265 1590 5305 a
1623 5248 1860 5304 Domino
1889 5259 2080 5321 postu-

496 5352 633 5419 lare,
660 5352 724 5406 ad
754 5360 1059 5407 extremum
1082 5359 1256 5418 usque
1286 5346 1563 5416 spiritum.

566 5444 634 5501 In
665 5446 770 5511 die,
807 5442 1006 5514 inquit,
1055 5439 1306 5503 clamavi,
1353 5448 1400 5493 et
1447 5448 1599 5492 nocte
1644 5455 1823 5492 coram
1866 5447 1932 5503 te,
1967 5436 2076 5494 Do-

493 5541 631 5594 mine
668 5537 802 5592 Deus
838 5551 983 5589 meus
1024 5531 1200 5599 (Psal.
1234 5547 1476 5600 Lxxxvtt,
1509 5531 1589 5603 2).
1623 5530 1788 5587 Vides
1815 5533 2078 5603 quemad-

491 5631 716 5690 modum
741 5632 962 5688 divinus
997 5625 1089 5684 illc
1123 5627 1292 5683 David
1326 5627 1488 5683 nobis
1519 5629 1572 5682 in
1621 5629 1932 5698 exemplum
1966 5634 2073 5697 est,

496 5736 552 5784 ut
597 5728 716 5782 sine
766 5726 1176 5781 intermissione
1216 5739 1461 5792 oremus,
1501 5739 1600 5779 nec
1654 5724 1708 5780 in
1753 5725 2073 5795 languorem

493 5837 558 5880 ac
588 5822 807 5878 aedium
845 5819 1240 5877 devolvamur?

2195 4592 2333 4667 μηδὲ
2378 4594 2711 4666 ἀπελπίσῃς,
2749 4589 2889 4646 ἀλλὰ
2946 4592 3306 4659 ἀνακαινίσας
3352 4595 3484 4660 τοὺς
3515 4597 3669 4669 πρὸς
3699 4601 3800 4653 τὸν

2191 4687 2321 4742 Θεὸν
2345 4686 2643 4752 λιῦέλλους,
2671 4686 2834 4744 πάλιν
2856 4687 3123 4763 πρόσελθε
3153 4687 3387 4753 ἀναιδῶς
3413 4687 3495 4760 τῷ
3511 4688 3794 4764 δεσπότῃ.

2191 4785 2531 4857 mmmam
2560 4784 2669 4858 γὰρ
2701 4786 2758 4840 ὲν
2770 4787 2895 4849 ταῖς
2909 4785 3185 4854 ἀνάγκαις
3211 4782 3313 4853 τῆς
3342 4781 3529 4846 αἰδοῦς
3563 4784 3598 4855 ἡ
3627 4785 3794 4838 dival-

2186 4881 2325 4935 δεια.
2387 4881 2490 4935 Διὰ
2513 4880 2622 4952 γὰρ
2684 4881 2798 4950 τὴν
2852 4878 3162 4936 ἀναίδειαν
3207 4877 3394 4934 αὑτοῦ
3447 4876 3792 4954 δοθήσεται

2185 4975 2345 5042 αὐτῷ
2371 4974 2524 5030 ὅσον
2543 4974 2724 5042 θέλει,
2766 4974 2952 5038 καθὼς
2984 4969 3139 5027 εἶπεν
3167 4974 3197 5026 ὁ
3229 4972 3455 5042 Κύριος.

2256 5159 2470 5231 Ὠσπερ
2581 5159 2844 5214 ἀναπνεῖν
2875 5156 3134 5212 οὐδέποτε
3166 5155 3419 5226 ἄκαιρον,
3455 5155 3642 5222 οὕτως
3660 5158 3783 5211 mas

2181 5255 2242 5309 τὸ
2265 5254 2534 5309 αἰτεῖσθαι
2560 5255 2705 5327 παρὰ
2732 5252 2941 5326 Κυρίου
2963 5251 3033 5307 τὰ
3062 5252 3342 5324 αἰτήματα
3373 5254 3649 5322 μυστικὰ,
3681 5254 3785 5324 μέ-

2180 5367 2303 5422 χρις
2339 5349 2578 5421 ἐσχάτης
2612 5347 2907 5418 ἀναπνοῆς.

2262 5445 2526 5515 Ἡμέρας,
2559 5443 2742 5515 φησιν,
2790 5440 3108 5511 ἐκέκραξα,
3145 5441 3239 5495 καὶ
3266 5439 3336 5494 ἐν
3363 5443 3541 5498 νυκτὶ
3599 5446 3777 5499 ἐναν-

2182 5541 2311 5595 τίον
2338 5557 2476 5605 σου,
2501 5542 2678 5608 Κύριε
2719 5542 2752 5593 ὁ
2802 5537 2945 5605 Θεός
2983 5553 3125 5608 μου.
3180 5539 3340 5610 Ὁρᾷς
3369 5537 3490 5602 πῶς
3541 5539 3718 5593 Agat.
3746 5542 3776 5592 ὀ

2180 5635 2466 5699 θεσπέσιος
2506 5633 2858 5696 ὐποτύπωσις
2908 5633 3038 5704 ὑμῖν
3082 5632 3292 5702 γίνεται
3345 5632 3488 5705 πρὸς
3513 5633 3578 5687 τὸ
3613 5633 3772 5687 ἀδια-

2177 5729 2413 5796 λείπτως
2437 5726 2712 5802 εὔχεσθαι,
2740 5725 2932 5800 καὶμὴ
2957 5724 3369 5802 καταφέρεσθαι
3389 5726 3473 5792 sl;
3505 5726 3769 5796 ἀκηδίαν.
