4014 6302
517 407 654 475 1455

1704 407 1767 468 S.
1791 404 2116 472 IOANNIS
2154 403 2590 468 DAMASCENI

3647 398 3772 463 1456

510 527 796 589 obsecras,
830 535 932 578 nec
965 529 1018 577 te
1068 519 1160 576 ille
1193 520 1379 577 statim
1411 516 1656 588 exaudit,
1703 536 1777 580 ne
1803 527 2097 592 prepterca

2219 519 2296 575 tat
2328 520 2404 594 μὴ
2437 519 2739 595 είσακούσῃ
2768 537 2862 575 σου
2897 521 3236 594 παραυτίκα,
3285 521 3364 594 μὴ
3411 520 3771 596 ὀλιγωρήσῃς,

512 619 754 686 fatiscas,
801 624 898 673 aut
941 614 1142 689 pusillo
1196 613 1528 685 abjectoque
1580 613 1767 668 animo
1811 613 1912 670 sis.
1960 610 2100 670 Fre-

507 722 744 782 quenter
766 707 911 765 enim
941 707 1003 770 id.
1027 706 1172 780 quod
1198 705 1466 778 postulas,
1495 704 1552 761 iu
1585 719 1830 776 praesens
1856 704 1957 759 tibi
1987 719 2096 761 non

509 801 791 862 conducit.
821 799 1030 869 Omnis,
1055 797 1256 870 inquit,
1279 798 1371 869 qui
1396 799 1522 866 petit
1547 797 1737 866 accipit
1757 794 1977 868 (Matth.
2001 811 2097 866 vn,

509 898 586 966 8).
614 897 688 952 Ita
715 895 936 952 demum
971 901 1155 950 autem
1189 891 1416 962 accipit,
1444 890 1494 947 si
1524 889 1617 947 illa
1642 897 1797 961 petat
1825 905 1949 964 qua:
1981 889 2101 946 ani-

509 1003 614 1042 mae
648 981 762 1042 sua:
797 982 1166 1041 conducibilia
1206 983 1342 1039 sint.

582 1079 773 1153 Ejusd.
807 1108 878 1120 —-
903 1078 1052 1134 Inter
1078 1076 1372 1142 orandum,
1405 1090 1510 1134 nec
1544 1091 1699 1149 opes,
1727 1089 1831 1131 nec
1869 1088 2102 1146 prospe-

509 1190 626 1232 ram
654 1171 1044 1237 valetudinem,
1073 1186 1176 1228 nec
1203 1169 1447 1227 hostium
1482 1169 1748 1225 ultionem
1785 1176 1976 1240 petas;
2006 1166 2101 1222 sed

510 1284 573 1324 ea
614 1268 884 1324 duntaxat
930 1278 1056 1337 qua:
1113 1262 1182 1319 ad
1246 1264 1443 1320 anima:
1485 1262 1720 1320 salutem
1777 1260 2102 1332 adiumento

511 1362 645 1416 sint.

583 1455 719 1510 Cum
759 1451 901 1507 male
925 1458 979 1506 et
1006 1450 1170 1506 noxle
1203 1447 1411 1520 aliquid
1437 1445 1602 1518 petis,
1639 1443 1839 1500 similis
1871 1441 2102 1499 eiliceris

513 1547 724 1603 homini
756 1545 907 1601 febre
957 1542 1400 1611 Iaboranti,qui
1435 1539 1595 1595 enixe
1629 1537 1832 1608 rogitet
1879 1543 1939 1592 ut
1994 1535 2103 1596 sibi

513 1645 703 1699 vinum
757 1639 1109 1713 porrigatur.
1157 1637 1303 1692 Deus
1333 1651 1483 1696 vero,
1520 1632 1612 1706 qui
1675 1631 2103 1703 l‘utura'prospi-

516 1737 612 1802 cit,
648 1733 928 1806 cupiditati
986 1739 1093 1786 tua:
1148 1743 1357 1784 morem
1392 1744 1500 1784 non
1561 1726 1733 1800 gerit,
1793 1739 1894 1779 nec
1954 1722 2104 1796 quod

514 1828 681 1883 stulte
710 1824 978 1896 postulas,
1005 1823 1252 1894 largitur.

2202 613 2339 684 μηδὲ
2371 613 3110 687 μικρῴυχὴσῃςρηολλάκις
3137 616 3247 688 γὰρ
3272 615 3408 685 πρὸς
3434 613 3497 669 τὸ
3517 616 3695 687 παρὸν
3719 617 3772 672 οὗ

2201 707 2473 782 συμφέρει
2503 724 2586 767 σοι
2613 706 2678 763 τδ
2726 707 2955 780 αἴτημα.
2997 706 3125 775 Πᾶς
3159 709 3193 763 ό
3242 706 3428 763 αἰτῶν
3469 707 3772 780 λαμϐάνει,

2202 801 2356 874 φησι.
2393 800 2679 876 Λαμὸάνει
2709 799 2787 869 δὲ,
2824 801 2984 875 εἴπερ
3012 799 3202 874 ζητοίη
3226 800 3296 856 τά
3327 802 3681 874 συμφέροντα
3717 804 3773 874 τῇ

2199 894 2369 968 ψυχῇο

2271 1075 2364 1150 Μὴ
2396 1076 2628 1132 πλοῦτον
2661 1078 2720 1132 ὲν
2749 1079 3026 1150 προσευχῇ
3059 1076 3323 1150 ζητήσῃς,
3361 1077 3436 1152 μὴ
3467 1077 3680 1148 ὑγείαν,
3712 1079 3776 1150 μὴ

2202 1170 2311 1228 τῶν
2341 1168 2553 1242 ἐχθρῶν
2600 1170 2837 1243 ἄμυναν,
2892 1171 2969 1252 μὴ
3018 1171 3180 1239 δόξαν
3229 1171 3612 1242 ἀνθρωπίνην,
3652 1172 3781 1226 ἀλλά

2206 1263 2367 1335 μόνον
2395 1263 2465 1319 τά
2485 1262 2846 1319 συντελοῦντα
2877 1263 3016 1337 πρὸς
3068 1263 3347 1337 σωτηρίαν
3376 1265 3580 1337 ψυχῆς.

2285 1440 2416 1498 Ἐὰν
2469 1441 2657 1506 κακῶς
2689 1441 2786 1496 καὶ
2835 1440 3173 1514 ἀξυμφόρως
3221 1444 3416 1508 αἰτεῖς,
3473 1442 3779 1516 καθάπερὸ

2214 1535 2506 1606 πυρέττων
2557 1534 2848 1607 ἄνθρωπος
2890 1535 3203 1608 παρακαλεῖ
3266 1539 3577 1610 παρασχεῖν
3641 1537 3782 1608 αὐτῷ

2204 1621 2370 1694 οἶνον,
2401 1626 2766 1700 προσϐλέπων
2798 1629 2828 1681 ό
2870 1627 3004 1694 Θεὸς
3028 1627 3100 1682 τὰ
3133 1626 3421 1698 μέλλοντα,
3451 1630 3511 1683 ού
3557 1631 3709 1683 ποιεῖ
3731 1629 3783 1683 τδ

2206 1721 2423 1798 θέλημά
2449 1738 2543 1777 σου
2569 1737 2584 1751 ·
2616 1721 2678 1777 οὐ
2701 1721 2931 1794 παρέχει
2967 1720 3068 1794 τὴν
3097 1721 3385 1792 ἀλόγιστον
3417 1725 3660 1796 αἴτησιν.

583 1919 646 1976 S.
678 1881 873 1973 έιιιεὸ.
901 1881 1291 1972 --'Pro‘ditoris
1320 1914 1473 1970 Iudae
1503 1914 1879 1978 recordemur,
1903 1919 1962 1968 ut
1994 1925 2102 1967 non

2279 1903 2626 1977 Μνησθῶμεν
2653 1903 2748 1958 τοῦ
2785 1901 3050 1975 προδότου
3109 1901 3305 1968 Ἰούδα,
3337 1903 3432 1958 καὶ
3455 1903 3530 1975 μὴ
3564 1902 3787 1968 ἐξέλθω-

511 2028 576 2067 cx
600 2012 832 2068 ecclesia
870 2011 1062 2086 pedem
1113 2009 1443 2067 referamus.
1476 2008 1593 2063 IIoc
1643 2007 1788 2063 enim
1822 2007 1900 2063 illi
1929 2007 2104 2063 ruinae

511 2104 726 2161 initium
759 2105 881 2169 fuit.
905 2105 1051 2176 quod
1084 2105 1141 2159 in
1174 2102 1423 2159 oratione
1457 2116 1568 2157 non
1601 2098 1941 2173 perstiterit.
1966 2098 2102 2152 Nam

513 2213 639 2253 cum
670 2196 884 2269 primus
914 2195 1161 2254 omnium
1191 2210 1385 2269 panem
1435 2193 1768 2264 accepisset,
1803 2190 2061 2248 discessit
2087 2208 2102 2260 ;

500 2287 813 2366 statimque
842 2288 1074 2345 Satanas
1099 2289 1155 2345 in
1192 2302 1318 2343 eum
1346 2284 1595 2350 intravit,
1625 2284 1787 2356 isque
1820 2283 1886 2341 ad
1917 2280 2106 2354 prodi-

513 2383 717 2438 tionem
763 2381 1100 2456 properavit.
1154 2378 1451 2446 Quocirca,
1511 2376 1560 2434 si
1616 2377 1768 2448 quis,
1811 2383 2106 2447 antequam

513 2474 747 2534 abeundi
779 2482 1029 2549 potestas
1083 2472 1202 2538 ﬁat,
1246 2472 1465 2539 abierit,
1520 2470 1764 2538 easdem,
1821 2484 1886 2526 ac
1935 2466 2106 2526 Judas

513 2585 705 2644 poenas
739 2567 1038 2641 persolvet.
1089 2565 1168 2625 Ne
1208 2565 1376 2638 igitur
1412 2564 1828 2621 committamus
1866 2570 1926 2618 ut
1978 2575 2108 2633 pro-

513 2675 638 2736 pter
667 2676 831 2717 unam
873 2662 1065 2716 horam
1107 2674 1236 2714 cum
1283 2656 1421 2711 Iuda
1462 2655 1921 2716 condemnemur.
1959 2653 2106 2709 Nihil

514 2749 678 2807 nobis
733 2747 1002 2806 molestia:
1045 2746 1455 2820 permansionis
1506 2760 1659 2800 mora
1713 2744 1950 2800 allatura
1997 2752 2103 2801 est.

512 2841 629 2898 Non
657 2849 959 2914 tempestas
987 2840 1137 2896 intus
1171 2849 1278 2905 est,
1325 2852 1438 2894 non
1470 2837 1638 2909 ignis,
1671 2851 1783 2892 non
1828 2836 1934 2892 alia
1971 2852 2103 2909 sup-

516 2928 700 3009 plicia.

583 3025 643 3083 S.
680 3022 1077 3081 Nili.-Cum
1123 3021 1389 3080 Dominus
1439 3021 1495 3077 in
1536 3019 1852 3093 Evangeliis
1891 3020 2106 3080 homini

512 3117 701 3174 dicat:
739 3113 899 3172 Omni
945 3114 1140 3184 petenti
1175 3123 1223 3168 te
1267 3113 1340 3167 da
1389 3111 1776 3183 eleemosynam
1808 3110 1975 3182 (Luc.
2025 3127 2101 3176 rt,

2209 2018 2307 2074 μεν
2335 2001 2434 2070 τῆς
2487 1997 2811 2066 ἐκκλησίας.
2869 1997 3098 2068 Ἐκείνῳ
3148 1996 3259 2067 γὰρ
3318 1997 3462 2070 ἀρχὴ
3508 1997 3788 2060 ἀπωλείας

2204 2094 2417 2162 γέγονε,
2453 2091 2514 2146 τὺ
2546 2091 2621 2162 μὴ
2652 2088 2998 2162 παραμένειν
3030 2093 3097 2163 τῇ
3139 2090 3294 2163 εὐχῇ.
3337 2089 3530 2145 Λαϐὼν
3555 2091 3674 2162 γὰρ
3704 2091 3788 2144 τὸν

2206 2186 2373 2260 ἄρτον
2406 2188 2628 2255 πρῶτος
2651 2182 2763 2238 τῶν
2797 2182 3004 2239 λοιπῶν
3039 2182 3258 2255 ἐξῆλθε,
3289 2182 3388 2237 καὶ
3416 2183 3627 2247 εὐθέως
3657 2182 3790 2253 ἐχώ-

2211 2299 2376 2354 ρησεν
2411 2281 2491 2345 είς
2520 2279 2685 2334 αὐτὸν
2717 2279 2747 2333 ὁ
2788 2279 3059 2344 Σατανᾶς,
3105 2278 3204 2346 καὶ
3236 2280 3315 2343 είς
3363 2278 3465 2348 τὴν
3498 2275 3790 2348 προδοσίαν

2205 2373 2561 2431 έσπούδασεν.
2603 2372 2730 2426 Ἐἀν
2757 2370 2852 2428 οὖν
2868 2387 2953 2437 τις
2976 2370 3083 2444 πρὸ
3106 2373 3205 2443 τῆς
3231 2369 3552 2432 ἀπολύσεως
3575 2366 3789 2441 ἐξέλθῃ,

2203 2468 2304 2534 τὰς
2331 2467 2428 2522 τοῦ
2473 2465 2646 2522 Ἰούδα
2685 2465 2920 2529 εὐθύνας
2963 2462 3236 2522 ἀποτίσει.
3268 2462 3361 2534 Μὴ
3403 2456 3497 2516 οὖν
3527 2459 3624 2516 διὰ
3667 2460 3790 2530 μίαν

2205 2561 2356 2635 ὥραν
2388 2560 2676 2634 μέλλωμεν
2718 2558 2858 2632 μετὰ
2922 2556 3096 2612 ’ἰούδα
3132 2553 3585 2628 κατακρίνεσθαι.
3629 2552 3791 2606 οὐδὲν

2205 2658 2355 2729 ἡμᾶς
2382 2656 2618 2730 βαρήσει
2643 2656 2678 2727 ἡ
2709 2653 3002 2728 παραμονή
3024 2668 3040 2686 ο
3075 2651 3139 2706 ού
3171 2649 3451 2733 χειμῶνας
3482 2646 3637 2704 ινδον
3659 2646 3788 2720 εχει,

2204 2752 2266 2808 ού
2302 2751 2440 2824 πῦρ,
2473 2751 2575 2823 οὐχ
2601 2750 2767 2820 ἕτερα
2792 2746 3151 2819 κολαστήρια.

2276 3010 2340 3066 Et
2358 3007 2510 3079 λέγει
2529 3006 2608 3080 τῷ
2630 3006 2906 3080 ἀνθρώπῳ
2927 3005 2956 3061 ὁ
2971 3003 3177 3078 Κύριος
3196 3003 3255 3060 ιν
3269 3003 3384 3068 τοῖς
3409 3000 3791 3073 Εύαγγελίοις,

2206 3107 2310 3169 ὅτι,
2337 3101 2522 3158 Παντὶ
2546 3099 2626 3168 τῷ
2644 3099 2914 3157 aito-8rd
2929 3115 3004 3154 σε
3017 3098 3190 3154 δίδου
3211 3097 3326 3168 τὴν
3342 3098 3794 3168 ἐλεημοσύνην,

512 3207 657 3281 50);
691 3216 900 3285 quanto
934 3205 1108 3278 magis
1163 3205 1434 3263 Dominus
1485 3205 1606 3277 ipse
1642 3205 1873 3262 cuilibet
1925 3202 2105 3261 oranti

2219 3197 2390 3270 πολλῷ
2446 3196 2649 3268 μᾶλλον
2705 3194 2868 3258 αὐτὸς
2923 3195 2952 3249 ό
2984 3193 3191 3265 Κύριος
3227 3192 3394 3247 παντὶ
3428 3191 3510 3264 τῷ
3550 3191 3796 3263 δεομένῳ

513 3301 887 3374 amplissimas
919 3296 1358 3363 misericordias,
1381 3304 1438 3352 et
1478 3306 1833 3370 peccatorum
1864 3298 2104 3363 veniam,

513 3395 1003 3465 molestiarumque
1048 3391 1455 3464 depulsionem,
1506 3391 1617 3447 imo
1657 3399 1924 3448 sexcenta
1959 3391 2105 3448 bona

513 3490 751 3545 daturus
776 3495 864 3544 est
889 3487 906 3542 l
1936 3545 1944 3553 ,

577 3577 840 3638 Christus
865 3577 1110 3634 omnium
1135 3575 1253 3633 Rex
1279 3583 1336 3636 et
1359 3574 1524 3644 Deus,
1551 3575 1621 3633 iis
1645 3576 1740 3648 qui
1773 3591 1840 3633 ex
1866 3590 1971 3648 ope
2007 3590 2106 3633 sua

513 3673 775 3748 pendent.
811 3681 862 3729 et
897 3671 1091 3726 intimo
1119 3677 1346 3743 pectore
1375 3669 1771 3741 ingemiscunt,
1800 3668 2108 3744 quamlibet

516 3761 706 3821 multis
748 3770 1102 3834 peccatorum
1167 3761 1402 3819 sarcinis
1451 3763 1638 3818 onusti
1689 3762 1823 3829 sint,
1878 3760 2107 3816 minime

519 3866 704 3911 tamen
736 3854 1061 3910 adversatur
1088 3871 1108 3914 :
1137 3853 1274 3926 quin
1319 3854 1505 3926 potius
1553 3853 1792 3925 benigne
1844 3861 2106 3924 acceptos

517 3957 736 4025 purgat,
761 3948 1073 4020 adoptionis
1103 3947 1308 4004 donum
1334 3947 1414 4002 eis
1443 3947 1694 4018 largitur,
1719 3953 1774 4004 et
1803 3961 2104 4019 progressu

520 4042 788 4117 temporis
810 4043 1079 4099 virtutum
1109 4041 1336 4115 opifices
1375 4041 1575 4098 reddit.

514 4234 680 4312 £73
718 4233 1016 4297 “LVIII.
1045 4266 1128 4322 -—.
1143 4235 1220 4294 De
1272 4236 1627 4310 elemosyna,
1675 4245 1726 4292 et
1766 4233 2106 4306 beneﬁcentia

1107 4327 1160 4364 tu
1196 4324 1472 4381 pauperes.

589 4396 750 4456 Deut.
789 4415 882 4465 xv,
940 4397 1030 4455 Il.
1059 4428 1133 4440 --
1162 4416 1182 4452 ι
1220 4396 1343 4454 Non
1374 4399 1554 4456 deerit
1605 4413 1813 4473 pauper
1841 4400 1898 4456 in
1929 4407 2102 4472 terra.

518 4492 814 4563 Pr0pterea
847 4505 950 4564 ego
1006 4491 1273 4565 praccipio
1316 4489 1419 4548 tibi
1455 4491 1636 4550 facere
1663 4491 1893 4549 verbum
1934 4493 2107 4562 istud,

2209 3292 2367 3346 δώσει
2400 3288 2636 3344 πλούσια
2665 3285 2736 3344 τὰ
2782 3286 2933 3358 mn,
2965 3287 3063 3343 καὶ
3095 3287 3206 3342 τῶν
3243 3285 3671 3360 ἁμαρτημάτων
3703 3283 3798 3354 τὴν

2208 3384 2426 3455 ἄφεσιν,
2456 3380 2684 3437 καὶτῶν
2707 3377 2969 3453 λυπηρῶν
2985 3378 3096 3451 τὴν
3134 3377 3312 3446 λύσιν,
3331 3378 3402 3434 τά
3430 3377 3606 3450 μυρία
3633 3378 3793 3439 καλά.

2279 3561 2516 3636 Χριστὸς
2553 3563 2582 3618 ὁ
2638 3559 3019 3634 παμϐασιλεὺς
3051 3558 3188 3625 Θεὸς
3225 3557 3485 3631 οὐδαμῶς
3520 3557 3799 3629 ἀποστρέ-

2209 3675 2370 3730 φεται
2401 3657 2528 3722 τοὺς
2571 3656 2714 3728 πρὸς
2758 3654 2922 3712 αὑτὸν
2951 3655 3273 3727 κεχηνότας,
3306 3653 3404 3707 καὶ
3440 3652 3550 3708 ἀπὸ
3593 3651 3800 3722 βάθους

2208 3751 2438 3825 καρδίας
2468 3750 2850 3815 στενάζοντας,
2902 3747 3011 3804 κᾶν
3055 3746 3274 3812 πολλοῖς
3297 3747 3673 3818 ἁμαρτήμασι
3698 3763 3798 3798 πε-

2207 3845 2563 3918 φορτισμένοι
2605 3843 2974 3914 τυγχάνωσιν,
3020 3839 3159 3896 ἀλλά
3203 3838 3300 3894 καὶ
3348 3839 3672 3910 προσίεται,
3707 3837 3802 3892 καὶ

2207 3936 2497 4010 καθαρίζει
2521 3933 2770 4002 τούτους,
2794 3934 2896 4006 τῆς
2923 3931 3198 3996 υἱοθεσίας
3227 3931 3482 4004 δωρεῖται
3512 3928 3795 4006 χάρισμα,

2207 4033 2302 4086 καὶ
2374 4028 2590 4103 ἀρετῶν
2661 4028 2904 4102 ἐργάτας
2955 4024 3253 4096 ἀποφαίνει
3327 4020 3622 4095 προϊόντος
3706 4020 3800 4076 τοῦ

2206 4123 2424 4198 χρόνου.

2207 4239 2394 4297 ΤΙΤΛ.
2419 4239 2504 4296 Ην.
2535 4264 2611 4280 --
2628 4234 2770 4309 Περὶ
2793 4232 3238 4315 ἐλετῑμοσςρντις,
3259 4230 3359 4286 καὶ
3377 4230 3659 4299 duratur
3686 4227 3804 4286 τῶν

2861 4318 3141 4376 πτωχων.

2284 4423 2306 4460 ι
2336 4404 2410 4459 Οὔ
2471 4403 2550 4477 μὴ
2604 4399 2835 4472 ἐκλείπῃ
2878 4398 3066 4471 ἐνδεὴς
3091 4397 3201 4454 ἀπὸ
3224 4396 3326 4472 τῆς
3353 4397 3480 4470 γῆς.
3510 4395 3617 4451 Διά
3643 4395 3805 4452 τοῦτο

2208 4496 2322 4566 ἐγὼ
2356 4513 2438 4551 σοι
2453 4494 2774 4567 ἒντέλλομαι
2802 4495 2979 4549 ποιεῖν
3010 4493 3072 4548 τὸ
3127 4493 3282 4567 ῥῆμα
3333 4492 3518 4559 τοῦτο,
3568 4491 3758 4564 λέγων
3787 4506 3800 4520 ·

520 4586 759 4642 dicens:
799 4585 1070 4656 Aperiens
1107 4583 1326 4656 aperies
1372 4601 1571 4641 manus
1628 4594 1752 4642 tuas
1801 4570 1961 4643 fratri
2009 4595 2105 4643 tuo

2223 4589 2484 4660 Ἀνοίγων
2535 4588 2775 4654 ἀνοίξεις
2823 4586 2924 4652 τὰς
2974 4587 3167 4659 χεῖράς
3197 4604 3290 4640 σου
3321 4583 3401 4657 τῷ
3430 4583 3654 4656 ἀδελφῷ
3686 4601 3801 4646 σου.

519 4675 750 4750 pauperi
806 4687 863 4733 et
909 4677 1202 4747 indigenti.
1249 4695 1270 4730 ι
1299 4706 1367 4718 -
1405 4676 1459 4733 7.
1497 4695 1518 4731 ι
1559 4674 1680 4734 Non
1713 4687 1935 4737 avertes
1988 4695 2109 4736 ma-

520 4785 654 4828 num
690 4778 838 4825 tuam
866 4783 898 4823 a
933 4767 1105 4825 fratre
1133 4778 1249 4824 tuo.
1284 4788 1312 4823 δ

591 4861 754 4918 Deut.
785 4875 844 4929 ι,
877 4860 967 4918 19.
998 4889 1070 4903 --
1101 4881 1120 4913 ι
1158 4859 1270 4932 Ego
1296 4860 1398 4916 tibi
1431 4859 1695 4934 praecipio
1723 4877 1912 4920 amare
1943 4861 2110 4920 adve-

523 4971 676 5023 nam,
703 4963 760 5012 et
790 4955 922 5011 dare
953 4955 1001 5011 ei
1036 4970 1232 5027 panem
1259 4965 1314 5010 et
1346 4957 1766 5013 vestimentum.
1797 4979 1822 5008 ι

593 5047 699 5102 ‘Job
751 5063 907 5111 xui,
940 5047 1010 5103 32
1041 5055 1096 5102 et
1131 5046 1328 5116 16-20;
1365 5063 1524 5116 χιιι,
1555 5049 1643 5105 15.
1685 5080 1754 5091 --
1779 5048 1955 5106 Ianua
1987 5065 2108 5108 mea

527 5142 682 5198 omni
719 5141 967 5197 venienti
1000 5148 1194 5211 aperta
1226 5151 1367 5196 crat.
1397 5142 1708 5199 lmbecilles
1739 5159 1804 5199 eo
1837 5158 1950 5215 quo
1974 5159 2112 5216 opus

531 5233 827 5299 habebant,
868 5231 1124 5288 frustrati
1178 5248 1286 5288 non
1323 5240 1497 5289 sunt:
1547 5234 1728 5289 viduae
1761 5244 1947 5290 autem
1978 5251 2113 5292 ocu-

532 5328 644 5382 lum
680 5342 786 5383 non
817 5322 1083 5381 tabefe'ci-
1109 5325 1165 5380 Si
1197 5333 1251 5381 et
1284 5342 1480 5397 panem
1533 5342 1714 5381 meum
1760 5326 1978 5385 comedi
2007 5328 2114 5398 Iso-

532 5419 643 5482 I'us,
669 5425 724 5473 et
754 5432 864 5472 non
912 5417 1188 5490 pupillum
1219 5417 1548 5489 participem
1604 5419 1724 5490 ejus
1754 5417 1862 5474 feci
1880 5419 1909 5475 ’τ
1938 5430 2033 5478 aut
2064 5421 2112 5478 si

536 5511 760 5582 despexi
813 5511 1022 5567 nudum
1069 5522 1413 5582 pereuntem,
1451 5519 1512 5568 et
1546 5528 1656 5568 non
1700 5513 1897 5570 vestivl
1949 5514 2114 5571 eum?

537 5607 866 5678 impotentes
899 5614 1084 5662 autem
1117 5608 1164 5662 si
1208 5621 1319 5662 non
1368 5605 1784 5663 benedixerunt
1832 5607 2008 5665 mihi?
2046 5610 2114 5667 de

538 5709 766 5758 tonsura
793 5701 977 5756 ovium
1013 5714 1261 5755 mearum
1295 5699 1557 5757 calefacti
1607 5708 1741 5757 sunt
1771 5701 1988 5757 humeri
2019 5719 2115 5759 eo-

536 5798 681 5845 rum.
714 5785 919 5847 Oculus
971 5805 1122 5846 eram
1175 5803 1484 5867 caecorum,
1531 5801 1588 5850 et
1625 5807 1722 5867 pes
1759 5792 2108 5853 claudorum.

532 5879 698 5940 Pater
729 5896 878 5942 erant
906 5881 1275 5941 inﬁrmorum.
1308 5902 1330 5939 ι

2207 4682 2289 4756 τῷ
2319 4682 2513 4754 πένητι
2545 4678 2623 4752 τῷ
2655 4677 3014 4750 ἐπιδεομένῳ.
3062 4697 3082 4730 ι
3114 4706 3184 4720 -—
3218 4695 3238 4730 ι
3276 4677 3391 4732 Ούκ
3428 4675 3807 4750 ἀποστρέψεις

2206 4775 2307 4849 τὴν
2329 4774 2489 4847 χεῖρά
2523 4787 2618 4826 σου
2653 4769 2884 4826 ἐνώπιον
2911 4770 3008 4825 τοῦ
3042 4768 3295 4839 ἀδελφοῦ.
3337 4788 3359 4824 ι

2286 4888 2308 4921 ι
2344 4865 2487 4937 Ἐγὼ
2511 4882 2595 4920 σοι
2635 4864 2960 4936 ἐντέλλομαι
3008 4863 3231 4936 ἀγαπᾷν
3276 4861 3372 4917 τδν
3429 4861 3802 4934 προσήλυτον,

2208 4961 2392 5020 δοῦναι
2423 4960 2572 5032 αύτῷ
2596 4960 2760 5032 ἄρτον
2785 4959 2882 5014 καὶ
2911 4958 3144 5030 ἱμάτιον.
3172 4976 3194 5012 ι

2286 5074 2307 5109 ι
2345 5056 2412 5110 Ἥ
2446 5052 2589 5126 θύρα
2611 5071 2711 5126 μου
2756 5053 2919 5108 παντὶ
2952 5051 3161 5107 ἐλθόντι
3208 5049 3477 5125 ὴνέῳκτο.
3517 5048 3804 5105 Ἀδύνατοι

2211 5149 2401 5224 χρείαν
2430 5150 2497 5222 ἦν
2527 5165 2660 5202 ποτε
2677 5144 2845 5219 εἶχον,
2881 5147 2984 5201 οὐκ
3012 5145 3288 5218 ἀπέτυχον
3313 5161 3327 5174 ⁸
3368 5145 3548 5216 χήρας
3604 5144 3668 5198 δὲ
3719 5143 3803 5197 τὸν

2212 5245 2491 5316 ὀφθαλμὸν
2514 5243 2617 5298 οὐκ
2641 5239 2891 5312 ὲξέτηξα.
2913 5239 2976 5293 Et
3009 5237 3067 5292 δὲ
3086 5237 3184 5293 καὶ
3211 5237 3302 5290 τὸν
3335 5237 3501 5308 ἄρτον
3532 5253 3642 5307 μου
3677 5235 3804 5304 ἔφα-

2211 5355 2311 5408 γον
2336 5337 2519 5410 μόνος,
2549 5339 2647 5390 καὶ
2675 5333 2796 5405 ούχὶ
2811 5331 2908 5388 καὶ
2941 5328 3166 5404 ὀρφανῷ
3185 5328 3506 5403 μετέδωκας
3544 5330 3591 5381 εί
3627 5328 3692 5382 δὲ
3717 5327 3802 5381 καὶ

2213 5431 2473 5504 παρεῖδον
2500 5430 2711 5503 γυμνὸν
2755 5426 3152 5497 ἀπολλύμενον,
3205 5424 3304 5479 καὶ
3359 5425 3460 5478 οὐκ
3508 5422 3800 5493 ἡμερίασα;

2213 5522 2468 5578 ἀδύνατοι
2513 5521 2571 5576 δὲ
2631 5522 2681 5574 εί
2735 5519 2812 5593 μὴ
2865 5515 3178 5591 ηὐλόγησάν
3205 5533 3306 5588 με,
3351 5514 3459 5570 ἀπὺ
3505 5514 3564 5568 δὲ
3595 5515 3802 5584 κουρᾶς

2214 5613 2405 5687 ἀμνῶν
2435 5613 2539 5683 μού
2570 5612 2985 5685 ἐθερμάνθησαν
3037 5610 3090 5664 oi
3139 5602 3283 5681 ὦμοι
3318 5605 3522 5665 αὐτῶν.
3561 5605 3796 5676 Ὀφθαλ-

2217 5707 2315 5779 pb;
2335 5707 2485 5779 ήμην
2505 5706 2746 5777 τυφλῶν,
2775 5705 2910 5772 ποῦς
2936 5703 2991 5759 δὲ
3012 5701 3236 5778 χωλῶν·
3271 5699 3384 5774 ἐγὼ
3424 5700 3576 5775 ῇμην
3607 5699 3800 5771 Πατὴρ

2215 5800 2512 5860 ἀδυνάτων.
2553 5819 2575 5854 θ
