4014 6302
490 325 511 389 1
532 323 626 390 163

1679 333 1743 394 S.
1773 334 2094 396 JOANNIS
2133 335 2569 400 DAMASCENI

3629 337 3761 402 1464

484 439 758 507 Quoniam
805 440 1079 497 bonorum
1128 456 1357 515 operum
1401 444 1595 516 gratias
1641 446 1712 502 ad
1769 447 2062 518 largitores

2193 451 2618 523 ιναστρέφουσιν.
2645 452 2892 518 Ἔδωκας
2913 452 2991 525 τῷ
3008 450 3283 518 πεινῶντι,
3304 449 3401 506 καὶ
3431 450 3526 505 σύν
3551 455 3763 524 γίνεται

487 533 739 591 redeunt.
772 531 978 590 Dedisti
1010 535 1301 603 esurienti,
1339 536 1589 610 illudque
1619 548 1774 595 tuum
1807 540 2063 608 eilicitur,

486 624 556 682 ad
605 635 662 685 te
703 643 833 684 cum
880 627 1071 686 fenore
1115 631 1358 688 rediens.
1401 629 1472 688 Ut
1523 632 1670 689 enim
1727 633 2064 707 frumentum

487 719 544 774 in
598 729 806 777 terram
847 721 1058 792 lapsum
1090 724 1139 779 el
1173 740 1204 780 a
1236 739 1346 794 quo
1392 727 1703 797 projectum
1735 737 1820 784 est
1851 727 2068 784 emolu-

486 823 732 869 mentum
779 814 958 881 allert,
990 817 1182 874 eodem
1229 818 1397 875 modo
1429 818 1586 892 panis
1635 819 1689 875 in
1731 822 2064 878 esurientem

484 905 757 975 deiectus.
793 907 1014 964 uberem
1047 908 1101 965 in
1143 919 1428 982 posterum
1479 912 1780 968 utilitatem
1821 921 2065 983 praestat.

484 1000 564 1055 Ac
596 999 827 1071 proinde
862 1000 928 1056 da
954 1016 1181 1072 operam
1227 1013 1286 1058 ut
1316 1001 1670 1074 agricultura:
1699 1001 1864 1069 linis,
1899 1017 2070 1075 egen-

485 1094 638 1150 tibus
681 1095 1172 1158 communlcando,
1219 1096 1293 1152 sit
1345 1095 1442 1151 tibi
1493 1096 1740 1156 caelestis
1799 1097 2070 1154 sementis

484 1186 728 1244 initium.
770 1186 1044 1243 Semiuate
1076 1188 1227 1244 enim
1264 1186 1432 1255 vobis,
1454 1187 1634 1261 inquit
1661 1187 1780 1256 ille,
1818 1191 1887 1244 ad
1909 1190 2073 1260 justi-

490 1281 623 1335 tiam
649 1280 806 1351 (Osee
851 1297 910 1346 ι,
939 1282 1056 1352 i2).
1089 1280 1203 1338 Cur
1228 1297 1364 1353 ergo
1393 1283 1580 1338 animo
1607 1281 1841 1340 deﬁcis?
1859 1299 1962 1340 cur
1989 1297 2071 1340 te-

487 1373 669 1443 ipsum
711 1373 916 1442 tundis,
948 1373 1077 1430 dum
1109 1389 1242 1445 opes
1276 1374 1394 1431 luto
1415 1385 1472 1431 et
1494 1372 1764 1434 lateribus
1790 1376 2073 1433 includere

489 1466 718 1522 studes?
765 1465 956 1521 Melius
1003 1476 1084 1522 est
1134 1483 1327 1524 nomen
1382 1467 1610 1535 bonum,
1659 1484 1820 1543 quam
1865 1469 2074 1526 divitia

488 1562 674 1617 multa:
701 1559 888 1631 (Prov.
917 1576 1033 1617 un
1052 1601 1068 1625 ,
1097 1561 1172 1633 Ι).
1202 1560 1362 1629 Quod
1398 1562 1448 1619 si
1484 1561 1749 1633 pecunias
1779 1560 1852 1618 ob
1878 1577 2071 1620 earum

489 1652 728 1725 pretium
775 1651 945 1730 476
977 1653 1242 1726 suspicis,
1302 1655 1432 1712 vide
1475 1663 1685 1727 quanto
1715 1655 1786 1712 ad
1839 1657 2070 1727 gloriam

489 1742 686 1800 utilius
712 1743 788 1800 sit
827 1753 1214 1806 sexcentarum
1254 1746 1494 1803 ﬁliorum
1530 1754 1744 1820 patrem
1785 1747 2069 1820 appellari,

2171 544 2233 598 τὸ
2265 544 2421 600 δοθὲν
2457 546 2597 617 μετὰ
2632 545 2956 620 προσθήκης
2985 546 3306 603 ὲπανελθόν.
3354 546 3569 618 Ὠσπερ
3597 549 3708 618 γὰρ
3734 549 3766 602 δ

2175 639 2322 702 σῖτος
2350 638 2536 695 πεσὼν
2575 639 2658 705 είς
2691 640 2789 713 τὴν
2815 640 2942 713 γῆν,
2975 640 3167 717 κέρδος
3216 640 3298 715 τῷ
3329 641 3643 714 προιεμένῳ
3674 641 3766 710 γί-

2175 749 2344 800 νεται,
2367 732 2540 798 οὕτως
2579 736 2612 789 ὀ
2640 735 2802 807 ἄρτος
2831 736 2911 800 είς
2944 735 3036 791 τὴν
3067 734 3343 790 πεινῶντα
3372 733 3767 805 καταϐληθείς,

2174 823 2443 896 πολύχουν
2473 824 2574 898 τὴν
2595 824 2867 896 ὠφέλειαν
2883 827 2962 892 είς
2985 825 3211 898 ὕστερον
3230 823 3571 880 ἀναδίδωσιν.
3581 824 3774 878 Ἔστω

2173 915 2270 974 οῦν
2302 937 2384 974 σοι
2410 919 2472 974 τὺ
2497 919 2675 993 πέρας
2693 920 2797 993 τῆς
2821 922 3098 993 γεωργίας
3116 918 3206 976 διὰ
3231 920 3334 992 τῆς
3363 917 3471 974 τῶν
3490 917 3774 988 δεομένων

2180 1006 2537 1082 μεταλήψεως
2567 1007 2713 1083 ἁρχὴ
2737 1009 2838 1080 τῆς
2856 1007 3178 1080 ἐπουρανίου
3213 1007 3446 1081 σπορᾶς.
3475 1008 3779 1078 Σπειρατε

2175 1101 2286 1174 γὰρ
2311 1100 2573 1169 ἑαυτοῖς,
2605 1101 2792 1174 φησιν,
2819 1101 2908 1169 εις
2937 1100 3358 1170 δικαιοσύνην.
3419 1100 3486 1154 Τί
3512 1093 3605 1154 οὖν
3638 1100 3782 1169 ἀδη-

2180 1195 2398 1266 μονεῐς;
2427 1192 2483 1250 τί
2520 1194 2744 1259 κόπτεις
2786 1192 3034 1260 σεαυτὸν,
3061 1192 3221 1267 πηλῷ
3249 1179 3348 1248 καὶ
3389 1191 3638 1256 πλίνθοις
3693 1193 3785 1246 τὸν

2178 1284 2409 1340 πλοῦτον
2436 1286 2761 1342 ἀποκλεῖσαι
2801 1282 3161 1359 φιλονεικῶνς
3223 1283 3530 1357 Κρεῒσσον
3577 1283 3786 1354 ὄνομα

2178 1381 2376 1436 καλὸν
2405 1379 2561 1451 ὑπὲρ
2584 1379 2860 1436 πλοῦτον
2903 1381 3128 1435 πολύν.
3159 1378 3228 1434 Εἰ
3267 1379 3324 1434 δὲ
3367 1377 3681 1451 θαυμάζεις
3719 1380 3789 1429 τὰ

2177 1475 2445 1548 χρήματα
2480 1474 2570 1531 διὰ
2599 1473 2702 1547 τὴν
2733 1472 2917 1530 αὐτῶν
2956 1473 3148 1549 τιμὴν,
3193 1471 3389 1529 σκόπει
3431 1473 3603 1528 πόσον
3635 1470 3790 1545 πρὸς

2179 1565 2337 1633 δόξαν
2364 1564 2804 1638 λυσιτελέστερον
2848 1565 3061 1638 μυρίων
3089 1565 3296 1620 παίδων
3325 1565 3543 1637 πατέρα
3592 1581 3786 1636 προσ-

2181 1653 2620 1735 αγορεύεσθαι,ἥ
2654 1663 2885 1737 μυρίους
2910 1658 3187 1731 στατῆρας
3216 1658 3359 1734 ἔχειν
3383 1659 3443 1714 ἓν
3470 1659 3782 1733 βαλαντίῳ.

2180 1754 2266 1810 Τὰ
2292 1757 2394 1829 μιν
2451 1756 2563 1830 γὰρ
2592 1758 2853 1832 χρήματα
2882 1758 3233 1830 καταλείψεις
3286 1758 3524 1815 ὶνταῦθα
3565 1759 3679 1815 καὶ
3706 1759 3788 1831 μὴ

488 1850 656 1912 quam
682 1843 975 1894 sexcentos
1001 1845 1240 1896 stateres
1265 1839 1321 1896 in
1351 1854 1614 1897 crumena
1639 1839 1864 1896 habere.
1896 1839 2076 1897 Pecu-

2193 1847 2526 1921 Ξουλόμενος,
2556 1849 2656 1924 τὴν
2690 1851 2748 1907 δὲ
2777 1852 2871 1908 ἐπὶ
2915 1854 3030 1920 τοῖς
3057 1851 3288 1923 ἀγαθοῖς
3343 1851 3529 1925 ἔργοις
3561 1852 3789 1925 φιλοτι-

493 1931 618 1988 nlas
644 1929 919 2004 siquidem
959 1931 1168 1992 invitus
1202 1933 1370 1990 etiam
1414 1933 1508 1990 hic
1533 1932 1835 1990 relicturus
1876 1947 1937 1991 es
1968 1949 1983 1986 :
2015 1940 2076 1988 at

491 2021 716 2080 laudem
752 2037 817 2081 ex
853 2025 1018 2085 bonis
1067 2026 1329 2099 operibus
1362 2028 1650 2085 collectam
1679 2026 1749 2082 ad
1779 2024 2074 2082 Dominum

494 2115 756 2177 deferes:
799 2134 926 2176 cum
959 2120 1229 2178 nimirum
1252 2121 1461 2194 ingenti
1498 2122 1661 2179 turba
1711 2135 1901 2177 coram
1925 2133 2079 2177 com-

493 2211 650 2268 muni
689 2207 878 2282 judice
910 2212 1310 2284 circumfusus,
1359 2215 1429 2273 ab
1462 2215 1566 2284 eis,
1613 2224 1672 2272 et
1720 2216 1984 2284 nutritor,
2024 2225 2080 2274 et

493 2300 838 2372 benefactor,
861 2316 919 2365 et
949 2307 1151 2380 quovis
1179 2307 1404 2365 tandem
1432 2309 1540 2366 alio
1570 2309 1940 2370 immanitatis
1973 2331 2077 2372 no-

494 2397 650 2454 mine
679 2398 1063 2477 appellabaris.
1103 2401 1247 2459 Deus
1286 2402 1548 2461 virtutem
1599 2412 1752 2463 tuam
1800 2408 2077 2481 probabit,

495 2487 809 2550 laudabunt
852 2493 1075 2567 angeli;
1123 2494 1378 2559 homines
1423 2511 1642 2565 omnes,
1691 2499 1787 2570 qui
1828 2505 1902 2558 ab
1951 2506 2088 2561 orbe

2186 1945 2316 2018 μίαν
2345 1943 2708 2018 ἁποκομίσεις
2757 1945 2894 2019 πρὸς
2940 1945 3034 2002 τὸν
3058 1945 3380 2020 Δεσπότην,
3423 1947 3554 2005 ὅταν
3599 1947 3790 2018 δῆμος

2181 2040 2302 2106 ὅλος
2329 2039 2422 2095 ἰπὶ
2436 2040 2531 2095 τοῦ
2558 2040 2742 2097 κοινοῦ
2765 2042 2956 2113 κριτοῦ
2979 2041 3340 2114 περιστάντες
3366 2059 3425 2096 σε
3450 2043 3666 2114 τροφέα
3689 2041 3788 2097 καὶ

2181 2131 2500 2206 εὐεργέτην,
2529 2132 2623 2190 καὶ
2652 2132 2831 2189 πάντα
2860 2133 2932 2189 τὰ
2980 2135 3082 2205 τῆς
3107 2134 3523 2208 φιλανθρωπίας
3558 2135 3788 2191 dmu-

2183 2223 2351 2280 λῶσιν
2373 2223 2635 2298 ὀνόματα.
2662 2225 2797 2290 Θεός
2833 2226 2982 2282 ἰστιν
3010 2228 3040 2283 ὁ
3075 2226 3474 2298 ἀποδεχόμενος
3497 2243 3518 2260 ο
3551 2225 3792 2297 ἄγγελοι

2180 2315 2582 2390 εὐφημοῦντες,
2612 2321 2663 2375 oi
2712 2319 2823 2377 ἀπὸ
2868 2320 3100 2386 κτίσεως
3130 2320 3412 2393 ἄνθρωποι
3439 2320 3794 2395 μακαρίζον-

2183 2427 2299 2476 τες·
2325 2410 2454 2476 δόξα
2478 2409 2733 2480 αίὼνιος,
2787 2413 3045 2486 στέφανοι
3095 2415 3471 2490 δικαιοσύνης,
3525 2416 3796 2492 βασιλεία

2189 2503 2301 2557 τῶν
2329 2503 2578 2576 οὐρανῶν
2599 2497 2740 2560 ἆθλα
2765 2521 2852 2561 σοι
2882 2505 3060 2565 ἔσται.

494 2583 729 2642 condito
783 2587 1159 2658 exstiterunt,
1222 2589 1446 2649 beatum
1516 2599 1573 2649 te
1643 2595 2033 2668 praedicabunt
2070 2615 2085 2655 ι
2111 2595 2290 2670 gloria
2337 2599 2700 2671 sempiterna,
2764 2613 2972 2659 corona
3046 2599 3300 2674 Justitia,
3353 2601 3621 2660 cex-lorum
3698 2618 3799 2660 re.

493 2692 666 2756 gnum
687 2679 746 2741 in
779 2681 1062 2750 orantium
1097 2684 1198 2742 tibi
1233 2701 1462 2744 cessura
1495 2695 1650 2747 sunt.

566 2766 821 2826 S.Basil.
839 2769 1205 2830 ibid.-—-Putei
1248 2791 1373 2832 cum
1397 2776 1825 2848 exhauriuntur,
1850 2783 2081 2842 uberius

496 2859 714 2929 ﬂuunt;
762 2863 892 2920 dum
927 2875 1114 2923 autem
1157 2869 1542 2945 negliguntur,
1569 2883 1922 2948 putrescunt.
1976 2878 2084 2936 Eo-

496 2955 624 3010 dem
657 2955 826 3012 modo
865 2956 1098 3016 stabiles
1136 2976 1362 3033 quoque
1399 2963 1609 3023 divitia
1639 2967 1864 3032 inutiles
1893 2972 2031 3034 ﬁunt
2064 2992 2083 3032 :

499 3063 621 3123 quae
647 3063 780 3106 vero
809 3059 1106 3110 moventur
1139 3061 1194 3110 et
1223 3056 1336 3114 alio
1380 3058 1645 3130 migrant,
1679 3065 1736 3123 in
1786 3080 2086 3127 commune

497 3138 818 3198 conducunt
871 3150 926 3200 et
970 3141 1279 3203 fructiferas
1331 3160 1487 3209 sunt.
1542 3153 1768 3214 Gratias
1834 3174 1934 3232 age
1968 3161 2085 3220 Deo

2255 2785 2340 2843 Τὰ
2360 2786 2574 2860 φρέατα
2599 2785 3025 2860 ἑξαντλούμενα,
3073 2786 3386 2861 εὐροὼτερα
3419 2789 3671 2859 γίνεται·
3701 2793 3801 2846 ἑν-

2184 2886 2460 2958 αφιέμενα
2485 2885 2542 2941 δὲ
2570 2887 2973 2960 κατασήπεται,
3007 2887 3104 2941 καί⁵
3136 2885 3390 2952 πλούτου,
3423 2884 3486 2940 τὸ
3513 2881 3619 2956 μὲν
3659 2886 3805 2939 στά-

2188 2995 2350 3052 σιμον
2379 2979 2675 3051 ἄχρηστον,
2704 2979 2767 3032 τὸ
2797 2979 2855 3034 δὲ
2887 2977 3208 3052 κινούμενόν
3231 2995 3291 3037 τε
3324 2979 3423 3035 καὶ
3454 2979 3800 3048 μεταϐαῖνον

2138 3100 2140 3102 τ
2187 3071 2516 3142 κοινωφελὲς
2556 3071 2651 3127 καὶ
2679 3069 2978 3142 εὔκαρπον.
3006 3071 3109 3138 Δὸς
3154 3071 3319 3146 χάριν
3366 3069 3445 3142 τῷ
3475 3071 3799 3143 εὐεργέτῃ,

2187 3165 2270 3221 δτι
2292 3164 2415 3236 οὐχὶ
2443 3163 2609 3229 αὐτὸς
2636 3163 2866 3236 διοχλείς
2905 3162 3078 3238 θύρας
3111 3165 3336 3237 ἑτέρων,
3381 3162 3532 3234 ἀλλὰ,
3550 3163 3657 3229 τὰς
3695 3165 3802 3228 σὰς

497 3232 649 3305 quod
681 3241 743 3332 tu
773 3231 920 3293 iores
943 3235 1177 3296 aliorum
1220 3255 1331 3297 non
1358 3243 1569 3314 pulses,
1601 3249 1696 3305 sed
1729 3250 1797 3306 ad
1825 3231 1950 3310 tuas
1987 3253 2082 3311 alii

2193 3259 2340 3316 ἄλλοι
2358 3231 2898 3332 καταλαμϐάνουσιν.

498 3339 562 3385 ιο
589 3323 902 3385 conferant.

568 3417 766 3492 Ejusd,
793 3424 980 3489 homil.
1009 3429 1082 3484 ad
1100 3430 1310 3490 divites.
1329 3463 1400 3474 --
1423 3431 1658 3508 Pauperi
1692 3437 1849 3497 dives
1877 3441 2085 3502 tenera.

500 3510 786 3574 Concrede
818 3517 955 3588 Deo,
1001 3521 1100 3594 qui
1144 3523 1414 3583 beneﬁcia
1458 3529 1550 3586 illa
1603 3547 1732 3603 quae
1774 3533 1830 3589 in
1863 3551 2091 3609 Oppres-

501 3620 626 3664 sum
654 3608 1046 3680 coni'eruntur,
1069 3617 1222 3674 velut
1247 3619 1305 3675 in
1345 3622 1592 3693 seipsum
1628 3625 1827 3682 collata
1865 3608 2087 3703 accipit,

502 3707 679 3795 atque
693 3701 812 3774 ipse
840 3707 1071 3777 gratiam
1101 3712 1378 3782 rependit.
1423 3711 1700 3789 Locuples
1721 3730 1809 3777 est
1829 3701 2089 3795 sponsor.

501 3793 598 3868 qui
633 3793 839 3872 ubique
897 3806 1172 3862 terrarum
1213 3820 1280 3863 ac
1339 3809 1575 3866 marium
1637 3793 1917 3884 expansos
1969 3816 2091 3874 the-

502 3902 703 3946 sauros
737 3890 959 3949 habeat.

574 3981 718 4044 Ibid.
749 3987 1082 4059 -—Divitite,
1123 4007 1235 4062 quo
1288 4003 1450 4065 pacto
1484 3995 1756 4057 Dominus
1802 4001 2089 4077 praecipit',

503 4073 788 4153 dispersae,
851 4095 1179 4151 permanere
1228 4088 1408 4146 solent
1460 4108 1479 4148 :
1531 4099 1761 4150 retentae
1807 4073 1990 4154 autem
2035 4108 2091 4156 et

503 4170 759 4228 coercita:
809 4174 1150 4235 alienantur.
1192 4180 1251 4236 Si
1290 4197 1387 4239 eas
1445 4186 1747 4252 custodias.
1800 4190 1916 4260 iam
1979 4208 2089 4248 non

507 4262 680 4321 habes
719 4283 735 4320 :
771 4267 821 4323 si
869 4283 1122 4346 spargas,
1169 4290 1279 4332 non
1311 4279 1556 4336 amittes.
1595 4273 1891 4353 Disponit,
1945 4283 2091 4341 dedit

503 4355 826 4424 pauperibus
850 4374 871 4414 :
885 4359 1109 4428 justitia
1135 4365 1253 4434 ejus
1290 4379 1472 4426 manet
1519 4371 1575 4427 in
1615 4375 1870 4431 saeuiunt
1903 4378 2091 4436 surculi

509 4443 688 4519 (Psai.
709 4446 914 4520 cxt,9).

577 4538 723 4597 Ibid.
753 4573 826 4588 --
881 4542 946 4610 In
1000 4547 1265 4611 nundinis
1309 4567 1472 4610 nemo
1515 4555 1746 4613 moleste
1785 4555 1910 4626 l'ert,
1956 4556 2088 4616 dum

511 4649 635 4712 qua
672 4637 731 4694 in
779 4641 1034 4701 manibus
1071 4650 1206 4699 sunt
1259 4645 1431 4702 veluti
1489 4648 1731 4719 proiicit,
1785 4660 1842 4706 et
1893 4665 2084 4708 earum

517 4729 641 4786 loco
667 4744 733 4786 ea
773 4731 881 4790 sibi
915 4743 1200 4805 comparat
1245 4737 1448 4807 quibus
1478 4754 1618 4810 opus
1657 4741 1822 4799 habet
1855 4762 1868 4798 :
1902 4759 2093 4802 verum

520 4840 632 4893 quo
662 4826 866 4886 minori
900 4828 1075 4901 pretio
1111 4843 1178 4885 ea
1211 4845 1334 4901 quas
1361 4834 1544 4904 magni
1579 4835 1843 4904 aestimat,
1877 4839 2092 4907 emerit,

511 4930 581 4973 eo
636 4914 844 4984 majore
903 4919 1185 4993 voluptate
1232 4919 1489 4990 adicitur,
1538 4934 1800 4996 tanquam
1843 4930 2098 4990 videlicet

517 5008 783 5079 praeclara
814 5010 920 5067 sibi
954 5011 1250 5086 negotiatio
1285 5016 1592 5074 exstiterit.
1639 5019 1721 5076 Tu
1753 5036 1888 5078 vero
1922 5020 2098 5082 mole-

517 5101 680 5158 stiam
711 5102 986 5174 concipis.
1025 5118 1151 5161 cum
1180 5121 1377 5168 aurum
1423 5116 1477 5163 et
1524 5121 1837 5183 argentum,
1876 5115 1981 5173 hoc
2008 5126 2094 5175 est

515 5190 797 5264 pulverem
831 5195 1065 5267 praebes,
1099 5206 1158 5252 ut
1187 5199 1403 5254 beatam
1438 5202 1609 5259 vitam
1642 5207 1926 5278 acquiras.

587 5280 733 5338 Ibid.
762 5311 832 5327 ο--
864 5283 1052 5351 Funus
1086 5296 1240 5342 tuum
1275 5306 1562 5361 preverte.
1608 5297 1883 5361 Eximium
1926 5301 2097 5360 funus

518 5383 604 5435 cst
631 5377 824 5447 pictas.
883 5379 976 5436 Sic
1015 5381 1276 5450 abscede,
1317 5397 1379 5439 ut
1414 5388 1601 5443 omnia
1645 5397 1828 5450 tecum
1868 5392 2093 5453 efferas.

521 5466 631 5531 Fac
663 5475 720 5522 ut
748 5484 879 5541 opes
923 5480 1028 5528 tua:
1075 5474 1172 5529 tibi
1216 5489 1548 5537 ornamento
1579 5481 1708 5538 sint.
1770 5485 1879 5542 Eas
1912 5496 2093 5544 tecum

522 5559 683 5623 habe.
720 5561 870 5628 Bono
919 5567 1262 5634 consiliario,
1322 5571 1427 5627 hoc
1486 5581 1571 5629 est
1629 5575 1874 5644 Christo,
1936 5580 2096 5644 (idem

522 5656 911 5729 accommoda;
936 5658 1030 5730 qui
1055 5659 1246 5716 dilexit
1285 5673 1357 5732 te,

522 5741 820 5830 tactusest,
847 5758 907 5805 ut
931 5751 1108 5833 ipsius
1134 5765 1375 5835 egestate
1408 5757 1808 5825 ditesceremus
1841 5741 1948 5848 (11-
1965 5768 2091 5830 Cor.

2120 4611 2168 4671 D

2262 3444 2521 3502 Δάνεισον
2548 3445 2577 3499 ὁ
2606 3443 2864 3515 πλούσιος
2883 3443 2963 3517 τῷ
2993 3444 3205 3517 ἀπόρῳ.
3241 3439 3359 3514 Θεῷ
3389 3441 3694 3497 πίστευσον
3719 3439 3804 3511 τῷ

2192 3537 2282 3593 ἀεὶ
2313 3539 2396 3602 εἰς
2415 3536 2711 3608 πρόσωπον
2739 3537 2869 3594 ίδιον
2907 3537 3047 3609 ὑπὲρ
3078 3535 3179 3593 τοῦ
3218 3534 3542 3608 θλιϐομένου
3567 3533 3804 3605 λαμϐα-

2191 3647 2360 3695 νοντι,
2379 3630 2474 3685 καὶ
2503 3630 2714 3685 οἴκοθεν
2754 3629 3057 3686 ἀποδιδόντι
3089 3627 3189 3702 τὴν
3214 3630 3394 3702 χάριν.
3443 3627 3806 3694 Ἀξιόπιστος

2189 3722 2489 3796 ἐγγυητὴς,
2529 3721 2806 3792 πανταχοῦ
2843 3722 2949 3795 γῆς
2974 3722 3069 3778 καὶ
3104 3721 3385 3798 θαλάσσης
3422 3719 3804 3795 ἡπλωμένους

2192 3817 2330 3889 ἔχων
2354 3817 2482 3883 τοὺς
2513 3815 2849 3890 θησαυρούς.

2263 4010 2699 4082 Σκορπιζόμενος
2721 4010 2750 4062 ὁ
2792 4008 3040 4074 πλοῦτος,
3068 4007 3193 4064 καθ’
3219 4008 3282 4064 ὃν
3309 4010 3339 4065 ό
3367 4007 3574 4080 Κύριος
3601 4008 3808 4065 ﬁmi-

2193 4103 2344 4158 θεται
2370 4103 2573 4176 τρόπον
2591 4145 2606 4172 ,
2643 4103 2857 4173 πέφυκε
2886 4104 3228 4174 παραμένειν
3254 4117 3271 4134 ·
3316 4102 3689 4173 συνεχόμενος
3718 4103 3803 4180 δὲ,

2193 4197 2595 4268 ἀλλοτριοῦται.
2643 4197 2772 4252 Ἐὰν
2801 4197 3103 4270 φυλάσσῃς,
3138 4196 3242 4252 οὐκ
3267 4195 3412 4269 ἔχεις
3440 4212 3459 4228 ο
3484 4196 3586 4251 ἐὰν
3622 4214 3804 4269 σκορ-

2195 4293 2502 4366 πίσῃς,οὐκ
2536 4291 2850 4358 ἀπολέσεις.
2912 4293 3362 4362 Ἐσκόρπισεν,
3415 4288 3610 4349 ἔδωκε
3665 4292 3809 4356 τοῖς

2191 4385 2477 4455 πένησιν,
2502 4385 2541 4456 ἡ
2563 4385 2925 4458 δικαιοσύνη
2945 4378 3144 4443 ἀὐτοῦ
3161 4385 3332 4458 μένει
3356 4387 3446 4454 είς
3469 4385 3580 4441 τὸν
3601 4384 3808 4441 alearn

2191 4476 2298 4533 τοῦ
2326 4476 2562 4547 αἰῶνος.

2279 4573 2366 4628 Ἐν
2400 4572 2708 4648 πανηγύρει
2733 4573 2912 4639 οὐδεὶς
2945 4572 3195 4629 λυπεῖται
3229 4575 3554 4646 προϊέμενος
3582 4571 3652 4629 τὰ
3686 4589 3803 4627 πα-

2195 4663 2375 4734 ρόντα,
2401 4663 2500 4720 καὶ
2527 4665 2929 4737 ἀπικτὼμενος
2959 4663 3030 4718 τὰ
3059 4663 3269 4725 δέοντα.
3301 4661 3416 4718 ἀλλ’
3445 4663 3678 4734 ὅσῳπερ
3733 4663 3804 4717 ἂν

2193 4757 2478 4823 ἐλάττονος
2528 4757 2698 4831 τιμῆς
2729 4757 2800 4814 τὰ
2835 4756 3180 4830 πολυτίμητα
3228 4757 3483 4829 πρίηται,
3542 4755 3802 4828 τοσούτῳ

2193 4850 2400 4923 χαίρει,
2433 4850 2507 4914 ὡς
2532 4848 2794 4924 λαμπροῦ
2833 4847 3000 4906 αὐτοῦ
3029 4848 3126 4905 τοῦ
3154 4847 3615 4920 συναλλάγματος
3645 4867 3804 4918 γενο-

2200 4941 2385 5012 μένου.
2417 4941 2493 4996 Σὺ
2515 4939 2574 4995 δὲ
2592 4941 2740 5013 λυπῇ
2769 4940 2993 5013 χρυσίον
3008 4942 3100 4997 καὶ
3117 4939 3379 5015 ἀργύριον
3403 4941 3607 5008 διδοὺς,
3631 4959 3803 4997 τουτο

2197 5032 2312 5087 ἐστι
2343 5031 2473 5104 χοῦν
2521 5033 2921 5107 παρεχόμενος,
2971 5033 3061 5092 τνα
3131 5034 3308 5107 κτήσῃ
3353 5034 3455 5104 τὴν
3505 5035 3802 5106 μακαρέαν

2197 5124 2370 5199 ζωήν.

2269 5307 2568 5380 Προλαόὼν
2597 5310 2918 5382 ὲνταφίασον
2948 5310 3197 5367 σεαυτόν.
3236 5311 3417 5368 Καλὸν
3455 5312 3721 5382 ἐντάφιον
3761 5313 3793 5380 ἡ

2197 5400 2471 5462 εὐσέϐεια.
2529 5402 2713 5457 Πάντα
2756 5401 3223 5476 περιϐαλλόμενος
3282 5401 3515 5459 ἄπελθε.
3575 5406 3799 5457 οἰκεῖον

2205 5493 2410 5565 κόσμον
2436 5493 2526 5548 τὸν
2553 5494 2781 5551 πλοῦτον
2811 5496 3056 5568 ποίησον.
3094 5497 3225 5571 Ἔχε
3254 5495 3421 5552 αὐτὸν
3448 5497 3593 5570 μετὰ
3633 5515 3798 5552 σεαυ-

2203 5587 2322 5645 τοῦ.
2370 5587 2631 5662 Πείσθητι
2677 5591 2831 5662 καλῷ
2861 5590 3172 5667 συμϐούλῳ,
3201 5591 3280 5666 τῷ
3329 5593 3689 5668 ἀγαπήσαντί
3737 5607 3793 5646 σε

1388 5674 1443 5722 οι
1468 5675 1660 5724 nostra
1688 5685 1854 5727 causa
1893 5689 2082 5744 €38“!!!

2202 5681 2449 5756 Χριστῷ,
2470 5684 2841 5769 τῷδε’-νῄμᾶς
2868 5686 3261 5761 πτωχεύσαντι,
3294 5687 3385 5744 ἵνα
3431 5686 3532 5762 τὴν
3582 5688 3790 5754 ἐκείνοι

2203 5778 2477 5846 πτωχείαν
2499 5774 2916 5856 πλουτὴσῖυμεν.
