4014 6302
287 391 425 460 1465

670 441 674 444 ‹
1569 389 1818 453 SACBA
1853 388 2318 451 PARALLELA.

353 506 523 561 Ὅταν
555 502 755 575 πτωχῷ
791 501 1054 575 παρέχειν
1111 501 1310 577 μέλλῃς
1358 497 1452 557 διὰ
1495 499 1590 558 τὸν
1640 500 1865 574 Κύριον,

2045 499 2110 556 S.
2139 499 2314 557 Basil.
2346 499 2484 555 hom.
2518 497 2575 553 in
2616 498 2917 568 feuerat.-—
2933 489 3072 551 Cum
3103 496 3324 562 propter
3372 487 3554 544 Domi—

3408 372 3544 441 1466

279 596 438 653 τοῦτο
458 598 552 652 καὶ
582 596 753 668 δῶρόν
773 598 913 662 ἐστι,
943 596 1038 650 καὶ
1066 595 1334 664 δάνεισμα
1361 610 1374 623 ’
1405 592 1580 666 δῶρον
1615 591 1738 664 μὲν,
1782 591 1865 646 διὰ

1975 605 2106 647 num
2156 590 2391 662 pauperi
2443 589 2634 660 largiri
2665 600 2851 660 paras,
2885 587 2992 641 hoc
3022 582 3188 641 simul
3229 590 3284 638 et
3325 581 3554 646 donum,

278 688 380 762 τὴν
404 687 755 744 ἀνελπιστίαν
780 688 881 758 τῆς
930 686 1285 750 ἀπολαύσεως
1319 700 1332 715 ·
1370 683 1638 755 δάνεισμα
1677 683 1735 738 δὲ
1781 683 1874 739 διὰ

277 781 378 853 τὴν
408 780 823 854 μεγαλοδωρεὰν
850 779 947 835 τοῦ
985 779 1371 843 ἀποτιννύντος
1400 777 1541 854 ὑπὲρ
1571 777 1762 842 αὑτοῦ,
1811 778 1871 844 ὃς

283 876 456 948 μικρὰ
501 872 684 929 λαϐὼν
710 873 796 928 διὰ
825 873 919 928 τοῦ
951 873 1206 946 πένητος,
1263 872 1486 944 μεγάλα
1527 871 1669 943 ὑπὲρ
1702 870 1870 927 αὐτοῦ

278 967 552 1024 ἀποδώσει
577 983 595 1002 ο
634 967 692 1024 Ὀ
724 967 834 1040 γὰρ
863 966 1028 1024 ἐλεῶν
1057 966 1295 1039 πτωχὸν,
1325 965 1445 1038 Θεῷ
1467 964 1724 1034 δανείζει,
1766 983 1873 1038 φη·-

279 1059 388 1114 σίν.

354 1235 413 1289 ’0
435 1235 697 1308 χρήματα
741 1234 937 1301 διδοὺς,
976 1236 1347 1311 ἐλεημοσύνην
1377 1240 1521 1294 αἰτεῖ
1568 1237 1718 1310 παρὰ
1771 1236 1868 1292 σοῦ

273 1327 362 1381 διὰ
403 1329 502 1398 τῆς
531 1327 718 1401 χειρὸς
736 1326 848 1381 τῶν
875 1330 1149 1401 πενήτων,
1204 1331 1312 1384 κᾶν
1338 1330 1480 1400 λάϐῃ
1535 1330 1604 1385 τὰ
1649 1327 1869 1396 ἑαυτοῦ,

274 1419 542 1493 ἀκεραίαν
567 1437 652 1476 σοι
679 1421 779 1494 τὴν
805 1421 965 1493 χάριν
1008 1421 1085 1486 ὼς
1104 1423 1315 1478 οἰκείαν
1339 1424 1669 1497 ἀποπληροῖ.

344 1619 366 1655 ι
414 1601 474 1656 '0
497 1601 757 1669 πλούσιος
785 1601 942 1659 οὔπω
970 1603 1214 1676 ζηλωτός
1242 1607 1358 1660 ἐστι
1389 1605 1478 1660 διὰ
1501 1605 1590 1660 τὸν
1612 1604 1861 1662 πλοῦτον·

272 1694 376 1767 ούχ
426 1696 456 1750 ό
483 1693 756 1768 δυνάστης
785 1697 872 1752 διὰ
901 1696 995 1753 τὸν
1037 1698 1204 1770 ὄγκον
1231 1699 1326 1754 τοῦ
1359 1698 1693 1770 ἀξιώματος.
1733 1701 1868 1772 ’ορ-

269 1802 411 1855 γανα
438 1786 548 1859 γάρ
583 1789 704 1843 ἑστι
734 1788 910 1844 ταῦτα
939 1790 1040 1862 τῆς
1065 1789 1260 1862 λοιπῆς
1290 1793 1495 1864 ἀρετῆς
1522 1796 1635 1856 τοῖς
1678 1791 1863 1857 καλῶς

1972 696 2028 742 et
2059 685 2221 741 fenus
2270 691 2403 741 est:
2457 682 2688 746 donum,
2747 681 2999 752 inquam,
3067 675 3201 748 quia
3257 670 3556 742 recipiendi

1973 777 2126 834 nulla
2177 792 2304 847 spes
2343 773 2596 847 aﬂulget;
2643 774 2820 830 f‘enus‘
2850 780 3058 836 autem,
3099 769 3171 825 ob
3213 765 3338 838 ejus
3365 765 3459 837 qui
3491 765 3557 818 il-

1972 868 2081 924 lius
2108 865 2332 923 nomine
2362 864 2665 936 persolvit,
2694 861 3168 928 munificentiam;
3194 858 3431 931 quicum
3458 872 3556 928 per

1971 972 2269 1032 pauperem
2303 956 2561 1028 exiguum
2595 953 2729 1027 quid
2766 953 3063 1026 acceperit,
3104 950 3345 1024 iugentia
3370 965 3470 1022 pro
3489 965 3556 1006 eo

1969 1050 2256 1124 rependat.
2308 1047 2445 1106 Nam
2502 1049 2598 1122 qui
2672 1048 2971 1104 miseretur
3033 1046 3316 1118 pauperis,
3380 1045 3556 1117 inquit

1969 1143 2084 1208 ille,
2124 1142 2412 1198 feneratur
2441 1138 2676 1196 Domino
2702 1138 2889 1212 (Prov.
2928 1155 3047 1204 xu,
3072 1138 3184 1209 l7).

2039 1232 2324 1305 Ejusdem.
2349 1261 2420 1273 —
2451 1231 2558 1300 Qui
2605 1231 2702 1287 tibi
2749 1246 2884 1303 opes
2919 1228 3092 1297 dedit,
3133 1229 3248 1300 ipse
3281 1243 3381 1298 per
3422 1243 3554 1298 pau-

1967 1340 2162 1398 perum
2193 1339 2392 1380 manus
2419 1325 2827 1396 eleemosynam
2867 1321 2967 1379 abs
2999 1329 3052 1376 te
3077 1323 3276 1393 poscit.
3323 1318 3480 1386 Quod
3506 1321 3551 1374 si

1967 1432 2093 1490 qua:
2123 1430 2223 1472 sua
2273 1422 2405 1471 sunt
2451 1415 2711 1488 accipiat,
2746 1414 3015 1488 integram
3068 1412 3322 1485 gratiam,
3352 1426 3416 1469 ac
3441 1412 3488 1468 si
3519 1427 3553 1467 a

1965 1519 2022 1572 te
2043 1510 2318 1569 benelicio
2352 1515 2554 1564 auctus
2578 1517 2747 1572 esset,
2779 1504 3067 1578 persolvit.

2039 1603 2234 1677 Ejusd.
2274 1604 2418 1657 hom.
2451 1601 2516 1657 de
2543 1599 2709 1656 iuuid.
2743 1629 2814 1642 --
2839 1597 2945 1667 Qui
2973 1599 3126 1655 dives
3155 1607 3260 1664 est,
3283 1615 3392 1656 non
3422 1614 3552 1672 pro-

1965 1699 2114 1757 tinus
2154 1698 2228 1754 ob
2258 1695 2482 1755 divitias
2509 1691 2852 1750 aemulandos
2881 1700 2966 1749 est
2997 1708 3013 1749 :
3058 1708 3172 1749 non
3213 1693 3343 1749 item
3369 1692 3440 1750 ob
3465 1694 3553 1748 di-

1962 1790 2194 1864 gnitatis
2231 1787 2650 1860 amplitudinem
2682 1783 2732 1840 is
2778 1783 2874 1855 qui
2906 1784 3154 1856 potentia
3206 1783 3382 1842 ﬂoret.
3423 1783 3551 1842 Haec

269 1880 656 1952 κεχρημένοις,
711 1881 815 1936 ούκ
844 1880 986 1938 αὐτὰ
1027 1883 1086 1935 ὲν
1115 1884 1331 1948 ἑαυτοῖς
1361 1883 1553 1956 ἔχοντα
1574 1885 1634 1938 τὸ
1678 1886 1858 1957 μακά-

1965 1883 2112 1940 enim
2173 1880 2406 1952 reliquae
2457 1876 2681 1935 virtutis
2738 1877 3113 1933 instrumenta
3156 1885 3287 1935 sunt
3338 1879 3408 1934 iis
3453 1876 3550 1948 qui

263 1990 409 2045 ριον.
436 1973 497 2027 ’0
531 1974 631 2045 μὲν
655 1973 750 2030 οὖν
783 1973 975 2040 κακῶς
1003 1974 1190 2039 αὐτοῖς
1227 1975 1572 2047 κεχρημένος
1605 1976 1856 2045 ἐλεεινὸς,

258 2064 345 2143 -ὼς
371 2065 401 2119 ό
420 2064 498 2137 τῷ
528 2065 671 2138 ξίφει
704 2065 734 2121 δ
755 2063 950 2122 ἔλαϐεν
973 2066 1112 2140 πρὸς
1149 2067 1249 2140 τὴν
1283 2067 1392 2122 τών
1414 2068 1690 2141 πολεμίων
1716 2069 1860 2143 ἄμυ-

266 2174 386 2224 ναν,
421 2156 596 2230 τούτῳ
627 2158 890 2224 ἑκουσίως
932 2159 1124 2214 ἑαυτὸν
1170 2160 1656 2231 κατατιτρώσκων.
1702 2163 1766 2216 Εί
1803 2161 1860 2217 δὲ

259 2234 470 2315 καλῶς,
502 2249 759 2306 καὶκατὰ
781 2249 874 2306 τὸν
903 2250 1063 2322 ὀρθὸν
1090 2252 1268 2321 λόγον,
1299 2254 1390 2307 τὸν
1422 2253 1667 2325 παρόντα
1694 2270 1861 2326 μετα-

264 2341 588 2414 χειρίζεται,
620 2342 718 2397 καὶ
747 2341 1026 2414 οἰκονόμος
1057 2343 1176 2396 ἐστὶ
1197 2343 1306 2397 τῶν
1338 2343 1488 2416 παρὰ
1513 2343 1649 2398 Θεοῦ
1674 2345 1857 2399 δοθέν-

261 2451 395 2500 των,
424 2433 767 2490 ἐπαινεῖσθαι
799 2435 894 2488 καὶ
939 2435 1258 2503 ἀγαπᾶσθαι
1315 2436 1344 2490 ό
1371 2435 1614 2502 τοιοῦτος
1647 2436 1861 2506 δίκαιός

263 2528 383 2583 ἐστι
411 2528 502 2584 δια
525 2528 585 2582 ea
606 2527 932 2600 φιλάδελφον
961 2527 1056 2584 καὶ
1090 2529 1412 2586 κοινωνικὸν
1433 2529 1526 2585 τοῦ
1556 2530 1792 2606 τρόπου.

331 2704 521 2775 Γενοῦ,
557 2707 836 2780 ἄνθρωπε.
897 2709 1031 2764 ὡσεὶ
1085 2711 1243 2767 ἐλαία
1287 2711 1649 2786 κατάκαρπος
1696 2715 1755 2768 ἑν
1780 2712 1859 2786 τῷ

259 2796 396 2868 οἴκῳ
425 2797 518 2852 τοῦ
551 2797 709 2863 Θεοῦ,
745 2799 1015 2871 μηδέποτε
1047 2800 1428 2875 γυμνούμενος
1456 2805 1559 2872 τῆς
1614 2803 1854 2874 ἐλπίδος,

261 2887 380 2943 ἀλλ’
410 2888 493 2942 ἀεὶ
525 2888 827 2944 θάλλουσαν
879 2890 1023 2962 ἔχων
1068 2894 1195 2966 περὶ
1254 2897 1482 2950 σεαυτδν
1514 2898 1612 2968 τὴν
1649 2897 1736 2952 διὰ
1766 2897 1858 2952 πίε·

265 2996 436 3042 στεως
467 2981 762 3054 σωτηρίαν,
795 2981 942 3037 οὕτω
977 2985 1074 3041 καὶ
1117 2984 1179 3038 τὸ
1205 2986 1491 3052 ἀειθαλλὲς
1518 2988 1615 3044 τοῦ
1655 2988 1854 3060 φύλλου

264 3075 503 3148 μιμήσῃ,
544 3075 658 3128 καὶ
710 3075 772 3131 τὸ
833 3076 1190 3150 πολύκαρπον
1235 3079 1294 3134 δὲ
1353 3080 1519 3138 αὐτοῦ
1566 3083 1854 3154 ζηλώσεις,

256 3162 493 3233 ἄφθονον
519 3163 620 3239 τὴν
649 3164 1022 3242 ἐλεημοσύνην
1050 3171 1214 3224 παντὶ
1251 3170 1430 3243 καιρῷ
1458 3174 1851 3246 παρεχόμενος.

323 3343 440 3400 οὐκ
459 3334 638 3415 οἴμαι,
663 3342 741 3417 τῷ
769 3343 922 3418 πόσῳ
945 3346 1045 3418 τῆς
1066 3347 1353 3420 διδομὲνης
1377 3350 1509 3426 ῦλης
1533 3350 1700 3426 οὔσης
1724 3353 1856 3422 ἔξω.

259 3434 378 3504 θεν,
428 3439 553 3502 ταῖς
581 3435 642 3494 δὶ
693 3440 1137 3513 προσφερούσαις
1191 3443 1442 3515 γνώμαις
1497 3447 1699 3518 μᾶλλον
1759 3448 1856 3504 καὶ

246 3530 617 3606 προαιρέσεσι
641 3529 742 3603 τὴν
775 3530 1086 3605 φιλοτιμίαν
1116 3535 1214 3591 καὶ
1239 3536 1339 3609 τὴν
1371 3537 1853 3613 μεγαλοπρέπειαν

246 3617 285 3677 ’ό
308 3621 452 3696 ίερδς
485 3622 644 3694 λόγος
665 3623 1057 3697 ἑσταθμίσατο.

330 3805 518 3863 Οὐδενὶ
542 3806 652 3862 τῶν
671 3807 890 3863 πάντων
919 3806 1093 3873 οὕτως
1123 3810 1200 3876 ὡς
1233 3810 1370 3881 ἐλέῳ
1395 3813 1526 3877 Θεὸς
1550 3814 1855 3888 θεραπεύε-

244 3913 368 3963 ται,
398 3899 480 3953 ὅτι
514 3901 647 3972 μηδὲ
676 3903 1005 3975 οἰκειότερον
1033 3903 1163 3959 ἄλλο
1211 3905 1402 3960 τούτου
1429 3907 1568 3979 Θεῷ,
1594 3902 1656 3962 οὗ
1703 3909 1852 3974 ἕλεος

249 3991 349 4046 καὶ
381 3991 608 4064 ἀλήθεια
671 3993 1126 4066 προπορεύονται,
1188 3997 1280 4051 καὶ
1307 3992 1352 4066 ᾧ
1377 4001 1729 4070 προσοιστέον
1760 4001 1852 4057 τὸν

247 4083 402 4138 ἔλεον
432 4085 538 4157 πρὸ
561 4086 662 4157 τῆς
694 4087 950 4158 κρίσεως.
969 4087 1105 4142 Οὐδὲ
1126 4089 1235 4159 γὰρ
1260 4091 1406 4164 ἄλλῳ
1432 4093 1539 4147 τινὶ
1560 4094 1636 4159 ὡς
1660 4093 1852 4162 φιλαν-

250 4173 472 4249 θρωπία
495 4177 558 4230 τδ
605 4177 988 4250 φιλάνθρωπον
1048 4181 1375 4237 άντιδίδοται
1429 4185 1580 4254 παρὰ
1618 4185 1714 4240 τοῦ
1769 4186 1850 4240 δι-

249 4267 428 4333 καίως
480 4269 937 4345 ἅντιμῑτροῦντος
997 4273 1056 4327 ὲν
1114 4271 1267 4347 ζυγῷ
1324 4276 1421 4330 καὶ
1469 4277 1694 4351 σταθμῷ
1757 4279 1851 4335 τὸν

250 4358 430 4416 ἔλεον.
1058 4382 1061 4387 ’

1961 1977 2106 2034 bene
2132 1983 2390 2040 utuntur,
2424 1988 2535 2029 non
2569 1979 2753 2028 autem
2779 1972 2897 2041 ipsa
2929 1972 2986 2027 in
3010 1987 3071 2030 se
3095 1971 3414 2029 felicitatem
3449 1971 3550 2027 ha-

1957 2072 2115 2129 bent.
2159 2067 2351 2141 Itaque
2385 2067 2556 2124 miser
2587 2075 2672 2122 est
2721 2065 2815 2137 qui
2847 2064 2936 2121 his
2968 2064 3112 2122 male
3161 2063 3361 2128 utitur.
3402 2063 3546 2120 haud

1959 2179 2120 2222 secus
2161 2178 2244 2238 .ac
2295 2162 2389 2222 ille
2418 2163 2510 2233 qui
2564 2160 2771 2234 gladio,
2807 2175 2971 2232 quem
3025 2161 3092 2218 ad
3141 2157 3550 2233 propulsandos

1957 2258 2144 2316 hostes
2171 2256 2411 2329 acceplt,
2454 2256 2702 2329 seipsum
2753 2255 3140 2314 convulnerat.
3176 2255 3249 2311 At
3293 2253 3339 2310 si
3374 2262 3546 2319 recte,

1957 2360 2124 2425 atque
2169 2362 2232 2408 ut
2284 2350 2485 2408 rationi
2535 2358 2973 2408 consentaneum
3027 2355 3157 2412 est.
3200 2345 3366 2420 477
3414 2360 3550 2417 opes

1956 2443 2330 2513 administrat,
2374 2450 2430 2500 et
2473 2458 2538 2499 ea
2564 2458 2690 2515 qua:
2723 2441 2867 2498 Deus
2903 2441 3010 2498 sibi
3050 2439 3286 2508 dederit,
3318 2439 3548 2509 dispen-

1957 2542 2065 2603 sat,
2095 2535 2142 2591 is
2169 2536 2330 2607 plane
2384 2543 2611 2608 propter
2659 2533 2990 2590 charitatem
3034 2540 3090 2590 et
3124 2531 3543 2599 liberalitatem,

1956 2627 2119 2684 laude
2148 2637 2201 2684 et
2232 2627 2618 2683 benevolentia
2651 2625 2851 2697 dignus
2892 2632 3002 2683 est.

2027 2717 2302 2789 Ejusdem.
2324 2750 2393 2760 —
2418 2717 2496 2773 Da
2518 2733 2768 2790 operam,
2799 2732 2834 2773 ο
2861 2717 3049 2786 homo,
3083 2723 3143 2773 ut
3168 2715 3248 2773 sis
3279 2726 3544 2788 tanquam

1955 2811 2103 2867 oliva
2172 2809 2466 2867 fructifera
2511 2809 2570 2866 in
2612 2809 2780 2867 domo
2828 2807 2958 2874 Dei;
2993 2806 3257 2864 nimirum
3286 2817 3347 2864 ut
3389 2823 3545 2880 spem

1956 2903 2286 2976 neutiquam
2314 2902 2576 2973 abjicias,
2603 2900 2700 2960 sed
2731 2900 2992 2967 salutem,
3022 2915 3147 2971 qua:
3178 2898 3286 2954 fide
3316 2913 3550 2970 compa-

1953 3004 2132 3062 ratur,
2161 2996 2310 3051 circa
2351 3004 2409 3053 te
2443 3009 2664 3068 semper
2698 2994 2973 3050 virentem
3008 2992 3239 3048 habeas.
3269 2990 3364 3047 Sic
3388 3006 3549 3047 nem-

1955 3105 2022 3160 pe
2049 3096 2104 3145 et
2138 3098 2406 3161 perpetuo
2439 3089 2680 3147 virorem
2709 3089 2878 3160 oliva:
2943 3082 3251 3141 imitaberis
3277 3099 3296 3155 ;
3323 3084 3457 3153 quin
3489 3092 3547 3141 et

1956 3183 2302 3241 feracitatem
2359 3183 2740 3252 armulaberis,
2789 3188 3013 3239 uberem
3083 3178 3237 3240 omni
3303 3187 3553 3251 tempore

1957 3277 2210 3352 praebens
2235 3276 2668 3348 eleemosyuam.

2027 3367 2089 3425 S.
2141 3365 2303 3441 (ἶνες.
2359 3367 2592 3424 Thaum.
2639 3366 2719 3423 De
2761 3366 2968 3428 laudib.
3021 3366 3238 3439 Origen.
3265 3395 3340 3409 --
3373 3363 3547 3423 Sacra

1955 3461 2234 3529 doctrina,
2260 3467 2321 3518 ut
2359 3463 2494 3517 mihi
2542 3461 2766 3535 quidem
2805 3462 3045 3529 videtur,
3087 3477 3201 3518 non
3228 3468 3342 3517 tam
3370 3451 3548 3516 mate-

1955 3556 2054 3610 ria:
2076 3554 2219 3611 datae
2248 3556 2586 3626 quantitate,
2619 3562 2679 3610 ut
2702 3570 2825 3625 qua:
2855 3563 3083 3613 externa
3111 3554 3207 3620 sit,
3225 3567 3391 3624 quam
3414 3551 3546 3608 offe-

1954 3647 2203 3701 rentium
2267 3646 2553 3701 voluntate
2575 3652 2632 3700 et
2695 3646 2987 3712 instituto,
3034 3643 3428 3703 liberalitatem
3486 3650 3544 3700 et

1954 3735 2395 3791 muniﬁcentiam
2431 3738 2777 3808 pontleravit.

2024 3826 2084 3884 S.
2114 3826 2333 3900 Gregor.
2352 3826 2621 3885 Nazianz.
2651 3838 2797 3886 orat.
2823 3828 2912 3885 l5.
2947 3861 3017 3875 —
3041 3828 3204 3889 Nulla
3234 3846 3294 3887 re
3313 3830 3540 3887 omnino

1952 3918 2180 3990 perinde
2209 3935 2272 3975 ac
2301 3918 2689 3976 misericordia
2721 3919 2867 3977 Deus
2895 3922 3252 3990 conciliatur,
3285 3922 3543 3994 quando-

1951 4013 2174 4084 quidem
2208 4029 2310 4070 nec
2343 4015 2495 4070 aliud
2544 4015 2848 4088 quidquam
2900 4015 3012 4073 Deo
3040 4019 3213 4090 magis
3249 4020 3536 4089 proprium

1952 4114 2038 4161 est
2082 4125 2095 4162 :
2130 4107 2341 4178 quippe
2403 4123 2573 4179 quem
2621 4109 3006 4168 misericordia
3048 4118 3105 4168 et
3146 4113 3356 4170 veritas
3396 4129 3540 4183 pra:-

1951 4197 2187 4267 ccdunt,
2213 4211 2268 4257 et
2294 4201 2384 4257 cui
2427 4202 2820 4260 misericordia
2861 4213 2989 4261 ante
3053 4203 3329 4276 judicium
3375 4205 3539 4261 debet

1949 4289 2157 4349 offerri.
2187 4285 2376 4365 Neque
2402 4296 2549 4351 enim
2583 4296 2693 4352 ulla
2731 4313 2794 4354 re
2820 4297 2946 4364 alia,
2980 4297 3088 4356 nisi
3126 4297 3535 4366 misericordia,

1960 4386 2355 4444 misericordia
2412 4389 2480 4444 ab
2515 4405 2582 4445 eo
2617 4391 2967 4462 rependitur,
3028 4390 3123 4470 qui
3184 4391 3362 4462 juste,
3391 4401 3448 4450 et
3479 4394 3538 4450 in

1949 4479 2217 4549 pondere,
2244 4489 2299 4536 ct
2318 4497 2582 4539 mensura
2641 4483 3090 4546 misericordiam
3114 4487 3428 4543 remetitur.

320 4554 421 4619 Δός
442 4573 497 4609 τι
525 4554 646 4630 Θεῷ
695 4558 1075 4632 χαριστήριον,
1099 4561 1182 4616 ὅτι
1212 4562 1320 4618 τῶν
1343 4564 1588 4619 εύποιεῖν
1615 4564 1847 4639 δυναμέ-

2033 4569 2176 4626 Ibid.
2216 4603 2288 4613 ——
2315 4570 2484 4630 Grato
2512 4575 2704 4631 animo
2739 4577 2949 4648 aliquid
3005 4575 3119 4634 Deo
3153 4580 3360 4648 tribue,
3405 4582 3537 4655 quia

246 4665 361 4704 νων
390 4649 600 4720 Irim,
644 4651 762 4710 ἀλλ’
792 4651 856 4707 ού
883 4652 993 4707 τῶν
1021 4655 1280 4711 εὐπαθεῖν
1321 4656 1613 4729 δεομένων,
1643 4661 1724 4714 ὅτι
1777 4660 1853 4735 μὴ

251 4740 476 4815 βλέπεις
500 4744 582 4808 είς
610 4743 898 4817 ἀλλοτρίας
925 4749 1136 4820 χεῖρας,
1159 4749 1274 4804 ἀλλ’
1297 4752 1377 4814 είς
1405 4750 1503 4815 τὰς
1523 4751 1622 4817 σὰς
1650 4753 1849 4827 ἕτεροι.

246 4835 564 4908 Πλούτησον
586 4837 659 4910 μὴ
690 4839 1010 4911 περιουσίαν
1042 4843 1226 4914 μόνον,
1261 4845 1512 4900 ἀλλὰκαὶ
1541 4848 1849 4905 εὐσέϐειαν·

249 4927 331 5002 μὴ
369 4929 528 5002 μόνον
556 4931 620 4986 τὸ
661 4933 908 5003 χρυσίον,
951 4935 1090 4990 ἀλλὰ
1143 4940 1239 4993 καὶ
1281 4941 1383 5014 τὴν
1413 4943 1639 5019 ἀρετήν.
1685 4947 1849 5003 Γενοῦ

243 5020 347 5076 τοῦ
381 5022 611 5095 πλησίον
638 5023 986 5099 τιμιώτερος,
1016 5029 1074 5083 ὲν
1091 5029 1167 5102 τῷ
1198 5034 1431 5104 φανῆναι
1455 5035 1849 5110 χρηστὸτεροςξ

244 5110 422 5167 Γενοῦ
442 5112 521 5186 τῷ
551 5113 841 5187 ἀτυχοῦντι
881 5117 1036 5185 Θεὸς,
1068 5120 1160 5176 τὸν
1206 5122 1357 5179 ἔλεον
1406 5126 1542 5181 Θεοῦ
1572 5128 1850 5201 μιμούμε-

249 5222 364 5269 νος.
398 5205 566 5264 Οὐδὲν
600 5209 708 5281 γὰρ
741 5207 915 5276 οὕτως
941 5210 1018 5277 ὡς
1051 5213 1110 5267 τὸ
1131 5213 1373 5273 εὐποιεῒν
1417 5217 1708 5294 ἄνθρωπος
1735 5225 1849 5297 ἔχει

247 5298 412 5356 Θεοῦ.

319 5562 442 5620 οἴει
468 5560 544 5636 μὴ
567 5561 816 5638 ἀνάγκην
862 5560 1005 5624 εἴναί
1031 5587 1117 5628 σοι
1142 5571 1247 5646 τῆς
1301 5576 1650 5652 εὐεργεσίας,
1708 5586 1846 5646 ἀλλὰ

248 5655 614 5728 προαίρεσινς
648 5656 863 5731 Σφόδρα
891 5661 987 5717 καὶ
1036 5663 1210 5729 ἀὐτὸς
1240 5667 1568 5746 ἐϐουλόμην,
1613 5679 1706 5732 καὶ
1741 5682 1844 5736 ὑπ-

248 5746 563 5820 ελάμὸανον
623 5748 771 5843 ,ἀλλὰ
802 5752 963 5824 φούεῖ
1014 5773 1081 5827 με
1112 5760 1145 5829 ἡ
1203 5763 1474 5838 ἀριστερὰ
1513 5769 1636 5843 χεὶρ
1669 5775 1763 5828 καὶ
1793 5779 1842 5830 οί

247 5842 454 5924 ιριφοι,
485 5842 581 5901 καὶ
610 5841 647 5901 ἃ
677 5845 828 5918 παρὰ
856 5847 948 5903 τοῦ
975 5851 1274 5922 στήσαντος
1326 5841 1696 5936 ὀνειδίζονται,
1744 5868 1842 5941 οὐχ

1955 4673 2016 4720 ιιι
2050 4681 2114 4721 ex
2146 4681 2339 4723 eorum
2405 4683 2644 4725 numero
2674 4685 2738 4725 es
2768 4669 2867 4743 qui
2897 4671 3036 4727 bene
3059 4671 3128 4730 de
3156 4673 3281 4732 aliis
3333 4677 3536 4732 mereri

1955 4760 2197 4830 possint,
2232 4775 2345 4814 non
2393 4759 2490 4831 qui
2519 4759 2804 4818 beneflciis
2831 4763 3065 4819 aliorum
3093 4781 3235 4837 opus
3267 4767 3533 4825 habeant:

1952 4868 2080 4908 cum
2107 4853 2160 4908 in
2201 4853 2412 4910 alienas
2447 4869 2649 4910 manus
2699 4870 2809 4910 non
2860 4856 3154 4924 intuearis,
3185 4861 3281 4916 sed
3309 4860 3365 4916 in
3413 4869 3537 4919 tuas

1953 4945 2067 5001 alii.
2099 4945 2190 5002 Sis
2239 4962 2352 5002 non
2386 4948 2584 5018 Opibus
2608 4956 2663 5002 et
2694 4947 3056 5006 facultatibus
3095 4953 3282 5020 modo,
3346 4972 3537 5010 verum

1951 5048 2010 5092 et
2053 5039 2253 5109 pietate
2282 5038 2440 5094 dives
2475 5054 2625 5094 :non
2669 5050 2879 5096 tantum
2921 5058 3084 5108 auro,
3111 5044 3207 5099 sed
3228 5046 3392 5100 etiam
3425 5049 3538 5102 vir-

1953 5137 2093 5187 tute.
2151 5128 2243 5187 Sis
2295 5131 2548 5204 proximo
2598 5140 2695 5188 tuo
2741 5133 2847 5190 hoc
2884 5137 3107 5193 nomine
3156 5143 3534 5208 praestantior,

1950 5222 2096 5295 quod
2129 5223 2396 5294 majorem
2417 5225 2814 5297 benignitatem
2846 5227 3130 5297 praeferas.
3163 5229 3253 5286 Sis
3304 5234 3536 5288 calami-

1948 5321 2071 5370 toso
2101 5312 2269 5381 Deus,
2294 5314 2392 5372 Dei
2425 5317 2862 5374 misericordiam
2899 5319 3188 5377 imitando.
3216 5321 3361 5379 Nihil
3386 5325 3531 5381 enim

1949 5414 2061 5461 tam
2100 5407 2350 5463 divinum
2393 5408 2563 5466 habet
2596 5411 2780 5483 homo,
2809 5430 2976 5487 quam
3010 5414 3150 5474 bene
3175 5417 3242 5474 de
3267 5418 3533 5474 aliisme-

1946 5500 2110 5555 rendi
2149 5497 2497 5560 facultatem.

2021 5591 2303 5663 Ejusdem.
2363 5624 2436 5637 -—
2492 5595 2577 5652 An
2612 5603 2670 5652 tu
2708 5598 3142 5658 beneficentiam
3194 5602 3413 5659 arbitrii
3452 5605 3533 5660 tui

1946 5700 2072 5741 csse
2103 5695 2291 5757 putas,
2325 5702 2438 5743 non
2468 5691 2832 5747 necessitatis
2867 5692 2890 5746 ?
2930 5693 3109 5762 Quam
3140 5696 3258 5765 ipse
3312 5711 3534 5769 quoque

1945 5781 2141 5836 vellem
2181 5781 2260 5835 ita
2313 5790 2484 5851 esset,
2528 5792 2696 5856 atque
2755 5786 2925 5842 etiam
2981 5789 3384 5848 existimarem.
3424 5790 3530 5848 Sed

1945 5875 2080 5933 mihi
2109 5883 2314 5933 metum
2351 5876 2581 5941 sinistra
2618 5878 2720 5956 illa.
2748 5879 2981 5951 incutit,
3011 5890 3065 5942 et
3090 5884 3263 5954 haedi,
3305 5893 3361 5943 et
3395 5899 3530 5958 pro-
