4014 6302
263 405 399 475 1469

1520 412 1777 476 'SACRA
1812 409 2287 476 PARALLELA.‘

3399 412 3537 481 M70

261 510 596 591 ραχαράττει
620 520 749 584 τοὺς
784 519 1009 591 νόμους.
1052 522 1301 595 Δέχεται,
1354 526 1449 580 καὶ
1472 524 1596 580 ἀντὶ
1643 524 1808 580 δικαίι

1913 540 1929 583 ι
1957 522 2052 582 ille
2082 540 2317 597 munera
2351 530 2446 585 tua
2477 540 2577 599 per
2605 540 2731 583 eum
2764 523 2987 598 accipit,
3021 533 3079 584 et
3115 526 3268 600 leges
3320 529 3536 586 adulte—

255 611 639 684 φιλάνθρωπος
669 614 901 685 γίνεται.
928 615 1177 688 Δέχεται,
1207 621 1304 674 καὶ
1321 620 1420 692 τῆς
1440 619 1698 690 ἀληθείας
1718 639 1852 694 προ-

253 702 439 758 τάττει
466 704 558 757 τὲν
589 703 757 772 ἔλεον,
789 706 886 760 καὶ
917 709 981 778 τῇ
1033 707 1335 779 πλάστιγγι
1358 709 1470 764 τῶν
1508 711 1849 784 ἁμαρτημά-

251 810 360 848 των
383 795 693 870 ὰντικρεμᾷ
728 798 828 870 τὴν
848 800 1008 870 χεῖρα
1038 800 1132 855 τοῦ
1164 802 1417 873 πένητος.
1439 835 1509 844 —-
1538 805 1708 859 Ὅταν
1734 805 1850 861 διασ

250 884 457 962 θρέψεις
473 888 565 942 τδν
581 888 812 962 πένηταν
830 893 1030 949 σαυτὸν
1053 894 1245 967 νόμιζε
1270 898 1845 974 διατρέφειν.Τοιαύτη

248 978 361 1051 γὰρ
393 982 429 1052 ἠ
458 980 554 1036 τοῦ
609 984 938 1057 πράγματος
990 986 1174 1059 φύσις.
1242 989 1335 1057 Ἐξ
1379 992 1537 1064 ἡμῶν
1567 992 1650 1057 είς
1699 995 1847 1065 ἡμᾶς

251 1074 567 1147 μεταχωρεῖ
595 1074 666 1130 τὰ
705 1076 980 1149 διδόμενα.
1017 1080 1079 1135 '0
1120 1080 1229 1155 γὰρ
1258 1081 1643 1157 φιλάνθρωπος
1684 1084 1844 1158 ήμῶν

245 1162 515 1239 δεσπότης
539 1167 601 1223 τὸ
635 1168 906 1243 ἡμέτερον
945 1172 1148 1229 ἐπιδὼν
1179 1175 1537 1249 μικρόψυχον,
1562 1179 1642 1242 εἰς
1665 1179 1840 1253 ὑπερ-

244 1256 414 1347 ϐολὴν
431 1261 670 1334 ἄμετρον
697 1262 1018 1335 ἀναπέμπει
1040 1267 1102 1321 τὸ
1129 1266 1313 1340 ἔργον,
1340 1269 1436 1325 καὶ
1461 1271 1655 1327 ἑαυτὸν
1672 1273 1844 1347 χρεῶ-

245 1342 382 1423 ori-iv
412 1352 513 1424 τῆς
532 1354 909 1433 ἑλεημοσύνης
936 1359 1113 1415 καλεί·
1141 1361 1278 1416 Θεοῦ
1303 1363 1570 1437 δάνεισμα
1748 1368 1838 1422 εὐ-

244 1442 431 1498 ποιΐαν
470 1449 893 1521 προσαγορεύει.
945 1446 1017 1506 Ὦ
1047 1452 1187 1525 πόση
1242 1450 1345 1526 τῆς
1390 1454 1762 1532 ὲλεημοσύνης
1800 1461 1832 1531 ἡ

238 1533 513 1609 δύναμιςί
558 1541 694 1615 μόνη
723 1543 785 1597 τὸ
840 1543 987 1600 θετον
1038 1546 1427 1621 ὑπεισέρχεται
1457 1550 1830 1626 δικαστήριον.

237 1631 332 1704 Μὴ
366 1632 696 1705 φοϐηθῶμεν
731 1635 998 1711 δικαστὴν
1051 1640 1157 1712 πρὸ
1207 1640 1301 1697 τοῦ
1346 1642 1701 1717 δικαστηρίου
1731 1648 1833 1721 τὴν

234 1727 397 1798 χεῖρα
458 1727 834 1797 προτείνοντα.
882 1730 975 1803 Μὴ
1017 1733 1354 1807 φοϐηθῶμεν
1400 1737 1671 1813 δικαστὴν
1729 1743 1835 1798 οὐκ

232 1818 571 1891 ἀρνούμενον
591 1822 687 1876 τοῦ
711 1822 1002 1881 ).α6εἰν.-
1017 1825 1267 1892 Καθίσας
1292 1829 1323 1883 ὀ
1347 1830 1556 1902 Ἰησοῦς
1571 1831 1829 1889 ἀπέναντι

228 1912 325 1966 τοῦ
354 1913 777 1985 γαζοφυλακίου,
835 1916 1064 1993 ἐθεώρει
1100 1919 1219 1986 πῶς
1244 1923 1295 1977 oi
1382 1924 1528 1998 ὄχλοι
1568 1924 1828 1998 βάλλουσι

228 2005 455 2084 χαλκόν.
527 2009 914 2084 Παραδραμὼν
942 2013 1003 2068 τὸ
1036 2014 1425 2089 θυσιαστήριον
1478 2018 1555 2091 τῷ
1588 2021 1830 2093 γαζοφυ-

226 2096 404 2171 λακίῳ
434 2101 783 2174 προστρέχει.
820 2097 1210 2179 Παραδραμὼν
1238 2109 1369 2173 τοὺς
1397 2107 1625 2176 θύοντας
1646 2111 1739 2166 ἐπὶ
1766 2113 1828 2167 τὸ

224 2192 328 2263 τῆς
341 2193 592 2261 εὔποιῖας
621 2195 927 2266 ἐπιγίνεται
952 2198 1181 2273 θέατρον
1207 2216 1221 2232 ⁸
1247 2201 1467 2267 δεικνὺς
1485 2203 1575 2259 διά
1602 2204 1710 2260 τῶν
1731 2205 1826 2279 ερ-

225 2298 341 2352 γων
387 2283 571 2340 αὐτῶν
630 2285 714 2341 ὅτι
747 2287 894 2361 μόνῳ
944 2289 1075 2355 Θεὸς
1127 2291 1306 2366 τούτῳ
1345 2294 1701 2367 ἐπιτέρπεται
1747 2298 1826 2370 τῷ

226 2370 467 2444 θεάματι
496 2391 510 2407 ο
536 2375 755 2444 δεικνὺς
778 2379 861 2433 ὅτι
889 2380 981 2435 τὸν
1007 2380 1153 2436 θεῖον
1184 2380 1468 2457 ὀφθαλμὸν
1500 2386 1691 2443 τούτου
1726 2390 1826 2462 μό-

220 2482 318 2521 νου
346 2466 571 2524 δυνατὸν
604 2472 1006 2544 ἀφομοιοῦσθαι
1035 2475 1116 2548 τῷ
1164 2477 1455 2534 πλάσαντι·
1477 2481 1692 2549 δεικνὺς
1740 2486 1827 2541 ὅτι

216 2556 384 2616 τοῦτο
435 2562 600 2634 μόνον
632 2564 925 2637 ἄνθρωπον
971 2567 1239 2624 συνάπτει
1278 2569 1403 2644 Θεῷ
1428 2587 1443 2602 '
1479 2574 1695 2641 δεικνὺς
1738 2576 1820 2633 ὅτι

218 2653 381 2710 τοῦτο
435 2657 596 2728 μόνον
639 2657 731 2714 τὸν
798 2660 969 2733 πηλὸν
1018 2661 1389 2736 προσπελάζει
1445 2666 1523 2739 τῷ
1580 2668 1815 2743 πλάστῃ.

216 2749 476 2806 Γίνεσθε
503 2750 632 2826 γάρ,
665 2753 822 2825 φησὶ,
854 2756 1248 2826 οίκτίρμονες,
1267 2759 1351 2826 ὡς
1373 2762 1407 2815 ό
1422 2758 1627 2831 Πατὴρ
1650 2764 1819 2834 ὑμῶν

212 2844 254 2898 ὁ
279 2843 557 2913 οὐράνιος
596 2845 914 2917 οἰκτίρμων
948 2847 1145 2905 ἐστίν.
1208 2851 1323 2907 Μία
1383 2852 1491 2925 γάρ
1548 2856 1665 2909 ἐστι
1717 2856 1818 2927 τῆς

213 2934 370 3002 θείας
394 2939 715 3008 συγγενείας
741 2940 948 3006 εῐσοδος
972 2944 1005 3013 ἡ
1035 2943 1275 3002 εὐποιῖα.
1308 2973 1369 2985 -·-
1398 2947 1467 3000 Ὦ
1496 2947 1595 3019 τῆς
1631 2946 1816 3019 φιλαν-

210 3025 434 3101 θρώπου
454 3028 637 3102 ψυχῆς
663 3031 679 3086 ι
703 3031 749 3086 ὣ
768 3032 871 3103 τῆς
901 3033 1195 3106 ὲλεήμονος
1220 3034 1481 3110 γνώμηςί
1517 3042 1617 3094 οὐκ
1642 3041 1814 3107 ἐξέτε-

212 3137 317 3193 μεν
354 3122 388 3196 ή
418 3126 661 3197 πτωχεία
692 3125 754 3179 τὸ
786 3125 888 3198 τῆς
923 3130 1304 3201 προαιρέσεως
1329 3132 1639 3204 συμπαθές.
1693 3137 1807 3191 Οὐκ

1954 626 2045 675 rat
2070 635 2227 677 suas.
2273 620 2517 694 Accipit,
2564 620 2812 693 inquam,
2867 628 3033 693 atque
3062 636 3130 678 ex
3177 620 3329 694 justo
3373 621 3537 679 heni-

1953 727 2098 785 gnus
2133 713 2397 772 ‘eﬁicitur.
2455 714 2694 786 Accipit,
2732 723 2787 770 et
2817 715 3041 772 veritati
3089 714 3532 772 misericordiam

1951 806 2267 879 anteponit,
2292 816 2353 881 et
2382 823 2513 865 cum
2548 814 2913 881 peccatorum
2942 808 3101 863 lance
3124 808 3390 881 pauperis
3422 824 3529 864 ma-

1949 911 2082 952 num
2121 907 2314 960 contra
2347 901 2665 972 perpendit.
2688 927 2762 944 -σι
2788 898 2929 956 Cum
2958 913 3266 974 pauperem
3303 900 3533 969 alis,sic

1949 990 2216 1048 existima
2249 993 2490 1064 teipsum
2520 993 2617 1063 ali.
2653 992 2731 1049 Ea
2757 994 2904 1050 enim
2942 999 3028 1050 est
3066 992 3303 1066 hujusce
3328 996 3407 1052 rei
3432 1010 3534 1051 na-

1947 1090 2096 1149 tura,
2141 1091 2200 1140 ut
2237 1100 2363 1156 quae
2398 1085 2620 1152 damus,
2655 1103 2687 1143 a
2718 1086 2881 1145 nobis
2911 1085 2979 1142 ad
3011 1100 3119 1143 nos
3142 1088 3392 1146 redeant.
3438 1087 3545 1145 Si-t

1944 1176 2168 1248 quidem
2201 1178 2481 1236 humanus
2506 1189 2560 1236 et
2595 1178 2777 1240 facilis
2823 1191 3021 1241 noster
3074 1182 3369 1251 Dominus,
3399 1198 3529 1239 cum

1948 1269 2139 1325 animi
2171 1271 2350 1328 nostri
2403 1284 2760 1346 perspectam
2814 1274 3254 1333 imbecillitatem
3301 1276 3523 1341 habeat,

1941 1360 2009 1417 ad
2034 1360 2365 1420 immensam
2395 1365 2818 1437 amplitudinem
2849 1379 2966 1424 rem
3002 1368 3144 1425 hanc
3195 1368 3436 1435 extollit,
3468 1378 3525 1425 et

1938 1455 2184 1527 seipsum
2224 1457 2592 1533 eleemosyum
2625 1459 2932 1518 debitorem
2982 1472 3142 1520 vocat
3177 1483 3193 1520 :
3235 1461 3331 1519 Dei
3362 1461 3523 1520 fenus

1936 1545 2359 1607 beneﬁcentiam
2387 1552 2653 1623 appellat.
2683 1553 2731 1609 Ο
2776 1553 3117 1626 singularem
3150 1556 3262 1611 vim
3292 1554 3522 1612 eleemo-

1937 1654 2087 1715 syna:
2121 1644 2134 1698 i
2165 1642 2284 1700 sola
2316 1645 2385 1700 ad
2414 1646 2675 1702 divinum
2707 1645 2957 1704 tribunal
2989 1648 3215 1720 irrepit.
3240 1648 3319 1707 Ne
3365 1648 3522 1721 judi—

1934 1750 2055 1791 cem
2091 1744 2425 1803 metuamus,
2455 1737 2552 1808 qui
2592 1746 2723 1795 ante
2766 1740 3051 1812 pretendit
3087 1755 3309 1808 manus,
3351 1757 3520 1814 quam

1931 1829 2099 1901 iudex
2124 1832 2327 1889 sedeat.
2371 1830 2452 1888 Ne
2486 1831 2731 1904 judicem
2776 1848 3091 1902 vereamur,
3132 1835 3228 1905 qui
3277 1850 3338 1893 se
3358 1851 3519 1893 acce-

1936 1926 2087 1996 pisse
2120 1926 2355 1983 minime
2382 1926 2686 1983 inﬁciatur.
2718 1959 2789 1969 —
2807 1925 2878 1982 Et
2902 1928 3102 1985 sedens
3129 1927 3292 1986 Jesus
3318 1938 3517 1986 contra

1933 2016 2416 2088 gazophylacium.
2449 2016 2758 2089 aspiciebat
2805 2018 3083 2088 quomodo
3137 2019 3315 2077 turba:
3343 2019 3520 2091 iacie-

1928 2110 2067 2166 bant
2092 2126 2190 2165 ars.
2218 2107 2510 2166 Praeterito
2542 2109 2706 2166 altari
2737 2108 2806 2166 ad
2836 2112 3301 2184 gazophylacium
3321 2128 3519 2170 accur-

1928 2200 2022 2256 rit.
2083 2198 2392 2257 Praeteritis
2475 2199 2931 2259 sacriﬁcantibus
2992 2202 3060 2257 ad
3132 2203 3512 2262 beneficentiae

1925 2295 2203 2353 theatrum
2276 2292 2489 2366 pergit,
2541 2294 2712 2365 gestis
2777 2294 2896 2353 suis
2964 2295 3261 2353 ostendens
3337 2297 3509 2356 Deum

1925 2388 2031 2445 hoc
2107 2389 2230 2447 solo
2291 2388 2611 2462 spectaculo
2662 2388 2925 2447 delectari
2973 2407 2989 2446 :
3036 2392 3331 2449 ostendens
3361 2435 3377 2461 ,
3427 2394 3513 2449 in-

1924 2498 2113 2555 quam,
2139 2481 2390 2539 divinum
2449 2481 2677 2539 oculum
2712 2480 2817 2539 hac
2867 2482 3146 2539 duntaxat
3193 2485 3415 2544 ratione
3441 2487 3513 2544 ad

1923 2576 2134 2635 lictoris
2164 2576 2252 2636 sui
2278 2575 2707 2635 similitudinem
2775 2590 2943 2648 posse
2969 2578 3237 2635 accedere
3270 2593 3288 2635 :
3313 2591 3507 2639 osten-

1921 2672 2060 2727 dens
2098 2668 2268 2727 etiam
2301 2682 2474 2725 unum
2534 2666 2642 2723 hoc
2679 2680 2806 2725 esse
2849 2666 2997 2739 quod
3054 2667 3335 2725 hominem
3377 2687 3507 2728 cum

1919 2763 2035 2822 Deo
2073 2761 2347 2835 copulet:
2398 2759 2706 2818 ostendens
2761 2759 3004 2833 denique
3036 2761 3093 2819 id
3147 2766 3329 2821 solum
3377 2781 3504 2825 esse

1916 2857 2066 2931 quod
2112 2857 2339 2930 ﬁgulum
2394 2855 2513 2912 luto
2556 2854 2783 2926 prepius
2827 2854 3042 2928 jungat.
3103 2856 3273 2931 479
3317 2862 3505 2919 Estote

1916 2952 2063 3007 enim
2104 2947 2500 3017 misericordes,
2538 2948 2741 3021 inquit,
2769 2948 2907 3004 sicut
2939 2959 2989 3005 et
3020 2949 3186 3007 Pater
3201 2961 3371 3009 uester
3395 2972 3503 3011 car-

1927 3045 2076 3101 [estis
2102 3044 2403 3100 misericors
2458 3051 2560 3099 est.
2587 3044 2606 3114 (
2638 3040 2771 3099 Luc.
2812 3058 2888 3110 τι,
2923 3043 3050 3118 56).
3111 3044 3242 3102 Sola
3290 3050 3494 3122 quippe

1912 3138 2302 3204 beneﬁcentia,
2331 3136 2518 3193 aditus
2544 3135 2612 3192 ad
2638 3135 2885 3193 divinam
2911 3138 3301 3211 cognationem
3332 3157 3500 3214 para-

205 3214 501 3287 ἐξήλεγξεν
528 3218 562 3289 ὴ
590 3218 833 3290 πτωχεία
875 3220 937 3274 τὸ
978 3221 1078 3291 τῆς
1109 3222 1339 3295 γνώμης
1383 3225 1686 3300 φιλότιμον.
1727 3230 1801 3283 οὐ

1913 3241 2021 3291 tur.
2055 3262 2125 3276 -—
2170 3230 2216 3290 Ο
2252 3230 2550 3302 benignam
2578 3228 2819 3284 animam
2852 3230 2867 3285 l
2900 3246 2935 3286 ο
2959 3242 3198 3289 mentem
3231 3234 3301 3291 ad
3332 3236 3504 3295 mise—

206 3306 550 3365 συνέστειλεν
569 3314 603 3384 ἡ
633 3313 812 3368 ἔνδεια
835 3313 898 3369 τὸ
918 3314 1016 3387 τῆς
1036 3315 1221 3389 ψυχῆς
1251 3318 1494 3390 δαψιλές.

1914 3323 2217 3385 ricordiam
2279 3323 2585 3394 proclivem
2644 3322 2658 3377 ί
2715 3321 2891 3377 animi
2956 3326 3502 3387 commiserationem

201 3417 501 3479 paupertas
536 3422 646 3466 non
667 3407 903 3467 excidit.
962 3410 1279 3472 Muniﬁcam
1312 3419 1649 3476 voluntatem
1677 3433 1901 3496 egestas
1927 3438 2040 3483 non
2067 3419 2418 3494 compressit.
2491 3417 2681 3474 Animi
2702 3417 3086 3477 liberalitatem
3113 3422 3345 3494 penuria
3375 3440 3489 3482 non

201 3501 517 3560 restrinxit.

277 3597 355 3669 (i)
391 3597 464 3652 Τὸ
492 3599 596 3671 τῆς
621 3599 1004 3675 ιλεημοσύνης
1035 3608 1233 3681 χρῆμα
1266 3610 1563 3685 διασμήχει
1605 3616 1790 3690 ἁμαρ·

194 3688 346 3755 τίας,
370 3696 795 3766 κατακαυχᾶται
823 3698 1084 3770 κρίσεως,
1122 3704 1327 3776 ἡμεροί
1360 3706 1459 3778 τὴν
1486 3707 1586 3781 τῆς
1630 3688 1794 3765 κολά-

198 3800 344 3847 σεως
366 3784 565 3855 φλόγα,
588 3786 837 3844 δυσωπεῖ
859 3791 954 3846 τὸν
994 3792 1312 3863 δικάζοντα,
1353 3798 1555 3870 μᾶλλον
1579 3801 1634 3857 δὲ
1664 3804 1795 3858 συν-

193 3879 363 3971 άπτει
394 3877 535 3951 Θεῷ,
561 3883 676 3945 τοῖς
708 3881 819 3939 τῶν
853 3886 1027 3956 ἁγίων
1051 3889 1237 3961 χοροῖς
1265 3892 1591 3967 ἐναρίθμιον
1617 3897 1794 3971 άπερ-

190 3965 430 4039 γάζεται
451 3986 468 4003 ο
500 3971 771 4045 ἀποφέρει
814 3975 872 4032 δὲ
911 3978 1007 4053 καὶ
1038 3982 1117 4046 είς
1143 3982 1248 4056 τὴν
1275 3983 1391 4041 ἄνω
1419 3965 1600 4055 πόλιν,
1642 3965 1796 4063 βασι-

187 4062 352 4119 λείαν
389 4064 639 4139 οὐρανῶν
675 4068 955 4143 προξενεῖ,
1002 4072 1161 4141 δόξαν
1202 4078 1545 4153 ἀμάραντον,
1597 4084 1790 4141 ἐλπίδα

189 4155 425 4229 βεϐαίαν
477 4160 576 4215 καὶ
629 4161 1001 4239 ὲρηρειμὲνην
1028 4185 1043 4200 ο
1084 4170 1179 4224 καὶ
1220 4172 1273 4226 τί
1328 4174 1466 4247 γάρ;
1508 4177 1630 4249 οὐχὶ
1675 4178 1787 4234 τῶν

184 4249 549 4309 τελειούντων
587 4255 670 4321 είς
717 4255 1017 4331 ἀκλόνητον
1046 4262 1345 4335 εὐθυμίανῖ
1373 4294 1445 4311 -ο
1488 4267 1546 4324 '0
1577 4272 1688 4337 τοῖς
1720 4274 1782 4328 ὲν

184 4346 372 4420 ἐνδείᾳ
402 4348 500 4404 καὶ
537 4352 978 4424 πτωχευομένοις
1005 4355 1098 4410 τὸν
1141 4356 1273 4412 ίδιον
1300 4358 1573 4431 διανέμων
1607 4362 1774 4418 πλοῦ-

181 4458 302 4507 τον,
334 4441 397 4496 οὒ
443 4443 715 4514 πτωχεύει
748 4446 902 4503 ποτέ.
946 4448 1007 4502 'O
1050 4448 1163 4521 γὰρ
1196 4450 1364 4506 ἐλεῶν
1410 4455 1629 4527 πτωχὸν
1656 4456 1776 4530 Θεῷ

182 4533 447 4603 δανείζει,
476 4536 665 4609 φησίν.
718 4538 1046 4611 Ἀξιόχρεως
1075 4543 1103 4595 ὁ
1147 4543 1549 4619 δανειζόμενος,
1583 4552 1774 4617 πιστὸς

179 4631 209 4682 ὁ
244 4627 559 4699 δεχόμενος.
586 4625 744 4685 Οἶδεν
776 4634 991 4689 ἐκτῖσαι
1022 4636 1119 4690 σὺν
1149 4637 1295 4709 τόκῳ
1318 4638 1380 4693 τὸ
1399 4639 1572 4698 δοθέν.
1600 4644 1771 4699 Πλού-

180 4735 301 4785 σιος
337 4722 429 4775 καὶ
464 4719 770 4793 φιλότιμος,
802 4728 830 4779 ὁ
853 4725 953 4797 τὴν
986 4725 1079 4781 τοῦ
1108 4727 1551 4805 φιλοικτίρμονος
1583 4750 1767 4809 παρα-

172 4811 509 4887 καταθήκην
542 4815 744 4872 λαϐὼν.

243 5074 338 5149 Μὴ
368 5078 670 5155 ἀναμείνῃς
697 5082 953 5152 γενέσθαι
985 5087 1241 5159 χρηστὸς,
1272 5088 1392 5145 ἀλλ’
1432 5091 1533 5163 ήδη
1578 5092 1762 5160 γενοῦ.

156 5170 295 5226 οὐκ
327 5171 593 5243 ὀρθήσῃ,
641 5176 800 5248 φησὶ,
847 5178 1024 5246 κενὸς
1064 5180 1327 5236 ἐνώπιόν
1363 5200 1505 5254 μου.
1552 5185 1761 5257 Μηδεὶς

163 5258 525 5352 ἔστωνκενδς,
555 5264 691 5336 μηδὲ
716 5267 744 5319 6
775 5265 1050 5341 ἄκαρπος,
1080 5270 1219 5343 μηδέ
1269 5290 1353 5338 τις
1387 5279 1576 5350 στεῖρα
1609 5278 1760 5352 ψυχὴ

163 5350 271 5405 καὶ
309 5351 526 5421 ἄγονος.
561 5354 836 5423 Ἕκαστος
865 5359 931 5413 ὲκ
961 5359 1068 5416 τῶν
1097 5363 1385 5435 παρόντων
1414 5350 1761 5440 καρποφορεί

158 5436 250 5533 τῷ
269 5438 435 5533 “Octb,
469 5443 566 5499 καὶ
609 5444 721 5500 τῶν
769 5448 1004 5506 οἰκείων.
1031 5482 1104 5494 --
1142 5436 1624 5531 Macetumqitdipevv
1654 5436 1758 5533 τῆς

1966 3613 2028 3674 S.
2064 3612 2283 3686 Cyritli.
2315 3636 2388 3652 -
2411 3606 2792 3679 Eieemosynae
2850 3618 3048 3667 natura
3077 3621 3161 3669 est
3193 3620 3254 3669 ut
3300 3626 3504 3685 capur-

1892 3718 1987 3781 get
2049 3714 2281 3781 peccata
2360 3722 2376 3761 :
2432 3704 2814 3776 superexaltat
2878 3704 3180 3777 judicium,
3236 3708 3497 3781 supplicii

1901 3801 2183 3857 ﬂammam
2249 3797 2487 3870 mitigat,
2515 3795 2759 3868 judicem
2804 3798 3015 3866 ﬂectit;
3058 3800 3169 3866 vel,
3197 3808 3256 3857 ut
3283 3804 3496 3860 rectius

1898 3893 2124 3966 loquar,
2186 3905 2317 3948 cum
2354 3888 2467 3945 Deo
2502 3890 2752 3959 copulat,
2780 3892 2845 3947 in
2881 3901 3202 3950 sanctorum
3261 3896 3495 3952 ascribit

1898 3986 2130 4052 choros,
2163 3987 2222 4040 in
2278 3995 2583 4052 supernam
2620 3983 2904 4041 civitatem
2960 3984 3186 4052 attollit,
3219 3988 3493 4044 cmlorum

1893 4094 2133 4153 regnum
2168 4079 2454 4147 conciliat,
2484 4080 2718 4153 gloriam
2752 4080 3299 4147 immarcescibilem,
3330 4096 3487 4154 spem

1888 4172 2104 4228 ﬁrmam
2145 4180 2199 4230 et
2239 4173 2502 4230 stabilem
2540 4189 2556 4227 :
2589 4188 2656 4229 ac
2682 4173 2816 4245 quid
2843 4188 2954 4230 non
2979 4172 3242 4229 demum?
3268 4189 3338 4230 an
3380 4191 3489 4233 non

1881 4280 1945 4321 ea
1986 4280 2110 4336 qua
2143 4274 2491 4322 constantem
2519 4264 2854 4323 hilaritatem
2885 4266 3189 4338 praestent?
3218 4295 3289 4308 -—
3324 4265 3491 4335 Quis-

1878 4358 2006 4430 quis
2086 4366 2413 4432 paupertate
2450 4368 2506 4417 et
2562 4358 2751 4432 inopia
2802 4359 3187 4419 laborantibus
3216 4377 3347 4434 opes
3378 4362 3485 4417 im-

1874 4452 2047 4521 pertit
2090 4468 2249 4521 suas,
2316 4468 2603 4525 nunquam
2676 4468 2885 4526 pauper
2940 4456 3071 4511 erit.
3124 4454 3342 4512 Etenim
3383 4456 3482 4528 qui

1870 4562 2178 4618 pauperum
2242 4547 2574 4616 miseretur,
2634 4546 2849 4605 fenerat
2895 4548 3043 4615 Deo,
3089 4551 3272 4622 inquit
3321 4550 3481 4608 Scrio

1867 4639 2390 4711 ptura(Prov.m,
2424 4641 2546 4710 l7).
2601 4641 2875 4700 Solvendo
2943 4652 3029 4701 est
3086 4643 3178 4701 hic
3228 4644 3474 4704 debitor.

1865 4731 2073 4790 Fidelis
2092 4739 2180 4789 est
2221 4733 2317 4805 qui
2344 4732 2570 4805 accipit.
2598 4733 2763 4790 Novit
2824 4736 2974 4792 enim
3016 4735 3070 4792 id
3105 4734 3255 4807 quod
3285 4736 3476 4801 datum

1800 4834 1964 4899 pest
2017 4842 2144 4883 cum
2215 4825 2413 4882 tenore
2470 4828 2801 4885 dissolvere.
2876 4828 3044 4886 Dives
3104 4827 3475 4901 liberalisque

1878 4925 1981 4986 est,
2001 4918 2093 4989 qui
2118 4918 2367 4976 hominis
2398 4920 2468 4975 ad
2512 4920 2958 4978 misericordiam
2990 4923 3254 4994 prOpensi
3285 4923 3465 4994 depo-

1876 5007 2048 5063 situm
2089 5008 2326 5078 accepit.

1941 5097 2002 5155 S.
2022 5097 2178 5171 Greg.
2208 5098 2354 5156 Naz.
2385 5111 2532 5157 orat.
2555 5100 2615 5157 9.
2638 5131 2711 5143 --
2740 5101 2815 5157 Ne
2846 5103 3031 5161 bonus
3068 5119 3193 5163 esse
3217 5104 3478 5177 diﬂeras,

1868 5188 1963 5245 sed
1989 5189 2104 5261 jam
2126 5191 2361 5249 elﬁcere.
2401 5192 2529 5250 Non
2553 5195 2853 5265 apparebis,
2872 5198 3076 5270 inquit,
3101 5199 3155 5255 in
3180 5211 3466 5270 conspectu

1859 5298 1980 5341 meo
2030 5301 2230 5342 vacuus
2264 5285 2486 5357 (Exod.
2508 5304 2670 5358 mu,
2704 5286 2773 5345 l5
2794 5288 2836 5361 ).
2862 5288 3061 5347 Nullus
3083 5307 3216 5364 ergo
3248 5309 3461 5352 vacuus

1858 5377 1932 5436 sit
1978 5388 2036 5435 et
2089 5378 2497 5439 infructuosus.
2552 5380 2715 5439 Nulla
2768 5384 2954 5440 anima
3004 5386 3213 5444 sterilis
3280 5387 3374 5455 sit,
3403 5396 3465 5445 et

1858 5472 2019 5543 prole
2053 5482 2263 5532 careat.
2316 5475 2715 5550 Unusquisque
2742 5494 2811 5537 ex
2844 5482 3209 5552 praesentibus
3267 5481 3465 5551 bonis,

158 5527 382 5651 ἐκετθὶν
406 5531 827 5610 λαμπρότητοςσ
851 5539 914 5594 ἐν
932 5544 937 5548 ’
954 5541 1181 5610 κόλποις
1212 5527 1467 5620 Ἀϐρααμ
1500 5527 1753 5625 άντὶτῆς

2060 5527 2260 5532 ψη--
2327 5527 2714 5550 --η-γη--
2746 5527 2811 5537 ν-
2846 5527 3208 5552 r.-,--..-.....-
3267 5527 3463 5551 --.....,

1937 5581 2062 5638 quae
2082 5568 2190 5625 sibi
2231 5569 2455 5642 propria
2493 5578 2646 5651 sunt,
2688 5569 2803 5629 Deo
2835 5572 3051 5631 oﬂ‘erat.
3077 5604 3151 5615 -—
3181 5574 3463 5646 Splendos

155 5621 424 5681 ἐντεῦθεν
455 5627 865 5704 εὐσπλαγχνίας
909 5633 1361 5712 ἅναπαυσῶμεθα
1381 5659 1396 5674 ·
1442 5643 1633 5715 Κρῖμα
1665 5621 1751 5702 δί-

1857 5669 1977 5713 rem
2045 5658 2328 5717 scelestem
2378 5660 2729 5730 ambiamus;
2777 5665 2835 5722 in
2887 5666 3013 5723 sinu
3057 5666 3294 5724 Abrahae
3345 5684 3459 5741 pro

1682 5759 1918 5824 NOTAE.

226 5830 569 5944 5.32.12.33.22-
585 5837 1397 5944 qaccmnw...
1431 5852 1525 5907 τοῦ
1557 5761 1808 5926 arca-15$

1913 5864 2043 5937 ιλου,
2077 5866 2141 5924 ἐκ
2190 5868 2285 5925 τοῦ
2340 5867 2383 5926 ε’
2436 5871 2599 5944 λογον
2639 5870 2747 5929 τῶν
2782 5872 2922 5931 κατὰ
2960 5874 3271 5934 Ίουλιανοΰ.
3326 5866 3455 5940 δραι

150 5919 275 5965 non
294 5910 548 5966 occurrit
585 5910 644 5968 in
666 5912 827 5972 libris
850 5914 1041 5990 Cyrilli
1073 5929 1265 5979 contra
1294 5910 1593 5985 lulianum.
