4014 6302
485 315 618 384 1471

1644 329 1708 392 S.
1749 329 2072 395 JOANNIS
2109 334 2543 399 DAMASCENI

3628 329 3753 399 1472

484 435 871 494 misericordia
924 437 1052 495 istic
1075 439 1330 497 exhibita
1361 440 1823 514 requiescamus;
1856 445 2071 516 justum

2199 467 2334 506 ιαιον
2381 452 2696 525 κρίνωμεν·
2734 450 3052 525 ὲξελώμεθα
3101 450 3312 525 πένητα
3359 449 3455 507 καὶ
3509 455 3756 523 πτωχόν·

480 522 754 600 judicium
788 529 1152 602 iudicemus;
1204 533 1512 604 eripiamus
1551 546 1922 609 pauperemet
1938 555 2068 612 ege-

483 636 641 692 num;
669 622 848 680 vidua:
862 632 916 680 et
937 625 1135 698 pupilli
1156 642 1262 684 nos
1284 628 1583 696 misereat;
1612 628 1954 690 redimamus
1976 648 2074 690 eos

482 715 578 783 qui
601 717 763 773 morti
782 717 1116 786 traduntur;
1148 736 1218 778 ne
1239 721 1586 794 negligemus
1603 738 1704 781 eos
1728 725 1823 795 qui
1840 739 1947 796 ope
1976 740 2077 782 no-

485 814 604 864 atra
635 808 912 884 indigent;
942 828 1013 870 ne
1066 823 1461 886 praetereamus
1496 831 1624 873 cum
1656 817 1753 890 qui
1790 817 2080 876 ulceribus

485 910 699 972 scatet;
720 918 788 960 ue
803 902 1026 963 deliciis
1046 906 1458 980 indulgeamus,
1476 907 1608 968 aliis
1630 909 1684 968 in
1702 925 1950 966 aerumna
1966 926 2082 968 ver-

485 996 773 1067 santibus;
790 1013 859 1054 ne
873 1013 1202 1057 conservum
1219 1008 1470 1060 nostrum
1482 1018 1766 1061 exsecrem
1777 1001 2079 1075 ur.Nequa-

487 1101 688 1159 quam,
717 1104 752 1146 ο
787 1090 952 1147 amici
985 1098 1044 1148 et
1066 1089 1292 1160 fratres,
1313 1108 1349 1149 a
1381 1094 1570 1152 dlYiliS
1595 1095 1848 1168 partibus
1872 1096 2075 1166 simus,

489 1195 562 1238 ne
628 1181 687 1239 in
745 1182 978 1243 ﬂammis
1032 1184 1444 1256 excruciemur,
1498 1199 1770 1261 vastoque
1812 1188 1982 1245 hiatu
2041 1204 2074 1245 a

489 1276 704 1333 sanctis
734 1276 1087 1336 dirimamur.
1143 1280 1339 1353 Neque
1386 1282 1614 1339 tandem
1661 1282 1936 1341 Lazarum
1977 1299 2077 1342 ex-

490 1380 655 1423 orare
669 1382 956 1439 cogamur,
982 1377 1044 1426 ut
1063 1370 1318 1427 adustam
1345 1372 1590 1442 linguam
1618 1383 1868 1432 extremo
1903 1376 2078 1448 digito

492 1457 803 1532 refrigeret.
846 1461 1145 1536 Benignos,
1184 1463 1376 1523 faciles
1430 1475 1486 1523 et
1515 1466 1904 1524 misericordes
1976 1485 2081 1527 nos

494 1552 863 1620 praebeamus.
937 1554 1160 1612 Domini
1190 1556 1588 1628 benignitatem
1639 1559 1948 1627 imitemur,
1975 1553 2074 1633 qui

493 1641 627 1697 oriri
691 1644 867 1700 solem
933 1660 1097 1702 suum
1153 1647 1288 1704 facit
1343 1665 1509 1721 super
1561 1651 1739 1710 bonos
1786 1660 1844 1710 et
1902 1653 2077 1711 malos

496 1733 728 1807 (Matth.
816 1752 870 1806 v,
923 1737 1048 1812 45),
1095 1755 1392 1814 omnesque
1445 1742 1626 1816 pluvia
1686 1762 1788 1803 sua
1853 1747 2079 1819 perinde

495 1829 615 1885 alit.

570 1919 630 1978 S.
654 1921 807 1996 Greg.
827 1922 971 1980 Naz.
993 1933 1138 1982 orat.
1159 1926 1629 1988 l6.-—-Co:lestem
1651 1931 1800 1987 illam
1834 1931 2082 2004 requiem

499 2030 849 2087 quaeramus;
888 2017 1057 2088 hujus
1089 2019 1215 2076 vitae
1248 2019 1549 2079 facultates
1572 2031 1626 2080 et
1652 2039 1787 2096 opes
1818 2025 2081 2098 projiciao

500 2123 662 2176 mus;
687 2110 837 2180 quod
868 2109 924 2165 in
948 2110 1019 2168 iis
1046 2111 1251 2169 bonum
1273 2123 1379 2180 est,
1411 2115 1579 2187 hujus
1625 2118 1897 2174 duntaxat
1938 2135 2087 2191 quae-

503 2211 655 2258 stum
692 2201 995 2273 faciamus;
1021 2205 1237 2264 animas
1263 2218 1484 2267 nostras
1501 2209 1866 2284 eleemosynis
1887 2211 2087 2285 acqui-

501 2307 698 2350 ramus
731 2299 787 2350 et
812 2309 1097 2364 emamus;
1123 2296 1266 2352 bona
1294 2308 1489 2356 nostra
1513 2301 1859 2373 pauperibus
1881 2301 2086 2374 imper-

499 2386 734 2453 tiamur,
761 2396 819 2442 ut
846 2391 1109 2458 supernis
1137 2390 1255 2449 illis
1287 2393 1489 2464 opibus
1534 2393 1845 2451 alnuamus.
1866 2395 2085 2453 Animae

500 2478 691 2546 etiam,
718 2495 830 2536 non
856 2481 959 2538 soli
982 2481 1244 2548 carni,da
1270 2493 1516 2554 partem;
1536 2487 1605 2541 da
1633 2495 1845 2558 partem
1869 2495 1924 2543 et
1947 2486 2083 2560 Deo,

502 2585 605 2626 nec
635 2572 740 2628 soli
798 2572 1042 2643 mundo;
1078 2575 1261 2632 ventri
1313 2576 1576 2648 quiddam
1618 2579 1906 2645 subtrahe,
1938 2582 2086 2652 quod

506 2661 743 2736 Spiritui
802 2681 1140 2732 consecres;
1181 2684 1250 2724 cx
1297 2670 1424 2741 igne
1489 2671 1773 2744 quidpiam
1808 2674 1986 2745 eripe,
2031 2682 2088 2731 ct

503 2757 778 2829 tantisper
808 2774 836 2814 ιι
871 2760 1204 2831 depascente
1238 2761 1458 2820 ﬂamma
1518 2780 1786 2835 remove;
1818 2776 2089 2840 extorque

503 2864 534 2905 a
576 2857 837 2924 tyranno,
891 2861 953 2908 et
996 2851 1237 2910 Domino
1286 2855 1597 2921 committe.
1641 2856 1715 2913 Da
1745 2873 1940 2931 parum
1973 2861 2022 2916 ei
2055 2877 2086 2917 a

503 2958 617 3015 quo
681 2943 924 3015 amplius
979 2947 1263 3017 acceperis
1301 2965 1314 3003 :
1346 2948 1460 3004 imo
1493 2949 1664 3007 etiam
1697 2951 1746 3007 ei
1774 2951 1869 3023 qui
1903 2954 2086 3011 omnia

502 3037 774 3108 elargitus
799 3046 905 3102 est.
944 3039 1235 3096 universas
1269 3055 1403 3113 opes
1433 3041 1588 3099 dato.
1619 3041 1923 3115 Nunquam
1957 3047 2010 3102 vi
2023 3063 2087 3102 n-

501 3142 598 3185 ces
661 3128 1100 3186 munificentiam
1141 3129 1274 3198 Dei;
1316 3133 1683 3204 quantumvis
1737 3138 2083 3208 erogaveris,

2175 543 2354 615 χήραν
2383 544 2477 599 καὶ
2503 544 2742 618 ὀρφανὸν
2770 546 3087 619 ἐλεήσωμεν
3106 563 3120 579 ·
3151 544 3517 620 έκπριώμεθα
3551 561 3760 600 κτεινο-

2181 634 2417 706 μένους·
2455 638 2533 711 μὴ
2557 638 2878 711 παρίδωμεν
2910 639 3002 696 τὸν
3027 638 3284 712 δεόμενον
3315 637 3475 712 ἡμῶν
3497 655 3516 673 ·
3551 638 3627 711 μὴ
3660 657 3764 694 τοι·

2186 722 2562 795 ραδράμωμεν
2583 725 2676 780 τὸν
2703 725 3023 799 ἡλκωμένον
3039 742 3055 759 ·
3091 729 3166 801 μὴ
3191 729 3565 801 τρυφήσωμεν
3586 727 3766 784 ἀλλων

2181 815 2676 874 κακοπαθούντων·
2705 820 2780 892 μὴ
2812 818 3194 891 βδελυεώμεθα
3221 825 3315 878 τὸν
3339 821 3664 894 ὁμόδουλον·
3691 823 3766 894 μὴ

2183 909 2330 979 φίλοι
2357 911 2453 965 καὶ
2485 910 2709 984 ἀδελφοὶ
2737 913 3028 987 γενώμεθα
3056 914 3160 987 τῆς
3181 914 3279 970 τοῦ
3311 914 3570 971 πλουσίου
3606 915 3768 989 μερί-

2179 1001 2292 1069 δος,
2326 1002 2463 1078 μηδὲ
2487 1004 2841 1078 ὀδυνηθῶμεν
2863 1009 2922 1062 ὲν
2952 1010 3020 1081 τῇ
3050 1009 3245 1080 φλογί·
3281 1009 3422 1082 μηδι
3475 1008 3557 1080 τῷ
3604 1008 3770 1081 χαρί-

2183 1111 2358 1166 σματι
2386 1095 2702 1170 διαστῶμεν
2753 1098 2864 1155 ἀπὸ
2914 1098 3024 1156 τῶν
3053 1101 3256 1157 ὁσίων·
3300 1099 3438 1174 μηδὲ
3482 1099 3774 1173 δεηθῶμεν

2180 1188 2439 1262 Λαζάρου
2465 1188 2562 1245 τοῦ
2594 1189 2827 1264 πένητος
2848 1190 3006 1266 άκρῳ
3035 1191 3290 1265 δακτύλῳ
3323 1191 3640 1266 καταψύξαι
3673 1194 3776 1263 τὴν

2182 1281 2437 1354 γλῶσσαν
2465 1282 2627 1357 ημῶν
2657 1283 3023 1357 φλεγομένην.
3055 1286 3096 1340 Γ
3099 1283 3354 1359 ενώμεθα
3381 1287 3638 1360 χρηστοὶ,
3681 1285 3775 1340 εὖ·

2184 1374 2510 1448 σπλαγχνοι,
2544 1377 2877 1450 συμπαθεῖς.
2917 1379 3311 1453 Μιμησώμεθα
3351 1380 3448 1436 τοῦ
3487 1381 3773 1436 Δεσπότου

2185 1468 2283 1541 τὴν
2312 1469 2648 1542 ἀγαθότητα,
2685 1470 2746 1537 ὃς
2778 1472 3061 1529 ἀνατέλλει
3092 1474 3188 1528 τὸν
3216 1473 3371 1546 ἥλιον
3400 1472 3633 1546 ἀγαθοῖς
3678 1474 3779 1529 καὶ

2181 1563 2466 1637 πονηροῖς,
2500 1564 2597 1620 καὶ
2627 1566 2818 1654 τρέφει
2844 1568 2913 1640 τῇ
2945 1566 3117 1643 βροχῇ
3148 1567 3358 1634 πάντας
3384 1568 3618 1641 ὁμοίως.

2265 1922 2604 1995 Ζητήσωμεν
2629 1919 2728 1993 τὴν
2759 1919 2972 1976 ἐκεῖθεν
3011 1919 3358 1977 ἀνάπαυσιν·
3393 1920 3649 1993 ῥίψωμεν
3689 1921 3790 1993 τὴν

2193 2015 2442 2072 ἐντεῦθεν
2489 2013 2848 2088 περιουσίαν·
2889 2013 2920 2069 ὃ
2967 2011 3133 2080 καλόν
3181 2013 3300 2066 ἐστι
3346 2012 3574 2082 ταύτης,
3623 2012 3793 2068 τοῦτο

2198 2111 2356 2183 μόνον
2391 2108 2781 2182 κερδάνωμεν·
2821 2103 3156 2179 κτησώμεθα
3192 2104 3294 2170 τάς
3336 2105 3552 2161 ἑαυτῶν
3599 2104 3794 2177 ψυχάς

2192 2205 2252 2258 έν
2282 2199 2680 2274 ὲλεημοσύναις
2701 2216 2717 2236 ·
2755 2198 3078 2272 μεταδῶμεν
3110 2196 3224 2268 ςτῶν
3255 2197 3430 2252 ὄντων
3462 2200 3577 2262 τοῖς
3617 2199 3800 2270 πένη-

2195 2314 2301 2365 σιν,
2345 2296 2432 2351 ἵνα
2460 2295 2530 2350 τὰ
2590 2291 2806 2348 ἐκεῖθεν
2851 2291 3290 2362 πλουτήσωμεν·
3323 2288 3414 2354 δδς
3455 2289 3659 2362 μερίδα
3694 2292 3797 2344 καὶ

2193 2392 2259 2462 τῇ
2290 2388 2459 2462 ψυχῇ,
2505 2387 2583 2459 μὴ
2623 2389 2691 2461 τῇ
2744 2385 2916 2457 σαρκὶ⁹
2961 2383 3157 2456 μόνον·
3186 2382 3276 2449 δὸς
3333 2381 3533 2456 μερίδα
3575 2383 3686 2437 καὶ
3715 2383 3797 2455 τῷ

2193 2482 2336 2556 Θεῷ,
2367 2482 2444 2556 μὴ
2486 2481 2568 2554 τῷ
2609 2480 2804 2553 κόσμῳ
2853 2479 3017 2550 μόνον
3038 2495 3052 2510 ·
3085 2476 3252 2547 ὖφελέ
3283 2494 3338 2532 τι
3384 2476 3487 2548 τῆς
3515 2477 3794 2548 γαστρὸς,

2193 2576 2272 2650 τῷ
2301 2574 2579 2647 πνεύματι
2623 2572 3003 2645 καθιέρωσον·
3050 2569 3299 2644 ἆρπασὸν
3344 2587 3398 2625 τι
3425 2568 3522 2624 τοῦ
3563 2570 3793 2644 πυρός·

2194 2669 2400 2726 ἀπόθου
2439 2665 2639 2740 μικρὸν
2676 2665 2786 2722 ἀπὸ
2807 2667 2910 2740 τῆς
2933 2663 3244 2736 νεμομένης
3271 2661 3473 2734 φλογός
3490 2681 3505 2696 ·
3528 2662 3800 2736 ἅρπασον

2193 2757 2289 2815 τοῦ
2313 2758 2612 2830 τυράννου,
2637 2754 2732 2812 καὶ
2757 2752 3054 2809 πίστευσον
3077 2751 3156 2823 τῷ
3179 2751 3450 2826 Δεσπότῃ.
3478 2750 3582 2814 Δὸς
3600 2749 3799 2815 ὀλίγον

2198 2851 2331 2925 παρ’
2357 2845 2418 2907 οὗ
2442 2849 2506 2905 τδ
2557 2847 2723 2904 πλέον
2773 2846 2918 2918 ἔχεις
2940 2863 2956 2880 ·
2987 2844 3076 2910 δδς
3121 2844 3215 2898 καὶ
3251 2843 3315 2898 τδ
3346 2845 3460 2898 πᾶν
3485 2841 3570 2913 τῷ
3603 2841 3801 2897 πάντα

2197 2941 2585 3017 χαρισαμένῳ.
2605 2940 2881 2995 Οὐδέποτε
2911 2939 3162 3011 νικήσεις
3184 2936 3605 3010 μεταλοδωρεάν
3623 2935 3799 3001 Θεοῦ,

2196 3036 2322 3091 ὅσον
2357 3034 2454 3089 εὰν
2486 3031 2825 3104 εἰσενέγκῃς,
2865 3027 3050 3084 πλεῖον
3080 3026 3170 3084 ἀεὶ
3206 3025 3268 3082 τὸ
3299 3027 3666 3099 λειπόμενον·
3701 3030 3804 3082 καὶ

2199 3132 2358 3188 οὐδὲν
2402 3128 2598 3195 δώσεις
2648 3128 2803 3193 ῑδιον,
2851 3127 2936 3183 ὅτι
2967 3125 3036 3180 τά
3078 3125 3260 3181 πάντα
3287 3123 3440 3193 παρά
3470 3122 3639 3178 Θεοῦ.
3684 3124 3810 3194 Καὶ,

502 3233 724 3292 semper
767 3222 836 3278 ab
874 3237 937 3279 ea
970 3223 1169 3295 procul
1221 3224 1424 3282 aberis.
1457 3225 1605 3294 Quin
1655 3242 1760 3289 nec
1787 3229 2088 3302 quidquam

2200 3222 2393 3296 ὥσπερ
2422 3221 2525 3277 οὐκ
2557 3221 2709 3276 ἔστιν
2749 3217 3058 3291 ὑπερϐῆναι
3084 3216 3184 3290 τὴν
3216 3213 3415 3271 ἑαυτοῦ
3453 3215 3645 3284 σκιάν,
3670 3215 3801 3272 οὐδὲ

504 3312 654 3381 quod
689 3322 845 3368 tuum
896 3312 995 3380 sit,
1035 3312 1271 3372 daturus
1323 3332 1386 3373 cs
1418 3330 1438 3370 :
1466 3317 1917 3392 quandoquidem
1950 3335 2091 3378 cun-

504 3413 594 3463 cta
616 3421 683 3464 ex
713 3406 827 3462 Deo
855 3415 1009 3463 sunt.
1042 3407 1110 3463 Et
1144 3409 1614 3481 quemadmodum
1648 3409 1768 3469 ﬁeri
1802 3414 1996 3488 nequit
2031 3421 2093 3470 ut

507 3501 764 3557 umbram
787 3500 954 3575 480
980 3511 1231 3560 nostram
1258 3504 1804 3577 praetergrediamur,
1845 3517 1940 3574 aut
1970 3525 2094 3566 mo-

505 3590 590 3647 les
621 3592 879 3660 corporis
915 3607 1085 3661 supra
1123 3602 1294 3665 caput
1334 3606 1612 3666 assurgat,
1653 3595 1735 3653 sic
1763 3612 1868 3653 nec
1897 3614 2096 3655 mune-

507 3682 664 3738 ribus
693 3682 905 3738 nostris
960 3681 1107 3740 Deus
1137 3683 1289 3741 vinci
1353 3693 1557 3757 potest.
1587 3685 1778 3759 Neque
1829 3691 1979 3750 enim
2036 3690 2093 3746 ei

508 3772 813 3845 quidquam
843 3771 1041 3830 damus
1073 3775 1223 3845 quod
1252 3786 1404 3832 extra
1429 3776 1574 3832 bona
1609 3779 1786 3849 ipsius
1814 3779 1909 3836 sit.
1932 3780 2096 3838 Unde

509 3871 606 3925 tibi
640 3868 834 3925 isthmc
861 3871 1068 3935 omnia,
1090 3883 1143 3928 et
1167 3886 1195 3925 a
1229 3873 1505 3943 quonam?
1531 3874 1669 3941 Quis
1691 3875 1858 3932 donis
1872 3876 2096 3936 vincere

509 3961 683 4018 Deum
719 3962 1088 4033 queatlQuis
1130 3964 1230 4021 tibi
1273 3965 1380 4021 hoc
1412 3965 1588 4034 dedit,
1631 3971 1778 4040 quod
1806 3971 1932 4027 coeli
1967 3971 2096 4042 pult-

510 4053 885 4111 chritudinem
913 4057 1150 4111 cernas?
1173 4057 1320 4128 quod
1352 4058 1492 4115 solis
1513 4074 1766 4128 cursum,
1802 4063 1951 4133 quod
1983 4063 2098 4119 cir-

512 4145 728 4201 cuitum
780 4147 948 4216 lunae,
990 4147 1141 4220 quod
1198 4148 1442 4206 siderum
1479 4152 1916 4220 multitudinem,
1944 4170 2098 4210 eam-

511 4253 642 4308 que,
702 4253 826 4309 quae
889 4239 946 4296 in
989 4240 1078 4296 his
1122 4239 1385 4298 omnibus
1434 4243 1588 4299 velut
1646 4248 1702 4300 in
1734 4246 1859 4317 lyra
1891 4246 2093 4316 elucet,

444 4369 450 4374 ι
513 4331 970 4400 concinnitatem,
1027 4343 1190 4404 atque
1223 4333 1478 4392 ordinem
1534 4353 1753 4409 semper
1785 4355 1846 4396 se
1902 4339 2098 4397 eodem

515 4425 679 4480 modo
719 4426 1033 4493 habentem,
1063 4437 1461 4500 tempestatum
1493 4430 1938 4500 vicissitudines,
1960 4443 2100 4490 tem-

513 4530 714 4588 porum
782 4520 1143 4584 mutationes,
1202 4523 1603 4581 conversiones
1651 4540 1953 4591 annorum,
1987 4526 2096 4584 diei

2200 3314 2344 3388 ὑπὲρ
2374 3315 2474 3389 την
2499 3312 2746 3386 κεφαλὴν
2767 3311 3031 3383 γενέσθαι
3051 3308 3303 3382 σώματος
3333 3307 3592 3380 μέγεθος,
3614 3307 3804 3372 οὕτως

2200 3410 2323 3466 οὐδὲ
2374 3404 2455 3474 οἷς
2482 3409 2698 3480 δίδομεν
2731 3406 2958 3478 νικῆσαι
2985 3403 3142 3461 Θεδν.
3175 3403 3253 3459 Ού
3303 3402 3413 3474 γάρ
3440 3400 3551 3468 ἔξω
3591 3418 3655 3457 τι
3683 3401 3802 3457 τῶν

2200 3499 2368 3556 αὐτοῦ
2398 3499 2654 3571 δίδωμεν.
2704 3495 2880 3551 Πόθεν
2917 3512 3004 3550 σοι
3040 3493 3222 3548 ταῦτα
3245 3492 3449 3559 πάντα,
3479 3492 3582 3547 καὶ
3636 3494 3804 3564 παρά

2199 3611 2386 3660 τινοςς
2419 3593 2517 3656 Τίς
2547 3590 2775 3646 δύναται
2803 3587 3029 3659 νικῆσαι
3071 3587 3208 3642 Θεδν
3235 3589 3353 3651 τοῖς
3403 3585 3805 3659 χαρίσμασινς

2203 3688 2300 3753 Τίς
2330 3686 2530 3742 ἔδωκέν
2565 3703 2649 3741 σοι
2695 3683 2895 3749 κάλλος
2931 3680 3166 3756 ούρανοῦ
3197 3682 3440 3754 βλέπειν,
3471 3678 3632 3752 ἡλίου
3669 3679 3804 3750 δρό-

2207 3796 2328 3853 μον,
2365 3777 2596 3852 σελήνης
2630 3775 2852 3842 κύκλον,
2887 3773 3137 3845 ἀστέρων
3175 3771 3404 3845 πλῆθος,
3437 3770 3536 3825 καὶ
3571 3772 3631 3824 ἰν
3669 3771 3806 3824 τού-

2203 3889 2320 3937 τοις
2353 3873 2542 3934 πᾶσιν,
2571 3868 2766 3941 ὥσπερ
2804 3869 2864 3922 ὲν
2893 3866 3056 3939 λύρᾳ,
3100 3865 3472 3939 εὐαρμοστίαν
3503 3864 3606 3920 καὶ
3637 3864 3807 3931 τάξιν

2203 3964 2468 4030 ὡσαύτως
2505 3963 2762 4035 ἔχουσαν,
2801 3960 2965 4034 ὡρῶν
3008 3959 3281 4028 ἀλλαγὰς,
3313 3958 3629 4032 μεταὸολάς
3676 3977 3808 4014 ut-

2207 4058 2340 4131 ρῶν,
2375 4055 2644 4113 ἐνιαυτῶν
2673 4054 2994 4127 περιόδους,
3033 4053 3249 4127 ἡμέρας
3291 4053 3386 4108 καὶ
3417 4051 3620 4117 νυκτὸς
3683 4054 3806 4107 ισο-

2206 4149 2449 4224 μοιρίαν,
2478 4148 2583 4221 γῆς
2607 4147 2888 4220 ἐκφύσεις,
2912 4147 3075 4220 ἀέρος
3105 4145 3284 4219 χύσιν,
3307 4144 3489 4216 πλάτη
3512 4144 3807 4217 θαλάσσης

2203 4244 2511 4318 λελυμένης
2539 4244 2636 4298 καὶ
2684 4241 3008 4315 ἱσταμένης,
3050 4240 3191 4313 βάθη
3219 4237 3517 4311 ποταμῶν,
3573 4240 3807 4312 ἀνέμων

2207 4335 2492 4409 ῥεύματος
2547 4333 2646 4398 Τίς
2693 4333 2907 4398 ὑετοὺς,
2941 4332 3245 4405 γεωργίαν,
3293 4328 3532 4403 τροφὰς,
3568 4330 3806 4403 τέχνας,

2204 4431 2488 4502 οἰκήσεις,
2527 4427 2692 4482 πόθεν
2724 4444 2808 4482 σοι
2853 4424 2964 4483 τῶν
3008 4423 3186 4492 ζώων,
3241 4423 3310 4478 τά
3344 4422 3446 4495 μὲν
3499 4423 3806 4495 ήμέρωται

2207 4526 2301 4584 καὶ
2340 4523 2700 4591 ὺπέζευκται,
2731 4522 2803 4579 τά
2855 4521 2913 4576 δὲ
2960 4520 3139 4592 τροφὴ
3169 4519 3564 4592 παραδίδοται;
3601 4518 3706 4581 Τίς
3745 4534 3807 4570 σε

515 4612 810 4683 noctisque
845 4613 1086 4684 aequales
1105 4616 1466 4685 partitiones,
1490 4625 1653 4674 terra:
1675 4618 2088 4690 productiones,

2203 4618 2410 4694 Κύριον
2430 4619 2524 4675 καὶ
2554 4617 2780 4688 βασιλέα
2806 4616 3024 4671 πάντων
3044 4613 3383 4686 κατέστησεν
3406 4613 3500 4665 ἐπὶ
3528 4611 3770 4716 τῆς-τῆς

515 4706 919 4775 expansionem
977 4707 1147 4773 aeris,
1185 4709 1586 4781 amplitudines
1641 4713 1818 4768 maris
1844 4711 1976 4768 ﬂuxi
2016 4712 2099 4770 si-

519 4799 632 4853 mul
663 4805 718 4855 et
740 4800 982 4867 stabilis,
1016 4799 1328 4871 profundos
1358 4804 1648 4859 ﬂuminum
1675 4806 1942 4877 gurgites,
1968 4821 2101 4862 vcn-

517 4899 635 4946 tum
667 4894 925 4965 impetus.
972 4894 1111 4962 Quis
1141 4895 1360 4965 pluvias
1414 4897 1658 4967 praebet?
1688 4913 1947 4970 agrorum
1974 4900 2096 4955 cul-

2207 4706 2328 4768 εἷτα
2358 4710 2462 4766 οὐκ
2516 4709 2891 4781 αἰσχυνόμεθα
2940 4709 2988 4763 εί
3025 4705 3270 4763 τοσαῦτα
3309 4706 3444 4777 παρ’
3485 4703 3690 4767 αὑτοῦ,
3739 4705 3806 4758 τά

2209 4803 2308 4876 μὲν
2337 4803 2618 4868 λαϐόντες,
2645 4804 2717 4856 τὰ
2745 4802 2802 4856 δὲ
2830 4799 3168 4866 ἐλπίζοντες,
3201 4799 3339 4872 μηδὲ
3379 4798 3440 4853 ἓν
3477 4796 3648 4852 τοῦτο
3689 4798 3805 4851 εἱσ-

2203 4895 2426 4964 οίσομεν
2451 4893 2532 4968 τῷ
2562 4894 2833 4967 Δεσπότῃ,
2864 4892 2928 4948 τὺ
2952 4891 3336 4964 φιλάνθρωπον
3359 4907 3376 4959 ;

518 4992 721 5054 turam,
779 5002 960 5054 escas,
1020 4995 1191 5057 artes,
1244 4989 1483 5047 domos?
1518 4991 1660 5048 unde
1719 4991 1891 5050 habes
1952 4994 2100 5066 quod
2140 4990 2446 5048 animantia
2481 4989 2684 5062 partim
2738 4989 2840 5044 tibi
2911 4988 3180 5052 cicurata,
3221 4987 3592 5058 subiectaque
3641 4994 3807 5054 sunt,

518 5084 718 5149 partim
743 5084 797 5138 in
822 5085 1147 5141 alimentum
1182 5086 1424 5142 cedunt?
1451 5087 1588 5156 Quis
1621 5096 1674 5146 te
1704 5089 1990 5147 dominum
2044 5099 2099 5148 et
2164 5102 2346 5162 regem
2397 5087 2648 5143 omnium
2708 5086 2764 5142 in
2819 5093 2970 5142 terra
3017 5083 3351 5141 constituit!
3385 5082 3467 5136 An
3500 5099 3617 5137 non
3670 5098 3806 5138 vero

520 5190 622 5229 nos
649 5177 896 5246 pudebit,
927 5193 1051 5233 cum
1089 5187 1170 5235 tot
1220 5197 1287 5236 ac
1341 5189 1492 5238 tanta
1548 5184 1619 5240 ab
1683 5201 1749 5242 eo
1806 5189 2007 5258 partim
2065 5187 2472 5257 acceperimus,
2529 5184 2730 5255 partim
2793 5195 3127 5254 speremus,
3175 5180 3225 5236 si
3285 5195 3354 5239 ne
3386 5179 3515 5248 .hoc
3573 5180 3804 5243 quidem

524 5286 694 5326 unum
784 5271 896 5328 Dco
953 5272 1190 5330 Domino
1259 5276 1637 5346 conferamus,
1700 5281 2100 5338 humanitatem
2131 5279 2388 5338 scilicet?

594 5425 737 5486 Ibid.
767 5461 837 5474 --
866 5430 1022 5499 Quod
1061 5434 1105 5489 si
1142 5434 1188 5490 is
1208 5451 1504 5507 pauperem
1530 5437 1734 5508 probro
1761 5439 1948 5507 allicit,
1973 5455 2101 5495 eum

521 5523 615 5592 qui
674 5523 828 5578 illum
881 5525 1128 5582 condidit
1161 5529 1231 5583 ad
1287 5529 1636 5586 iracundiam
1687 5540 1972 5602 provocat,
2011 5533 2104 5590 ille

523 5613 770 5683 profecto
804 5615 1073 5675 factorem
1105 5620 1369 5689 honorat,
1415 5623 1509 5694 qui
1547 5639 1685 5695 opus
1712 5625 1893 5696 ipsius
1929 5625 2100 5683 fovet.

527 5703 757 5764 Fenerat
818 5709 1048 5765 Domino
1099 5713 1190 5783 qui
1247 5715 1530 5768 miseretur
1588 5718 1878 5784 pauperis,
1925 5717 2103 5790 inquit

527 5794 815 5870 Scriptura
852 5799 1062 5871 (Prov.
1123 5819 1232 5870 xix,
1295 5802 1423 5875 17).
1454 5803 1591 5873 Quis
1650 5804 1955 5866 debitorem
2019 5825 2098 5866 re-

2280 5440 2346 5496 El
2376 5440 2404 5495 ὁ
2442 5440 2728 5512 ἀτιμάζων
2751 5428 3003 5512 ’πένησι-α,
3036 5427 3335 5511 παροξύνει
3361 5424 3455 5490 τὸν
3486 5434 3803 5507 ποιήσαντα

2210 5533 2396 5599 αὐτὸν,
2431 5535 2570 5608 τιμᾷ
2599 5531 2694 5588 τὸν
2720 5533 2952 5605 ποιητὴν
2986 5533 3013 5587 ὁ
3039 5531 3318 5603 περιέπων
3346 5530 3408 5584 τὸ
3435 5531 3652 5602 ποίημα
3674 5548 3692 5562 ·
3741 5533 3806 5585 Ὀ

2209 5625 2402 5681 ἐλεῶν
2426 5627 2691 5697 πτωχὸν,
2727 5625 2850 5693 Θεῷ
2887 5622 3160 5690 δανείζει,
3199 5623 3385 5697 φησίν.
3426 5623 3523 5686 Τίς
3553 5624 3616 5678 ού
3645 5624 3802 5693 δέῃ-

2210 5738 2301 5775 ται
2338 5720 2624 5792 χρεώστην
2666 5720 3020 5777 ἀποδώσοντα
3051 5720 3110 5773 ὲν
3142 5719 3322 5790 καιρῷ
3357 5718 3498 5790 μετὰ
3544 5719 3645 5786 τῆς
3675 5720 3802 5770 ἐπί-

2219 5812 2464 5881 καρπῖας
2517 5813 2577 5868 τὸ
2624 5811 2850 5869 δάνειον.
2907 5807 3337 5885 ἘἿ.εημοσύναις
3388 5810 3489 5864 καὶ
3545 5809 3802 5864 πίστεσιν
