4014 6302
306 415 441 484 M73

1563 414 1805 481 SACRA
1835 414 2313 481 PARALLEI.A.‘

3434 430 3455 497 i
3469 432 3569 498 414

301 527 768 604 άποκαθαίρυνται
817 524 1108 601 ἁμαρτίαι.
1153 525 1542 602 Καθαρθῶμεν
1582 525 1677 586 οὖν
1727 530 1878 604 ἐλεή·

1990 528 2204 598 pudiet,
2260 530 2527 588 creditam
2575 535 2871 606 peifiiﬁiam
2920 552 3024 596 suo
3052 547 3302 613 tempore
3330 545 3575 602 redditu-

303 640 520 689 σαντες.

374 898 608 964 Δυνατδς
649 892 716 971 ἣν
769 898 798 954 δ
851 899 1045 974 Πατὴρ
1094 899 1321 972 ποιῆσαι
1382 899 1588 973 μηδένα
1631 899 1879 970 πένητα·

299 993 418 1049 ἀλλ’
447 995 496 1048 εί
521 995 582 1049 τὸ
617 994 862 1053 εὑποιεῖν
903 995 1249 1067 περιῃρεῖτο,
1295 998 1644 1066 συμπάσχειν
1700 995 1880 1059 οὐδεὶς

301 1087 456 1158 ἠξίου
490 1087 587 1141 νῦν
615 1087 863 1161 ἀλλήλων
887 1088 1073 1144 ἕνεκα.
1107 1088 1219 1144 Καὶ
1239 1086 1607 1160 εὐποροῦμεν,
1638 1088 1732 1144 καὶ
1755 1089 1882 1144 ἀπο-

301 1178 529 1251 ροῦμεν,
565 1179 654 1234 ἵνα
679 1178 846 1247 τόπος
869 1178 1162 1253 γενώμεθα
1191 1183 1255 1253 τῇ
1289 1179 1529 1254 εὐποιτα.

370 1451 475 1506 Τὸν
505 1449 749 1506 ἐναντίον
776 1450 891 1514 τοῖς
916 1448 1100 1513 ἄλλοις
1119 1447 1430 1522 ἀνθρώποις
1462 1448 1676 1520 σεαυτῷ
1705 1448 1882 1503 κατά-

299 1542 453 1608 λεξον
485 1542 737 1615 στρατὸν,
771 1543 993 1612 ἄοπλον,
1025 1541 1325 1613 ἀπόλεμον,
1355 1540 1718 1613 ἀναίμακτον,
1750 1541 1878 1613 ἀόρ-

301 1653 494 1707 γητον,
521 1636 813 1706 ἀμίαντον·
843 1636 1110 1708 γέροντας
1143 1635 1439 1700 θεοσεϐεῖς,
1464 1636 1737 1708 ὀρφανοὺς
1764 1633 1880 1690 Oso-

304 1729 502 1801 φιλεῖς,
531 1731 712 1802 χήρας
743 1727 1016 1802 πραότητι
1049 1726 1426 1799 ὡπλισμένος,
1458 1728 1660 1801 ἄνδρας
1688 1728 1882 1802 ἀγάπη

301 1822 774 1894 κεκοσμημένους.
827 1821 1115 1888 Τοιούτους
1153 1823 1355 1894 κτῆσαι
1408 1822 1486 1896 τῷ
1519 1821 1598 1893 σῷ
1640 1821 1877 1894 πλούτῳ,

297 1917 398 1971 καὶ
426 1916 502 1988 τῷ
543 1915 779 1987 σώματι,
811 1917 907 1971 καὶ
937 1918 1004 1989 τῇ
1034 1914 1181 1998 ψυχῇ
1210 1915 1566 1988 δορυφόρους,
1599 1907 1674 1972 ὧν
1709 1932 1879 1989 στρα-

294 2011 460 2084 τηγεῖ
484 2007 514 2064 ό
546 2007 699 2073 Θεός.

381 2213 715 2287 Ἔλεήμονας
755 2205 896 2270 εἶναι
943 2211 1218 2286 βούλεται,
1260 2215 1322 2270 οὗ
1369 2213 1530 2286 μόνον
1575 2216 1703 2281 τοὺς
1733 2215 1882 2271 ἔλεον

296 2306 615 2375 ποιοῦντας,
643 2304 782 2361 ἀλλὰ
816 2306 911 2361 καὶ
937 2307 1068 2372 τοὺς
1095 2307 1351 2372 θέλοντας
1381 2308 1643 2375 εὐποιεῖν,
1669 2309 1774 2364 κᾶν
1806 2309 1881 2381 μὴ

265 2420 269 2421 ⁷
295 2400 585 2466 δύνωνται,
610 2394 694 2466 οἷς
733 2401 878 2456 κατὰ
907 2400 1231 2476 προαίρεσιν
1259 2400 1322 2456 τδ
1350 2404 1595 2473 ἐνεργεῖν
1624 2403 1880 2472 πάρεστι.

295 2495 412 2572 Τῆς
454 2495 628 2568 αὐτῆς
668 2491 764 2550 οὖν
811 2496 1094 2568 μεθέξουσι
1141 2495 1309 2568 τιμῆς
1335 2499 1450 2560 τοῖς
1493 2497 1800 2570 δυνηθεῖσιν
1828 2498 1878 2551 oi

297 2589 640 2663 βουλόμενοι,
671 2585 747 2646 ὧν
780 2592 815 2662 ἡ
849 2590 1173 2663 προαίρεσις
1201 2592 1315 2663 ἴση,
1348 2591 1451 2648 κᾶν
1482 2591 1881 2649 πλεονεκτῶσιν

294 2684 476 2756 ἕτεροι
509 2687 573 2756 τῇ
616 2683 929 2757 περιουσία.
960 2717 1031 2726 --
1073 2683 1481 2756 Ἐλεημοσύνας
1509 2685 1594 2739 δεῖ
1624 2688 1819 2751 ποιεῖν,
1850 2688 1880 2741 ό

295 2775 457 2848 λόγος
491 2776 680 2848 φησὶν,
717 2777 856 2832 ἀλλὰ
896 2776 1037 2848 μετὰ
1083 2779 1343 2850 κρίσεως,
1385 2778 1482 2834 καὶ
1518 2779 1633 2842 τοῖς
1681 2778 1877 2845 ἀξίοις.

296 2849 411 2930 καὶ
439 2867 631 2940 ὥσπερ
663 2869 693 2924 ὁ
734 2870 983 2942 γεωργὸς
1030 2849 1248 2944 σπείρει
1293 2871 1397 2927 οὐκ
1441 2873 1522 2935 είς
1551 2872 1738 2938 ἁπλῶς
1777 2872 1878 2944 τὴν

294 2961 421 3032 γῆν,
454 2961 575 3021 ἀλλ’
622 2965 703 3027 είς
744 2963 982 3036 ἀγαθὴν,
1019 2963 1108 3019 ἵνα
1147 2960 1297 3037 αὑτῷ
1345 2965 1596 3037 καρποὺς
1647 2965 1876 3040 κομίσῃ.

1986 621 2154 675 rum?
2184 619 2570 697 Eleemosynis
2623 636 2680 682 et
2710 627 2818 685 ﬁde
2844 643 3154 703 purgantur
3183 645 3435 707 peccata.
3470 640 3574 697 De-

1985 725 2112 769 mus
2163 712 2336 785 igitur
2409 733 2636 790 operam
2695 730 2760 777 ut
2813 723 3198 786 misericordia
3255 741 3572 792 contractas

1983 801 2154 861 labes
2187 807 2466 867 eluamus.

2053 897 2114 953 S.
2145 898 2313 960 Clem.
2349 904 2507 960 Alex.
2542 907 2858 966 -—Poterat
2902 912 3128 984 quidem
3179 933 3436 977 summus
3479 921 3572 980 ille

1984 987 2197 1049 Parens
2229 993 2416 1054 facere
2450 1006 2510 1054 ut
2535 1016 2702 1059 nemo
2725 1019 2938 1076 pauper
2966 1017 3116 1065 esset
3143 1029 3158 1066 :
3187 1021 3242 1068 at
3273 1014 3318 1069 si
3339 1018 3571 1086 praecisa

1982 1093 2133 1140 esset
2184 1088 2498 1157 Opitulandi
2564 1092 2828 1162 facultas,
2891 1101 3087 1158 nullus
3136 1121 3286 1162 nunc
3334 1108 3569 1165 alterius

1980 1178 2300 1238 calamitate
2336 1190 2679 1257 tangeretur.
2734 1190 3008 1258 Quocirca
3054 1199 3257 1268 partim
3291 1198 3569 1258 amuimus

1982 1273 2205 1343 opibus,
2259 1277 2462 1347 partim
2497 1278 2811 1354 indigentes
2841 1300 3056 1355 sumus,
3103 1299 3162 1345 ut
3194 1289 3571 1351 beneﬁcentia:

1983 1367 2138 1424 locus
2176 1368 2272 1424 sit.

2053 1458 2221 1532 Ejud.
2276 1461 2408 1529 Quis
2440 1462 2586 1520 diues
2638 1469 2774 1522 salu.
2801 1498 2873 1510 --
2902 1469 3012 1527 Fac
3036 1482 3233 1530 contra
3267 1485 3434 1550 atque
3470 1480 3567 1536 alii

1982 1555 2218 1625 soleant,
2278 1560 2587 1615 exercitum
2631 1562 2729 1617 tibi
2771 1561 2890 1635 ipse
2919 1571 3244 1638 contrahas,
3295 1573 3564 1629 inermem

1982 1649 2231 1717 scilicet,
2291 1651 2594 1721 imbellem,
2650 1656 3027 1730 incruentum,
3086 1664 3156 1718 ab
3192 1664 3276 1722 ira
3307 1666 3568 1734 alienum,

1979 1752 2262 1813 expertem
2327 1747 2621 1816 sordium;
2691 1766 2858 1809 senes
2921 1754 3067 1824 pios,
3127 1759 3412 1830 orphanos
3472 1761 3571 1818 Dei

1983 1844 2259 1903 amantes,
2317 1838 2515 1896 viduas
2544 1841 2790 1901 lenitatis
2823 1849 2997 1903 armis
3048 1851 3380 1920 instructas,
3418 1854 3570 1912 viros

1985 1931 2256 1988 charitate
2294 1932 2616 1993 adornatos.
2679 1937 2816 2005 Hos,
2857 1940 3113 2013 inquam,
3174 1946 3376 2017 opibus
3431 1950 3544 2007 tuis

1987 2033 2103 2080 tum
2169 2028 2447 2100 corporis,
2477 2037 2590 2086 tum
2627 2034 2794 2088 animi
2836 2037 3104 2096 satellites
3152 2043 3398 2114 acquire,
3428 2058 3569 2115 quo-

1983 2129 2108 2169 rum
2141 2113 2252 2170 dux
2283 2124 2338 2172 et
2377 2117 2682 2192 imperator
2721 2121 2867 2182 Deus
2902 2136 3010 2183 est.

2045 2228 2245 2300 Ejusd.
2303 2231 2398 2289 lib.
2462 2251 2519 2292 tv
2575 2225 2936 2297 Slromath-L-
2977 2242 3371 2308 Misericordes
3436 2268 3566 2311 esse

1980 2321 2126 2380 Deus
2160 2324 2307 2393 'vult,
2340 2342 2452 2383 non
2486 2344 2594 2395 eos
2623 2340 2842 2389 tantum
2888 2337 2983 2408 qui
3017 2340 3416 2400 misericordiae
3448 2364 3570 2402 mu-

1981 2414 2209 2472 neribus
2270 2415 2604 2490 fungantur,
2641 2423 2739 2482 sed
2793 2442 2889 2483 eos
2941 2431 3108 2486 etiam
3157 2432 3252 2502 qui
3293 2434 3437 2492 bene
3499 2438 3569 2496 de

1981 2506 2104 2564 aliis
2165 2511 2369 2567 mereri
2433 2515 2713 2583 studeant,
2767 2521 2986 2577 tametsi
3045 2522 3102 2578 id
3151 2535 3418 2595 praestare
3469 2545 3570 2587 ne-

1978 2610 2216 2672 queant;
2247 2605 2338 2676 qui
2363 2608 2583 2676 saltem,
2612 2619 2878 2682 quantum
2902 2614 2970 2670 ad
2993 2616 3366 2677 inductionem
3397 2623 3568 2680 animi

1977 2695 2197 2764 attinet,
2235 2700 2415 2770 ipsum
2457 2717 2600 2774 opus
2631 2716 3027 2778 exsequantur.
3072 2711 3337 2783 Ejusdem
3372 2715 3566 2790 itaque

1979 2790 2207 2848 honoris
2262 2793 2362 2865 qui
2397 2795 2675 2852 voluerint
2722 2802 3025 2874 participes
3076 2815 3263 2872 erunt,
3298 2823 3406 2880 quo
3471 2812 3568 2884 qui

1977 2884 2299 2954 potuerint;
2336 2886 2438 2954 illi,
2471 2888 2722 2960 inquam,
2757 2908 2995 2963 quorum
3030 2911 3132 2968 par
3163 2901 3422 2959 voluntas
3445 2902 3572 2960 fue-

1978 2976 2071 3044 rit,
2105 2978 2208 3034 etsi
2244 2978 2448 3050 opibus
2474 2979 2568 3036 alii
2620 2983 2940 3055 superiores
2973 2997 3126 3044 sunt.
3153 2990 3568 3068 --Eleemosy-

293 3049 443 3107 οὕτω
463 3052 545 3114 δεῖ
568 3054 814 3126 σπείρειν
839 3056 941 3126 τὴν
979 3055 1233 3110 εὐποιΐαν
1259 3055 1339 3120 είς
1368 3057 1571 3130 χήρας,
1602 3057 1685 3122 είς
1707 3059 1878 3129 ὀρφα-

1978 3083 2079 3125 nas
2138 3069 2358 3141 quidem
2409 3070 2693 3130 faciendas
2731 3092 2857 3134 esse
2909 3077 3200 3152 Scriptura
3232 3084 3417 3152 docet,
3466 3087 3568 3145 sed

294 3147 441 3212 νοὸς,
497 3149 578 3215 εἰς
629 3147 757 3212 τοὺς
808 3149 1234 3221 ἀπεριστάτους,
1273 3149 1363 3205 ῖνα
1413 3149 1513 3222 τῆς
1557 3151 1654 3208 ἀπ’
1692 3152 1878 3220 αὐτῶν

1978 3175 2104 3218 cum
2148 3162 2378 3230 judicio,
2413 3171 2579 3236 atque
2617 3166 2686 3222 iis
2718 3168 2814 3239 qui
2847 3169 3001 3242 digni
3024 3172 3247 3230 fuerint.
3281 3174 3347 3231 Et
3373 3195 3569 3249 quem-

294 3237 604 3330 εὐκαρπίας
633 3237 724 3293 διὰ
755 3237 867 3294 τῶν
897 3239 1071 3311 εὐχῶν
1103 3241 1409 3323 ἐπιτύχῃς..

1990 3253 2285 3310 admodum
2342 3256 2589 3328 agricola
2639 3273 2753 3315 non
2784 3275 3005 3320 omnem
3028 3268 3350 3337 promiscue
3374 3286 3568 3342 agrum

292 3319 489 3399 serit,~
517 3331 615 3404 sed
667 3332 872 3388 bonum
919 3344 974 3389 et
1012 3333 1271 3403 feracem,
1314 3342 1376 3391 ut
1402 3319 1493 3393 ἐκ
1532 3351 1600 3394 eo
1653 3336 1871 3397 fructus
1903 3344 2176 3416 percipiat
2203 3363 2220 3400 :
2247 3344 2441 3401 eodem
2505 3347 2670 3404 modo
2725 3319 3048 3409 serendum.
3089 3319 3438 3414 beneficium”
3483 3371 3572 3419 est

291 3426 353 3482 in
383 3423 604 3504 viduas,
635 3425 690 3480 in
729 3426 990 3498 pupillos,
1019 3427 1076 3482 in
1117 3429 1511 3499 calamitdsos;
1549 3439 1610 3486 ut
1631 3448 1731 3504 per
1757 3449 1949 3492 eorum
1976 3438 2262 3494 orationes
2299 3439 2544 3497 fructum
2595 3441 2822 3501 uberem
2865 3461 2934 3504 ex
2969 3446 3107 3519 ipsis
3138 3465 3566 3526 consequamur.

379 3541 470 3598 Ἐν
498 3537 543 3614 ᾧ
571 3543 637 3606 ἄν
665 3560 750 3610 τις
782 3543 1005 3600 δύναται
1044 3546 1285 3600 εὖποιεῖν
1308 3545 1387 3619 τῷ
1415 3548 1666 3621 πλησίον,
1698 3550 1767 3624 ἢν
1797 3552 1875 3628 μὴ

294 3638 449 3710 ποιῇ,
486 3636 772 3713 ἀλλότριος
803 3639 903 3711 τῆς
952 3639 1177 3713 ἀγάπης
1226 3640 1322 3695 τοῦ
1360 3641 1572 3717 Κυρίου
1616 3644 1880 3717 νομισθή-

295 3747 480 3788 σεται.
1981 3750 2225 3810 praestet,
2261 3741 2477 3799 alienus
2508 3758 2538 3797 a
2567 3743 2661 3800 Dei
2685 3745 2981 3805 dilectione
3008 3752 3348 3810 censebitur.

365 3823 474 3878 Τοῦ
523 3823 696 3882 ἐλεεῖν
743 3826 838 3880 καὶ
881 3826 1213 3899 εὐεργετεῖν,
1251 3827 1378 3883 οὔτε
1434 3828 1873 3905 προτιμώτερον,

2053 3831 2113 3889 S.
2169 3833 2397 3905 Dionys.
2434 3835 2585 3890 Alex.
2615 3867 2689 3879 --
2710 3837 2858 3896 Nihil
2884 3846 3240 3913 praestantius
3292 3857 3401 3915 est,
3427 3850 3569 3907 nihil

292 3917 420 3972 οὔτε
477 3918 990 3991 φιλανθρωπότερόν
1024 3920 1174 3976 ἐστιν
1211 3922 1345 3995 ἡμῖν
1394 3940 1448 3978 τι
1506 3924 1714 3996 ἕτερον,
1748 3925 1874 3981 ἐπεὶ

1990 3925 2301 3995 immanius,
2336 3943 2500 3999 quam
2536 3930 2789 3988 misereri
2818 3940 2873 3988 et
2907 3934 3236 3994 benefacere
3269 3957 3283 3994 :
3314 3945 3570 4012 quando-

296 4011 436 4084 μηδὲ
461 4010 538 4082 τῷ
567 4011 708 4085 Θεῷ.

1990 4019 2196 4091 [uidem
2229 4035 2330 4075 nec
2357 4021 2661 4094 quidquam
2700 4022 2808 4081 Deo
2826 4039 2889 4081 ea
2928 4042 2989 4084 re
3026 4031 3208 4101 potius
3243 4010 3350 4089 est.

365 4105 655 4178 Μακάριόν
712 4107 861 4164 ἐστιν
890 4106 1130 4180 ἀληθῶς,
1177 4108 1260 4174 είς
1305 4110 1487 4166 πάντα
1529 4112 1745 4186 πτωχὸν
1780 4113 1876 4170 καὶ

2039 4111 2201 4185 481
2234 4112 2476 4184 Didymi.
2507 4145 2578 4158 --
2599 4116 2824 4174 Beatum
2863 4134 2999 4178 sane
3026 4133 3112 4179 est
3139 4140 3308 4198 super
3341 4142 3566 4188 omnem

293 4198 505 4272 πένητα
532 4199 794 4265 συνιέναι,
827 4202 916 4255 ἵνα
948 4219 1033 4267 τις
1062 4202 1206 4259 κατὰ
1254 4203 1473 4261 σύνεσιν
1509 4205 1579 4261 τὰ
1613 4209 1715 4279 τῆς
1759 4225 1875 4264 κοι-

1990 4221 2202 4288 tgenum
2229 4213 2285 4263 et
2314 4223 2611 4278 pauperem
2640 4211 2952 4285 intelligere
2972 4253 2988 4280 ,
3018 4231 3130 4286 quo
3162 4218 3290 4288 quis
3317 4221 3567 4291 pruden-

291 4293 494 4359 νωνίας
524 4294 728 4366 πτωχῷ
758 4297 856 4352 καὶ
896 4297 1092 4370 πένητι
1137 4296 1460 4371 ποιήσηται,
1514 4299 1738 4371 μείζονα
1779 4303 1878 4359 καί⁵

1990 4317 2056 4362 ,er
2091 4315 2265 4373 egeno
2294 4309 2351 4358 et
2391 4303 2605 4375 pupillo
2644 4305 2883 4374 tribuat,
2935 4309 3149 4380 majore
3201 4312 3460 4371 videlicet
3512 4326 3570 4373 et

294 4387 717 4460 σπουδαιότερον
758 4389 862 4461 τὴν
912 4390 1234 4461 ἐπιμέλειαν
1268 4391 1598 4465 ποιούμενος
1634 4395 1715 4460 είς
1743 4396 1874 4461 τοὺς

1990 4393 2311 4471 lillgentiori
2345 4409 2484 4452 cura
2525 4396 2635 4454 illis
2677 4401 3026 4470 prospiciens
3087 4403 3182 4475 qui
3216 4405 3437 4465 virtutis
3472 4421 3571 4466 aut

2056 3554 2118 3610 S.
2153 3552 2373 3624 lunari,
2408 3571 2475 3612 ea:
2533 3556 2780 3628 Epistula
2806 3561 2880 3616 ad
2915 3559 3053 3621 Vict.
3075 3595 3142 3610 -—
3169 3566 3232 3622 In
3264 3584 3378 3641 quo
3407 3573 3569 3642 quis-

1983 3649 2128 3718 piam
2184 3649 2326 3705 bene
2383 3649 2452 3706 de
2475 3654 2733 3721 proximo
2785 3656 3042 3713 misereri
3086 3667 3294 3734 potest,
3359 3663 3470 3720 nisi
3512 3666 3569 3724 id

291 4479 363 4536 δι’
413 4479 618 4552 ἀρετὴν
660 4479 693 4553 ἦ
734 4480 1049 4542 θεοσέϐειαν
1081 4484 1509 4556 πτωχεύσαντας
1557 4487 1592 4560 ἢ
1639 4488 1876 4561 πενομέ-

1990 4487 2271 4561 religionis
2306 4503 2476 4545 causa
2503 4489 2559 4545 in
2594 4502 2985 4562 paupertatem
3018 4498 3380 4567 penuriamve
3429 4501 3568 4559 inci-

292 4589 423 4637 νους
440 4588 455 4606 ο
487 4573 665 4640 ἄλλως
684 4574 765 4639 είς
787 4575 913 4640 τοὺς
943 4577 1008 4633 ἐκ
1031 4576 1202 4632 νόσων
1224 4577 1260 4650 ἢ
1286 4580 1712 4651 συμπτωμάτων
1738 4582 1878 4636 ἀπο-

297 4665 551 4739 ροῦντας,
571 4666 726 4741 παρά
751 4667 879 4735 τοὺς
905 4668 971 4728 lx
995 4669 1380 4742 κακοπραγίας
1402 4671 1435 4744 ἢ
1465 4673 1704 4740 ἀσωτίας
1733 4691 1880 4730 πτω-

293 4777 622 4833 χευσαν-τας.

370 4852 530 4919 Ξένος
564 4853 663 4908 καὶ
699 4853 868 4927 πένης
911 4854 1047 4912 Θεοῦ
1093 4856 1416 4931 κωλλύριον.
1459 4857 1518 4913 Ὀ
1577 4859 1878 4933 δεξάμενος

295 4945 519 5015 αὐτοὺς,
551 4949 710 5020 ταχέ’.
743 4969 768 5012 ς
817 4948 1134 5021 ἀναϐλέψει.
1164 4983 1233 4993 --
1270 4952 1404 5007 Λεία
1433 4954 1551 5019 ὁδὸς
1583 4955 1688 5009 (me
1717 4957 1877 5028 ἐλεη-

301 5043 547 5112 μοσύνης
568 5041 805 5107 γίνεται.

367 5212 494 5279 Ὸῖδε
522 5223 824 5296 τρέφεσθαι
851 5228 878 5281 ὁ
904 5228 1181 5301 Δεσπότης
1208 5229 1316 5284 τῶν
1357 5220 1494 5285 ὅλων
1525 5224 1614 5288 διὰ
1647 5223 1876 5302 μεταδόὲ

299 5335 444 5384 σεως
469 5319 571 5391 τῆς
600 5320 738 5390 πρὸς
758 5321 884 5384 τοὺς
913 5322 1673 5398 εὑποιουμένους.-”Ηνπερ
1703 5330 1876 5392 ποιεῖς

299 5411 623 5482 εὐεργεσίαν
649 5414 1027 5487 ὲλεημοσύνης
1056 5417 1136 5481 είς
1177 5416 1384 5482 πάντας
1407 5419 1534 5483 τοὺς
1565 5419 1872 5490 δεομένους,

297 5504 328 5558 ό
355 5503 594 5575 Χριστὸς
623 5507 1021 5578 σφετερίζεται.
1052 5509 1393 5565 Πεπείνακα
1419 5511 1548 5582 γὰρ,
1581 5513 1738 5584 φησὶ,
1773 5515 1874 5569 καὶ

296 5595 599 5652 δεδώκατέ
618 5614 722 5669 μοι
771 5599 1018 5670 sparsis"
1049 5600 1339 5672 ἐδίψησα,
1375 5602 1477 5658 καὶ
1516 5604 1876 5663 «exornate

291 5705 395 5761 με.

374 5783 616 5841 Πλούτου
643 5786 707 5841 τὸ
739 5785 940 5852 κάλλος
977 5787 1080 5844 οὐκ
1112 5789 1170 5846 ἐν
1197 5787 1525 5873 βαλαντίοις,
1567 5791 1685 5849 ἀλλ’
1721 5793 1780 5852 ἐν
1805 5794 1872 5871 τῇ

296 5896 412 5942 των
447 5881 765 5956 χρηιζόντων
799 5884 1111 5963 ἐπικουρίᾳ.

1983 4579 2221 4645 derunt,
2259 4588 2354 4635 aut
2386 4580 2550 4635 etiam
2583 4581 2641 4635 in
2692 4597 2788 4640 eos
2844 4600 2988 4656 quos
3048 4587 3224 4645 morbi
3271 4589 3359 4645 vel
3402 4606 3568 4650 casus

1983 4673 2155 4744 aliqui
2199 4673 2253 4729 in
2286 4683 2588 4745 egestatem
2624 4674 3018 4746 coniecerunt,
3056 4695 3221 4752 quam
3253 4683 3310 4736 in
3342 4698 3442 4740 eos
3473 4687 3566 4757 qui

1982 4766 2055 4822 ob
2091 4766 2297 4837 ﬂagitia
2323 4768 2410 4823 vel
2446 4766 2711 4838 profusos
2740 4779 2996 4842 sumptus
3023 4775 3181 4845 egeni
3213 4772 3343 4833 facti
3374 4787 3528 4834 sunt.

2053 4858 2293 4932 Evagrii.
2312 4890 2384 4903 -—
2404 4859 2614 4932 Hospes
2643 4871 2698 4917 et
2728 4879 2936 4934 egenus
2967 4866 3259 4938 collyrium
3287 4866 3382 4925 Dei
3413 4878 3563 4928 sunt.

1983 4949 2086 5018 Qui
2118 4966 2214 5006 eos
2250 4953 2530 5024 exceperit
2553 4994 2567 5017 ,
2597 4955 2890 5010 oculorum
2928 4958 3225 5015 confestim
3267 4977 3430 5018 usum
3481 4979 3565 5018 re-

1981 5045 2295 5116 cuperabit.
2327 5077 2401 5088 —-
2423 5044 2652 5103 Planam
2683 5055 2738 5104 et
2772 5046 2991 5105 facilem
3027 5050 3173 5107 viam
3208 5056 3387 5109 munit
3417 5054 3564 5112 elec-

1983 5156 2236 5214 nmsyna.

1995 5240 2002 5247 '
2054 5232 2116 5290 S.
2155 5231 2606 5290 Nili.-—Herum
2641 5234 2887 5291 omnium
2924 5234 3191 5295 Dominus
3225 5238 3299 5294 ita
3340 5238 3559 5296 demum

1984 5339 2013 5380 a
2045 5334 2099 5382 te
2129 5326 2318 5393 alitur,
2345 5342 2471 5384 cum
2502 5327 2715 5400 aliquid
2750 5327 2806 5383 in
2841 5344 3112 5400 pauperes
3143 5328 3365 5387 confers
3395 5331 3558 5388 bene-

1984 5419 2118 5475 ﬁcii.
2140 5420 2505 5494 —Quidquid
2538 5420 2791 5478 beneﬁcii
2823 5429 2878 5478 et
2907 5423 3275 5496 eleemosynz
3301 5426 3560 5496 pauperi-

1981 5510 2086 5567 bus
2136 5513 2425 5585 impertis,
2461 5512 2516 5570 id
2569 5513 2831 5572 Christus
2877 5514 2982 5571 sibi
3037 5515 3301 5574 vindicat.
3347 5515 3561 5575 Esuritu'

1981 5607 2130 5662 enim
2160 5645 2176 5670 ,
2216 5606 2429 5677 inquit,
2467 5616 2516 5662 et
2551 5606 2774 5664 dedistis
2808 5609 2940 5664 mihi
2972 5610 3296 5666 manducare
3331 5627 3353 5667 :
3379 5611 3558 5679 sitiui,

1977 5709 2031 5756 et
2066 5698 2290 5755 dedistis
2324 5701 2454 5757 mihi
2485 5701 2659 5758 bibere
2690 5700 2930 5773 (Matth.
2970 5720 3104 5770 xxv,
3140 5704 3210 5762 35
3234 5704 3276 5775 ).

2058 5789 2331 5849 Philonis.
2374 5820 2447 5836 ι·-
2503 5794 2828 5851 Divitiarum
2885 5795 3278 5868 pulchritudo,
3339 5811 3448 5853 non
3503 5797 3560 5854 in

1983 5883 2304 5953 crumenis.
2351 5883 2449 5943 sed
2497 5885 2552 5948 in
2580 5885 2919 5946 sublevanda
2965 5902 3271 5962 pauperum
3318 5898 3563 5962 egestate

1985 5975 2090 6035 sita
2125 5986 2232 6037 est.
