  <div class='ocr_page' id='page_1' title='image "/cluster/home/n/w/nwhite01/storage/ocr_20150623/95/mdp.39015004289776/750.png"; bbox 0 0 4014 6302; ppageno 0'>
   <div class='ocr_carea' id='block_1_1' title="bbox 293 338 433 409">
    <p class='ocr_par' dir='ltr' id='par_1_1' title="bbox 293 338 433 409">
     <span class='ocr_line' id='line_1_1' title="bbox 293 338 433 409; baseline -0.007 0"><span class='ocrx_word' id='word_1_1' title='bbox 293 338 433 409; x_wconf 72' lang='grc'><strong>1477</strong></span> 
     </span>
    </p>
   </div>
   <div class='ocr_carea' id='block_1_2' title="bbox 1553 325 2289 406">
    <p class='ocr_par' dir='ltr' id='par_1_2' title="bbox 1553 325 2289 406">
     <span class='ocr_line' id='line_1_2' title="bbox 1553 325 2289 406; baseline -0.007 -1"><span class='ocrx_word' id='word_1_2' title='bbox 1553 343 1792 406; x_wconf 63' lang='lat' dir='ltr'><strong>saeua</strong></span> <span class='ocrx_word' id='word_1_3' title='bbox 1823 325 2289 404; x_wconf 64' lang='lat' dir='ltr'><strong>multum.</strong></span> 
     </span>
    </p>
   </div>
   <div class='ocr_carea' id='block_1_3' title="bbox 3421 327 3570 410">
    <p class='ocr_par' dir='ltr' id='par_1_3' title="bbox 3421 327 3570 410">
     <span class='ocr_line' id='line_1_3' title="bbox 3421 327 3570 410; baseline 0.013 -11"><span class='ocrx_word' id='word_1_4' title='bbox 3421 327 3570 410; x_wconf 65' lang='grc'><strong>’1478</strong></span> 
     </span>
    </p>
   </div>
   <div class='ocr_carea' id='block_1_4' title="bbox 290 438 1862 530">
    <p class='ocr_par' dir='ltr' id='par_1_4' title="bbox 290 438 1862 530">
     <span class='ocr_line' id='line_1_4' title="bbox 290 438 1862 530; baseline -0.005 -14"><span class='ocrx_word' id='word_1_5' title='bbox 290 462 371 526; x_wconf 79' lang='grc' dir='ltr'><strong>εις</strong></span> <span class='ocrx_word' id='word_1_6' title='bbox 405 454 733 529; x_wconf 71' lang='grc' dir='ltr'><strong>συνάντησίν</strong></span> <span class='ocrx_word' id='word_1_7' title='bbox 765 475 860 513; x_wconf 85' lang='grc' dir='ltr'><strong>σου</strong></span> <span class='ocrx_word' id='word_1_8' title='bbox 883 474 900 527; x_wconf 85' lang='grc'>;</span> <span class='ocrx_word' id='word_1_9' title='bbox 924 457 1038 512; x_wconf 72' lang='grc' dir='ltr'><strong>Καὶ</strong></span> <span class='ocrx_word' id='word_1_10' title='bbox 1056 438 1156 512; x_wconf 84' lang='grc' dir='ltr'><strong>νῦν</strong></span> <span class='ocrx_word' id='word_1_11' title='bbox 1170 439 1366 521; x_wconf 72' lang='grc' dir='ltr'><strong>ἔλαϐες</strong></span> <span class='ocrx_word' id='word_1_12' title='bbox 1395 455 1456 511; x_wconf 80' lang='grc' dir='ltr'><strong>τὺ</strong></span> <span class='ocrx_word' id='word_1_13' title='bbox 1479 448 1742 530; x_wconf 78' lang='grc' dir='ltr'><strong>ἀργύριον</strong></span> <span class='ocrx_word' id='word_1_14' title='bbox 1768 453 1862 509; x_wconf 65' lang='grc' dir='ltr'><strong>καὶ</strong></span> 
     </span>
    </p>
   </div>
   <div class='ocr_carea' id='block_1_5' title="bbox 1976 438 3560 530">
    <p class='ocr_par' dir='ltr' id='par_1_5' title="bbox 1976 447 3560 519">
     <span class='ocr_line' id='line_1_5' title="bbox 1976 447 3560 519; baseline -0.002 -10"><span class='ocrx_word' id='word_1_15' title='bbox 1976 466 2138 509; x_wconf 83' lang='lat' dir='ltr'><strong>curru</strong></span> <span class='ocrx_word' id='word_1_16' title='bbox 2171 467 2274 509; x_wconf 77' lang='lat' dir='ltr'><strong>suo</strong></span> <span class='ocrx_word' id='word_1_17' title='bbox 2305 451 2372 513; x_wconf 88' lang='lat' dir='ltr'><strong>in</strong></span> <span class='ocrx_word' id='word_1_18' title='bbox 2407 461 2709 508; x_wconf 84' lang='lat' dir='ltr'><strong>occursum</strong></span> <span class='ocrx_word' id='word_1_19' title='bbox 2749 457 2906 505; x_wconf 83' lang='lat' dir='ltr'><strong>tuum</strong></span> <span class='ocrx_word' id='word_1_20' title='bbox 2936 447 2962 504; x_wconf 69' lang='grc' dir='ltr'><em>ἳ</em></span> <span class='ocrx_word' id='word_1_21' title='bbox 2998 455 3055 506; x_wconf 85' lang='lat' dir='ltr'><strong>et</strong></span> <span class='ocrx_word' id='word_1_22' title='bbox 3094 460 3249 504; x_wconf 75' lang='lat' dir='ltr'><strong>nunc</strong></span> <span class='ocrx_word' id='word_1_23' title='bbox 3291 447 3560 519; x_wconf 73' lang='lat' dir='ltr'><strong>accepisti</strong></span> 
     </span>
    </p>
   </div>
   <div class='ocr_carea' id='block_1_6' title="bbox 287 548 1868 630">
    <p class='ocr_par' dir='ltr' id='par_1_6' title="bbox 287 548 1868 630">
     <span class='ocr_line' id='line_1_6' title="bbox 287 548 1868 630; baseline -0.004 -21"><span class='ocrx_word' id='word_1_24' title='bbox 287 554 357 609; x_wconf 73' lang='grc' dir='ltr'><strong>τὰ</strong></span> <span class='ocrx_word' id='word_1_25' title='bbox 393 552 606 625; x_wconf 78' lang='grc' dir='ltr'><strong>ἱμάτια,</strong></span> <span class='ocrx_word' id='word_1_26' title='bbox 636 553 732 608; x_wconf 75' lang='grc' dir='ltr'><strong>καὶ</strong></span> <span class='ocrx_word' id='word_1_27' title='bbox 758 551 859 608; x_wconf 85' lang='grc' dir='ltr'><strong>νῦν</strong></span> <span class='ocrx_word' id='word_1_28' title='bbox 884 550 1036 630; x_wconf 76' lang='grc' dir='ltr'><strong>λήψῃ</strong></span> <span class='ocrx_word' id='word_1_29' title='bbox 1069 549 1252 623; x_wconf 80' lang='grc' dir='ltr'><strong>ἑαυτῷ</strong></span> <span class='ocrx_word' id='word_1_30' title='bbox 1283 550 1514 623; x_wconf 85' lang='grc' dir='ltr'><strong>κήπους,</strong></span> <span class='ocrx_word' id='word_1_31' title='bbox 1547 550 1640 604; x_wconf 71' lang='grc' dir='ltr'><strong>καὶ</strong></span> <span class='ocrx_word' id='word_1_32' title='bbox 1673 548 1868 603; x_wconf 66' lang='grc' dir='ltr'><strong>ἐλαιῶ-</strong></span> 
     </span>
    </p>
   </div>
   <div class='ocr_carea' id='block_1_7' title="bbox 288 641 1868 720">
    <p class='ocr_par' dir='ltr' id='par_1_7' title="bbox 288 641 1868 720">
     <span class='ocr_line' id='line_1_7' title="bbox 288 641 1868 720; baseline -0.002 -20"><span class='ocrx_word' id='word_1_33' title='bbox 288 662 404 711; x_wconf 87' lang='grc' dir='ltr'><strong>νας,</strong></span> <span class='ocrx_word' id='word_1_34' title='bbox 429 647 530 701; x_wconf 67' lang='grc' dir='ltr'><strong>καὶ</strong></span> <span class='ocrx_word' id='word_1_35' title='bbox 565 644 921 720; x_wconf 79' lang='grc' dir='ltr'><strong>ἀμπελῶνας,</strong></span> <span class='ocrx_word' id='word_1_36' title='bbox 948 645 1051 701; x_wconf 75' lang='grc' dir='ltr'><strong>καὶ</strong></span> <span class='ocrx_word' id='word_1_37' title='bbox 1078 643 1358 717; x_wconf 76' lang='grc' dir='ltr'><strong>πρόϐατα,</strong></span> <span class='ocrx_word' id='word_1_38' title='bbox 1391 643 1487 697; x_wconf 71' lang='grc' dir='ltr'><strong>καὶ</strong></span> <span class='ocrx_word' id='word_1_39' title='bbox 1521 641 1739 706; x_wconf 74' lang='grc' dir='ltr'><strong>παῖδας,</strong></span> <span class='ocrx_word' id='word_1_40' title='bbox 1772 643 1868 697; x_wconf 67' lang='grc' dir='ltr'><strong>καλ⁸</strong></span> 
     </span>
    </p>
   </div>
   <div class='ocr_carea' id='block_1_8' title="bbox 288 735 1864 812">
    <p class='ocr_par' dir='ltr' id='par_1_8' title="bbox 288 735 1864 812">
     <span class='ocr_line' id='line_1_8' title="bbox 288 735 1864 812; baseline -0.003 -19"><span class='ocrx_word' id='word_1_41' title='bbox 288 739 601 806; x_wconf 76' lang='grc' dir='ltr'><strong>παιδίσκας.</strong></span> <span class='ocrx_word' id='word_1_42' title='bbox 636 739 747 794; x_wconf 72' lang='grc' dir='ltr'><strong>Καὶ</strong></span> <span class='ocrx_word' id='word_1_43' title='bbox 786 740 822 811; x_wconf 87' lang='grc' dir='ltr'><strong>ή</strong></span> <span class='ocrx_word' id='word_1_44' title='bbox 859 738 1039 812; x_wconf 86' lang='grc' dir='ltr'><strong>λέπρα</strong></span> <span class='ocrx_word' id='word_1_45' title='bbox 1077 735 1298 807; x_wconf 78' lang='grc' dir='ltr'><strong>Νεεμάν</strong></span> <span class='ocrx_word' id='word_1_46' title='bbox 1324 735 1720 809; x_wconf 71' lang='grc' dir='ltr'><strong>κολληθήσεται</strong></span> <span class='ocrx_word' id='word_1_47' title='bbox 1754 751 1864 803; x_wconf 87' lang='grc' dir='ltr'><strong>σοι,</strong></span> 
     </span>
    </p>
   </div>
   <div class='ocr_carea' id='block_1_9' title="bbox 289 829 1497 904">
    <p class='ocr_par' dir='ltr' id='par_1_9' title="bbox 289 829 1497 904">
     <span class='ocr_line' id='line_1_9' title="bbox 289 829 1497 904; baseline -0.003 -17"><span class='ocrx_word' id='word_1_48' title='bbox 289 833 384 887; x_wconf 76' lang='grc' dir='ltr'><strong>καὶ</strong></span> <span class='ocrx_word' id='word_1_49' title='bbox 403 831 485 897; x_wconf 80' lang='grc' dir='ltr'><strong>τῷ</strong></span> <span class='ocrx_word' id='word_1_50' title='bbox 515 831 793 904; x_wconf 78' lang='grc' dir='ltr'><strong>σπέρματί</strong></span> <span class='ocrx_word' id='word_1_51' title='bbox 822 849 915 886; x_wconf 87' lang='grc' dir='ltr'><strong>σου</strong></span> <span class='ocrx_word' id='word_1_52' title='bbox 947 833 1028 896; x_wconf 83' lang='grc' dir='ltr'><strong>είς</strong></span> <span class='ocrx_word' id='word_1_53' title='bbox 1055 831 1182 895; x_wconf 80' lang='grc' dir='ltr'><strong>τοὺς</strong></span> <span class='ocrx_word' id='word_1_54' title='bbox 1215 829 1441 892; x_wconf 80' lang='grc' dir='ltr'><strong>αίῶνας.</strong></span> <span class='ocrx_word' id='word_1_55' title='bbox 1478 848 1497 882; x_wconf 83' lang='lat' dir='ltr'><strong>t</strong></span> 
     </span>
    </p>
   </div>
   <div class='ocr_carea' id='block_1_10' title="bbox 363 921 1868 998">
    <p class='ocr_par' dir='ltr' id='par_1_10' title="bbox 363 921 1868 998">
     <span class='ocr_line' id='line_1_10' title="bbox 363 921 1868 998; baseline -0.003 -19"><span class='ocrx_word' id='word_1_56' title='bbox 363 945 382 979; x_wconf 79' lang='grc' dir='ltr'><strong>ι</strong></span> <span class='ocrx_word' id='word_1_57' title='bbox 411 925 614 998; x_wconf 76' lang='grc' dir='ltr'><strong>Δώρων</strong></span> <span class='ocrx_word' id='word_1_58' title='bbox 639 927 668 979; x_wconf 85' lang='grc' dir='ltr'>ὁ</span> <span class='ocrx_word' id='word_1_59' title='bbox 695 924 1037 997; x_wconf 75' lang='grc' dir='ltr'><strong>φειδόμενος,</strong></span> <span class='ocrx_word' id='word_1_60' title='bbox 1058 923 1232 992; x_wconf 74' lang='grc' dir='ltr'><strong>θυμὸν</strong></span> <span class='ocrx_word' id='word_1_61' title='bbox 1254 923 1457 996; x_wconf 68' lang='grc' dir='ltr'><strong>ἐγείρει</strong></span> <span class='ocrx_word' id='word_1_62' title='bbox 1490 921 1729 994; x_wconf 78' lang='grc' dir='ltr'><strong>ἰσχυρόν.</strong></span> <span class='ocrx_word' id='word_1_63' title='bbox 1750 940 1770 975; x_wconf 72' lang='grc' dir='ltr'><strong><em>ο</em></strong></span> <span class='ocrx_word' id='word_1_64' title='bbox 1797 949 1868 962; x_wconf 90' lang='grc'><strong><em>-</em></strong></span> 
     </span>
    </p>
   </div>
   <div class='ocr_carea' id='block_1_11' title="bbox 290 1013 1866 1089">
    <p class='ocr_par' dir='ltr' id='par_1_11' title="bbox 290 1013 1866 1089">
     <span class='ocr_line' id='line_1_11' title="bbox 290 1013 1866 1089; baseline -0.003 -16"><span class='ocrx_word' id='word_1_65' title='bbox 290 1037 311 1073; x_wconf 78' lang='grc' dir='ltr'><strong>ι</strong></span> <span class='ocrx_word' id='word_1_66' title='bbox 350 1018 585 1082; x_wconf 77' lang='grc' dir='ltr'><strong>Πλοῦτος</strong></span> <span class='ocrx_word' id='word_1_67' title='bbox 615 1018 948 1089; x_wconf 86' lang='grc' dir='ltr'><strong>προστίθησι</strong></span> <span class='ocrx_word' id='word_1_68' title='bbox 982 1017 1177 1088; x_wconf 81' lang='grc' dir='ltr'><strong>φίλους</strong></span> <span class='ocrx_word' id='word_1_69' title='bbox 1205 1015 1460 1080; x_wconf 86' lang='grc' dir='ltr'><strong>πολλούς.</strong></span> <span class='ocrx_word' id='word_1_70' title='bbox 1493 1033 1511 1068; x_wconf 78' lang='lat' dir='ltr'><strong>t</strong></span> <span class='ocrx_word' id='word_1_71' title='bbox 1536 1047 1610 1057; x_wconf 91' lang='lat'><strong>——</strong></span> <span class='ocrx_word' id='word_1_72' title='bbox 1645 1035 1664 1068; x_wconf 78' lang='grc' dir='ltr'><strong>ι</strong></span> <span class='ocrx_word' id='word_1_73' title='bbox 1697 1013 1866 1069; x_wconf 86' lang='grc' dir='ltr'><strong>Πλού-</strong></span> 
     </span>
    </p>
   </div>
   <div class='ocr_carea' id='block_1_12' title="bbox 280 1106 1866 1185">
    <p class='ocr_par' dir='ltr' id='par_1_12' title="bbox 280 1106 1866 1185">
     <span class='ocr_line' id='line_1_12' title="bbox 280 1106 1866 1185; baseline -0.003 -21"><span class='ocrx_word' id='word_1_74' title='bbox 280 1128 392 1185; x_wconf 14' lang='grc' dir='ltr'><strong>νσιοι</strong></span> <span class='ocrx_word' id='word_1_75' title='bbox 417 1109 650 1182; x_wconf 77' lang='grc' dir='ltr'><strong>πτωχῶν</strong></span> <span class='ocrx_word' id='word_1_76' title='bbox 675 1108 926 1181; x_wconf 78' lang='grc' dir='ltr'><strong>ἄρξουσι.</strong></span> <span class='ocrx_word' id='word_1_77' title='bbox 950 1129 973 1163; x_wconf 73' lang='lat' dir='ltr'><strong>t</strong></span> <span class='ocrx_word' id='word_1_78' title='bbox 997 1140 1068 1153; x_wconf 87' lang='lat'><strong>-—-</strong></span> <span class='ocrx_word' id='word_1_79' title='bbox 1088 1109 1301 1179; x_wconf 62' lang='grc' dir='ltr'><strong>(Σοφὸς</strong></span> <span class='ocrx_word' id='word_1_80' title='bbox 1330 1108 1460 1180; x_wconf 88' lang='grc' dir='ltr'>παρ’</span> <span class='ocrx_word' id='word_1_81' title='bbox 1487 1106 1669 1180; x_wconf 69' lang='grc' dir='ltr'><strong>ἐαυτῷ</strong></span> <span class='ocrx_word' id='word_1_82' title='bbox 1698 1107 1866 1161; x_wconf 87' lang='grc' dir='ltr'><strong>πλού-</strong></span> 
     </span>
    </p>
   </div>
   <div class='ocr_carea' id='block_1_13' title="bbox 285 1200 1867 1276">
    <p class='ocr_par' dir='ltr' id='par_1_13' title="bbox 285 1200 1867 1276">
     <span class='ocr_line' id='line_1_13' title="bbox 285 1200 1867 1276; baseline -0.002 -18"><span class='ocrx_word' id='word_1_83' title='bbox 285 1221 422 1270; x_wconf 88' lang='grc' dir='ltr'><strong>σιος.</strong></span> <span class='ocrx_word' id='word_1_84' title='bbox 455 1222 475 1257; x_wconf 79' lang='lat' dir='ltr'><strong>t</strong></span> <span class='ocrx_word' id='word_1_85' title='bbox 516 1234 589 1247; x_wconf 78' lang='grc' dir='ltr'><strong>-ο</strong></span> <span class='ocrx_word' id='word_1_86' title='bbox 621 1223 640 1258; x_wconf 78' lang='grc' dir='ltr'><strong>ι</strong></span> <span class='ocrx_word' id='word_1_87' title='bbox 666 1203 952 1276; x_wconf 75' lang='grc' dir='ltr'><strong>’Υπαρξις</strong></span> <span class='ocrx_word' id='word_1_88' title='bbox 999 1201 1516 1274; x_wconf 78' lang='grc' dir='ltr'><strong>ὲπισπουδαζομένη</strong></span> <span class='ocrx_word' id='word_1_89' title='bbox 1563 1200 1702 1272; x_wconf 84' lang='grc' dir='ltr'><strong>μετά</strong></span> <span class='ocrx_word' id='word_1_90' title='bbox 1741 1202 1867 1256; x_wconf 80' lang='grc' dir='ltr'><strong>ἀνο-</strong></span> 
     </span>
    </p>
   </div>
   <div class='ocr_carea' id='block_1_14' title="bbox 288 1295 1867 1368">
    <p class='ocr_par' dir='ltr' id='par_1_14' title="bbox 288 1295 1867 1368">
     <span class='ocr_line' id='line_1_14' title="bbox 288 1295 1867 1368; baseline -0.001 -18"><span class='ocrx_word' id='word_1_91' title='bbox 288 1298 437 1366; x_wconf 84' lang='grc' dir='ltr'><strong>μίας,</strong></span> <span class='ocrx_word' id='word_1_92' title='bbox 471 1297 718 1352; x_wconf 74' lang='grc' dir='ltr'><strong>ἐλάσσων</strong></span> <span class='ocrx_word' id='word_1_93' title='bbox 755 1295 989 1366; x_wconf 85' lang='grc' dir='ltr'><strong>γίνεται.</strong></span> <span class='ocrx_word' id='word_1_94' title='bbox 1022 1315 1041 1348; x_wconf 71' lang='grc' dir='ltr'><strong>ι</strong></span> <span class='ocrx_word' id='word_1_95' title='bbox 1076 1328 1147 1339; x_wconf 87' lang='lat'><strong>-—-</strong></span> <span class='ocrx_word' id='word_1_96' title='bbox 1177 1316 1201 1349; x_wconf 70' lang='grc' dir='ltr'><strong>ι</strong></span> <span class='ocrx_word' id='word_1_97' title='bbox 1237 1297 1352 1350; x_wconf 82' lang='grc' dir='ltr'><strong>Οὐκ</strong></span> <span class='ocrx_word' id='word_1_98' title='bbox 1391 1296 1734 1368; x_wconf 80' lang='grc' dir='ltr'><strong>ὠφελήσουσι</strong></span> <span class='ocrx_word' id='word_1_99' title='bbox 1769 1295 1867 1367; x_wconf 88' lang='grc' dir='ltr'><strong>θη-</strong></span> 
     </span>
    </p>
   </div>
   <div class='ocr_carea' id='block_1_15' title="bbox 285 1387 1866 1462">
    <p class='ocr_par' dir='ltr' id='par_1_15' title="bbox 285 1387 1866 1462">
     <span class='ocr_line' id='line_1_15' title="bbox 285 1387 1866 1462; baseline -0.001 -18"><span class='ocrx_word' id='word_1_100' title='bbox 285 1389 479 1461; x_wconf 78' lang='grc' dir='ltr'><strong>σαυροὶ</strong></span> <span class='ocrx_word' id='word_1_101' title='bbox 507 1389 766 1462; x_wconf 82' lang='grc' dir='ltr'><strong>ἀνόμους.</strong></span> <span class='ocrx_word' id='word_1_102' title='bbox 793 1408 813 1441; x_wconf 73' lang='grc' dir='ltr'><strong>ι</strong></span> <span class='ocrx_word' id='word_1_103' title='bbox 838 1419 910 1428; x_wconf 92' lang='lat'><strong><em>—</em></strong></span> <span class='ocrx_word' id='word_1_104' title='bbox 938 1407 958 1441; x_wconf 80' lang='grc' dir='ltr'><strong>ι</strong></span> <span class='ocrx_word' id='word_1_105' title='bbox 991 1391 1090 1453; x_wconf 87' lang='grc' dir='ltr'><strong>Ὃς</strong></span> <span class='ocrx_word' id='word_1_106' title='bbox 1117 1387 1453 1460; x_wconf 74' lang='grc' dir='ltr'><strong>ἀποστρέψει</strong></span> <span class='ocrx_word' id='word_1_107' title='bbox 1473 1390 1536 1443; x_wconf 75' lang='grc' dir='ltr'><strong>τὸ</strong></span> <span class='ocrx_word' id='word_1_108' title='bbox 1571 1389 1866 1461; x_wconf 82' lang='grc' dir='ltr'><strong>πρόσωπον</strong></span> 
     </span>
    </p>
   </div>
   <div class='ocr_carea' id='block_1_16' title="bbox 283 1479 1866 1554">
    <p class='ocr_par' dir='ltr' id='par_1_16' title="bbox 283 1479 1866 1554">
     <span class='ocr_line' id='line_1_16' title="bbox 283 1479 1866 1554; baseline -0.004 -15"><span class='ocrx_word' id='word_1_109' title='bbox 283 1481 455 1539; x_wconf 76' lang='grc' dir='ltr'><strong>αὑτοῦ</strong></span> <span class='ocrx_word' id='word_1_110' title='bbox 502 1484 611 1538; x_wconf 81' lang='grc' dir='ltr'><strong>ἀπὸ</strong></span> <span class='ocrx_word' id='word_1_111' title='bbox 661 1481 920 1554; x_wconf 78' lang='grc' dir='ltr'><strong>πτωχοῦ,</strong></span> <span class='ocrx_word' id='word_1_112' title='bbox 969 1484 1026 1536; x_wconf 84' lang='grc' dir='ltr'><strong>ὲν</strong></span> <span class='ocrx_word' id='word_1_113' title='bbox 1061 1481 1231 1554; x_wconf 77' lang='grc' dir='ltr'><strong>πολλῇ</strong></span> <span class='ocrx_word' id='word_1_114' title='bbox 1283 1479 1493 1554; x_wconf 78' lang='grc' dir='ltr'>ἀπορίᾳ</span> <span class='ocrx_word' id='word_1_115' title='bbox 1540 1480 1717 1536; x_wconf 75' lang='grc' dir='ltr'><strong>ἔσται.</strong></span> <span class='ocrx_word' id='word_1_116' title='bbox 1753 1501 1866 1532; x_wconf 64' lang='lat' dir='ltr'><strong>r—</strong></span> 
     </span>
    </p>
   </div>
   <div class='ocr_carea' id='block_1_17' title="bbox 289 1574 1866 1647">
    <p class='ocr_par' dir='ltr' id='par_1_17' title="bbox 289 1574 1866 1647">
     <span class='ocr_line' id='line_1_17' title="bbox 289 1574 1866 1647; baseline -0.001 -17"><span class='ocrx_word' id='word_1_117' title='bbox 289 1596 309 1630; x_wconf 76' lang='grc' dir='ltr'><strong>ι</strong></span> <span class='ocrx_word' id='word_1_118' title='bbox 347 1576 616 1645; x_wconf 82' lang='grc' dir='ltr'><strong>Ἐξολλύει</strong></span> <span class='ocrx_word' id='word_1_119' title='bbox 650 1578 711 1630; x_wconf 77' lang='grc' dir='ltr'><strong>τὸ</strong></span> <span class='ocrx_word' id='word_1_120' title='bbox 741 1574 934 1630; x_wconf 76' lang='grc' dir='ltr'><strong>ἑαυτοῦ</strong></span> <span class='ocrx_word' id='word_1_121' title='bbox 969 1575 1132 1646; x_wconf 79' lang='grc' dir='ltr'><strong>σῶμα</strong></span> <span class='ocrx_word' id='word_1_122' title='bbox 1153 1577 1184 1629; x_wconf 82' lang='grc' dir='ltr'>ὁ</span> <span class='ocrx_word' id='word_1_123' title='bbox 1217 1574 1556 1647; x_wconf 85' lang='grc' dir='ltr'><strong>ἀνελεήμων.</strong></span> <span class='ocrx_word' id='word_1_124' title='bbox 1584 1592 1604 1626; x_wconf 77' lang='lat' dir='ltr'><strong>t</strong></span> <span class='ocrx_word' id='word_1_125' title='bbox 1634 1603 1705 1614; x_wconf 90' lang='lat'><strong>--</strong></span> <span class='ocrx_word' id='word_1_126' title='bbox 1733 1593 1754 1627; x_wconf 80' lang='grc' dir='ltr'><strong>ι</strong></span> <span class='ocrx_word' id='word_1_127' title='bbox 1783 1575 1866 1629; x_wconf 61' lang='lat' dir='ltr'><strong>Td</strong></span> 
     </span>
    </p>
   </div>
   <div class='ocr_carea' id='block_1_18' title="bbox 283 1667 1406 1742">
    <p class='ocr_par' dir='ltr' id='par_1_18' title="bbox 283 1667 1406 1742">
     <span class='ocr_line' id='line_1_18' title="bbox 283 1667 1406 1742; baseline -0.001 -19"><span class='ocrx_word' id='word_1_128' title='bbox 283 1669 574 1742; x_wconf 79' lang='grc' dir='ltr'><strong>σπλάγχνα</strong></span> <span class='ocrx_word' id='word_1_129' title='bbox 600 1670 709 1724; x_wconf 84' lang='grc' dir='ltr'><strong>τῶν</strong></span> <span class='ocrx_word' id='word_1_130' title='bbox 741 1669 957 1724; x_wconf 76' lang='grc' dir='ltr'><strong>ἀσεϐῶν</strong></span> <span class='ocrx_word' id='word_1_131' title='bbox 985 1667 1352 1740; x_wconf 81' lang='grc' dir='ltr'><strong>ἀνελεήμονα.</strong></span> <span class='ocrx_word' id='word_1_132' title='bbox 1385 1686 1406 1722; x_wconf 81' lang='lat' dir='ltr'><strong>t</strong></span> 
     </span>
    </p>
   </div>
   <div class='ocr_carea' id='block_1_19' title="bbox 358 1939 1866 2015">
    <p class='ocr_par' dir='ltr' id='par_1_19' title="bbox 358 1939 1866 2015">
     <span class='ocr_line' id='line_1_19' title="bbox 358 1939 1866 2015; baseline -0.001 -19"><span class='ocrx_word' id='word_1_133' title='bbox 358 1961 378 1996; x_wconf 82' lang='grc' dir='ltr'><strong>ι</strong></span> <span class='ocrx_word' id='word_1_134' title='bbox 425 1944 486 1999; x_wconf 89' lang='grc'><strong>⁸0</strong></span> <span class='ocrx_word' id='word_1_135' title='bbox 527 1941 767 2012; x_wconf 78' lang='grc' dir='ltr'>ἀγαπῶν</span> <span class='ocrx_word' id='word_1_136' title='bbox 811 1941 1099 2014; x_wconf 79' lang='grc' dir='ltr'><strong>ἀργύριον,</strong></span> <span class='ocrx_word' id='word_1_137' title='bbox 1151 1941 1212 1996; x_wconf 82' lang='grc' dir='ltr'><strong>ού</strong></span> <span class='ocrx_word' id='word_1_138' title='bbox 1267 1940 1643 2015; x_wconf 78' lang='grc' dir='ltr'><strong>πλησθήσεται</strong></span> <span class='ocrx_word' id='word_1_139' title='bbox 1690 1939 1866 2013; x_wconf 78' lang='grc' dir='ltr'><strong>ἀργυ-</strong></span> 
     </span>
    </p>
   </div>
   <div class='ocr_carea' id='block_1_20' title="bbox 323 2038 1642 2093">
    <p class='ocr_par' dir='ltr' id='par_1_20' title="bbox 323 2038 1642 2093">
     <span class='ocr_line' id='line_1_20' title="bbox 323 2038 1642 2093; baseline 0.002 -2"><span class='ocrx_word' id='word_1_140' title='bbox 323 2038 424 2093; x_wconf 87' lang='grc' dir='ltr'><strong>ίου.</strong></span> <span class='ocrx_word' id='word_1_141' title='bbox 459 2054 480 2090; x_wconf 75' lang='lat' dir='ltr'><strong>t</strong></span> <span class='ocrx_word' id='word_1_142' title='bbox 1638 2043 1642 2046; x_wconf 84' lang='grc'><em>’</em></span> 
     </span>
    </p>
   </div>
   <div class='ocr_carea' id='block_1_21' title="bbox 283 2056 1863 2201">
    <p class='ocr_par' dir='ltr' id='par_1_21' title="bbox 283 2056 1863 2201">
     <span class='ocr_line' id='line_1_21' title="bbox 283 2056 1863 2201; baseline 0.033 -26"><span class='ocrx_word' id='word_1_143' title='bbox 283 2056 524 2181; x_wconf 48' lang='grc' dir='ltr'><strong>ρῑῖυῖΐῦῦ</strong></span> <span class='ocrx_word' id='word_1_144' title='bbox 561 2125 832 2199; x_wconf 75' lang='grc' dir='ltr'><strong>ἀργυρίου</strong></span> <span class='ocrx_word' id='word_1_145' title='bbox 879 2126 1254 2182; x_wconf 79' lang='grc' dir='ltr'><strong>ὑπακούσεται</strong></span> <span class='ocrx_word' id='word_1_146' title='bbox 1285 2125 1354 2184; x_wconf 78' lang='grc' dir='ltr'><strong>τὰ</strong></span> <span class='ocrx_word' id='word_1_147' title='bbox 1381 2125 1704 2201; x_wconf 67' lang='grc' dir='ltr'><strong>σύμπαντα’</strong></span> <span class='ocrx_word' id='word_1_148' title='bbox 1745 2145 1764 2180; x_wconf 75' lang='grc'><em>’</em></span> <span class='ocrx_word' id='word_1_149' title='bbox 1794 2158 1863 2169; x_wconf 44' lang='grc' dir='ltr'><strong>κ</strong></span> 
     </span>
    </p>
   </div>
   <div class='ocr_carea' id='block_1_22' title="bbox 285 2213 1866 2294">
    <p class='ocr_par' dir='ltr' id='par_1_22' title="bbox 285 2213 1866 2294">
     <span class='ocr_line' id='line_1_22' title="bbox 285 2213 1866 2294; baseline 0.001 -20"><span class='ocrx_word' id='word_1_150' title='bbox 285 2240 306 2273; x_wconf 80' lang='grc' dir='ltr'><strong>ι</strong></span> <span class='ocrx_word' id='word_1_151' title='bbox 338 2220 496 2274; x_wconf 84' lang='grc' dir='ltr'><strong>Ἐστι</strong></span> <span class='ocrx_word' id='word_1_152' title='bbox 550 2219 790 2292; x_wconf 81' lang='grc' dir='ltr'>πονηρία</span> <span class='ocrx_word' id='word_1_153' title='bbox 818 2221 886 2291; x_wconf 84' lang='grc' dir='ltr'><strong>ήν</strong></span> <span class='ocrx_word' id='word_1_154' title='bbox 926 2213 1067 2274; x_wconf 77' lang='grc' dir='ltr'><strong>εῐδσν</strong></span> <span class='ocrx_word' id='word_1_155' title='bbox 1097 2220 1204 2274; x_wconf 79' lang='grc' dir='ltr'><strong>ὑπὸ</strong></span> <span class='ocrx_word' id='word_1_156' title='bbox 1245 2219 1340 2276; x_wconf 70' lang='grc' dir='ltr'><strong>τὸν</strong></span> <span class='ocrx_word' id='word_1_157' title='bbox 1382 2220 1543 2293; x_wconf 78' lang='grc' dir='ltr'><strong>ήλιον</strong></span> <span class='ocrx_word' id='word_1_158' title='bbox 1567 2238 1583 2256; x_wconf 77' lang='grc' dir='ltr'><strong>ο</strong></span> <span class='ocrx_word' id='word_1_159' title='bbox 1633 2221 1774 2294; x_wconf 83' lang='grc' dir='ltr'><strong>ἀνὴρ</strong></span> <span class='ocrx_word' id='word_1_160' title='bbox 1819 2214 1866 2292; x_wconf 82' lang='grc' dir='ltr'>ᾧ</span> 
     </span>
    </p>
   </div>
   <div class='ocr_carea' id='block_1_23' title="bbox 277 2311 1864 2387">
    <p class='ocr_par' dir='ltr' id='par_1_23' title="bbox 277 2311 1864 2387">
     <span class='ocr_line' id='line_1_23' title="bbox 277 2311 1864 2387; baseline 0.001 -20"><span class='ocrx_word' id='word_1_161' title='bbox 277 2311 444 2367; x_wconf 82' lang='grc' dir='ltr'><strong>δώσει</strong></span> <span class='ocrx_word' id='word_1_162' title='bbox 478 2311 630 2385; x_wconf 84' lang='grc' dir='ltr'><strong>αὐτῷ</strong></span> <span class='ocrx_word' id='word_1_163' title='bbox 681 2314 712 2368; x_wconf 86' lang='grc' dir='ltr'><strong>ὁ</strong></span> <span class='ocrx_word' id='word_1_164' title='bbox 747 2312 882 2378; x_wconf 84' lang='grc' dir='ltr'><strong>Θεὸς</strong></span> <span class='ocrx_word' id='word_1_165' title='bbox 937 2311 1206 2380; x_wconf 86' lang='grc' dir='ltr'><strong>πλοῦτον,</strong></span> <span class='ocrx_word' id='word_1_166' title='bbox 1240 2312 1337 2368; x_wconf 70' lang='grc' dir='ltr'><strong>καὶ</strong></span> <span class='ocrx_word' id='word_1_167' title='bbox 1379 2313 1716 2387; x_wconf 81' lang='grc' dir='ltr'><strong>ὑπάρχοντα,</strong></span> <span class='ocrx_word' id='word_1_168' title='bbox 1769 2316 1864 2371; x_wconf 73' lang='grc' dir='ltr'><strong>καὶ</strong></span> 
     </span>
    </p>
   </div>
   <div class='ocr_carea' id='block_1_24' title="bbox 277 2403 1866 2479">
    <p class='ocr_par' dir='ltr' id='par_1_24' title="bbox 277 2403 1866 2479">
     <span class='ocr_line' id='line_1_24' title="bbox 277 2403 1866 2479; baseline 0 -21"><span class='ocrx_word' id='word_1_169' title='bbox 277 2405 461 2472; x_wconf 78' lang='grc' dir='ltr'><strong>δόξαν,</strong></span> <span class='ocrx_word' id='word_1_170' title='bbox 497 2405 594 2460; x_wconf 77' lang='grc' dir='ltr'><strong>καὶ</strong></span> <span class='ocrx_word' id='word_1_171' title='bbox 645 2406 748 2460; x_wconf 82' lang='grc' dir='ltr'><strong>οὐκ</strong></span> <span class='ocrx_word' id='word_1_172' title='bbox 788 2405 937 2460; x_wconf 77' lang='grc' dir='ltr'><strong>ἔστιν</strong></span> <span class='ocrx_word' id='word_1_173' title='bbox 967 2403 1212 2477; x_wconf 78' lang='grc' dir='ltr'><strong>ὑστερῶν</strong></span> <span class='ocrx_word' id='word_1_174' title='bbox 1238 2407 1307 2478; x_wconf 77' lang='grc' dir='ltr'><strong>τῇ</strong></span> <span class='ocrx_word' id='word_1_175' title='bbox 1352 2404 1500 2479; x_wconf 80' lang='grc' dir='ltr'><strong>ψυχῇ</strong></span> <span class='ocrx_word' id='word_1_176' title='bbox 1541 2404 1710 2462; x_wconf 82' lang='grc' dir='ltr'><strong>αὑτοῦ</strong></span> <span class='ocrx_word' id='word_1_177' title='bbox 1753 2404 1866 2459; x_wconf 80' lang='grc' dir='ltr'><strong>ἀπὸ</strong></span> 
     </span>
    </p>
   </div>
   <div class='ocr_carea' id='block_1_25' title="bbox 278 2489 1866 2572">
    <p class='ocr_par' dir='ltr' id='par_1_25' title="bbox 278 2489 1866 2572">
     <span class='ocr_line' id='line_1_25' title="bbox 278 2489 1866 2572; baseline 0.003 -20"><span class='ocrx_word' id='word_1_178' title='bbox 278 2499 501 2554; x_wconf 68' lang='grc' dir='ltr'><strong>πάντων</strong></span> <span class='ocrx_word' id='word_1_179' title='bbox 524 2489 604 2554; x_wconf 70' lang='grc' dir='ltr'><strong>ὧν</strong></span> <span class='ocrx_word' id='word_1_180' title='bbox 638 2497 930 2569; x_wconf 72' lang='grc' dir='ltr'><strong>ἐπιθυμεϊ·</strong></span> <span class='ocrx_word' id='word_1_181' title='bbox 975 2497 1072 2552; x_wconf 75' lang='grc' dir='ltr'><strong>καὶ</strong></span> <span class='ocrx_word' id='word_1_182' title='bbox 1111 2499 1198 2552; x_wconf 82' lang='grc' dir='ltr'><strong>ὅτι</strong></span> <span class='ocrx_word' id='word_1_183' title='bbox 1247 2499 1392 2571; x_wconf 78' lang='grc' dir='ltr'><strong>ἀνὴρ</strong></span> <span class='ocrx_word' id='word_1_184' title='bbox 1416 2498 1570 2567; x_wconf 80' lang='grc' dir='ltr'><strong>ξένος</strong></span> <span class='ocrx_word' id='word_1_185' title='bbox 1625 2499 1866 2572; x_wconf 77' lang='grc' dir='ltr'><strong>φάγεται</strong></span> 
     </span>
    </p>
   </div>
   <div class='ocr_carea' id='block_1_26' title="bbox 277 2590 1612 2648">
    <p class='ocr_par' dir='ltr' id='par_1_26' title="bbox 277 2590 1612 2648">
     <span class='ocr_line' id='line_1_26' title="bbox 277 2590 1612 2648; baseline -0.001 0"><span class='ocrx_word' id='word_1_186' title='bbox 277 2590 466 2648; x_wconf 74' lang='grc' dir='ltr'><strong>αὐτόν.</strong></span> <span class='ocrx_word' id='word_1_187' title='bbox 512 2611 532 2646; x_wconf 80' lang='lat' dir='ltr'><strong>t</strong></span> <span class='ocrx_word' id='word_1_188' title='bbox 1609 2595 1612 2599; x_wconf 83' lang='grc'><em>’</em></span> 
     </span>
    </p>
   </div>
   <div class='ocr_carea' id='block_1_27' title="bbox 352 2683 1867 2758">
    <p class='ocr_par' dir='ltr' id='par_1_27' title="bbox 352 2683 1867 2758">
     <span class='ocr_line' id='line_1_27' title="bbox 352 2683 1867 2758; baseline 0.005 -23"><span class='ocrx_word' id='word_1_189' title='bbox 352 2701 372 2735; x_wconf 81' lang='lat' dir='ltr'><strong>t</strong></span> <span class='ocrx_word' id='word_1_190' title='bbox 401 2683 651 2751; x_wconf 74' lang='grc' dir='ltr'><strong>Χαναὰν,</strong></span> <span class='ocrx_word' id='word_1_191' title='bbox 684 2686 743 2739; x_wconf 83' lang='grc' dir='ltr'><strong>ὲν</strong></span> <span class='ocrx_word' id='word_1_192' title='bbox 772 2684 962 2758; x_wconf 78' lang='grc' dir='ltr'><strong>χερσὶν</strong></span> <span class='ocrx_word' id='word_1_193' title='bbox 997 2683 1166 2739; x_wconf 81' lang='grc' dir='ltr'><strong>αὐτοῦ</strong></span> <span class='ocrx_word' id='word_1_194' title='bbox 1198 2683 1368 2756; x_wconf 75' lang='grc' dir='ltr'><strong>ζυγὸς</strong></span> <span class='ocrx_word' id='word_1_195' title='bbox 1398 2684 1619 2750; x_wconf 81' lang='grc' dir='ltr'><strong>ἀδικίας</strong></span> <span class='ocrx_word' id='word_1_196' title='bbox 1640 2701 1657 2718; x_wconf 84' lang='grc'>⁶</span> <span class='ocrx_word' id='word_1_197' title='bbox 1689 2702 1867 2742; x_wconf 80' lang='grc' dir='ltr'><strong>κατα-</strong></span> 
     </span>
    </p>
   </div>
   <div class='ocr_carea' id='block_1_28' title="bbox 275 2772 1012 2849">
    <p class='ocr_par' dir='ltr' id='par_1_28' title="bbox 275 2772 1012 2849">
     <span class='ocr_line' id='line_1_28' title="bbox 275 2772 1012 2849; baseline 0.004 -22"><span class='ocrx_word' id='word_1_198' title='bbox 275 2772 623 2830; x_wconf 81' lang='grc' dir='ltr'><strong>δυναστεύειν</strong></span> <span class='ocrx_word' id='word_1_199' title='bbox 648 2777 957 2849; x_wconf 77' lang='grc' dir='ltr'><strong>ἠγάπησεν.</strong></span> <span class='ocrx_word' id='word_1_200' title='bbox 993 2797 1012 2830; x_wconf 75' lang='grc' dir='ltr'><strong>ι</strong></span> 
     </span>
    </p>
   </div>
   <div class='ocr_carea' id='block_1_29' title="bbox 353 2869 1862 2944">
    <p class='ocr_par' dir='ltr' id='par_1_29' title="bbox 353 2869 1862 2944">
     <span class='ocr_line' id='line_1_29' title="bbox 353 2869 1862 2944; baseline 0.005 -24"><span class='ocrx_word' id='word_1_201' title='bbox 353 2887 373 2920; x_wconf 79' lang='grc' dir='ltr'><strong>ι</strong></span> <span class='ocrx_word' id='word_1_202' title='bbox 411 2869 551 2923; x_wconf 76' lang='grc' dir='ltr'><strong>Οὐαὶ</strong></span> <span class='ocrx_word' id='word_1_203' title='bbox 599 2871 628 2924; x_wconf 84' lang='grc' dir='ltr'>ὁ</span> <span class='ocrx_word' id='word_1_204' title='bbox 658 2869 950 2942; x_wconf 86' lang='grc' dir='ltr'><strong>πληθύνων</strong></span> <span class='ocrx_word' id='word_1_205' title='bbox 997 2870 1182 2944; x_wconf 79' lang='grc' dir='ltr'><strong>ἑαυτῷ</strong></span> <span class='ocrx_word' id='word_1_206' title='bbox 1202 2872 1279 2926; x_wconf 75' lang='grc' dir='ltr'><strong>τὰ</strong></span> <span class='ocrx_word' id='word_1_207' title='bbox 1316 2873 1422 2926; x_wconf 78' lang='grc' dir='ltr'><strong>οὐκ</strong></span> <span class='ocrx_word' id='word_1_208' title='bbox 1470 2870 1608 2926; x_wconf 71' lang='grc' dir='ltr'><strong>ὄντα</strong></span> <span class='ocrx_word' id='word_1_209' title='bbox 1639 2871 1862 2939; x_wconf 76' lang='grc' dir='ltr'><strong>ἑαυτοῦ,</strong></span> 
     </span>
    </p>
   </div>
   <div class='ocr_carea' id='block_1_30' title="bbox 276 2960 1867 3036">
    <p class='ocr_par' dir='ltr' id='par_1_30' title="bbox 276 2960 1867 3036">
     <span class='ocr_line' id='line_1_30' title="bbox 276 2960 1867 3036; baseline 0.003 -22"><span class='ocrx_word' id='word_1_210' title='bbox 276 2961 376 3016; x_wconf 70' lang='lat' dir='ltr'><strong>xci.</strong></span> <span class='ocrx_word' id='word_1_211' title='bbox 408 2960 659 3034; x_wconf 78' lang='grc' dir='ltr'>βαρύνων</span> <span class='ocrx_word' id='word_1_212' title='bbox 680 2963 772 3017; x_wconf 85' lang='grc' dir='ltr'><strong>τὸν</strong></span> <span class='ocrx_word' id='word_1_213' title='bbox 818 2962 997 3018; x_wconf 76' lang='grc' dir='ltr'><strong>κλοιὸν</strong></span> <span class='ocrx_word' id='word_1_214' title='bbox 1038 2962 1205 3018; x_wconf 81' lang='grc' dir='ltr'><strong>αὑτοῦ</strong></span> <span class='ocrx_word' id='word_1_215' title='bbox 1255 2962 1559 3036; x_wconf 77' lang='grc' dir='ltr'><strong>στιϐαρῶς,</strong></span> <span class='ocrx_word' id='word_1_216' title='bbox 1597 2964 1682 3019; x_wconf 79' lang='grc' dir='ltr'><strong>ὅτι</strong></span> <span class='ocrx_word' id='word_1_217' title='bbox 1707 2964 1867 3032; x_wconf 71' lang='grc' dir='ltr'><strong>ἐξαί-</strong></span> 
     </span>
    </p>
   </div>
   <div class='ocr_carea' id='block_1_31' title="bbox 275 3054 1863 3128">
    <p class='ocr_par' dir='ltr' id='par_1_31' title="bbox 275 3054 1863 3128">
     <span class='ocr_line' id='line_1_31' title="bbox 275 3054 1863 3128; baseline -0.001 -16"><span class='ocrx_word' id='word_1_218' title='bbox 275 3072 415 3127; x_wconf 79' lang='grc' dir='ltr'><strong>φνης</strong></span> <span class='ocrx_word' id='word_1_219' title='bbox 435 3054 835 3124; x_wconf 85' lang='grc' dir='ltr'><strong>ἀναστήσονται</strong></span> <span class='ocrx_word' id='word_1_220' title='bbox 863 3056 1154 3121; x_wconf 79' lang='grc' dir='ltr'><strong>δάκνοντες</strong></span> <span class='ocrx_word' id='word_1_221' title='bbox 1173 3056 1362 3125; x_wconf 82' lang='grc' dir='ltr'><strong>αὑτὸν,</strong></span> <span class='ocrx_word' id='word_1_222' title='bbox 1384 3058 1482 3111; x_wconf 81' lang='grc' dir='ltr'><strong>καὶ</strong></span> <span class='ocrx_word' id='word_1_223' title='bbox 1511 3056 1863 3128; x_wconf 78' lang='grc' dir='ltr'><strong>ἑκνήψουσιν.</strong></span> 
     </span>
    </p>
   </div>
   <div class='ocr_carea' id='block_1_32' title="bbox 286 3141 1863 3220">
    <p class='ocr_par' dir='ltr' id='par_1_32' title="bbox 286 3141 1863 3220">
     <span class='ocr_line' id='line_1_32' title="bbox 286 3141 1863 3220; baseline 0.003 -23"><span class='ocrx_word' id='word_1_224' title='bbox 286 3141 346 3197; x_wconf 82' lang='grc'><strong>’0</strong></span> <span class='ocrx_word' id='word_1_225' title='bbox 366 3142 708 3198; x_wconf 79' lang='grc' dir='ltr'><strong>πλεονεκτῶν</strong></span> <span class='ocrx_word' id='word_1_226' title='bbox 731 3143 1049 3214; x_wconf 79' lang='grc' dir='ltr'><strong>πλεονεξίαν</strong></span> <span class='ocrx_word' id='word_1_227' title='bbox 1078 3145 1258 3220; x_wconf 80' lang='grc' dir='ltr'><strong>κακὴν</strong></span> <span class='ocrx_word' id='word_1_228' title='bbox 1281 3147 1360 3220; x_wconf 83' lang='grc' dir='ltr'><strong>τῷ</strong></span> <span class='ocrx_word' id='word_1_229' title='bbox 1390 3145 1526 3219; x_wconf 78' lang='grc' dir='ltr'><strong>οἴκῳ</strong></span> <span class='ocrx_word' id='word_1_230' title='bbox 1554 3146 1745 3214; x_wconf 79' lang='grc' dir='ltr'><strong>αὑτοῦ,</strong></span> <span class='ocrx_word' id='word_1_231' title='bbox 1769 3149 1863 3203; x_wconf 72' lang='grc' dir='ltr'><strong>καὶ</strong></span> 
     </span>
    </p>
   </div>
   <div class='ocr_carea' id='block_1_33' title="bbox 269 3234 1078 3303">
    <p class='ocr_par' dir='ltr' id='par_1_33' title="bbox 269 3234 1078 3303">
     <span class='ocr_line' id='line_1_33' title="bbox 269 3234 1078 3303; baseline 0.004 -15"><span class='ocrx_word' id='word_1_232' title='bbox 269 3234 370 3289; x_wconf 83' lang='grc' dir='ltr'><strong>τοῦ</strong></span> <span class='ocrx_word' id='word_1_233' title='bbox 401 3235 559 3303; x_wconf 78' lang='grc' dir='ltr'><strong>τάξαι</strong></span> <span class='ocrx_word' id='word_1_234' title='bbox 585 3236 804 3291; x_wconf 72' lang='grc' dir='ltr'><strong>νοσσιὰν</strong></span> <span class='ocrx_word' id='word_1_235' title='bbox 835 3237 1019 3293; x_wconf 80' lang='grc' dir='ltr'><strong>αὑτοῦ.</strong></span> <span class='ocrx_word' id='word_1_236' title='bbox 1059 3257 1078 3291; x_wconf 78' lang='grc' dir='ltr'><strong>ι</strong></span> 
     </span>
    </p>
   </div>
   <div class='ocr_carea' id='block_1_34' title="bbox 352 3328 1861 3403">
    <p class='ocr_par' dir='ltr' id='par_1_34' title="bbox 352 3328 1861 3403">
     <span class='ocr_line' id='line_1_34' title="bbox 352 3328 1861 3403; baseline 0.005 -24"><span class='ocrx_word' id='word_1_237' title='bbox 352 3346 372 3379; x_wconf 77' lang='grc' dir='ltr'><strong>ι</strong></span> <span class='ocrx_word' id='word_1_238' title='bbox 406 3328 542 3384; x_wconf 69' lang='grc' dir='ltr'><strong>Ούαλ⁸</strong></span> <span class='ocrx_word' id='word_1_239' title='bbox 574 3328 624 3382; x_wconf 84' lang='lat' dir='ltr'><strong>0i</strong></span> <span class='ocrx_word' id='word_1_240' title='bbox 681 3329 1048 3396; x_wconf 76' lang='grc' dir='ltr'><strong>συνάπτοντες</strong></span> <span class='ocrx_word' id='word_1_241' title='bbox 1097 3330 1282 3387; x_wconf 80' lang='grc' dir='ltr'><strong>οἰκίαν</strong></span> <span class='ocrx_word' id='word_1_242' title='bbox 1336 3332 1476 3403; x_wconf 80' lang='grc' dir='ltr'><strong>πρὸς</strong></span> <span class='ocrx_word' id='word_1_243' title='bbox 1509 3332 1723 3400; x_wconf 79' lang='grc' dir='ltr'><strong>οἰκίαν,</strong></span> <span class='ocrx_word' id='word_1_244' title='bbox 1763 3333 1861 3387; x_wconf 77' lang='grc' dir='ltr'><strong>καὶ</strong></span> 
     </span>
    </p>
   </div>
   <div class='ocr_carea' id='block_1_35' title="bbox 269 3421 1856 3498">
    <p class='ocr_par' dir='ltr' id='par_1_35' title="bbox 269 3421 1856 3498">
     <span class='ocr_line' id='line_1_35' title="bbox 269 3421 1856 3498; baseline -0.016 -6"><span class='ocrx_word' id='word_1_245' title='bbox 269 3421 443 3494; x_wconf 72' lang='grc' dir='ltr'>ἀγρὸν</span> <span class='ocrx_word' id='word_1_246' title='bbox 472 3421 608 3493; x_wconf 77' lang='grc' dir='ltr'><strong>πρὸς</strong></span> <span class='ocrx_word' id='word_1_247' title='bbox 637 3421 807 3495; x_wconf 77' lang='grc' dir='ltr'>ἀγρὸν</span> <span class='ocrx_word' id='word_1_248' title='bbox 836 3422 1168 3494; x_wconf 72' lang='grc' dir='ltr'><strong>ἐγγίζοντες,</strong></span> <span class='ocrx_word' id='word_1_249' title='bbox 1200 3425 1290 3480; x_wconf 83' lang='grc' dir='ltr'><strong>ῐνα</strong></span> <span class='ocrx_word' id='word_1_250' title='bbox 1335 3423 1431 3478; x_wconf 83' lang='grc' dir='ltr'><strong>τοῦ</strong></span> <span class='ocrx_word' id='word_1_251' title='bbox 1469 3425 1697 3498; x_wconf 75' lang='grc' dir='ltr'><strong>πλησίον</strong></span> <span class='ocrx_word' id='word_1_252' title='bbox 1749 3425 1856 3496; x_wconf 80' lang='grc' dir='ltr'><strong>ἀφ.</strong></span> 
     </span>
    </p>
   </div>
   <div class='ocr_carea' id='block_1_36' title="bbox 274 3514 649 3571">
    <p class='ocr_par' dir='ltr' id='par_1_36' title="bbox 274 3514 649 3571">
     <span class='ocr_line' id='line_1_36' title="bbox 274 3514 649 3571; baseline -0.008 -1"><span class='ocrx_word' id='word_1_253' title='bbox 274 3514 502 3570; x_wconf 77' lang='grc' dir='ltr'><strong>ἐλωνταί</strong></span> <span class='ocrx_word' id='word_1_254' title='bbox 525 3532 598 3571; x_wconf 86' lang='grc' dir='ltr'><strong>τι.</strong></span> <span class='ocrx_word' id='word_1_255' title='bbox 630 3534 649 3567; x_wconf 75' lang='grc' dir='ltr'><strong>ι</strong></span> 
     </span>
    </p>
   </div>
   <div class='ocr_carea' id='block_1_37' title="bbox 351 3628 1859 3705">
    <p class='ocr_par' dir='ltr' id='par_1_37' title="bbox 351 3628 1859 3705">
     <span class='ocr_line' id='line_1_37' title="bbox 351 3628 1859 3705; baseline 0.003 -23"><span class='ocrx_word' id='word_1_256' title='bbox 351 3649 370 3682; x_wconf 78' lang='grc' dir='ltr'><strong>ι</strong></span> <span class='ocrx_word' id='word_1_257' title='bbox 417 3631 482 3683; x_wconf 85' lang='grc' dir='ltr'><strong>Ἦ</strong></span> <span class='ocrx_word' id='word_1_258' title='bbox 507 3629 735 3703; x_wconf 81' lang='grc' dir='ltr'><strong>ἁρπαγὴ</strong></span> <span class='ocrx_word' id='word_1_259' title='bbox 761 3630 856 3684; x_wconf 85' lang='grc' dir='ltr'><strong>τοῦ</strong></span> <span class='ocrx_word' id='word_1_260' title='bbox 887 3628 1115 3704; x_wconf 86' lang='grc' dir='ltr'><strong>πτωχοῦ</strong></span> <span class='ocrx_word' id='word_1_261' title='bbox 1146 3632 1204 3686; x_wconf 80' lang='grc' dir='ltr'><strong>ὲν</strong></span> <span class='ocrx_word' id='word_1_262' title='bbox 1237 3633 1351 3696; x_wconf 76' lang='grc' dir='ltr'><strong>τοϊς</strong></span> <span class='ocrx_word' id='word_1_263' title='bbox 1377 3631 1548 3697; x_wconf 78' lang='grc' dir='ltr'><strong>οἴκοις</strong></span> <span class='ocrx_word' id='word_1_264' title='bbox 1579 3632 1758 3705; x_wconf 81' lang='grc' dir='ltr'><strong>ὑμῶν.</strong></span> <span class='ocrx_word' id='word_1_265' title='bbox 1784 3634 1859 3689; x_wconf 80' lang='grc' dir='ltr'><strong>’Τί</strong></span> 
     </span>
    </p>
   </div>
   <div class='ocr_carea' id='block_1_38' title="bbox 271 3723 1860 3799">
    <p class='ocr_par' dir='ltr' id='par_1_38' title="bbox 271 3723 1860 3799">
     <span class='ocr_line' id='line_1_38' title="bbox 271 3723 1860 3799; baseline 0.005 -24"><span class='ocrx_word' id='word_1_266' title='bbox 271 3723 436 3794; x_wconf 81' lang='grc' dir='ltr'><strong>ὑμεῖς</strong></span> <span class='ocrx_word' id='word_1_267' title='bbox 473 3724 716 3778; x_wconf 82' lang='grc' dir='ltr'><strong>ἀδικεῖτε</strong></span> <span class='ocrx_word' id='word_1_268' title='bbox 745 3723 840 3778; x_wconf 81' lang='grc' dir='ltr'><strong>τὸν</strong></span> <span class='ocrx_word' id='word_1_269' title='bbox 873 3724 1002 3779; x_wconf 81' lang='grc' dir='ltr'><strong>λαόν</strong></span> <span class='ocrx_word' id='word_1_270' title='bbox 1039 3742 1165 3796; x_wconf 82' lang='grc' dir='ltr'><strong>μου,</strong></span> <span class='ocrx_word' id='word_1_271' title='bbox 1208 3724 1390 3780; x_wconf 77' lang='grc' dir='ltr'><strong>καὶτὸ</strong></span> <span class='ocrx_word' id='word_1_272' title='bbox 1423 3725 1718 3799; x_wconf 83' lang='grc' dir='ltr'><strong>πρόσωπον</strong></span> <span class='ocrx_word' id='word_1_273' title='bbox 1746 3728 1860 3783; x_wconf 84' lang='grc' dir='ltr'><strong>τῶν</strong></span> 
     </span>
    </p>
   </div>
   <div class='ocr_carea' id='block_1_39' title="bbox 175 3815 1860 3900">
    <p class='ocr_par' dir='ltr' id='par_1_39' title="bbox 175 3815 1860 3900">
     <span class='ocr_line' id='line_1_39' title="bbox 175 3815 1860 3900; baseline 0.006 -31"><span class='ocrx_word' id='word_1_274' title='bbox 175 3898 178 3900; x_wconf 8' lang='grc' dir='ltr'><em>Ἴ</em></span> <span class='ocrx_word' id='word_1_275' title='bbox 269 3815 508 3889; x_wconf 77' lang='grc' dir='ltr'><strong>πτωχῶν</strong></span> <span class='ocrx_word' id='word_1_276' title='bbox 555 3819 979 3891; x_wconf 79' lang='grc' dir='ltr'><strong>καταισχύνετε,</strong></span> <span class='ocrx_word' id='word_1_277' title='bbox 1021 3819 1159 3892; x_wconf 67' lang='grc' dir='ltr'><strong>φησι</strong></span> <span class='ocrx_word' id='word_1_278' title='bbox 1210 3819 1453 3891; x_wconf 82' lang='grc' dir='ltr'><strong>Κύριος;</strong></span> <span class='ocrx_word' id='word_1_279' title='bbox 1486 3839 1505 3873; x_wconf 80' lang='grc' dir='ltr'><strong>ι</strong></span> <span class='ocrx_word' id='word_1_280' title='bbox 1541 3852 1616 3865; x_wconf 90' lang='grc'><strong>-</strong></span> <span class='ocrx_word' id='word_1_281' title='bbox 1659 3841 1679 3877; x_wconf 82' lang='grc' dir='ltr'><strong>ι</strong></span> <span class='ocrx_word' id='word_1_282' title='bbox 1717 3821 1860 3893; x_wconf 85' lang='grc' dir='ltr'><strong>Ἐγὼ</strong></span> 
     </span>
    </p>
   </div>
   <div class='ocr_carea' id='block_1_40' title="bbox 267 3909 1859 3986">
    <p class='ocr_par' dir='ltr' id='par_1_40' title="bbox 267 3909 1859 3986">
     <span class='ocr_line' id='line_1_40' title="bbox 267 3909 1859 3986; baseline 0.006 -23"><span class='ocrx_word' id='word_1_283' title='bbox 267 3909 452 3965; x_wconf 70' lang='grc' dir='ltr'><strong>ἔδωκα</strong></span> <span class='ocrx_word' id='word_1_284' title='bbox 478 3912 561 3978; x_wconf 84' lang='grc' dir='ltr'><strong>είς</strong></span> <span class='ocrx_word' id='word_1_285' title='bbox 589 3911 692 3984; x_wconf 77' lang='grc' dir='ltr'><strong>τὴν</strong></span> <span class='ocrx_word' id='word_1_286' title='bbox 720 3913 878 3986; x_wconf 87' lang='grc' dir='ltr'><strong>χεῖρά</strong></span> <span class='ocrx_word' id='word_1_287' title='bbox 925 3930 1022 3968; x_wconf 88' lang='grc' dir='ltr'><strong>σου</strong></span> <span class='ocrx_word' id='word_1_288' title='bbox 1042 3928 1056 3943; x_wconf 89' lang='grc'><strong>·</strong></span> <span class='ocrx_word' id='word_1_289' title='bbox 1093 3915 1159 3968; x_wconf 80' lang='grc' dir='ltr'><strong>σὺ</strong></span> <span class='ocrx_word' id='word_1_290' title='bbox 1192 3913 1250 3968; x_wconf 83' lang='grc' dir='ltr'><strong>δὲ</strong></span> <span class='ocrx_word' id='word_1_291' title='bbox 1279 3914 1338 3968; x_wconf 85' lang='grc' dir='ltr'><strong>οὐ</strong></span> <span class='ocrx_word' id='word_1_292' title='bbox 1382 3914 1624 3981; x_wconf 85' lang='grc' dir='ltr'><strong>δέδωκας</strong></span> <span class='ocrx_word' id='word_1_293' title='bbox 1669 3917 1859 3984; x_wconf 81' lang='grc' dir='ltr'><strong>αὐτοῖς</strong></span> 
     </span>
    </p>
   </div>
   <div class='ocr_carea' id='block_1_41' title="bbox 267 4004 1860 4082">
    <p class='ocr_par' dir='ltr' id='par_1_41' title="bbox 267 4004 1860 4082">
     <span class='ocr_line' id='line_1_41' title="bbox 267 4004 1860 4082; baseline 0.005 -23"><span class='ocrx_word' id='word_1_294' title='bbox 267 4004 442 4070; x_wconf 79' lang='grc' dir='ltr'><strong>ἔλεος.</strong></span> <span class='ocrx_word' id='word_1_295' title='bbox 467 4022 487 4058; x_wconf 66' lang='grc' dir='ltr'><strong>ι</strong></span> <span class='ocrx_word' id='word_1_296' title='bbox 520 4037 591 4048; x_wconf 89' lang='lat'><strong>—-</strong></span> <span class='ocrx_word' id='word_1_297' title='bbox 614 4023 636 4060; x_wconf 79' lang='grc' dir='ltr'><strong>ι</strong></span> <span class='ocrx_word' id='word_1_298' title='bbox 664 4007 836 4061; x_wconf 88' lang='grc' dir='ltr'>Ὅταν</span> <span class='ocrx_word' id='word_1_299' title='bbox 862 4006 1144 4079; x_wconf 84' lang='grc' dir='ltr'><strong>ὲκτείνητε</strong></span> <span class='ocrx_word' id='word_1_300' title='bbox 1178 4008 1278 4072; x_wconf 80' lang='grc' dir='ltr'><strong>τὰς</strong></span> <span class='ocrx_word' id='word_1_301' title='bbox 1300 4011 1494 4082; x_wconf 81' lang='grc' dir='ltr'><strong>χετρας</strong></span> <span class='ocrx_word' id='word_1_302' title='bbox 1519 4010 1547 4063; x_wconf 82' lang='grc' dir='ltr'>ὑ</span> <span class='ocrx_word' id='word_1_303' title='bbox 1556 4009 1695 4082; x_wconf 81' lang='grc' dir='ltr'><strong>μῶν,</strong></span> <span class='ocrx_word' id='word_1_304' title='bbox 1727 4013 1860 4067; x_wconf 85' lang='grc' dir='ltr'><strong>ἀπο-</strong></span> 
     </span>
    </p>
   </div>
   <div class='ocr_carea' id='block_1_42' title="bbox 267 4098 1862 4176">
    <p class='ocr_par' dir='ltr' id='par_1_42' title="bbox 267 4098 1862 4176">
     <span class='ocr_line' id='line_1_42' title="bbox 267 4098 1862 4176; baseline 0.003 -23"><span class='ocrx_word' id='word_1_305' title='bbox 267 4098 492 4172; x_wconf 59' lang='lat' dir='ltr'><strong>«(atth</strong></span> <span class='ocrx_word' id='word_1_306' title='bbox 517 4099 647 4165; x_wconf 77' lang='grc' dir='ltr'><strong>τοὺς</strong></span> <span class='ocrx_word' id='word_1_307' title='bbox 671 4099 987 4173; x_wconf 81' lang='grc' dir='ltr'><strong>ὀφθαλμούς</strong></span> <span class='ocrx_word' id='word_1_308' title='bbox 1023 4118 1126 4172; x_wconf 87' lang='grc' dir='ltr'><strong>μου</strong></span> <span class='ocrx_word' id='word_1_309' title='bbox 1158 4101 1255 4173; x_wconf 83' lang='grc' dir='ltr'><strong>ἀφ’</strong></span> <span class='ocrx_word' id='word_1_310' title='bbox 1285 4099 1464 4172; x_wconf 79' lang='grc' dir='ltr'><strong>ὑμῶν.</strong></span> <span class='ocrx_word' id='word_1_311' title='bbox 1497 4103 1563 4156; x_wconf 83' lang='grc' dir='ltr'><strong>Αἱ</strong></span> <span class='ocrx_word' id='word_1_312' title='bbox 1597 4102 1707 4176; x_wconf 84' lang='grc' dir='ltr'><strong>γὰρ</strong></span> <span class='ocrx_word' id='word_1_313' title='bbox 1754 4107 1862 4176; x_wconf 77' lang='grc' dir='ltr'><strong>χεί-</strong></span> 
     </span>
    </p>
   </div>
   <div class='ocr_carea' id='block_1_43' title="bbox 271 4191 1860 4268">
    <p class='ocr_par' dir='ltr' id='par_1_43' title="bbox 271 4191 1860 4268">
     <span class='ocr_line' id='line_1_43' title="bbox 271 4191 1860 4268; baseline 0.004 -22"><span class='ocrx_word' id='word_1_314' title='bbox 271 4209 368 4268; x_wconf 81' lang='grc' dir='ltr'><strong>ρες</strong></span> <span class='ocrx_word' id='word_1_315' title='bbox 397 4191 552 4265; x_wconf 80' lang='grc' dir='ltr'><strong>ὑμῶν</strong></span> <span class='ocrx_word' id='word_1_316' title='bbox 582 4192 812 4265; x_wconf 76' lang='grc' dir='ltr'><strong>αἵματος</strong></span> <span class='ocrx_word' id='word_1_317' title='bbox 841 4193 1092 4268; x_wconf 83' lang='grc' dir='ltr'><strong>πλήρεις.</strong></span> <span class='ocrx_word' id='word_1_318' title='bbox 1121 4213 1142 4246; x_wconf 70' lang='grc' dir='ltr'><strong>ι</strong></span> <span class='ocrx_word' id='word_1_319' title='bbox 1169 4223 1240 4234; x_wconf 93' lang='grc'><strong><em>-</em></strong></span> <span class='ocrx_word' id='word_1_320' title='bbox 1274 4213 1292 4248; x_wconf 85' lang='grc' dir='ltr'><strong>ι</strong></span> <span class='ocrx_word' id='word_1_321' title='bbox 1323 4194 1406 4250; x_wconf 80' lang='grc' dir='ltr'><strong>Δι’</strong></span> <span class='ocrx_word' id='word_1_322' title='bbox 1433 4195 1579 4267; x_wconf 81' lang='grc' dir='ltr'><strong>ὑμᾶς</strong></span> <span class='ocrx_word' id='word_1_323' title='bbox 1600 4196 1662 4250; x_wconf 87' lang='grc' dir='ltr'><strong>τὸ</strong></span> <span class='ocrx_word' id='word_1_324' title='bbox 1684 4195 1860 4268; x_wconf 77' lang='grc' dir='ltr'><strong>ὄνομά</strong></span> 
     </span>
    </p>
   </div>
   <div class='ocr_carea' id='block_1_44' title="bbox 273 4285 1860 4358">
    <p class='ocr_par' dir='ltr' id='par_1_44' title="bbox 273 4285 1860 4358">
     <span class='ocr_line' id='line_1_44' title="bbox 273 4285 1860 4358; baseline 0.003 -17"><span class='ocrx_word' id='word_1_325' title='bbox 273 4303 380 4358; x_wconf 81' lang='grc' dir='ltr'><strong>μου</strong></span> <span class='ocrx_word' id='word_1_326' title='bbox 413 4285 822 4358; x_wconf 79' lang='grc' dir='ltr'><strong>βλασφημεῖται</strong></span> <span class='ocrx_word' id='word_1_327' title='bbox 853 4288 911 4340; x_wconf 74' lang='grc' dir='ltr'><strong>εν</strong></span> <span class='ocrx_word' id='word_1_328' title='bbox 942 4289 1056 4351; x_wconf 89' lang='grc' dir='ltr'><strong>τοῖς</strong></span> <span class='ocrx_word' id='word_1_329' title='bbox 1089 4285 1323 4344; x_wconf 73' lang='grc' dir='ltr'><strong>ἔθνεσιν.</strong></span> <span class='ocrx_word' id='word_1_330' title='bbox 1359 4307 1379 4340; x_wconf 71' lang='grc' dir='ltr'><em>υ</em></span> <span class='ocrx_word' id='word_1_331' title='bbox 1426 4321 1494 4330; x_wconf 91' lang='grc'><strong>-</strong></span> <span class='ocrx_word' id='word_1_332' title='bbox 1535 4309 1553 4343; x_wconf 82' lang='grc' dir='ltr'><strong>ι</strong></span> <span class='ocrx_word' id='word_1_333' title='bbox 1583 4291 1647 4344; x_wconf 82' lang='lat' dir='ltr'><strong>Oi</strong></span> <span class='ocrx_word' id='word_1_334' title='bbox 1679 4290 1860 4346; x_wconf 78' lang='grc' dir='ltr'><strong>ἄδικοι</strong></span> 
     </span>
    </p>
   </div>
   <div class='ocr_carea' id='block_1_45' title="bbox 266 4378 1861 4453">
    <p class='ocr_par' dir='ltr' id='par_1_45' title="bbox 266 4378 1861 4453">
     <span class='ocr_line' id='line_1_45' title="bbox 266 4378 1861 4453; baseline 0.001 -18"><span class='ocrx_word' id='word_1_335' title='bbox 266 4382 351 4446; x_wconf 84' lang='grc' dir='ltr'><strong>ὡς</strong></span> <span class='ocrx_word' id='word_1_336' title='bbox 397 4378 646 4435; x_wconf 79' lang='grc' dir='ltr'><strong>θάλασσα</strong></span> <span class='ocrx_word' id='word_1_337' title='bbox 689 4378 1175 4453; x_wconf 78' lang='grc' dir='ltr'><strong>ἀναδρασσομένη,</strong></span> <span class='ocrx_word' id='word_1_338' title='bbox 1201 4379 1372 4446; x_wconf 73' lang='grc' dir='ltr'><strong>οὕτως</strong></span> <span class='ocrx_word' id='word_1_339' title='bbox 1403 4380 1861 4449; x_wconf 79' lang='grc' dir='ltr'><strong>κλυδωνισθήσον-</strong></span> 
     </span>
    </p>
   </div>
   <div class='ocr_carea' id='block_1_46' title="bbox 263 4473 1858 4548">
    <p class='ocr_par' dir='ltr' id='par_1_46' title="bbox 263 4473 1858 4548">
     <span class='ocr_line' id='line_1_46' title="bbox 263 4473 1858 4548; baseline 0.002 -19"><span class='ocrx_word' id='word_1_340' title='bbox 263 4491 386 4542; x_wconf 83' lang='grc' dir='ltr'><strong>ται,</strong></span> <span class='ocrx_word' id='word_1_341' title='bbox 417 4473 516 4529; x_wconf 72' lang='grc' dir='ltr'><strong>καὶ</strong></span> <span class='ocrx_word' id='word_1_342' title='bbox 542 4473 960 4530; x_wconf 84' lang='grc' dir='ltr'><strong>ἀναπαύσασθαι</strong></span> <span class='ocrx_word' id='word_1_343' title='bbox 989 4475 1048 4530; x_wconf 86' lang='grc' dir='ltr'><strong>ού</strong></span> <span class='ocrx_word' id='word_1_344' title='bbox 1073 4474 1149 4548; x_wconf 70' lang='grc' dir='ltr'><strong>μή</strong></span> <span class='ocrx_word' id='word_1_345' title='bbox 1167 4475 1450 4535; x_wconf 81' lang='grc' dir='ltr'><strong>δύνανται.</strong></span> <span class='ocrx_word' id='word_1_346' title='bbox 1484 4495 1502 4530; x_wconf 84' lang='lat' dir='ltr'><strong>t</strong></span> <span class='ocrx_word' id='word_1_347' title='bbox 1533 4507 1604 4518; x_wconf 92' lang='lat'><strong>--</strong></span> <span class='ocrx_word' id='word_1_348' title='bbox 1639 4498 1661 4532; x_wconf 80' lang='grc' dir='ltr'><strong>ι</strong></span> <span class='ocrx_word' id='word_1_349' title='bbox 1719 4479 1858 4532; x_wconf 81' lang='grc' dir='ltr'><strong>Ἀπ-</strong></span> 
     </span>
    </p>
   </div>
   <div class='ocr_carea' id='block_1_47' title="bbox 1969 541 3561 616">
    <p class='ocr_par' dir='ltr' id='par_1_47' title="bbox 1969 541 3561 616">
     <span class='ocr_line' id='line_1_47' title="bbox 1969 541 3561 616; baseline -0.001 -16"><span class='ocrx_word' id='word_1_350' title='bbox 1969 552 2256 616; x_wconf 77' lang='lat' dir='ltr'><strong>argentum</strong></span> <span class='ocrx_word' id='word_1_351' title='bbox 2308 553 2364 602; x_wconf 88' lang='lat' dir='ltr'><strong>et</strong></span> <span class='ocrx_word' id='word_1_352' title='bbox 2418 545 2796 602; x_wconf 84' lang='lat' dir='ltr'><strong>vestimenta:</strong></span> <span class='ocrx_word' id='word_1_353' title='bbox 2845 553 2900 602; x_wconf 88' lang='lat' dir='ltr'><strong>et</strong></span> <span class='ocrx_word' id='word_1_354' title='bbox 2947 543 3114 600; x_wconf 88' lang='lat' dir='ltr'><strong>modo</strong></span> <span class='ocrx_word' id='word_1_355' title='bbox 3166 542 3409 616; x_wconf 74' lang='lat' dir='ltr'><strong>accipies</strong></span> <span class='ocrx_word' id='word_1_356' title='bbox 3461 541 3561 600; x_wconf 87' lang='lat' dir='ltr'><strong>tibi</strong></span> 
     </span>
    </p>
   </div>
   <div class='ocr_carea' id='block_1_48' title="bbox 1966 624 3562 706">
    <p class='ocr_par' dir='ltr' id='par_1_48' title="bbox 1966 624 3562 706">
     <span class='ocr_line' id='line_1_48' title="bbox 1966 624 3562 706; baseline 0.001 -14"><span class='ocrx_word' id='word_1_357' title='bbox 1966 637 2184 706; x_wconf 67' lang='lat' dir='ltr'><strong>hortos,</strong></span> <span class='ocrx_word' id='word_1_358' title='bbox 2214 645 2270 696; x_wconf 85' lang='lat' dir='ltr'><strong>et</strong></span> <span class='ocrx_word' id='word_1_359' title='bbox 2299 624 2521 702; x_wconf 75' lang='lat' dir='ltr'><strong>oliveta,</strong></span> <span class='ocrx_word' id='word_1_360' title='bbox 2553 645 2610 694; x_wconf 85' lang='lat' dir='ltr'><strong>et</strong></span> <span class='ocrx_word' id='word_1_361' title='bbox 2642 637 2856 705; x_wconf 83' lang='lat' dir='ltr'><strong>vineas,</strong></span> <span class='ocrx_word' id='word_1_362' title='bbox 2890 645 2945 694; x_wconf 86' lang='lat' dir='ltr'><strong>et</strong></span> <span class='ocrx_word' id='word_1_363' title='bbox 2970 653 3126 703; x_wconf 81' lang='lat' dir='ltr'><strong>oves,</strong></span> <span class='ocrx_word' id='word_1_364' title='bbox 3155 645 3214 693; x_wconf 82' lang='lat' dir='ltr'><strong>et</strong></span> <span class='ocrx_word' id='word_1_365' title='bbox 3244 652 3437 694; x_wconf 81' lang='lat' dir='ltr'><strong>servos</strong></span> <span class='ocrx_word' id='word_1_366' title='bbox 3456 675 3475 705; x_wconf 83' lang='lat'><strong>,</strong></span> <span class='ocrx_word' id='word_1_367' title='bbox 3503 643 3562 693; x_wconf 88' lang='lat' dir='ltr'><strong>et</strong></span> 
     </span>
    </p>
   </div>
   <div class='ocr_carea' id='block_1_49' title="bbox 1958 729 3559 803">
    <p class='ocr_par' dir='ltr' id='par_1_49' title="bbox 1958 729 3559 803">
     <span class='ocr_line' id='line_1_49' title="bbox 1958 729 3559 803; baseline 0.001 -17"><span class='ocrx_word' id='word_1_368' title='bbox 1958 730 2224 787; x_wconf 75' lang='lat' dir='ltr'><strong>ancillas.</strong></span> <span class='ocrx_word' id='word_1_369' title='bbox 2262 729 2330 786; x_wconf 83' lang='lat' dir='ltr'><strong>Et</strong></span> <span class='ocrx_word' id='word_1_370' title='bbox 2370 731 2522 803; x_wconf 88' lang='lat' dir='ltr'><strong>lepra</strong></span> <span class='ocrx_word' id='word_1_371' title='bbox 2556 729 2806 788; x_wconf 72' lang='lat' dir='ltr'><strong>Naaman</strong></span> <span class='ocrx_word' id='word_1_372' title='bbox 2845 729 3149 788; x_wconf 76' lang='lat' dir='ltr'><strong>adhaerebit</strong></span> <span class='ocrx_word' id='word_1_373' title='bbox 3186 730 3323 799; x_wconf 80' lang='lat' dir='ltr'><strong>tibi,</strong></span> <span class='ocrx_word' id='word_1_374' title='bbox 3359 738 3420 788; x_wconf 82' lang='lat' dir='ltr'><strong>et</strong></span> <span class='ocrx_word' id='word_1_375' title='bbox 3467 746 3559 791; x_wconf 84' lang='lat' dir='ltr'><strong>se-</strong></span> 
     </span>
    </p>
   </div>
   <div class='ocr_carea' id='block_1_50' title="bbox 1969 824 2706 882">
    <p class='ocr_par' dir='ltr' id='par_1_50' title="bbox 1969 824 2706 882">
     <span class='ocr_line' id='line_1_50' title="bbox 1969 824 2706 882; baseline -0.001 -2"><span class='ocrx_word' id='word_1_376' title='bbox 1969 824 2103 880; x_wconf 84' lang='lat' dir='ltr'><strong>mini</strong></span> <span class='ocrx_word' id='word_1_377' title='bbox 2139 833 2237 881; x_wconf 86' lang='lat' dir='ltr'><strong>tuo</strong></span> <span class='ocrx_word' id='word_1_378' title='bbox 2263 824 2321 880; x_wconf 90' lang='lat' dir='ltr'><strong>in</strong></span> <span class='ocrx_word' id='word_1_379' title='bbox 2355 833 2650 882; x_wconf 82' lang='lat' dir='ltr'><strong>aeternum.</strong></span> <span class='ocrx_word' id='word_1_380' title='bbox 2683 844 2706 879; x_wconf 73' lang='grc' dir='ltr'><strong>ι</strong></span> 
     </span>
    </p>
   </div>
   <div class='ocr_carea' id='block_1_51' title="bbox 2038 913 3559 988">
    <p class='ocr_par' dir='ltr' id='par_1_51' title="bbox 2038 913 3559 988">
     <span class='ocr_line' id='line_1_51' title="bbox 2038 913 3559 988; baseline -0.001 -16"><span class='ocrx_word' id='word_1_381' title='bbox 2038 913 2201 972; x_wconf 73' lang='lat' dir='ltr'><strong>Prov.</strong></span> <span class='ocrx_word' id='word_1_382' title='bbox 2234 930 2326 971; x_wconf 72' lang='lat' dir='ltr'><strong>ut</strong></span> <span class='ocrx_word' id='word_1_383' title='bbox 2349 955 2366 982; x_wconf 96' lang='lat'><strong>,</strong></span> <span class='ocrx_word' id='word_1_384' title='bbox 2395 916 2487 971; x_wconf 73' lang='grc'><strong>24.</strong></span> <span class='ocrx_word' id='word_1_385' title='bbox 2521 945 2594 956; x_wconf 92' lang='lat'><strong>-—-</strong></span> <span class='ocrx_word' id='word_1_386' title='bbox 2626 933 2647 969; x_wconf 75' lang='grc' dir='ltr'><strong>ι</strong></span> <span class='ocrx_word' id='word_1_387' title='bbox 2681 913 2787 983; x_wconf 78' lang='lat' dir='ltr'><strong>Qui</strong></span> <span class='ocrx_word' id='word_1_388' title='bbox 2836 929 3045 988; x_wconf 80' lang='lat' dir='ltr'><strong>parcus</strong></span> <span class='ocrx_word' id='word_1_389' title='bbox 3103 925 3189 974; x_wconf 84' lang='lat' dir='ltr'><strong>est</strong></span> <span class='ocrx_word' id='word_1_390' title='bbox 3245 915 3302 972; x_wconf 80' lang='lat' dir='ltr'><strong>in</strong></span> <span class='ocrx_word' id='word_1_391' title='bbox 3357 915 3522 973; x_wconf 81' lang='lat' dir='ltr'><strong>donis</strong></span> <span class='ocrx_word' id='word_1_392' title='bbox 3544 955 3559 980; x_wconf 89' lang='lat'><strong>.</strong></span> 
     </span>
    </p>
   </div>
   <div class='ocr_carea' id='block_1_52' title="bbox 1966 1006 3560 1080">
    <p class='ocr_par' dir='ltr' id='par_1_52' title="bbox 1966 1006 3560 1080">
     <span class='ocr_line' id='line_1_52' title="bbox 1966 1006 3560 1080; baseline 0.001 -19"><span class='ocrx_word' id='word_1_393' title='bbox 1966 1006 2104 1062; x_wconf 82' lang='lat' dir='ltr'><strong>iram</strong></span> <span class='ocrx_word' id='word_1_394' title='bbox 2138 1008 2366 1063; x_wconf 86' lang='lat' dir='ltr'><strong>multam</strong></span> <span class='ocrx_word' id='word_1_395' title='bbox 2396 1007 2621 1065; x_wconf 81' lang='lat' dir='ltr'><strong>excitat.</strong></span> <span class='ocrx_word' id='word_1_396' title='bbox 2657 1027 2676 1061; x_wconf 80' lang='grc' dir='ltr'><strong>ι</strong></span> <span class='ocrx_word' id='word_1_397' title='bbox 2705 1039 2778 1050; x_wconf 89' lang='grc'><strong>-</strong></span> <span class='ocrx_word' id='word_1_398' title='bbox 2802 1010 2928 1080; x_wconf 76' lang='lat' dir='ltr'><strong>xrxl,</strong></span> <span class='ocrx_word' id='word_1_399' title='bbox 2963 1009 3018 1064; x_wconf 75' lang='grc'><strong>4.</strong></span> <span class='ocrx_word' id='word_1_400' title='bbox 3048 1027 3067 1061; x_wconf 80' lang='grc' dir='ltr'><strong>ι</strong></span> <span class='ocrx_word' id='word_1_401' title='bbox 3098 1007 3312 1064; x_wconf 69' lang='lat' dir='ltr'><strong>Divitiae</strong></span> <span class='ocrx_word' id='word_1_402' title='bbox 3345 1007 3560 1064; x_wconf 80' lang='lat' dir='ltr'><strong>addunt</strong></span> 
     </span>
    </p>
   </div>
   <div class='ocr_carea' id='block_1_53' title="bbox 1966 1097 3559 1172">
    <p class='ocr_par' dir='ltr' id='par_1_53' title="bbox 1966 1097 3559 1172">
     <span class='ocr_line' id='line_1_53' title="bbox 1966 1097 3559 1172; baseline 0.003 -21"><span class='ocrx_word' id='word_1_403' title='bbox 1966 1097 2178 1156; x_wconf 85' lang='lat' dir='ltr'><strong>amicos</strong></span> <span class='ocrx_word' id='word_1_404' title='bbox 2229 1099 2452 1156; x_wconf 86' lang='lat' dir='ltr'><strong>multos.</strong></span> <span class='ocrx_word' id='word_1_405' title='bbox 2488 1118 2508 1152; x_wconf 76' lang='grc' dir='ltr'><strong>ι</strong></span> <span class='ocrx_word' id='word_1_406' title='bbox 2541 1115 2746 1156; x_wconf 75' lang='grc' dir='ltr'><strong>-ιιιι</strong></span> <span class='ocrx_word' id='word_1_407' title='bbox 2768 1140 2782 1167; x_wconf 92' lang='grc'><strong>,</strong></span> <span class='ocrx_word' id='word_1_408' title='bbox 2815 1100 2869 1155; x_wconf 89' lang='lat'><strong>7.</strong></span> <span class='ocrx_word' id='word_1_409' title='bbox 2915 1119 2933 1152; x_wconf 80' lang='grc' dir='ltr'><strong>ι</strong></span> <span class='ocrx_word' id='word_1_410' title='bbox 2964 1099 3172 1156; x_wconf 85' lang='lat' dir='ltr'><strong>Divites</strong></span> <span class='ocrx_word' id='word_1_411' title='bbox 3222 1099 3559 1172; x_wconf 81' lang='lat' dir='ltr'><strong>pauperibus</strong></span> 
     </span>
    </p>
   </div>
   <div class='ocr_carea' id='block_1_54' title="bbox 1963 1189 3560 1263">
    <p class='ocr_par' dir='ltr' id='par_1_54' title="bbox 1963 1189 3560 1263">
     <span class='ocr_line' id='line_1_54' title="bbox 1963 1189 3560 1263; baseline 0.002 -18"><span class='ocrx_word' id='word_1_412' title='bbox 1963 1190 2337 1262; x_wconf 83' lang='lat' dir='ltr'><strong>imperabunt.</strong></span> <span class='ocrx_word' id='word_1_413' title='bbox 2370 1209 2390 1244; x_wconf 70' lang='grc' dir='ltr'><strong>ι</strong></span> <span class='ocrx_word' id='word_1_414' title='bbox 2425 1221 2492 1233; x_wconf 89' lang='lat'><strong>--</strong></span> <span class='ocrx_word' id='word_1_415' title='bbox 2515 1207 2687 1248; x_wconf 77' lang='lat' dir='ltr'><strong>xxvut</strong></span> <span class='ocrx_word' id='word_1_416' title='bbox 2715 1233 2730 1260; x_wconf 94' lang='lat'><strong>,</strong></span> <span class='ocrx_word' id='word_1_417' title='bbox 2769 1192 2855 1247; x_wconf 77' lang='lat' dir='ltr'><strong>ll.</strong></span> <span class='ocrx_word' id='word_1_418' title='bbox 2888 1211 2907 1245; x_wconf 81' lang='grc' dir='ltr'><strong>ι</strong></span> <span class='ocrx_word' id='word_1_419' title='bbox 2943 1189 3176 1263; x_wconf 77' lang='lat' dir='ltr'><strong>Sapiens</strong></span> <span class='ocrx_word' id='word_1_420' title='bbox 3205 1192 3310 1249; x_wconf 83' lang='lat' dir='ltr'><strong>sibi</strong></span> <span class='ocrx_word' id='word_1_421' title='bbox 3342 1194 3560 1249; x_wconf 79' lang='lat' dir='ltr'><strong>videtur</strong></span> 
     </span>
    </p>
   </div>
   <div class='ocr_carea' id='block_1_55' title="bbox 1963 1283 3556 1351">
    <p class='ocr_par' dir='ltr' id='par_1_55' title="bbox 1963 1283 3556 1351">
     <span class='ocr_line' id='line_1_55' title="bbox 1963 1283 3556 1351; baseline 0.004 -15"><span class='ocrx_word' id='word_1_422' title='bbox 1963 1283 2051 1337; x_wconf 80' lang='lat' dir='ltr'><strong>vir</strong></span> <span class='ocrx_word' id='word_1_423' title='bbox 2078 1283 2257 1342; x_wconf 78' lang='lat' dir='ltr'><strong>dives.</strong></span> <span class='ocrx_word' id='word_1_424' title='bbox 2288 1303 2309 1338; x_wconf 71' lang='grc' dir='ltr'><strong>ι</strong></span> <span class='ocrx_word' id='word_1_425' title='bbox 2332 1301 2523 1340; x_wconf 80' lang='grc' dir='ltr'><strong>-ιηι</strong></span> <span class='ocrx_word' id='word_1_426' title='bbox 2546 1325 2561 1351; x_wconf 94' lang='grc'><strong>,</strong></span> <span class='ocrx_word' id='word_1_427' title='bbox 2596 1285 2684 1340; x_wconf 82' lang='grc' dir='ltr'><strong>Η.</strong></span> <span class='ocrx_word' id='word_1_428' title='bbox 2718 1303 2738 1338; x_wconf 81' lang='grc' dir='ltr'><strong>ι</strong></span> <span class='ocrx_word' id='word_1_429' title='bbox 2768 1285 3096 1343; x_wconf 81' lang='lat' dir='ltr'><strong>Snbstantia</strong></span> <span class='ocrx_word' id='word_1_430' title='bbox 3128 1285 3387 1343; x_wconf 76' lang='lat' dir='ltr'><strong>festinata</strong></span> <span class='ocrx_word' id='word_1_431' title='bbox 3423 1302 3556 1342; x_wconf 73' lang='lat' dir='ltr'><strong>em</strong></span> 
     </span>
    </p>
   </div>
   <div class='ocr_carea' id='block_1_56' title="bbox 1965 1371 3564 1454">
    <p class='ocr_par' dir='ltr' id='par_1_56' title="bbox 1965 1371 3564 1454">
     <span class='ocr_line' id='line_1_56' title="bbox 1965 1371 3564 1454; baseline 0.004 -22"><span class='ocrx_word' id='word_1_432' title='bbox 1965 1371 2260 1448; x_wconf 80' lang='lat' dir='ltr'><strong>iniquitate</strong></span> <span class='ocrx_word' id='word_1_433' title='bbox 2307 1379 2596 1435; x_wconf 73' lang='lat' dir='ltr'><strong>minuitur.</strong></span> <span class='ocrx_word' id='word_1_434' title='bbox 2636 1397 2656 1432; x_wconf 77' lang='grc' dir='ltr'><strong>ι</strong></span> <span class='ocrx_word' id='word_1_435' title='bbox 2698 1409 2772 1421; x_wconf 89' lang='grc'><strong>-</strong></span> <span class='ocrx_word' id='word_1_436' title='bbox 2810 1395 2880 1450; x_wconf 84' lang='lat' dir='ltr'><strong>x,</strong></span> <span class='ocrx_word' id='word_1_437' title='bbox 2922 1380 2981 1437; x_wconf 71' lang='grc'><strong>2.</strong></span> <span class='ocrx_word' id='word_1_438' title='bbox 3031 1401 3053 1434; x_wconf 73' lang='grc' dir='ltr'><strong>ι</strong></span> <span class='ocrx_word' id='word_1_439' title='bbox 3090 1380 3211 1437; x_wconf 81' lang='lat' dir='ltr'><strong>Non</strong></span> <span class='ocrx_word' id='word_1_440' title='bbox 3253 1382 3564 1454; x_wconf 68' lang='lat' dir='ltr'><strong>proderunt</strong></span> 
     </span>
    </p>
   </div>
   <div class='ocr_carea' id='block_1_57' title="bbox 1961 1470 3564 1543">
    <p class='ocr_par' dir='ltr' id='par_1_57' title="bbox 1961 1470 3564 1543">
     <span class='ocr_line' id='line_1_57' title="bbox 1961 1470 3564 1543; baseline 0.005 -18"><span class='ocrx_word' id='word_1_441' title='bbox 1961 1470 2215 1528; x_wconf 77' lang='lat' dir='ltr'><strong>thesauri</strong></span> <span class='ocrx_word' id='word_1_442' title='bbox 2264 1472 2495 1542; x_wconf 79' lang='lat' dir='ltr'><strong>iniquis.</strong></span> <span class='ocrx_word' id='word_1_443' title='bbox 2531 1491 2548 1524; x_wconf 79' lang='grc' dir='ltr'><strong>ι</strong></span> <span class='ocrx_word' id='word_1_444' title='bbox 2593 1502 2665 1514; x_wconf 93' lang='grc'><strong>-</strong></span> <span class='ocrx_word' id='word_1_445' title='bbox 2703 1488 2876 1530; x_wconf 76' lang='lat' dir='ltr'><strong>xxvru</strong></span> <span class='ocrx_word' id='word_1_446' title='bbox 2900 1514 2914 1540; x_wconf 92' lang='lat'><strong>,</strong></span> <span class='ocrx_word' id='word_1_447' title='bbox 2947 1476 3044 1531; x_wconf 62' lang='grc' dir='ltr'><strong>τί.</strong></span> <span class='ocrx_word' id='word_1_448' title='bbox 3107 1494 3126 1528; x_wconf 88' lang='grc'><strong>‹</strong></span> <span class='ocrx_word' id='word_1_449' title='bbox 3158 1476 3263 1543; x_wconf 81' lang='lat' dir='ltr'><strong>Qui</strong></span> <span class='ocrx_word' id='word_1_450' title='bbox 3295 1478 3564 1533; x_wconf 67' lang='lat' dir='ltr'><strong>averterit</strong></span> 
     </span>
    </p>
   </div>
   <div class='ocr_carea' id='block_1_58' title="bbox 1963 1563 3558 1642">
    <p class='ocr_par' dir='ltr' id='par_1_58' title="bbox 1963 1563 3558 1642">
     <span class='ocr_line' id='line_1_58' title="bbox 1963 1563 3558 1642; baseline 0.003 -22"><span class='ocrx_word' id='word_1_451' title='bbox 1963 1563 2165 1621; x_wconf 67' lang='lat' dir='ltr'><strong>faciem</strong></span> <span class='ocrx_word' id='word_1_452' title='bbox 2197 1580 2352 1622; x_wconf 89' lang='lat' dir='ltr'><strong>suam</strong></span> <span class='ocrx_word' id='word_1_453' title='bbox 2387 1581 2415 1620; x_wconf 90' lang='lat' dir='ltr'><strong>a</strong></span> <span class='ocrx_word' id='word_1_454' title='bbox 2449 1582 2728 1638; x_wconf 79' lang='lat' dir='ltr'><strong>paupere,</strong></span> <span class='ocrx_word' id='word_1_455' title='bbox 2758 1567 2815 1622; x_wconf 90' lang='lat' dir='ltr'><strong>in</strong></span> <span class='ocrx_word' id='word_1_456' title='bbox 2847 1570 3082 1638; x_wconf 81' lang='lat' dir='ltr'><strong>penuria</strong></span> <span class='ocrx_word' id='word_1_457' title='bbox 3116 1585 3313 1642; x_wconf 85' lang='lat' dir='ltr'><strong>magna</strong></span> <span class='ocrx_word' id='word_1_458' title='bbox 3363 1571 3496 1626; x_wconf 86' lang='lat' dir='ltr'><strong>erit.</strong></span> <span class='ocrx_word' id='word_1_459' title='bbox 3529 1590 3558 1624; x_wconf 68' lang='grc' dir='ltr'><strong>ι</strong></span> 
     </span>
    </p>
   </div>
   <div class='ocr_carea' id='block_1_59' title="bbox 1965 1661 3560 1736">
    <p class='ocr_par' dir='ltr' id='par_1_59' title="bbox 1965 1661 3560 1736">
     <span class='ocr_line' id='line_1_59' title="bbox 1965 1661 3560 1736; baseline 0.003 -20"><span class='ocrx_word' id='word_1_460' title='bbox 1965 1691 2037 1705; x_wconf 90' lang='grc'><strong>--</strong></span> <span class='ocrx_word' id='word_1_461' title='bbox 2062 1679 2114 1716; x_wconf 82' lang='lat' dir='ltr'><strong>xr</strong></span> <span class='ocrx_word' id='word_1_462' title='bbox 2139 1702 2154 1728; x_wconf 86' lang='lat'><strong>,</strong></span> <span class='ocrx_word' id='word_1_463' title='bbox 2183 1661 2271 1719; x_wconf 82' lang='lat' dir='ltr'><strong>i7.</strong></span> <span class='ocrx_word' id='word_1_464' title='bbox 2304 1681 2324 1713; x_wconf 74' lang='grc' dir='ltr'><strong>ι</strong></span> <span class='ocrx_word' id='word_1_465' title='bbox 2359 1662 2601 1718; x_wconf 75' lang='lat' dir='ltr'><strong>Eritium</strong></span> <span class='ocrx_word' id='word_1_466' title='bbox 2650 1662 2809 1719; x_wconf 81' lang='lat' dir='ltr'><strong>aiiert</strong></span> <span class='ocrx_word' id='word_1_467' title='bbox 2850 1667 3076 1735; x_wconf 89' lang='lat' dir='ltr'><strong>corpori</strong></span> <span class='ocrx_word' id='word_1_468' title='bbox 3118 1680 3219 1721; x_wconf 89' lang='lat' dir='ltr'><strong>suo</strong></span> <span class='ocrx_word' id='word_1_469' title='bbox 3245 1665 3341 1736; x_wconf 85' lang='lat' dir='ltr'><strong>qui</strong></span> <span class='ocrx_word' id='word_1_470' title='bbox 3375 1666 3560 1721; x_wconf 89' lang='lat' dir='ltr'><strong>immi-</strong></span> 
     </span>
    </p>
   </div>
   <div class='ocr_carea' id='block_1_60' title="bbox 1970 1754 3557 1828">
    <p class='ocr_par' dir='ltr' id='par_1_60' title="bbox 1970 1754 3557 1828">
     <span class='ocr_line' id='line_1_60' title="bbox 1970 1754 3557 1828; baseline 0.001 -16"><span class='ocrx_word' id='word_1_471' title='bbox 1970 1756 2211 1812; x_wconf 86' lang='lat' dir='ltr'><strong>sericors</strong></span> <span class='ocrx_word' id='word_1_472' title='bbox 2238 1765 2345 1811; x_wconf 82' lang='lat' dir='ltr'><strong>est.</strong></span> <span class='ocrx_word' id='word_1_473' title='bbox 2374 1773 2394 1807; x_wconf 71' lang='grc' dir='ltr'><strong>ι</strong></span> <span class='ocrx_word' id='word_1_474' title='bbox 2421 1783 2492 1796; x_wconf 73' lang='grc' dir='ltr'><strong>-ο</strong></span> <span class='ocrx_word' id='word_1_475' title='bbox 2519 1770 2597 1809; x_wconf 81' lang='lat' dir='ltr'><strong>xu</strong></span> <span class='ocrx_word' id='word_1_476' title='bbox 2622 1795 2636 1821; x_wconf 90' lang='lat'><strong>,</strong></span> <span class='ocrx_word' id='word_1_477' title='bbox 2668 1754 2756 1810; x_wconf 72' lang='grc'><strong>10.</strong></span> <span class='ocrx_word' id='word_1_478' title='bbox 2791 1773 2810 1807; x_wconf 78' lang='grc' dir='ltr'><strong>ι</strong></span> <span class='ocrx_word' id='word_1_479' title='bbox 2839 1754 3068 1812; x_wconf 80' lang='lat' dir='ltr'><strong>Viscera</strong></span> <span class='ocrx_word' id='word_1_480' title='bbox 3097 1756 3395 1828; x_wconf 81' lang='lat' dir='ltr'><strong>impiorum</strong></span> <span class='ocrx_word' id='word_1_481' title='bbox 3426 1772 3557 1814; x_wconf 83' lang='lat' dir='ltr'><strong>cru-</strong></span> 
     </span>
    </p>
   </div>
   <div class='ocr_carea' id='block_1_61' title="bbox 1899 1823 2193 1906">
    <p class='ocr_par' dir='ltr' id='par_1_61' title="bbox 1899 1823 2193 1906">
     <span class='ocr_line' id='line_1_61' title="bbox 1899 1823 2193 1906; baseline -0.014 0"><span class='ocrx_word' id='word_1_482' title='bbox 1899 1823 1944 1880; x_wconf 79' lang='grc' dir='ltr'><strong>Β</strong></span> <span class='ocrx_word' id='word_1_483' title='bbox 1971 1849 2139 1906; x_wconf 79' lang='lat' dir='ltr'><strong>delia.</strong></span> <span class='ocrx_word' id='word_1_484' title='bbox 2175 1868 2193 1902; x_wconf 75' lang='grc' dir='ltr'><strong>ι</strong></span> 
     </span>
    </p>
   </div>
   <div class='ocr_carea' id='block_1_62' title="bbox 2036 1939 3551 2014">
    <p class='ocr_par' dir='ltr' id='par_1_62' title="bbox 2036 1939 3551 2014">
     <span class='ocr_line' id='line_1_62' title="bbox 2036 1939 3551 2014; baseline 0 -18"><span class='ocrx_word' id='word_1_485' title='bbox 2036 1939 2210 1997; x_wconf 78' lang='grc' dir='ltr'><strong>Εοείε.</strong></span> <span class='ocrx_word' id='word_1_486' title='bbox 2245 1957 2298 2004; x_wconf 85' lang='grc' dir='ltr'><strong>ν,</strong></span> <span class='ocrx_word' id='word_1_487' title='bbox 2331 1939 2385 1998; x_wconf 84' lang='lat'><strong>9.</strong></span> <span class='ocrx_word' id='word_1_488' title='bbox 2409 1970 2480 1982; x_wconf 92' lang='lat'><strong>——</strong></span> <span class='ocrx_word' id='word_1_489' title='bbox 2508 1958 2527 1994; x_wconf 84' lang='grc' dir='ltr'><strong>ι</strong></span> <span class='ocrx_word' id='word_1_490' title='bbox 2555 1941 2772 1998; x_wconf 81' lang='lat' dir='ltr'><strong>Avarus</strong></span> <span class='ocrx_word' id='word_1_491' title='bbox 2799 1954 2912 1997; x_wconf 87' lang='lat' dir='ltr'><strong>non</strong></span> <span class='ocrx_word' id='word_1_492' title='bbox 2940 1940 3204 2014; x_wconf 88' lang='lat' dir='ltr'><strong>impletur</strong></span> <span class='ocrx_word' id='word_1_493' title='bbox 3238 1943 3495 2013; x_wconf 78' lang='lat' dir='ltr'><strong>pecunia.</strong></span> <span class='ocrx_word' id='word_1_494' title='bbox 3528 1962 3551 1996; x_wconf 69' lang='grc' dir='ltr'><strong>ι</strong></span> 
     </span>
    </p>
   </div>
   <div class='ocr_carea' id='block_1_63' title="bbox 1965 2117 3553 2190">
    <p class='ocr_par' dir='ltr' id='par_1_63' title="bbox 1965 2117 3553 2190">
     <span class='ocr_line' id='line_1_63' title="bbox 1965 2117 3553 2190; baseline 0.004 -18"><span class='ocrx_word' id='word_1_495' title='bbox 1965 2147 2035 2158; x_wconf 93' lang='grc'><strong>-</strong></span> <span class='ocrx_word' id='word_1_496' title='bbox 2057 2133 2091 2172; x_wconf 83' lang='lat' dir='ltr'><strong><em>x</em></strong></span> <span class='ocrx_word' id='word_1_497' title='bbox 2115 2157 2130 2184; x_wconf 94' lang='lat'><strong>,</strong></span> <span class='ocrx_word' id='word_1_498' title='bbox 2159 2117 2248 2174; x_wconf 78' lang='lat' dir='ltr'><strong>i9.</strong></span> <span class='ocrx_word' id='word_1_499' title='bbox 2278 2137 2299 2172; x_wconf 78' lang='grc' dir='ltr'><strong>ι</strong></span> <span class='ocrx_word' id='word_1_500' title='bbox 2329 2117 2582 2175; x_wconf 70' lang='lat' dir='ltr'><strong>Pecuniae</strong></span> <span class='ocrx_word' id='word_1_501' title='bbox 2611 2117 2876 2175; x_wconf 76' lang='lat' dir='ltr'><strong>obedient</strong></span> <span class='ocrx_word' id='word_1_502' title='bbox 2914 2121 3124 2178; x_wconf 82' lang='lat' dir='ltr'><strong>omnia.</strong></span> <span class='ocrx_word' id='word_1_503' title='bbox 3159 2140 3178 2174; x_wconf 79' lang='grc' dir='ltr'><strong>ι</strong></span> <span class='ocrx_word' id='word_1_504' title='bbox 3214 2152 3282 2166; x_wconf 85' lang='lat'><strong>—-</strong></span> <span class='ocrx_word' id='word_1_505' title='bbox 3306 2137 3355 2178; x_wconf 77' lang='lat' dir='ltr'><strong>vi</strong></span> <span class='ocrx_word' id='word_1_506' title='bbox 3377 2164 3392 2190; x_wconf 93' lang='lat'><strong>,</strong></span> <span class='ocrx_word' id='word_1_507' title='bbox 3419 2121 3553 2189; x_wconf 70' lang='lat'><strong>1,2.</strong></span> 
     </span>
    </p>
   </div>
   <div class='ocr_carea' id='block_1_64' title="bbox 1972 2209 3559 2283">
    <p class='ocr_par' dir='ltr' id='par_1_64' title="bbox 1972 2209 3559 2283">
     <span class='ocr_line' id='line_1_64' title="bbox 1972 2209 3559 2283; baseline 0.004 -19"><span class='ocrx_word' id='word_1_508' title='bbox 1972 2226 1992 2264; x_wconf 84' lang='grc' dir='ltr'><strong>ι</strong></span> <span class='ocrx_word' id='word_1_509' title='bbox 2029 2209 2124 2265; x_wconf 81' lang='lat' dir='ltr'><strong>Est</strong></span> <span class='ocrx_word' id='word_1_510' title='bbox 2156 2210 2361 2268; x_wconf 88' lang='lat' dir='ltr'><strong>malum</strong></span> <span class='ocrx_word' id='word_1_511' title='bbox 2394 2212 2543 2283; x_wconf 84' lang='lat' dir='ltr'><strong>quod</strong></span> <span class='ocrx_word' id='word_1_512' title='bbox 2577 2211 2690 2268; x_wconf 86' lang='lat' dir='ltr'><strong>vidi</strong></span> <span class='ocrx_word' id='word_1_513' title='bbox 2722 2212 2830 2269; x_wconf 85' lang='lat' dir='ltr'><strong>sub</strong></span> <span class='ocrx_word' id='word_1_514' title='bbox 2861 2214 2978 2271; x_wconf 85' lang='lat' dir='ltr'><strong>sole</strong></span> <span class='ocrx_word' id='word_1_515' title='bbox 3012 2231 3026 2269; x_wconf 89' lang='lat'><strong>:</strong></span> <span class='ocrx_word' id='word_1_516' title='bbox 3065 2214 3152 2270; x_wconf 84' lang='lat' dir='ltr'><strong>vir</strong></span> <span class='ocrx_word' id='word_1_517' title='bbox 3193 2217 3291 2270; x_wconf 83' lang='lat' dir='ltr'><strong>cui</strong></span> <span class='ocrx_word' id='word_1_518' title='bbox 3343 2214 3559 2272; x_wconf 86' lang='lat' dir='ltr'><strong>dederit</strong></span> 
     </span>
    </p>
   </div>
   <div class='ocr_carea' id='block_1_65' title="bbox 1967 2303 3557 2381">
    <p class='ocr_par' dir='ltr' id='par_1_65' title="bbox 1967 2303 3557 2381">
     <span class='ocr_line' id='line_1_65' title="bbox 1967 2303 3557 2381; baseline 0.005 -24"><span class='ocrx_word' id='word_1_519' title='bbox 1967 2303 2113 2360; x_wconf 81' lang='lat' dir='ltr'><strong>Deus</strong></span> <span class='ocrx_word' id='word_1_520' title='bbox 2142 2303 2366 2361; x_wconf 82' lang='lat' dir='ltr'><strong>divitias</strong></span> <span class='ocrx_word' id='word_1_521' title='bbox 2387 2347 2402 2372; x_wconf 92' lang='lat'><strong>,</strong></span> <span class='ocrx_word' id='word_1_522' title='bbox 2436 2313 2491 2362; x_wconf 89' lang='lat' dir='ltr'><strong>et</strong></span> <span class='ocrx_word' id='word_1_523' title='bbox 2520 2305 2886 2365; x_wconf 77' lang='lat' dir='ltr'><strong>substantiam</strong></span> <span class='ocrx_word' id='word_1_524' title='bbox 2907 2349 2921 2373; x_wconf 86' lang='lat'><strong>,</strong></span> <span class='ocrx_word' id='word_1_525' title='bbox 2951 2317 3005 2364; x_wconf 91' lang='lat' dir='ltr'><strong>et</strong></span> <span class='ocrx_word' id='word_1_526' title='bbox 3032 2307 3262 2381; x_wconf 87' lang='lat' dir='ltr'><strong>gloriam</strong></span> <span class='ocrx_word' id='word_1_527' title='bbox 3285 2351 3299 2376; x_wconf 93' lang='lat'><strong>,</strong></span> <span class='ocrx_word' id='word_1_528' title='bbox 3335 2320 3390 2365; x_wconf 83' lang='lat' dir='ltr'><strong>et</strong></span> <span class='ocrx_word' id='word_1_529' title='bbox 3416 2309 3557 2365; x_wconf 84' lang='lat' dir='ltr'><strong>nihil</strong></span> 
     </span>
    </p>
   </div>
   <div class='ocr_carea' id='block_1_66' title="bbox 1965 2396 3557 2474">
    <p class='ocr_par' dir='ltr' id='par_1_66' title="bbox 1965 2396 3557 2474">
     <span class='ocr_line' id='line_1_66' title="bbox 1965 2396 3557 2474; baseline 0.005 -22"><span class='ocrx_word' id='word_1_530' title='bbox 1965 2396 2126 2454; x_wconf 85' lang='lat' dir='ltr'><strong>deest</strong></span> <span class='ocrx_word' id='word_1_531' title='bbox 2163 2397 2362 2453; x_wconf 67' lang='lat' dir='ltr'><strong>animae</strong></span> <span class='ocrx_word' id='word_1_532' title='bbox 2413 2397 2536 2469; x_wconf 86' lang='lat' dir='ltr'><strong>ejus</strong></span> <span class='ocrx_word' id='word_1_533' title='bbox 2574 2414 2642 2456; x_wconf 83' lang='lat' dir='ltr'><strong>ex</strong></span> <span class='ocrx_word' id='word_1_534' title='bbox 2679 2400 2940 2457; x_wconf 87' lang='lat' dir='ltr'><strong>omnibus</strong></span> <span class='ocrx_word' id='word_1_535' title='bbox 2969 2417 3103 2474; x_wconf 66' lang='lat' dir='ltr'><strong>quae</strong></span> <span class='ocrx_word' id='word_1_536' title='bbox 3140 2401 3465 2460; x_wconf 83' lang='lat' dir='ltr'><strong>desiderat:</strong></span> <span class='ocrx_word' id='word_1_537' title='bbox 3499 2412 3557 2460; x_wconf 85' lang='lat' dir='ltr'><strong>et</strong></span> 
     </span>
    </p>
   </div>
   <div class='ocr_carea' id='block_1_67' title="bbox 1965 2490 2809 2551">
    <p class='ocr_par' dir='ltr' id='par_1_67' title="bbox 1965 2490 2809 2551">
     <span class='ocr_line' id='line_1_67' title="bbox 1965 2490 2809 2551; baseline 0.001 -4"><span class='ocrx_word' id='word_1_538' title='bbox 1965 2490 2055 2548; x_wconf 81' lang='lat' dir='ltr'><strong>vir</strong></span> <span class='ocrx_word' id='word_1_539' title='bbox 2086 2490 2306 2549; x_wconf 85' lang='lat' dir='ltr'><strong>alienus</strong></span> <span class='ocrx_word' id='word_1_540' title='bbox 2332 2491 2571 2550; x_wconf 84' lang='lat' dir='ltr'><strong>comedit</strong></span> <span class='ocrx_word' id='word_1_541' title='bbox 2600 2508 2754 2551; x_wconf 86' lang='lat' dir='ltr'><strong>eum.</strong></span> <span class='ocrx_word' id='word_1_542' title='bbox 2785 2512 2809 2548; x_wconf 71' lang='grc' dir='ltr'><strong>ο</strong></span> 
     </span>
    </p>
   </div>
   <div class='ocr_carea' id='block_1_68' title="bbox 2039 2672 3554 2752">
    <p class='ocr_par' dir='ltr' id='par_1_68' title="bbox 2039 2672 3554 2752">
     <span class='ocr_line' id='line_1_68' title="bbox 2039 2672 3554 2752; baseline 0.005 -21"><span class='ocrx_word' id='word_1_543' title='bbox 2039 2672 2170 2732; x_wconf 78' lang='lat' dir='ltr'><strong>Osee</strong></span> <span class='ocrx_word' id='word_1_544' title='bbox 2192 2690 2274 2731; x_wconf 67' lang='grc' dir='ltr'><strong>⁴[ιιι</strong></span> <span class='ocrx_word' id='word_1_545' title='bbox 2297 2716 2311 2742; x_wconf 88' lang='grc'><strong>,</strong></span> <span class='ocrx_word' id='word_1_546' title='bbox 2343 2677 2397 2731; x_wconf 84' lang='lat'><strong>7.</strong></span> <span class='ocrx_word' id='word_1_547' title='bbox 2424 2706 2498 2720; x_wconf 69' lang='grc' dir='ltr'><strong><em>η-</em></strong></span> <span class='ocrx_word' id='word_1_548' title='bbox 2521 2693 2548 2730; x_wconf 67' lang='grc' dir='ltr'><strong>ε</strong></span> <span class='ocrx_word' id='word_1_549' title='bbox 2587 2676 2850 2735; x_wconf 81' lang='lat' dir='ltr'><strong>Chanaan</strong></span> <span class='ocrx_word' id='word_1_550' title='bbox 2869 2718 2886 2745; x_wconf 94' lang='lat'><strong>,</strong></span> <span class='ocrx_word' id='word_1_551' title='bbox 2919 2677 2975 2734; x_wconf 81' lang='lat' dir='ltr'><strong>in</strong></span> <span class='ocrx_word' id='word_1_552' title='bbox 3000 2693 3168 2736; x_wconf 85' lang='lat' dir='ltr'><strong>manu</strong></span> <span class='ocrx_word' id='word_1_553' title='bbox 3190 2678 3319 2752; x_wconf 76' lang='lat' dir='ltr'><strong>ejus</strong></span> <span class='ocrx_word' id='word_1_554' title='bbox 3345 2687 3554 2740; x_wconf 75' lang='lat' dir='ltr'><strong>statera</strong></span> 
     </span>
    </p>
   </div>
   <div class='ocr_carea' id='block_1_69' title="bbox 1964 2767 2977 2844">
    <p class='ocr_par' dir='ltr' id='par_1_69' title="bbox 1964 2767 2977 2844">
     <span class='ocr_line' id='line_1_69' title="bbox 1964 2767 2977 2844; baseline 0 -18"><span class='ocrx_word' id='word_1_555' title='bbox 1964 2767 2278 2840; x_wconf 85' lang='lat' dir='ltr'><strong>iniquitatis</strong></span> <span class='ocrx_word' id='word_1_556' title='bbox 2308 2789 2322 2826; x_wconf 86' lang='lat'><strong>:</strong></span> <span class='ocrx_word' id='word_1_557' title='bbox 2356 2771 2676 2844; x_wconf 84' lang='lat' dir='ltr'><strong>opprimere</strong></span> <span class='ocrx_word' id='word_1_558' title='bbox 2703 2772 2920 2829; x_wconf 75' lang='lat' dir='ltr'><strong>dilexit.</strong></span> <span class='ocrx_word' id='word_1_559' title='bbox 2958 2791 2977 2826; x_wconf 70' lang='grc' dir='ltr'><strong>ι</strong></span> 
     </span>
    </p>
   </div>
   <div class='ocr_carea' id='block_1_70' title="bbox 2037 2855 3560 2940">
    <p class='ocr_par' dir='ltr' id='par_1_70' title="bbox 2037 2855 3560 2940">
     <span class='ocr_line' id='line_1_70' title="bbox 2037 2855 3560 2940; baseline 0.007 -23"><span class='ocrx_word' id='word_1_560' title='bbox 2037 2862 2245 2920; x_wconf 81' lang='lat' dir='ltr'><strong>Habac.</strong></span> <span class='ocrx_word' id='word_1_561' title='bbox 2273 2880 2313 2920; x_wconf 77' lang='lat' dir='ltr'><strong>tt</strong></span> <span class='ocrx_word' id='word_1_562' title='bbox 2335 2906 2351 2933; x_wconf 90' lang='lat'><strong>,</strong></span> <span class='ocrx_word' id='word_1_563' title='bbox 2377 2865 2410 2921; x_wconf 84' lang='lat'><strong><em>6</em></strong></span> <span class='ocrx_word' id='word_1_564' title='bbox 2432 2903 2448 2932; x_wconf 87' lang='lat'><strong>,</strong></span> <span class='ocrx_word' id='word_1_565' title='bbox 2479 2864 2531 2922; x_wconf 85' lang='lat'><strong>7.</strong></span> <span class='ocrx_word' id='word_1_566' title='bbox 2550 2895 2624 2911; x_wconf 90' lang='lat'><strong>-</strong></span> <span class='ocrx_word' id='word_1_567' title='bbox 2646 2884 2666 2919; x_wconf 79' lang='grc' dir='ltr'><strong>ι</strong></span> <span class='ocrx_word' id='word_1_568' title='bbox 2696 2864 2790 2923; x_wconf 66' lang='grc' dir='ltr'><strong>ναξ</strong></span> <span class='ocrx_word' id='word_1_569' title='bbox 2813 2866 2911 2940; x_wconf 87' lang='lat' dir='ltr'><strong>qui</strong></span> <span class='ocrx_word' id='word_1_570' title='bbox 2939 2855 3276 2939; x_wconf 85' lang='lat' dir='ltr'><strong>multiplicat</strong></span> <span class='ocrx_word' id='word_1_571' title='bbox 3297 2885 3420 2940; x_wconf 78' lang='lat' dir='ltr'><strong>quae</strong></span> <span class='ocrx_word' id='word_1_572' title='bbox 3442 2885 3560 2927; x_wconf 77' lang='lat' dir='ltr'><strong>non</strong></span> 
     </span>
    </p>
   </div>
   <div class='ocr_carea' id='block_1_71' title="bbox 1965 2962 3553 3035">
    <p class='ocr_par' dir='ltr' id='par_1_71' title="bbox 1965 2962 3553 3035">
     <span class='ocr_line' id='line_1_71' title="bbox 1965 2962 3553 3035; baseline 0.006 -23"><span class='ocrx_word' id='word_1_573' title='bbox 1965 2970 2065 3012; x_wconf 84' lang='lat' dir='ltr'><strong>sua</strong></span> <span class='ocrx_word' id='word_1_574' title='bbox 2098 2966 2250 3023; x_wconf 90' lang='lat' dir='ltr'><strong>sunt,</strong></span> <span class='ocrx_word' id='word_1_575' title='bbox 2275 2965 2332 3013; x_wconf 87' lang='lat' dir='ltr'><strong>et</strong></span> <span class='ocrx_word' id='word_1_576' title='bbox 2356 2968 2621 3029; x_wconf 84' lang='lat' dir='ltr'><strong>aggravat</strong></span> <span class='ocrx_word' id='word_1_577' title='bbox 2649 2967 2900 3030; x_wconf 87' lang='lat' dir='ltr'><strong>torquem</strong></span> <span class='ocrx_word' id='word_1_578' title='bbox 2930 2975 3093 3016; x_wconf 82' lang='lat' dir='ltr'><strong>suum</strong></span> <span class='ocrx_word' id='word_1_579' title='bbox 3119 2962 3392 3034; x_wconf 76' lang='lat' dir='ltr'><strong>graviter:</strong></span> <span class='ocrx_word' id='word_1_580' title='bbox 3421 2962 3553 3035; x_wconf 85' lang='lat' dir='ltr'><strong>quia</strong></span> 
     </span>
    </p>
   </div>
   <div class='ocr_carea' id='block_1_72' title="bbox 1965 3050 3552 3128">
    <p class='ocr_par' dir='ltr' id='par_1_72' title="bbox 1965 3050 3552 3128">
     <span class='ocr_line' id='line_1_72' title="bbox 1965 3050 3552 3128; baseline 0.006 -23"><span class='ocrx_word' id='word_1_581' title='bbox 1965 3050 2154 3106; x_wconf 86' lang='lat' dir='ltr'><strong>subito</strong></span> <span class='ocrx_word' id='word_1_582' title='bbox 2203 3060 2544 3125; x_wconf 86' lang='lat' dir='ltr'><strong>con-surgent</strong></span> <span class='ocrx_word' id='word_1_583' title='bbox 2583 3052 2902 3110; x_wconf 74' lang='lat' dir='ltr'><strong>mordentes</strong></span> <span class='ocrx_word' id='word_1_584' title='bbox 2933 3069 3060 3110; x_wconf 89' lang='lat' dir='ltr'><strong>eum</strong></span> <span class='ocrx_word' id='word_1_585' title='bbox 3083 3095 3098 3122; x_wconf 92' lang='lat'><strong>,</strong></span> <span class='ocrx_word' id='word_1_586' title='bbox 3134 3063 3190 3111; x_wconf 89' lang='lat' dir='ltr'><strong>et</strong></span> <span class='ocrx_word' id='word_1_587' title='bbox 3219 3056 3552 3128; x_wconf 83' lang='lat' dir='ltr'><strong>vigilabunt.</strong></span> 
     </span>
    </p>
   </div>
   <div class='ocr_carea' id='block_1_73' title="bbox 1965 3142 3553 3222">
    <p class='ocr_par' dir='ltr' id='par_1_73' title="bbox 1965 3142 3553 3222">
     <span class='ocr_line' id='line_1_73' title="bbox 1965 3142 3553 3222; baseline 0.005 -23"><span class='ocrx_word' id='word_1_588' title='bbox 1965 3142 2069 3209; x_wconf 89' lang='lat' dir='ltr'><strong>Qui</strong></span> <span class='ocrx_word' id='word_1_589' title='bbox 2104 3143 2432 3216; x_wconf 77' lang='lat' dir='ltr'><strong>multiplicat</strong></span> <span class='ocrx_word' id='word_1_590' title='bbox 2480 3145 2769 3202; x_wconf 78' lang='lat' dir='ltr'><strong>avaritiam</strong></span> <span class='ocrx_word' id='word_1_591' title='bbox 2820 3147 3024 3202; x_wconf 73' lang='lat' dir='ltr'><strong>malam</strong></span> <span class='ocrx_word' id='word_1_592' title='bbox 3069 3148 3256 3206; x_wconf 85' lang='lat' dir='ltr'><strong>domui</strong></span> <span class='ocrx_word' id='word_1_593' title='bbox 3300 3159 3553 3222; x_wconf 65' lang='lat' dir='ltr'><strong>suae,ut</strong></span> 
     </span>
    </p>
   </div>
   <div class='ocr_carea' id='block_1_74' title="bbox 1961 3237 2769 3312">
    <p class='ocr_par' dir='ltr' id='par_1_74' title="bbox 1961 3237 2769 3312">
     <span class='ocr_line' id='line_1_74' title="bbox 1961 3237 2769 3312; baseline 0.004 -20"><span class='ocrx_word' id='word_1_594' title='bbox 1961 3246 2134 3312; x_wconf 88' lang='lat' dir='ltr'><strong>ponat</strong></span> <span class='ocrx_word' id='word_1_595' title='bbox 2163 3237 2359 3294; x_wconf 88' lang='lat' dir='ltr'><strong>nidum</strong></span> <span class='ocrx_word' id='word_1_596' title='bbox 2390 3255 2586 3304; x_wconf 87' lang='lat' dir='ltr'><strong>suum,</strong></span> <span class='ocrx_word' id='word_1_597' title='bbox 2609 3258 2626 3291; x_wconf 78' lang='grc' dir='ltr'><strong>ι</strong></span> <span class='ocrx_word' id='word_1_598' title='bbox 2656 3249 2769 3295; x_wconf 88' lang='lat' dir='ltr'><strong>etc.</strong></span> 
     </span>
    </p>
   </div>
   <div class='ocr_carea' id='block_1_75' title="bbox 2033 3329 3550 3404">
    <p class='ocr_par' dir='ltr' id='par_1_75' title="bbox 2033 3329 3550 3404">
     <span class='ocr_line' id='line_1_75' title="bbox 2033 3329 3550 3404; baseline 0.005 -20"><span class='ocrx_word' id='word_1_599' title='bbox 2033 3329 2152 3388; x_wconf 77' lang='lat' dir='ltr'><strong>lsa.</strong></span> <span class='ocrx_word' id='word_1_600' title='bbox 2199 3346 2256 3400; x_wconf 70' lang='grc' dir='ltr'><strong>ν,</strong></span> <span class='ocrx_word' id='word_1_601' title='bbox 2310 3331 2455 3387; x_wconf 84' lang='lat'><strong>8.--</strong></span> <span class='ocrx_word' id='word_1_602' title='bbox 2483 3350 2502 3386; x_wconf 85' lang='grc' dir='ltr'><strong>ι</strong></span> <span class='ocrx_word' id='word_1_603' title='bbox 2550 3332 2640 3388; x_wconf 71' lang='lat' dir='ltr'><strong>Vat</strong></span> <span class='ocrx_word' id='word_1_604' title='bbox 2690 3331 2783 3404; x_wconf 84' lang='lat' dir='ltr'><strong>qui</strong></span> <span class='ocrx_word' id='word_1_605' title='bbox 2807 3331 3168 3404; x_wconf 54' lang='lat' dir='ltr'><strong>Tcoujungitis</strong></span> <span class='ocrx_word' id='word_1_606' title='bbox 3211 3334 3434 3390; x_wconf 90' lang='lat' dir='ltr'><strong>domum</strong></span> <span class='ocrx_word' id='word_1_607' title='bbox 3480 3335 3550 3392; x_wconf 84' lang='lat' dir='ltr'><strong>ad</strong></span> 
     </span>
    </p>
   </div>
   <div class='ocr_carea' id='block_1_76' title="bbox 1967 3422 3552 3501">
    <p class='ocr_par' dir='ltr' id='par_1_76' title="bbox 1967 3422 3552 3501">
     <span class='ocr_line' id='line_1_76' title="bbox 1967 3422 3552 3501; baseline 0.006 -22"><span class='ocrx_word' id='word_1_608' title='bbox 1967 3422 2192 3480; x_wconf 90' lang='lat' dir='ltr'><strong>domum</strong></span> <span class='ocrx_word' id='word_1_609' title='bbox 2216 3466 2234 3491; x_wconf 92' lang='lat'><strong>,</strong></span> <span class='ocrx_word' id='word_1_610' title='bbox 2270 3433 2326 3480; x_wconf 90' lang='lat' dir='ltr'><strong>et</strong></span> <span class='ocrx_word' id='word_1_611' title='bbox 2360 3440 2554 3498; x_wconf 90' lang='lat' dir='ltr'><strong>agrum</strong></span> <span class='ocrx_word' id='word_1_612' title='bbox 2605 3425 2674 3482; x_wconf 91' lang='lat' dir='ltr'><strong>ad</strong></span> <span class='ocrx_word' id='word_1_613' title='bbox 2711 3441 2904 3501; x_wconf 89' lang='lat' dir='ltr'><strong>agrum</strong></span> <span class='ocrx_word' id='word_1_614' title='bbox 2933 3426 3309 3499; x_wconf 86' lang='lat' dir='ltr'><strong>copulatis,ut</strong></span> <span class='ocrx_word' id='word_1_615' title='bbox 3341 3429 3552 3501; x_wconf 82' lang='lat' dir='ltr'><strong>aliquid</strong></span> 
     </span>
    </p>
   </div>
   <div class='ocr_carea' id='block_1_77' title="bbox 1960 3518 2592 3590">
    <p class='ocr_par' dir='ltr' id='par_1_77' title="bbox 1960 3518 2592 3590">
     <span class='ocr_line' id='line_1_77' title="bbox 1960 3518 2592 3590; baseline -0.002 -16"><span class='ocrx_word' id='word_1_616' title='bbox 1960 3519 2216 3590; x_wconf 83' lang='lat' dir='ltr'><strong>proximo</strong></span> <span class='ocrx_word' id='word_1_617' title='bbox 2248 3518 2541 3577; x_wconf 79' lang='lat' dir='ltr'><strong>auieratis.</strong></span> <span class='ocrx_word' id='word_1_618' title='bbox 2572 3538 2592 3573; x_wconf 74' lang='grc' dir='ltr'><strong>ι</strong></span> 
     </span>
    </p>
   </div>
   <div class='ocr_carea' id='block_1_78' title="bbox 2033 3630 3547 3708">
    <p class='ocr_par' dir='ltr' id='par_1_78' title="bbox 2033 3630 3547 3708">
     <span class='ocr_line' id='line_1_78' title="bbox 2033 3630 3547 3708; baseline 0.005 -19"><span class='ocrx_word' id='word_1_619' title='bbox 2033 3630 2149 3690; x_wconf 80' lang='lat' dir='ltr'><strong>Isa.</strong></span> <span class='ocrx_word' id='word_1_620' title='bbox 2180 3649 2266 3697; x_wconf 86' lang='lat' dir='ltr'><strong>ill,</strong></span> <span class='ocrx_word' id='word_1_621' title='bbox 2300 3634 2390 3701; x_wconf 75' lang='grc' dir='ltr'><strong>Η,</strong></span> <span class='ocrx_word' id='word_1_622' title='bbox 2419 3634 2511 3690; x_wconf 75' lang='lat'><strong>15.</strong></span> <span class='ocrx_word' id='word_1_623' title='bbox 2533 3665 2606 3677; x_wconf 73' lang='grc' dir='ltr'><strong>σ-</strong></span> <span class='ocrx_word' id='word_1_624' title='bbox 2637 3653 2655 3686; x_wconf 82' lang='grc' dir='ltr'><strong>ι</strong></span> <span class='ocrx_word' id='word_1_625' title='bbox 2680 3632 2892 3708; x_wconf 82' lang='lat' dir='ltr'><strong>Rapina</strong></span> <span class='ocrx_word' id='word_1_626' title='bbox 2942 3636 3202 3708; x_wconf 89' lang='lat' dir='ltr'><strong>pauperis</strong></span> <span class='ocrx_word' id='word_1_627' title='bbox 3231 3645 3314 3696; x_wconf 86' lang='lat' dir='ltr'><strong>est</strong></span> <span class='ocrx_word' id='word_1_628' title='bbox 3356 3637 3412 3694; x_wconf 90' lang='lat' dir='ltr'><strong>in</strong></span> <span class='ocrx_word' id='word_1_629' title='bbox 3442 3635 3547 3696; x_wconf 88' lang='lat' dir='ltr'><strong>do-</strong></span> 
     </span>
    </p>
   </div>
   <div class='ocr_carea' id='block_1_79' title="bbox 1972 3727 3550 3803">
    <p class='ocr_par' dir='ltr' id='par_1_79' title="bbox 1972 3727 3550 3803">
     <span class='ocr_line' id='line_1_79' title="bbox 1972 3727 3550 3803; baseline 0.004 -19"><span class='ocrx_word' id='word_1_630' title='bbox 1972 3727 2156 3785; x_wconf 87' lang='lat' dir='ltr'><strong>mibus</strong></span> <span class='ocrx_word' id='word_1_631' title='bbox 2185 3728 2400 3785; x_wconf 75' lang='lat' dir='ltr'><strong>vestris.</strong></span> <span class='ocrx_word' id='word_1_632' title='bbox 2431 3727 2571 3797; x_wconf 82' lang='lat' dir='ltr'><strong>Quid</strong></span> <span class='ocrx_word' id='word_1_633' title='bbox 2600 3743 2698 3786; x_wconf 86' lang='lat' dir='ltr'><strong>vos</strong></span> <span class='ocrx_word' id='word_1_634' title='bbox 2728 3729 2929 3801; x_wconf 87' lang='lat' dir='ltr'><strong>injuria</strong></span> <span class='ocrx_word' id='word_1_635' title='bbox 2953 3728 3168 3788; x_wconf 69' lang='lat' dir='ltr'><strong>adicitis</strong></span> <span class='ocrx_word' id='word_1_636' title='bbox 3191 3733 3473 3803; x_wconf 88' lang='lat' dir='ltr'><strong>populum,</strong></span> <span class='ocrx_word' id='word_1_637' title='bbox 3494 3741 3550 3791; x_wconf 87' lang='lat' dir='ltr'><strong>et</strong></span> 
     </span>
    </p>
   </div>
   <div class='ocr_carea' id='block_1_80' title="bbox 1962 3821 3552 3896">
    <p class='ocr_par' dir='ltr' id='par_1_80' title="bbox 1962 3821 3552 3896">
     <span class='ocr_line' id='line_1_80' title="bbox 1962 3821 3552 3896; baseline 0.003 -19"><span class='ocrx_word' id='word_1_638' title='bbox 1962 3821 2160 3879; x_wconf 82' lang='lat' dir='ltr'><strong>faciem</strong></span> <span class='ocrx_word' id='word_1_639' title='bbox 2188 3838 2489 3896; x_wconf 83' lang='lat' dir='ltr'><strong>pauperum</strong></span> <span class='ocrx_word' id='word_1_640' title='bbox 2521 3823 2901 3881; x_wconf 75' lang='lat' dir='ltr'><strong>confunditis?</strong></span> <span class='ocrx_word' id='word_1_641' title='bbox 2935 3825 3071 3881; x_wconf 88' lang='lat' dir='ltr'><strong>dicit</strong></span> <span class='ocrx_word' id='word_1_642' title='bbox 3094 3824 3386 3886; x_wconf 89' lang='lat' dir='ltr'><strong>Dominus.</strong></span> <span class='ocrx_word' id='word_1_643' title='bbox 3433 3847 3455 3882; x_wconf 71' lang='grc' dir='ltr'><strong>ι</strong></span> <span class='ocrx_word' id='word_1_644' title='bbox 3476 3857 3552 3870; x_wconf 91' lang='lat'><strong>—-</strong></span> 
     </span>
    </p>
   </div>
   <div class='ocr_carea' id='block_1_81' title="bbox 1960 3902 3546 3992">
    <p class='ocr_par' dir='ltr' id='par_1_81' title="bbox 1960 3902 3546 3992">
     <span class='ocr_line' id='line_1_81' title="bbox 1960 3902 3546 3992; baseline 0.004 -22"><span class='ocrx_word' id='word_1_645' title='bbox 1960 3930 2146 3982; x_wconf 76' lang='lat' dir='ltr'><strong>XLVII,</strong></span> <span class='ocrx_word' id='word_1_646' title='bbox 2178 3915 2233 3973; x_wconf 87' lang='lat'><strong>6.</strong></span> <span class='ocrx_word' id='word_1_647' title='bbox 2270 3935 2290 3969; x_wconf 81' lang='grc' dir='ltr'><strong>ι</strong></span> <span class='ocrx_word' id='word_1_648' title='bbox 2321 3902 2438 3988; x_wconf 85' lang='lat' dir='ltr'><strong>Ego</strong></span> <span class='ocrx_word' id='word_1_649' title='bbox 2463 3917 2592 3973; x_wconf 88' lang='lat' dir='ltr'><strong>dedi</strong></span> <span class='ocrx_word' id='word_1_650' title='bbox 2621 3932 2714 3974; x_wconf 88' lang='lat' dir='ltr'><strong>eos</strong></span> <span class='ocrx_word' id='word_1_651' title='bbox 2746 3918 2804 3974; x_wconf 90' lang='lat' dir='ltr'><strong>in</strong></span> <span class='ocrx_word' id='word_1_652' title='bbox 2832 3933 3057 3974; x_wconf 89' lang='lat' dir='ltr'><strong>manum</strong></span> <span class='ocrx_word' id='word_1_653' title='bbox 3089 3927 3241 3992; x_wconf 85' lang='lat' dir='ltr'><strong>tuam</strong></span> <span class='ocrx_word' id='word_1_654' title='bbox 3277 3939 3291 3976; x_wconf 88' lang='lat'><strong>:</strong></span> <span class='ocrx_word' id='word_1_655' title='bbox 3324 3929 3382 3976; x_wconf 93' lang='lat' dir='ltr'><strong>tu</strong></span> <span class='ocrx_word' id='word_1_656' title='bbox 3416 3937 3546 3978; x_wconf 83' lang='lat' dir='ltr'><strong>vero</strong></span> 
     </span>
    </p>
   </div>
   <div class='ocr_carea' id='block_1_82' title="bbox 1963 3995 3547 4079">
    <p class='ocr_par' dir='ltr' id='par_1_82' title="bbox 1963 3995 3547 4079">
     <span class='ocr_line' id='line_1_82' title="bbox 1963 3995 3547 4079; baseline 0.004 -15"><span class='ocrx_word' id='word_1_657' title='bbox 1963 4023 2077 4065; x_wconf 91' lang='lat' dir='ltr'><strong>non</strong></span> <span class='ocrx_word' id='word_1_658' title='bbox 2131 4009 2332 4065; x_wconf 89' lang='lat' dir='ltr'><strong>dedisti</strong></span> <span class='ocrx_word' id='word_1_659' title='bbox 2382 4010 2466 4066; x_wconf 87' lang='lat' dir='ltr'><strong>eis</strong></span> <span class='ocrx_word' id='word_1_660' title='bbox 2511 4010 2980 4068; x_wconf 86' lang='lat' dir='ltr'><strong>miscricordiam.</strong></span> <span class='ocrx_word' id='word_1_661' title='bbox 3018 3995 3209 4079; x_wconf 69' lang='lat' dir='ltr'><strong>r—t,</strong></span> <span class='ocrx_word' id='word_1_662' title='bbox 3244 4013 3331 4068; x_wconf 82' lang='lat' dir='ltr'><strong>l5.</strong></span> <span class='ocrx_word' id='word_1_663' title='bbox 3361 4031 3382 4066; x_wconf 77' lang='grc' dir='ltr'><strong>ι</strong></span> <span class='ocrx_word' id='word_1_664' title='bbox 3409 4013 3547 4070; x_wconf 85' lang='lat' dir='ltr'><strong>Cum</strong></span> 
     </span>
    </p>
   </div>
   <div class='ocr_carea' id='block_1_83' title="bbox 1961 4103 3547 4168">
    <p class='ocr_par' dir='ltr' id='par_1_83' title="bbox 1961 4103 3547 4168">
     <span class='ocr_line' id='line_1_83' title="bbox 1961 4103 3547 4168; baseline 0.004 -10"><span class='ocrx_word' id='word_1_665' title='bbox 1961 4103 2328 4159; x_wconf 83' lang='lat' dir='ltr'><strong>extenderitis</strong></span> <span class='ocrx_word' id='word_1_666' title='bbox 2356 4119 2556 4161; x_wconf 86' lang='lat' dir='ltr'><strong>manus</strong></span> <span class='ocrx_word' id='word_1_667' title='bbox 2579 4110 2815 4168; x_wconf 84' lang='lat' dir='ltr'><strong>vestras,</strong></span> <span class='ocrx_word' id='word_1_668' title='bbox 2846 4115 3093 4161; x_wconf 86' lang='lat' dir='ltr'><strong>avertam</strong></span> <span class='ocrx_word' id='word_1_669' title='bbox 3119 4105 3315 4162; x_wconf 85' lang='lat' dir='ltr'><strong>oculos</strong></span> <span class='ocrx_word' id='word_1_670' title='bbox 3340 4121 3489 4163; x_wconf 89' lang='lat' dir='ltr'><strong>meos</strong></span> <span class='ocrx_word' id='word_1_671' title='bbox 3515 4123 3547 4164; x_wconf 83' lang='lat' dir='ltr'><strong>a</strong></span> 
     </span>
    </p>
   </div>
   <div class='ocr_carea' id='block_1_84' title="bbox 1960 4193 3545 4270">
    <p class='ocr_par' dir='ltr' id='par_1_84' title="bbox 1960 4193 3545 4270">
     <span class='ocr_line' id='line_1_84' title="bbox 1960 4193 3545 4270; baseline 0.002 -20"><span class='ocrx_word' id='word_1_672' title='bbox 1960 4196 2142 4251; x_wconf 86' lang='lat' dir='ltr'><strong>vobis.</strong></span> <span class='ocrx_word' id='word_1_673' title='bbox 2175 4193 2318 4251; x_wconf 76' lang='lat' dir='ltr'><strong>Nam</strong></span> <span class='ocrx_word' id='word_1_674' title='bbox 2354 4211 2552 4254; x_wconf 89' lang='lat' dir='ltr'><strong>manus</strong></span> <span class='ocrx_word' id='word_1_675' title='bbox 2585 4205 2781 4254; x_wconf 84' lang='lat' dir='ltr'><strong>vestrae</strong></span> <span class='ocrx_word' id='word_1_676' title='bbox 2816 4198 3086 4269; x_wconf 83' lang='lat' dir='ltr'><strong>sanguine</strong></span> <span class='ocrx_word' id='word_1_677' title='bbox 3119 4197 3295 4270; x_wconf 71' lang='lat' dir='ltr'><strong>plena:</strong></span> <span class='ocrx_word' id='word_1_678' title='bbox 3326 4206 3480 4256; x_wconf 77' lang='lat' dir='ltr'><strong>sunt.</strong></span> <span class='ocrx_word' id='word_1_679' title='bbox 3524 4217 3545 4253; x_wconf 70' lang='grc' dir='ltr'><strong>ι</strong></span> 
     </span>
    </p>
   </div>
   <div class='ocr_carea' id='block_1_85' title="bbox 1960 4288 3550 4364">
    <p class='ocr_par' dir='ltr' id='par_1_85' title="bbox 1960 4288 3550 4364">
     <span class='ocr_line' id='line_1_85' title="bbox 1960 4288 3550 4364; baseline 0.003 -20"><span class='ocrx_word' id='word_1_680' title='bbox 1960 4318 2030 4331; x_wconf 87' lang='grc'><strong>--</strong></span> <span class='ocrx_word' id='word_1_681' title='bbox 2059 4304 2131 4346; x_wconf 79' lang='grc' dir='ltr'><strong>ιη</strong></span> <span class='ocrx_word' id='word_1_682' title='bbox 2153 4329 2168 4356; x_wconf 91' lang='grc'><strong>,</strong></span> <span class='ocrx_word' id='word_1_683' title='bbox 2199 4290 2257 4346; x_wconf 78' lang='lat'><strong>5.</strong></span> <span class='ocrx_word' id='word_1_684' title='bbox 2295 4308 2314 4341; x_wconf 83' lang='grc' dir='ltr'><strong>ι</strong></span> <span class='ocrx_word' id='word_1_685' title='bbox 2349 4288 2584 4362; x_wconf 89' lang='lat' dir='ltr'><strong>Propter</strong></span> <span class='ocrx_word' id='word_1_686' title='bbox 2617 4307 2715 4347; x_wconf 86' lang='lat' dir='ltr'><strong>vos</strong></span> <span class='ocrx_word' id='word_1_687' title='bbox 2744 4303 2946 4346; x_wconf 88' lang='lat' dir='ltr'><strong>nomen</strong></span> <span class='ocrx_word' id='word_1_688' title='bbox 2980 4307 3162 4347; x_wconf 89' lang='lat' dir='ltr'><strong>meum</strong></span> <span class='ocrx_word' id='word_1_689' title='bbox 3197 4292 3550 4364; x_wconf 88' lang='lat' dir='ltr'><strong>blasphema-</strong></span> 
     </span>
    </p>
   </div>
   <div class='ocr_carea' id='block_1_86' title="bbox 1960 4382 3549 4457">
    <p class='ocr_par' dir='ltr' id='par_1_86' title="bbox 1960 4382 3549 4457">
     <span class='ocr_line' id='line_1_86' title="bbox 1960 4382 3549 4457; baseline 0.003 -20"><span class='ocrx_word' id='word_1_690' title='bbox 1960 4389 2055 4438; x_wconf 90' lang='lat' dir='ltr'><strong>tur</strong></span> <span class='ocrx_word' id='word_1_691' title='bbox 2089 4384 2145 4438; x_wconf 90' lang='lat' dir='ltr'><strong>in</strong></span> <span class='ocrx_word' id='word_1_692' title='bbox 2181 4383 2458 4457; x_wconf 78' lang='lat' dir='ltr'><strong>gentibus.</strong></span> <span class='ocrx_word' id='word_1_693' title='bbox 2494 4402 2514 4437; x_wconf 70' lang='grc' dir='ltr'><strong>ι</strong></span> <span class='ocrx_word' id='word_1_694' title='bbox 2540 4414 2611 4425; x_wconf 91' lang='grc'><strong>-</strong></span> <span class='ocrx_word' id='word_1_695' title='bbox 2634 4399 2775 4451; x_wconf 79' lang='lat' dir='ltr'><strong>Lvu,</strong></span> <span class='ocrx_word' id='word_1_696' title='bbox 2815 4382 2910 4439; x_wconf 77' lang='lat'><strong>20.</strong></span> <span class='ocrx_word' id='word_1_697' title='bbox 2939 4402 2960 4437; x_wconf 81' lang='grc' dir='ltr'><strong>ι</strong></span> <span class='ocrx_word' id='word_1_698' title='bbox 2996 4383 3156 4456; x_wconf 86' lang='lat' dir='ltr'><strong>impii</strong></span> <span class='ocrx_word' id='word_1_699' title='bbox 3198 4387 3358 4457; x_wconf 86' lang='lat' dir='ltr'><strong>quasi</strong></span> <span class='ocrx_word' id='word_1_700' title='bbox 3397 4401 3549 4443; x_wconf 87' lang='lat' dir='ltr'><strong>mare</strong></span> 
     </span>
    </p>
   </div>
   <div class='ocr_carea' id='block_1_87' title="bbox 1961 4476 3548 4551">
    <p class='ocr_par' dir='ltr' id='par_1_87' title="bbox 1961 4476 3548 4551">
     <span class='ocr_line' id='line_1_87' title="bbox 1961 4476 3548 4551; baseline 0.002 -20"><span class='ocrx_word' id='word_1_701' title='bbox 1961 4476 2215 4542; x_wconf 79' lang='lat' dir='ltr'><strong>fervens,</strong></span> <span class='ocrx_word' id='word_1_702' title='bbox 2250 4478 2330 4534; x_wconf 88' lang='lat' dir='ltr'><strong>sic</strong></span> <span class='ocrx_word' id='word_1_703' title='bbox 2361 4477 2749 4547; x_wconf 78' lang='lat' dir='ltr'><strong>ﬂuctuabant,</strong></span> <span class='ocrx_word' id='word_1_704' title='bbox 2781 4485 2836 4534; x_wconf 86' lang='lat' dir='ltr'><strong>et</strong></span> <span class='ocrx_word' id='word_1_705' title='bbox 2860 4478 3220 4549; x_wconf 85' lang='lat' dir='ltr'><strong>requiescere</strong></span> <span class='ocrx_word' id='word_1_706' title='bbox 3252 4494 3359 4535; x_wconf 89' lang='lat' dir='ltr'><strong>non</strong></span> <span class='ocrx_word' id='word_1_707' title='bbox 3392 4486 3548 4551; x_wconf 83' lang='lat' dir='ltr'><strong>pote-</strong></span> 
     </span>
    </p>
   </div>
   <div class='ocr_carea' id='block_1_88' title="bbox 267 4568 1862 4648">
    <p class='ocr_par' dir='ltr' id='par_1_88' title="bbox 267 4568 1858 4646">
     <span class='ocr_line' id='line_1_88' title="bbox 267 4568 1858 4646; baseline 0.003 -23"><span class='ocrx_word' id='word_1_708' title='bbox 267 4568 400 4639; x_wconf 82' lang='grc' dir='ltr'><strong>έχου</strong></span> <span class='ocrx_word' id='word_1_709' title='bbox 441 4569 552 4624; x_wconf 75' lang='grc' dir='ltr'><strong>ἀπὸ</strong></span> <span class='ocrx_word' id='word_1_710' title='bbox 587 4569 799 4639; x_wconf 85' lang='grc' dir='ltr'><strong>ἀδίκου,</strong></span> <span class='ocrx_word' id='word_1_711' title='bbox 834 4569 931 4624; x_wconf 76' lang='grc' dir='ltr'><strong>καὶ</strong></span> <span class='ocrx_word' id='word_1_712' title='bbox 977 4568 1040 4624; x_wconf 86' lang='grc' dir='ltr'><strong>οὐ</strong></span> <span class='ocrx_word' id='word_1_713' title='bbox 1073 4568 1150 4643; x_wconf 76' lang='grc' dir='ltr'><strong>μή</strong></span> <span class='ocrx_word' id='word_1_714' title='bbox 1193 4570 1504 4645; x_wconf 74' lang='grc' dir='ltr'><strong>φοϐηθήσῃ,</strong></span> <span class='ocrx_word' id='word_1_715' title='bbox 1542 4572 1639 4629; x_wconf 76' lang='grc' dir='ltr'><strong>καὶ</strong></span> <span class='ocrx_word' id='word_1_716' title='bbox 1658 4573 1858 4646; x_wconf 78' lang='grc' dir='ltr'><strong>τρόμος</strong></span> 
     </span>
    </p>
   </div>
   <div class='ocr_carea' id='block_1_89' title="bbox 1976 4568 3546 4648">
    <p class='ocr_par' dir='ltr' id='par_1_89' title="bbox 1976 4569 3546 4648">
     <span class='ocr_line' id='line_1_89' title="bbox 1976 4569 3546 4648; baseline 0.004 -26"><span class='ocrx_word' id='word_1_717' title='bbox 1976 4580 2112 4625; x_wconf 79' lang='lat' dir='ltr'><strong>runt.</strong></span> <span class='ocrx_word' id='word_1_718' title='bbox 2137 4589 2157 4623; x_wconf 71' lang='grc' dir='ltr'><strong>ι</strong></span> <span class='ocrx_word' id='word_1_719' title='bbox 2182 4569 2347 4648; x_wconf 68' lang='grc'><strong>483</strong></span> <span class='ocrx_word' id='word_1_720' title='bbox 2370 4603 2442 4614; x_wconf 89' lang='grc'><strong><em>-</em></strong></span> <span class='ocrx_word' id='word_1_721' title='bbox 2463 4586 2575 4639; x_wconf 75' lang='lat' dir='ltr'><strong>Liv,</strong></span> <span class='ocrx_word' id='word_1_722' title='bbox 2602 4571 2694 4629; x_wconf 74' lang='grc'><strong>14.</strong></span> <span class='ocrx_word' id='word_1_723' title='bbox 2728 4590 2747 4625; x_wconf 84' lang='grc' dir='ltr'><strong>ι</strong></span> <span class='ocrx_word' id='word_1_724' title='bbox 2772 4569 2988 4628; x_wconf 80' lang='lat' dir='ltr'><strong>Recede</strong></span> <span class='ocrx_word' id='word_1_725' title='bbox 3018 4571 3087 4628; x_wconf 89' lang='lat' dir='ltr'><strong>ab</strong></span> <span class='ocrx_word' id='word_1_726' title='bbox 3114 4572 3326 4644; x_wconf 84' lang='lat' dir='ltr'><strong>iniquo,</strong></span> <span class='ocrx_word' id='word_1_727' title='bbox 3352 4580 3407 4629; x_wconf 85' lang='lat' dir='ltr'><strong>et</strong></span> <span class='ocrx_word' id='word_1_728' title='bbox 3434 4588 3546 4629; x_wconf 89' lang='lat' dir='ltr'><strong>non</strong></span> 
     </span>
    </p>
   </div>
   <div class='ocr_carea' id='block_1_90' title="bbox 266 4665 785 4736">
    <p class='ocr_par' dir='ltr' id='par_1_90' title="bbox 266 4665 785 4736">
     <span class='ocr_line' id='line_1_90' title="bbox 266 4665 785 4736; baseline 0.002 -19"><span class='ocrx_word' id='word_1_729' title='bbox 266 4665 376 4718; x_wconf 81' lang='grc' dir='ltr'><strong>οὐκ</strong></span> <span class='ocrx_word' id='word_1_730' title='bbox 413 4665 595 4736; x_wconf 82' lang='grc' dir='ltr'><strong>ὲγγιεϊ</strong></span> <span class='ocrx_word' id='word_1_731' title='bbox 621 4682 726 4721; x_wconf 90' lang='grc' dir='ltr'><strong>σοι.</strong></span> <span class='ocrx_word' id='word_1_732' title='bbox 764 4683 785 4718; x_wconf 76' lang='lat' dir='ltr'><strong>r</strong></span> 
     </span>
    </p>
   </div>
   <div class='ocr_carea' id='block_1_91' title="bbox 353 4777 1854 4858">
    <p class='ocr_par' dir='ltr' id='par_1_91' title="bbox 353 4777 1854 4858">
     <span class='ocr_line' id='line_1_91' title="bbox 353 4777 1854 4858; baseline 0.007 -26"><span class='ocrx_word' id='word_1_733' title='bbox 353 4796 371 4832; x_wconf 84' lang='lat' dir='ltr'><strong>t</strong></span> <span class='ocrx_word' id='word_1_734' title='bbox 411 4777 582 4833; x_wconf 87' lang='grc' dir='ltr'><strong>Τοῦτο</strong></span> <span class='ocrx_word' id='word_1_735' title='bbox 602 4778 663 4833; x_wconf 81' lang='grc' dir='ltr'><strong>τὸ</strong></span> <span class='ocrx_word' id='word_1_736' title='bbox 698 4779 958 4852; x_wconf 78' lang='grc' dir='ltr'><strong>ἀνόμημα</strong></span> <span class='ocrx_word' id='word_1_737' title='bbox 991 4779 1258 4853; x_wconf 81' lang='grc' dir='ltr'><strong>Σοδόμων,</strong></span> <span class='ocrx_word' id='word_1_738' title='bbox 1277 4779 1357 4835; x_wconf 82' lang='grc' dir='ltr'><strong>ὅτι</strong></span> <span class='ocrx_word' id='word_1_739' title='bbox 1395 4783 1454 4836; x_wconf 80' lang='grc' dir='ltr'><strong>ὲν</strong></span> <span class='ocrx_word' id='word_1_740' title='bbox 1484 4783 1854 4858; x_wconf 74' lang='grc' dir='ltr'><strong>ὑπερηφανίᾳ,</strong></span> 
     </span>
    </p>
   </div>
   <div class='ocr_carea' id='block_1_92' title="bbox 269 4873 1856 4949">
    <p class='ocr_par' dir='ltr' id='par_1_92' title="bbox 269 4873 1856 4949">
     <span class='ocr_line' id='line_1_92' title="bbox 269 4873 1856 4949; baseline 0.001 -20"><span class='ocrx_word' id='word_1_741' title='bbox 269 4874 373 4929; x_wconf 75' lang='grc' dir='ltr'><strong>καὶ</strong></span> <span class='ocrx_word' id='word_1_742' title='bbox 405 4873 690 4948; x_wconf 77' lang='grc' dir='ltr'><strong>πλησμονῇ</strong></span> <span class='ocrx_word' id='word_1_743' title='bbox 710 4875 913 4949; x_wconf 82' lang='grc' dir='ltr'><strong>ἄρτων,</strong></span> <span class='ocrx_word' id='word_1_744' title='bbox 936 4875 1028 4929; x_wconf 70' lang='grc' dir='ltr'><strong>καὶ</strong></span> <span class='ocrx_word' id='word_1_745' title='bbox 1051 4875 1107 4929; x_wconf 80' lang='grc' dir='ltr'><strong>ὲν</strong></span> <span class='ocrx_word' id='word_1_746' title='bbox 1137 4874 1366 4949; x_wconf 56' lang='lat' dir='ltr'><strong>suam;</strong></span> <span class='ocrx_word' id='word_1_747' title='bbox 1383 4876 1527 4933; x_wconf 78' lang='lat' dir='ltr'><strong>oivou</strong></span> <span class='ocrx_word' id='word_1_748' title='bbox 1556 4878 1856 4947; x_wconf 70' lang='grc' dir='ltr'><strong>ἐσπατάλα,</strong></span> 
     </span>
    </p>
   </div>
   <div class='ocr_carea' id='block_1_93' title="bbox 267 4965 1859 5042">
    <p class='ocr_par' dir='ltr' id='par_1_93' title="bbox 267 4965 1859 5042">
     <span class='ocr_line' id='line_1_93' title="bbox 267 4965 1859 5042; baseline 0.002 -21"><span class='ocrx_word' id='word_1_749' title='bbox 267 4965 413 5039; x_wconf 80' lang='grc' dir='ltr'><strong>αὕτη</strong></span> <span class='ocrx_word' id='word_1_750' title='bbox 443 4968 534 5021; x_wconf 75' lang='grc' dir='ltr'><strong>καὶ</strong></span> <span class='ocrx_word' id='word_1_751' title='bbox 558 4967 853 5040; x_wconf 78' lang='grc' dir='ltr'><strong>Θυγατέρες</strong></span> <span class='ocrx_word' id='word_1_752' title='bbox 876 4968 1066 5040; x_wconf 72' lang='grc' dir='ltr'><strong>αὐτῆς,</strong></span> <span class='ocrx_word' id='word_1_753' title='bbox 1096 4967 1190 5024; x_wconf 72' lang='grc' dir='ltr'><strong>καὶ</strong></span> <span class='ocrx_word' id='word_1_754' title='bbox 1212 4970 1370 5042; x_wconf 85' lang='grc' dir='ltr'><strong>χεῖρα</strong></span> <span class='ocrx_word' id='word_1_755' title='bbox 1396 4968 1612 5040; x_wconf 83' lang='grc' dir='ltr'><strong>πτωχοῦ</strong></span> <span class='ocrx_word' id='word_1_756' title='bbox 1636 4970 1731 5026; x_wconf 69' lang='grc' dir='ltr'><strong>καὶ</strong></span> <span class='ocrx_word' id='word_1_757' title='bbox 1761 4971 1859 5024; x_wconf 79' lang='grc' dir='ltr'><strong>πέ-</strong></span> 
     </span>
    </p>
   </div>
   <div class='ocr_carea' id='block_1_94' title="bbox 267 5058 1860 5134">
    <p class='ocr_par' dir='ltr' id='par_1_94' title="bbox 267 5058 1860 5134">
     <span class='ocr_line' id='line_1_94' title="bbox 267 5058 1860 5134; baseline 0.002 -20"><span class='ocrx_word' id='word_1_758' title='bbox 267 5075 436 5130; x_wconf 80' lang='grc' dir='ltr'><strong>νητος</strong></span> <span class='ocrx_word' id='word_1_759' title='bbox 491 5058 593 5113; x_wconf 77' lang='grc' dir='ltr'><strong>οὐκ</strong></span> <span class='ocrx_word' id='word_1_760' title='bbox 645 5058 1045 5127; x_wconf 77' lang='grc' dir='ltr'><strong>ἀντελὰὅοντο,</strong></span> <span class='ocrx_word' id='word_1_761' title='bbox 1101 5060 1198 5114; x_wconf 76' lang='grc' dir='ltr'><strong>καὶ</strong></span> <span class='ocrx_word' id='word_1_762' title='bbox 1252 5059 1708 5134; x_wconf 81' lang='grc' dir='ltr'><strong>ὲμεγαλαύχουν,</strong></span> <span class='ocrx_word' id='word_1_763' title='bbox 1762 5062 1860 5117; x_wconf 63' lang='grc' dir='ltr'><strong>καλ</strong></span> 
     </span>
    </p>
   </div>
   <div class='ocr_carea' id='block_1_95' title="bbox 267 5151 1285 5228">
    <p class='ocr_par' dir='ltr' id='par_1_95' title="bbox 267 5151 1285 5228">
     <span class='ocr_line' id='line_1_95' title="bbox 267 5151 1285 5228; baseline -0.001 -21"><span class='ocrx_word' id='word_1_764' title='bbox 267 5151 539 5225; x_wconf 72' lang='grc' dir='ltr'><strong>ἐποίησαν</strong></span> <span class='ocrx_word' id='word_1_765' title='bbox 560 5153 820 5226; x_wconf 82' lang='grc' dir='ltr'><strong>ἁνόμημα</strong></span> <span class='ocrx_word' id='word_1_766' title='bbox 844 5152 1073 5209; x_wconf 77' lang='grc' dir='ltr'><strong>ἐνώπιόν</strong></span> <span class='ocrx_word' id='word_1_767' title='bbox 1100 5172 1233 5228; x_wconf 77' lang='grc' dir='ltr'><strong>μου.</strong></span> <span class='ocrx_word' id='word_1_768' title='bbox 1266 5172 1285 5206; x_wconf 74' lang='grc' dir='ltr'><strong>ι</strong></span> 
     </span>
    </p>
   </div>
   <div class='ocr_carea' id='block_1_96' title="bbox 354 5354 1855 5429">
    <p class='ocr_par' dir='ltr' id='par_1_96' title="bbox 354 5354 1855 5429">
     <span class='ocr_line' id='line_1_96' title="bbox 354 5354 1855 5429; baseline -0.002 -18"><span class='ocrx_word' id='word_1_769' title='bbox 354 5375 374 5411; x_wconf 83' lang='lat' dir='ltr'><strong>t</strong></span> <span class='ocrx_word' id='word_1_770' title='bbox 408 5356 552 5422; x_wconf 80' lang='grc' dir='ltr'><strong>Δαδς</strong></span> <span class='ocrx_word' id='word_1_771' title='bbox 585 5355 934 5422; x_wconf 75' lang='grc' dir='ltr'><strong>ὲκπιέζοντες</strong></span> <span class='ocrx_word' id='word_1_772' title='bbox 961 5355 1199 5422; x_wconf 75' lang='grc' dir='ltr'><strong>ἀδικίαν,</strong></span> <span class='ocrx_word' id='word_1_773' title='bbox 1248 5356 1343 5415; x_wconf 75' lang='grc' dir='ltr'><strong>καὶ</strong></span> <span class='ocrx_word' id='word_1_774' title='bbox 1385 5354 1722 5427; x_wconf 76' lang='grc' dir='ltr'><strong>ἁρπάζοντες</strong></span> <span class='ocrx_word' id='word_1_775' title='bbox 1755 5355 1855 5429; x_wconf 79' lang='grc' dir='ltr'><strong>ἆρ-</strong></span> 
     </span>
    </p>
   </div>
   <div class='ocr_carea' id='block_1_97' title="bbox 272 5447 1857 5524">
    <p class='ocr_par' dir='ltr' id='par_1_97' title="bbox 272 5447 1857 5524">
     <span class='ocr_line' id='line_1_97' title="bbox 272 5447 1857 5524; baseline -0.001 -20"><span class='ocrx_word' id='word_1_776' title='bbox 272 5468 495 5524; x_wconf 77' lang='grc' dir='ltr'><strong>οπαγμα,</strong></span> <span class='ocrx_word' id='word_1_777' title='bbox 517 5450 744 5523; x_wconf 77' lang='grc' dir='ltr'><strong>πτωχὸν</strong></span> <span class='ocrx_word' id='word_1_778' title='bbox 773 5451 868 5505; x_wconf 74' lang='grc' dir='ltr'><strong>καὶ</strong></span> <span class='ocrx_word' id='word_1_779' title='bbox 897 5449 1105 5523; x_wconf 80' lang='grc' dir='ltr'><strong>πένητα</strong></span> <span class='ocrx_word' id='word_1_780' title='bbox 1129 5449 1696 5512; x_wconf 81' lang='grc' dir='ltr'><strong>καταδυναστεύοντες</strong></span> <span class='ocrx_word' id='word_1_781' title='bbox 1715 5490 1730 5514; x_wconf 92' lang='grc'><strong>,</strong></span> <span class='ocrx_word' id='word_1_782' title='bbox 1763 5447 1857 5504; x_wconf 76' lang='grc' dir='ltr'><strong>καὶ</strong></span> 
     </span>
    </p>
   </div>
   <div class='ocr_carea' id='block_1_98' title="bbox 268 5542 1855 5621">
    <p class='ocr_par' dir='ltr' id='par_1_98' title="bbox 268 5542 1855 5621">
     <span class='ocr_line' id='line_1_98' title="bbox 268 5542 1855 5621; baseline -0.004 -18"><span class='ocrx_word' id='word_1_783' title='bbox 268 5547 413 5621; x_wconf 81' lang='grc' dir='ltr'><strong>πρὸς</strong></span> <span class='ocrx_word' id='word_1_784' title='bbox 439 5548 530 5602; x_wconf 80' lang='grc' dir='ltr'><strong>τὸν</strong></span> <span class='ocrx_word' id='word_1_785' title='bbox 557 5546 898 5621; x_wconf 78' lang='grc' dir='ltr'><strong>προσήλυτον</strong></span> <span class='ocrx_word' id='word_1_786' title='bbox 925 5546 1024 5600; x_wconf 81' lang='grc' dir='ltr'><strong>οὐκ</strong></span> <span class='ocrx_word' id='word_1_787' title='bbox 1055 5544 1524 5618; x_wconf 76' lang='grc' dir='ltr'><strong>ἀναστρεφόμενοι</strong></span> <span class='ocrx_word' id='word_1_788' title='bbox 1562 5543 1700 5615; x_wconf 77' lang='grc' dir='ltr'><strong>μετὰ</strong></span> <span class='ocrx_word' id='word_1_789' title='bbox 1733 5542 1855 5617; x_wconf 80' lang='grc' dir='ltr'><strong>κρί-</strong></span> 
     </span>
    </p>
   </div>
   <div class='ocr_carea' id='block_1_99' title="bbox 268 5656 530 5714">
    <p class='ocr_par' dir='ltr' id='par_1_99' title="bbox 268 5656 530 5714">
     <span class='ocr_line' id='line_1_99' title="bbox 268 5656 530 5714; baseline -0.004 -20"><span class='ocrx_word' id='word_1_790' title='bbox 268 5656 472 5714; x_wconf 76' lang='grc' dir='ltr'><strong>ματος.</strong></span> <span class='ocrx_word' id='word_1_791' title='bbox 509 5658 530 5693; x_wconf 80' lang='lat' dir='ltr'><strong>t</strong></span> 
     </span>
    </p>
   </div>
   <div class='ocr_carea' id='block_1_100' title="bbox 350 5752 1856 5830">
    <p class='ocr_par' dir='ltr' id='par_1_100' title="bbox 350 5752 1856 5830">
     <span class='ocr_line' id='line_1_100' title="bbox 350 5752 1856 5830; baseline -0.004 -19"><span class='ocrx_word' id='word_1_792' title='bbox 350 5774 372 5810; x_wconf 86' lang='lat' dir='ltr'><strong>t</strong></span> <span class='ocrx_word' id='word_1_793' title='bbox 413 5755 484 5811; x_wconf 86' lang='grc' dir='ltr'><em>Ἦ</em></span> <span class='ocrx_word' id='word_1_794' title='bbox 511 5755 698 5830; x_wconf 83' lang='grc' dir='ltr'><strong>μήτηρ</strong></span> <span class='ocrx_word' id='word_1_795' title='bbox 712 5772 804 5810; x_wconf 89' lang='grc' dir='ltr'><strong>σου</strong></span> <span class='ocrx_word' id='word_1_796' title='bbox 823 5754 1062 5827; x_wconf 86' lang='grc' dir='ltr'><strong>σκύμνος</strong></span> <span class='ocrx_word' id='word_1_797' title='bbox 1085 5752 1337 5823; x_wconf 84' lang='grc' dir='ltr'><strong>λεόντων,</strong></span> <span class='ocrx_word' id='word_1_798' title='bbox 1367 5753 1600 5826; x_wconf 72' lang='grc' dir='ltr'><strong>ἐγενήθη</strong></span> <span class='ocrx_word' id='word_1_799' title='bbox 1627 5754 1686 5807; x_wconf 80' lang='grc' dir='ltr'><strong>ὲν</strong></span> <span class='ocrx_word' id='word_1_800' title='bbox 1704 5752 1856 5826; x_wconf 78' lang='grc' dir='ltr'><strong>μέσῳ</strong></span> 
     </span>
    </p>
   </div>
   <div class='ocr_carea' id='block_1_101' title="bbox 263 5847 1855 5927">
    <p class='ocr_par' dir='ltr' id='par_1_101' title="bbox 263 5847 1855 5927">
     <span class='ocr_line' id='line_1_101' title="bbox 263 5847 1855 5927; baseline -0.003 -18"><span class='ocrx_word' id='word_1_801' title='bbox 263 5850 536 5911; x_wconf 63' lang='grc' dir='ltr'><strong>λεόντων</strong></span> <span class='ocrx_word' id='word_1_802' title='bbox 571 5850 845 5927; x_wconf 68' lang='grc' dir='ltr'><strong>ἐπλήθυνε</strong></span> <span class='ocrx_word' id='word_1_803' title='bbox 878 5848 1152 5923; x_wconf 82' lang='grc' dir='ltr'><strong>σκύμνους</strong></span> <span class='ocrx_word' id='word_1_804' title='bbox 1185 5847 1377 5923; x_wconf 75' lang='grc' dir='ltr'><strong>αὐτῆς,</strong></span> <span class='ocrx_word' id='word_1_805' title='bbox 1397 5850 1492 5905; x_wconf 76' lang='grc' dir='ltr'><strong>καὶ</strong></span> <span class='ocrx_word' id='word_1_806' title='bbox 1513 5848 1855 5921; x_wconf 78' lang='grc' dir='ltr'><strong>ἀνεπήδησεν</strong></span> 
     </span>
    </p>
   </div>
   <div class='ocr_carea' id='block_1_102' title="bbox 1962 4663 3397 4738">
    <p class='ocr_par' dir='ltr' id='par_1_102' title="bbox 1962 4663 3397 4738">
     <span class='ocr_line' id='line_1_102' title="bbox 1962 4663 3397 4738; baseline 0.001 -20"><span class='ocrx_word' id='word_1_807' title='bbox 1962 4663 2182 4721; x_wconf 87' lang='lat' dir='ltr'><strong>timebis</strong></span> <span class='ocrx_word' id='word_1_808' title='bbox 2203 4707 2219 4732; x_wconf 92' lang='lat'><strong>,</strong></span> <span class='ocrx_word' id='word_1_809' title='bbox 2251 4671 2305 4721; x_wconf 90' lang='lat' dir='ltr'><strong>et</strong></span> <span class='ocrx_word' id='word_1_810' title='bbox 2331 4672 2544 4722; x_wconf 88' lang='lat' dir='ltr'><strong>tremor</strong></span> <span class='ocrx_word' id='word_1_811' title='bbox 2574 4680 2685 4722; x_wconf 89' lang='lat' dir='ltr'><strong>non</strong></span> <span class='ocrx_word' id='word_1_812' title='bbox 2721 4665 3189 4738; x_wconf 88' lang='lat' dir='ltr'><strong>appropinquabit</strong></span> <span class='ocrx_word' id='word_1_813' title='bbox 3220 4666 3341 4723; x_wconf 83' lang='lat' dir='ltr'><strong>tibi.</strong></span> <span class='ocrx_word' id='word_1_814' title='bbox 3377 4685 3397 4720; x_wconf 76' lang='grc' dir='ltr'><strong>ι</strong></span> 
     </span>
    </p>
   </div>
   <div class='ocr_carea' id='block_1_103' title="bbox 2031 4775 3548 4851">
    <p class='ocr_par' dir='ltr' id='par_1_103' title="bbox 2031 4775 3548 4851">
     <span class='ocr_line' id='line_1_103' title="bbox 2031 4775 3548 4851; baseline 0.003 -20"><span class='ocrx_word' id='word_1_815' title='bbox 2031 4775 2224 4832; x_wconf 81' lang='lat' dir='ltr'><strong>Ezech.</strong></span> <span class='ocrx_word' id='word_1_816' title='bbox 2265 4793 2376 4847; x_wconf 80' lang='lat' dir='ltr'><strong>xvr,</strong></span> <span class='ocrx_word' id='word_1_817' title='bbox 2406 4777 2497 4847; x_wconf 66' lang='lat'><strong>49,</strong></span> <span class='ocrx_word' id='word_1_818' title='bbox 2537 4777 2625 4834; x_wconf 82' lang='lat'><strong>50.</strong></span> <span class='ocrx_word' id='word_1_819' title='bbox 2657 4808 2729 4820; x_wconf 89' lang='lat'><strong>-—</strong></span> <span class='ocrx_word' id='word_1_820' title='bbox 2771 4797 2791 4833; x_wconf 80' lang='grc' dir='ltr'><strong>ι</strong></span> <span class='ocrx_word' id='word_1_821' title='bbox 2830 4776 2958 4836; x_wconf 73' lang='lat' dir='ltr'><strong>Haec</strong></span> <span class='ocrx_word' id='word_1_822' title='bbox 2990 4779 3097 4836; x_wconf 82' lang='lat' dir='ltr'><strong>fuit</strong></span> <span class='ocrx_word' id='word_1_823' title='bbox 3138 4779 3408 4851; x_wconf 85' lang='lat' dir='ltr'><strong>iniquitas</strong></span> <span class='ocrx_word' id='word_1_824' title='bbox 3449 4778 3548 4835; x_wconf 89' lang='lat' dir='ltr'><strong>So-</strong></span> 
     </span>
    </p>
   </div>
   <div class='ocr_carea' id='block_1_104' title="bbox 1960 4870 3543 4948">
    <p class='ocr_par' dir='ltr' id='par_1_104' title="bbox 1960 4870 3543 4948">
     <span class='ocr_line' id='line_1_104' title="bbox 1960 4870 3543 4948; baseline 0.001 -19"><span class='ocrx_word' id='word_1_825' title='bbox 1960 4870 2137 4929; x_wconf 75' lang='lat' dir='ltr'><strong>domae</strong></span> <span class='ocrx_word' id='word_1_826' title='bbox 2165 4872 2377 4928; x_wconf 87' lang='lat' dir='ltr'><strong>sororis</strong></span> <span class='ocrx_word' id='word_1_827' title='bbox 2406 4878 2514 4927; x_wconf 84' lang='lat' dir='ltr'><strong>tuae</strong></span> <span class='ocrx_word' id='word_1_828' title='bbox 2543 4890 2557 4926; x_wconf 89' lang='lat'>:</span> <span class='ocrx_word' id='word_1_829' title='bbox 2593 4871 2725 4948; x_wconf 86' lang='lat' dir='ltr'><strong>quia</strong></span> <span class='ocrx_word' id='word_1_830' title='bbox 2761 4872 2815 4928; x_wconf 91' lang='lat' dir='ltr'><strong>in</strong></span> <span class='ocrx_word' id='word_1_831' title='bbox 2847 4874 3126 4945; x_wconf 90' lang='lat' dir='ltr'><strong>superbia,</strong></span> <span class='ocrx_word' id='word_1_832' title='bbox 3169 4880 3223 4930; x_wconf 85' lang='lat' dir='ltr'><strong>et</strong></span> <span class='ocrx_word' id='word_1_833' title='bbox 3249 4875 3543 4931; x_wconf 83' lang='lat' dir='ltr'><strong>saturitate</strong></span> 
     </span>
    </p>
   </div>
   <div class='ocr_carea' id='block_1_105' title="bbox 1960 4964 3544 5036">
    <p class='ocr_par' dir='ltr' id='par_1_105' title="bbox 1960 4964 3544 5036">
     <span class='ocr_line' id='line_1_105' title="bbox 1960 4964 3544 5036; baseline 0.004 -19"><span class='ocrx_word' id='word_1_834' title='bbox 1960 4978 2185 5036; x_wconf 87' lang='lat' dir='ltr'><strong>panum,</strong></span> <span class='ocrx_word' id='word_1_835' title='bbox 2213 4971 2269 5019; x_wconf 88' lang='lat' dir='ltr'><strong>et</strong></span> <span class='ocrx_word' id='word_1_836' title='bbox 2304 4964 2361 5020; x_wconf 89' lang='lat' dir='ltr'><strong>in</strong></span> <span class='ocrx_word' id='word_1_837' title='bbox 2391 4964 2751 5035; x_wconf 84' lang='lat' dir='ltr'><strong>abundantia,</strong></span> <span class='ocrx_word' id='word_1_838' title='bbox 2782 4964 2993 5022; x_wconf 85' lang='lat' dir='ltr'><strong>deliciis</strong></span> <span class='ocrx_word' id='word_1_839' title='bbox 3041 4966 3297 5022; x_wconf 79' lang='lat' dir='ltr'><strong>aiiiuebat</strong></span> <span class='ocrx_word' id='word_1_840' title='bbox 3341 4967 3454 5036; x_wconf 86' lang='lat' dir='ltr'><strong>ipsa</strong></span> <span class='ocrx_word' id='word_1_841' title='bbox 3488 4976 3544 5023; x_wconf 86' lang='lat' dir='ltr'><strong>et</strong></span> 
     </span>
    </p>
   </div>
   <div class='ocr_carea' id='block_1_106' title="bbox 1963 5059 3541 5134">
    <p class='ocr_par' dir='ltr' id='par_1_106' title="bbox 1963 5059 3541 5134">
     <span class='ocr_line' id='line_1_106' title="bbox 1963 5059 3541 5134; baseline 0.002 -21"><span class='ocrx_word' id='word_1_842' title='bbox 1963 5059 2085 5115; x_wconf 65' lang='lat' dir='ltr'><strong>tiliae</strong></span> <span class='ocrx_word' id='word_1_843' title='bbox 2115 5059 2259 5134; x_wconf 82' lang='lat' dir='ltr'><strong>ejus,</strong></span> <span class='ocrx_word' id='word_1_844' title='bbox 2295 5068 2351 5117; x_wconf 87' lang='lat' dir='ltr'><strong>et</strong></span> <span class='ocrx_word' id='word_1_845' title='bbox 2381 5075 2601 5119; x_wconf 88' lang='lat' dir='ltr'><strong>manum</strong></span> <span class='ocrx_word' id='word_1_846' title='bbox 2648 5062 2910 5132; x_wconf 83' lang='lat' dir='ltr'><strong>pauperis</strong></span> <span class='ocrx_word' id='word_1_847' title='bbox 2938 5069 2992 5116; x_wconf 90' lang='lat' dir='ltr'><strong>et</strong></span> <span class='ocrx_word' id='word_1_848' title='bbox 3030 5061 3186 5131; x_wconf 83' lang='lat' dir='ltr'><strong>egeni</strong></span> <span class='ocrx_word' id='word_1_849' title='bbox 3221 5075 3331 5115; x_wconf 90' lang='lat' dir='ltr'><strong>non</strong></span> <span class='ocrx_word' id='word_1_850' title='bbox 3362 5061 3541 5117; x_wconf 71' lang='lat' dir='ltr'><strong>susci-</strong></span> 
     </span>
    </p>
   </div>
   <div class='ocr_carea' id='block_1_107' title="bbox 1959 5153 3543 5228">
    <p class='ocr_par' dir='ltr' id='par_1_107' title="bbox 1959 5153 3543 5228">
     <span class='ocr_line' id='line_1_107' title="bbox 1959 5153 3543 5228; baseline 0.001 -21"><span class='ocrx_word' id='word_1_851' title='bbox 1959 5153 2203 5228; x_wconf 86' lang='lat' dir='ltr'><strong>piebant,</strong></span> <span class='ocrx_word' id='word_1_852' title='bbox 2233 5163 2288 5208; x_wconf 87' lang='lat' dir='ltr'><strong>et</strong></span> <span class='ocrx_word' id='word_1_853' title='bbox 2312 5153 2693 5226; x_wconf 84' lang='lat' dir='ltr'><strong>gloriabantur</strong></span> <span class='ocrx_word' id='word_1_854' title='bbox 2714 5153 3033 5226; x_wconf 79' lang='lat' dir='ltr'><strong>magniﬁce;</strong></span> <span class='ocrx_word' id='word_1_855' title='bbox 3063 5159 3117 5209; x_wconf 89' lang='lat' dir='ltr'><strong>et</strong></span> <span class='ocrx_word' id='word_1_856' title='bbox 3147 5153 3399 5208; x_wconf 77' lang='lat' dir='ltr'><strong>fecerunt</strong></span> <span class='ocrx_word' id='word_1_857' title='bbox 3432 5154 3543 5209; x_wconf 85' lang='lat' dir='ltr'><strong>iui-</strong></span> 
     </span>
    </p>
   </div>
   <div class='ocr_carea' id='block_1_108' title="bbox 1959 5247 2612 5317">
    <p class='ocr_par' dir='ltr' id='par_1_108' title="bbox 1959 5247 2612 5317">
     <span class='ocr_line' id='line_1_108' title="bbox 1959 5247 2612 5317; baseline 0 -17"><span class='ocrx_word' id='word_1_858' title='bbox 1959 5247 2196 5317; x_wconf 85' lang='lat' dir='ltr'><strong>quitates</strong></span> <span class='ocrx_word' id='word_1_859' title='bbox 2225 5260 2409 5302; x_wconf 90' lang='lat' dir='ltr'><strong>coram</strong></span> <span class='ocrx_word' id='word_1_860' title='bbox 2441 5261 2546 5303; x_wconf 91' lang='lat' dir='ltr'><strong>me.</strong></span> <span class='ocrx_word' id='word_1_861' title='bbox 2591 5265 2612 5300; x_wconf 74' lang='grc' dir='ltr'><strong>ι</strong></span> 
     </span>
    </p>
   </div>
   <div class='ocr_carea' id='block_1_109' title="bbox 2026 5357 3572 5432">
    <p class='ocr_par' dir='ltr' id='par_1_109' title="bbox 2026 5357 3572 5432">
     <span class='ocr_line' id='line_1_109' title="bbox 2026 5357 3572 5432; baseline -0.002 -14"><span class='ocrx_word' id='word_1_862' title='bbox 2026 5359 2224 5418; x_wconf 71' lang='lat' dir='ltr'><strong>Ezech.</strong></span> <span class='ocrx_word' id='word_1_863' title='bbox 2255 5375 2392 5428; x_wconf 79' lang='lat' dir='ltr'><strong>xm,</strong></span> <span class='ocrx_word' id='word_1_864' title='bbox 2425 5359 2516 5416; x_wconf 74' lang='lat'><strong>27.</strong></span> <span class='ocrx_word' id='word_1_865' title='bbox 2562 5390 2631 5403; x_wconf 89' lang='lat'><strong>—-</strong></span> <span class='ocrx_word' id='word_1_866' title='bbox 2675 5377 2696 5414; x_wconf 81' lang='grc' dir='ltr'><strong>ι</strong></span> <span class='ocrx_word' id='word_1_867' title='bbox 2733 5359 2976 5432; x_wconf 83' lang='lat' dir='ltr'><strong>Populus</strong></span> <span class='ocrx_word' id='word_1_868' title='bbox 3021 5359 3394 5432; x_wconf 75' lang='lat' dir='ltr'><strong>exprimentes</strong></span> <span class='ocrx_word' id='word_1_869' title='bbox 3431 5357 3572 5415; x_wconf 85' lang='lat' dir='ltr'><strong>ini--</strong></span> 
     </span>
    </p>
   </div>
   <div class='ocr_carea' id='block_1_110' title="bbox 1959 5453 3543 5529">
    <p class='ocr_par' dir='ltr' id='par_1_110' title="bbox 1959 5453 3543 5529">
     <span class='ocr_line' id='line_1_110' title="bbox 1959 5453 3543 5529; baseline 0.001 -21"><span class='ocrx_word' id='word_1_870' title='bbox 1959 5453 2248 5524; x_wconf 82' lang='lat' dir='ltr'><strong>quitatem,</strong></span> <span class='ocrx_word' id='word_1_871' title='bbox 2283 5461 2339 5514; x_wconf 85' lang='lat' dir='ltr'><strong>et</strong></span> <span class='ocrx_word' id='word_1_872' title='bbox 2367 5455 2645 5529; x_wconf 82' lang='lat' dir='ltr'><strong>rapientes</strong></span> <span class='ocrx_word' id='word_1_873' title='bbox 2677 5453 2904 5526; x_wconf 86' lang='lat' dir='ltr'><strong>rapinas</strong></span> <span class='ocrx_word' id='word_1_874' title='bbox 2934 5468 2950 5511; x_wconf 89' lang='lat'><strong>:</strong></span> <span class='ocrx_word' id='word_1_875' title='bbox 2987 5469 3284 5525; x_wconf 83' lang='lat' dir='ltr'><strong>pauperem</strong></span> <span class='ocrx_word' id='word_1_876' title='bbox 3319 5461 3374 5510; x_wconf 89' lang='lat' dir='ltr'><strong>et</strong></span> <span class='ocrx_word' id='word_1_877' title='bbox 3411 5469 3543 5526; x_wconf 90' lang='lat' dir='ltr'><strong>ege-</strong></span> 
     </span>
    </p>
   </div>
   <div class='ocr_carea' id='block_1_111' title="bbox 1956 5539 3540 5618">
    <p class='ocr_par' dir='ltr' id='par_1_111' title="bbox 1956 5539 3540 5618">
     <span class='ocr_line' id='line_1_111' title="bbox 1956 5539 3540 5618; baseline 0 -18"><span class='ocrx_word' id='word_1_878' title='bbox 1956 5559 2089 5600; x_wconf 88' lang='lat' dir='ltr'><strong>num</strong></span> <span class='ocrx_word' id='word_1_879' title='bbox 2119 5539 2443 5618; x_wconf 73' lang='lat' dir='ltr'><strong>atlligentes,</strong></span> <span class='ocrx_word' id='word_1_880' title='bbox 2477 5553 2531 5602; x_wconf 83' lang='lat' dir='ltr'><strong>et</strong></span> <span class='ocrx_word' id='word_1_881' title='bbox 2569 5560 2694 5601; x_wconf 90' lang='lat' dir='ltr'><strong>cum</strong></span> <span class='ocrx_word' id='word_1_882' title='bbox 2745 5545 2956 5604; x_wconf 83' lang='lat' dir='ltr'><strong>advena</strong></span> <span class='ocrx_word' id='word_1_883' title='bbox 3000 5559 3110 5600; x_wconf 86' lang='lat' dir='ltr'><strong>non</strong></span> <span class='ocrx_word' id='word_1_884' title='bbox 3148 5551 3371 5616; x_wconf 83' lang='lat' dir='ltr'><strong>agentes</strong></span> <span class='ocrx_word' id='word_1_885' title='bbox 3409 5558 3540 5600; x_wconf 85' lang='lat' dir='ltr'><strong>cum</strong></span> 
     </span>
    </p>
   </div>
   <div class='ocr_carea' id='block_1_112' title="bbox 1953 5636 2235 5710">
    <p class='ocr_par' dir='ltr' id='par_1_112' title="bbox 1953 5636 2235 5710">
     <span class='ocr_line' id='line_1_112' title="bbox 1953 5636 2235 5710; baseline -0.011 -17"><span class='ocrx_word' id='word_1_886' title='bbox 1953 5636 2184 5710; x_wconf 84' lang='lat' dir='ltr'><strong>judicio.</strong></span> <span class='ocrx_word' id='word_1_887' title='bbox 2215 5657 2235 5690; x_wconf 75' lang='grc' dir='ltr'><strong>ι</strong></span> 
     </span>
    </p>
   </div>
   <div class='ocr_carea' id='block_1_113' title="bbox 2028 5753 3531 5824">
    <p class='ocr_par' dir='ltr' id='par_1_113' title="bbox 2028 5753 3531 5824">
     <span class='ocr_line' id='line_1_113' title="bbox 2028 5753 3531 5824; baseline 0.003 -18"><span class='ocrx_word' id='word_1_888' title='bbox 2028 5753 2224 5810; x_wconf 69' lang='lat' dir='ltr'><strong>Eucti.</strong></span> <span class='ocrx_word' id='word_1_889' title='bbox 2277 5771 2392 5824; x_wconf 77' lang='lat' dir='ltr'><strong>xix,</strong></span> <span class='ocrx_word' id='word_1_890' title='bbox 2439 5755 2496 5817; x_wconf 74' lang='grc'><strong>2.</strong></span> <span class='ocrx_word' id='word_1_891' title='bbox 2520 5788 2595 5800; x_wconf 92' lang='lat'><strong>—-</strong></span> <span class='ocrx_word' id='word_1_892' title='bbox 2631 5777 2651 5812; x_wconf 77' lang='grc' dir='ltr'><strong>ι</strong></span> <span class='ocrx_word' id='word_1_893' title='bbox 2683 5755 2856 5817; x_wconf 79' lang='lat' dir='ltr'><strong>Mater</strong></span> <span class='ocrx_word' id='word_1_894' title='bbox 2885 5765 2978 5814; x_wconf 84' lang='lat' dir='ltr'><strong>tua</strong></span> <span class='ocrx_word' id='word_1_895' title='bbox 3017 5756 3239 5819; x_wconf 84' lang='lat' dir='ltr'><strong>catulus</strong></span> <span class='ocrx_word' id='word_1_896' title='bbox 3291 5757 3531 5824; x_wconf 84' lang='lat' dir='ltr'><strong>leonum,</strong></span> 
     </span>
    </p>
   </div>
   <div class='ocr_carea' id='block_1_114' title="bbox 1958 5848 3618 5925">
    <p class='ocr_par' dir='ltr' id='par_1_114' title="bbox 1958 5848 3618 5925">
     <span class='ocr_line' id='line_1_114' title="bbox 1958 5848 3618 5925; baseline 0 -18"><span class='ocrx_word' id='word_1_897' title='bbox 1958 5848 2100 5910; x_wconf 71' lang='lat' dir='ltr'><strong>facta</strong></span> <span class='ocrx_word' id='word_1_898' title='bbox 2141 5857 2224 5907; x_wconf 86' lang='lat' dir='ltr'><strong>est</strong></span> <span class='ocrx_word' id='word_1_899' title='bbox 2262 5850 2318 5907; x_wconf 90' lang='lat' dir='ltr'><strong>in</strong></span> <span class='ocrx_word' id='word_1_900' title='bbox 2353 5852 2537 5912; x_wconf 84' lang='lat' dir='ltr'><strong>medio</strong></span> <span class='ocrx_word' id='word_1_901' title='bbox 2588 5854 2808 5912; x_wconf 87' lang='lat' dir='ltr'><strong>leonum</strong></span> <span class='ocrx_word' id='word_1_902' title='bbox 2840 5873 2852 5911; x_wconf 88' lang='lat'><strong>:</strong></span> <span class='ocrx_word' id='word_1_903' title='bbox 2891 5851 3272 5925; x_wconf 84' lang='lat' dir='ltr'><strong>multiplicavit</strong></span> <span class='ocrx_word' id='word_1_904' title='bbox 3324 5851 3536 5908; x_wconf 78' lang='lat' dir='ltr'><strong>catulos</strong></span> <span class='ocrx_word' id='word_1_905' title='bbox 3615 5916 3618 5918; x_wconf 15' lang='grc' dir='ltr'>γ</span> 
     </span>
    </p>
   </div>
  </div>
