4014 6302
492 370 630 436 1479

1685 365 1750 428 S.
1785 361 2110 428 IOANNIS
2148 357 2578 424 DAMASCENI

3645 356 3782 422 1480

489 499 640 542 suos.
669 484 735 538 Et
767 479 1010 538 exsilivit
1047 469 1192 537 tfnus
1221 480 1290 537 de
1321 479 1528 538 catulis
1557 493 1680 550 ejus
1712 501 1727 535 :
1762 487 1848 537 leo
1903 477 2082 535 factus

2200 476 2267 540 εἰς
2296 477 2387 530 τὸν
2411 477 2658 544 σκύμνον
2677 474 2871 548 αὐτῆς,
2897 473 3033 530 λέων
3060 474 3282 546 ἐγένετο
3303 491 3316 504 ·
3352 473 3562 546 ἔμαθεν
3589 472 3652 526 τὸ
3686 475 3783 543 ap.

489 583 599 644 est,
637 580 692 630 et
729 573 923 630 didicit
954 586 1152 642 rapere
1178 571 1422 642 rapinas.
1459 588 1482 622 ι

563 668 759 725 Ezech.
795 683 933 732 χιιι,
958 666 1050 721 24.
1085 695 1158 707 -
1190 685 1210 719 ι
1250 663 1376 720 Haac
1405 663 1540 720 dicit
1570 661 1873 720 Dommus':
1910 660 1994 717 Tu
2023 675 2085 717 es

491 774 640 819 terra
671 777 793 832 qua;
823 775 935 816 non
959 758 1185 829 irrigata
1210 772 1292 824 es,
1317 771 1420 812 nec
1445 754 1633 828 pluvia
1660 755 1808 810 venit
1835 768 2001 823 super
2029 760 2084 810 te

493 856 550 910 in
590 852 680 909 die
707 851 933 908 furoris.
965 849 1233 906 Ductores
1263 849 1318 903 in
1355 848 1541 904 medio
1563 847 1686 917 ejus
1716 847 1869 902 velut
1897 846 2086 900 leones

493 948 799 1021 rugientes,
834 944 1161 1016 diripientcs
1194 941 1435 1015 praedas,
1486 942 1707 998 animas
1752 938 2084 995 devorantes

494 1043 549 1099 in
583 1039 852 1113 potentia.
899 1057 920 1092 ι

567 1134 739 1190 Eccti.
793 1149 909 1202 xiv,
947 1132 1003 1188 9.
1048 1162 1123 1175 -—
1163 1150 1182 1184 ι
1221 1130 1387 1186 Avari
1429 1129 1624 1184 oculus
1665 1142 1774 1182 non
1825 1125 2085 1197 impletur

493 1237 674 1299 parte.
708 1245 727 1278 ι
766 1255 835 1266 -
861 1240 1030 1290 xxxv,
1070 1223 1160 1278 16.
1219 1242 1237 1275 ι
1277 1222 1537 1278 Conteret
1570 1218 1833 1275 Dominus
1866 1217 2085 1274 lumbos

494 1318 1041 1378 immisericordium.
1085 1333 1106 1369 ι
1151 1346 1220 1358 --
1256 1331 1310 1380 v,
1368 1316 1422 1372 1.
1483 1333 1501 1366 ι
1551 1311 1672 1368 Noli
1719 1311 1962 1384 gaudere
2009 1310 2085 1364 ob

497 1413 760 1486 pecunias
790 1411 1034 1483 iniquas.
1081 1408 1200 1464 Non
1240 1409 1385 1464 enim
1425 1406 1727 1478 proderunt
1769 1403 1871 1459 tibi
1911 1403 1967 1458 in
1996 1401 2085 1458 die

497 1504 856 1562 inductionis.
892 1520 914 1556 ι
950 1531 1018 1546 --
1044 1517 1160 1568 xw,
1192 1501 1280 1558 15.
1321 1519 1338 1552 ι
1373 1498 1496 1556 Non
1531 1499 1760 1568 ell'ugiet
1805 1499 1861 1552 in
1895 1498 2084 1568 rapina

497 1607 776 1670 peccator.
812 1614 832 1649 ι
860 1626 924 1640 --
961 1611 1078 1659 xxi,
1119 1594 1174 1650 9.
1213 1613 1231 1647 ι
1273 1592 1378 1659 Qui
1406 1591 1643 1646 aediﬁcat
1667 1591 1892 1644 domum
1926 1604 2083 1644 suam

497 1694 552 1748 in
591 1689 843 1764 pecuniis
872 1689 1068 1744 alienis
1098 1686 1256 1758 quasi
1288 1686 1382 1756 qui
1443 1683 1656 1754 colligit
1708 1682 1916 1752 lapides
1951 1696 2084 1737 suos

496 1788 553 1842 in
585 1794 850 1842 torrente.
887 1801 906 1836 ι
935 1809 1009 1823 ι-ο
1035 1795 1208 1844 xxvu,
1245 1780 1330 1836 l0.
1361 1797 1379 1830 ι
1413 1777 1521 1832 Leo
1553 1777 1826 1832 venationi
1859 1775 2086 1830 insidia-

2181 569 2381 634 πάζειν
2417 571 2715 642 ἅρπαγμα.
2747 587 2768 622 ι

2255 683 2275 716 ι
2310 662 2450 718 Τάδε
2481 663 2630 733 λέγει
2664 663 2872 735 Κύριος
2893 679 2909 693 ·
2942 663 3014 717 Σὺ
3048 657 3099 717 εἷ
3129 663 3164 733 ἦ
3204 660 3276 733 γῆ
3299 660 3332 732 ἡ
3356 660 3416 714 οὐ
3450 658 3783 731 βρεχομένης

2181 761 2304 815 οὐδὲ
2335 759 2489 824 ὑετὸς
2511 759 2730 829 ἐγένετο
2777 757 2872 813 ἐπὶ
2902 757 2964 812 at
2995 759 3053 812 ὲν
3087 757 3271 830 ἡμέρα
3304 755 3503 828 ὀργῆς,
3545 735 3611 810 0i
3638 753 3785 823 ἀφη-

2181 851 2443 922 γούμενοι
2473 854 2532 907 ὲν
2566 852 2716 922 μέσῳ
2741 850 2916 922 αὐτῆς
2934 849 3010 915 ὡς
3036 850 3254 914 λέοντες
3288 848 3600 920 ὠρυόμενοι
3623 888 3641 914 ,
3688 847 3789 917 ἁρ-

2184 947 2451 1012 πάζοντες
2477 947 2838 1018 ἁρπάγματα,
2876 945 3056 1017 ψυχάς
3099 944 3486 1009 κατεσθίοντες
3522 944 3583 997 ἓν
3622 941 3786 996 δυνα-

2187 1039 2362 1109 στείᾳ.
2406 1058 2424 1090 ι

2261 1151 2280 1184 ι
2322 1131 2658 1186 Πλεονέκτου
2681 1129 2962 1201 ὀφθαλμὸς
2996 1131 3096 1185 οὐκ
3127 1128 3478 1202 ἐμπίπλαται
3513 1127 3723 1200 μερίδι.
3761 1147 3780 1179 ι

2183 1256 2254 1268 --
2288 1245 2306 1277 ι
2345 1225 2635 1298 Συντρίψει
2658 1217 2862 1296 Κύριος
2886 1225 3059 1294 ὀσφὺν
3078 1224 3482 1295 άνελεημόνων.
3508 1241 3528 1274 ι
3557 1253 3625 1263 -
3655 1241 3674 1274 ι
3695 1223 3788 1293 Μὴ

2186 1317 2439 1390 ὲπέχαιρε
2470 1319 2564 1372 ἐπὶ
2594 1319 2872 1389 χρήμασιν
2927 1318 3158 1382 ἀδίκοις.
3201 1317 3372 1371 Οὐδὲν
3419 1315 3534 1387 γὰρ
3570 1316 3788 1388 ὠφελή-

2187 1429 2371 1467 σουσιν
2394 1414 2451 1467 ἐν
2486 1412 2674 1483 ἡμέρᾳ
2705 1411 3027 1483 ἐπαγωγῆς.
3068 1429 3087 1463 ι
3108 1430 3203 1462 -ι
3225 1411 3336 1466 Οὐκ
3369 1409 3700 1480 ἐκφεύξεται
3735 1411 3789 1462 ὲν

2184 1504 2513 1576 άρπάγματι
2567 1504 2914 1575 ἁμαρτωλός.
2959 1523 2978 1557 ι
3023 1536 3092 1544 —
3127 1521 3146 1555 ι
3214 1504 3276 1556 '0
3326 1504 3636 1573 οἰκοδομῶν
3689 1501 3789 1572 τὴν

2185 1595 2366 1650 οἰκίαν
2400 1593 2565 1649 αὐτοῦ
2600 1595 2658 1648 ὲν
2698 1597 2981 1667 χρήμασιν
3007 1595 3315 1666 ἀλλοτρίου,
3359 1595 3437 1659 ὡς
3475 1596 3504 1649 ὁ
3535 1595 3790 1662 συνάγων

2185 1689 2312 1751 τοὺς
2343 1687 2525 1750 λίθους
2547 1687 2712 1741 αὑτοῦ
2756 1689 2838 1752 εἰς
2878 1688 2973 1742 τὸν
3020 1689 3384 1760 χειμάρρουν.
3424 1707 3442 1741 ›
3469 1718 3542 1730 ~—-
3573 1708 3593 1742 ι
3631 1690 3793 1744 Λέων

2187 1782 2360 1850 θήραν
2395 1779 2687 1852 ὲνεδρεύει,
2713 1780 2887 1845 οὕτως
2913 1781 3163 1852 ἁμαρτία
3207 1782 3336 1844 τοὺς
3377 1781 3791 1854 ἐργαζομένους

497 1887 608 1943 tur,
653 1876 738 1932 sic
795 1882 1082 1946 peccatum
1139 1869 1500 1941 operantibus
1567 1867 1914 1938 iniquitates.
1953 1887 1972 1921 ι
2019 1898 2085 1909 -

2200 1873 2374 1926 tam.
2412 1891 2430 1924 ι
2456 1901 2524 1913 —-
2561 1894 2578 1924 ‹
2609 1870 2896 1937 Θυσιάζων
2919 1874 2977 1932 ἐξ
3005 1872 3232 1936 ἀδίκων,
3266 1871 3428 1927 ουσία
3465 1874 3791 1944 μεμιασμὲ-

497 1985 687 2035 xxxiv,
713 1969 804 2024 20.
837 1985 854 2018 ι
891 1964 1187 2021 lmmolans
1217 1979 1285 2019 ex
1336 1961 1648 2032 iniquitate,
1683 1959 1861 2015 hostia
1895 1973 2084 2013 macu-

2200 1983 2276 2033 νη.
2314 1983 2331 2016 ι
2364 1993 2430 2004 ——
2469 1984 2486 2017 ι
2534 1965 2813 2035 Χρήματα
2844 1963 3068 2028 ἀδίκων,
3122 1964 3199 2028 ὡς
3238 1967 3478 2036 ποταμοὶ
3503 1965 3789 2039 ξηρανθή-

497 2064 631 2118 lata.
669 2078 689 2114 ι
723 2089 793 2101 --
820 2074 911 2128 xL,
948 2057 1036 2113 15.
1084 2075 1102 2109 ι
1142 2055 1395 2111 Pecunias
1427 2054 1762 2125 injustorum
1798 2051 1941 2108 sicut
1971 2059 2083 2105 tor-

2200 2075 2364 2123 τεται,
2395 2059 2490 2113 καὶ
2519 2059 2595 2122 ὡς
2635 2057 2834 2129 βροντὴ
2867 2058 3076 2130 μεγάλη
3109 2058 3169 2112 ἐν
3202 2058 3346 2130 ὐετῷ
3370 2058 3660 2131 ὲξηχήσει.
3693 2079 3768 2113 »-

497 2163 681 2212 rentes
718 2153 1099 2216 siccabuntur,
1120 2157 1175 2206 et
1204 2149 1351 2206 sicut
1390 2149 1692 2203 tonitruum
1734 2160 1992 2215 magnum
2025 2145 2080 2199 in

2200 2171 2212 2204 ι
2236 2150 2392 2205 Θύων
2413 2150 2530 2205 υἱὸν
2556 2149 2736 2206 ἔναντι
2765 2150 2976 2223 πατρὸς
2993 2149 3186 2218 αὑτοῦ,
3214 2154 3242 2206 ὁ
3265 2151 3563 2224 προσάγων
3591 2151 3790 2206 θυσίαν

498 2248 680 2318 pluvia
713 2247 1105 2317 personabunt.
1149 2262 1171 2298 ι
1207 2272 1281 2285 --
1309 2257 1498 2308 xxxw,
1539 2239 1631 2295 22.
1669 2258 1688 2292 ι
1725 2239 1830 2307 Qui
1874 2247 2081 2295 mactat

2200 2245 2250 2299 iac
2285 2246 2587 2317 χρημάτων
2623 2244 2902 2316 πενήτων.
2939 2262 2959 2297 ι
2987 2275 3057 2286 --
3081 2263 3100 2297 ι
3133 2246 3248 2299 Οὐκ
3287 2245 3446 2299 ἔσται
3495 2245 3683 2314 ἀγαθὰ
3714 2245 3794 2317 τῷ

499 2337 668 2396 ﬁlium
694 2341 747 2395 in
773 2347 1072 2410 conspectu
1105 2337 1277 2409 patris
1300 2336 1407 2402 sui,
1431 2335 1526 2405 qui
1557 2333 1717 2390 oll‘ert
1744 2331 2077 2390 sacriﬁcium

2200 2336 2571 2407 ινδελεχίζοντι
2605 2336 2685 2404 εἷς
2719 2334 2887 2406 κακά,
2922 2336 3125 2408 καὶῖτῷ
3158 2338 3539 2411 ἐλεημοσύνην
3573 2339 3652 2411 μὴ
3687 2356 3795 2409 χα-

498 2452 566 2492 ex
605 2435 853 2508 pecuniis
909 2447 1236 2504 pauperum.
1269 2448 1291 2484 ι
1329 2460 1400 2472 -
1438 2444 1539 2494 xu,
1573 2427 1631 2482 3.
1671 2445 1691 2479 ι
1731 2425 1850 2481 Non
1887 2425 1993 2481 erit
2028 2423 2079 2479 ei

2200 2429 2480 2501 ιιζομένῳ.
2521 2447 2540 2481 ι
2579 2462 2650 2473 -
2677 2448 2697 2482 ι
2738 2431 2940 2502 "Apto;
2965 2429 3340 2502 ἐπιδεομένων
3375 2430 3491 2503 ζωὴ
3521 2431 3792 2501 πτωχῶν·

499 2532 657 2600 bene,
684 2529 778 2602 qui
800 2528 1060 2584 assiduus
1091 2532 1179 2581 est
1212 2525 1265 2579 in
1297 2521 1479 2586 malis,
1510 2534 1613 2576 nec
1636 2519 1686 2577 ei
1718 2520 1810 2591 qui
1844 2518 2078 2574 eleemo-

2200 2520 2553 2595 ιάποστερῶν
2578 2523 2770 2595 αὐτὴν,
2807 2523 3097 2595 ἄνθρωπος
3128 2524 3408 2596 αἱμάτων.
3457 2540 3478 2576 ι
3509 2554 3584 2567 -—-
3619 2525 3798 2594 Ἀγα-

498 2639 693 2698 synam
723 2639 831 2680 non
856 2621 1110 2692 largitur.
1147 2638 1169 2673 ι
1201 2647 1273 2660 -
1299 2632 1488 2681 xxxrv,
1527 2615 1618 2670 25.
1656 2633 1676 2667 ι
1713 2611 1879 2668 Panis
1912 2627 2080 2684 egen-

2200 2615 2270 2679 lb;
2299 2615 2530 2680 πλοῦτος
2551 2610 2597 2686 ᾧ
2632 2617 2708 2688 μὴ
2736 2615 2885 2671 ἔστιν
2915 2617 3184 2692 ἁμαρτία.
3221 2637 3242 2671 ι

499 2721 638 2774 tium
679 2717 790 2772 vita
822 2728 1128 2787 pauperum
1163 2721 1249 2768 est
1280 2728 1294 2765 :
1323 2709 1416 2780 qui
1438 2705 1732 2764 defraudat
1754 2719 1897 2772 eam,
1931 2703 2096 2760 homo
2124 2708 2454 2780 sanguiuum
2483 2717 2589 2765 est.
2624 2727 2643 2761 ι
2670 2737 2740 2751 --
2769 2725 2868 2765 xm
2893 2751 2909 2778 ,
2950 2710 3043 2768 30.
3105 2729 3124 2763 ι
3167 2709 3332 2767 Bona:
3391 2711 3600 2768 divitia
3657 2721 3801 2770 svnt

500 2817 556 2868 in
582 2809 790 2881 quibus
818 2824 929 2862 non
960 2815 1047 2863 est
1085 2813 1396 2876 peccatum.
1429 2819 1450 2855 ι

572 2900 745 2956 Eccli.
777 2914 930 2964 xxxi,
965 2895 1078 2952 1-6.
1100 2925 1172 2937 --
1201 2913 1218 2946 ι
1255 2892 1448 2964 Vigilia
1477 2889 1797 2946 divitiarum
1824 2887 2085 2946 tabefecit

2258 2907 2278 2941 ι
2311 2887 2618 2960 ’Λγρυπνξα
2651 2889 2885 2945 πλούτου
2915 2891 3142 2962 ἐκτήκει
3178 2891 3409 2963 σάρκας,
3439 2893 3533 2946 καὶ
3559 2895 3593 2966 ἡ
3620 2895 3792 2965 μέρι-

499 3008 722 3060 carnes,
760 2999 814 3046 et
865 2988 1142 3059 cogitatus
1194 2985 1344 3039 illius
1402 2981 1584 3037 aufert
1635 2996 1915 3036 somnum.
1976 2977 2084 3046 Qui

2200 3000 2299 3053 μνα
2319 2982 2484 3037 αὐτοῦ
2507 2984 2714 3056 άφιστᾷ
2744 2983 2938 3039 ὕπνον.
2981 2983 3040 3036 Ὀ
3063 2985 3292 3054 ἀγαπῶν
3322 2987 3566 3057 χρυσίον,
3602 2987 3673 3040 ού
3710 2989 3798 3042 δι-

502 3094 649 3142 amat
677 3099 894 3149 aurum,
928 3097 1037 3138 non
1074 3076 1490 3151 iustiﬁcabitur.
1527 3073 1686 3129 Multi
1709 3073 1823 3128 dati
1865 3080 1995 3129 sunt
2027 3072 2082 3126 in

2200 3079 2580 3156 ιαιωθήσεται.
2613 3079 2806 3133 Πολλοὶ
2841 3079 3105 3150 ἐδόθησαν
3154 3081 3236 3144 εἰς
3289 3080 3491 3154 πτῶμα
3524 3083 3798 3155 χρυσίου,

502 3194 691 3236 casum
732 3176 875 3240 auri,
909 3183 963 3231 et
995 3175 1136 3228 facta
1175 3180 1260 3228 est
1300 3169 1536 3242 perditio
1576 3182 1769 3224 eorum
1799 3167 1856 3222 in
1887 3165 2082 3221 faciem

2200 3172 2286 3224 καὶ
2324 3172 2559 3242 ἐγενήθη
2607 3174 2642 3243 ἡ
2671 3169 2922 3226 ἀπώλεια
2956 3170 3137 3226 αὐτῶν
3163 3171 3322 3242 ίκατὰ
3361 3176 3665 3246 πρόσωπον
3699 3177 3804 3229 αύ-

503 3277 772 3346 ipsorum.
806 3269 1036 3341 Lignum
1076 3265 1403 3322 oli'ensionis
1443 3271 1529 3319 est
1576 3276 1775 3316 aurum
1824 3259 1934 3316 illis
1993 3259 2085 3331 qui

2200 3264 2321 3319 τῶν.
2353 3263 2522 3318 Ξύλον
2547 3265 2977 3336 προσχόμματός
3011 3267 3128 3319 ἐστι
3159 3267 3272 3330 τοῖς
3302 3266 3664 3333 θυσιάζουσιν
3693 3271 3800 3325 αὖ·

502 3368 819 3424 sacriﬁcant
849 3364 899 3420 ei
932 3380 948 3419 :
985 3369 1040 3418 et
1070 3359 1254 3417 omnis
1292 3355 1617 3430 imprudens
1647 3351 2085 3426 deprehendetur

2200 3355 2286 3430 τῷ,
2325 3357 2423 3412 καὶ
2452 3359 2561 3423 πᾶς
2591 3359 2779 3430 ἄφρων
2809 3357 3082 3414 ἁλώσεται
3109 3360 3168 3414 ὲν
3197 3359 3365 3430 αὐτῷ.
3397 3379 3419 3413 ι

503 3467 558 3520 in
595 3478 682 3518 eo.
723 3481 744 3514 ι

577 3551 745 3608 Eccli.
788 3568 909 3618 xm,
932 3549 1126 3608 25-26.
1153 3578 1227 3593 --
1279 3567 1299 3602 ι
1333 3545 1576 3602 Venator
1606 3543 1850 3609 leonum,
1897 3539 2093 3611 onagri

501 3645 559 3701 in
592 3644 832 3708 deserto,
867 3646 949 3698 sic
998 3648 1055 3697 et
1098 3651 1303 3711 pascua
1330 3634 1560 3691 divitum
1614 3639 1746 3689 sunt
1796 3641 2088 3700 pauperes.

2260 3562 2279 3595 ι
2315 3542 2569 3615 Κυνηγὸς
2587 3543 2843 3611 λεόντων,
2876 3544 3102 3618 δναγροι
3132 3548 3189 3601 ἐν
3217 3547 3314 3620 ὲρη
3328 3567 3434 3620 μῳ,
3468 3547 3654 3614 οὕτως
3709 3570 3802 3606 vo.

2193 3636 2293 3706 μαὶ
2333 3637 2604 3691 πλουσίων
2635 3638 2685 3690 οἱ
2717 3637 2946 3708 πτωχοί.
2990 3639 3256 3693 Πλουσίου
3303 3641 3608 3710 σφαλέντος
3654 3647 3799 3698 πολ-

503 3738 703 3794 Divitis
754 3733 1001 3792 cadentis
1059 3733 1218 3786 multi
1253 3737 1382 3786 sunt
1427 3732 1889 3798 recuperatores:
1921 3721 2085 3776 locuti

2200 3729 2275 3782 λοὶ
2301 3729 2700 3801 ἀντιλήπτορες
2719 3743 2735 3759 ⁸
2773 3728 3043 3802 ἐλάλησαν
3065 3733 3378 3804 ἀπόρρητα,
3402 3736 3496 3789 καὶ
3527 3736 3798 3791 ἐδικαίω-

501 3839 630 3886 sunt
661 3841 884 3892 arcana,
909 3833 963 3882 et
984 3823 1431 3894 iustiﬁcaveruut
1463 3819 1641 3873 illum.
1672 3813 1835 3870 Dives
1867 3813 2085 3869 locutus

2200 3835 2293 3874 σαν
2321 3819 2503 3874 αὐτόν.
2532 3820 2793 3886 Πλούσιος
2819 3821 3051 3894 ἔλάλησε
3072 3865 3087 3891 ,
3131 3825 3226 3878 καὶ
3252 3825 3452 3889 πάντες
3485 3827 3796 3899 ἐσίγησαν,

500 3933 606 3991 cst,
633 3932 688 3979 et
725 3935 917 3976 omnes
946 3925 1259 3983 tacuerunt,
1283 3925 1336 3971 et
1363 3912 1591 3969 verbum
1627 3907 1777 3964 illius
1807 3921 1986 3978 usque
2019 3902 2085 3960 ad

2200 3912 2397 3967 καὶτὸν
2426 3912 2582 3986 λόγον
2605 3915 2772 3970 αὑτοῦ
2806 3916 3102 3986 άνύψωσαν
3125 3917 3229 3981 ἕως
3269 3919 3377 3972 τῶν
3407 3921 3686 3990 νεφελῶν.
3737 3943 3756 3976 ι

502 4019 675 4075 nubes
705 4016 1043 4072 extulerunt.
1081 4029 1104 4065 ι

2265 4025 2284 4060 ι
2323 4006 2481 4062 Κατὰ
2510 4007 2610 4080 τὴν
2652 4007 2806 4080 ἰσχὺν
2827 4009 2923 4063 τοῦ
2955 4009 3268 4081 ἀνθρώπου,
3294 4011 3469 4077 οὕτως
3496 4016 3596 4068 καὶ
3629 4018 3664 4070 ὁ
3698 4017 3790 4071 θυ-

574 4111 745 4168 Eccli.
776 4124 970 4176 xxvm,
1006 4107 1094 4161 1-1.
1124 4134 1194 4146 -
1254 4122 1273 4156 ι
1314 4098 1629 4158 Secundum
1688 4095 1947 4151 virtutem
1987 4091 2085 4147 ho-

2200 4098 2290 4165 ub;
2318 4098 2509 4166 αὑτοῦ,
2561 4101 2657 4155 καὶ
2691 4100 2834 4156 κατὰ
2869 4101 2962 4156 τὸν
2995 4100 3223 4158 πλοῦτον
3270 4102 3552 4174 άνυψώσει
3610 4107 3797 4179 ὀργὴν

503 4208 670 4264 minis
708 4203 991 4261 iracundia
1045 4200 1194 4257 illius
1225 4198 1352 4262 erit,
1397 4204 1452 4250 et
1484 4191 1790 4250 secundum
1826 4188 2087 4245 substan-
2185 4191 2375 4249 αὑτοῦ,
2414 4210 2434 4246 ι

503 4302 634 4356 tiam
661 4308 814 4354 suam
847 4294 1109 4351 exaltabit
1137 4293 1278 4347 iram
1314 4304 1494 4344 suam.
1534 4305 1553 4339 ι

575 4393 744 4450 Eccli.
778 4407 932 4456 χιιι,
953 4389 1106 4444 8-10.
1133 4416 1206 4428 --
1239 4405 1256 4438 ι
1287 4382 1490 4439 Beatus
1514 4379 1667 4436 dives
1699 4375 1790 4450 qui
1827 4375 2084 4432 inventus

2263 4397 2282 4430 ι
2316 4376 2606 4448 Μακάριος
2639 4377 2918 4445 πλούσιος,
2943 4379 3004 4443 ὃς
3051 4379 3256 4452 εὑρέθη
3297 4381 3558 4452 ἄμωμος,
3593 4384 3698 4436 καὶ
3735 4383 3792 4449 ὃς

503 4498 588 4548 est
623 4489 745 4544 sine
773 4485 1008 4549 macula,
1042 4491 1097 4539 et
1117 4481 1210 4553 qui
1239 4487 1365 4551 post
1403 4490 1601 4532 aurum
1629 4488 1740 4528 non
1765 4471 1920 4527 abiit.
1949 4469 2085 4537 Quis

2200 4469 2363 4524 iniam
2393 4471 2618 4542 χρυσίου
2655 4471 2756 4525 οὐκ
2797 4470 3094 4543 ἐπορεύθη.
3150 4471 3246 4534 Τίς
3273 4469 3428 4537 tam;
3465 4472 3563 4525 καὶ
3594 4490 3794 4543 μακαο

502 4593 589 4642 est
616 4582 741 4638 hic?
770 4580 833 4634 Et
869 4576 1216 4632 laudabimus
1247 4587 1393 4628 eum.
1426 4567 1578 4624 Fecit
1623 4567 1772 4623 enim
1807 4563 2083 4621 mirabilia

2200 4562 2415 4635 βιοῦμεν
2445 4562 2631 4618 αὐτόν.
2673 4563 2930 4636 Ἐποίησε
2968 4563 3081 4634 γὰρ
3111 4563 3396 4635 θαυμάσια
3435 4567 3493 4618 ὲν
3536 4564 3660 4636 λαῷ
3691 4567 3789 4620 αύ-

506 4677 560 4731 in
601 4672 803 4746 populo
833 4683 955 4727 suo.
1003 4665 1138 4733 Quis
1180 4663 1444 4735 probatus
1469 4668 1552 4717 est
1593 4656 1650 4713 in
1701 4657 1817 4723 illo,
1872 4663 1926 4711 et
1956 4667 2083 4724 per-

2200 4654 2303 4710 τοῦ.
2353 4655 2450 4720 Τίς
2486 4656 2823 4728 ἐδοκιμάσθη
2855 4656 2914 4711 ἐν
2947 4654 3132 4725 αὐτῷ,
3171 4657 3268 4710 καὶ
3319 4654 3655 4728 ὲτελειὼθης
3693 4661 3792 4713 καὶ

504 4771 681 4826 fectus
723 4766 844 4824 est?
897 4771 951 4819 et
997 4761 1069 4817 sit
1099 4760 1154 4814 in
1189 4757 1570 4832 gloriationcm
1613 4760 1903 4809 aeternam.
1943 4747 2080 4815 Quis

2200 4747 2326 4803 ἔστω
2355 4750 2435 4814 εἰς
2464 4747 2754 4820 καύχησιν.
2791 4749 2887 4814 Τίς
2915 4747 3147 4820 ἠδύνατο
3176 4750 3515 4824 παραϐῆναι,
3573 4754 3677 4804 καὶ
3725 4755 3788 4806 οὐ

503 4865 680 4928 potuit
713 4856 1047 4928 transgredi,
1077 4866 1131 4909 et
1179 4868 1291 4908 non
1327 4858 1409 4907 est
1439 4858 1845 4919 transgressus,
1899 4841 2082 4898 facere

2200 4841 2426 4914 παρέϐη,
2455 4842 2682 4913 ποιῆσαι
2713 4842 2882 4910 κακὰ,
2907 4843 3003 4896 καὶ
3032 4842 3135 4896 οὐκ
3156 4842 3412 4913 sarcinas;
3451 4842 3789 4917 Στερεωθήο

503 4960 664 5024 mala,
715 4963 770 5010 et
805 4969 914 5009 non
977 4949 1133 5006 fecit?
1183 4945 1551 5002 Stabilientur
1610 4944 1753 4999 bona
1810 4937 1982 5004 illius,
2029 4944 2084 4991 et

2200 4952 2337 4989 rem
2359 4935 2430 4990 τὰ
2458 4936 2639 5006 ἀγαθὰ
2663 4937 2851 5005 αὐτοῦ,
2891 4938 2986 4992 καὶ
3017 4936 3387 5008 ἐλεημοσύνας
3417 4936 3588 4990 αὐτοῦ
3627 4937 3785 4992 ἐκδι-

501 5053 876 5121 eleemosynas
905 5046 1051 5100 illius
1081 5040 1358 5097 enarrabit
1399 5036 1666 5093 Ecclesia.
1697 5054 1716 5088 ι

2200 5031 2512 5105 Ῑγήσεταιή
2559 5032 2875 5104 Ἐκκλησία.
2916 5052 2934 5084 ι

577 5143 741 5217 484
774 5141 942 5197 Εεείἱ.
969 5157 1046 5205 χι,
1095 5139 1177 5193 l7.
1215 5166 1284 5177 -—
1308 5152 1326 5185 ι
1487 5132 1580 5201 qui
1614 5130 1978 5202 locupletatur
2011 5146 2079 5186 ex

2257 5143 2278 5177 ‹
2326 5126 2480 5179 Ἐστι
2509 5127 2756 5181 πλουτῶν
2795 5127 2900 5181 ἀπὸ
2936 5126 3211 5198 προσοχῆς
3235 5125 3328 5180 καὶ
3374 5126 3648 5195 σφιγγὶας
3684 5128 3786 5180 αὖ-

502 5240 803 5294 attcntione
832 5243 886 5290 et
929 5228 1343 5302 compressione
1389 5240 1487 5281 sua
1526 5241 1546 5279 :
1586 5231 1644 5281 et
1699 5224 1970 5295 relinquet
2016 5235 2080 5278 ea

2200 5217 2299 5282 τοῦ,
2347 5220 2444 5272 καὶ
2483 5220 2804 5292 καταλείψει
2858 5219 3000 5275 αὐτὰ
3053 5219 3295 5291 ἑτέροις,
3347 5219 3443 5272 καὶ
3475 5220 3784 5274 ἀποθανεῖ-

501 5334 644 5392 aliis,
677 5341 730 5385 ct
762 5328 1047 5383 morietur.
1080 5343 1100 5376 ι

2200 5331 2292 5368 ται.
2333 5332 2352 5366 ι

572 5425 739 5480 Eccli.
772 5439 885 5483 xlv.
917 5419 1074 5478 i-ll.
1097 5436 1206 5470 -ι
1243 5414 1346 5483 Qui
1380 5419 1600 5469 acervat
1645 5427 1709 5467 ex
1753 5411 1941 5466 animo
1979 5425 2080 5466 suo

2258 5428 2279 5459 ι
2336 5408 2395 5461 '0
2427 5407 2676 5477 συνάγων
2707 5407 2816 5463 άπδ
2837 5407 2938 5478 τῆς
2961 5406 3140 5478 ψυχῆς
3176 5406 3342 5461 αὐτοῦ
3365 5449 3378 5473 ,
3413 5407 3645 5475 συνάγει
3677 5409 3780 5462 άλ-

502 5520 723 5589 injustc,
757 5519 881 5572 aliis
911 5520 1226 5586 congregat,
1259 5520 1312 5565 et
1359 5509 1412 5562 in
1458 5506 1616 5562 bonis
1665 5505 1785 5576 ejus
1830 5504 2080 5559 luxuria-

2200 5517 2314 5564 mtg,
2347 5501 2441 5554 καὶ
2466 5502 2525 5553 ὲν
2554 5502 2668 5564 τοῖς
2687 5498 2852 5554 αὐτοῦ
2877 5501 3244 5572 τρυφησουσιν
3269 5500 3470 5570 ἕτεροι.
3519 5501 3579 5553 '0
3603 5516 3745 5569 πονη
3769 5535 3774 5538 -

502 5588 705 5667 buntur
734 5609 848 5665 alii.
891 5607 995 5675 Qui
1048 5605 1151 5662 sibi
1196 5615 1430 5673 nequam
1471 5608 1575 5663 est,
1610 5597 1701 5653 cui
1737 5599 1914 5652 bonus
1947 5597 2077 5652 erit.

2200 5592 2275 5655 >δς
2299 5591 2499 5664 ἐαυτῷ,
2528 5591 2634 5645 τίνι
2660 5591 2897 5661 άγαθός;
2935 5591 3144 5654 τέκνον,
3186 5588 3418 5645 καθόσον
3469 5589 3642 5660 ἔχεις,
3679 5592 3774 5644 εὖ·

501 5706 623 5770 Fili,
653 5712 918 5777 quantum
951 5701 1142 5763 habes,
1179 5693 1410 5753 benefac
1442 5693 1562 5749 tibi.
1592 5710 1611 5744 ι

2200 5686 2323 5739 cois:
2355 5684 2584 5755 σεαυτῷ.
2615 5703 2634 5737 ι

569 5771 765 5854 Malui.
817 5814 930 5860 xix,
986 5793 1274 5851 25-26.-—
1312 5809 1328 5841 ι
1363 5788 1510 5843 Dixit
1564 5785 1730 5842 Jesus
1781 5784 2073 5856 discipulis

2255 5799 2276 5831 ‹
2308 5775 2473 5833 Εἶπεν
2525 5779 2555 5831 ὁ
2616 5776 2824 5849 Ἰησοῦς
2877 5779 2991 5841 τοῖς
3020 5774 3293 5848 μαθηταῖς
3343 5771 3548 5829 αὐτοῦ’
3594 5774 3776 5845 ’Δμὴν

501 5893 612 5950 suis
640 5909 658 5950 :
691 5894 860 5950 Amen
890 5891 1016 5948 dico
1039 5888 1215 5953 vobis,
1248 5881 1376 5956 quia
1400 5881 1619 5940 diliicile
1648 5879 1803 5937 dives
1843 5879 2073 5936 intrabit

2200 5875 2322 5943 ιέγω
2353 5874 2499 5947 ὑμῖν,
2527 5873 2609 5928 ὅτι
2638 5873 2910 5940 δυσκύλως
2965 5872 3221 5938 πλούσιος
3267 5869 3644 5927 εἰσελεύσεται
3690 5870 3776 5931 εἰς
