4014 6302
269 382 402 454 1481

1523 389 1760 451 SACRA
1800 389 1891 450 PA
1901 388 2266 451 RALLELA.

3403 389 3537 456 1492

265 509 364 579 τὴν
393 504 670 577 βασιλείαν
720 512 831 561 τῶν
890 506 1158 581 οὐρανῶν.
1213 502 1381 559 Πάλιν
1401 503 1456 556 δὲ
1495 503 1639 571 λέγω
1680 502 1839 571 ύμίν⁴

1961 514 2008 554 ιιι
2043 514 2272 570 regnum
2322 497 2615 559 coeiorum.
2668 498 2734 555 Et
2784 499 2986 557 iterum
3029 500 3157 558 dico
3187 502 3344 561 vobis
3380 523 3392 560 :
3429 507 3538 561 Fa-

264 599 657 671 Εὐκοπώτερον
683 600 800 654 ἐστι
822 602 1073 674 κάμηλον
1118 599 1207 653 διὰ
1237 599 1594 671 τρυπήματος
1624 594 1846 666 ῥαφίδος

261 691 512 759 διελθεῖν,
548 693 582 764 ἢ
606 693 860 749 πλούσιον
882 697 966 759 είς
997 694 1100 765 τὴν
1127 691 1406 764 βασιλείαν
1433 688 1527 744 τοῦ
1555 687 1690 742 Θεοῦ
1731 690 1845 740 εἰσ-

262 784 462 844 ελθεῖν.
500 787 859 853 Ἀκούσαντες
904 787 963 842 δὲ
998 788 1047 842 oi
1091 785 1332 859 μαθηταὶ
1359 783 1550 847 αὑτοῦ,
1581 781 1848 853 ﬁmi-7’15"

263 894 422 936 σοντο
450 879 682 953 σφόδρα,
708 879 998 950 λέγοντες⁶
1027 880 1125 944 Τίς
1163 879 1272 951 ἄρα
1304 879 1527 935 δύναται
1569 874 1845 946 σωθῆναι;

263 971 623 1045 ἐμϐλέψαςᾶ
650 976 681 1028 6
719 971 952 1045 Ἰησοῦς,
993 967 1151 1028 εἶπεν
1174 974 1362 1037 αὐτοῖς
1386 987 1402 1006 ο
1437 969 1597 1043 Παρὰ
1637 962 1849 1038 ἀνθρὼ-

260 1083 387 1133 πυις
414 1066 573 1121 τοῦτο
595 1065 860 1122 ἀδύνατόν
896 1068 1045 1134 ἐστι,
1095 1064 1246 1138 παρὰ
1270 1064 1329 1119 δὲ
1363 1061 1485 1136 Θεῷ
1531 1061 1712 1118 πάντα
1753 1059 1847 1114 δυ-

261 1161 418 1214 νατά.
461 1179 480 1212 ι

339 1269 359 1304 ι
413 1250 732 1324 Ἀνθρώπου
767 1249 917 1318 τινὸς
939 1249 1195 1308 πλουσίου
1219 1250 1523 1322 εὐφόρησεν
1554 1251 1586 1306 ἠ
1619 1251 1794 1320 χώρα.
1820 1265 1838 1298 ι

261 1347 359 1402 καὶ
385 1346 454 1402 τὰ
477 1345 663 1407 λοιπά.

337 1461 356 1494 ι
393 1439 532 1494 Οὐαὶ
557 1441 687 1513 ὑμῖν
714 1443 826 1506 τοῖς
850 1440 1151 1506 πλουσίοις,
1182 1441 1262 1495 ὅτι
1295 1441 1526 1510 ἀπέχετε
1551 1436 1650 1510 τὴν
1671 1437 1848 1509 παρά-

259 1531 455 1604 κλησιν
482 1532 656 1604 ὑμῶν.
686 1533 824 1587 Οὐαὶ
850 1534 978 1606 ὑμῖν
1001 1535 1051 1587 οἱ
1084 1532 1533 1606 ἐμπεπλησμένοι
1551 1573 1566 1597 ,
1616 1532 1696 1585 ὅτι
1725 1548 1848 1586 πει-

259 1624 474 1681 νάσετε.
518 1624 653 1679 οὐαὶ
682 1624 810 1696 ὑμῖν
850 1626 901 1679 oi
948 1624 1237 1694 γελῶντες,
1282 1625 1367 1678 ὅτι
1413 1621 1714 1694 πενθήσετε
1747 1621 1846 1676 καὶ

258 1716 546 1771 κλαύσετε.

337 1831 358 1865 ι
395 1811 694 1884 Ἀπόστητε
725 1813 820 1868 ἀπ’
851 1811 1009 1883 ἐμοῦ,
1041 1814 1241 1877 πάντες
1261 1813 1311 1867 οἱ
1345 1811 1574 1885 ἐργάται
1598 1813 1698 1884 τῆς
1725 1811 1842 1866 ἁδι-

1948 592 2111 648 cilius
2129 600 2215 648 est
2236 592 2506 650 camelum
2534 609 2631 666 per
2656 592 2906 650 foramen
2943 610 3077 652 acus
3107 597 3341 664 intrare,
3368 615 3536 671 quam

1947 682 2174 739 divitem
2207 683 2414 740 intrare
2450 683 2504 740 in
2538 701 2768 756 regnum
2796 686 3085 743 caelorum.
3116 688 3418 746 Audientes
3441 708 3538 746 au-

1947 780 2060 830 tem
2087 773 2348 844 discipuli
2369 771 2495 845 ejus
2525 775 2871 830 mirabantur
2897 777 3072 842 valde,
3092 777 3375 836 dicentes:
3401 779 3536 847 Quis

1949 866 2156 939 poterit
2184 867 2373 923 salvus
2403 866 2565 923 fieri?
2609 866 2900 938 Aspiciens
2944 879 3132 926 autem
3158 871 3345 940 Jesus,
3396 874 3536 930 dixit

1948 959 2064 1018 illis
2099 977 2115 1017 :
2155 960 2314 1032 Apud
2363 961 2618 1018 homines
2664 961 2769 1017 boc
2818 963 3162 1034 impossibile
3200 978 3287 1024 est
3327 985 3341 1022 :
3388 971 3536 1041 apud

1950 1049 2124 1110 Deum
2158 1062 2345 1108 autem
2380 1053 2564 1109 omnia
2609 1054 2900 1125 possibilia
2930 1065 3082 1112 sunt.
3120 1077 3140 1112 ι

2021 1240 2153 1301 Luc.
2213 1257 2311 1308 xu,
2364 1242 2451 1298 16.
2504 1273 2572 1284 -—
2611 1262 2630 1297 ι
2681 1245 2934 1302 Hominis
2996 1248 3288 1319 cujusdam
3345 1250 3534 1307 divitis

1950 1334 2149 1392 uberes
2178 1334 2395 1392 fructus
2426 1352 2557 1409 ager
2592 1339 2802 1407 attulit,
2836 1359 2854 1392 ι
2891 1349 3001 1396 etc.

2020 1425 2148 1482 Luc.
2194 1444 2270 1495 vr,
2331 1429 2426 1486 25.
2458 1458 2530 1470 —-
2561 1450 2581 1485 ι
2619 1428 2714 1486 Va:
2749 1434 2905 1489 vobis
2941 1433 3230 1502 divitibus,
3273 1441 3531 1508 quoniam

1947 1518 2168 1577 habetis
2201 1522 2634 1579 consolationem
2682 1533 2947 1581 vestram.
2995 1525 3089 1582 Va:
3121 1531 3280 1586 vobis
3312 1535 3404 1600 qui
3446 1548 3522 1589 sa-

1947 1609 2117 1666 turati
2170 1611 2326 1682 estis,
2367 1613 2497 1685 quia
2547 1617 2829 1672 esurietis.
2879 1616 2971 1674 Va:
3024 1621 3179 1679 vobis
3208 1625 3302 1694 qui
3340 1625 3534 1683 ridetis

1947 1716 2116 1769 nunc,
2146 1703 2278 1775 quia
2311 1704 2570 1777 lugebitis
2600 1715 2656 1764 et
2687 1707 2909 1767 ﬂebitis.
2945 1730 2965 1764 ι

2015 1794 2149 1852 Luc.
2181 1812 2300 1865 xui,
2328 1797 2504 1854 21-—
2526 1819 2546 1853 ι
2570 1800 2842 1859 Discedite
2872 1821 2902 1858 a
2933 1819 3038 1873 me,
3072 1820 3263 1864 omnes
3294 1810 3534 1881 operarii

260 1906 410 1969 κίας.
445 1904 592 1959 Ἐκεῖ
618 1882 774 1960 ἔσται
813 1908 844 1960 6
888 1906 1168 1976 κλαυθμὸς
1211 1906 1310 1962 καὶ
1349 1882 1388 1962 6-
1419 1882 1666 1980 βρυγμὸς
1695 1905 1839 1961 ὀδόν-

1965 1886 2273 1960 niquitatis.
2304 1887 2382 1945 lbi
2408 1891 2515 1947 erit
2543 1890 2705 1950 ﬂetus
2732 1904 2786 1950 et
2821 1896 3029 1953 stridor
3059 1899 3327 1960 dentium.
3361 1923 3382 1955 ι

370 2035 387 2051 .
418 2013 438 2047 ι

257 2011 368 2142 an:
392 2088 492 2145 Διὰ
520 2087 576 2144 τί
607 2090 732 2161 οὐχὶ
769 2089 974 2162 μᾶλλον
992 2089 1310 2157 ἀδικεῖσθε;
1341 2087 1441 2143 Διὰ
1473 2087 1527 2141 τί
1559 2086 1683 2158 οὐχὶ
1707 2087 1846 2159 μᾶλα

255 2183 350 2239 λον
382 2185 807 2258 ἁποστερεῖσθες
851 2185 967 2240 ἀλλ’
1003 2186 1166 2256 ὑμεῖς
1197 2183 1439 2238 ἀδικεῖτε
1477 2179 1572 2234 καὶ
1610 2180 1847 2234 ἀποστε-

258 2278 426 2348 ρεῖτε,
458 2279 552 2333 καὶ
582 2276 762 2331 ταῦτα
786 2273 1074 2346 ἀδελφούς.
1099 2274 1172 2327 Ἤ
1204 2272 1305 2326 οὐκ
1324 2269 1530 2337 οίδατε,
1558 2268 1644 2323 ὅτι
1672 2267 1846 2323 ἄδικοι

259 2367 538 2437 βασιλείαν
556 2369 693 2425 Θεοῦ
721 2370 783 2425 ού
809 2369 1352 2442 κληρονομήσουσινς
1386 2384 1407 2420 ι

332 2568 352 2605 ο
396 2552 457 2605 '0
487 2549 690 2606 ἀδικῶν
746 2550 1026 2623 κομιεῖται
1074 2548 1103 2602 6
1130 2549 1380 2623 ἠδίκησε.
1435 2544 1550 2603 Καὶ
1600 2541 1701 2597 ούκ
1728 2541 1844 2597 ἐστι

255 2640 691 2717 προσωποληψία
717 2639 870 2711 παρὰ
899 2639 980 2712 τῷ
1013 2638 1157 2712 Θεῷ.
1200 2659 1220 2693 ι

334 2855 355 2889 ι
382 2835 477 2906 Μὴ
500 2832 604 2889 ὗπε
614 2831 854 2906 ρσαίνειν
875 2831 970 2886 καὶ⁵
993 2829 1337 2886 πλεονεκτεῖν
1359 2829 1417 2884 ἐν
1441 2826 1729 2901 πράγματι
1750 2826 1845 2882 τὸν

255 2929 485 2998 ἀδελφὸν
514 2925 682 2982 αὑτοῦ
708 2940 724 2960 ο
777 2926 916 2981 διότι
969 2923 1184 2989 ἔκδικος
1226 2924 1257 2976 6
1284 2921 1416 2988 Θεὸς
1465 2923 1596 2993 περὶ
1622 2921 1843 2979 πάντων

253 3021 483 3077 τούτων.
519 3039 538 3072 ι

332 3132 353 3166 ι
383 3111 708 3185 Ἀποστήτω
732 3111 842 3168 ἀπὸ
867 3108 1084 3172 ἀδικίας
1117 3107 1225 3173 πᾶς
1257 3108 1286 3162 6
1309 3105 1594 3180 ὀνομάζων
1620 3105 1686 3160 τὺ
1717 3104 1838 3160 ὅνο-

259 3222 336 3274 μα
363 3205 458 3259 τοῦ
493 3204 653 3262 Θεοῦ.
696 3224 718 3258 ι

331 3321 350 3354 ι
384 3302 447 3355 Οί
472 3300 790 3373 βουλόμενοι
817 3298 1094 3363 πλουτεῖν,
1121 3294 1496 3366 ἐμπίπτουσιν
1525 3292 1610 3356 είς
1641 3307 1838 3363 πειρα-

256 3394 415 3465 σμὸν,
431 3395 529 3449 καὶ
549 3394 631 3458 είς
656 3391 880 3461 παγίδα,
905 3388 1001 3444 καὶ
1027 3390 1108 3451 είς
1128 3384 1429 3457 ἐπιθυμίας
1456 3383 1656 3447 πολλὰς
1679 3384 1841 3455 ἀνοή-

252 3504 381 3552 τους
436 3487 530 3541 καὶ
572 3484 868 3557 βλαϐερὰς,
903 3482 1110 3544 αἵτινες
1143 3476 1428 3550 βυθίζουσι
1465 3478 1596 3541 τοὺς
1622 3474 1835 3547 ἀνθρώ-

255 3603 391 3649 πους
425 3585 503 3647 είς
526 3580 748 3655 ὄλεθρον
792 3579 888 3635 καὶ
919 3576 1220 3633 ἀπώλειαν.
1281 3573 1436 3639 Ῥίζα
1475 3572 1587 3645 γὰρ
1620 3572 1839 3627 πάντων

254 3677 363 3733 τῶν
386 3677 570 3731 κακῶν
606 3676 757 3728 ἐστιν
786 3674 820 3742 ἡ
845 3669 1185 3742 φιλαργυρία
1205 3707 1221 3733 ,
1247 3661 1316 3741 ἦς
1341 3683 1494 3731 τινες
1515 3665 1839 3737 ὀρεγόμενοι

253 3769 688 3842 inanitaquan
747 3765 857 3820 ἀπὸ
889 3763 991 3834 τῆς
1018 3761 1278 3829 πίστεως,
1309 3759 1404 3814 καὶ
1425 3760 1652 3822 ἑαυτοὺς
1679 3775 1838 3830 περι-

253 3864 482 3933 έπειραν
506 3859 722 3922 ὀδύναις
747 3855 992 3919 πολλαῖς.
1035 3873 1056 3906 ι

331 3973 351 4007 ι
388 3953 450 4007 Οί
483 3952 751 4015 πλούσιοι,
787 3946 1064 4004 κλαύσατε
1089 3943 1438 4010 ὀλολύζοντες
1471 3942 1565 3997 ἐπὶ
1592 3944 1713 4006 ταῖς
1736 3958 1838 3999 τα-

259 4049 585 4120 Ααιπωρίαις
618 4045 773 4118 ὑμῶν
826 4047 947 4109 ταῖς
1010 4041 1434 4114 ἐπερχομέναις.
1492 4040 1553 4092 Ὀ
1607 4036 1839 4102 πλοῦτος

258 4144 411 4215 ὃμῶν
441 4143 670 4215 σέσηπε,
715 4140 810 4194 καὶ
835 4137 903 4192 τὰ
930 4136 1123 4208 ἱμάτια
1167 4133 1321 4206 ὑμῶν
1362 4131 1682 4204 σητύὸρωτα
1713 4131 1837 4201 ὲγέ-

247 4228 394 4306 ξνετο.
441 4238 499 4292 '0
523 4234 722 4308 χρυσὸς
746 4232 924 4305 ὑμῶν,
947 4231 1043 4284 καὶ¹
1067 4230 1096 4283 6
1129 4229 1372 4301 ἄργυρος
1403 4227 1688 4290 κατίωται,
1743 4225 1839 4279 καὶ

249 4310 284 4387 λό
310 4332 386 4396 ίδς
405 4331 585 4385 αὐτῶν
613 4331 691 4394 είς
720 4326 1023 4399 μαρτύριον
1057 4325 1186 4394 ὑμῖν
1226 4321 1384 4377 ἔσται
1404 4360 1421 4386 ,
1464 4320 1563 4374 καὶ
1602 4318 1837 4389 φάγεται

246 4406 350 4487 ⁸τὰς
404 4422 615 4495 σάρκας
663 4418 821 4492 ὑμῶν
871 4421 900 4474 ὁ
933 4417 1030 4482 ίός.
1073 4416 1160 4481 Ὠς
1189 4413 1302 4487 πῦρ
1354 4413 1750 4485 ἐθησαυρίσατε
1779 4413 1836 4465 ἐν

253 4516 460 4589 ἐσχάτη
487 4516 694 4588 ἡμέρᾳ·
735 4532 754 4567 ι

2021 2070 2052 2127 Ι
2084 2070 2209 2129 Cor.
2238 2090 2316 2140 vt,
2347 2074 2402 2144 7,
2436 2075 2580 2144 8,-
2616 2099 2634 2132 ι
2673 2078 2854 2148 Quare
2885 2097 2991 2138 non
3033 2085 3216 2156 potius
3268 2087 3532 2160 injuriam

1948 2163 2244 2235 accipitis?
2272 2165 2455 2234 Quare
2484 2185 2596 2226 non
2632 2174 2809 2244 magis
2844 2175 3091 2233 fraudem
3126 2179 3411 2248 patimini?
3434 2187 3530 2242 sed

1948 2269 2047 2312 vos
2071 2253 2252 2314 facitis
2283 2259 2569 2330 injuriam,
2593 2272 2658 2319 et
2678 2263 2947 2324 fraudatis
2973 2287 2986 2335 ;
3021 2277 3075 2325 et
3098 2271 3212 2328 haec
3230 2272 3528 2333 fratribus:

1947 2346 2029 2403 An
2060 2351 2289 2409 nescitis
2317 2353 2449 2425 quia
2484 2353 2662 2428 iniqui
2704 2372 2936 2431 regnum
2989 2360 3085 2419 Dei
3137 2379 3243 2420 nou
3277 2369 3533 2438 posside-

1949 2439 2130 2498 bunt?
2160 2462 2180 2497 ι

2019 2531 2229 2593 Colore.
2264 2553 2347 2605 ιιι,
2375 2538 2468 2596 25.
2494 2569 2562 2582 —
2596 2561 2616 2596 ι
2653 2542 2756 2612 Qui
2788 2543 3048 2616 iniuriam
3097 2545 3252 2614 facit,
3297 2551 3533 2624 recipiet

1948 2625 2001 2683 id
2024 2631 2168 2700 quod
2211 2632 2398 2706 inique
2422 2635 2559 2708 egit.
2603 2636 2722 2695 Non
2753 2647 2839 2696 est
2877 2655 3245 2712 personarum
3284 2647 3532 2720 acceptio

1948 2721 2092 2793 apud
2129 2721 2322 2784 Deum.
2350 2745 2372 2781 ι

2018 2832 2049 2891 I
2083 2836 2266 2894 Thess.
2301 2855 2377 2906 tv,
2417 2839 2473 2896 6.
2521 2871 2592 2883 -
2642 2841 2759 2899 Non
2809 2846 3169 2918 supergredi,
3210 2865 3387 2922 neque
3423 2856 3529 2909 cir-

1945 2929 2263 2987 cumvenire
2293 2931 2349 2987 in
2384 2934 2607 3005 negotio
2655 2934 2881 2992 fratrem
2921 2953 3125 2995 suum:
3170 2940 3302 3014 quia
3329 2945 3530 3001 vindex

1943 3030 2026 3079 est
2059 3023 2204 3081 Deus
2225 3024 2294 3081 de
2318 3027 2575 3084 omnibus
2605 3028 2713 3085 bis.
2754 3047 2774 3082 ι

2017 3111 2080 3168 II
2111 3113 2248 3170 Tim.
2269 3132 2329 3182 ιι,
2363 3115 2451 3172 l9.
2482 3147 2552 3158 —
2581 3137 2600 3170 ι
2639 3116 2894 3177 Discedat
2927 3120 3000 3179 ab
3026 3122 3321 3198 iniquitate
3345 3129 3528 3188 omnis

1865 3237 1914 3302 ο
1942 3206 2044 3302 qui
2068 3207 2315 3302 nominat
2344 3223 2544 3302 nomen
2577 3208 2689 3270 Dei.

2014 3296 2044 3352 1
2069 3296 2205 3354 Tim.
2241 3315 2315 3366 vr,
2351 3301 2406 3368 9,
2441 3300 2529 3357 l0.
2561 3333 2630 3343 —-
2681 3323 2702 3358 ι
2737 3305 2841 3373 Qui
2890 3306 3087 3365 volunt
3129 3309 3329 3370 divites
3383 3314 3523 3384 ﬁeri,

1941 3390 2193 3446 incidunt
2217 3392 2272 3446 in
2296 3395 2683 3462 tentationem,
2717 3406 2770 3453 et
2803 3399 2859 3454 in
2900 3399 3184 3472 laqueum,
3215 3414 3269 3460 et
3293 3404 3350 3463 in
3379 3406 3524 3464 desi-

1938 3485 2092 3541 deria
2126 3485 2295 3541 multa
2319 3485 2516 3544 insana
2533 3498 2590 3545 et
2613 3490 2836 3558 nociva,
2857 3507 2984 3563 qua:
3001 3508 3254 3567 mergunt
3271 3497 3524 3559 homines

1939 3575 1993 3631 in
2029 3575 2310 3633 interitum
2335 3587 2393 3634 et
2425 3579 2817 3649 perditionem.
2869 3581 3050 3640 Radix
3095 3588 3243 3642 enim
3275 3589 3523 3649 omnium

1939 3669 2210 3724 malorum
2226 3678 2311 3726 est
2331 3672 2625 3741 cupiditas,
2643 3688 2807 3745 quam
2822 3676 3044 3747 quidam
3070 3689 3413 3752 appetentes,
3437 3701 3524 3742 er-

1938 3772 2200 3820 raverunt
2227 3781 2256 3820 a
2279 3764 2403 3835 (ide,
2415 3777 2471 3823 et
2492 3766 2846 3825 inseruerunt
2862 3786 2924 3827 se
2940 3770 3231 3831 doloribus
3251 3777 3462 3836 multis.
3496 3799 3516 3831 ι

2008 3945 2131 4003 Jac.
2160 3961 2216 4014 ν,
2250 3948 2300 4014 l,
2328 3948 2482 4004 5.-ι
2513 3948 2738 4018 Divites,
2769 3951 2982 4024 plorate
3019 3953 3300 4014 ululantes
3337 3958 3389 4014 in
3416 3961 3522 4014 mi-

1938 4041 2106 4096 seriis
2124 4056 2246 4112 quae
2269 4043 2522 4099 accident
2543 4044 2721 4101 vobis.
2745 4045 2962 4102 Divitiae
2989 4058 3182 4106 vestrae
3203 4052 3523 4123 putrefacta:

1938 4139 2090 4199 sunt,
2121 4142 2176 4188 et
2223 4135 2550 4190 vestimenta
2579 4145 2763 4192 vestra
2815 4153 2846 4191 a
2876 4141 3045 4197 tineis
3090 4152 3336 4199 comesta
3371 4158 3518 4201 sunt.

1936 4225 2144 4280 Aurum
2168 4235 2412 4283 vestrum
2441 4236 2497 4283 et
2544 4238 2830 4301 argentum
2873 4233 3218 4303 mrugiuavit,
3251 4243 3306 4290 et
3337 4251 3522 4309 aerugo

1938 4333 2127 4371 eorum
2164 4318 2218 4374 in
2264 4318 2642 4375 testimonium
2678 4321 2834 4377 vobis
2879 4323 2985 4378 erit
3025 4333 3125 4380 :et
3168 4328 3521 4383 manducabit

1939 4425 2135 4466 carnes
2166 4419 2384 4467 vestras
2417 4427 2626 4486 aerugo.
2688 4411 2846 4471 Sicut
2874 4415 3058 4486 ignem
3096 4418 3521 4477 tbesaurizastis

1939 4503 1991 4558 iu
2033 4504 2335 4560 novissimo
2372 4504 2486 4560 die.
2515 4523 2536 4559 ι

330 4631 348 4662 ι
390 4610 456 4664 Ἦ
490 4609 672 4681 κρίσις
694 4607 912 4670 ἀνέλεος
938 4604 1016 4674 τῷ
1041 4603 1117 4676 μὴ
1145 4603 1434 4679 ποιήσαντι
1454 4600 1622 4666 ἔλεος.
1660 4601 1783 4654 Ἐὰν
1804 4605 1833 4653 6

2005 4594 2128 4651 Jac.
2165 4613 2224 4662 ιι,
2279 4599 2368 4663 13,
2406 4600 2492 4654 16.
2524 4630 2590 4640 -
2629 4619 2648 4653 ι
2679 4598 2952 4657 Judicium
3000 4603 3121 4660 sine
3144 4605 3518 4664 misericordia

254 4703 483 4773 ἀδελφὸς
502 4745 517 4769 ,
546 4702 579 4774 ἣ
610 4700 816 4771 ἀδελφὴ
839 4698 1041 4771 γυμνοὶ
1077 4697 1410 4767 ὑπάρχουσι,
1444 4695 1539 4748 καὶ
1571 4693 1832 4764 λειπόμε-

256 4816 338 4853 νοι
386 4797 486 4867 τῆς
536 4794 816 4866 ἐφημέρου
863 4791 1094 4864 τροφῆς,
1155 4790 1286 4860 εἴπῃ
1329 4787 1388 4840 δέ
1431 4802 1517 4849 τις
1561 4785 1624 4849 ἐξ
1654 4783 1830 4855 ὑμῶν,

268 4891 541 4958 Ὑπάγετε
583 4890 643 4941 ὲν
698 4887 888 4957 εἰρήνῃ
913 4927 930 4951 ,
992 4882 1388 4956 θερμαίνεσθε,
1429 4878 1527 4934 καὶ
1566 4878 1832 4950 χορτάζε-

257 4983 353 5037 σθε
375 5000 388 5012 ·
439 4981 516 5053 μὴ
545 4978 680 5064 διῖετε
704 4977 760 5032 δὲ
790 4979 973 5041 αὐτοῖς
998 4977 1069 5030 τὰ,
1096 4974 1376 5045 ἐπιτήδεια
1419 4971 1514 5026 τοῦ
1555 4971 1829 5042 σώματος,

254 5077 309 5129 τί
339 5075 528 5145 ὄφελος
550 5092 563 5141 ;
603 5092 620 5125 ι

331 5187 349 5221 ι
387 5163 509 5220 Οἷδε
529 5166 731 5236 Κύριος
756 5162 999 5227 εύσεὸεἶς
1022 5162 1086 5214 ὲκ
1103 5159 1212 5214 τῶν
1233 5159 1557 5231 πειρασμῶν
1582 5156 1827 5230 ῥύεσθαι,

253 5259 472 5322 ἀδίκους
502 5258 560 5312 δὲ
614 5259 693 5320 είς
737 5255 950 5327 ἡμέραν
1007 5253 1241 5324 κρίσεως
1298 5251 1697 5322 κολαζομένους
1740 5268 1832 5318 τη-

292 5369 392 5405 ειν.
435 5369 454 5400 ³

292 5371 392 5405 ειν.
435 5371 454 5400 ι

255 5371 289 5425 Ρ
329 5463 349 5497 ι
383 5444 568 5505 Ὅστις
592 5439 704 5511 ἔχει
733 5439 826 5492 τὸν
853 5437 968 5509 βίον
987 5436 1083 5490 τοῦ
1109 5436 1316 5507 κόσμου
1337 5435 1550 5500 τούτου,
1573 5437 1668 5490 καὶ
1693 5437 1830 5492 θεωο

253 5538 340 5608 ρεί
376 5535 468 5588 τὸν
487 5531 716 5602 ἀδελφὸν
737 5528 904 5585 αὐτοῦ
935 5528 1127 5600 χρείαν
1157 5528 1370 5601 ἔχοντα,
1394 5529 1488 5582 καὶ
1521 5528 1729 5583 κλείσει
1759 5531 1831 5585 τὰ

254 5628 561 5698 σπλάγχνα,
583 5624 702 5690 πῶς
725 5626 760 5696 ἡ
786 5624 975 5694 ἀγάπη
1002 5620 1099 5676 τοῦ
1130 5622 1265 5676 Θεοῦ
1296 5622 1450 5691 μένει
1479 5625 1536 5677 ἐν
1570 5623 1757 5692 αύτῶ;
1802 5644 1824 5677 ι

327 5813 589 5866 Ἀκουσαι
670 5808 963 5881 ἄνθρωπε,
1020 5809 1400 5879 Σολομῶντος’
1454 5807 1551 5874 Μὴ
1615 5807 1824 5877 εἴπης,

281 5902 646 5965 επανελθὼν
673 5902 1081 5970 ἑπάνηκε,καὶ
1113 5903 1321 5973 αὔριον
1368 5900 1560 5956 δώσω.
1599 5903 1681 5954 Οὺ
1714 5902 1826 5970 γὰρ

482 6001 763 6080 Parnm.
809 6000 925 6062 Gn.
977 5997 1152 6060 XCV.

1932 4689 2014 4743 illi
2039 4691 2134 4760 qui
2160 4704 2269 4744 non
2301 4689 2428 4745 fecit
2461 4692 2919 4750 misericordiam.
2955 4695 3014 4750 Si
3045 4695 3216 4752 frater
3242 4707 3336 4752 aut
3358 4713 3521 4755 soror

1935 4785 2066 4840 nudi
2094 4783 2227 4851 sint,
2260 4793 2314 4840 et
2347 4786 2630 4859 indigeant
2667 4788 2815 4842 victu
2850 4790 3206 4860 quotidiana,
3246 4792 3389 4847 dicat
3419 4809 3516 4849 au-

1934 4887 2041 4933 tem
2082 4880 2282 4949 aliquis
2308 4895 2372 4935 ex
2406 4881 2606 4936 vobis:
2645 4882 2718 4937 Ite
2752 4882 2806 4937 in
2848 4898 3002 4954 pace,
3038 4885 3430 4952 calefacimini,
3465 4899 3520 4944 et

1932 4970 2261 5024 saturamiui
2286 4988 2298 5023 :
2329 4985 2438 5026 non
2465 4971 2727 5029 dederitis
2750 4982 2936 5028 autem
2957 4975 3040 5030 eis
3057 4989 3181 5047 qua:
3207 4980 3517 5034 necessaria

1933 5075 2061 5119 sunt
2093 5065 2332 5135 corpori.
2365 5065 2499 5136 quid
2533 5066 2819 5136 proderit?
2851 5087 2870 5122 ι

2003 5155 2067 5211 II
2097 5156 2241 5212 Petr.
2289 5163 2518 5223 ιι,1δ.--
2542 5177 2559 5210 ι
2598 5157 2760 5214 Novit
2794 5159 2938 5215 Deus
2962 5162 3081 5230 pios
3100 5178 3165 5217 ex
3198 5164 3515 5220 tentationi-

1933 5250 2036 5306 bus
2063 5251 2274 5323 eripere
2305 5270 2321 5307 :
2355 5253 2594 5323 iniustos
2624 5263 2804 5310 autem
2837 5255 2890 5309 in
2923 5255 3066 5310 diem
3088 5256 3280 5328 judicii
3315 5273 3515 5314 excru-

1931 5344 2160 5401 ciandos
2194 5360 2499 5402 reservare.

2005 5434 2033 5490 I
2066 5433 2231 5492 Joan.
2281 5452 2363 5504 ιιι,
2402 5439 2491 5494 l7.
2524 5470 2588 5480 --
2626 5459 2646 5494 ι
2680 5439 2781 5507 Qui
2836 5441 3094 5497 ltabuerit
3144 5444 3511 5500 substantiam

1933 5529 2098 5601 hujus
2125 5531 2338 5597 mundi,
2364 5541 2418 5587 et
2449 5531 2644 5589 viderit
2681 5533 2904 5589 fratrem
2931 5552 3093 5591 suum
3128 5540 3512 5595 necessitatem

1934 5623 2157 5690 habere,
2189 5631 2242 5681 et
2271 5625 2533 5680 clauserit
2569 5626 2783 5681 viscera
2832 5641 2934 5683 sua
2978 5627 3050 5683 ab
3093 5643 3179 5694 co,
3236 5631 3514 5702 quomodo

1930 5715 2174 5771 charitas
2198 5715 2294 5771 Dei
2336 5725 2520 5772 manet
2553 5717 2608 5773 in
2635 5719 2738 5773 eo?
2771 5737 2791 5771 ι

2002 5808 2060 5864 S.
2089 5808 2262 5864 Basil.
2296 5813 2437 5866 hom.
2475 5811 2530 5864 in
2561 5810 2695 5865 illud
2723 5828 2744 5868 :
2775 5831 2794 5864 ι
2829 5811 3114 5867 Desii-tiam
3146 5812 3358 5869 horrea.
3391 5833 3410 5867 ι
3441 5844 3513 5858 -

1930 5899 2089 5973 485
2133 5901 2280 5958 Audi.
2336 5918 2535 5974 quaeso.
2583 5901 2929 5961 Salomouem
2973 5902 3107 5958 :‘Ne
3154 5906 3328 5970 dicas,
3373 5904 3513 5962 l’ade

3017 5998 3132 6082 47η
