4014 6302
477 341 614 409 1483

1643 343 1702 402 S.
1745 339 2067 404 IOANNIS
2107 340 2540 406 DAMASCENI

3618 342 3756 408 “84

469 472 519 517 et
547 467 822 522 revertere,
845 468 892 512 et
921 449 1042 513 cras
1069 457 1206 514 dabo
1237 457 1335 514 tibi
1361 457 1542 532 (Prov.
1588 473 1672 524 iii,
1716 457 1830 531 28).
1863 455 2057 514 Nescis

2169 452 2350 525 οἶδας,
2379 458 2437 511 τί
2466 456 2697 523 τέξεται
2718 456 2759 526 ἡ
2789 456 3230 524 ἐπιοῦσα.οἱ⁸ων
3265 457 3758 530 παραγγελμάτων

467 554 616 608 enim
646 552 771 624 quid
806 561 1181 621 superuentura
1211 553 1379 621 pariet
1405 552 1518 608 dies
1547 552 1733 623 (Prov.
1783 567 1952 617 mm,
1981 551 2055 624 Ι).

469 650 512 700 0
551 661 674 718 quae
701 657 968 717 pnecepta
998 646 1343 702 Contemnisl
1375 645 1577 703 Tristis
1606 661 1688 714 es,
1713 655 1880 718 atque
1903 647 2058 718 ejus-

471 740 622 796 modi
666 755 828 810 quem
865 739 952 793 vix
1007 739 1303 796 convenire
1355 739 1670 812 quisquam.
1700 741 1910 811 possit;
1963 738 2058 810 qui

470 848 766 890 occursum
802 831 1086 887 hominum
1119 831 1321 903 fugias.
1366 848 1434 889 ne
1465 833 1550 888 vel
1587 833 1862 888 tantulum
1894 831 2058 907 quid-

468 926 613 997 piam
638 941 667 981 e
693 924 943 982 manibus
964 926 1214 981 emittere
1239 925 1477 998 cogaris.
1502 924 1676 982 Unam
1703 927 1844 982 hanc
1870 941 2057 981 vocem

475 1019 616 1075 nosti
651 1037 664 1074 :
697 1017 812 1074 Non
847 1018 1047 1084 habeo,
1097 1034 1199 1075 nec
1244 1019 1388 1076 dabo
1420 1038 1436 1076 :
1476 1035 1687 1093 pauper
1731 1021 1876 1076 enim
1909 1035 2056 1076 sum.

483 1114 546 1169 te
594 1129 727 1170 sane
777 1128 982 1184 pauper
1015 1127 1096 1180 es,
1129 1115 1420 1186 omnisque
1448 1129 1645 1186 erpch
1685 1114 1816 1170 boni
1852 1133 1864 1170 :
1899 1116 2059 1184 inops

472 1214 759 1281 t-liaritatc,
803 1213 964 1283 inops
999 1212 1362 1276 humanitate,
1398 1209 1557 1280 inops
1602 1209 1707 1264 [ide
1755 1209 1810 1264 in
1865 1208 2054 1277 Deum,

474 1309 631 1380 inops
661 1323 755 1378 spc
788 1313 1016 1362 aeterna.
1061 1304 1170 1360 Fac
1207 1303 1425 1368 saltem,
1464 1302 1664 1359 fratres
1698 1305 1775 1358 tui
1830 1303 1884 1358 in
1932 1316 2054 1374 par-

473 1411 581 1458 tem
609 1417 732 1457 cum
766 1397 926 1456 tineis
961 1399 1208 1455 veniant.
1251 1397 1407 1466 Quod
1457 1395 1727 1469 postridie
1759 1395 2062 1451 labefacta-

473 1493 641 1558 hitur,
685 1491 974 1563 egentibus
1026 1491 1190 1547 hodie
1239 1490 1441 1546 tribue.
1498 1488 1768 1545 Extrema:
1814 1488 2063 1544 avaritia

469 1592 578 1651 est,
612 1598 682 1639 ne
702 1597 766 1638 ea
791 1581 1012 1653 quidem
1040 1596 1163 1654 quae
1188 1589 1652 1652 corrumpuntur,
1691 1595 1816 1637 cum
1845 1579 2059 1653 egenti-

466 1678 579 1736 bus
603 1675 1035 1734 communicare.
1074 1674 1246 1743 Quem
1278 1675 1526 1741 tandem,
1556 1674 1735 1748 inquit
1763 1670 1873 1742 ific,
1915 1675 2062 1744 inju-

471 1772 556 1828 ria
589 1770 786 1839 efficio,
811 1769 939 1826 dum
961 1785 1086 1842 quae
1119 1785 1236 1826 mea
1266 1779 1420 1837 sunt,
1449 1768 1754 1826 contineo?
1796 1769 2060 1838 Quzenam

2161 551 2463 624 ύπερορᾷςί
2499 553 2607 605 Καὶ
2637 551 2890 625 κατηφὴς
2911 547 2984 620 εἴ,
3011 555 3108 609 καὶ
3133 549 3754 618 δυσέντευᾳτος,ὲκκλί-

2159 664 2265 702 νων
2291 646 2389 709 τὰς
2427 647 2786 717 ἀπαντήσεις,
2831 647 3015 718 μήπου
3039 663 3114 713 τι,
3133 646 3246 700 καὶ
3274 643 3472 718 μικρὸν
3503 643 3756 712 ἀναγκαο

2161 745 2296 818 σθῇς
2327 745 2438 800 τῶν
2466 744 2668 818 χειρῶν
2698 744 2970 801 ἐκϐαλεῖν.
3012 743 3159 800 Μίαν
3205 740 3356 807 οἶδας
3386 740 3574 812 φωνήν
3596 754 3610 768 ’
3643 738 3758 791 Οὐκ

2161 837 2291 911 ἔχω,
2322 835 2446 893 οὐδὲ
2475 838 2659 892 δώσω·
2693 839 2860 908 πένης
2889 837 2998 910 γάρ
3045 838 3182 909 εἰμι.
3215 835 3392 907 Πένης
3426 831 3479 890 ei
3509 835 3588 905 τῷ
3617 835 3757 896 δντι,

2161 933 2259 987 καὶ
2311 930 2494 1004 ὶνδεὴς
2546 932 2749 996 παντὸς
2797 929 3039 1000 ἀγαθοῦ’
3076 932 3246 1002 πένης
3289 929 3538 998 ἀγάπης,
3583 928 3758 996 πένης

2163 1021 2600 1096 φιλανθρωπίας,
2633 1022 2804 1093 πένης
2836 1022 3075 1086 πίστεως
3101 1022 3182 1085 είς
3207 1019 3364 1086 Θεὸν,
3403 1021 3575 1092 πένης
3603 1017 3760 1074 ἑλπί-

2159 1116 2248 1180 δος
2285 1118 2383 1187 τῆς
2430 1114 2674 1170 αἰωνίου.
2732 1114 3120 1188 Συμμεριστὰς
3167 1114 3396 1185 ποίησον
3433 1111 3546 1167 τῶν
3575 1109 3761 1182 σητῶν

2159 1203 2580 1276 τούςάδελφούς
2620 1221 2736 1259 σου.
2769 1205 2844 1259 Τὸ
2878 1203 3421 1277 αὔριονσηπόμενον
3445 1243 3460 1268 ,
3510 1203 3758 1273 σήμερον

2166 1301 2393 1375 μετάδος
2418 1303 2528 1365 τοῖς
2554 1300 2852 1370 δεομένοις.
2887 1297 3207 1365 Πλεονεξίας
3237 1293 3376 1360 εἶδος
3402 1297 3467 1350 τὸ
3497 1293 3759 1366 χαλεπώ-

2161 1412 2342 1463 τατον,
2379 1393 2549 1466 μηδὲν
2576 1392 2684 1447 τῶν
2717 1391 3098 1465 φθειρομένων
3122 1393 3237 1456 τοῖς
3270 1389 3479 1445 ὲνδεέσι
3515 1404 3760 1458 καταμε·

2162 1489 2334 1561 ρίσαι.
2369 1485 2525 1552 Τίνα,
2575 1487 2766 1558 φησὶν,
2815 1484 3009 1549 ἀδικῶ,
3059 1485 3302 1556 συνέχων
3355 1482 3427 1538 τὰ
3470 1480 3762 1555 spumei;

2162 1581 2314 1645 ποῖα,
2348 1576 2472 1632 εἰπέ
2508 1595 2622 1650 μοι,
2649 1576 2882 1645 σαυτοῦ;
2921 1576 3057 1648 Οὐχὶ
3095 1575 3305 1649 γυμνὸς
3341 1575 3612 1642 ὲξέπισας
3661 1575 3763 1644 τῆς

2161 1672 2441 1746 γαστρὸς;
2490 1672 2614 1745 οὐχὶ
2644 1671 2852 1745 γυμνὸς
2899 1671 3064 1726 πάλιν
3097 1672 3178 1732 είς
3216 1669 3315 1744 τὴν
3340 1671 3446 1742 γῆν
3484 1668 3768 1740 ἀποστρέο

2162 1785 2325 1841 φιιςς
2354 1769 2426 1823 τὰ
2463 1767 2521 1822 δὲ
2561 1768 2810 1841 παρόντα
2837 1783 2921 1821 σοι
2941 1765 3142 1835 πόθεν;
3177 1765 3242 1820 Ei
3288 1764 3390 1836 μὶν
3417 1763 3529 1818 ἀπὸ
3559 1780 3769 1817 ταυτοο

472 1875 678 1933 tamcn,
711 1879 922 1937 quaeso,
956 1871 1047 1920 tua
1084 1862 1253 1921 sunt?
1289 1864 1374 1920 An
1427 1878 1534 1919 non
1582 1861 1764 1920 nudus
1803 1860 2060 1920 excidisti

2169 1860 2341 1935 μάτου
2365 1860 2568 1932 λέγεις,
2601 1859 2758 1928 ἄθεος
2787 1854 2860 1929 εἴ,
2891 1859 2972 1932 μὴ
2989 1857 3281 1932 γνωρίζων
3327 1858 3419 1913 τὸν
3450 1857 3764 1924 κτίσαντα,

467 1972 541 2013 ex
573 1968 825 2037 ni.aterno
859 1955 1054 2026 utero}!
1093 1971 1162 2011 an
1198 1970 1308 2010 non
1345 1954 1532 2011 nudus
1579 1968 1800 2010 rursum
1846 1953 1900 2010 in
1953 1962 2066 2010 ter-

473 2060 592 2101 ram
637 2043 970 2102 reverteris?
1015 2042 1146 2110 Quae
1176 2057 1307 2100 vero
1347 2037 1519 2099 nunc
1551 2043 1741 2110 babes,
1781 2041 2064 2100 unde-tibi

474 2136 862 2210 contigerunt?
893 2136 952 2192 Si
995 2153 1025 2192 a
1061 2136 1281 2194 fortuna
1329 2135 1562 2203 dixeris,
1619 2135 1825 2208 impius
1857 2152 1938 2201 cs.
1966 2135 2063 2209 qui

466 2247 575 2289 nec
596 2232 916 2290 Creatorem
953 2245 1248 2303 agnoscas,
1295 2235 1402 2287 nec
1431 2229 1599 2286 ullam
1631 2233 1680 2287 ei
1702 2232 1798 2302 qui
1831 2231 2064 2303 largitus

472 2332 577 2389 est,
609 2321 843 2395 gratiam
871 2321 1097 2378 habeas.
1126 2318 1224 2376 Sin
1259 2335 1288 2376 a
1329 2320 1437 2376 Deo
1461 2336 1491 2375 a
1521 2328 1574 2376 te
1606 2322 1812 2378 habere
1838 2321 2066 2380 confite-

472 2419 573 2485 ris,
620 2416 755 2474 alter
803 2431 1028 2474 causam
1075 2432 1177 2473 cur
1201 2415 1501 2486 acceperis.
1555 2412 1694 2471 Num
1725 2416 1952 2488 iniquus
1983 2424 2066 2474 est

477 2513 638 2576 Deus,
674 2510 770 2583 qui
801 2509 944 2566 haud
978 2524 1133 2581 teque
1168 2507 1330 2565 nobis
1350 2507 1906 2582 distribuit?Ecquid
1930 2508 2064 2567 illud

474 2611 559 2662 est
590 2620 690 2661 cur
722 2610 780 2658 tu
833 2603 1034 2674 opibus
1067 2601 1341 2669 abundes,
1377 2600 1472 2657 ille
1525 2611 1718 2658 contra
1751 2603 1948 2675 egeat?
1992 2620 2064 2662 an

474 2713 582 2754 non
616 2695 865 2763 omnino,
897 2703 958 2751 ut
991 2702 1045 2752 et
1081 2702 1139 2751 tu
1169 2693 1532 2767 benignitatis
1567 2693 1855 2768 ﬁdelisque
1888 2698 2066 2753 admi-

474 2790 826 2848 nistrationis
864 2788 1170 2846 mercedem
1221 2786 1452 2852 referas,
1503 2794 1559 2845 et
1612 2788 1702 2844 ille
1741 2789 2063 2861 ingentibus

474 2885 751 2954 patientia:
784 2882 1026 2956 praemiis
1073 2882 1346 2938 ornetur?
1408 2881 1637 2939 Siccine
1669 2898 1822 2947 vero,
1863 2886 2064 2944 vastis-

473 2981 615 3036 simo
653 2986 710 3034 et
754 2973 1073 3050 inexplebili
1119 2977 1368 3032 avaritia:
1403 2976 1530 3032 sinu
1561 2976 1746 3032 omnia
1776 2992 2058 3046 coercens,

474 3070 681 3128 nemini
722 3079 777 3128 te
807 3069 1013 3127 inferre
1049 3067 1310 3139 injuriam
1342 3074 1526 3139 putas,
1556 3083 1680 3124 cum
1704 3076 1782 3125 tot
1811 3070 2064 3126 homines

473 3177 663 3219 eorum
701 3177 803 3220 usu
863 3160 1112 3234 spolias?
1149 3160 1287 3229 Quis
1320 3162 1563 3219 avarus?
1613 3176 1683 3218 an
1724 3178 1836 3219 non
1885 3165 1932 3220 is
1965 3163 2060 3235 qui

474 3269 542 3311 co
567 3255 714 3327 quod
745 3255 883 3312 satis
914 3253 1008 3322 sit,
1038 3261 1336 3310 contentus
1368 3269 1480 3310 non
1511 3254 1638 3310 est?
1665 3254 1803 3322 Quis
1853 3259 2063 3328 spolia-

411 3355 414 3360 '
476 3347 599 3406 tori
629 3348 676 3403 is
709 3345 807 3421 qui
828 3361 932 3404 sua
953 3346 1156 3419 cuique
1186 3346 1375 3418 eripit.
1411 3343 1492 3402 Tu
1517 3345 1688 3419 igitur
1710 3362 1912 3405 avarus
1945 3349 2058 3415 ille,

476 3451 534 3495 tu
572 3438 862 3511 spoliator,
898 3437 992 3510 qui
1024 3451 1089 3494 ea
1141 3453 1265 3509 quae
1300 3437 1658 3510 dispensandi
1689 3453 1860 3496 causa
1903 3455 2062 3496 acccc

480 3515 634 3604 pisti,
663 3531 762 3588 tibi
786 3530 891 3602 ipii
927 3529 1197 3588 vindicas.
1235 3529 1296 3586 Si
1333 3529 1431 3601 qui
1480 3528 1694 3586 homini
1723 3542 1930 3588 vestem
1967 3531 2062 3589 de-

478 3615 665 3694 trahit,
693 3627 833 3680 citra
875 3621 1312 3682 controversiam
1335 3621 1426 3679 fur
1457 3630 1574 3691 est,
1609 3623 1701 3680 ille
1728 3623 1824 3695 qui
1851 3625 2058 3681 nudum

478 3733 586 3772 non
609 3717 808 3782 induit,
841 3729 966 3772 cum
992 3713 1049 3771 id
1083 3713 1268 3770 facere
1305 3712 1501 3785 possit,
1539 3713 1787 3786 nunquid
1819 3711 1930 3771 alio
1963 3729 2064 3772 no-

480 3813 629 3867 mine
653 3810 811 3867 debct
836 3806 1140 3881 appellari?
1169 3805 1431 3863 Famelici
1467 3813 1554 3863 est
1582 3806 1673 3862 ille
1704 3805 1864 3879 panis
1895 3825 2061 3880 quem

2168 1951 2306 2031 μηδὲ
2329 1953 2494 2025 χάριν
2531 1952 2675 2026 ἔχων
2693 1951 2773 2026 τῷ
2797 1952 3078 2008 δεδωκότι.
3097 1951 3162 2008 Ei
3199 1951 3260 2007 δὲ
3293 1950 3578 2024 ὁμολογεῖς
3614 1944 3769 2005 εἶναι

2165 2046 2319 2120 παρά
2341 2045 2502 2114 Θεοῦ,
2551 2047 2674 2102 εἰπὲ
2698 2047 2790 2102 τὸν
2821 2045 2986 2118 λόγον
3009 2045 3076 2101 δι’
3119 2045 3180 2102 ὃν
3205 2044 3419 2109 ἔλαϐες.
3444 2045 3540 2117 Μὴ
3571 2044 3770 2108 ἄδικος

2165 2141 2195 2195 6
2221 2141 2376 2208 Θεὸς,
2406 2143 2436 2196 6
2457 2141 2659 2206 ἀνίσως
2677 2142 2811 2214 ⁴ημῖν
2838 2138 3063 2214 διαιρῶν
3092 2141 3162 2197 τὰ
3179 2139 3277 2197 τοῦ
3307 2140 3426 2213 βίου
3447 2158 3462 2210 ;
3486 2141 3582 2196 διὰ
3607 2139 3668 2194 τί
3702 2140 3770 2194 οὐ

2171 2235 2274 2307 μὲν
2294 2234 2566 2302 πλουτεῖς,
2604 2236 2814 2300 ἐκεῖνος
2835 2232 2895 2289 δὲ
2921 2235 3226 2308 πένεται,ῆ
3263 2236 3482 2300 πάντως
3520 2233 3611 2288 ῖνα
3669 2233 3773 2288 καὶ

2168 2329 2236 2382 σύ
2257 2327 2640 2400 χρηστότητος
2671 2327 2769 2381 καὶ
2797 2329 2998 2401 πιστῆς
3029 2327 3347 2400 οἰκονομίας
3388 2326 3584 2400 μισθὸν
3625 2327 3772 2381 ὑπο-

2167 2419 2316 2492 δέξῃ,
2365 2421 2621 2485 κάκεῖνος
2657 2422 2773 2485 τοῖς
2825 2420 3086 2493 μεγάλοις
3123 2419 3311 2486 ἄθλοις
3348 2421 3449 2492 τῆς
3473 2418 3773 2491 ὑπομονῆς

2164 2511 2404 2586 «mea;
2436 2512 2509 2567 Σὺ
2558 2512 2617 2568 δὲ
2649 2514 2831 2569 πάντα
2879 2515 2994 2578 τοῖς
3039 2510 3388 2585 ἀπληρώτοις
3433 2511 3536 2583 τῆς
3563 2509 3777 2566 πλεον-

2167 2605 2320 2671 εξίας
2370 2605 2595 2671 κόλποις
2647 2605 3096 2680 περιλαμϐάνων,
3146 2604 3342 2660 οὐδένα
3388 2603 3492 2659 οἴει
3549 2605 3779 2659 ἀδικεῖν

2166 2698 2442 2764 τοσούτοις
2490 2699 2854 2774 ἁποστερῶνς
2913 2699 2997 2765 τίς
3030 2701 3180 2754 ἐστιν
3229 2699 3259 2752 6
3289 2698 3672 2769 πλεονέκτηςς
3714 2699 3776 2753 Ὀ

2170 2790 2248 2863 μὴ
2275 2784 2534 2863 ἐμμένων
2561 2793 2628 2864 τῇ
2656 2792 2981 2866 αὐταρκείᾳ..
3006 2792 3106 2857 Τίς
3134 2792 3191 2846 δι
3219 2793 3249 2848 6
3276 2791 3669 2864 ἀποστερητὴς
3693 2810 3711 2860 ;
3745 2793 3777 2846 6

2166 2884 2574 2958 ἀφαιρούμενος
2624 2886 2696 2942 τὰ
2741 2887 3009 2942 ἑκάστων.
3040 2886 3113 2942 Σὺ
3154 2881 3216 2941 δῖ
3244 2888 3274 2940 6
3304 2885 3672 2955 πλεονέκτης,
3705 2885 3776 2938 σὺ

2165 2979 2223 3034 δὲ
2264 2980 2666 3054 ἀποστερητὴς,
2723 2980 2761 3036 ἀ
2807 2982 2943 3054 πρὸς
2985 2979 3298 3052 οἰκονομίαν
3345 2978 3534 3045 ἐδέξω,
3583 2977 3777 3034 ταῦτα

2167 3073 2275 3130 ῖδια
2306 3073 2535 3129 σεαυτοῦ
2560 3072 2908 3146 ποιούμενος.
2943 3074 3007 3129 Εί
3036 3077 3066 3130 6
3107 3074 3205 3148 μὲν
3225 3071 3593 3144 ἐνδεδυμένον
3618 3071 3776 3126 ἁπο-

2089 3209 2132 3269 c
2165 3167 2414 3239 γυμνῶν,
2440 3165 2761 3241 λωποδύτης
2785 3167 3273 3241 ὀμολογηθήσεται,
3303 3167 3334 3220 6
3361 3164 3421 3220 δὲ
3441 3163 3660 3237 γυμνὸν
3693 3166 3776 3237 μὴ

2163 3259 2383 3327 ἐνδύων,
2412 3261 2713 3335 δυνάμενος
2746 3261 2908 3319 τοῦτο
2935 3264 3131 3330 ποιεῖν,
3175 3259 3343 3332 ἄλλης
3378 3259 3776 3332 προσηγορίας

2165 3355 2283 3410 ἐστὶ
2303 3353 2488 3424 ἀξιος;
2519 3354 2628 3411 Τοῦ
2661 3342 2955 3421 πείνῶντός
2987 3357 3138 3412 ἔστιν
3165 3353 3404 3427 δᾶρτος,
3439 3353 3498 3408 ὃν
3538 3354 3606 3407 σύ
3635 3370 3776 3408 κατ-

2153 3445 2348 3520 ,έχειςο
2382 3448 2960 3520 τοῦγυμνητεύοντος,
3001 3447 3062 3502 τδ
3109 3448 3349 3519 ἱμάτιον,
3393 3446 3423 3502 6
3450 3445 3516 3501 σύ
3553 3443 3778 3516 φυλάτο

2163 3555 2282 3602 τεις
2313 3539 2374 3592 ὲν
2411 3539 2724 3613 ἀποθήκαις
2745 3556 2761 3572 °
2796 3540 2892 3596 τοῦ
2924 3539 3286 3612 ἀνυποδήτου,
3319 3539 3382 3594 τὺ
3421 3540 3715 3610 ὑπόδημα,
3746 3539 3777 3593 δ

2167 3632 2319 3703 παρὰ
2346 3635 2429 3687 σοὶ
2459 3633 2860 3708 κατασήπεται.
2890 3634 3000 3689 Τοῦ
3039 3633 3335 3709 χρῄζοντος
3361 3632 3422 3688 τδ
3465 3631 3767 3705 ἀργύριον,

2165 3723 2193 3778 δ
2239 3727 2561 3800 κατώρυξας
2615 3727 2760 3802 ἔχεις
2799 3746 2814 3762 ο
2851 3728 2994 3786 ὥστε
3039 3728 3316 3794 τοσούτοις
3366 3729 3599 3794 ἀδικεῖς,
3634 3729 3773 3784 ὅσον

2169 3822 2434 3894 παρέχειν
2463 3822 2717 3895 ὴδύνασο.

482 3907 723 3964 retines:
753 3905 887 3962 nudi
913 3912 1000 3964 est
1025 3902 1408 3962 vestimentum
1426 3901 1647 3975 quodin
1673 3917 1804 3960 arca
1828 3918 2055 3977 servas;
2086 3917 2390 3974 excalceati
2423 3926 2554 3974 sunt
2589 3918 2669 3974 illi
2700 3917 2871 3974 calcei
2919 3917 3014 3990 qui
3082 3918 3226 3989 apud
3279 3924 3332 3974 te
3392 3930 3770 3987 corrumpun-

477 4013 601 4070 tur;
641 4001 852 4074 egentis
891 3999 1127 4072 denique
1170 4013 1368 4054 aurum
1418 3996 1557 4054 illud
1610 3997 1762 4070 quod
1798 3997 1952 4056 humi
2009 4002 2291 4067 defossum
2365 4012 2557 4069 habes.
2645 4013 2726 4068 Ac
2805 4011 3038 4084 proinde
3098 4019 3180 4068 tot
3239 4009 3497 4067 homines
3554 4007 3767 4080 injuria

478 4095 670 4162 amcis,
699 4105 836 4166 quot
867 4101 998 4151 sunt
1026 4091 1228 4164 quibus
1250 4092 1369 4148 hinc
1386 4092 1634 4163 praabere
1670 4102 1913 4164 poteras.

552 4189 693 4246 Ibid.
721 4219 792 4230 ——
841 4187 986 4256 Quid
1018 4190 1238 4244 tandem
1284 4195 1391 4253 est,
1423 4202 1455 4241 ο
1491 4186 1654 4248 bone,
1690 4189 1839 4257 quod
1875 4192 2065 4264 prohi-

482 4285 921 4358 beatquoniinus
951 4281 1056 4356 pia:
1084 4279 1365 4352 largitioni
1399 4279 1661 4338 studeas?
1695 4281 1910 4356 Egenus
1941 4286 2067 4343 tabe

483 4379 851 4445 consumitur,
882 4377 1063 4432 nudus
1097 4373 1299 4446 frigore
1342 4373 1590 4447 rigescit,
1629 4377 1918 4434 mendicus
1948 4378 2066 4434 sur-

2245 4197 2311 4250 Τί
2334 4197 2398 4251 τὸ
2430 4196 2658 4263 κωλύον,
2690 4191 2737 4253 ὧ
2763 4197 3044 4271 ἄνθρωπε,
3077 4197 3217 4271 πρὸς
3255 4199 3355 4269 τὴν
3383 4198 3677 4272 μετάδοσιν
3698 4220 3715 4271 ;
3739 4205 3767 4257 6

2174 4289 2374 4344 πεινῶν
2413 4291 2670 4364 τήκεται·
2719 4293 2749 4346 6
2796 4292 3156 4366 γυμνητεύων
3191 4294 3487 4367 πήγνυται,
3524 4296 3555 4351 6
3589 4296 3765 4352 ἁπαι-

2171 4380 2432 4453 τούμενος
2463 4383 2713 4455 ἄγχεται,
2750 4386 2842 4440 καὶ
2869 4386 2934 4441 σύ
2979 4385 3080 4455 τὴν
3113 4386 3492 4460 ἐλεημοσύνην
3539 4389 3624 4455 είς
3661 4389 3765 4462 τὴν

486 4479 729 4533 iocatur;
793 4479 847 4526 ct
902 4478 960 4525 tu
1013 4470 1422 4539 eleemosynam
1478 4469 1530 4524 in
1594 4477 1874 4540 posteram
1917 4471 2060 4528 diem

2171 4477 2360 4547 αὔριον
2391 4477 2715 4545 ἄναδάλλεις
2735 4496 2752 4546 ;

478 4566 706 4638 rejieis?

551 4657 742 4722 Ejusd.
773 4641 912 4712 from.
945 4656 1025 4712 Ad
1057 4657 1208 4712 divit.
1241 4687 1310 4698 —
1334 4657 1531 4714 Omnia
1567 4657 1621 4712 in
1659 4659 1776 4712 auri
1807 4665 2059 4713 naturam

479 4751 679 4807 mutari
707 4760 887 4821 Optas.
928 4749 1069 4817 Quid
1097 4751 1246 4806 enim
1290 4758 1375 4806 est
1415 4749 1564 4821 quod
1600 4749 1720 4805 auri
1753 4766 1920 4807 causa
1951 4767 2058 4806 non

482 4845 730 4900 moveas?
763 4843 1102 4898 frumentum
1135 4843 1233 4899 tibi
1269 4843 1323 4898 in
1360 4858 1555 4898 aurum
1586 4843 1838 4909 cfiicitur,
1871 4843 2058 4900 vinum

479 4939 538 4992 in
589 4953 785 4992 aurum
846 4937 1176 5003 concrescit,
1236 4938 1375 4993 lanae
1422 4938 1477 4994 in
1513 4951 1710 4992 aurum
1747 4947 2055 4995 vertuntur.

483 5028 761 5099 Quidquid
825 5029 1299 5091 comminiscaris,
1361 5045 1558 5086 aurum
1622 5030 1719 5085 tibi
1775 5033 2054 5087 conciliat.

481 5125 776 5193 lpsummet
811 5137 1009 5178 aurum
1038 5123 1280 5194 seipsum
1313 5135 1557 5193 generat,
1621 5124 1906 5181 fenorilius
1949 5128 2060 5181 sci-

478 5218 607 5272 licet
650 5215 800 5271 varie
839 5216 1284 5289 multiplicatum.
1331 5215 1492 5274 Nulla
1550 5219 1780 5274 satietas
1835 5219 2056 5287 accidit,

479 5311 626 5364 nulla
667 5311 940 5381 reperitur
971 5319 1114 5367 meta
1150 5311 1492 5383 cupiditatis.

549 5401 693 5459 Ibid.
722 5430 794 5443 -—
826 5403 1043 5470 Quanto
1095 5405 1292 5476 opibus
1322 5407 1566 5477 augeris,
1615 5421 1681 5461 eo
1719 5408 1894 5478 magis
1925 5406 2058 5461 cha-

481 5499 642 5554 iitate
664 5497 948 5554 minueris.
988 5497 1128 5566 Quid
1158 5514 1380 5566 maeres,
1413 5516 1444 5555 ο
1479 5499 1665 5567 homo,
1692 5500 1899 5556 caduca
1935 5515 2061 5570 pro-

470 5591 692 5660 jicicns,
724 5599 776 5647 et
802 5593 1072 5647 caelorum
1104 5606 1331 5664 regnum
1362 5593 1679 5664 recipiens?
1705 5593 1817 5647 Cur
1855 5592 2057 5662 petenti

475 5700 662 5755 negas,
703 5693 757 5740 ct
803 5686 935 5741 dare
976 5701 1220 5750 recusas,
1281 5701 1406 5742 cum
1458 5686 1675 5741 interim
1735 5686 2056 5741 innumeras

475 5785 787 5845 sumptuum
860 5778 1181 5834 occasiones
1265 5777 1592 5833 meditaris?
1657 5776 1800 5844 Quid
1882 5776 2054 5846 judici

476 5872 854 5941 respondebis,
894 5872 984 5943 qui
1020 5873 1254 5941 parietes
1280 5871 1472 5937 vestis,
1506 5887 1605 5928 nec
1641 5871 1917 5926 hominem
1969 5871 2052 5926 in—

2091 4545 2142 4604 D

2237 4654 2385 4731 Εῦχῃ
2415 4655 2482 4710 τὰ
2518 4656 2699 4713 πάντα
2728 4656 2864 4730 πρὸς
2894 4657 2993 4730 τὴν
3024 4657 3117 4712 τοῦ
3141 4658 3347 4732 χρυσοῦ
3387 4663 3557 4730 φύσιν
3591 4678 3769 4732 μετα-

2170 4749 2456 4822 ϐληθῆναι.
2492 4750 2660 4806 Ποίαν
2692 4751 2750 4806 δὲ
2789 4752 3037 4824 μηχανὴν
3067 4751 3157 4807 διὰ
3181 4751 3274 4806 τὸν
3305 4752 3509 4825 χρυσὸν
3544 4753 3646 4806 οὐκ
3680 4756 3758 4808 ἑν-

2169 4847 2342 4911 νοεῖς;
2373 4847 2401 4899 6
2429 4846 2573 4909 σῖτος
2611 4844 2812 4915 χρυσός
2834 4861 2918 4899 σοι
2940 4844 3174 4914 γίνεται,
3212 4846 3242 4899 6
3269 4839 3410 4910 οἶνος
3430 4847 3513 4911 είς
3550 4847 3759 4918 χρυσὸν

2172 4938 2607 5009 μεταπήγνυται,
2632 4937 2700 4992 τὰ
2720 4936 2843 5009 ἔριά
2869 4954 2951 4992 σοι
2975 4937 3388 5009 ἀποχρυσοῦται
3408 4954 3422 4972 ·
3446 4940 3600 4992 πᾶσα
3625 4941 3752 4993 ini-

2169 5047 2288 5085 νοια
2338 5030 2539 5102 χρυσόν
2583 5047 2665 5084 σοι
2711 5030 2998 5101 προσάγει.
3054 5030 3227 5095 Αὐτὸς
3271 5030 3462 5085 ἑαυτὸν
3492 5032 3520 5082 6
3552 5033 3761 5104 χρυσὸς

2169 5126 2443 5195 ἁπογεννᾷ
2499 5123 3082 5195 πολυπλασιαζόμενον
3133 5124 3192 5178 ἐν
3243 5123 3595 5196 δανείσμασι,
3660 5127 3757 5179 καὶ

2170 5218 2328 5288 κόρος
2363 5217 2466 5272 οὐκ
2515 5216 2650 5281 ἔστι,
2695 5217 2791 5270 καὶ
2845 5216 2914 5288 τὸς
2945 5216 3098 5281 τέλος
3141 5215 3240 5289 τῆς
3295 5216 3600 5288 ἐπιθυμίας
3652 5219 3758 5274 οὐκ

2167 5312 2562 5384 ἐξευρίσκεται.

2241 5407 2394 5477 Ὀσῳ
2427 5404 2746 5469 πλεονάζεις
2780 5403 2860 5476 τῷ
2888 5404 3111 5475 πλούτῳ
3133 5443 3148 5470 ,
3192 5401 3448 5456 τοσοῦτον
3481 5401 3751 5466 ἐλλείπεις

2165 5504 2231 5572 τῇ
2283 5501 2496 5572 ἀγάπῃ.
2540 5498 2636 5553 Διὰ
2692 5499 2742 5552 τί
2795 5499 3047 5570 ἀθυμεῖς,
3105 5490 3151 5551 ὣ
3203 5495 3486 5568 ἄνθρωπε,
3530 5496 3750 5567 φθαρτά

2169 5592 2513 5666 προϊέμενος,
2538 5589 2634 5645 καὶ
2682 5590 2962 5662 βασιλείαν
2995 5587 3244 5661 οὐρανῶν
3289 5587 3748 5658 ἀντιλαμϐάνων;

2167 5687 2264 5738 Διά
2286 5687 2337 5737 τί
2365 5687 2501 5757 ἀρνῇ
2531 5685 2624 5738 τὸν
2661 5683 2916 5737 αἰτοῦντα
2940 5727 2954 5749 ,
3002 5683 3098 5738 καὶ
3135 5680 3412 5752 ἀπαναίνῃ
3444 5681 3543 5752 τὴν
3579 5679 3745 5744 δόσιν,

2169 5781 2371 5850 μυρίας
2407 5777 2707 5850 «poeticen;
2729 5777 3102 5848 ἀναλωμάτων
3122 5775 3390 5840 έπινοῶν;
3423 5772 3490 5828 Τί
3514 5774 3744 5844 timaret-

2167 5872 2305 5941 θήσῃ
2341 5870 2416 5942 τῷ
2448 5872 2631 5943 κριτῇ,
2662 5874 2689 5925 6
2719 5871 2844 5935 τοὺς
2875 5869 3089 5941 τοίχους
3117 5866 3488 5941 ἀμφιεννύων,
3523 5867 3742 5938 ἄνθρω-
