4014 6302
493 427 634 496 1481
1701 421 1763 482 S.
1802 416 2075 481 JOANNI

2187 415 2592 479 )AMASCENI
3633 413 3772 480 1488

497 540 808 618 patrocinio
837 539 1133 606 subnixus,
1160 535 1310 594 omni
1338 542 1699 592 excusatione
1723 547 1945 598 carens,
1979 547 2078 602 pu-

2189 527 2400 595 εῑκόνας
2421 546 2437 565 ο
2469 529 2622 585 ἐνθεν
2657 525 2752 584 τοῦ
2776 527 3012 602 ούρανοῦ
3037 542 3106 583 τα
3138 529 3374 602 δάκρυα,
3404 529 3624 585 ἐκεῖθεν
3672 533 3774 601 τῆς

498 643 632 695 dore
659 636 904 693 sud’usus
927 634 1282 707 relinqueris,
1317 630 1517 698 tristis,
1550 636 1807 694 maestus,
1827 626 2081 683 desertus

2186 622 2359 694 χήρας
2405 622 2499 677 τδν
2547 622 2889 693 στεναγμὸν,
2937 621 3208 694 ἑτέρωθεν
3241 625 3371 688 τοὺς
3426 625 3771 680 κατακονδυ-

497 736 567 789 ab
592 731 872 797 omnibus,
905 739 1052 786 metu
1091 725 1428 801 proﬂigatus.
1452 723 1684 794 Quoquo
1723 722 1872 778 enim
1895 718 2082 776 oculo-

2194 713 2468 780 λισθέντας
2515 713 2623 769 ἀπὸ
2670 713 2766 768 σοῦ
2803 715 3046 786 πένητας
3067 755 3081 780 ,
3113 716 3241 779 τοὺς
3269 715 3488 782 οίκέτας
3512 716 3612 782 οὓς
3643 733 3779 771 κατ-

499 844 622 883 rmn
655 826 831 882 aciem
867 823 1232 890 converteris,
1285 820 1605 893 perspicuas
1641 815 1909 872 malorum
1939 812 2082 867 ima-

2194 806 2415 875 ἔξαινες,
2445 808 2697 878 γείτονας
2726 807 2819 873 οὓς
2852 807 3231 880 παρὼργιζες,
3252 809 3429 864 πάντα
3457 827 3542 863 σοι
3571 811 3779 866 ὲπαναυ

498 923 656 994 gines
687 935 922 978 cernes:
957 918 1088 974 hinc
1120 915 1318 989 pupilli
1361 915 1656 985 lacrymas,
1703 910 1856 964 illinc
1902 905 2083 962 viduae

2197 903 2468 974 στήσεται·
2518 900 2757 994 πονηρὸς
2793 901 2953 974 χορὸς
2995 902 3107 956 τῶν
3161 902 3352 956 κακῶν
3386 921 3482 956 σου
3514 904 3782 975 πράξεων

498 993 768 1088 gemitus;
813 1013 1036 1070 aliunde
1064 1024 1337 1085 pauperes
1369 1023 1512 1080 quos
1541 1005 1739 1078 pugnis
1779 999 2083 1060 contunde-

2197 993 2666 1088 περιστοιχήσεταί
2715 1010 2817 1048 σοι.
2861 995 3074 1067 Ὠσπερ
3118 995 3227 1068 γὰρ
3286 997 3320 1068 η
3373 996 3508 1050 σκιὰ
3545 995 3632 1068 τῷ
3674 996 3782 1051 σώ-

499 1111 623 1176 bas,
657 1108 887 1164 famulos
906 1121 1046 1180 quos
1076 1104 1264 1177 ﬂagris
1295 1101 1604 1165 lacerabas,
1640 1097 1853 1152 vicinos
1883 1093 2084 1165 quibus

2200 1104 2342 1180 αατι,
2374 1087 2519 1180 οὕτω
2548 1089 2668 1180 ταῖς
2697 1087 2898 1180 ψυχαῖς
2937 1088 3209 1161 ἁμαρτίαι
3231 1091 3601 1162 παρέπονται,
3630 1091 3785 1162 ἐναρ-

496 1201 849 1260 stomachum
880 1177 1159 1255 movebas.
1191 1196 1355 1269 487
1373 1192 1570 1251 Omnia
1603 1191 1658 1246 in
1687 1188 2080 1257 teinsurgent:

2202 1177 2298 1247 (ὥς
2329 1177 2430 1242 τὰς
2462 1177 2692 1249 πράξεις
2724 1177 3110 1245 είκονίζουσαι.
3157 1179 3260 1235 Διά
3288 1180 3448 1235 τοῦτο
3491 1182 3598 1235 ούκ
3637 1182 3787 1236 ἐστιν

493 1297 678 1353 malus
707 1305 761 1352 te
797 1293 1133 1366 ﬂagitiorum
1166 1301 1388 1348 tuorum
1414 1287 1617 1344 chorus
1638 1279 2078 1339 cireumsidebit.

2199 1272 2428 1366 lpvnctc‘
2468 1273 2607 1339 ἐκεῖ,
2647 1271 2783 1326 ἀλλά
2829 1274 3135 1346 φράσσεται
3184 1274 3363 1345 στόμα
3391 1273 3784 1346 ἀναίσχυντον.

504 1389 661 1444 Velut
707 1389 854 1444 enim
905 1385 1099 1442 umbra
1156 1399 1394 1456 corpus,
1452 1380 1535 1436 sic
1593 1377 1810 1433 animas
1861 1380 2085 1446 peccata

2204 1364 2334 1456 ιύτά
2370 1363 2478 1438 γάρ
2505 1366 2740 1420 ἑκάστου
2767 1370 3186 1441 καταμαρτυρεῖ
3230 1369 3300 1423 τὰ
3342 1369 3687 1441 πράγματα,
3727 1369 3789 1422 ού

497 1482 854 1549 comitantur,
885 1478 1088 1552 quibus
1117 1493 1207 1534 res
1242 1455 1411 1549 gesta:
1443 1472 1740 1546 perspicue
1786 1481 2082 1539 repraesen-

2205 1455 2370 1530 ρωνὴν
2423 1459 2674 1528 ἀφιέντα,
2727 1459 2865 1514 ἀλλὰ
2909 1460 3137 1515 τοιαῦτα
3191 1464 3518 1531 φαινόμενα,
3553 1455 3653 1515 οἷα
3699 1460 3790 1531 ὕφ’

499 1588 706 1633 tantur.
747 1573 1115 1643 Quamobrem
1142 1571 1332 1627 nullus
1377 1567 1493 1624 illic
1526 1561 1857 1623 inliciationi
1905 1560 2081 1626 locus,

2206 1552 2346 1624 ιμῶν
2392 1552 2855 1609 κατεσκεύασται.
2912 1553 3038 1618 Πῶς
3090 1571 3176 1608 σοι
3229 1553 3443 1625 δυνηθῶ
3503 1554 3602 1608 ὑπ’
3665 1553 3791 1624 ὄψιν

500 1671 594 1728 sed
643 1687 706 1727 os
754 1669 1047 1741 impudens
1079 1665 1390 1722 obturatur.
1450 1660 1586 1733 Ipsae
1639 1658 1786 1714 enim
1839 1654 2085 1710 actiones

2207 1645 2418 1741 ὶγ-αγεῖν
2450 1645 2519 1699 τὰ
2563 1647 2810 1741 Δφρικτάς
2871 1646 2996 1701 Ἐὰν
3041 1647 3152 1718 ἄρα
3200 1646 3465 1720 ἀκούσῃς,
3521 1646 3628 1701 ἐὰν
3683 1647 3792 1718 ἄρα

500 1764 764 1820 adversus
793 1771 1244 1832 unumquemque
1282 1753 1657 1812 testimonium
1710 1747 1946 1803 dicunt:
1977 1759 2083 1800 non

2210 1739 2374 1810 ,vﬁqiq,
2411 1738 2680 1811 μνήσθητι
2726 1740 2826 1812 τῆς
2866 1739 3081 1813 ἡμέρας
3117 1738 3356 1812 ἐκείνης,
3392 1741 3451 1794 ὲν
3566 1741 3795 1796 ἀποκα-

502 1867 563 1912 υῑ
592 1869 784 1911 vocem
810 1831 1086 1913 emittant,
1128 1846 1226 1904 sed
1258 1852 1319 1902 ut
1367 1845 1505 1900 tales
1544 1847 1866 1913 appareant,
1894 1836 2085 1908 quales

2208 1832 2450 1886 τύπτεται
2483 1832 2694 1898 ἔνδοξος
2733 1831 2828 1887 τοῦ
2860 1833 3100 1906 Χριστοῦ
3144 1834 3436 1906 παρουσία.
3473 1833 3615 1887 Τότε
3653 1834 3793 1887 ἀνα-

493 1963 533 2003 ι
567 1946 728 2003 nobis
762 1949 1086 2018 perpetratae
1111 1944 1263 1998 sunt.
1293 1937 1546 2006 Quonam
1580 1907 1770 2004 porro
1805 1907 1966 1984 modo
1993 1942 2078 1982 res

2214 1924 2498 1996 τήσονται,
2531 1925 2580 1978 οἱ
2616 1923 2716 1996 μὲν
2762 1922 2832 1979 τὰ
2875 1925 3058 1994 ἀγαθά
3086 1923 3395 1998 πράξαντες
3426 1925 3510 1990 είς
3543 1926 3799 1980 ἀνάστα-

502 2057 679 2114 usque
702 2039 838 2096 adeo
872 2035 1178 2094 horrendas
1216 2032 1289 2089 ob
1314 2030 1508 2086 oculos
1536 2040 1732 2099 queam
1773 2019 2086 2094 subjicere?

2208 2036 2275 2114 τιν
2314 2018 2482 2086 ζωῆς,
2518 2018 2578 2114 *οἱ
2621 2018 2677 2072 δὲ
2723 2017 2793 2072 τὰ
2831 2017 3032 2088 φαῦλα,
3070 2019 3151 2083 είς
3179 2020 3475 2075 ἀνάστασιν
3516 2019 3793 2090 κρίσεως.

493 2111 721 2207 'Siergo
747 2132 1009 2198 audieris,
1051 2131 1097 2188 si
1128 2136 1369 2186 mentem
1409 2122 1763 2186 submiseris,
1789 2117 1895 2174 diei
1936 2114 2078 2172 illius

2213 2113 2325 2207 Γότε
2373 2111 2602 2207 αἰσχύνη
2649 2111 2867 2176 αἰώνιος
2903 2113 3018 2176 τοῖς
3055 2111 3428 2184 ἁμαρτωλοῖς,
3461 2113 3561 2167 καὶ

505 2240 803 2295 memento,
839 2228 892 2284 in
943 2241 1054 2298 qua
1108 2222 1346 2282 illustris
1387 2228 1445 2276 et
1480 2216 1759 2290 gloriosus
1817 2209 2087 2267 adventus

2213 2205 2352 2277 ζῆλος
2384 2203 2588 2260 ἐσθίειν
2618 2203 2830 2276 μέλλων
2857 2204 2986 2269 τοὺς
3015 2203 3393 2270 ὑπεναντίους.
3433 2205 3668 2259 Ἐκεῖνα
3697 2205 3798 2259 λυα-

502 2324 713 2382 Christi
770 2297 1124 2379 revelabitur.
1182 2315 1342 2371 Tunc
1381 2307 1754 2370 resurrecturi
1805 2310 1958 2369 sunt,
2007 2299 2087 2356 illi

2211 2301 2360 2354 τείτω
2385 2316 2468 2365 σε,
2496 2299 2592 2352 καὶ
2630 2298 2704 2372 μὴ
2734 2297 2974 2352 λυπείτω
3017 2313 3077 2352 σε
3109 2298 3144 2370 ἡ
3168 2297 3378 2372 ἐντολή.
3420 2298 3550 2363 Πῶς
3584 2315 3658 2354 σε
3699 2299 3796 2354 δυ-

494 2419 727 2489 -quidem
765 2417 858 2487 qui
889 2413 1035 2470 bona
1067 2415 1326 2483 egerunt,
1356 2405 1411 2462 in
1436 2399 1898 2460 resurrectionem
1929 2393 2079 2459 vitae;

2211 2391 2553 2489 namque);ch
2588 2391 2930 2489 φθέγξομαις
2971 2391 3263 2457 Βασιλείας
3307 2394 3408 2446 οὐκ
3450 2393 3796 2463 ἐπιθυμεῖς·

506 2514 599 2585 ιιτί
647 2527 777 2568 vero
831 2509 994 2575 mala,
1055 2507 1112 2561 in
1163 2498 1618 2560 resurrectionem
1673 2489 1890 2565 iudicii.
1932 2485 2088 2542 Tunc

2211 2487 2419 2554 τέενναν
2444 2486 2504 2538 οὐ
2537 2483 2701 2557 φοϐῇ.
2732 2482 2907 2540 Πόθεν
2940 2481 3142 2554 εὑρεθῇ
3184 2483 3329 2548 ῐασις
3357 2484 3425 2556 τῇ
3455 2483 3605 2556 ψυχῇ
3658 2500 3796 2547 om;

507 2609 846 2680 sempiterna
926 2598 1314 2675 peccatoribus
1410 2588 1711 2666 ignominia
1786 2586 1937 2650 erit,
2035 2589 2091 2638 et

2212 2579 2352 2680 Ξίτά
2386 2579 2592 2652 φρικτὰ
2625 2578 2686 2633 ού
2722 2580 2899 2645 πτοεῖ,
2932 2576 2999 2632 τά
3028 2576 3233 2650 φαιδρὰ
3281 2577 3343 2631 ού
3386 2577 3797 2650 προτρέπεται,

512 2701 656 2774 ignis
682 2696 961 2756 aunulatio
994 2708 1116 2766 quae
1146 2696 1438 2748 consumat
1481 2679 1850 2740 adversarios.
1884 2677 1982 2732 Illa
2037 2683 2092 2731 te

2212 2671 2368 2745 .ιθίνῃ
2417 2671 2617 2744 καρδίᾳ
2671 2668 3053 2741 διαλεγόμεθα.
3110 2667 3431 2738 Διάῦλεψον,
3503 2667 3797 2743 ἄνθρωπε,

509 2761 748 2850 interere
779 2761 1034 2856 alliciant,
1053 2800 1164 2843 non
1189 2791 1370 2840 autem
1408 2779 1588 2852 ipsum
1623 2774 1717 2832 Dei
1747 2770 2087 2830 mandatum.

2217 2766 2330 2840 πρὸς
2370 2765 2471 2838 τὴν
2504 2764 2667 2838 φύσιν
2694 2764 2790 2818 τοῦ
2831 2762 3084 2818 πλούτου.
3119 2763 3186 2816 Τί
3221 2761 3476 2818 τοσοῦτον
3515 2764 3802 2836 ὲπτόησαι

503 2890 760 2957 Quanam
813 2895 866 2943 te
923 2854 1137 2940 ratione
1197 2871 1612 2936 commovebo?
1676 2868 1807 2940 quid
1865 2863 2088 2938 loquar?

2216 2862 2324 2933 rapi.
2357 2860 2451 2915 τὸν
2479 2861 2718 2933 χρυσόν;
2748 2858 2898 2922 λίθος
2929 2856 3079 2912 ἐστὶν
3107 2858 3137 2911 ό
3168 2857 3373 2928 χρυσός
3394 2873 3409 2889 ·
3441 2854 3592 2920 λίθος
3632 2858 3664 2910 ὁ
3695 2855 3801 2928 ἄρ-

505 2946 683 3057 ἦοςηί
720 2993 773 3038 te
810 2977 959 3036 nulla
1004 2972 1284 3047 cupiditas
1338 2977 1488 3026 tenet
1531 2982 1548 3022 :
1601 2964 1786 3020 nullus
1827 2963 2090 3036 gehennae

2220 2970 2395 3028 νυρος·
2443 2953 2590 3018 λίθος
2617 2954 2645 3007 ὁ
2681 2950 3067 3024 μαργαρίτης·
3101 2948 3250 3014 λίθος
3288 2947 3398 3003 τῶν
3438 2946 3606 3002 λίθων
3658 2946 3805 3003 ’ἐκα-

509 3089 713 3136 mctus.
772 3073 1060 3132 Undenam
1114 3067 1312 3124 animae
1367 3071 1474 3121 tuae
1531 3059 1765 3133 reperiri
1819 3056 2094 3112 medicina

2221 3067 2344 3116 rro;,
2391 3047 2731 3121 χρυσόλιθον,
2781 3045 2876 3102 καὶ
2929 3043 3240 3119 βηρύλλιον,
3273 3042 3372 3098 καὶ
3409 3042 3650 3115 ἀχάτης,
3705 3043 3806 3097 καὶ

509 3166 874 3246 queat?Nam
907 3163 979 3228 si,
1020 3176 1124 3220 nec
1154 3174 1220 3217 ea
1247 3173 1373 3232 qua:
1407 3156 1696 3212 horrorem
1737 3150 1962 3216 habent,
1995 3149 2093 3205 tibi

2219 3139 2474 3207 ιάκινθος,
2524 3138 2620 3194 καὶ
2651 3136 2949 3210 ἀμέθυσος,
2991 3136 3087 3192 καὶ
3117 3136 3324 3198 ἴασπις.
3354 3133 3546 3189 Ταῦτα
3596 3134 3672 3206 δὴ
3701 3134 3804 3189 τοῦ

511 3225 777 3324 terrorem
803 3259 1100 3321 incutiunt,
1133 3269 1238 3311 nec
1267 3262 1320 3310 te
1339 3266 1465 3324 qua:
1495 3249 1614 3305 laeta
1652 3251 1786 3302 sunt
1841 3243 2093 3306 incitant,

2224 3233 2434 3289 ιλούτου
2477 3232 2546 3288 τὰ
2594 3231 2754 3304 ἄνθη,
2787 3225 2864 3288 ὧν
2895 3231 2982 3299 σὺ,
3017 3229 3086 3286 τὰ
3117 3229 3217 3303 μὲν
3246 3227 3480 3301 ἀποτιθῇ
3511 3229 3809 3302 καταχρύο

514 3359 579 3416 ad
610 3369 836 3413 saxeum
863 3359 1053 3425 pectus
1079 3346 1238 3403 nobis
1263 3353 1348 3401 est
1373 3339 1575 3398 oratio.
1597 3336 1825 3405 Oculos,
1848 3350 1881 3390 ο
1905 3333 2095 3398 homo,

2224 3349 2372 3398 ττων,
2409 3330 2506 3386 καὶ
2549 3329 2674 3395 τοὺς
2707 3330 2991 3399 διαφανεῖς
3026 3326 3136 3382 τῶν
3175 3325 3341 3380 λίθων
3375 3324 3452 3398 τῷ
3483 3325 3679 3381 σκότει
3709 3345 3809 3382 κα-

515 3455 581 3509 ad
614 3464 776 3522 opum
823 3416 1079 3502 naturam
1109 3437 1348 3509 conjice.
1395 3432 1536 3503 Quid
1586 3442 1783 3485 aurum
1843 3426 1981 3482 adeo
2029 3421 2096 3478 ad

2221 3424 2568 3498 τακρύπτεις·
2623 3421 2753 3486 τοὺς
2809 3420 2865 3474 δὲ
2919 3419 3242 3492 περιφέρεις
3282 3416 3393 3471 τῶν
3447 3416 3806 3490 βαρυτίμων,

514 3510 796 3620 stuporem
847 3553 1023 3611 usque
1053 3530 1388 3592 admiraris!
1423 3525 1590 3598 Lapis
1618 3531 1706 3580 est
1755 3528 1976 3586 aurum,
2008 3534 2099 3574 ar-

2231 3518 2634 3592 ναόρυνόμενος
2682 3514 2864 3570 αὐτῶν
2892 3515 2960 3586 τῇ
2986 3515 3153 3584 αὐγῇ.
3195 3510 3356 3578 Εἰπὲ,
3386 3511 3441 3566 τί
3483 3528 3570 3565 σοι
3601 3511 3811 3582 ὃφελος

513 3605 736 3716 gen-tum
789 3605 967 3708 lapis,
1028 3626 1327 3702 margarita
1386 3621 1549 3694 lapis.
1604 3617 1797 3687 Quivis
1854 3613 2097 3687 lapidum

2225 3614 2370 3679 ,ίθοις
2417 3611 2782 3684 λαμπομένην
2824 3608 3216 3681 περιστρέφειν
3271 3605 3372 3678 τὴν
3426 3608 3623 3679 χεῖρα;
3687 3608 3810 3662 Οὐκ

514 3700 656 3807 lapis
683 3741 769 3789 est
799 3748 813 3786 :
847 3700 1249 3798 chrysolithus,
1281 3716 1550 3790 beryllus,
1587 3713 1838 3775 achates,
1873 3707 2099 3779 hyacin-

2226 3709 2463 3783 pqutig
2505 3705 2746 3760 λιθιδίων
2779 3701 3007 3766 κισσῶν,
3045 3700 3122 3766 ὡς
3177 3701 3438 3772 γυναῖκες
3479 3701 3610 3754 ὅταν
3659 3702 3811 3755 κύω-

513 3792 668 3894 lii-US,
691 3792 1038 3893 amethystus
1056 3811 1320 3886 etjaspis.
1347 3807 1515 3878 Atqui
1541 3806 1596 3862 hi
1627 3814 1756 3861 sunt
1781 3801 2098 3859 divitiarum

2226 3820 2327 3872 rw;
2353 3803 2445 3858 καὶ
2476 3801 2587 3874 γὰρ
2617 3801 2825 3855 ἰκεῖναι
2868 3796 3069 3851 λιθίδια
3107 3792 3571 3867 περιτρώγουσιν,
3605 3795 3714 3849 καὶ
3747 3796 3811 3852 σὺ

506 3887 703 3982 ﬂores,
734 3887 966 3989 quos'tu
993 3908 1191 3982 partim
1219 3901 1538 3961 recundltos
1573 3896 1768 3960 habes,
1797 3896 1869 3950 ita
1898 3901 1957 3948 ut
1988 3892 2091 3964 pel-

2222 3898 2402 3970 tlxvm;
2435 3895 2584 3967 ἔχεις
2620 3891 2751 3963 περὶ
2787 3891 2858 3946 τὰ
2893 3889 3031 3961 ἄνθη
3063 3887 3174 3943 τῶν
3200 3887 3389 3954 λίθων,
3435 3887 3807 3960 σαρδόνυχας,

517 3979 731 4071 lucidos
752 3979 965 4082 lapides
993 3979 1242 4060 tenebris
1281 3994 1552 4063 mandes;
1589 3993 1792 4065 partim
1845 3989 1966 4060 ipse
1991 3986 2102 4042 cir-

2222 3991 2486 4054 dambac,
2535 3987 2630 4043 καὶ
2676 3984 2987 4058 ἀμεθύσους
3028 3981 3329 4052 ἐπιζητῶν.
3367 3980 3464 4044 Τίς
3510 3979 3807 4034 καλλωπι-

517 4104 777 4171 cumfers,
814 4099 1048 4158 eximios
1088 4092 1305 4151 scilicet
1355 4088 1480 4144 illos
1522 4097 1758 4157 quorum
1808 4077 2102 4151 splendore

2224 4085 2379 4149 ιθεὶς,
2401 4084 2528 4156 μίαν
2545 4079 2757 4154 ἡμέραν
2779 4075 3020 4150 ἠδυνήθη
3044 4073 3121 4146 τῷ
3143 4072 3244 4146 βίῳ
3274 4072 3629 4144 «peceatum;
3656 4072 3809 4138 τινος

516 4165 800 4276 gloriaris.
859 4190 1038 4248 Velim
1094 4186 1250 4244 dicas
1300 4180 1437 4256 quid
1485 4178 1582 4235 tibi
1649 4173 1870 4231 tandem
1925 4169 2101 4242 prosit

2224 4179 2466 4250 εφείσατο
2514 4176 2746 4238 θάνατος
2795 4171 2884 4226 διὰ
2917 4168 3009 4224 τὸν
3040 4167 3299 4234 πλοῦτον;
3341 4165 3484 4231 τίνος
3519 4165 3809 4237 ἀπέσχετο

519 4255 903 4349 coruscantem
927 4280 1134 4356 lapillis
1163 4255 1389 4334 manum
1425 4271 1668 4343 undique
1696 4261 2104 4336 contorquere?

2226 4271 2359 4336 νόσος
2396 4269 2484 4325 διά
2528 4266 2600 4322 τὰ
2629 4266 2889 4339 χρήματα
2917 4279 2934 4329 ;
2966 4260 3114 4323 Ἕως
3140 4256 3270 4312 πότε
3311 4255 3535 4329 χρυσὸς,
3557 4256 3676 4309 τῶν
3706 4258 3811 4326 ψυ-

520 4387 642 4446 Non
669 4395 721 4442 te
756 4381 924 4454 pudet
951 4349 1063 4448 pra
1099 4371 1325 4430 fastidio
1354 4367 1566 4440 lapides
1606 4369 1885 4434 appetere,
1926 4355 2105 4430 gravi-

2224 4363 2321 4436 (ῶν
2359 4366 2394 4436 ἠ
2429 4361 2660 4432 ἀγχόνη,
2694 4356 2790 4412 τοῦ
2825 4354 3062 4410 θανάτου
3112 4351 3172 4406 τδ
3219 4349 3537 4420 ἄγκιστρον,
3591 4349 3656 4401 τὸ
3707 4349 3809 4419 τῆς

521 4480 716 4534 (larum
750 4439 1081 4530 feminarum
1115 4478 1289 4522 more.
1317 4458 1389 4516 Ut
1415 4439 1564 4514 enim
1609 4455 1716 4509 illa:
1763 4450 1975 4523 lapides
2010 4461 2104 4502 ro-

2223 4454 2486 4527 ὶμαρτίας
2533 4452 2764 4522 δέλεαρ;
2792 4447 2900 4512 ἓως
2952 4444 3084 4498 πότε
3138 4441 3389 4506 πλοῦτος,
3417 4443 3452 4513 ὴ
3487 4439 3602 4494 τῶν
3638 4439 3808 4495 πολέ-

521 4572 684 4637 tlunt,
719 4568 802 4624 sic
829 4573 894 4619 tu
919 4571 1138 4632 quoque
1165 4552 1398 4612 eximios
1437 4559 1688 4620 quosque
1737 4542 1946 4615 lapides
1985 4551 2104 4592 ma-

2222 4568 2330 4622 μων
2365 4547 2643 4612 ὑπόθεσις,
2680 4543 2749 4598 δι’
2788 4535 2864 4597 ὧν
2921 4536 3248 4612 χαλκεύεται
3281 4535 3422 4590 ὅπλα
3444 4551 3460 4601 ;
3485 4533 3570 4588 διὸ
3600 4535 3807 4589 ἀκονᾶ-

520 4627 698 4735 jorem
735 4661 792 4714 in
852 4627 1076 4712 modum
1125 4647 1358 4720 appetis,
1403 4637 1804 4712 sardonyches,
1835 4631 2102 4705 jaspides,

2219 4660 2298 4695 ται
2333 4641 2498 4709 ξίφης
2530 4637 2620 4692 διὰ
2649 4633 2806 4690 τοῦτο
2853 4634 3135 4702 συγγενεῖς
3177 4628 3434 4700 ἀγνοοῦσι
3476 4627 3579 4700 τὴν
3614 4629 3804 4698 φύσιν,

527 4719 581 4813 et
614 4753 951 4824 amethystos
991 4738 1376 4817 perquirendo.
1405 4734 1610 4806 Ecquis
1647 4737 1846 4786 ornatu
1887 4724 2105 4781 adhibi-

2222 4735 2434 4804 ἀδελφοὶ
2485 4729 2607 4786 κατ’
2655 4728 2903 4800 ἀλλήλων
2949 4724 3174 4797 φονικὸν
3227 4721 3546 4796 βλέπουσιν.
3581 4719 3686 4776 Διά
3719 4722 3807 4776 τὸν

529 4866 607 4917 to,
648 4850 734 4906 vel
773 4860 882 4902 uno
918 4842 1005 4899 die
1043 4849 1336 4911 prorogare
1371 4830 1479 4886 sibi
1527 4829 1693 4882 vitam
1738 4820 1957 4895 potuit?
1986 4818 2106 4874 cui-

2221 4825 2443 4880 πλοῦτον
2474 4825 2530 4877 αῑ
2555 4821 2783 4894 ὲρημίαι
2807 4820 2934 4883 τοὺς
2958 4815 3223 4888 φονευτάς
3246 4815 3528 4887 τρέφουσι,
3555 4813 3806 4869 θάλασσα

530 4962 653 5001 nam
691 4956 839 4998 mors
868 4937 940 4996 ob
958 4907 1180 4990 divitias
1209 4939 1265 4983 et
1299 4940 1432 4997 opes
1456 4917 1734 4994 pepercit?
1758 4931 1786 4970 a
1820 4929 1928 4985 quo
1959 4927 2108 4967 mor-

2217 4921 2340 4984 τοὺς
2387 4915 2847 4979 καταποντιστὰς,
2897 4914 2952 4966 αί
3009 4911 3197 4974 πόλεις
3244 4910 3373 4974 τοὺς
3432 4907 3802 4976 συκοφάντας.

529 5045 632 5095 hus
651 5042 871 5109 propter
889 5027 1246 5101 pecuniarum
1275 5019 1465 5090 copias
1489 5010 1795 5070 abstinuit?
1811 5007 2110 5075 Quousque

2219 5011 2312 5075 Τίς
2349 5012 2498 5063 ἐστιν
2547 5010 2575 5062 ὁ
2614 5005 2847 5076 ψεύδους
2882 5001 3107 5074 πατήρ;
3159 5001 3243 5065 τίς
3287 5003 3315 5054 ὁ
3347 5000 3804 5070 πλαστογραφίας

531 5133 751 5188 tandem
804 5140 1000 5182 aurum
1065 5120 1378 5175 animarum
1439 5113 1667 5182 laqueus
1721 5105 1855 5170 erit,
1915 5104 2109 5156 hamus

2221 5100 2582 5171 ὃημιουργόςς
2613 5098 2698 5162 τίς
2749 5097 2778 5149 ό
2823 5095 2922 5168 τὴν
2972 5093 3262 5166 ἐπιορκίαν
3296 5092 3599 5162 γεννήσας
3637 5091 3806 5160 Οὖχό

533 5225 744 5288 mortis,
795 5217 1002 5290 peccati
1053 5208 1344 5268 illecebra?
1401 5215 1692 5275 quousque
1727 5196 1952 5260 divitiae,
1993 5205 2111 5261 qua:

2220 5194 2479 5260 πλοῦτος;
2513 5193 2612 5263 οὐχ
2657 5194 2691 5262 ὴ
2723 5191 2853 5262 περὶ
2907 5186 3098 5244 τοῦτον
3150 5185 3394 5256 σπουδή;
3430 5186 3485 5239 τί
3531 5185 3802 5254 πάσχετε,

534 5319 799 5376 bellorum
831 5318 1088 5384 parentes
1121 5311 1272 5370 sunt,
1316 5301 1384 5358 ob
1422 5313 1561 5370 quas
1611 5292 1884 5350 cudcntur
1935 5300 2110 5349 arma,

2221 5287 2534 5359 ἀνθρωποι;
2566 5284 2647 5347 τίς
2679 5285 2808 5355 ύμῖν
2844 5284 2912 5337 τὰ
2968 5279 3212 5354 ὑμέτερα
3242 5281 3324 5345 εἰς
3362 5277 3462 5348 τὴν
3496 5277 3622 5330 καθ’
3654 5277 3806 5347 ὑμῶν

533 5425 695 5467 enses
741 5401 1052 5464 acuuntur?
1105 5400 1177 5455 ob
1241 5410 1336 5453 eas
1403 5389 1622 5464 cognati
1686 5392 1938 5441 naturam
2000 5392 2112 5434 non

2221 5379 2514 5449 ἑπιϐουλὴν
2550 5375 2897 5451 περιέτρεψε,
2931 5372 3173 5444 συνεργὰ
3216 5371 3356 5444 πρὸς
3407 5369 3469 5424 τδ
3517 5370 3656 5443 ζῇν;
3717 5370 3804 5438 Μὴ

537 5509 865 5576 agnoscunt,
899 5473 1486 5562 fratressanguinario
1515 5496 1638 5540 sese
1667 5477 1828 5535 oculo
1844 5480 2115 5532 contuen-

2222 5476 2330 5548 γὰρ
2378 5471 2602 5545 ἀφορμὴ
2647 5471 2946 5538 ἀπωλείας,
2999 5469 3116 5524 ἀλλ’
3149 5469 3448 5538 ἀναγκαῖος
3494 5467 3524 5519 ὁ
3575 5465 3807 5527 πλοῦτος

536 5558 646 5654 uir.
690 5595 917 5664 Propter
966 5603 1101 5659 Opes
1158 5558 1374 5640 deserta
1432 5579 1550 5633 loca
1599 5573 1887 5646 pradones
1939 5567 2114 5629 alunt,

2222 5569 2311 5624 διά
2369 5567 2495 5632 τοῦς
2530 5565 2745 5632 παῖδας.
2786 5563 3158 5636 Εύπρόσωπος
3213 5558 3437 5632 ἀφορμὴ
3489 5559 3806 5624 πλεονεξίας

540 5707 688 5747 mare
731 5650 962 5759 piratas,
998 5681 1161 5737 urbes
1223 5673 1622 5748 sycophantas.
1675 5665 1811 5733 Quis
1846 5659 2116 5720 mendacii

2225 5661 2397 5734 α’ύτη⁹
2427 5662 2555 5726 τοὺς
2573 5659 2680 5732 γὰρ
2714 5658 2908 5722 παῖδας
2931 5653 3321 5728 προδάλλεσθε,
3356 5651 3454 5724 τὴν
3487 5650 3544 5706 δὲ
3576 5652 3807 5724 καρδίαν

537 5793 697 5857 pater
719 5744 833 5837 est?
867 5777 992 5850 quis
1035 5772 1184 5827 falsa
1223 5744 1654 5835 conscriptionis
1694 5755 1942 5814 artifex?
1990 5750 2119 5826 quis

2226 5755 2647 5829 πληροφορεῖτε.
2693 5753 2786 5826 Μὴ
2837 5749 3001 5806 αἰτιῶ
3045 5747 3139 5804 τὸν
3184 5745 3459 5802 ἀναίτιον·
3510 5744 3648 5798 [διον
3697 5744 3803 5814 ἔχει

545 5837 660 5857 τη-
886 5837 900 5850 .

545 5876 772 5951 pcrjurii
807 5867 1164 5946 procreatur?
1194 5865 1278 5918 An
1327 5876 1436 5915 non
1469 5855 1638 5930 epes?
1663 5871 1730 5908 an
1763 5867 1871 5907 non
1901 5862 2120 5906 earum-

2227 5848 2516 5919 δεσπὸτην,
2564 5847 2694 5901 ἴδιον
2751 5845 3054 5917 οἰκονόμον.
3105 5839 3244 5913 Παρ*
3292 5837 3454 5893 ἄλλου
3512 5837 3614 5909 τὴν
3665 5837 3805 5909 ζωὴν

549 5929 669 6027 dena:
727 5959 1166 6030 studium?quid
1220 5954 1400 6020 vobis,
1460 5969 1491 6008 ο
1545 5947 1831 6014 mortales,
1886 5939 2122 5999 accidit?

2229 5942 2465 6010 ἐδέξατο,
2503 5941 2594 5997 καὶ
2627 5941 2756 6013 παρ’
2785 5938 2950 5994 αὐτοῦ
2979 5935 3078 6002 τὰς
3104 5931 3358 6006 ἀφορμὰς
3399 5930 3670 6005 ἀναμένει
3710 5929 3802 5984 τοῦ
