4014 6302
326 338 465 406 1489
1614 336 1854 398 sae-ait
1894 314 2365 395 PARALLELA.
3458 320 3595 386 1490

322 454 461 520 βίου.
491 453 582 526 Μὴ
613 455 728 518 τοῖς
771 454 1146 526 γεγαμηκόσιν
1177 452 1280 508 οὐκ
1319 451 1538 525 ἐγράφη
1564 450 1634 506 τά
1663 449 1907 521 Εὑαγγέ-
1935 469 1949 512 λ

2054 448 2133 505 uis
2161 446 2316 508 vobis
2344 460 2408 503 ea
2454 458 2578 516 quae
2610 455 2790 499 vestra
2825 445 2978 505 sunt,
3031 439 3086 493 in
3122 445 3359 493 vestram
3415 441 3599 508 perni-

318 546 444 614 λια;
492 549 560 604 Et
615 545 811 615 θέλεις
852 543 1009 603 εἶναι
1054 545 1302 614 τέλειος,
1336 543 1631 616 πώλησόν
1678 561 1797 602 σου
1832 545 1904 600 τὰ

2054 545 2150 599 ietn
2175 538 2468 605 convertit,
2495 551 2585 602 ea,
2614 534 2864 606 inquam,
2893 547 3018 604 qua:
3041 530 3106 586 ad
3134 530 3259 586 vitae
3283 530 3593 586 subsidium

319 641 692 714 ὑπάρχοντα,
738 643 836 698 καί
870 641 977 711 δὸς
1016 641 1298 713 πτωχοῖς.
1361 641 1489 696 Ὅτε
1546 625 1700 712 ᾔτεις
1750 639 1904 712 παρά

2054 644 2138 691 ala
2172 633 2343 690 sunt?
2375 631 2565 702 Neque
2604 628 2756 686 enim
2786 642 2921 697 opes
2951 634 3010 682 ut
3058 624 3207 681 vitiis
3263 623 3599 680 inser—virent

321 737 528 810 Κυρίου
563 737 661 810 τὴν
698 736 1004 802 εὐπαιδίαν,
1033 736 1161 791 ὅταν
1193 735 1380 807 ἠξίους
1407 734 1668 805 γενέσθαι
1697 733 1906 789 τέκνων

2054 745 2296 788 uncessa:
2329 729 2575 795 fuerunt,
2601 727 2806 800 quibus
2835 721 3124 780 redimitur
3155 721 3359 776 anima.
3381 717 3601 788 Nequa-

322 829 528 902 πατὴρ,
571 825 682 902 ἆρα
726 829 1078 900 προσέθηκας
1114 827 1304 882 τοῦτο·
1347 827 1446 892 Δός
1474 844 1564 899 μοι
1598 826 1786 890 τέκνα,
1817 827 1906 882 ἵνα

2054 840 2180 880 uam
2208 825 2365 882 exitii
2399 823 2622 880 occasio
2669 837 2795 878 esse
2828 820 3054 887 debent,
3078 833 3202 889 quae
3243 813 3436 871 liberis
3463 811 3602 866 edu.

322 919 652 990 πλεονέκτης
704 918 997 990 γενόμενος
1032 921 1100 990 τῇ
1133 916 1410 989 προφάσει
1451 915 1561 969 τῶν
1592 913 1800 968 παίδων
1835 914 1905 986 τῇ

2056 916 2216 972 audis
2246 917 2572 973 necessariae
2609 924 2761 971 sunt.
2787 913 2956 984 Atqui
2999 910 3288 983 speciosus
3327 907 3418 962 hic
3450 904 3607 961 color

322 1016 518 1089 γεέννῃ
549 1013 840 1086 παραδοθῶ
859 1029 876 1044 ·
912 1013 1001 1078 δός
1038 1029 1128 1086 μοι
1172 1011 1391 1078 παῖδας,
1415 1009 1512 1064 ἵνα
1532 1005 1628 1063 τοῦ
1657 1007 1907 1078 Εὐαγγε-

2054 1006 2404 1064 varitite'est.
2459 1005 2694 1062 Liberos
2742 1006 2895 1061 enim
2929 1000 3270 1074 praetexitis;
3307 997 3441 1070 quid
3471 1013 3602 1054 vero

321 1109 438 1163 λίου
472 1108 871 1180 καταφρονήσω
903 1124 920 1175 ;

2054 1111 2166 1159 ltus
2209 1101 2268 1157 in
2312 1099 2482 1158 corde
2508 1099 2603 1164 sit,
2629 1098 2978 1170 apertissime
3013 1094 3268 1169 proditis.
3299 1091 3378 1149 Ne
3408 1092 3600 1146 inson-

325 1217 436 1266 tem
469 1202 699 1276 culpes:
731 1200 1014 1256 dominum
1057 1212 1221 1256 suum
1248 1197 1437 1266 habet,
1474 1196 1914 1268 dispensatorem
1963 1211 2148 1253 suum.
2180 1195 2266 1252 Ab
2304 1194 2413 1250 alio
2456 1194 2623 1250 vitam
2656 1193 2889 1263 accepit,
2920 1199 2977 1248 et.
3016 1190 3085 1246 ab
3108 1189 3230 1260 ipso
3279 1186 3406 1242 vita:
3463 1187 3601 1243 sub-

325 1300 466 1359 sidia
495 1296 864 1371 praestolatur.
897 1298 979 1351 An
1017 1309 1126 1350 non
1178 1294 1245 1351 iis
1276 1293 1369 1364 qui
1402 1291 1760 1348 matrimonio
1784 1307 1908 1350 sese
1958 1293 2367 1363 manciparunt,
2399 1289 2693 1363 Evangelia
2723 1289 2928 1360 scripta
2951 1287 3121 1361 488
3155 1284 3328 1344 sunt?
3393 1282 3453 1340 Si
3515 1285 3592 1340 vis

327 1393 592 1466 perfectus
617 1406 754 1456 esse,
782 1387 940 1445 renda
969 1387 1154 1442 omnia
1181 1402 1299 1457 quia
1326 1383 1510 1447 habes,
1541 1394 1590 1438 et
1625 1383 1695 1438 da
1723 1384 2046 1454 pauperibus
2081 1383 2308 1456 (Matth.
2387 1401 2478 1440 nx
2500 1377 2526 1450 ,’
2571 1383 2686 1455 2i).
2769 1381 2907 1439 Cum
2961 1381 3208 1438 sobolem
3275 1395 3305 1434 a
3369 1376 3604 1433 Domino

328 1487 689 1561 postulabas,
723 1499 849 1541 cum
872 1482 942 1538 ab
973 1497 1040 1538 eo
1074 1481 1301 1554 petebas
1327 1481 1405 1536 uti
1439 1488 1598 1552 pater
1635 1478 1816 1547 ﬁeres,
1849 1495 1917 1534 an
1967 1479 2101 1536 illud
2131 1495 2352 1551 quoque
2381 1477 2688 1550 adiunxisti
2725 1493 2742 1534 ι
2776 1475 2852 1530 Da
2889 1474 3025 1531 mihi
3067 1474 3296 1539 liberos,
3359 1483 3419 1528 ut
3481 1486 3610 1526 ava-

328 1583 474 1641 ritiae
527 1578 816 1648 studeam,
865 1584 926 1632 ut
979 1590 1171 1633 eorum
1204 1590 1373 1631 causa
1413 1583 1469 1631 et
1531 1582 1800 1645 prmtcxtu
1859 1576 1915 1630 in
1973 1574 2280 1648 gehennam
2318 1573 2625 1646 conjiciar?
2668 1571 2746 1627 Da
2797 1570 2931 1628 mihi
2972 1569 3200 1636 liberos,
3253 1575 3315 1624 ut
3365 1565 3611 1639 Evange-

328 1678 462 1734 iium
493 1669 882 1729 contemnam?

404 1765 588 1832 Δεῖξον
628 1766 697 1819 τά
725 1763 883 1834 ἔργα,
917 1759 1013 1815 καὶ
1057 1761 1280 1815 ἀπαίτει
1311 1758 1411 1823 τὰς
1454 1761 1772 1824 ἀντιδόσεις.
1809 1759 1916 1814 Ού-
1947 1813 1949 1820 λ

2090 1754 2232 1810 Ibid.
2257 1753 2594 1810 ——Ostende
2629 1766 2823 1824 opera,
2874 1757 2929 1808 et
2957 1763 3123 1822 posce
3161 1747 3406 1820 praimia.
3439 1745 3617 1806 Nemo.

330 1860 443 1926 δεὶς
477 1858 615 1932 μετὰ
639 1856 700 1912 τὸ
730 1855 962 1928 λυθῆναι
987 1855 1089 1928 τὴν
1110 1854 1418 1926 πανήγυριν
1443 1853 1919 1927 πραγματεύεται,

331 1954 454 2009 οὐδὲ
495 1951 636 2024 μετά
684 1951 811 2015 τοὺς
852 1948 1072 2019 ἀγῶνας
1109 1947 1353 2002 ἐπελθὼν
1393 1950 1776 2018 στεφανοῦται,
1802 1949 1922 2004 οὐδὲ

335 2047 478 2119 μετὰ
497 2047 625 2110 τοὺς
649 2042 922 2114 πολέμους
953 2041 1288 2113 ἀνδραγαθεῖ
1308 2056 1322 2070 °
1355 2041 1417 2094 οὐ
1441 2041 1622 2097 τοίνυν
1659 2039 1800 2114 μετά
1824 2042 1925 2113 τὴν

334 2137 482 2210 ζωὴν
547 2134 763 2190 εύσεσεῖ
799 2132 1065 2206 δηλονότι.
1109 2132 1200 2188 Ἐν
1250 2131 1440 2204 μέλανι
1483 2133 1580 2188 καὶ
1627 2133 1924 2206 γράμμασι

336 2229 758 2300 κατεπαγγέλλῃ
791 2228 886 2290 τὰς
927 2225 1199 2289 εὐποιίας.
1228 2225 1325 2290 Τίς
1369 2221 1464 2280 οὖν
1518 2226 1815 2295 ἀναγγελεῖ
1844 2243 1926 2281 σοι

335 2325 430 2380 τὸν
452 2324 642 2393 καιρὸν
666 2322 766 2393 τῆς
793 2320 997 2387 ἐξόδου,
1019 2319 1104 2384 τίς
1129 2319 1404 2391 ἐγγυητὴς
1428 2318 1580 2373 ἔσται
1603 2317 1698 2373 τοῦ
1722 2320 1925 2392 τρόπου

337 2418 437 2488 τῆς
465 2416 757 2486 τελευτῆς;
789 2413 954 2468 Πόσοι
1008 2411 1119 2468 ἀπὸ
1162 2411 1356 2482 βιαίων
1383 2412 1752 2485 ἡρπάσθησαν
1782 2429 1926 2485 συμ-

339 2507 671 2580 πτωμάτων,
707 2502 831 2558 ούδὲ
883 2501 1070 2574 φωνὴν
1110 2501 1270 2574 ῥῆξαι
1319 2501 1768 2574 συγχωρηθέντες
1821 2501 1928 2557 ὑπὸ

341 2601 437 2656 τοῦ
468 2599 710 2666 πάθους;
743 2597 945 2660 πόσους
967 2596 1204 2670 πυρετὸς
1241 2595 1498 2666 ἐποίησεν
1525 2596 1832 2668 ἐκφρονας;
1863 2598 1927 2652 Τί

343 2685 440 2746 οὖν
487 2690 778 2760 ἀναμένεις
828 2687 1042 2761 καιρὸν,
1103 2685 1164 2740 ἐν
1217 2678 1263 2754 ᾧ
1319 2684 1583 2750 πολλάκις
1646 2685 1771 2740 οὐδὲ
1819 2687 1929 2741 τῶν

344 2781 576 2840 σεαυτοῦ
606 2779 884 2853 λογισμῶν
915 2779 1047 2851 Ean;
1085 2779 1202 2844 Νὺξ
1254 2778 1468 2850 βαθεῖα,
1507 2778 1603 2832 καί
1641 2779 1796 2844 νόσος
1832 2780 1930 2852 βα.

2023 1849 2222 1904 solutis
2250 1847 2516 1904 nundinis
2544 1844 2873 1919 negotiatur,
2904 1859 3004 1899 nec
3032 1842 3128 1914 qui
3151 1850 3276 1913 post
3309 1839 3608 1896 certamina

2024 1940 2285 2005 advenit,
2343 1952 2552 1994 corona
2606 1938 2878 2000 donatur,
2936 1949 3115 2006 neque
3163 1940 3384 2005 patrato
3429 1931 3606 1992 bello.

2024 2031 2308 2103 egregium
2341 2030 2471 2099 quis
2503 2029 2718 2085 facinus
2756 2028 2906 2093 edit;
2949 2043 3057 2084 nec
3085 2026 3318 2098 proinde
3357 2025 3623 2081 confecto.

2024 2124 2152 2179 vita:
2181 2121 2486 2189 curriculo,
2521 2120 2713 2192 pietati
2737 2119 2828 2174 dat
2868 2133 3118 2188 operam.
3142 2117 3200 2172 in
3231 2123 3538 2173 atramento
3561 2126 3615 2171 et

2024 2216 2218 2273 charta
2249 2214 2515 2274 beneﬁcia
2544 2214 2850 2288 polliceris.
2886 2212 3021 2282 Quis
3056 2221 3110 2270 te
3148 2210 3218 2270 de
3259 2211 3446 2268 exitus
3487 2218 3619 2266 tem-

2025 2327 2164 2384 pore
2213 2311 2511 2368 certiorem
2543 2309 2742 2368 faciet?
2785 2309 2914 2380 quis
2945 2309 3143 2365 mortis
3193 2305 3292 2362 tibi
3329 2304 3628 2378 spondebit

2026 2405 2298 2462 modum?
2324 2405 2469 2473 Quot
2501 2406 2753 2462 homines
2778 2405 3039 2462 violentis
3073 2402 3300 2459 casibus
3332 2400 3401 2457 de
3435 2400 3618 2458 medio

2027 2502 2242 2573 abrepti
2287 2513 2439 2568 sunt,
2489 2509 2549 2557 ut
2603 2517 2717 2574 prae
2765 2501 2943 2558 morbi
2977 2498 3283 2556 acerbitate
3309 2512 3381 2553 ne
3414 2510 3616 2552 secem

2027 2593 2252 2666 quidem
2282 2593 2422 2666 ipsis
2446 2593 2665 2651 mittere
2689 2593 2950 2652 licuerit?
2977 2591 3124 2662 Quot
3154 2589 3411 2647 homines
3445 2587 3617 2645 febris

2029 2695 2278 2744 amentes
2334 2687 2513 2744 fecit?
2557 2689 2694 2760 quid
2744 2697 2966 2759 tempus
3017 2683 3157 2742 illud
3205 2689 3522 2754 exspectas,
3560 2680 3616 2735 in

2030 2793 2142 2851 quo
2171 2795 2315 2852 saepe
2347 2796 2418 2838 ue
2460 2780 2695 2839 rationis
2734 2781 2960 2853 quidem
2992 2792 3224 2851 compos
3275 2776 3498 2832 futurus
3522 2785 3627 2842 es?

345 2878 491 2949 ρεία,
524 2875 620 2929 καὶ
658 2876 688 2929 ὀ
736 2871 947 2945 βοηθῶν
977 2871 1238 2942 οὐδαμοῦ,
1285 2873 1383 2926 καί
1434 2873 1463 2925 ὁ
1501 2873 1809 2946 ἐφεδρεύων
1852 2874 1931 2947 τῷ

346 2968 534 3042 κλήρῳ
557 2967 797 3039 ἕτοιμος.
828 2966 1015 3021 Πάντα
1036 2965 1174 3037 πρὸς
1208 2965 1268 3019 τὸ
1305 2964 1503 3020 ἑαυτοῦ
1537 2965 1760 3038 δόκιμον
1791 2985 1928 3040 χρη·

347 3063 583 3133 σάμενος
628 3060 891 3134 άπρακτά
933 3077 1026 3115 σου
1069 3059 1141 3114 τὰ
1182 3058 1527 3131 βουλεύματα
1566 3059 1753 3116 ποιῶν.
1797 3057 1930 3116 Εἶτα

2054 3067 2162 3116 teat
2188 3068 2391 3130 praesto
2418 3067 2525 3129 est,
2559 3059 2771 3132 quique
2812 3058 2998 3116 omnia
3029 3058 3098 3114 ad
3130 3056 3427 3114 utilitatem
3469 3068 3628 3110 suam

347 3152 820 3226 περιϐλεψάμενος
841 3147 943 3207 ὧδε
974 3153 1072 3208 καὶ
1091 3142 1216 3217 ὦδε,
1244 3153 1340 3208 καὶ
1366 3151 1490 3206 ίδὼν
1510 3158 1608 3222 τὴν
1632 3155 1934 3226 περιεστῶ-

2054 3151 2413 3220 tdministret,
2446 3161 2501 3210 et
2551 3154 2710 3209 irrita
2748 3152 2986 3209 consilia
3019 3159 3113 3209 tua
3147 3150 3360 3208 reddat.
3396 3150 3476 3204 Ac
3510 3156 3627 3203 tum

352 3245 453 3300 σάν
484 3261 545 3298 σε
585 3243 844 3316 ἐρημίαν,
872 3245 995 3298 τότε
1032 3242 1270 3315 αἰσθήσῃ
1321 3242 1424 3314 τῆς
1484 3243 1767 3308 ἀϐουλίας,
1809 3245 1933 3302 τότε

2054 3258 2148 3299 auc
2179 3243 2426 3316 illucque
2455 3245 2936 3317 circumspiciens,
2963 3260 3186 3317 quaque
3219 3244 3274 3300 in
3325 3240 3630 3299 solitudine

354 3332 634 3399 στενάξεις
661 3332 764 3406 τὴν
798 3333 1003 3396 ἄνοιαν,
1035 3333 1116 3397 είς
1144 3327 1256 3386 οἷον
1286 3333 1478 3405 καιρὸν
1508 3333 1802 3405 ἐταμιεύου
1837 3335 1940 3406 τὴν

2054 3335 2284 3393 terseris
2309 3336 2555 3402 intuens,
2598 3352 2764 3410 quam
2798 3338 2942 3394 male
2975 3335 3072 3393 tibi
3125 3333 3476 3393 consulueris
3503 3347 3630 3389 sen-

352 3423 609 3496 ἐντολήνο
653 3423 743 3479 ὅτε
789 3425 823 3496 ἡ
871 3424 970 3496 μὲν
1017 3423 1240 3494 γλῶσσα
1307 3427 1654 3496 παρείται,η
1702 3426 1760 3481 δὲ
1816 3427 1941 3498 χεὶρ

2054 3426 2172 3495 lies,
2198 3436 2362 3498 atque
2395 3428 2695 3483 amentiam
2727 3434 2875 3484 tuam
2907 3427 3254 3500 deplorabis,
3278 3426 3374 3497 qui
3419 3423 3472 3480 in
3523 3425 3631 3480 talo

354 3512 665 3586 ὑπότρομος
700 3514 799 3587 ἤδη
837 3514 1170 3587 κλονουμένη
1197 3518 1320 3580 ταῖς
1353 3516 1662 3584 συνολκαῖς,
1688 3520 1766 3582 ὼς
1799 3522 1940 3592 μήτε

2054 3527 2264 3589 tempus
2290 3517 2541 3573 divinum
2566 3518 2889 3574 mandatum
2925 3519 3299 3583 reservavcris
3322 3536 3338 3588 ;
3363 3532 3490 3573 cum
3512 3515 3629 3588 jam

355 3608 533 3677 φωνῇ,
554 3606 692 3680 μήτε
708 3607 1001 3680 γράμμασι
1017 3607 1352 3680 διασημᾶναι
1368 3608 1467 3680 τὴν
1482 3609 1730 3681 γνώμην.
1751 3611 1946 3667 Καίτοι

2054 3617 2098 3665 et
2119 3608 2306 3682 lingua
2325 3609 2525 3676 fracta,
2549 3617 2606 3666 et
2627 3609 2979 3682 languida,et
3001 3625 3197 3667 manus
3219 3609 3454 3666 tremula
3487 3608 3590 3664 erit
3615 3626 3628 3662 ι

355 3699 410 3752 εί
449 3699 544 3752 καὶ
569 3699 747 3755 πάντα
782 3699 1034 3772 φανερῶς
1084 3699 1424 3772 ἐγέγραπτο,
1465 3702 1561 3754 καὶ
1598 3703 1750 3755 πᾶσα
1792 3704 1946 3776 φωνὴ

2054 3712 2241 3773 utpote
2275 3703 2485 3760 crebris
2523 3703 3006 3760 contractionibus
3053 3704 3284 3775 agitata,
3315 3704 3395 3758 ita
3439 3709 3498 3757 ut
3529 3714 3634 3754 nec

355 3790 658 3864 διαρρήδην
692 3794 1027 3868 κεκήρυκτο,
1072 3791 1132 3848 ἓν
1176 3793 1414 3865 γράμμα
1458 3793 1788 3866 παρεντεθὲν
1831 3797 1948 3850 ίκα·

2054 3810 2207 3860 voce,
2241 3809 2346 3850 nec
2369 3795 2579 3865 scripto
2613 3795 2956 3852 voluntatem
2991 3808 3146 3851 tuam
3196 3793 3393 3851 eﬂerre
3437 3807 3634 3864 queas.

362 3883 454 3939 νὺν
477 3881 545 3959 ἦν
580 3888 761 3943 πᾶσαν
794 3888 1162 3960 μεταποιῆσαι
1187 3886 1557 3971 τὴν-γνώμην.

2054 3888 2378 3959 Quanquam
2407 3879 2628 3945 etiamsi
2657 3888 2847 3944 omnia
2874 3891 3169 3962 perspicue
3190 3889 3396 3960 scripta
3426 3895 3637 3951 essent,

363 3989 431 4032 ac
470 3993 631 4036 voces
669 3994 864 4036 omnes
916 3988 1105 4052 aperte
1150 3979 1542 4052 pronuntiatae,
1582 3988 1824 4039 attamen
1862 3983 1948 4038 vei
1995 3982 2162 4040 unius
2196 3982 2394 4038 litterae
2427 3982 2744 4055 interiectio
2765 3983 2870 4039 toti
2919 3983 3214 4042 sententia:
3279 3992 3387 4040 tuae
3437 3983 3640 4040 immu-

2029 2874 2149 2931 Nox
2182 2873 2475 2946 profunda,
2538 2873 2772 2930 morbus
2809 2873 3016 2946 gravis,
3066 2879 3122 2928 et
3157 2870 3252 2942 qui
3299 2869 3401 2925 tibi
3462 2881 3622 2938 opem

2031 2965 2199 3032 ferat,
2249 2979 2527 3036 nusquam
2552 2971 2678 3034 est;
2718 2966 2813 3036 qui
2843 2971 3029 3020 autem
3079 2959 3387 3018 luereditati
3442 2957 3627 3014 immi-

363 4069 543 4125 tandre
575 4067 852 4126 subiciens
870 4069 1031 4126 foret.

435 4159 567 4219 Οἶδα
612 4163 842 4228 πολλοὺς
870 4166 1248 4238 νηστεύοντας,
1282 4169 1776 4241 προσευχομένους,
1819 4188 1943 4224 στε-
1984 4145 2070 4163 *ι

360 4260 652 4326 νάζοντας,
678 4259 858 4313 πᾶσαν
880 4259 979 4331 τὴν
1011 4259 1286 4316 ἀδάπανον
1320 4261 1609 4318 εὐλάϐειαν
1639 4264 1946 4318 ἐπιδεικνυ-

364 4354 584 4426 μένους,
609 4350 804 4420 ζόὸολδν
831 4351 889 4404 δὲ
917 4351 1013 4406 ἕνα
1043 4353 1119 4424 μὴ
1155 4353 1518 4426 προϊεμένους
1537 4356 1650 4418 τοῖς
1693 4355 1946 4426 θλιϐομέ-

2125 4163 2266 4221 Ibid.
2287 4200 2349 4209 ---
2387 4165 2586 4224 Multos
2617 4166 2743 4224 novi
2771 4164 3112 4239 jejunantes,
3137 4174 3383 4234 orantes,
3415 4183 3640 4239 gemen-

2053 4264 2158 4322 tes,
2189 4270 2353 4314 oume
2385 4256 2625 4329 denique
2673 4265 2899 4330 sumptu
2932 4271 3164 4314 vacuum
3196 4273 3372 4330 genus
3415 4260 3641 4328 pietatis

2056 4364 2167 4421 prae
2198 4364 2257 4407 se
2287 4349 2570 4418 ferentes,
2597 4351 2693 4423 qui
2725 4367 2794 4407 ne
2822 4365 2992 4407 unum
3025 4349 3249 4422 quidem
3286 4352 3509 4407 obolum
3539 4368 3642 4423 op-

368 4462 497 4510 ⁸θοις.
547 4443 612 4498 Τί
651 4442 842 4514 ὄφελος
872 4445 1083 4511 τούτοις
1115 4445 1216 4517 τῆς
1259 4446 1452 4518 λοιπῆς
1488 4448 1690 4520 ἀρετῆς
1703 4464 1722 4512 ;
1751 4449 1813 4503 ού
1840 4448 1949 4522 γὰρ

2057 4444 2266 4513 pressis
2297 4444 2654 4517 projicerent.
2679 4444 2776 4502 His
2799 4461 2966 4518 porro
2987 4445 3120 4517 quid
3143 4446 3361 4502 tandem
3385 4445 3644 4504 utilitatis

365 4537 741 4611 παραδέχεται
773 4538 970 4603 αὐτοὺς
1001 4540 1036 4610 ἡ
1071 4539 1322 4609 βασιλεία
1351 4541 1461 4595 τῶν
1495 4541 1764 4614 οὐρανῶν.

444 4712 699 4784 Πώλησόν
733 4732 825 4768 σου
855 4715 922 4769 τά
955 4715 1287 4789 ὑπάρχοντα,
1318 4716 1412 4770 καὶ
1438 4717 1528 4782 δὸς
1571 4718 1828 4788 πτωχοῖς,
1870 4717 1959 4770 ἴνα

373 4804 504 4880 ἔχῃς
535 4807 745 4877 ἐφόδιον
800 4808 936 4880 πρὸς
967 4810 1193 4864 αἰωνίαν
1230 4810 1549 4866 ἀπόλαυσιν.
1589 4811 1831 4884 Ἀπέρχῃ
1865 4811 1959 4865 λυ·-

377 4899 686 4970 πούμενος;
743 4901 868 4955 Ἐάν
914 4902 969 4955 δὲ
1011 4901 1272 4975 ἀκούσῃς,
1302 4903 1400 4967 Δὸς
1438 4905 1700 4975 χρήματα
1745 4904 1960 4974 γυναιξὶ

378 4990 686 5064 χλιδῶσαις,
733 4992 822 5057 δὸς
858 4993 1142 5058 λιθοξόοις,
1182 4995 1422 5060 τέκτοσι,
1462 4993 1824 5066 ψηφοθέταις,
1856 4996 1961 5061 (tu-

378 5086 629 5158 γράφοις,
660 5085 867 5158 χαίρεις
897 5087 973 5151 ὼς
1000 5087 1064 5158 δή
1096 5105 1147 5141 τι
1174 5088 1475 5160 χρημάτων
1507 5087 1833 5161 τιμιώτερον
1865 5107 1963 5143 κα·

375 5176 745 5250 τακτώμενος.
771 5177 884 5250 Οὐχ
899 5178 1030 5249 δρᾷς
1057 5177 1183 5243 τοὺς
1206 5177 1417 5249 τοίχους
1445 5177 1687 5248 τούτους,
1704 5179 1832 5244 τοὺς
1859 5177 1965 5234 ύπὺ

379 5269 478 5324 τοῦ
531 5269 726 5341 χρόνου
758 5269 1194 5343 καταρῤυέντας,
1252 5263 1328 5325 ὧν
1377 5270 1446 5324 τά
1491 5270 1721 5342 λείψανα
1771 5269 1963 5342 ὥσπερ

384 5362 641 5416 σκόπελοί
664 5379 811 5426 τινες
843 5363 933 5419 διὰ
946 5364 1045 5436 τῆς
1079 5364 1286 5428 πόλεως
1313 5363 1496 5431 πάσης
1523 5363 1818 5436 ἀνέχουσι;
1858 5362 1966 5418 Πό-

384 5475 470 5512 σοι
500 5454 642 5529 ἦσαν
671 5456 816 5513 κατά
854 5458 954 5528 τὴν
1006 5458 1163 5513 πόλιν
1216 5458 1448 5532 πένητες
1499 5459 1708 5514 τούτων
1757 5460 1968 5530 ἐγειρο-

389 5552 589 5624 μένων,
622 5551 672 5605 οἳ
707 5551 795 5606 διά
823 5550 923 5624 τὴν
945 5553 1075 5620 περὶ
1100 5552 1272 5607 ταῦτα
1300 5552 1553 5625 σπουδὴν,
1586 5553 1693 5606 ὑπὸ
1712 5551 1820 5606 τῶν
1847 5553 1969 5608 τότε

386 5643 663 5699 πλουσίων
697 5645 1100 5717 παρεωρῶντο;
1145 5647 1254 5700 Ποῦ
1300 5645 1480 5699 τοίνυν
1513 5648 1546 5720 η
1592 5645 1823 5718 λαμπρά
1859 5646 1968 5700 τῶν

390 5742 568 5815 ἔργων
593 5743 946 5815 κατασκευή;
975 5743 1078 5797 ποῦ
1104 5743 1160 5796 δὲ
1192 5745 1220 5798 ὁ
1246 5743 1338 5798 ἐπὶ
1359 5741 1564 5796 τούτων
1597 5741 1971 5815 μεγαλουργίᾳ

390 5835 758 5911 ζηλούμενοςς
801 5839 876 5894 Ού
923 5838 989 5894 τά
1035 5840 1134 5912 μὲν
1165 5839 1496 5912 συγκέχυται
1528 5841 1620 5895 καί
1655 5839 1968 5911 ἠφάνισται.

2061 4534 2260 4591 aﬂ‘erre
2309 4536 2538 4606 reliquae
2583 4536 2820 4592 virtutes
2868 4544 3101 4607 queant,
3129 4551 3254 4592 cum
3285 4551 3380 4593 eos
3411 4553 3654 4609 regnum.

2060 4625 2326 4682 caelorum
2369 4628 2792 4701 haudquaquam
2832 4627 3119 4685 admittat?

2135 4719 2280 4775 Ibid.
2311 4751 2384 4764 --
2413 4723 2602 4779 Vende
2635 4739 2759 4794 qua:
2795 4721 2988 4787 habes,
3016 4729 3071 4778 et
3101 4721 3170 4777 da
3203 4723 3557 4795 pauperibus.
3585 4731 3650 4777 ut

2066 4810 2133 4866 ad
2162 4820 2423 4868 aeternam
2456 4813 2792 4884 voluptatem
2830 4797 3092 4868 viaticum
3132 4825 3509 4886 comparatum
3548 4813 3648 4867 ha-

2065 4908 2218 4964 beas.
2254 4905 2485 4963 Mmstus
2523 4906 2813 4963 abscedis?
2846 4905 2904 4962 Si
2940 4915 3123 4963 autem
3152 4907 3419 4972 audieris,
3446 4907 3514 4961 da
3553 4922 3647 4977 pe—

2066 5000 2264 5056 cunias
2327 4999 2654 5055 mulieribus
2708 4997 2764 5053 in
2820 4999 3010 5054 luxum
3042 4991 3258 5066 eﬂtisis,
3285 4998 3355 5053 da
3401 4998 3665 5065 latomis,.

2069 5090 2263 5159 fabris,
2297 5090 2636 5158 calcuiariis,
2663 5090 3008 5162 pictoribus;
3058 5090 3290 5162 gaudes,
3325 5089 3554 5162 perinde
3582 5104 3647 5144 ac

2070 5183 2118 5240 si
2172 5181 2524 5255 praestantius
2580 5184 2832 5254 pecuniis
2879 5182 3178 5255 quidquam
3235 5181 3649 5256 acquiras.Vi-

2072 5275 2240 5334 desne
2298 5276 2538 5349 parietes
2580 5275 2719 5333 istos
2755 5284 3032 5333 vetustate
3071 5277 3374 5350 collapsos,
3409 5293 3648 5350 quorum

2073 5371 2342 5442 reliquiae,
2379 5378 2644 5442 tanquam
2702 5370 2917 5441 scopuli
2964 5371 3228 5444 quidam,
3278 5373 3485 5444 passim
3539 5379 3652 5427 tota

2072 5464 2211 5520 urbe
2244 5462 2597 5535 prominent?
2633 5460 2911 5530 Quotnam
2953 5463 3009 5518 in
3045 5463 3205 5532 urbe,
3251 5479 3376 5520 cum
3409 5461 3448 5517 ii
3477 5464 3654 5534 erige-

2073 5556 2298 5624 bantur,
2355 5571 2624 5628 pauperes
2657 5563 2840 5623 erant,
2901 5572 3043 5628 quos
3096 5559 3444 5628 tempestatis
3505 5557 3656 5612 illius

2074 5648 2275 5706 divites
2307 5647 2380 5704 ob
2420 5647 2738 5720 bujusmodi
2772 5664 2958 5705 rerum
3002 5648 3248 5706 studium
3282 5647 3656 5720 aspernaban—

2077 5745 2204 5800 tur?
2232 5742 2470 5800 Ubinam
2511 5742 2680 5815 igitur
2719 5749 2805 5799 est
2834 5743 3096 5815 ιιι-κοιίλη
3127 5743 3217 5799 illa
3251 5758 3478 5815 operum
3508 5753 3660 5797 Sim-

2079 5839 2273 5896 ctura?
2310 5837 2402 5896 ubi
2435 5837 2548 5901 ilic.
2587 5837 2678 5912 qui
2728 5849 2949 5912 prepter
2981 5855 3102 5902 eam
3132 5854 3359 5920 operum
3401 5836 3655 5910 magniﬁo
