4014 6302
537 343 671 411 1435

1723 338 1784 398 S.
1802 333 2126 398 JOANNIS
2162 331 2598 396 DAMASCENI

3664 319 3788 383 1496

532 456 762 514 consilia
779 457 960 521 erant,
980 460 1035 509 et
1063 449 1336 523 ejusmodi
1369 463 1536 512 curae,
1573 456 1636 504 ut
1657 449 1810 504 nulla
1834 463 1895 505 se
1923 462 1992 504 ex
2022 447 2110 503 bis

2232 444 2498 518 ταρόντων
2545 442 2792 514 ἀγαθῶν,
2840 437 3203 510 ἐλεεινότερος
3240 433 3352 491 τῶν
3405 433 3792 506 προσδοκωμέ-

531 547 846 622 explicandi
875 546 1110 602 facultas
1136 551 1303 600 esset.
1346 540 1490 612 Quid
1532 541 1773 598 faciam?
1799 555 1961 612 quem
1999 553 2111 595 non

532 643 792 699 misereat
821 638 1064 696 hominis
1095 653 1225 695 vere
1272 635 1494 692 miseria
1523 635 1917 692 circumsessi?
1949 633 2115 690 Miser

532 743 617 792 est
651 735 799 792 enim
829 734 1057 789 nomine
1096 728 1455 796 fertilitatis;
1518 728 1851 784 miserabilis
1887 737 2116 800 propter

535 828 863 901 praesentia,
924 827 1024 884 sed
1076 824 1444 882 miserabilior
1494 832 1720 894 propter
1772 830 2109 893 exspectata.

533 923 725 981 Nullos
754 923 900 980 enim
925 921 975 978 ei
1011 920 1174 977 tellus
1197 919 1412 976 reditus
1439 932 1572 975 suos
1601 915 1829 988 profert,
1862 923 1918 970 at
1943 916 2115 987 gemi-

534 1026 625 1073 tus
686 1014 922 1088 proinde
977 1013 1155 1070 eidem
1215 1012 1520 1084 ingenerat.
1596 1011 1717 1068 Non
1775 1011 2112 1068 uberrimam

535 1109 757 1179 frugum
801 1106 1015 1178 copiam
1068 1103 1300 1174 colligit,
1353 1113 1409 1157 at
1441 1103 1604 1174 plane
1647 1102 1869 1174 quidem
1923 1115 2113 1168 curas,

534 1201 845 1266 molestias,
878 1213 1212 1272 gravemque
1263 1197 1435 1252 animi
1499 1198 1854 1254 anxietatem.
1909 1195 2116 1252 Eodem

534 1311 647 1367 quo
708 1309 978 1367 pauperes
1036 1292 1202 1349 modo
1263 1291 1617 1348 lamentatur.
1680 1290 1764 1345 An
1809 1306 1921 1345 non
1969 1289 2115 1346 enim

535 1389 786 1447 eamdem
838 1403 1063 1459 quoque
1101 1387 1191 1442 ille
1221 1401 1411 1442 vocem
1469 1384 1692 1450 emittit,
1729 1383 1824 1456 qui
1876 1390 2120 1455 egestate

537 1482 842 1556 premitur?
870 1480 1012 1550 Quid
1046 1479 1287 1536 faciam?
1317 1479 1466 1536 unde
1513 1479 1797 1546 alimenta,
1833 1477 1978 1534 unde
2030 1478 2118 1532 in-

537 1577 797 1633 dumenta
845 1573 1178 1645 suppetent!
1236 1570 1438 1630 Iisdem
1485 1586 1709 1643 quoque
1744 1570 1898 1627 dives
1933 1571 2120 1626 verbis

537 1667 733 1733 utitur,
758 1666 926 1724 corde
966 1665 1361 1730 discruciatur,
1395 1680 1598 1721 exesus
1630 1679 1660 1719 a
1697 1677 1829 1720 cura
1870 1670 1925 1719 et
1969 1662 2123 1719 solli-

2213 559 2339 597 νων.
2362 539 2457 612 Μὴ
2480 538 2587 610 γὰρ
2611 535 2904 610 προσόδους
2927 533 3075 605 αὐτῷ
3096 532 3254 605 φέρει
3281 532 3317 603 ἠ
3342 530 3436 600 γῆς
3455 528 3793 596 «eventui-ﬁ“

2214 631 2365 705 αὐτῷ
2394 631 2540 703 φύει.
2563 630 2655 702 Μή
2672 631 2782 701 γάρ
2807 625 3039 698 καρπῶν
3057 622 3319 694 εὐφορίαν
3343 619 3566 687 συνάγει
3589 636 3605 684 ;
3633 633 3792 686 φρον-

2215 727 2389 790 τίδας,
2420 725 2517 778 καὶ
2563 720 2765 786 λύπας,
2815 718 2912 773 καὶ
2961 715 3276 786 ἀμηχανίαν
3329 712 3532 782 δεινήν.
3596 709 3799 781 Ὅμοια

2218 820 2330 884 τοῖς
2362 815 2682 888 πενομένοις
2727 811 3002 884 ὀδύρεται.
3037 808 3109 862 Ἦ
3162 806 3285 877 οὐχὶ
3339 803 3548 868 ταύτην
3601 800 3800 870 ἀφίησι

2214 912 2316 986 τήν
2367 910 2552 982 φωνὴν
2579 908 2674 963 καὶ
2716 907 2748 960 ὀ
2798 905 2888 960 διά
2919 901 3112 957 πενίαν
3154 896 3673 968 στενοχωρούμενος
3702 893 3784 960 ;’ί“
3790 893 3805 944 ί

2217 985 2466 1076 ποιήσως
2491 999 2656 1056 πόθεν
2680 996 2912 1070 τροφαί;
2944 992 3112 1049 πόθεν
3141 991 3416 1061 ἐνδύματα
3439 1005 3455 1055 ;
3491 986 3688 1041 Ταῦτα
3716 985 3807 1037 καὶ

2215 1100 2245 1155 ὁ
2282 1096 2540 1160 πλούσιος
2569 1092 2888 1164 φθέγγεται.
2950 1087 3239 1142 Ὀδυνᾶται
3283 1083 3386 1156 τὴν
3429 1080 3672 1152 καρδίαν
3708 1077 3808 1130 ὑπὸ

2218 1192 2318 1262 τῆς
2371 1187 2647 1262 μερίμνης
2691 1180 3086 1252 διεσθιόμενος.
3131 1175 3202 1234 ’0
3260 1176 3371 1248 γάρ
3418 1174 3550 1237 τοὺς
3612 1171 3807 1234 ἄλλους

2219 1280 2522 1353 εὐφραίνει,
2545 1275 2704 1331 τοῦτο
2719 1275 2877 1347 τήκει
2892 1272 2981 1327 τὸν
3011 1267 3361 1338 πλεονέκτην.
3387 1264 3464 1319 Οὐ
3493 1264 3608 1334 γὰρ
3632 1263 3813 1333 χαίρει

2221 1375 2440 1431 πάντων
2501 1370 2650 1442 αὐτῷ
2723 1365 3175 1439 πεπληρωμένων
3246 1359 3359 1414 τῶν
3430 1357 3608 1421 ἔνδον,
3678 1355 3812 1408 ἀλλὰ

2221 1471 2410 1525 νύσσει
2461 1465 2560 1539 τὴν
2611 1462 2791 1536 ψυχὴν
2852 1458 3017 1516 αὐτοῦ
3088 1453 3396 1528 περιρρέων
3453 1452 3485 1506 δ
3552 1448 3815 1510 πλοῦτος,

2224 1563 2322 1619 καὶ
2376 1560 2487 1615 τῶν
2523 1557 2792 1630 ταμιείων
2837 1551 3266 1626 ύπερχεὸμενος,
3298 1548 3484 1620 μήπου
3531 1544 3633 1599 καὶ
3680 1542 3817 1610 πρὸς

2222 1656 2350 1712 τοὺς
2382 1651 2580 1719 ἔξωθεν
2616 1647 2952 1722 παρακύψας
3009 1641 3218 1703 ἀγαθοῦ
3269 1653 3414 1700 τινος
3439 1634 3680 1709 ἀφορμὴ
3707 1638 3819 1695 τοῖς

543 1728 809 1816 eitudine.
837 1757 974 1813 Nam
1030 1757 1177 1830 quod
1230 1728 1356 1813 aliis
1386 1756 1725 1827 voluptatem
1777 1752 1958 1817 all‘ert,
2017 1754 2123 1810 hoc.

2232 1749 2432 1805 ὲνδεέσι
2482 1746 2732 1816 γένηται.
2774 1745 2884 1797 Και
2921 1758 3012 1811 μοι
3045 1739 3196 1793 δοκεῖ
3225 1734 3287 1790 τδ
3321 1733 3495 1796 πάθος
3518 1728 3697 1786 αὑτοῦ
3723 1729 3823 1798 τῆς

539 1867 770 1908 avarum
816 1852 1061 1909 conlicit.
1111 1849 1233 1906 Non
1299 1849 1446 1905 enim
1508 1848 1596 1904 hic
1636 1849 1823 1904 laetitia
1868 1847 2123 1912 aliieitur,

2232 1844 2406 1918 Ψυχῆς
2434 1841 2513 1914 τῷ
2541 1841 2651 1894 τῶν
2683 1837 3116 1910 γαστριμάργων
3146 1829 3552 1905 προσεοικέναι,
3584 1827 3642 1880 οἳ
3665 1825 3823 1918 διαρ-

540 1945 690 2016 quod
716 1945 865 2002 intus
899 1943 1097 2001 domus
1125 1950 1239 1999 tota
1268 1943 1426 2014 plena
1471 1942 1573 2007 sit;
1603 1942 1698 1998 sed
1748 1949 1975 2013 propter
2009 1941 2124 1996 eir-

542 2035 980 2101 cumellluentes,
1031 2045 1086 2091 et
1133 2036 1275 2091 ultra
1324 2049 1487 2106 quam
1527 2034 1724 2090 horrea
1791 2035 1993 2098 ferant,
2035 2047 2124 2088 re-

546 2135 887 2205 gurgitantes
918 2147 1049 2205 opes
1076 2133 1292 2189 animus
1323 2131 1502 2202 ipsius
1529 2131 1806 2198 laniatur;
1833 2131 1884 2185 id
1915 2130 2128 2186 scilicet

545 2227 705 2300 491
754 2234 1030 2292 metuens,
1081 2240 1151 2280 ne
1207 2223 1277 2279 ad
1338 2232 1600 2279 externos
1637 2222 1920 2278 interdum
1969 2235 2125 2277 ema-

547 2329 768 2386 nantes,
822 2319 1124 2374 utilitatem
1162 2317 1454 2390 egentibus
1501 2315 1746 2388 aliquam
1793 2313 2123 2372 concilient.

546 2419 627 2468 Ae
659 2411 795 2467 mibi
834 2411 1033 2466 animae
1067 2412 1190 2482 ejus
1236 2409 1494 2474 affectus,
1549 2408 1865 2465 helluonum
1903 2405 2124 2463 illorum

549 2505 768 2562 all‘ectui
820 2505 1095 2562 absimilis
1140 2519 1268 2562 esse
1313 2519 1425 2559 non
1475 2501 1722 2569 videtur,
1752 2499 1846 2572 qui
1883 2498 2128 2571 ingluvie

547 2596 821 2669 disrumpi
855 2596 1094 2665 malunt,
1127 2613 1294 2670 quam
1330 2595 1694 2668 reliquiarum
1725 2593 1937 2664 aliquid
1967 2608 2130 2664 egen-

548 2691 696 2748 tibus
726 2705 979 2760 erogare.
1017 2687 1158 2745 Eum
1211 2688 1419 2762 cogita,
1467 2703 1502 2743 o
1553 2687 1742 2751 homo,
1778 2685 1873 2757 qui
1929 2699 1993 2740 ea
2025 2683 2126 2741 tibi

547 2783 747 2852 dedit;
786 2780 1092 2840 recordare
1144 2781 1405 2852 quisnam
1440 2779 1559 2851 ipse
1594 2778 1696 2846 sis,
1726 2777 1860 2849 quid
1892 2773 2131 2834 admini-

548 2891 711 2945 stres,
738 2890 1035 2949 aquonam
1080 2873 1387 2946 acceperis,
1423 2887 1586 2945 quam
1621 2871 1692 2928 ob
1721 2885 1947 2927 causam
1987 2865 2132 2923 mul-

547 2971 623 3027 tis
647 2969 727 3027 sis
758 2969 1042 3041 praelatus.
1080 2966 1176 3023 Dei
1213 2966 1470 3022 minister
1501 2963 1730 3021 eﬂectus
1776 2977 1857 3030 es,
1896 2976 2128 3018 conser-

547 3076 746 3118 vorum
784 3059 1140 3116 administer.
1171 3058 1297 3114 Noli
1337 3063 1541 3129 putare
1587 3055 1776 3112 omnia
1813 3054 1995 3110 ventri
2033 3061 2130 3110 tuo

2229 1917 2467 2010 ραγῆναι
2502 1934 2703 2006 μᾶλλον
2747 1932 2852 1985 ὑπὸ
2902 1925 3238 1999 λαιμαργίας
3300 1920 3613 1992 αἱροῦνται,
3647 1918 3683 1989 ἦ
3718 1917 3828 1969 τῶν

2225 2031 2498 2103 λειψάνων
2535 2023 2859 2099 μεταδοῦναι
2889 2023 3003 2086 τοῖς
3030 2018 3260 2074 ὲνδεέσι.
3303 2015 3492 2080 Σύνες,
3527 2011 3824 2082 ἄνθρωπε,

2225 2123 2323 2180 τοῦ
2369 2122 2664 2186 δεδωκότος
2695 2138 2709 2154 ι
2749 2117 3022 2192 μνήσθητι
3069 2109 3300 2170 σεαυτοῦ
3349 2110 3433 2175 τίς
3459 2104 3512 2164 εἷ
3539 2124 3552 2137 ·
3587 2107 3650 2160 τί
3681 2109 3832 2160 οἰκο-

2228 2220 2453 2289 νομεῖςο
2512 2215 2664 2287 παρά
2723 2212 2874 2274 τίνος
2925 2209 3117 2271 ἔλαϐες
3142 2225 3156 2240 ο
3195 2205 3283 2261 διά
3314 2205 3366 2258 τί
3427 2203 3541 2257 τῶν
3603 2199 3834 2254 πολλῶν

2227 2310 2591 2388 προεκρίθης.
2630 2304 2868 2376 Ἀγαθοῦ
2917 2301 3056 2358 Θεοῦ
3097 2300 3334 2370 γέγονας
3391 2294 3712 2368 ὑπηρέτης,
3751 2295 3831 2347 οξ-

2228 2387 2459 2478 κονόμος
2488 2403 2597 2458 τῶν
2628 2399 2958 2474 ὁμοδούλων.
2999 2396 3094 2467 Μὴ
3125 2395 3303 2450 πάντα
3362 2390 3477 2445 οἵου
3514 2392 3580 2460 τῇ
3614 2387 3834 2457 γαστρὶ

2226 2504 2294 2574 τῇ
2335 2503 2403 2573 σῇ
2441 2495 2914 2572 παρεσκευάσθαι.
2954 2491 3169 2562 Ὠσπερ
3211 2486 3510 2558 ἀλλοτρίων
3556 2480 3835 2574 βουλεύου

2226 2571 2338 2651 τῶν
2377 2571 2437 2650 έν
2479 2571 2663 2666 χερσί.
2717 2587 2938 2660 Μικρὸν
2993 2583 3278 2656 εὐφραίνει
3321 2597 3384 2635 σε
3422 2577 3652 2651 χρόνον,
3709 2571 3836 2630 εἶτα

2229 2687 2562 2763 διαῤῥυέντα
2628 2685 2915 2756 οίχήσεται
2945 2721 2963 2748 ,
3022 2678 3116 2733 τὸν
3169 2676 3227 2730 δὲ
3273 2674 3364 2728 ἐπ’
3413 2672 3604 2735 αὐτοῖς

2229 2759 2588 2850 ἀπαίτηθήσῃ
2620 2764 2763 2846 μετά
2811 2769 3130 2844 ἀκριϐείας.
3165 2769 3238 2822 Σὺ
3267 2766 3326 2821 δὲ
3356 2765 3538 2819 πάντα
3557 2759 3709 2834 ὁμοῦ
3732 2759 3836 2813 05-

2233 2892 2357 2949 ραις
2390 2872 2486 2927 καὶ
2514 2869 2736 2942 μοχλοῖς
2763 2864 3164 2927 ἰναποκλείσας
3191 2861 3361 2934 ἔχεις,
3382 2857 3477 2914 καὶ
3503 2855 3838 2949 καταδήσας

2232 2948 2530 3041 σφραγῖσιν
2565 2963 2932 3035 έναγρυπνεϊς
2959 2960 3082 3024 ταῖς
3118 2955 3431 3028 μερίμναις,
3464 2952 3563 3006 καί
3585 2948 3837 3020 βουλεύῃ

2233 3061 2382 3118 κατὰ
2411 3058 2630 3126 σαυτὸν,
2649 3057 2847 3130 ἄφρονι
2881 3050 3178 3125 συμϐούλῳ
3207 3045 3421 3118 σεαυτῷ
3452 3042 3837 3116 κεχρημένος,

549 3165 743 3227 parata
802 3168 951 3211 esse.
1005 3152 1082 3210 De
1131 3153 1203 3210 iis
1250 3166 1374 3224 quae
1426 3151 1483 3207 in
1526 3149 1787 3206 manibus
1819 3148 1930 3204 tuis
1971 3155 2129 3213 sunt,

2233 3155 2298 3212 Τί
2328 3154 2568 3226 ποιήσιος
2631 3152 2854 3221 ἕτοιμον
2901 3142 2971 3219 ἦν
2993 3145 3191 3210 εἰπεῖν,
3248 3141 3330 3196 ὅτι
3366 3137 3683 3232 Ἐμπλήσω
3739 3133 3842 3232 τάς

550 3259 812 3319 tanquam
868 3245 937 3304 de
984 3245 1184 3303 alienis
1231 3244 1536 3302 consilium
1573 3243 1735 3300 habe.
1767 3240 2129 3314 Aliquantum

550 3340 821 3413 temporis
874 3348 929 3396 te
987 3339 1295 3403 oblectant,
1345 3345 1400 3394 et
1441 3336 1672 3407 postltac
1713 3334 2032 3391 dilabeutur
2076 3340 2132 3388 et

551 3436 862 3491 interibunt
895 3455 910 3490 :
958 3448 1154 3492 eorum
1195 3444 1378 3490 autem
1415 3431 1559 3488 ratio
1598 3430 1699 3486 abs
1740 3437 1792 3486 te
1836 3429 2132 3501 diligenter

553 3530 826 3603 exigetur.
861 3530 931 3585 At
954 3535 1015 3586 tu
1047 3529 1233 3586 omnia
1263 3527 1450 3599 ianuis
1502 3534 1558 3582 et
1595 3524 1881 3598 repagulis
1913 3523 2132 3581 inclusa

553 3634 732 3692 tenes,
781 3625 962 3696 iisque
995 3623 1180 3695 sigillo
1207 3637 1306 3680 seu
1352 3622 1576 3678 vinculo
1616 3621 1857 3693 quodam
1886 3619 2136 3695 constri-

555 3722 685 3787 ctis,
736 3719 891 3777 curis
941 3718 1224 3791 invigilas,
1274 3732 1341 3774 ae
1411 3725 1596 3774 tecum
1648 3716 1770 3787 ipse
1823 3713 2132 3783 deliberas,

552 3815 787 3872 stultum
833 3811 1220 3868 consiliarium
1274 3810 1518 3881 teipsum
1567 3810 1782 3865 scilicet
1837 3807 2135 3864 adhibens.

552 3904 697 3972 Quid
724 3903 967 3959 faciam?
998 3911 1314 3974 promptum
1353 3909 1474 3958 erat
1505 3900 1729 3958 dicere:
1755 3899 1985 3956 Animas
2010 3915 2136 3956 esu-

553 3998 819 4056 rientium
854 3995 1119 4068 implebo,
1156 3996 1358 4052 horrea
1387 3993 1716 4067 patefaciam
1751 4009 1895 4062 mea,
1935 4000 1991 4049 et
2015 4008 2137 4049 om-

553 4107 655 4148 nes
689 4089 873 4162 inopia
911 4089 1244 4145 laborantes
1289 4102 1602 4154 accersam;
1638 4085 1942 4157 Josephum
1977 4085 2138 4141 beni-

554 4186 783 4259 gnitatis
831 4182 1110 4257 praeconio
1161 4182 1447 4238 imitabor.
1510 4178 1719 4237 Vocem
1782 4179 2135 4252 magnificam

556 4281 908 4351 proloquar:
989 4275 1187 4333 Venite
1238 4276 1306 4331 ad
1357 4291 1450 4332 me
1499 4290 1691 4331 omnes
1745 4275 1839 4346 qui
1897 4275 2139 4346 panibus

557 4374 843 4444 indigetis,
877 4370 1132 4428 beneficii
1166 4370 1315 4442 quod
1346 4368 1614 4424 divinitus
1638 4368 1773 4423 mibi
1806 4383 2139 4424 concessum

2235 3248 2416 3321 ψυχάς
2436 3245 2550 3301 τῶν
2579 3242 2895 3300 πεινώντων
2922 3254 2938 3270 '
2979 3236 3178 3303 ἀνοίξω
3217 3234 3318 3298 τὰς
3366 3229 3692 3301 ἀποθήκας,
3745 3226 3842 3281 καὶ

2236 3343 2451 3404 πάντας
2511 3338 2731 3394 καλέσω
2789 3336 2919 3399 τοὺς
2962 3327 3546 3399 ὶνδεεῖς.Μιμήσομαι
3578 3323 3682 3377 τὸν
3726 3321 3844 3374 Ἰω-

2238 3435 2350 3510 σὴφ
2385 3433 2465 3506 τῷ
2493 3432 2595 3504 τῆς
2636 3426 3050 3501 φιλανθρωπίας
3108 3421 3454 3510 κηρύγματι.
3509 3415 3841 3510 Φθέγξομαι

2236 3505 2423 3599 φωνὴν
2440 3505 2827 3598 μεγαλόψυχον
2844 3536 2859 3551 ·
2888 3518 3045 3571 Ὅσοι
3072 3511 3389 3586 ὕστερεῖσθε
3413 3509 3623 3581 ἀρτων,
3647 3505 3842 3599 ελθετε

2237 3623 2379 3695 πρός
2411 3637 2503 3692 με,
2535 3617 2636 3689 τῆς
2666 3613 2821 3686 παρά
2867 3609 3005 3666 Θεοῦ
3046 3607 3337 3679 δεδομένης
3383 3603 3612 3695 χάριτος
3629 3598 3711 3695 τὸ
3739 3599 3844 3668 ἀρ-

2239 3714 2371 3772 κοῦν
2400 3712 2654 3775 ἕκαστος,
2679 3704 2793 3763 οῖον
2823 3709 2889 3762 ὲκ
2907 3703 3106 3761 κοινῶν
3127 3698 3342 3773 πηγῶν,
3362 3714 3427 3751 συ
3435 3715 3466 3766 μ
3480 3692 3842 3767 μεθέξοντες.

2252 3806 2392 3861 Ἀλλ’
2424 3805 2487 3859 οὐ
2517 3800 2760 3864 τοιοῦτος
2785 3797 2850 3853 σύ
2872 3816 2888 3830 ο
2925 3795 3091 3851 πόθεν
3137 3793 3214 3856 ῶς
3259 3807 3323 3859 γε
3347 3785 3677 3861 βασκαίνεις
3733 3785 3844 3845 τοῖς

2239 3901 2557 3976 ἀνθρώποις
2605 3898 2704 3969 τῆς
2747 3891 3130 3955 ἀπολαύσεως,
3182 3881 3421 3976 πονηρὸν
3447 3879 3504 3934 δὲ
3539 3876 3849 3976 βουλευτή-

2245 3972 2362 4070 ριον
2392 3997 2454 4049 ὲν
2483 3994 2551 4065 τῇ
2579 3991 2727 4062 ψυχῇ
2768 3984 3174 4057 συγκροτήσας,
3208 3972 3660 4070 φροντίζειςῄ
3693 3972 3848 4070 iam);

2245 4065 2495 4163 μεταδῷς
2529 4086 2747 4155 ἑκάστῳ
2778 4080 2850 4136 τὰ
2900 4079 3040 4152 πρὸς
3088 4073 3188 4148 τὴν
3241 4069 3457 4163 χρείαν,
3489 4065 3638 4163 ’ἀλλ’
3695 4065 3850 4163 {im-1.;

2242 4185 2426 4240 πάντα
2461 4178 2885 4248 ὑποδεξάμενος,
2933 4172 3142 4234 πάντας
3196 4168 3296 4238 τῆς
3325 4162 3420 4220 ἀπ’
3444 4159 3631 4216 αὐτῶν
3697 4159 3851 4227 ὡφε-

2241 4277 2394 4340 λείας
2415 4273 2801 4343 ἀποστερήσῃς
2824 4285 2839 4335 ;
2862 4263 3215 4337 παρέστησαν
3248 4258 3298 4312 οἱ
3323 4257 3424 4327 τὴν
3450 4251 3636 4325 ψυχὴν
3674 4254 3854 4306 ἀπαι·

2243 4370 2494 4436 τοῦντες,
2525 4366 2778 4426 κάκεῖνος
2807 4359 2938 4433 περὶ
2968 4353 3277 4430 βρωμάτων
3313 4353 3385 4422 τῇ
3411 4350 3564 4418 ψυχῇ
3590 4345 3848 4412 ἐλέγετο.

559 4477 666 4533 est,
697 4475 969 4540 quantum
1020 4464 1226 4536 cuique
1259 4463 1397 4519 satis
1433 4463 1525 4528 sit,
1557 4462 1705 4518 velut
1738 4477 1805 4518 ex
1850 4463 2130 4519 communi

2245 4462 2432 4534 Ταύτῃ
2463 4464 2529 4533 τῇ
2555 4457 2716 4514 νυκτὶ
2747 4449 3225 4525 παρελαμϐάνετυ,
3263 4445 3358 4499 καὶ
3398 4443 3482 4507 είς
3511 4442 3613 4512 ἐτη
3663 4439 3850 4493 πολλὰ

561 4531 731 4617 fonte-
767 4558 1071 4631 participes
1125 4531 1322 4613 futuri.
1376 4556 1447 4612 At
1478 4569 1536 4610 tu
1568 4573 1677 4611 non
1716 4555 1821 4611 hoc
1859 4571 1919 4612 es
1951 4557 2130 4614 animo

2243 4558 2347 4631 τὴν
2370 4531 2673 4613 ἀπόλαυσιν
2704 4546 3058 4621 ὲφαντάζετο.
3088 4538 3455 4612 Συνεχωρήθη
3720 4534 3849 4604 βου-

559 4650 842 4722 praeditus.
886 4647 988 4714 Qui
1023 4647 1206 4703 enim?
1241 4663 1365 4702 cum
1425 4662 1619 4702 eorum
1677 4645 1919 4700 fructum
1958 4646 2141 4702 homi-

560 4747 727 4802 nibus
758 4744 1049 4801 invideas:
1083 4759 1271 4798 verum
1310 4741 1626 4813 improbum
1659 4741 1848 4798 animo
1880 4751 1976 4797 tuo
2003 4755 2142 4797 con-

559 4842 748 4895 cilium
783 4839 1026 4910 agitans,
1058 4837 1110 4892 id
1143 4852 1328 4904 curas,
1367 4852 1478 4892 non
1516 4845 1575 4891 ut
1605 4835 1806 4907 cuique
1845 4850 1910 4892 ea
1942 4835 2145 4907 quibus

562 4932 773 5003 indiget
829 4932 1066 4996 tribuas,
1117 4929 1214 4986 sed
1274 4937 1335 4983 ut
1379 4928 1539 4984 bonis
1587 4928 1846 4984 omnibus
1894 4927 2045 4998 apud
2085 4935 2143 4983 te

561 5024 868 5097 congestis,
924 5039 1119 5080 omnes
1165 5038 1357 5078 eorum
1401 5021 1640 5078 utilitate
1679 5028 1733 5077 et
1761 5022 2142 5077 emolumento

562 5122 775 5192 prives.
807 5119 1012 5175 Praesto
1041 5119 1274 5174 aderant
1304 5117 1398 5189 qui
1429 5120 1667 5172 animam
1701 5117 1852 5172 illius
1879 5131 2142 5188 reposce-

563 5225 684 5270 rent
717 5232 732 5281 ;
777 5214 861 5270 illi
897 5222 1080 5269 autem
1133 5213 1202 5269 de
1234 5212 1379 5268 cibis
1419 5227 1544 5266 eum
1579 5211 1761 5266 anima
1803 5227 1904 5268 sua.
1957 5228 2143 5268 sermo

562 5292 698 5363 erat.
726 5308 839 5364 Hac
870 5316 1031 5362 nocte
1061 5306 1473 5370 assumebatur,
1502 5313 1670 5375 atque
1701 5304 1755 5359 in
1789 5320 1964 5361 annos
1998 5305 2145 5360 mul-

564 5411 653 5457 tos
686 5401 920 5457 delicias
961 5398 1064 5457 sibi
1100 5401 1283 5454 animo
1331 5398 1592 5471 fingebat.
1629 5400 1738 5469 lpsi
1787 5400 2016 5454 omnino
2047 5399 2146 5454 de-

567 5496 860 5562 liberandi,
918 5505 975 5551 ct
1029 5494 1360 5550 sententiam
1425 5509 1586 5548 suam
1650 5493 1943 5563 promendi
1996 5491 2142 5547 facta

2245 4646 2564 4711 λεύσασθαι,
2587 4644 2680 4698 καὶ
2701 4639 2947 4712 φανεράν
2971 4634 3168 4692 ἑαυτοῦ
3197 4631 3422 4703 ποιῆσαι
3447 4627 3550 4699 τὴν
3581 4625 3847 4696 γνώμην,

2247 4744 2336 4799 ἵνα
2365 4740 2524 4806 ἀξίαν
2557 4739 2656 4809 τῆς
2706 4731 3085 4808 προαιρέσεως
3120 4727 3342 4799 δέξηται
3369 4724 3470 4793 τὴν
3527 4721 3843 4785 ἀπόφασιν.

2249 4834 2419 4903 Ἀξια
2472 4833 2581 4905 γὰρ
2625 4829 3003 4899 καθαιρέσεως
3040 4821 3111 4877 τά
3155 4819 3383 4892 ταμιεῖα
3443 4810 3839 4905 τῆς-ἀδικίας.

2246 4926 2624 4983 Κατάσκαπτε
2649 4922 2771 4984 ταῖς
2821 4914 3019 4972 ἑαυτοῦ
3052 4912 3245 4986 χερσίν
3269 4909 3306 4966 ἃ
3334 4906 3523 4970 κακῶς
3545 4903 3843 4975 ᾠκοδόμηο

2251 5037 2372 5085 σας.
2404 5018 2514 5074 Λύε
2537 5015 2605 5070 τὰ
2635 5014 2958 5084 σιτοδοχεία,
3023 5008 3147 5061 ὅθεν
3200 5002 3378 5064 οὐδεὶς
3423 4995 3642 5068 ἀπῆλθέ
3712 5007 3840 5048 ποτε

2249 5110 2607 5185 παραμυθίας
2653 5104 2852 5178 τυχών.
2895 5101 3189 5172 Ἀφάνισον
3238 5094 3415 5149 πάντα
3459 5085 3614 5144 οἷκον
3642 5087 3840 5138 alaev-

2249 5178 2424 5274 εξίας
2450 5203 2689 5275 φύλακα.
2714 5195 3123 5255 Ἀποσκεύασον
3161 5191 3416 5262 ὀρόφους,
3455 5180 3686 5275 περίελε
3736 5178 3841 5232 τοξ-

2249 5318 2402 5373 χους,
2425 5297 2596 5364 δεῖξον
2626 5293 2765 5365 ἡλίῳ
2793 5292 2884 5345 τὸν
2941 5285 3293 5361 εὐρωτιῶντα
3351 5282 3515 5334 σῖτον.
3569 5274 3842 5340 Ἐξάγατε

2351 5392 2600 5464 φυλακῆς
2651 5389 2744 5443 τὸν
2782 5387 3002 5457 δέσμιον
3054 5379 3309 5440 πλοῦτον,
3354 5368 3736 5446 θριάμϐευσιον
3776 5365 3841 5418 τὰ

2253 5487 2507 5543 σκοτεινὰ
2533 5484 2627 5539 τοῦ
2662 5481 2901 5555 μαμωνᾶ
2919 5473 3263 5545 καταγώγια.

565 5599 809 5660 potestas
839 5589 963 5656 fuit,
998 5600 1060 5644 ut
1087 5589 1310 5661 dignam
1341 5589 1622 5660 proposito
1650 5555 1760 5643 suo
1803 5586 2134 5644 sententiam
2175 5585 2474 5655 acciperet.
2514 5582 2686 5651 Digna
2746 5578 2953 5649 quippe
3008 5570 3298 5627 eversione
3363 5571 3491 5618 sunt
3547 5555 3840 5630 iniustitia:

567 5683 967 5752 promptuaria.
1007 5659 1281 5736 Demolire
1312 5659 1572 5736 manibus
1605 5679 1839 5750 ipsemet
1871 5682 1980 5734 tuis
2016 5693 2137 5748 qua:
2174 5676 2315 5732 male
2342 5672 2727 5732 construxisti.
2760 5671 2887 5726 Dele
2911 5669 3109 5722 horrea
3159 5659 3307 5715 unde
3363 5669 3524 5711 nemo
3591 5664 3834 5720 unquam

571 5775 870 5830 solaminis
908 5775 1191 5845 quidpiam
1223 5782 1424 5828 nactus
1456 5772 1750 5828 abscessit.
1795 5771 2024 5826 Domum
2058 5787 2277 5826 omnem
2312 5769 2559 5826 avaritim
2590 5763 2878 5820 custodem
2921 5759 3054 5813 tolle
3081 5773 3111 5812 e
3137 5754 3339 5809 medio.
3373 5745 3636 5806 Disturba
3669 5752 3833 5803 tecta.

573 5868 752 5938 dejice
796 5869 1061 5939 parietes.
1095 5867 1454 5921 Frumentum
1492 5868 1606 5921 situ
1637 5865 1919 5921 cariosum
1951 5866 2053 5922 soli
2080 5865 2329 5921 osmnde.
2377 5863 2598 5919 Vinclas
2627 5873 2760 5931 opes
2789 5875 2817 5913 ε
2855 5867 3074 5910 carcere
3110 5845 3368 5914 extrahe;
3399 5841 3689 5900 tcncbresa
3747 5838 3830 5890 illa

579 5976 912 6018 mammona:
949 5963 1263 6018 diversoria
1296 5963 1442 6016 velut
1481 5963 1532 6016 in
1572 5964 1905 6031 triumphum
1939 5976 2174 6027 expone.
