4014 6302
333 370 470 439 1497

1613 365 1853 427 SACRA
1888 365 2353 431 PARALLELA.

3467 357 3490 420 1
3503 357 3602 421 498

397 484 499 540 Διά
523 482 583 539 σέ
618 482 715 539 καὶ
742 477 843 552 τὴν
888 478 1178 553 συμφορὰν
1234 474 1609 540 κατεδίκασεν,
1640 476 1725 529 δτι
1767 475 1905 545 ἔχων

2087 474 2275 545 Ejusd.
2332 474 2522 531 homil.
2553 474 2610 531 in
2664 476 2920 547 temporis
2974 474 3337 531 aiccilate.--
3370 470 3602 543 Propter

328 581 427 634 οίικ
477 577 661 641 ἐδίδως
692 592 709 608 ο
753 574 947 646 ἐπειδὴ
993 571 1339 643 παρέτρεχες
1383 569 1512 633 τοὺς
1570 566 1906 633 πεινῶντας·

328 669 513 742 ἐπειδὴ
576 667 718 742 πρὸς
766 667 897 732 τοὺς
953 665 1320 737 ὀδυρομένους
1381 663 1484 717 οὐκ
1527 661 1905 735 ἐπιστρέφου*

326 760 513 836 ἐπειδὴ
555 761 1039 833 προσκυνούμενος
1069 758 1170 813 οὐκ
1190 757 1395 830 ἠλέεις.
1424 756 1688 828 Ἔρχεται
1717 755 1812 809 καὶ
1839 754 1912 809 δι’

323 852 541 923 ὀλίγους
570 852 666 908 ἐπὶ
692 851 871 923 δῆμον
910 849 1081 917 κακὰ,
1113 850 1209 904 καὶ
1245 846 1552 920 μοχθηρίας
1583 846 1703 911 ἐνὸς
1762 863 1906 919 παρ-

324 945 615 1021 απήλαυσε
635 944 832 1017 δῆμος.
850 942 1023 1017 Ἀχάρ
1048 942 1419 1015 ίεροσύλησεν,
1435 942 1531 995 καὶ
1552 940 1651 1013 ὅλη
1672 942 1706 1013 η
1732 939 1911 1011 παρά-

322 1034 478 1101 ταξις
505 1034 860 1108 ἐμαστίζετο.
903 1034 962 1089 '0
991 1032 1211 1106 Ζαμϐρὶ
1260 1030 1427 1087 πάλιν
1462 1032 1544 1096 εἰς
1574 1030 1675 1094 τὰς
1696 1029 1908 1086 Μαδια-

320 1127 528 1192 νίτιδας
595 1126 961 1201 ἐξεπόρνευσι
999 1167 1014 1193 ,
1069 1126 1164 1183 καὶ
1206 1127 1237 1181 ὀ
1283 1124 1504 1197 Ἰσραὴλ
1549 1124 1780 1179 ἔπιπτεν
1827 1124 1913 1189 είς

321 1220 500 1291 δίκην.
531 1220 745 1286 Πάντες
772 1221 976 1288 τοίνυν,
1008 1220 1104 1275 καὶ
1135 1219 1381 1291 meum
1408 1220 1565 1291 κοινῇ
1596 1218 1723 1282 τοὺς
1757 1218 1912 1290 βίους

321 1311 534 1367 ἐαυτῶν
563 1311 935 1384 ἐξετάσωμεν.

318 1417 462 1475 erat,
516 1417 573 1464 et
628 1408 798 1465 Israel
834 1415 1127 1480 propterea
1189 1411 1245 1467 in
1293 1412 1633 1485 supplicium
1686 1407 1856 1467 incidi

318 1502 490 1556 vitam
526 1508 774 1558 nostram
802 1502 1178 1561 excutiamus.

386 1590 527 1650 Δαοὶ
556 1591 832 1648 ἀκούσατε
861 1608 879 1624 ⁸
903 1594 1227 1667 Χριστιανοὶ
1256 1598 1591 1655 ἐνωτίσασθε
1610 1641 1626 1667 ,
1660 1600 1744 1654 ὅτι
1772 1597 1901 1653 τάδε

319 1685 469 1755 λέγει
498 1684 725 1757 Κύριος,
755 1685 816 1741 οὐ
845 1687 1179 1759 δημηγορῶν
1208 1690 1561 1761 αὐτοφώνως,
1583 1694 1695 1756 τοῖς
1717 1692 1773 1746 δὲ
1793 1692 1903 1746 τῶν

2010 579 2067 627 te
2103 570 2205 625 hac
2242 583 2463 640 quoque
2489 584 2591 625 nos
2617 567 2766 625 Deus
2796 567 3114 623 calamitate
3147 565 3435 620 multam:
3464 566 3597 635 quia

2011 677 2137 719 cum
2174 662 2432 729 haberes,
2467 676 2577 717 non
2628 660 2839 728 dabas;
2886 658 3021 733 quia
3061 674 3161 714 eos
3194 657 3291 728 qui
3339 655 3483 712 [alme
3522 656 3595 712 la-

2010 754 2300 821 borabant,
2339 755 2703 826 praeteribas;
2757 754 2890 826 quia
2939 752 3010 809 ad
3051 758 3340 825 gementes
3376 750 3602 805 minime

2014 858 2068 904 te
2119 848 2531 919 convertebas;
2583 849 2715 920 quia
2763 859 3117 918 nequaquam
3181 853 3236 900 te
3296 841 3601 899 miserebat

1986 956 2204 999 .eorum
2245 956 2276 995 a
2314 941 2523 1013 quibus
2560 939 2917 998 adorabaris.
2963 936 3274 993 Paucorum
3324 935 3488 1005 culpa
3542 932 3602 986 llt

2012 1045 2071 1089 ut
2098 1033 2259 1101 plebs
2293 1035 2552 1090 universa
2605 1032 3027 1089 calamitatibus
3063 1029 3382 1101 adligatur;
3435 1037 3602 1097 atque

2014 1124 2178 1180 unius
2208 1125 2624 1196 improbitatem
2665 1131 2782 1181 tota
2814 1123 2973 1195 plebs
3019 1121 3144 1177 luit.
3192 1120 3388 1174 Achan
3427 1117 3601 1196 sacri:

2012 1215 2213 1287 legium
2248 1192 2619 1287 perpetrant,
2652 1226 2707 1272 et
2758 1192 2910 1273 totus
2957 1214 3237 1270 exercitus
3278 1227 3471 1284 poenas
3500 1192 3602 1266 de:

2012 1306 2117 1361 dit.
2162 1307 2384 1364 Zambri
2417 1324 2541 1364 cum
2582 1309 2913 1365 mulieribus
2963 1307 3281 1386 Madianitis
3313 1311 3598 1362 scortatu:

1938 1404 2073 1471 Quae
2131 1422 2260 1464 cum
2314 1408 2392 1463 ita
2428 1408 2562 1474 sint,
2615 1421 2812 1463 omnes
2841 1415 2895 1461 et
2947 1403 3205 1476 privatim
3263 1410 3321 1459 et
3361 1397 3597 1472 publice

2085 1590 2229 1647 Ibid.
2259 1620 2329 1631 --
2366 1589 2587 1657 Audite,
2625 1590 2815 1663 papuli
2842 1607 2858 1656 ;
2892 1588 3221 1654 auscultate,
3248 1584 3551 1643 Christiani
3582 1605 3598 1654 ;

2010 1688 2275 1757 quoniam
2339 1687 2457 1741 haec
2508 1684 2641 1740 dicit
2700 1682 2991 1750 Dominus,
3046 1698 3157 1737 non
3205 1681 3323 1752 ipse
3372 1680 3596 1750 quidem

319 1779 527 1834 δούλων
561 1779 832 1851 στόμασιν
861 1780 1076 1852 ἐνηχῶν
1108 1782 1184 1848 ὡς
1207 1785 1459 1854 ὀργάνοις
1478 1800 1493 1815 ·
1528 1786 1605 1858 μὴ
1640 1786 1902 1856 φανῶμεν

2011 1786 2230 1829 suamet
2266 1787 2404 1829 voce
2441 1774 2809 1839 concionans,
2871 1771 2967 1827 sed
3023 1784 3313 1827 servorum
3366 1783 3599 1825 suorum

317 1873 369 1925 οί
394 1870 607 1942 λογικοὶ
638 1869 750 1926 τῶν
788 1871 1001 1944 ἀλόγων
1055 1873 1351 1949 ὠμότεροι.
1397 1876 1614 1931 Ἐκεῖνα
1658 1879 1769 1951 γὰρ
1798 1880 1910 1941 τοῖς

317 1967 387 2021 ἐκ
406 1965 507 2038 τῆς
529 1966 633 2036 γῆς
695 1966 994 2037 φυομένοις
1050 1968 1200 2041 παρὰ
1252 1970 1353 2041 τῆς
1400 1970 1621 2040 φύσεως
1646 1968 1721 2034 ὼς
1750 1971 1907 2041 κοινῇ

317 2060 620 2134 κέχρηται,
674 2060 773 2115 καὶ
820 2059 1117 2132 προϐάτων
1173 2062 1370 2133 ἀγέλαι
1426 2064 1485 2118 ἓν
1533 2064 1629 2118 καὶ
1673 2064 1739 2118 τὸ
1779 2063 1912 2117 αὐτὸ

319 2156 754 2213 καταϐόσκονται
786 2156 938 2229 ὅρος.
964 2158 1156 2214 Ἰπποι
1182 2159 1241 2214 δὲ
1270 2160 1627 2232 παμπληθεῖς
1656 2161 1785 2232 μίαν
1814 2162 1911 2215 καὶ

317 2250 420 2323 τὴν
442 2249 615 2322 αὐτὴν
641 2250 1048 2322 κατανέμονται
1072 2252 1322 2324 πεδιάδα,
1367 2256 1464 2309 καὶ
1493 2254 1674 2310 πάντα
1693 2256 1765 2309 τὰ
1785 2254 1910 2308 καθ’

321 2342 558 2399 ἕκαστον
588 2343 766 2409 οὕτως
812 2344 1070 2415 ἀλλήλοις
1099 2346 1555 2419 ἀντιπαραχωρεϊ
1582 2347 1685 2418 τῆς
1739 2348 1911 2417 ἀναγ-

324 2438 492 2500 καίας
515 2438 627 2492 τῶν
657 2437 862 2510 χρειῶν
893 2436 1271 2504 ἀπολαύσεως.
1314 2440 1505 2512 Ἡμεῖς
1534 2440 1591 2495 δὲ
1619 2441 1911 2510 ἐγκολπια-

322 2528 532 2601 ζομεθα
558 2528 627 2585 τά
653 2529 828 2585 κοινά·
848 2530 917 2585 τὰ
945 2529 1055 2584 τῶν
1081 2530 1294 2586 πολλῶν
1318 2533 1469 2604 μόνοι
1504 2532 1722 2607 ἔχομεν.
1753 2535 1920 2590 Αἰδε-

325 2623 546 2696 σθῶμεν
585 2622 861 2698 Ἐλλήνων
917 2624 1284 2698 φιλάνθρωπα
1345 2626 1683 2699 διηγήματα.
1749 2628 1918 2700 Παρᾶ

323 2733 469 2772 τισιν
497 2717 731 2772 ἐκείνων
788 2717 957 2789 νόμος
1009 2716 1418 2789 φιλάνθρωπος,
1478 2718 1580 2793 μία
1636 2720 1906 2793 τράπεζα,

325 2809 423 2864 καὶ
444 2808 603 2863 κοινά
633 2808 704 2867 τά
732 2809 901 2876 σιτία,
933 2809 1031 2881 μία
1080 2811 1239 2866 ἑστία
1281 2812 1471 2884 σχεδὸν
1521 2812 1616 2867 τὸν
1672 2812 1908 2869 πολυάν-

324 2902 548 2976 θρωπον
595 2902 768 2975 δῆμον
838 2902 1237 2975 ἀπεργάζεται.
1293 2904 1731 2977 Καταλείιίμωμεν
1781 2908 1910 2973 τοὺς

323 2993 548 3059 ἐξωθεν,
584 2994 682 3049 καὶ
708 2993 1036 3068 ἀπέλθωμεν
1063 2996 1146 3061 εἰς
1169 2995 1232 3051 τό
1251 2996 1364 3053 τῶν
1405 2999 1727 3071 τρισχιλίων
1773 2998 1906 3053 611:6—

320 3086 551 3159 δειγμα·
577 3086 640 3142 τὺ
667 3086 886 3159 πρῶτον
906 3087 1018 3145 τῶν
1046 3090 1397 3162 Χριστιανῶν
1411 3091 1750 3164 ζηλὼσωμεν
1780 3091 1906 3146 σύν-

2012 1865 2207 1921 oribus
2244 1873 2508 1935 tauquam
2543 1863 2774 1936 organis
2809 1862 3141 1934 quibusdam
3174 1862 3481 1918 insonans;
3517 1858 3599 1914 Ne

2012 1971 2115 2013 nos
2157 1955 2447 2027 ipsos,qui
2483 1954 2700 2010 ratione
2744 1953 2961 2024 praediti
3005 1967 3217 2019 smnus,
3250 1949 3598 2007 crudeliores

2011 2050 2190 2107 brutis
2229 2048 2593 2120 praebeamus.
2625 2045 2718 2102 Illa
2750 2046 3025 2113 siquidem
3054 2046 3139 2103 his
3172 2061 3293 2116 quae
3326 2059 3394 2100 ex
3425 2044 3598 2099 humo

2010 2152 2207 2199 natura
2260 2142 2545 2215 producit,
2598 2142 2657 2197 in
2709 2133 3010 2198 commune
3066 2147 3322 2195 utuntur.
3374 2136 3510 2192 Nam
3542 2146 3595 2191 et

2009 2236 2192 2292 ovium
2255 2252 2454 2308 greges
2492 2252 2668 2291 unum
2713 2234 3081 2304 eumdemque
3130 2240 3377 2288 montem
3423 2230 3594 2301 depa-

2010 2343 2196 2400 scunt,
2251 2331 2415 2405 492
2460 2340 2515 2388 et
2567 2329 2851 2387 numerosi
2896 2330 3023 2401 equi
3059 2329 3114 2383 in
3146 2343 3259 2383 uno
3288 2335 3343 2383 et
3397 2326 3593 2382 eodem

2010 2443 2206 2499 campo
2239 2426 2580 2499 pabulantur
2608 2443 2627 2494 ;
2667 2440 2733 2482 ac
2772 2424 3015 2494 denique
3042 2422 3373 2494 singulatim
3406 2421 3596 2477 omnia

2009 2521 2395 2578 necessarium
2430 2533 2624 2576 eorum
2659 2517 2866 2589 quibus
2900 2514 3168 2586 indigeant,
3205 2528 3373 2570 usum
3403 2524 3595 2573 mutuo

2010 2613 2118 2671 sibi
2156 2612 2275 2685 ipsa
2314 2610 2653 2669 concedunt.
2701 2609 2772 2664 At
2817 2623 2921 2664 nos
2956 2621 3080 2677 qua:
3114 2604 3430 2661 communia
3465 2610 3596 2657 sinit

2010 2708 2137 2765 sinu
2194 2715 2390 2763 nostro
2441 2718 2792 2767 coercemus,
2826 2708 2884 2757 et
2913 2714 3038 2770 qua:
3088 2698 3429 2763 multorum,
3480 2696 3596 2749 haec

2010 2800 2116 2857 soli
2147 2809 2430 2858 tenemus.
2461 2796 2685 2868 Pudere
2728 2810 2834 2851 nos
2889 2793 3128 2848 alliciant
3162 2806 3285 2861 qua:
3313 2792 3383 2845 de
3415 2789 3597 2861 genti-

2008 2893 2144 2949 lium
2205 2890 2555 2947 humanitate
2606 2893 3011 2944 memorantur.
3050 2884 3185 2940 Nam
3233 2883 3379 2956 apud
3423 2898 3595 2956 quos-

2008 2987 2137 3044 dam
2169 3001 2361 3042 eorum
2398 2985 2483 3041 lex
2512 2980 2877 3039 humanitatis
2903 2981 3067 3052 plena
3093 2987 3201 3044 est,
3237 2995 3346 3034 una
3376 2978 3596 3034 eadem-

2011 3095 2119 3153 que
2172 3093 2385 3141 mensa,
2431 3091 2762 3133 communes
2811 3074 2947 3138 cibi,
3011 3072 3158 3130 idem
3208 3072 3326 3129 fere
3396 3071 3593 3137 foetis,

320 3196 532 3250 ταγμα,
563 3179 713 3246 ὅπως
740 3175 821 3253 ἦν
846 3182 1052 3250 αὐτοῖς
1113 3182 1351 3240 ἅπαντα
1410 3183 1585 3240 κοινὰ
1603 3200 1617 3214 ⁶
1652 3163 1843 3257 δβίοςν
1870 3186 1904 3259 ἡ

2010 3172 2531 3230 numerosissimum
2569 3171 2775 3243 alioqui
2819 3170 3085 3242 pepulum
3139 3181 3312 3222 unum
3358 3181 3482 3223 esse
3515 3163 3597 3219 fa-

320 3272 505 3346 ψυχὴ,
538 3274 573 3346 ή
630 3274 960 3346 συμφωνία,
1009 3276 1045 3346 ἠ
1077 3276 1332 3349 τράπεζα
1382 3277 1538 3349 κοινή
1560 3294 1575 3308 '
1601 3277 1908 3350 ἀδιαίρετος

320 3364 644 3437 ἀδελφότης,
684 3366 882 3437 ἀγάπη
946 3368 1333 3439 ἀνυπόκριτος,
1353 3369 1425 3426 τὰ
1451 3370 1624 3424 πολλὰ
1676 3369 1908 3441 σώματα

321 3454 382 3509 ἓν
405 3456 775 3528 ἐργαζόμενα,
805 3456 908 3523 τὰς
951 3457 1247 3530 διαφόρους
1293 3458 1475 3530 ψυχὰς
1501 3462 1582 3525 είς
1615 3459 1745 3531 μίαν
1771 3461 1903 3532 ὁμό-

320 3561 475 3601 νοιαν
505 3546 885 3621 συναρμοῦσα.
924 3547 1102 3603 Πολλά
1130 3548 1234 3619 τῆς
1268 3548 1626 3619 φιλαδελφίας
1673 3549 1821 3622 ἔχεις
1842 3551 1907 3604 ἐκ

322 3637 573 3704 Παλαιᾶς
598 3640 879 3713 Διαοήκης
909 3642 1009 3696 καὶ
1032 3644 1098 3697 ἐκ
1124 3645 1226 3714 τῆς
1254 3642 1404 3707 Νέας
1423 3642 1903 3715 τάὐποδείγματα.

321 3730 645 3804 Πρεσϐύτην
656 3731 751 3787 ἐάν
768 3731 883 3807 ἴδῃς
905 3731 1263 3805 λιμώττοντα,
1288 3735 1637 3807 μετάστειλαι
1667 3737 1760 3790 καὶ
1781 3734 1908 3808 θρέ-

317 3825 421 3897 ψον
431 3826 506 3892 ὡς
520 3825 719 3897 Ἰωσὴφ
740 3825 832 3880 τὸν
847 3824 1065 3883 Ἰακώϐ.
1080 3826 1305 3900 Ἐχθρὸν
1321 3826 1417 3882 ἐὰν
1431 3826 1601 3902 εὕρῃς
1618 3828 1908 3902 στενούμε·

317 3936 432 3983 νον,
456 3920 530 3991 μὴ
547 3920 850 3992 ἐπιϐάλλῃς
863 3924 931 3993 τῇ
952 3920 1089 3994 ὀργῇ
1107 3923 1174 3993 τῇ
1196 3921 1506 3996 κατεχούσῃ
1520 3922 1619 3993 τὴν
1668 3922 1904 3995 ἄμυναν,

319 4011 459 4068 ἀλλὰ
481 4012 684 4086 θρέψον
733 4011 899 4068 αὑτὸν
915 4012 994 4079 ὡς
1024 4015 1235 4077 ἐκεῖνος
1284 4014 1412 4078 τοὺς
1473 4013 1735 4084 ἀδελφοὺς
1780 4017 1906 4080 τοὺς

320 4105 708 4179 πωλήσαντας.
742 4106 871 4161 Ἐὰν
894 4105 1126 4181 ἐντύχῃς
1144 4106 1401 4179 νεωτέρῳ
1418 4109 1905 4180 καταπονουμένῳ,

318 4199 497 4264 οὓτως
542 4198 815 4271 δάκρυσον
843 4199 921 4264 ὡς
953 4200 1161 4265 ἐκεῖνος
1223 4199 1315 4253 τδν
1376 4200 1637 4271 Βενιαμὶν
1688 4201 1781 4255 τὸν
1808 4199 1905 4254 τοῦ

316 4294 504 4362 γήρως
532 4292 649 4348 υἱόν
668 4309 682 4324 ·
707 4293 967 4363 πειράζει
998 4292 1095 4347 καὶ
1128 4293 1188 4347 σὲ
1222 4293 1386 4365 τυχὸν
1411 4295 1443 4350 ἡ
1480 4292 1792 4359 πλεονεξία,
1827 4294 1905 4359 ὡς

315 4385 411 4437 τὸν
451 4381 650 4454 Ἰωσὴφ
682 4385 716 4455 ή
745 4384 1007 4438 δέσποινα
1049 4385 1268 4439 εἵλκυσε
1316 4385 1425 4439 τῶν
1493 4386 1747 4458 ἱματίων,
1813 4389 1900 4441 ἵνα

316 4475 418 4545 τῆς
468 4475 690 4547 ἐντολῆς
735 4478 1198 4549 καταφρονήσῃςς
1232 4478 1536 4550 πρόσριώον
1564 4480 1632 4534 τὰ
1682 4480 1899 4550 ἱμάτια·

2007 3266 2184 3323 ciunt.
2237 3263 2351 3322 Sed
2405 3272 2667 3321 externos
2729 3264 3039 3329 mittamus,
3090 3270 3256 3332 atque
3290 3257 3358 3316 ad
3419 3258 3594 3313 trium

2008 3360 2229 3417 illorum
2258 3358 2407 3414 mille
2432 3356 2718 3414 hominum
2748 3355 3065 3427 exemplum
3087 3370 3190 3412 nos
3216 3352 3591 3409 conferamus:

2005 3454 2245 3525 primum
2306 3452 2435 3507 istic
2483 3440 2935 3507 Christianorum
2994 3462 3194 3519 agmen
3260 3446 3592 3502 imitemur:

2005 3542 2480 3616 quemadmodum
2522 3540 2705 3596 omnia
2739 3539 2854 3594 illis
2908 3536 3215 3593 communia
3244 3544 3399 3616 erant
3435 3534 3590 3607 (Act.

2006 3652 2066 3703 ιι,
2099 3636 2206 3705 M;
2255 3652 2331 3704 Iv,
2362 3634 2477 3706 σε),
2519 3634 2654 3698 vita,
2693 3633 2935 3700 animus,
2980 3628 3303 3697 concordia,
3342 3642 3595 3683 commu-

2006 3733 2094 3787 nis
2124 3745 2341 3795 meusa,
2374 3726 2653 3784 indivulsa
2687 3724 3034 3793 fraternitas,
3077 3723 3329 3781 charitas
3382 3737 3493 3777 non
3529 3723 3593 3776 li-

2005 3835 2119 3893 cta,
2150 3839 2275 3896 quae
2304 3839 2371 3880 ex
2404 3821 2596 3879 multis
2650 3820 2981 3892 corporibus
3018 3834 3191 3874 unum
3232 3817 3494 3879 elﬁccrct.
3532 3823 3589 3871 et

2005 3919 2256 3975 diversas
2286 3915 2506 3972 animas
2533 3915 2849 3971 concordiae
2882 3928 3030 3969 nexu
3074 3920 3381 3983 coaptaret.
3418 3910 3588 3964 Multa

2008 4011 2103 4067 tibi
2139 4016 2342 4083 praesto
2372 4019 2506 4065 sunt
2543 4008 2797 4079 exempla
2840 4005 3162 4069 charitatis,
3222 4013 3336 4060 tum
3369 4020 3436 4059 ex
3481 4002 3591 4058 Ve-

2011 4104 2134 4169 teri,
2172 4112 2290 4158 tum
2349 4117 2415 4159 ex
2469 4098 2623 4158 Novo
2674 4098 3057 4156 Testamento.
3105 4096 3162 4152 Si
3215 4112 3402 4153 senem
3446 4094 3591 4149 fame

2006 4196 2321 4255 confectum
2367 4194 2602 4263 videris,
2636 4194 2787 4250 hunc
2837 4207 3063 4249 accerse
3090 4200 3143 4248 et
3179 4191 3288 4256 ale,
3324 4189 3592 4262 quemad-

2006 4290 2229 4346 modum
2280 4288 2488 4362 Joseph
2535 4288 2732 4345 Jacob.
2788 4286 2846 4344 Si
2884 4286 3170 4341 inimicum
3212 4286 3269 4340 in
3298 4285 3590 4356 angustias

2006 4388 2294 4444 redactum
2344 4387 2651 4453 inveneris,
2712 4401 2784 4442 ne
2835 4382 3140 4441 iracundia:
3176 4399 3287 4455 qua
3346 4382 3592 4453 percitus

2008 4492 2115 4547 est,
2171 4481 2437 4537 ultionem
2475 4480 2788 4552 adjungas;
2846 4476 2946 4534 sed
2997 4477 3177 4549 ipsum
3229 4476 3336 4542 ale,
3399 4487 3460 4530 ut
3500 4474 3593 4530 ille

316 4541 559 4633 φόλαξον
588 4541 666 4639 τῶ
697 4541 1017 4641 Κυρίῳ-τὴν
1044 4541 1287 4638 πίστιν,
1314 4541 1391 4634 ὼέ
1439 4571 1649 4635 ἐκεῖνος
1679 4541 1755 4641 τῷ
1786 4574 1892 4626 Πε-

2008 4572 2206 4627 fratres
2267 4587 2297 4626 a
2326 4541 2838 4644 quibus-venditus
2893 4541 3093 4623 fuerat.
3143 4566 3203 4621 Si
3238 4566 3294 4623 in
3328 4566 3590 4637 juvenem

315 4659 516 4731 τεφρή.
559 4659 649 4714 Ἐν
676 4660 910 4733 ἐνιαυτῷ
971 4662 1070 4735 τὴν
1106 4662 1318 4717 ἔνδειαν
1371 4664 1756 4736 οἰκονόμησον,
1818 4666 1895 4731 ῶς

2008 4681 2253 4723 aerumna
2296 4674 2352 4722 et
2405 4666 2594 4722 labore
2633 4679 2893 4736 pressum
2944 4660 3239 4723 incideris,
3283 4658 3368 4716 sic
3416 4658 3591 4714 colla-

316 4751 529 4817 ἐκεῖνος
553 4753 612 4808 ὲν
635 4757 749 4821 τοῖς
776 4754 936 4812 ἑπτά.

2008 4776 2217 4835 cryma,
2255 4770 2316 4816 ut
2344 4761 2437 4817 ille
2462 4760 2533 4817 ob
2562 4760 2850 4832 Beniamin
2880 4772 3044 4831 quem
3086 4771 3256 4813 senex
3283 4762 3441 4826 pater
3470 4754 3591 4808 edi-

318 4842 499 4903 derat.
534 4847 680 4916 Quin
733 4857 790 4908 te
831 4850 1094 4909 fortassis
1137 4868 1361 4926 quoque
1410 4862 1585 4911 tentat
1617 4856 1892 4912 avaritia?
1922 4858 2003 4914 uti
2043 4859 2351 4931 Josephum
2384 4858 2515 4915 hera
2559 4864 2617 4915 te
2664 4857 2915 4915 vestibus
2974 4854 3167 4920 trahit,
3221 4861 3282 4907 ut
3354 4851 3590 4907 manda-

319 4950 440 4997 tum
474 4942 565 5000 Dei
598 4961 700 5015 pro
750 4948 928 5005 nihilo
966 4948 1180 5007 ducas?
1226 4951 1436 5022 projice
1469 4961 1687 5017 vestes,
1712 4954 1889 5011 iratus
1942 4956 2221 5025 abscede,
2278 4954 2439 5010 fidem
2474 4969 2631 5011 serva
2670 4951 2945 5020 Domino,
2987 4959 3049 5007 ut
3088 4950 3179 5005 ille
3253 4946 3542 5021 Putiphari
3568 4963 3587 5002 :

319 5037 380 5095 'Jn
408 5056 523 5097 uno
552 5058 698 5099 anno
724 5054 1074 5117 grassantem
1119 5057 1422 5119 egestatem
1455 5048 1805 5117 administra,
1836 5062 1896 5106 ut
1939 5051 2032 5109 ille
2068 5061 2279 5123 septem
2314 5054 2502 5107 annis.

391 5138 458 5191 Τί
489 5137 722 5209 ὑποτίθῃ
746 5140 999 5211 ἀφορμὴν
1060 5140 1419 5212 εὐπρόσωπον
1451 5145 1532 5208 είς
1558 5147 1675 5215 -τήν
1708 5147 1895 5217 ἁμαρ·-

2075 5144 2350 5215 Ejusdem.
2384 5175 2455 5185 -ο
2483 5144 2628 5213 Quid
2667 5144 3023 5216 plausibilem
3073 5156 3301 5198 causam
3355 5140 3423 5196 ad
3459 5156 3587 5211 pec-

318 5232 477 5300 τίαν;
505 5233 532 5286 ὀ
558 5232 648 5287 τὸν
682 5233 844 5285 παῖδα
874 5234 1128 5305 ποιήσας,
1183 5236 1277 5289 καὶ
1311 5236 1372 5289 σὲ
1399 5237 1677 5308 ἐποίησεν.
1713 5239 1782 5292 "0
1814 5256 1897 5293 σοι

2008 5239 2246 5294 tandum
2280 5238 2482 5311 lingis?
2506 5238 2613 5306 Qui
2644 5247 2698 5295 te
2725 5238 2958 5303 creavit,
2988 5237 3131 5292 idem
3162 5235 3333 5290 lilium
3362 5250 3588 5305 quoque

318 5328 421 5391 τὰς
450 5325 706 5399 ἀφορμὰς
730 5326 1127 5398 παρεχόμενος,
1147 5330 1245 5384 καὶ
1264 5329 1341 5402 τῷ
1369 5330 1523 5384 παιδὶ
1542 5330 1773 5403 παρέξει
1798 5333 1900 5398 τὰς

2008 5336 2163 5384 tuum
2221 5329 2452 5384 creavit.
2499 5328 2604 5395 Qui
2662 5328 2788 5385 vitae
2844 5327 3112 5398 degendae
3174 5325 3425 5383 subsidia
3483 5325 3584 5381 tibi

318 5422 417 5477 τοῦ
451 5420 567 5493 βίου
597 5420 675 5475 διε
685 5417 961 5491 ξαγωγάς.

2008 5421 2264 5493 praebuit,
2302 5420 2448 5478 idem
2480 5438 2706 5494 quoque
2736 5422 3121 5480 instrumenta
3149 5422 3264 5476 lilio
3298 5420 3585 5487 praebebit,

2002 5515 2210 5587 quibus
2244 5515 2415 5571 vitam
2442 5515 2716 5588 transigat

392 5599 489 5672 Μὴ
521 5600 864 5673 προφασίζου
908 5600 1037 5666 τοὺς
1067 5604 1282 5669 παῖδας,
1304 5607 1334 5662 ὀ
1361 5605 1712 5683 πλεονέκτης.
1762 5612 1899 5665 Παῖ-

320 5695 412 5759 se;
466 5697 655 5763 είσιν;
711 5695 1013 5767 θησαύριζε
1070 5698 1269 5771 αὐτοῖςί
1320 5700 1597 5773 Θησαυρὸν
1653 5702 1895 5760 (αἰώνιον.

322 5785 609 5859 Θησαδρδς
638 5786 696 5842 δέ
744 5790 892 5843 ἐστιν
917 5788 1173 5844 εὐσέϐεια
1230 5794 1550 5863 χρημάτων.
1585 5797 1899 5854 Κατὰλειπε

328 5878 516 5933 παισίν
544 5878 756 5952 ἀγαθὴν
791 5881 1046 5952 μνήμην,
1078 5880 1109 5953 ἥ
1140 5882 1370 5938 πλοῦτον
1434 5886 1621 5943 πολύν.
1685 5888 1902 5957 Πάντας

2078 5606 2278 5678 Ejusd.
2310 5639 2382 5651 -η-
2410 5609 2491 5666 Ne
2526 5610 2741 5666 liberos
2783 5624 3058 5673 causeris,
3087 5624 3121 5665 ο
3172 5625 3357 5665 avare.
3398 5607 3582 5664 Liberi

2003 5700 2101 5755 tibi
2147 5703 2325 5758 sunt?
2366 5700 2769 5775 sempiternum
2818 5706 2956 5774 ipsis
3004 5705 3325 5760 thesaurum
3360 5704 3584 5773 aggere.

2002 5792 2325 5852 Thesaunus
2358 5805 2544 5854 autem
2578 5799 2942 5869 pecuniarum
2987 5798 3182 5870 plenus
3213 5808 3268 5853 et
3298 5813 3463 5869 opum
3497 5804 3585 5852 cst

2005 5889 2196 5958 pictas.
2262 5889 2417 5949 Filiis
2476 5894 2589 5951 tuis
2641 5895 2845 5952 bonum
2882 5892 3072 5966 potius
3138 5907 3359 5961 nomen,
3418 5905 3582 5965 quam
