4014 6302
532 345 671 413 1503

1731 334 1796 397 S.
1823 328 2144 396 JOANNIS
2176 327 2611 392 DAMASCENI

3677 312 3810 380 150i

531 463 854 529 comparata
883 462 995 520 est,
1032 460 1094 509 ut
1128 451 1270 509 alios
1305 456 1476 522 atque
1515 446 1657 505 alios
1686 445 1923 504 subinde
1957 457 2107 499 com-

2242 442 2373 497 ιόλει
2401 443 2603 511 οίκίας,
2628 441 2772 497 πόσα
2825 441 2933 516 ἢδη
2960 438 3058 512 ἀφ’
3084 431 3150 494 οὐ
3220 432 3517 529 γεγδνασιν
3562 430 3806 529 ὀνόματα

532 556 733 604 mutet.
756 544 935 602 Hodie
966 544 1058 601 hic
1089 558 1221 616 ager
1257 542 1427 611 hujus
1458 546 1583 606 est;
1616 536 1863 594 crastino
1900 533 1994 591 die
2026 532 2114 588 al-

2219 533 2636 606 μετειλήφασιν,
2707 531 2901 589 ἄλλοτε
2939 531 3029 585 ἐπ’
3056 529 3219 587 ἄλλου
3279 525 3390 581 τῶν
3443 520 3811 593 κεκτημένων

533 640 733 704 terius,
784 648 839 696 et
893 638 1065 710 paulo
1111 643 1239 709 post
1293 633 1487 691 itidem
1538 630 1705 686 alius.
1753 626 1923 684 Urbis
1965 626 2114 683 edes

2242 626 2646 702 ’WllaCtSP-svat,
2705 627 2802 683 Ital.
2824 626 3028 700 χρυσὸς
3065 624 3156 680 ἀεὶ
3183 623 3282 687 τάς
3314 620 3411 677 τοῦ
3445 619 3675 691 ῐχοντος
3704 616 3810 710 χεί-

534 731 816 802 conspice.
845 731 990 799 Quot
1015 731 1132 802 jam
1167 729 1419 792 nomina,
1450 740 1516 781 ex
1539 737 1653 795 quo
1686 730 1936 793 tempore
1964 727 2116 777 stru-

535 838 634 883 ctae
669 833 844 890 sunt,
877 825 1276 889 immutavcre,
1317 826 1511 891 utpote
1554 818 1693 872 alias
1745 816 1815 872 ab
1856 815 1985 872 aliis
2015 815 2114 871 do-

536 918 703 974 minis
759 916 1133 988 nuncupattel
1190 912 1394 969 Eodem
1443 910 1610 967 modo
1654 924 1858 965 aurum
1895 922 2121 980 quoque

537 1024 635 1081 per
693 1008 907 1064 domini
952 1021 1151 1063 manus
1212 1018 1430 1075 semper
1484 1001 1702 1067 ﬂuens,
1760 999 1826 1055 ad
1882 998 2123 1055 alterum

2219 738 2319 795 ρας
2341 721 2607 795 διαρρέων
2637 722 2723 790 ἐφ’
2754 720 2948 793 ἐτερον
2999 716 3288 776 διαϐαίνει.
3336 713 3435 770 καὶ
3458 711 3561 767 ἀπ’
3596 709 3812 765 ἐκείνου

2219 814 2358 887 πρὸς
2410 813 2594 870 ἄλλον.
2654 812 2876 869 Μᾶλλον
2916 809 3149 867 δύνασαι
3204 807 3351 881 ὕδωρ
3379 809 3450 879 τῇ
3474 805 3631 877 χειρὶ
3656 818 3814 871 περιρ

2223 907 2405 963 δαλὼν
2428 909 2752 979 κατασχεῖν,
2787 905 2822 978 ἢ
2851 903 3083 961 πλοῦτον
3134 900 3350 974 σεαυτῷ
3395 897 3652 972 διαρκῶς
3686 911 3813 948 συν-

2221 999 2490 1074 τηρῆσαι.

538 1106 973 1175 transit,atque
1006 1101 1199 1160 abillo
1230 1115 1430 1157 rursus
1484 1096 1555 1154 ad
1601 1096 1869 1153 alterum.
1928 1093 2174 1156 Facilius
2208 1111 2374 1153 manu
2442 1093 2909 1168 comprehensam
2974 1092 3215 1150 retinere
3297 1103 3500 1162 aquam
3575 1086 3810 1159 possis,

539 1217 701 1270 quam
728 1200 953 1255 divitias
986 1207 1254 1271 perpetuo
1288 1196 1386 1252 tibi
1420 1207 1785 1252 conservare.

608 1292 668 1348 S.
722 1290 883 1363 (ἆνερ.
932 1288 1525 1346 Nasicam—Omnis
1590 1288 1687 1361 qui
1740 1287 1931 1360 inique
1974 1286 2087 1361 agit

540 1391 744 1455 praesto
776 1392 861 1439 est
891 1382 961 1438 ad
995 1398 1056 1439 se
1085 1381 1521 1439 defendendum.

679 1477 917 1532 Accessit
950 1475 1019 1530 ad
1047 1492 1129 1531 me
1152 1491 1355 1547 pauper
1384 1494 1399 1531 :
1440 1485 1495 1529 at
1526 1474 1737 1545 [rustra
1768 1484 1966 1529 tamen.

682 1547 915 1613 Christe,
940 1548 1227 1601 extimesco
1259 1563 1322 1601 ne
1366 1554 1514 1600 tuam
1545 1562 1789 1615 quarens
1822 1560 1998 1612 opem,

682 1620 905 1689 silicum,
934 1618 1168 1673 vicissim
1195 1633 1425 1689 prorsus
1450 1615 1542 1671 abs
1581 1616 1735 1689 lenit
1762 1617 1957 1685 ferens.

686 1688 833 1744 Nam
862 1690 1003 1759 quod
1025 1686 1332 1760 ηιρσξηιρε
1372 1688 1551 1760 alteri,
1586 1686 1643 1741 id
1675 1687 1884 1760 frustra
1912 1686 2063 1755 petit.

1139 1756 1236 1831 (S.
1263 1757 1418 1829 Greg.
1461 1756 1606 1813 Naz.
1641 1766 1709 1812 tr.
1740 1758 1870 1828 51.)

2292 1284 2410 1349 Πᾶς
2431 1285 2460 1338 ὁ
2485 1282 2712 1349 ἀδικῶν,
2744 1282 2826 1348 είς
2854 1280 3156 1353 ἀπολογίαν
3189 1279 3429 1351 ἕτοιμος,

2328 1469 2525 1549 Πέτης
2545 1469 2916 1549 «pestium
2935 1464 3056 1549 ,εττῖ
3084 1466 3322 1549 ἀπῆΞθε
3345 1467 3433 1549 ιιὴ
3462 1465 3696 1549 "’1‘!"-

2332 1538 2603 1604 Δέδοικα,
2630 1538 2861 1609 Χριστὸ,
2877 1538 2963 1609 μὴ
2986 1538 3151 1608 κάγὼ
3174 1538 3437 1609 τῆςμσῆς
3467 1538 3678 1607 χερὸς,

2330 1610 2567 1681 Χρῄζων
2597 1607 2909 1680 ἀπέλθοιμ’
2936 1607 3155 1681 ἐνδεὴς
3180 1607 3581 1681 ἐμοῖς-νόμοις

2335 1685 2395 1737 Ὀ
2419 1678 2531 1754 γάρ
2550 1700 2641 1750 τις
2655 1685 2727 1738 οὐ
2756 1678 2997 1749 δέδωκε,
3020 1679 3161 1752 μηδ’
3190 1678 3492 1740 ἐλπιζέτω.

619 1852 811 1926 Ejusd.
856 1862 998 1910 orat.
1058 1854 1147 1909 15.
1180 1852 1428 1907 —-Alias
1486 1850 1712 1907 divitias
1771 1866 1881 1906 non
1934 1864 2121 1917 ames,

2300 1844 2393 1917 Μὴ
2422 1844 2719 1919 ἀγαπήσῃς
2772 1844 2867 1900 τδν
2923 1842 3178 1908 πλοῦτον,
3232 1841 3284 1897 εί
3328 1840 3405 1914 μὴ
3443 1839 3676 1914 βοηθεῖν
3727 1842 3818 1897 πέ-
3896 1854 3899 1857 ‘

544 1943 652 2000 nisi
682 1944 946 2016 pauperis
977 1943 1265 2015 opitulari.

618 2036 812 2108 Ejusd.
848 2034 1018 2093 -—-Ne
1052 2036 1280 2093 divitias
1336 2042 1561 2092 nostras
1603 2035 1805 2092 alienis
1863 2033 2127 2108 lacrymis
2185 2032 2195 2044 '

545 2132 996 2197 admisceamus,
1050 2146 1083 2187 a
1116 2130 1322 2201 quibus
1377 2138 1643 2200 tanquam
1683 2144 1715 2183 a
1763 2128 2023 2200 rubigine
2071 2136 2129 2186 et

546 2223 711 2280 tineis
776 2232 1197 2286 consumentur,
1250 2220 1373 2286 vel.
1431 2232 1493 2277 ut
1559 2220 1867 2293 Scriptum
1932 2237 2125 2279 vocem

545 2331 836 2386 usurpem,
863 2325 1217 2371 evomentur.

617 2405 812 2478 Ejusd.
869 2418 1013 2463 orat.
1068 2405 1161 2465 15.
1186 2437 1257 2450 -
1282 2405 1390 2474 Qui
1438 2406 1615 2463 multa
1652 2406 1801 2464 forte
1829 2414 1886 2463 et
1926 2415 2129 2480 praeter

546 2515 706 2571 spem
764 2508 1246 2557 consecutus'est
1298 2500 1437 2572 (hoc
1495 2502 1648 2557 enim
1714 2501 2127 2573 iniquissimum

546 2590 697 2659 est),
740 2597 797 2646 et
870 2589 1034 2661 cujus
1104 2589 1393 2661 apothecae
1461 2592 1719 2663 plurima:
1776 2594 2130 2665 angustiores

547 2692 717 2749 sunt,
748 2682 826 2738 ita
874 2690 938 2740 ut
973 2683 1078 2739 has
1129 2672 1358 2755 quidem
1407 2686 1660 2757 repleat,
1707 2684 1835 2743 illas
1869 2701 2000 2742 vero
2028 2684 2130 2743 de-

549 2783 774 2843 struat,
831 2784 895 2832 ut
947 2776 1275 2835 obventuris
1360 2776 1467 2834 sibi
1518 2776 1769 2848 frugibus
1826 2778 2132 2838 condendis

553 2869 856 2941 ampliores
892 2868 1166 2935 aedificet,
1198 2854 1423 2941 ignorat
1462 2870 1579 2927 fore
1620 2877 1681 2927 ut
1718 2878 1848 2929 ante
1879 2873 2135 2945 rapiatur

550 2976 719 3030 quam
757 2970 1103 3033 speratarum
1143 2963 1342 3019 evadat
1391 2978 1655 3036 compos;
1698 2964 1969 3021 rationem
1999 2982 2132 3024 vero

551 3052 911 3110 abundantiae
957 3054 1110 3112 illius
1160 3055 1396 3123 reddet,
1446 3064 1504 3112 et
1547 3056 1986 3125 ostentationis,
2034 3058 2132 3130 qui

552 3146 864 3202 alienorum
916 3139 1191 3204 liunorum
1236 3146 1518 3221 pessimus
1554 3149 1911 3223 dispensator
1956 3151 2131 3207 exsti-

550 3246 771 3367 ίωίίίά.
797 3343 866 3353 -
889 3310 1016 3367 Mali
1062 3311 1298 3383 hujusce
1331 3327 1557 3369 causam
1591 3327 1959 3387 agnoscamus
1992 3328 2006 3367 :
2034 3328 2139 3371 cur

557 3410 775 3474 segetes
800 3404 1124 3460 exarueriut
1148 3446 1162 3472 ,
1184 3421 1286 3462 cur
1313 3404 1517 3461 horrea
1545 3406 1780 3463 confusa
1807 3447 1823 3473 ,
1852 3414 1909 3465 et
1932 3422 2137 3480 pascua

558 3494 745 3550 ovium
781 3496 1110 3560 defecerint.
1153 3514 1255 3553 cur
1289 3506 1587 3555 extenuata
1640 3500 1889 3570 speciosa
1946 3508 2135 3566 terrae,

557 3590 737 3661 campi
768 3604 879 3645 non
918 3590 1281 3661 pinguedine,
1307 3590 1407 3648 sed
1450 3608 1693 3651 maerore
1741 3592 1953 3667 perfusi
1984 3594 2137 3664 sint;

558 3697 657 3738 cur
677 3681 849 3738 valles
875 3697 983 3738 non
1008 3682 1413 3740 abundaverint
1433 3685 1736 3751 frumento,
1769 3686 1866 3743 sed
1897 3688 2141 3758 complo-

558 3781 694 3832 τοίω
731 3773 893 3848 ἔσθε
948 3773 1198 3844 fuerint;
1283 3792 1385 3833 cur
1460 3787 1677 3836 montes
1720 3778 1916 3847 nobis,
1944 3794 2141 3851 quem-

558 3868 856 3925 admodum
882 3869 1053 3941 justis
1096 3870 1259 3940 viris,
1304 3872 1653 3930 dulcedinem
1695 3889 1808 3930 non
1853 3874 2140 3943 stillarint,

558 3977 629 4018 ac
684 3963 955 4019 montium
1020 3965 1228 4022 Gelboe
1285 3966 1735 4024 maledictionem
1802 3970 2138 4042 acceperint.

559 4052 722 4112 Tales
743 4056 1007 4114 nimirum
1036 4057 1335 4131 impiorum
1368 4059 1581 4117 divitiae
1622 4072 1791 4130 sunt;
1825 4064 1967 4120 tales
1998 4064 2143 4122 male

560 4148 961 4206 seminantium
988 4167 1222 4210 messes.
1267 4151 1422 4210 Unde
1442 4154 1667 4212 tandem
1694 4156 1849 4212 haec?
1885 4173 2010 4229 quae
2042 4174 2142 4214 no-

559 4240 645 4296 bis
668 4256 837 4298 causa
872 4242 1243 4299 calamitatem
1268 4243 1413 4300 hanc
1436 4246 1647 4302 invexit
1667 4248 1691 4302 ?
1708 4246 1866 4305 Alius
1888 4259 2139 4306 nostrum

560 4350 855 4404 pauperem
920 4338 1225 4409 oppressit,
1288 4347 1344 4394 et
1398 4348 1563 4395 terrae
1622 4348 1835 4411 partem
1896 4342 2140 4413 aliquam

559 4426 898 4493 intervertit,
962 4444 1028 4485 ac
1061 4429 1294 4487 limitem
1348 4432 1645 4499 scelerate,
1699 4433 1785 4488 vel
1839 4432 2009 4502 furto,
2053 4434 2139 4491 vel

561 4528 751 4590 aperta
784 4521 837 4575 vi
866 4528 1259 4592 transgressus
1300 4531 1409 4590 est,
1454 4523 1795 4595 domumque
1834 4524 2047 4591 domui,
2082 4534 2139 4583 et

562 4626 753 4683 agrum
781 4627 917 4685 agro
955 4614 1241 4685 adiunxit,
1281 4625 1339 4671 ut
1368 4616 1623 4688 proximo
1679 4618 1896 4689 aliquid
1952 4628 2142 4676 estor-

562 4713 797 4775 queret;
854 4708 1241 4780 pertinacnque
1293 4711 1480 4767 animo
1522 4712 1732 4767 studuit
1787 4719 1848 4767 ut
1891 4711 2141 4768 vicinum

564 4795 774 4851 nullum
802 4797 1051 4863 haberet,
1092 4817 1190 4857 ceu
1222 4801 1376 4859 solus
1432 4802 1487 4857 in
1523 4811 1669 4857 terra
1725 4816 1875 4860 esset
1922 4804 2141 4861 habita-

567 4899 750 4946 turus.
773 4890 974 4947 Usuris
1004 4894 1149 4950 alius
1175 4903 1231 4951 et
1285 4898 1601 4966 augmenlis
1636 4907 1840 4953 terram
1888 4897 2140 4964 ftedavit,

565 4983 835 5055 colligens
866 4986 961 5041 ubi
999 4997 1301 5043 sementem
1352 5005 1463 5045 non
1507 4988 1655 5055 fecit,
1688 5001 1742 5045 et
1781 5000 1997 5049 metens
2046 4990 2142 5047 ubi

568 5093 679 5133 non
703 5082 914 5150 sparsit
948 5101 962 5138 :
1000 5097 1108 5137 non
1148 5100 1211 5139 ex
1252 5084 1401 5139 cultu
1456 5100 1741 5155 agrorum,
1780 5088 1875 5141 sed
1902 5100 1968 5142 ex
2004 5101 2144 5157 pau-

563 5186 759 5240 perum
796 5183 1038 5245 egestate
1066 5182 1121 5230 et
1170 5175 1399 5246 penuria
1468 5175 1763 5231 facultates
1787 5191 2017 5248 augens.
2050 5176 2145 5231 Al-

566 5274 652 5321 ter
684 5283 825 5323 areze
856 5278 911 5323 et
940 5268 1237 5325 torcularis
1272 5268 1533 5342 primitiis
1581 5267 1776 5336 Deum,
1818 5270 1983 5340 cujus
2013 5287 2141 5327 mu-

566 5374 701 5413 nere
758 5360 943 5414 omnia
1007 5360 1302 5427 habuerat,
1340 5360 1709 5421 tlefraudavit,
1761 5362 2039 5433 simulque
2084 5380 2145 5421 se

567 5450 842 5516 ingratum
900 5451 1057 5521 juxta
1112 5468 1176 5508 ac
1247 5453 1480 5509 stultum
1526 5452 1770 5510 ostendit
1824 5471 1933 5510 non
1980 5457 2144 5513 modo

571 5558 666 5612 pro
695 5543 760 5599 iis
791 5545 997 5615 quibus
1049 5545 1341 5600 fruebatur
1375 5546 1557 5602 nullas
1588 5558 1770 5619 grates
1812 5564 2002 5620 agens,
2042 5567 2145 5608 nec

570 5651 774 5691 curans
829 5654 1059 5708 prorsus
1113 5655 1224 5710 quo
1277 5640 1331 5695 in
1378 5639 1622 5696 futurum
1668 5657 1764 5712 per
1804 5643 1943 5713 grati
1974 5644 2144 5699 animi

570 5729 898 5800 obsequium
949 5732 1339 5788 liberalitatem
1405 5732 1497 5788 Dei
1542 5736 1942 5805 ncgoliarclur.
1984 5735 2140 5793 Alter

577 5838 675 5878 nec
702 5822 922 5880 viduam
963 5840 1063 5882 nec
1087 5827 1394 5898 orphanum
1431 5827 1727 5885 miseratus
1775 5838 1879 5897 cst,
1914 5844 2013 5886 nec
2046 5846 2143 5903 νει-ι

2159 3196 2207 3260 ο

2228 1959 2392 2107 “iis
2446 2033 2694 2106 μίξωμεν
2745 2032 2839 2089 τδν
2903 2032 3171 2106 ἡμέτερον
3220 2032 3452 2087 πλοῦτον
3508 2028 3828 2103 ἀλλοτρίοις

2226 2123 2516 2194 δάκρυσιν,
2547 2125 2636 2195 ὐφ’
2673 2118 2750 2180 ὧν
2793 2126 2872 2190 ὡς
2901 2123 2982 2180 ίοῦ
3011 2125 3107 2180 καὶ
3142 2124 3309 2195 σητδς
3334 2123 3829 2196 δαπανηθήσεται,

2226 2218 2286 2291 ἢ,
2314 2219 2377 2274 τὸ
2402 2221 2501 2293 τῆς
2530 2220 2761 2292 Γραφῆς
2783 2221 2982 2287 είπεῐν,
3012 2220 3439 2291 ἐξεμεθήσεται.

2310 2397 2370 2455 '0
2390 2398 2458 2455 τά
2490 2399 2661 2455 πολλά
2681 2399 2843 2471 ἒχων,
2902 2399 3035 2465 ἴσως
3086 2400 3181 2455 καὶ
3231 2400 3363 2471 παρ’
3388 2396 3589 2453 ἐλπίδα
3610 2414 3629 2427 ν
3669 2394 3836 2451 τοῦτο

2228 2492 2340 2566 γὰρ
2369 2493 2474 2566 ήδη
2501 2491 2565 2548 τδ
2589 2490 2927 2548 ἀδικώτατον
2950 2509 2966 2525 ·
2998 2491 3098 2547 καὶ
3143 2494 3265 2556 ταῖς
3320 2491 3549 2555 πολλαῖς
3607 2490 3836 2560 ἀπαθής

2230 2602 2358 2650 καις
2387 2584 2914 2657 στενοχωρούμενος,
2938 2586 3035 2639 καὶ
3062 2583 3162 2649 τὰς
3199 2582 3303 2655 μὲν
3347 2581 3605 2653 πληρῶν,
3640 2581 3752 2646 τὰς
3780 2582 3837 2635 δέ

2233 2676 2540 2750 καθαιρῶν,
2566 2677 2661 2733 ἵνα
2709 2680 2826 2742 τοῖς
2878 2676 3141 2750 μέλλουσι
3190 2676 3426 2748 καρποῖς
3476 2674 3841 2747 οἰκοδομήσει

2235 2769 2511 2844 μείζονας,
2557 2766 2771 2839 ἀγνοῶν
2789 2767 3009 2824 ὅτιτῶν
3037 2766 3275 2824 ἐλπίδων
3303 2764 3841 2838 προαναρπάζεται,

2232 2863 2327 2917 καὶ
2366 2859 2527 2933 λόγον
2572 2860 2764 2932 ὑφέξει
2803 2859 2906 2932 τῆς
2955 2859 3220 2932 εὐπορίας
3240 2858 3336 2913 καὶ
3362 2857 3464 2929 τῆς
3492 2856 3839 2927 φαντασίας,

2231 2952 2405 3021 κακὸς
2436 2953 2722 3025 οἰκονόμος
2769 2951 2995 3025 ἀγαθῶν
3045 2950 3346 3025 ἀλλοτρίων
3397 2952 3739 3023 γενόμενος.

2322 3315 2669 3387 Ἐπιγνῶμεν
2716 3312 2813 3369 τοῦ
2867 3313 3041 3371 κακοῦ
3112 3317 3214 3387 τὴν
3267 3313 3536 3370 ὑπόθεσιν
3587 3330 3609 3347 ο
3669 3315 3846 3371 πόθεν

2240 3408 2619 3482 ἐξηράνθησαν
2698 3406 2967 3480 γεωργίαι
3003 3447 3021 3472 ,
3072 3407 3426 3481 ᾐσχύνθησαν
3485 3408 3793 3482 ἀποθῆκαι
3826 3448 3842 3472 ,

2241 3502 2336 3559 καὶ
2382 3502 2524 3575 νομὴ
2582 3500 2851 3572 ποιμνίων
2902 3500 3171 3569 ἐξέλιπεν·
3204 3500 3466 3573 ὠλιγὼθη
3523 3501 3600 3556 τά
3656 3501 3846 3575 ὡραία

2239 3597 2339 3665 τῆς
2393 3596 2497 3666 γῆς
2544 3611 2561 3627 ·
2626 3594 2727 3649 οὐκ
2790 3593 3039 3667 ἐπλήσθη
3106 3592 3178 3648 τά
3246 3593 3408 3649 πεδία
3501 3593 3787 3665 πιότητος
3827 3635 3842 3657 ,

2241 3681 2379 3737 ἀλλά
2443 3683 2751 3756 κατηφείας
2808 3699 2823 3716 ·
2883 3683 2987 3738 οὐκ
3061 3682 3373 3755 ἐπλήθυναν
3443 3685 3504 3738 αῑ
3583 3684 3845 3747 κοιλάδες

2243 3778 2409 3844 σῖτον,
2436 3776 2550 3832 ἀλλ’
2568 3774 2949 3849 ἐκλαύσθησαν
2968 3792 2981 3806 ⁸
3008 3776 3113 3831 οὐκ
3140 3776 3447 3841 ἐστάλαεαν
3470 3776 3545 3832 τά
3574 3778 3693 3849 δρη
3716 3777 3847 3846 γλυ-

2242 3871 2453 3942 κασμδν
2488 3869 2563 3935 ὡς
2591 3870 2818 3944 ὕστερον
2840 3872 2956 3935 τοῖς
2994 3869 3252 3937 δικαίοις,
3286 3868 3423 3924 ἀλλά
3451 3870 3560 3941 τὴν
3595 3870 3844 3926 Γελϐουὶ

2241 3965 2489 4037 κατάραν
2520 3966 2585 4019 ἐκ
2610 3964 2719 4020 τῶν
2752 3964 3013 4018 ἐναντίων
3042 3962 3282 4030 ἐδέξατο.
3314 3962 3580 4029 Τοιοῦτος
3614 3966 3651 4019 ὁ
3672 3962 3846 4019 1:106-

2242 4075 2332 4122 τος
2358 4057 2469 4112 τῶν
2530 4057 2767 4115 ἀσεϐῶν.
2833 4056 3076 4113 Τοιαῦτα
3101 4057 3215 4112 τῶν
3252 4057 3440 4122 κακῶς
3480 4059 3847 4131 σπειρόντων

2241 4152 2311 4208 τὰ
2339 4152 2607 4226 γεώργια.
2648 4147 2709 4207 ’0
2754 4154 2942 4224 μέντοι
2992 4150 3155 4225 ἡμῶν
3179 4150 3431 4221 ἐξέθλιψε
3470 4151 3729 4223 πένητα,
3756 4156 3850 4208 καὶ

2246 4250 2442 4321 μοῖραν
2464 4248 2568 4319 γῆς
2595 4247 3013 4318 παρεσπάσατο,
3048 4245 3145 4300 καὶ
3163 4246 3313 4319 ὃριον
3342 4245 3595 4317 ὑπερέϐη
3622 4247 3851 4312 κακῶς,

2241 4340 2276 4411 ἢ
2308 4340 2532 4412 κλέψας,
2562 4340 2596 4412 ἢ
2625 4342 2992 4413 τυραννήσας,
3039 4339 3136 4393 καὶ
3196 4337 3434 4408 συνῆψεν
3471 4338 3669 4393 οἰκίαν
3707 4342 3851 4412 πρὸς

2241 4429 2441 4494 οἰκίαν,
2482 4430 2577 4485 καὶ
2596 4431 2767 4501 ἀγρὸν
2800 4430 2937 4501 πρὸς
2964 4429 3156 4500 ἀγρὸν,
3190 4428 3279 4484 ίνα
3306 4428 3403 4484 τοῦ
3436 4431 3689 4501 πλησίον
3749 4434 3852 4500 dp-

2245 4522 2435 4594 έληταί
2456 4539 2531 4588 τι,
2560 4523 2657 4577 καὶ
2685 4522 2889 4595 μηδένα
2918 4523 3063 4595 ἔχειν
3096 4523 3500 4594 ἐφιλονείκησε,
3533 4524 3615 4589 ὡς
3657 4526 3849 4594 μόνως

2245 4616 2487 4687 οίκήσων
2520 4615 2613 4668 ἐπὶ
2634 4614 2735 4689 τῆς
2762 4616 2892 4686 γῆς.
2928 4616 2987 4669 '0
3011 4616 3069 4670 δὲ
3099 4615 3301 4681 τόκοις,
3338 4617 3438 4670 καὶ
3463 4615 3850 4688 πλεονασμοίῖ

2244 4704 2345 4777 τὴν
2366 4706 2473 4776 γῆν
2497 4706 2711 4776 ἐμίανε,
2736 4706 2985 4775 συνάγων
3015 4706 3137 4762 ὅθεν
3166 4707 3266 4762 οὐκ
3299 4705 3590 4779 ἔσπειρεν,
3622 4711 3732 4763 καὶ
3763 4710 3844 4762 8e-

2246 4799 2413 4873 ρίζων
2446 4799 2579 4854 ὅπου
2612 4798 2735 4872 μηδ’
2784 4800 3111 4873 ἐσκόρπισε·
3145 4801 3427 4873 γεωργῶν,
3479 4801 3547 4854 οὐ
3572 4800 3682 4873 τὴν
3717 4804 3841 4873 γῆν,

2244 4893 2385 4949 ἀλλὰ
2405 4893 2505 4965 τὴν
2530 4894 2724 4965 χρείαν
2751 4896 2861 4948 τῶν
2893 4894 3164 4967 δεομένων
3183 4911 3198 4926 ο
3242 4894 3271 4947 ὁ
3298 4894 3356 4949 δὲ
3388 4894 3657 4965 ἀπαρχὰς
3700 4897 3839 4951 ἄλω-

2246 5006 2337 5054 νος
2360 4989 2453 5043 καὶ
2484 4987 2648 5061 ληνοῦ
2666 4988 2755 5043 τὸν
2787 4988 2965 5044 πάντα
2992 4988 3261 5044 δεδωκότα
3290 4987 3424 5041 Θεὸν
3454 4988 3839 5062 ἀπεστέρησε,

2245 5084 2341 5137 καὶ⁵
2368 5083 2593 5152 γέγονεν
2637 5082 2934 5155 ἀχάριστός
2986 5101 3046 5138 τε
3100 5082 3239 5154 δμοῦ
3271 5083 3365 5137 καὶ
3399 5081 3667 5153 ἀνόητος,
3700 5086 3839 5154 μήτε

2245 5176 2388 5245 ὐπέρ
2416 5167 2493 5229 ὧν
2515 5174 2673 5248 ἔσχεν
2695 5176 3116 5249 εὐχαριστήσας,
3147 5176 3271 5231 οὐδέ
3294 5176 3356 5231 τδ
3389 5175 3594 5247 μέλλον
3627 5177 3834 5246 mea;

2246 5270 2671 5342 εὐγνωμοσύνης
2700 5269 3289 5342 πραγματευσάμενος.
3333 5270 3390 5324 '0
3422 5270 3483 5325 δέ
3516 5272 3709 5345 χήραν
3740 5272 3832 5326 καὶ

2244 5363 2485 5435 ὀρφανὸν
2548 5363 2648 5419 οὐκ
2700 5364 2956 5436 ἠλέησεν,
2992 5364 3114 5419 οὐδὲ
3168 5364 3477 5437 μετέδωκεν
3532 5366 3714 5439 ἄρτου
3739 5370 3831 5424 καὶ

2244 5453 2454 5526 τροφῆς
2485 5454 2672 5525 ὀλίγης
2713 5454 2792 5527 τῷ
2841 5456 3104 5528 δεομένῳ,
3145 5456 3349 5530 μᾶλλον
3389 5457 3448 5512 δὲ
3498 5458 3734 5533 Χριστῷ
3762 5462 3837 5532 τῷ

2246 5548 2569 5621 τρεφομένῳ
2602 5548 2691 5603 διὰ
2714 5548 2826 5604 τῶν
2853 5549 3065 5623 μικρῶν
3090 5550 3465 5623 τρεφομένων.
3517 5552 3583 5607 Ὀ
3611 5555 3669 5609 δὲ
3718 5557 3834 5609 ea"

2247 5642 2521 5696 ταπεινῶν
2580 5641 2846 5709 ἐξέκλινε,
2897 5642 2994 5697 καὶ
3025 5642 3363 5712 ἐπλαγίασεν
3408 5645 3470 5699 ἐν
3507 5647 3727 5713 ἀδίκοις
3754 5649 3831 5701 δί-

2248 5753 2424 5790 καιον.
2488 5735 2546 5789 Ὀ
2608 5734 2664 5789 δὲ
2722 5735 2881 5790 ἔθυσε
2920 5739 2987 5810 τῇ
3022 5735 3216 5791 ἑαυτοῦ
3247 5741 3467 5813 σαγήνῃ
3503 5740 3676 5794 πολλὰ
3710 5760 3827 5796 σνν-

2249 5828 2479 5902 αγούσῃ,
2524 5828 2617 5884 καὶ
2641 5828 2737 5901 τὴν
2769 5828 3025 5903 ἀρπαγύν
3049 5829 3140 5887 τοῦ
3170 5833 3387 5902 πτωχοῦ
3427 5835 3485 5889 ἐν
3518 5836 3629 5900 τοῖς
3657 5838 3825 5900 οἶκος
