4014 6302
292 395 428 466 1505

1524 383 1760 446 SACRA
1802 380 2268 443 PARALLELA.

3419 379 3561 445 1506

287 511 446 581 ἔχων,
473 507 507 580 ἢ
539 508 639 562 οὐκ
699 502 950 580 ἐμνήσθη
979 499 1139 567 Θεοῦ,
1171 499 1205 573 ἦ
1233 497 1420 563 κακῶς
1455 494 1728 568 tamen;
1763 487 1870 547 Εὐ-

1990 509 2099 549 iem
2152 509 2255 550 nec
2313 492 2577 566 exiguum
2628 493 2816 550 cibum
2869 491 3165 562 indigenti,
3217 506 3315 547 seu
3374 504 3559 563 potius

287 603 514 676 λογητδς
559 601 787 674 Κύριος,
839 597 1031 662 είπὼν,
1079 595 1162 650 ὅτι
1217 591 1682 662 πεπλουτήκαμεν
1709 601 1722 616 ⁸
1775 586 1873 676 καὶ

287 673 559 751 ὑπέλαϐεν
572 673 801 765 ἀνομίαν
829 692 905 756 ὡς
942 691 1071 762 παρ’
1109 685 1278 742 αὑτοῦ
1305 684 1486 741 πάντα
1524 681 1684 753 ἔχων,
1711 679 1773 747 ἐξ
1794 673 1872 734 ῶν

288 788 704 859 κολασθήσεται.
742 783 841 838 Διὰ
859 781 1035 836 ταῦτα
1065 781 1177 851 γὰρ
1229 777 1468 848 ἔρχεται
1497 774 1538 844 ἡ
1584 771 1732 844 ὀργὴ
1762 769 1872 826 τοῦ

289 881 440 938 Θεοῦ
463 880 560 936 ἐπὶ
593 879 737 946 τοὺς
782 875 953 943 υἱοὺς
993 873 1105 942 τῆς
1139 869 1467 934 ἀπειθείας.
1505 865 1604 921 Διά
1631 865 1806 919 ταῦτα
1837 863 1872 935 ἢ

289 978 534 1034 κλείεται
585 977 614 1029 ό
661 972 913 1046 οὐρανὸς,
974 968 1010 1040 ἢ
1059 965 1250 1030 κακῶς
1306 962 1607 1031 ἀνοίγεται.
1638 958 1704 1012 Τί
1735 957 1874 1031 πρὸς

285 1073 460 1130 ταῦτα
490 1073 539 1126 oi
567 1067 1004 1143 προσκυνοῦντες
1025 1061 1118 1117 τὸν
1152 1061 1356 1132 χρυσὸν
1389 1055 1488 1110 καὶ
1513 1054 1605 1108 τὸν
1632 1053 1876 1125 ἄργυρον

286 1170 362 1232 ὡς
401 1165 501 1236 τὴν
540 1161 727 1228 Βαάλ;
763 1159 828 1214 Ol
854 1157 1218 1227 περιέποντες
1244 1150 1356 1205 τῶν
1391 1148 1556 1202 λίθων
1585 1145 1684 1208 τὰς
1707 1144 1878 1198 πολυο

290 1257 502 1322 τελείας
541 1255 637 1311 καὶ
664 1252 970 1320 διαυγείας,
1009 1247 1108 1304 καὶ
1135 1245 1233 1319 τὴν
1253 1243 1461 1312 ἐσθῆτα
1491 1239 1592 1313 τὴν
1622 1237 1878 1312 μαλακήν

293 1370 344 1406 τε
393 1351 490 1405 καὶ
549 1347 980 1421 περιρρέουσαν,
1014 1339 1194 1414 σητῶν
1221 1335 1470 1408 δαπάνην
1508 1334 1606 1389 καὶ
1638 1332 1874 1405 λῃστῶν,

294 1447 385 1500 καὶ
411 1444 714 1516 τυράννων,
751 1441 848 1495 καὶ
872 1436 1124 1494 κλεπτῶν
1167 1431 1630 1505 θησαυρίσματα;
1656 1429 1704 1481 οἱ
1733 1426 1877 1498 πλη-

292 1540 370 1592 θει
404 1536 746 1609 γαυριῶντες
775 1529 1126 1604 ἀνδραπόδων
1156 1528 1253 1582 καὶ
1282 1521 1670 1597 τετραπόδων;
1699 1519 1878 1582 οίτοΐς

293 1633 499 1696 πεδίοις
533 1627 1025 1702 ἐμπλατυνόμενοι,
1061 1621 1300 1684 καὶτοῖς
1330 1620 1506 1692 ὄρεσι,
1537 1616 1633 1670 καὶ
1668 1613 1739 1668 τὰ
1776 1611 1879 1702 μὶν

292 1721 530 1791 ἔχοντες,
565 1701 633 1772 τὰ
662 1715 719 1770 δὲ
749 1712 1306 1786 προσλαμϐάνοντες;
1335 1709 1401 1762 Τί
1428 1708 1488 1763 δὲ
1513 1709 1561 1761 oi
1582 1707 1700 1768 τοῖς
1736 1701 1878 1773 ὑψη-

293 1813 405 1878 λοῖς
435 1811 654 1885 θρόνοις
690 1806 1172 1879 ἐπικαθεζόμενοι,
1208 1804 1304 1859 καὶ
1346 1801 1448 1875 τὴν
1474 1799 1710 1873 ἀρχικὴν
1744 1813 1881 1867 σκη-

293 1904 390 1975 νὴν
414 1905 684 1974 αἴροντες,
715 1900 811 1954 καὶ
844 1898 920 1971 μὴ
947 1896 1294 1968 λογιζόμενοι
1320 1894 1412 1947 τὸν
1429 1893 1521 1947 ἐπὶ
1552 1893 1686 1946 πᾶσι
1719 1887 1876 1953 Θεὸν,

293 1999 472 2054 καὶτὸ
504 1995 800 2068 ἀπρόσιτον
824 1993 959 2064 ὕψος
1010 1990 1112 2061 τῆς
1140 1986 1405 2058 ἀληθινῆς
1449 1982 1755 2058 βασιλείας,
1790 1981 1882 2036 ἵνα

291 2094 369 2158 ὡς
405 2090 712 2165 ὁμοδούλων
771 2087 880 2141 τῶν
926 2083 1187 2156 ὑπηκόων
1231 2082 1500 2153 ἄρχωσιν,
1533 2079 1586 2132 οί
1617 2076 1722 2146 τῆς
1756 2074 1881 2144 ἴσης

293 2186 541 2258 δεόμενοι
599 2179 1049 2254 φιλανθρωπίας;
1103 2176 1299 2231 σκόπει
1361 2174 1418 2229 δέ
1485 2190 1578 2244 μοι
1611 2170 1710 2226 καὶ
1737 2168 1882 2258 robe

294 2254 892 2337 κατασπαταίῶντας
943 2271 1043 2327 ἐπὶ
1071 2268 1298 2325 κλινῶν
1342 2263 1774 2337 ἐλεφαντίνων,
1804 2254 1880 2315 ὧν

297 2370 478 2434 καλῶς
505 2369 700 2432 ὁθεῖος
747 2364 931 2436 Ἀμὼς
986 2364 1353 2430 καθάπτεται,
1399 2360 1501 2414 καί
1559 2358 1631 2412 τὰ
1677 2354 1883 2426 πρῶτα

290 2465 451 2534 μύρα
474 2465 851 2534 χρωμένους.

1971 588 2220 656 Christo,
2253 588 2346 661 qui
2379 604 2476 659 per
2499 589 2760 660 parvulos
2789 588 2917 644 illos
2934 602 3074 658 quos
3104 587 3331 653 alimus,
3363 587 3557 642 alitur.

1971 685 2130 740 Alius
2174 698 2395 740 rursum
2437 683 2582 741 viam
2626 682 2921 737 humilium
2971 679 3220 746 deﬂexit,
3256 687 3310 735 et
3345 679 3559 750 iustum

1972 776 2199 846 iniustis
2227 775 2542 833 rationibus
2577 784 2955 832 transversum
2974 776 3107 845 egit.
3136 773 3189 827 In
3215 775 3392 845 portis
3431 788 3560 829 cor-

1977 869 2269 941 ripientem
2298 869 2446 925 alius
2481 868 2610 922 odio
2633 867 2849 923 habuit.
2878 868 3033 922 Alius
3057 865 3295 936 denique
3320 866 3422 920 reti
3459 880 3564 920 suo

1975 963 2150 1019 multa
2177 962 2470 1034 colligenti
2531 959 2864 1025 immolavit,
2914 959 3289 1030 pauperisque
3320 959 3560 1029 praedam

1974 1055 2126 1110 domi
2160 1054 2377 1121 habuit,
2410 1063 2506 1108 aut
2537 1051 2631 1108 Dei
2666 1052 2987 1108 memoriam
3037 1066 3102 1106 ex
3139 1051 3326 1107 animo
3358 1051 3562 1122 eiecit;

1976 1158 2066 1204 aut
2093 1159 2243 1205 certe
2273 1147 2426 1204 illius
2454 1147 2599 1202 male
2623 1146 2947 1202 recordatus
2983 1153 3092 1209 est,
3117 1144 3306 1200 dicens
3345 1161 3361 1196 :
3388 1143 3563 1200 Bene.

1976 1242 2158 1298 dictus
2193 1239 2486 1307 Dominus,
2508 1239 2640 1312 quia
2666 1239 2867 1296 divites
2918 1239 3050 1295 facti
3089 1254 3324 1305 sumus;
3346 1239 3481 1310 quin
3511 1248 3568 1292 et

1978 1333 2332 1406 iniquitatem
2360 1334 2647 1405 cegitavit,
2683 1348 2748 1388 ac
2768 1333 2814 1388 si
2847 1349 2947 1404 per
2975 1348 3100 1389 sese
3129 1349 3192 1388 ea
3224 1342 3567 1388 consecutus

1977 1433 2149 1488 esset,
2190 1439 2256 1479 ex
2291 1423 2494 1494 quibus
2525 1423 2862 1494 supplicium
2891 1424 3156 1494 patiatur.
3192 1421 3425 1493 Propter
3450 1423 3567 1478 hare

1978 1518 2118 1574 venit
2143 1518 2226 1572 ira
2253 1515 2352 1572 Dei
2371 1517 2427 1570 in
2454 1516 2599 1586 ﬁlios
2630 1516 2938 1586 difﬁdentia:
2963 1515 3184 1588 (Epltes.
3224 1520 3281 1583 ν,
3319 1516 3396 1588 6).
3431 1515 3568 1571 Pro-

1981 1619 2102 1682 pter
2144 1610 2280 1674 haec,
2343 1610 2426 1663 vel
2452 1608 2735 1664 clauditur
2781 1609 3005 1674 cmlum,
3042 1609 3127 1665 vel
3171 1609 3225 1664 in
3261 1608 3567 1680 perniciem

1981 1710 2234 1759 nostram
2261 1701 2525 1774 aperitur.
2550 1701 2692 1767 Quid
2725 1701 2792 1756 ad
2812 1702 2926 1757 haec
2953 1701 3333 1772 dicemus,qui
3370 1717 3568 1757 aurum

1983 1804 2036 1852 et
2065 1803 2382 1866 argentum,
2435 1794 2584 1851 haud
2652 1809 2819 1851 secus
2864 1809 2930 1850 ac
2982 1794 3060 1850 illi
3094 1796 3377 1866 quondam
3413 1794 3568 1858 Baal,

1908 1881 1951 1937 Β
1981 1887 2311 1944 adoramus?
2334 1887 2427 1958 qui
2490 1901 2836 1958 gemmarum
2887 1887 3080 1942 luxum
3125 1895 3181 1942 et
3216 1887 3573 1955 splendorem

1983 1979 2393 2051 persequimur,
2430 1986 2722 2051 vestesque
2771 1979 2964 2036 molles
2991 1988 3043 2036 et
3086 1980 3420 2048 difﬂuentes,
3449 1995 3574 2052 qua

1983 2089 2014 2129 a
2051 2073 2219 2129 tineis
2245 2072 2638 2137 absumuntur,
2663 2081 2718 2128 et
2742 2071 3056 2128 latronibus
3087 2073 3473 2146 tyrannisque,
3508 2087 3574 2128 ac

1983 2165 2201 2222 furibus
2228 2165 2654 2221 reconduntur?
2692 2166 2786 2237 qui
2847 2181 3134 2222 servorum
3170 2177 3224 2222 et
3257 2168 3574 2239 quadrupe-

1984 2259 2115 2315 dum
2147 2259 2413 2330 gregibus
2461 2258 2777 2330 gestimus?
2825 2261 2924 2330 qui
2982 2258 3299 2316 latifundiis
3320 2267 3374 2316 et
3410 2275 3572 2316 mon-

1989 2353 2138 2410 tibus
2170 2353 2492 2419 dilatamur,
2528 2361 2693 2424 atque
2712 2352 2818 2407 alia
2861 2353 2973 2422 iam
3013 2353 3307 2420 habemus,
3340 2354 3447 2408 alia
3472 2354 3574 2408 ad-

1983 2443 2307 2515 iungimus?
2337 2441 2479 2510 Quid
2543 2457 2675 2499 vero
2731 2443 2936 2498 dicturi
2996 2453 3149 2511 sunt,
3191 2445 3285 2516 qui
3319 2443 3575 2501 sublimi-

299 2559 403 2611 bus
439 2557 665 2612 thronis
693 2553 960 2618 insident,
987 2551 1321 2624 imperiique
1343 2550 1552 2607 larvam
1581 2541 2003 2614 attolluntiqui
2031 2552 2134 2596 nec
2173 2537 2425 2592 omnium
2475 2537 2780 2609 principem
2823 2535 3019 2600 Deum,
3070 2552 3172 2594 nec
3227 2539 3575 2595 inaccessum

295 2653 415 2706 veri
471 2650 630 2724 regni
699 2649 976 2721 fastigium
1030 2657 1312 2719 reputant,
1343 2655 1406 2702 ut
1464 2642 1754 2702 conservis
1831 2648 2096 2709 tanquam
2145 2631 2388 2690 subditis
2461 2631 2772 2702 imperent,
2841 2631 3032 2686 eadem
3097 2631 3203 2702 ipsi
3284 2631 3575 2685 clementia

298 2745 652 2818 indigentes?
685 2743 806 2800 Jam
839 2757 934 2799 eos
963 2757 1188 2814 quoque
1231 2741 1368 2797 mihi
1408 2737 1707 2796 considera
1761 2749 1905 2807 quos
1958 2732 2182 2787 divinus
2243 2729 2416 2783 Amos
2478 2725 2696 2798 egregie
2741 2725 3088 2798 perstringit,
3140 2725 3238 2796 qui
3301 2725 3358 2779 in
3424 2725 3575 2781 lectis

294 2839 542 2896 eburneis
567 2836 909 2903 deliciantur,
936 2835 1225 2906 primisque
1240 2833 1529 2904 unguentis
1551 2827 1946 2902 perfunduntur
1968 2824 2154 2896 (Amas
2188 2837 2261 2885 vn,
2296 2819 2400 2891 4.).

371 2931 558 2997 ’Ᾱξιὸν
579 2946 662 2984 σοι
676 2928 779 3000 τῆς
803 2929 1010 3000 σπορᾶς
1035 2927 1099 2980 τὸ
1126 2926 1285 2998 θέρος
1309 2941 1324 2957 ο
1346 2923 1577 2995 Πικρίαν
1596 2923 1886 2992 ἔσπειρας

2069 2916 2128 2970 S.
2169 2910 2287 2966 Nili
2341 2910 2421 2966 uel
2485 2908 2545 2966 S.
2586 2908 2743 2982 (ἶνες.
2785 2908 3042 2980 Nysseni,
3095 2908 3212 2965 vide
3251 2918 3391 2966 orat.
3422 2908 3578 2976 6,De

297 3024 503 3096 δρέπου
555 3020 626 3075 τὰ
673 3019 1005 3092 δράγματα·
1053 3017 1113 3070 τὸ
1174 3015 1393 3080 ἁνελεές
1447 3013 1755 3086 ἐτίμησαςς
1797 3009 1888 3082 ἔχε

1995 3007 2136 3062 beat.
2166 3005 2491 3076 -—Dignam
2557 3011 2811 3060 semente
2865 3017 3104 3060 messem
3160 3001 3322 3060 facis.
3349 3003 3579 3058 Acerbi-

299 3120 438 3191 ὅπερ
458 3116 778 3188 ἠγάπησας.
815 3112 1058 3182 Ἐςρυγες
1087 3111 1180 3165 τὸν
1231 3109 1414 3174 ἔλεονς
1448 3107 1711 3178 φεύξεταί
1737 3121 1796 3159 σε
1826 3103 1890 3158 τὸ

300 3210 471 3272 ἔλεος.
513 3204 817 3271 Ἐὃδελύξω
854 3203 946 3259 τὸν
973 3202 1194 3276 πτωχόν
1223 3217 1240 3271 ;
1285 3197 1640 3274 βδελύσσεταί
1669 3213 1729 3252 σε
1758 3198 1788 3251 ὁ
1813 3195 1884 3250 δι’
1917 3243 1960 3302 C

305 3303 453 3377 ἡμᾶς
476 3298 823 3372 πτωχεύσας.

375 3561 573 3630 Οὐδείς
630 3577 768 3617 ποτε
820 3558 1130 3632 κερδαίνειν
1174 3556 1387 3627 γίνεται
1435 3554 1623 3625 κόρος,
1661 3551 1798 3608 ἀλλὰ
1831 3551 1892 3607 τὸ

302 3660 394 3714 ἀεὶ
459 3654 899 3729 λαμϐανόμενον,
945 3651 1048 3722 ὕλη
1103 3651 1201 3705 καὶ
1250 3648 1585 3719 ὑπέκκαυμα
1641 3646 1745 3717 τῆς
1793 3643 1890 3700 τοῦ

305 3751 553 3815 πλείονος
575 3749 875 3820 ἐπιθυμίας
902 3745 1252 3802 καθίσταται.

375 3845 469 3918 Μὴ
499 3844 692 3918 ἁπόρει
724 3843 854 3908 τοὺς
879 3842 1144 3914 πένητας.
1176 3837 1501 3912 Είσέρχεται
1541 3837 1570 3891 ὁ
1600 3838 1772 3908 πένης
1810 3835 1892 3899 εἰς

303 3937 406 4007 τὴν
438 3937 608 4009 αὐλήν
645 3953 741 3989 σου
793 3933 974 4006 ζητῶν
1043 3931 1287 4004 ἐντολὴν,
1335 3931 1431 3986 καὶ
1462 3929 1744 3985 ἀναλίσκει
1797 3927 1893 3982 δύο

305 4029 457 4102 ῶρας
490 4028 659 4100 μηδὲν
682 4027 884 4083 λαϐὼν.
917 4027 1027 4082 Καὶ
1058 4026 1231 4081 ἐνίοτε
1269 4025 1583 4089 ἐπιτάττεις
1618 4023 1697 4096 τῷ
1719 4023 1893 4093 δούλῳ

309 4141 407 4178 σου
441 4124 623 4195 βαλεῖν
674 4122 837 4176 αὑτὸν
886 4121 1011 4186 ἔξω.
1071 4120 1186 4174 Οὐκ
1230 4119 1473 4191 ιἕλκουσας
1515 4117 1610 4172 τοῦ
1647 4116 1890 4188 Χριστοῦ

305 4217 562 4288 λέγοντος
578 4233 591 4250 ·
614 4217 719 4283 Ε’ίς
739 4214 818 4284 ἣν
848 4214 900 4268 δ’
930 4215 1008 4269 ἂν
1027 4215 1211 4269 πόλιν
1230 4213 1578 4281 εἰσέρχεσθε
1607 4212 1646 4281 ἢ
1670 4212 1890 4278 οἰκίαν,

305 4312 514 4367 εἴπατε
542 4308 622 4378 τῷ
650 4311 794 4379 οἴκῳ
819 4295 1045 4375 siam.)-
1078 4307 1306 4376 Εἰρήνη
1333 4306 1495 4377 ὑμῖν.
1528 4305 1637 4362 Kal
1666 4307 1744 4360 ἂν
1778 4305 1894 4376 μὲν

306 4401 401 4478 ᾖή
430 4405 587 4459 οίκία
615 4402 757 4470 ἀξία
786 4401 1053 4472 ειρήνης,
1084 4400 1122 4469 ἡ
1149 4399 1358 4470 εἰρήνη
1382 4397 1550 4470 ὑμῶν
1563 4399 1657 4453 ἐπ’
1675 4397 1888 4464 αὐτήν·

309 4503 362 4553 εὶ
379 4496 447 4551 δὲ
473 4495 581 4568 μὴ,
601 4493 951 4559 ἐκτινάξατε
969 4491 1064 4546 καί
1084 4491 1193 4545 τὸν
1220 4491 1533 4558 κονιορτόν
1555 4487 1674 4544 τῶν
1689 4487 1893 4542 ποδῶν

1996 3105 2164 3156 tatem
2202 3096 2537 3155 seminasti?
2590 3096 2906 3167 manipulos
2937 3095 3157 3168 collige.
3190 3095 3578 3152 Inhumanita-

1996 3187 2569 3246 temcoluistiihabe
2632 3187 2783 3257 quod
2855 3187 3080 3243 amasti.
3133 3186 3576 3244 Misericordiam

1995 3281 2187 3352 fugisti
2215 3281 2236 3336 ‘l
2262 3279 2648 3336 misericordia
2674 3286 2726 3335 te
2759 3278 2953 3351 fugiet.
2986 3278 3294 3351 Panperem
3320 3294 3579 3336 exsecra-

1993 3383 2082 3432 tus
2113 3374 2212 3431 es?
2243 3372 2631 3430 exsecrabitur
2686 3380 2742 3430 te
2772 3372 2869 3428 ille
2907 3373 3002 3444 qui
3037 3372 3218 3429 nostri
3239 3387 3404 3429 causa
3441 3389 3580 3445 pau-

1993 3475 2262 3539 pertatem
2291 3464 2488 3520 subiit.

2067 3558 2229 3616 Nulla
2263 3573 2507 3630 unquam
2559 3556 2792 3614 satietas
2839 3557 3022 3613 oritur
3053 3571 3069 3610 :
3099 3571 3292 3613 verum
3345 3556 3398 3613 id
3428 3556 3580 3628 quod

1995 3670 2215 3725 semper
2245 3653 2576 3720 assumitur,
2625 3651 2785 3725 plura
2838 3653 3274 3725 concupiscendi
3321 3656 3580 3710 materies

1993 3756 2047 3804 et
2082 3747 2258 3802 fomes
2291 3743 2546 3802 eﬂicitur.

2063 3840 2126 3897 S.
2177 3839 2565 3912 Chrysostomi.
2604 3868 2674 3879 —
2729 3837 3013 3910 Pauperes
3074 3856 3144 3896 ne
3204 3839 3578 3897 abdicaveris.

1994 3931 2308 4005 Ingreditur
2361 3933 2416 3988 in
2451 3941 2577 3988 tuas
2609 3930 2753 3987 aedes
2786 3947 2994 4003 pauper
3041 3932 3244 4006 stipem
3298 3950 3578 4005 quaerens.

1993 4034 2048 4082 et
2084 4026 2224 4083 duas
2250 4027 2414 4081 horas
2443 4025 2650 4082 frustra
2700 4027 2956 4080 insumit.
2987 4024 3136 4093 Quin
3167 4028 3336 4082 etiam
3372 4026 3581 4083 famulo

1995 4118 2272 4176 interdum
2303 4119 2544 4190 imperas
2579 4130 2674 4174 tuo
2710 4127 2770 4173 ut
2800 4135 2927 4174 eum
2953 4120 3212 4176 extrudat
3242 4122 3424 4176 domo.
3457 4119 3579 4177 Non

1994 4213 2277 4269 Christum
2317 4212 2593 4268 dicentem
2639 4210 2806 4284 496
2841 4213 3086 4268 audisti?
3135 4212 3198 4268 In
3215 4231 3582 4284 quamcunque

1994 4305 2210 4361 domum
2255 4305 2602 4369 intraveritis,
2650 4306 2807 4358 dicite
2849 4305 2970 4359 huic
3005 4307 3189 4360 domui
3223 4324 3241 4363 :
3271 4307 3392 4362 Pax
3410 4304 3577 4364 vobis.

1995 4395 2066 4452 Et
2097 4400 2142 4451 si
2167 4397 2327 4467 fuerit
2357 4396 2456 4450 illa
2484 4396 2675 4451 domus
2727 4397 2890 4468 digna
2926 4413 3074 4466 pare,
3117 4401 3402 4468 requiescet
3424 4416 3583 4470 super

1994 4509 2111 4548 eam
2138 4509 2244 4562 pax
2264 4501 2440 4546 uestra
2469 4506 2488 4544 :
2517 4491 2601 4545 sin
2624 4498 2820 4555 autem,
2849 4492 3078 4546 excutite
3114 4495 3274 4547 etiam
3315 4494 3581 4562 pulverem

310 4592 498 4664 ὑμῶν.
529 4589 719 4661 Ἀμὴν
763 4588 919 4658 λέγω
966 4584 1141 4657 ὑμῖν
1173 4585 1569 4653 ἀνεκτότερον
1610 4583 1784 4638 ἔσται
1814 4580 1888 4653 τῇ

1996 4584 2186 4654 pedum
2212 4593 2529 4638 vestrorum.
2563 4584 2731 4638 Amen
2768 4585 2888 4638 dico
2915 4585 3082 4650 vobis,
3120 4585 3457 4640 tolerabilius
3479 4588 3581 4642 erit

311 4685 590 4754 Σοδόμων
617 4680 716 4736 καὶ
764 4680 1087 4750 Γομόῤῥων
1125 4677 1198 4731 ἐν
1231 4674 1306 4744 τῇ
1369 4676 1561 4746 ἡμέρᾳ
1592 4675 1820 4743 ἐκείνῃ,
1853 4673 1891 4743 ἢ

311 4776 393 4843 τῷ
419 4776 563 4843 οῑκφ
587 4775 818 4840 ἐκείνῳ.
871 4771 1194 4842 Είσέρχεται
1241 4767 1412 4840 πένης
1467 4767 1549 4832 είς
1588 4767 1687 4840 τὴν
1722 4766 1894 4837 αὐλήν

312 4889 430 4932 σου,
460 4870 556 4924 καὶ
593 4868 902 4930 ἐπιτάττεις
924 4864 1004 4936 τῷ
1034 4863 1207 4935 δούλῳ
1243 4881 1336 4916 σου
1363 4861 1546 4932 βαλεῖν
1579 4861 1744 4916 αὐτὸν
1767 4861 1891 4926 ἔξω.

324 4959 465 5013 Ἀλλ’
500 4961 599 5012 οὐκ
627 4953 798 5024 οἶδας,
830 4958 912 5009 ὅτι
943 4955 1037 5008 ἐὰν
1075 4954 1244 5026 βάλῃς
1268 4953 1359 5007 τὸν
1389 4953 1601 5023 πένητα
1635 4951 1759 5019 ἔξω,
1803 4952 1895 5006 τὸν

311 5055 546 5127 Χριστὸν
569 5052 818 5118 ἐδίωξας;
849 5049 1020 5113 Δύτδς
1044 5049 1154 5120 γὰρ
1182 5043 1357 5102 εἶπεν
1378 5046 1451 5099 '0
1479 5063 1532 5100 τι
1554 5046 1644 5100 ἐνί
1669 5047 1897 5100 τούτων

311 5147 432 5202 τῶν
465 5144 748 5216 ἀδελφῶν
776 5162 893 5214 μου
939 5141 1288 5208 ἐποιήσατε,
1353 5139 1486 5209 ἐμοι
1542 5137 1893 5209 ἐποιήσατε.

325 5240 510 5313 Ὁρᾷς,
561 5240 646 5294 ὅτι
695 5237 793 5292 ἐὰν
831 5236 1064 5308 ὑϐρίσῃς
1105 5234 1200 5288 τὸν
1253 5235 1488 5304 πένητα,
1535 5232 1626 5286 τὸν
1659 5232 1896 5306 Χριστὸν

315 5336 590 5407 ἠτίμασας
621 5350 637 5400 ;
671 5331 858 5385 Ταῦτα
886 5329 1053 5397 λέγω,
1113 5326 1209 5382 καὶ
1229 5326 1406 5395 λέγων
1455 5325 1516 5378 οὺ
1573 5324 1856 5396 παύσομαι
1878 5340 1894 5354 ·

315 5427 439 5498 ἐμοὶ
481 5426 581 5498 μὲν
601 5427 664 5479 τὸ
711 5422 894 5492 λέγειν
947 5422 1048 5476 οὐκ
1084 5419 1339 5492 ὀκνηρὸν,
1375 5421 1504 5491 ὑμῖν
1546 5418 1605 5472 δέ
1633 5416 1896 5486 ἀσφαλές.

313 5521 391 5576 Οὐ
422 5519 703 5591 παύσομαι
760 5517 902 5588 ὑμᾶς
954 5513 1248 5580 παιδεύων,
1280 5512 1386 5576 ἕως
1423 5505 1485 5565 οὗ
1523 5511 1770 5582 βελτίους
1798 5510 1899 5579 ,γί-

319 5612 494 5670 νεοθε.
527 5607 755 5674 Βλέπεις
787 5610 1016 5679 πένητα,
1040 5607 1139 5662 καὶ
1169 5608 1269 5661 οὐκ
1291 5605 1461 5670 ἐλεεῖς
1484 5621 1499 5672 ;
1525 5605 1648 5669 Πῶς
1676 5605 1900 5676 είσέρχη

319 5705 396 5770 είς
435 5703 533 5776 τὴν
580 5701 896 5774 ἐκκλησίαν,
959 5702 1054 5755 καὶ
1115 5698 1288 5772 εῠχῃ;
1340 5699 1461 5764 πῶς
1484 5699 1545 5753 τὸ
1581 5699 1758 5768 στόμα
1806 5715 1899 5754 σου

317 5796 574 5866 ἁνοίγεις,
628 5796 723 5850 καὶ
777 5793 1009 5865 ἐπικαλῇ
1073 5792 1165 5846 τὸν
1217 5791 1351 5845 Θεόν
1423 5807 1556 5858 σονς
1609 5791 1683 5845 Ob
1724 5791 1900 5861 (9061');

318 5890 382 5946 οὐ
409 5889 632 5964 τρέμεις
653 5905 667 5957 ;
690 5889 750 5941 οὐ
775 5887 1043 5955 δέδοικα;;
1074 5883 1310 5958 Εἰσὲρχῃ
1345 5885 1423 5950 εἰς
1464 5885 1562 5956 τὴν
1601 5884 1900 5958 ἐκκλησίαν

1998 4687 2156 4734 terra:
2184 4675 2538 4733 Sodomorum
2587 4685 2636 4730 et
2684 4674 3101 4732 Gomorrhorum
3150 4679 3205 4733 in
3254 4679 3580 4750 diejudicii,

1997 4788 2156 4843 quam
2187 4771 2369 4824 domui
2413 4769 2497 4824 illi
2557 4768 2768 4838 (Matth.
2802 4785 2858 4834 Χ,
2897 4769 3109 4840 12-15).
3135 4771 3452 4841 ingreditur
3485 4771 3585 4826 do-

1999 4879 2148 4918 mum
2188 4874 2338 4918 tuam
2362 4877 2589 4933 pauper,
2621 4872 2670 4919 et
2707 4877 2869 4919 servo
2893 4863 3151 4934 prmcipis
3183 4871 3242 4919 ut
3277 4879 3402 4919 eum
3432 4863 3582 4920 foras

1997 4955 2207 5027 eiiciat.
2274 4955 2357 5010 An
2424 4955 2672 5025 ignoras,
2705 4954 2751 5010 si
2794 4970 3090 5028 pauperem
3147 4956 3474 5018 excluseris.
3528 4968 3584 5013 te

1998 5047 2286 5104 Christum
2333 5045 2650 5118 pepulisse?
2712 5045 2891 5116 Ipsius
2927 5048 3076 5103 enim
3127 5063 3230 5103 vox
3260 5059 3391 5105 est:
3431 5049 3583 5116 Quod

1999 5142 2092 5197 uni
2136 5157 2201 5196 ex
2257 5141 2338 5196 his
2369 5141 2630 5210 fratribus
2690 5143 2817 5196 meis
2863 5142 3100 5211 fecistis,
3161 5145 3292 5196 mihi
3353 5145 3580 5214 fecistis.

2000 5233 2219 5306 (Matth.
2254 5250 2386 5301 xxv,
2411 5234 2524 5305 40).
2563 5233 2801 5290 Videsne
2851 5237 3336 5306 quemadmodum,
3373 5239 3417 5294 si
3451 5255 3584 5309 erga

1999 5343 2295 5400 pauperem
2324 5327 2766 5382 contumeliosus
2797 5326 2900 5392 sis,
2937 5326 3162 5383 Christo
3203 5329 3470 5399 iniuriam
3502 5332 3583 5386 fe-

2001 5420 2128 5476 cisti
2160 5419 2332 5475 ?Ha:c
2372 5419 2518 5487 dico,
2549 5436 2653 5477 nec
2674 5421 2858 5478 dicere
2887 5420 3162 5477 desinam.
3195 5419 3329 5475 Mihi
3360 5423 3583 5493 quidem

2001 5513 2153 5585 loqui
2181 5529 2290 5570 non
2324 5512 2562 5585 pigrum,
2589 5514 2747 5570 vobis
2777 5524 2962 5569 autem
2999 5523 3200 5569 tutum.
3240 5512 3431 5570 Finem
3459 5531 3584 5573 eru-

2002 5606 2190 5662 diendi
2225 5621 2320 5662 vos
2369 5621 2480 5662 non
2530 5615 2664 5661 ante
2719 5605 2940 5673 faciam,
2966 5622 3132 5679 quam
3161 5607 3425 5664 meliores
3458 5624 3585 5667 esse

2004 5701 2180 5756 factos
2243 5715 2606 5772 conspexero.
2659 5698 2963 5772 Panperem
3018 5701 3195 5768 vides,
3237 5716 3338 5756 nec
3368 5701 3489 5772 eius
3529 5711 3584 5760 te

2005 5792 2406 5860 miserit?Qua
2443 5793 2625 5850 fronte
2654 5793 2947 5850 ecclesiam
2993 5794 3322 5864 ingrederis,
3371 5806 3425 5850 et
3454 5805 3584 5854 vota

2009 5885 2183 5945 facis?
2213 5901 2320 5959 qua
2359 5888 2538 5944 fronte
2565 5904 2627 5945 os
2656 5889 2867 5961 aperis,
2895 5897 2948 5944 et
2979 5888 3072 5945 Dei
3103 5903 3262 5961 opem
3287 5890 3582 5963 imploras?
