4014 6302
509 379 643 446 1507

1727 371 1785 430 s.
1814 358 2142 430 JOANNIS
2172 351 2268 427 DA
2281 371 2612 437 nassam

3637 377 3771 445 1508

501 489 844 551 1λοιιιὶιιιειειῖ
891 502 1001 543 non
1052 485 1288 541 tremis?
1325 495 1433 539 non
1491 476 1917 553 perhorrescis?
1950 475 2064 531 Pre‘

2189 477 2482 556 ιύξασᾶιις
2510 485 2759 558 ποίησον.
2795 480 3185 564 ἐλεημοσύνην,
3218 492 3306 547 ἵνα
3333 492 3638 564 ὑπογραφῇ·
3681 508 3775 548 σου

499 586 666 645 candi
702 599 868 641 causa
898 583 955 639 in
987 581 1282 637 ecclesiam
1301 579 1458 634 venis
1478 576 1504 630 ?
1529 573 1615 631 fac
1645 573 2078 643 eleemosynatn,

500 690 561 736 ut
595 676 894 750 precationi
925 683 1035 730 tute
1078 671 1487 728 subscribatur.
1533 666 1815 724 Interdum
1851 661 2078 731 quidam

498 773 816 846 imperatori
851 771 1093 826 libellum
1135 767 1439 840 supplicem
1479 761 1745 827 offerunt,
1779 767 1834 815 et
1867 755 2080 813 idcirco

498 873 770 926 ducentos
815 874 1166 922 trcccntosve
1218 873 1484 917 nummos
1526 871 1728 912 aureos
1767 855 2076 918 insumunt;

495 979 599 1020 nec
623 971 805 1018 tamen
839 976 930 1014 res
974 958 1084 1014 illis
1135 970 1201 1011 ex
1259 950 1541 1010 sententia
1574 946 1844 1012 succedit,
1883 944 1977 1002 sed
2021 942 2106 1010 li—_

495 1057 678 1115 bellus
703 1063 968 1124 tanquam
1013 1048 1124 1105 vile
1181 1044 1407 1117 aliquod
1470 1029 2075 1115 legumen'retinetur‘;

495 1166 554 1210 tu
582 1166 716 1208 vero
759 1149 900 1205 duos
952 1145 1148 1202 obolos
1196 1139 1523 1213 impendere
1557 1150 1809 1207 recusas.
1858 1143 1916 1189 ut
1943 1147 2076 1202 sup-

493 1245 718 1320 plicatio
741 1253 833 1300 tua
871 1236 1292 1298 subscribalur?
1323 1234 1389 1289 Et
1424 1242 1678 1289 terrenus
1711 1227 1932 1300 quidem
1967 1227 2075 1282 im-

490 1350 710 1414 perator
755 1339 847 1394 hic
899 1331 1225 1396 subscribit,
1265 1344 1331 1384 ac
1372 1342 1517 1397 saepe
1549 1323 1752 1381 accidit
1787 1329 1847 1377 ut
1878 1327 2074 1376 contra

488 1411 656 1508 quam
681 1442 837 1504 optes
855 1427 1199 1493 subscribat;
1237 1432 1294 1477 at
1326 1421 1373 1478 si
1409 1420 1525 1476 Rex
1574 1432 1765 1490 regum
1816 1411 2073 1470 subscri-

487 1505 686 1601 pserit,
738 1535 862 1581 rata
919 1531 974 1579 et
1035 1521 1191 1576 firma
1239 1524 1346 1574 est.
1403 1513 1486 1568 An
1525 1526 1637 1567 non
1670 1510 1826 1564 vides
1855 1505 2072 1561 duobus

480 1600 672 1678 oboiis
694 1618 919 1676 viduam
966 1616 1073 1670 hoc
1107 1611 1334 1675 emisse,
1369 1606 1646 1678 utpctitio
1693 1619 1795 1660 sua
1828 1600 2076 1659 subscri-

489 1712 747 1770 beretur?
775 1712 954 1781 Atque
986 1707 1198 1764 idcirco
1237 1705 1348 1761 duo
1375 1711 1620 1760 crateres
1645 1705 1777 1754 ante
1805 1693 2072 1752 Ecclesia:

491 1806 640 1862 fores
677 1815 804 1861 sunt
840 1822 856 1861 :
893 1802 1127 1858 alterum
1175 1814 1332 1870 aqum
1367 1797 1424 1853 in
1455 1809 1568 1868 quo
1597 1805 1796 1848 manus
1830 1790 2072 1846 abluun-

2189 577 2224 648 ἡ
2250 575 2456 648 δέησις.
2495 580 2697 635 Ἐνίοτέ
2723 598 2871 648 τινες
2896 583 3236 640 εἰσϐάλλουσι
3263 585 3449 656 δέησιν
3481 584 3778 658 βασιλέως,

2189 669 2282 723 καὶ
2320 671 2672 737 ἀναλίσκουσι
2695 675 3001 742 διακοσίους
3032 677 3064 748 ἢ
3089 677 3434 748 τριακοσίους
3459 675 3781 749 χρυσίνουςν

2187 763 2286 817 καὶ
2325 765 2586 831 πολλάκις
2636 767 2728 832 πείς
2771 769 2929 822 οὐδὲν
2955 770 3138 833 αὐτοῖς
3182 771 3478 842 προχωρεῖ,
3534 768 3655 822 ἀλλ’
3702 767 3773 831 ὡς

2186 855 2430 928 χιδάριον
2461 859 2785 931 κατέχουσιν
2813 861 2978 916 αὐτόν
3002 879 3017 894 ο
3075 861 3170 916 καὶ
3201 863 3268 918 σὺ
3313 863 3411 917 δύο
3457 860 3670 916 ὀϐολῶν
3713 862 3774 914 οὐ

2186 947 2362 1013 θέλεις
2390 950 2776 1024 ύπογραφῆναι
2837 953 2933 1027 τὴν
2961 954 3148 1027 δέησίν
3177 973 3272 1010 σου
3299 972 3315 1022 ;
3366 953 3637 1010 Ἐνταῦθα
3677 954 3775 1025 μὲν

2187 1042 2440 1114 βασιλεὺς
2465 1047 2493 1102 ὀ
2524 1046 2763 1116 ἐπίγειος
2796 1047 3080 1120 ύποτράφε
3149 1049 3244 1104 καλ⁵
3266 1049 3526 1114 πολλάκις
3550 1048 3773 1103 ἐναντία

2171 1138 2331 1192 ,ἐστὶν
2357 1140 2391 1213 ἡ
2417 1139 2715 1214 ὑπογραφὴ
2747 1160 2759 1175 ο
2799 1142 2827 1198 ὀ
2858 1143 2916 1198 δὲ
2947 1142 3206 1210 Βασιλεὺς
3231 1144 3341 1198 τῶν
3374 1143 3778 1214 βασιλευόντων

2183 1230 2278 1286 ἐὰν
2307 1229 2623 1307 ὑπογράφῃ,
2679 1234 2992 1316 κεκύρωται
3030 1235 3125 1289 καὶ
3179 1234 3566 1308 βεδεὸαίωται.
3619 1231 3780 1300 Εἶδες

2181 1322 2367 1394 δέησιν
2411 1324 2506 1380 δύο
2553 1326 2757 1382 ὀϐόλων
2816 1328 3312 1401 ὑπογραφομένηνς
3357 1329 3446 1384 διὰ
3473 1329 3643 1384 τοῦτο
3687 1331 3781 1384 δύο

2122 1421 2125 1424 ’
2183 1417 2454 1490 κρατῆρες
2482 1417 2588 1490 πρὸ
2609 1418 2718 1474 τῶν
2739 1419 2920 1492 Θυρῶν
2944 1423 3048 1475 εἰσι
3075 1421 3175 1492 τῆς
3204 1421 3523 1493 ἐκκλησίας,
3553 1423 3657 1493 μία
3682 1423 3776 1476 τοῦ

2183 1507 2398 1577 ὓδατος,
2433 1515 2491 1565 ὲν
2524 1505 2748 1587 ᾗνίπτῃ
2785 1511 2885 1577 τὰς
2918 1515 3126 1586 χεῖρας,
3157 1513 3251 1567 καὶ
3281 1515 3442 1588 ἑτέρα
3475 1516 3660 1588 ήχεὶρ
3682 1517 3779 1569 τοῦ

2181 1602 2434 1676 πένητος,
2464 1596 2583 1680 ὲνῇ
2621 1605 2968 1679 ἀποσμήχεις
3015 1607 3112 1680 τὴν
3157 1608 3340 1682 ψυχήν
3370 1626 3489 1664 σου.
3524 1608 3781 1682 Είσέρχη

2178 1697 2261 1762 εἰς
2284 1697 2385 1770 τὴν
2414 1698 2732 1770 ἐκκλησίαν,
2766 1701 2862 1754 καὶ
2880 1701 3045 1771 νίπτῃ
3071 1700 3171 1766 τὰς
3192 1701 3384 1774 χεῖράς
3422 1719 3518 1756 σου
3541 1717 3554 1731 ’
3583 1702 3780 1765 ἐπίδος

2180 1792 2258 1855 εἱς
2285 1794 2445 1864 χεῖρα
2481 1791 2575 1846 τοῦ
2634 1793 2865 1864 πένητος
2901 1795 3106 1863 ὀϐολὸν,
3153 1795 3249 1850 καὶ
3288 1797 3642 1867 ἀποσμήχεις
3679 1797 3784 1864 τὴν

490 1910 599 1965 tur,
632 1899 867 1954 alterum
935 1905 1020 1952 cst
1072 1892 1336 1965 pauperis
1388 1903 1589 1946 manus
1639 1887 1694 1945 in
1753 1900 1863 1957 quo
1918 1883 2064 1938 labet

2177 1855 2506 1954 ψυχηνοου.
2549 1883 2676 1938 Ἐὰν
2739 1855 3011 1957 εἰσέλθῃς,
3045 1855 3140 1940 καὶ
3200 1885 3354 1958 εὔξῃ,
3387 1855 3668 1957 καὶ
3699 1855 3781 1956 τῷ

487 1995 686 2049 anima
741 1992 1167 2062 absterguntur.
1205 1983 1526 2058 ingrederis
1575 1981 1632 2037 in
1670 1978 1987 2044 ecclesiam,
2016 1984 2070 2033 et

485 2104 685 2146 manus
713 2093 836 2142 tuas
868 2083 1051 2139 abluis
1080 2101 1095 2138 :
1123 2080 1294 2152 injice
1341 2080 1396 2134 in
1423 2076 1688 2149 pauperis
1717 2087 1918 2128 manus
1937 2071 2072 2128 obo-

485 2187 624 2250 ium,
655 2192 709 2240 et
736 2181 935 2237 animat
970 2185 1244 2232 mactuam
1281 2170 1630 2228 absterseris.
1685 2167 1741 2224 Si
1780 2168 2068 2238 ingressus

488 2277 683 2345 fueris,
722 2285 1030 2344 manusque
1071 2267 1277 2324 laveris
1322 2273 1378 2322 et
1417 2264 1686 2329 oraveris,
1748 2275 1850 2318 nec
1879 2270 2067 2316 tamen

485 2369 714 2442 pauperi
767 2365 1012 2430 dederis,
1048 2361 1314 2434 quidnam
1350 2356 1612 2414 utilitatis
1661 2355 1729 2411 ad
1776 2363 1829 2410 te
1863 2369 1932 2410 ex
1966 2353 2071 2409 hac

486 2482 545 2520 re
565 2462 812 2520 redibit?
840 2461 983 2532 Opes
1040 2457 1233 2523 habes,
1294 2467 1504 2524 easque
1552 2451 1722 2506 humo
1769 2447 2063 2512 conditas;

482 2577 549 2616 ac
583 2570 981 2626 nonnunquam
1023 2552 1171 2608 fures
1222 2558 1388 2607 noctu
1427 2548 1679 2611 veniunt,
1712 2543 2068 2601 thesaurum-

483 2669 591 2724 que
619 2650 888 2707 effodiunt
915 2657 970 2705 et
999 2644 1316 2715 subripiunt
1340 2657 1354 2696 :
1377 2656 1441 2697 ac
1465 2654 1628 2697 mane
1647 2653 1903 2709 surgens,
1935 2651 2064 2693 eum

484 2745 807 2814 subreptum
837 2738 1046 2794 cernis.
1080 2735 1176 2794 Vis
1213 2735 1511 2791 facultates
1549 2737 1677 2787 tuas
1704 2729 1933 2784 minime
1964 2727 2064 2798 tibi

483 2838 634 2891 furto
662 2831 894 2890 subduci
918 2829 1111 2900 ?quod
1139 2827 1322 2884 dicam
1356 2825 1546 2882 facito.
1574 2824 1684 2880 Eas
1722 2820 1779 2878 in
1807 2829 2063 2877 ventrem
2102 2882 2107 2888 I

481 2940 782 3000 pauperum
813 2921 1114 2986 absconde,
1144 2929 1200 2977 et
1240 2931 1525 2988 nunquam
1575 2911 1867 2982 compilari
1907 2917 2072 2982 pote-

483 3032 636 3078 runt.
665 3018 800 3075 Nam
820 3019 867 3074 si
891 3017 946 3072 in
969 3024 1168 3070 terram
1187 3009 1493 3076 defoderis,
1511 3022 1604 3064 eas
1630 3007 1874 3062 amittes.
1901 3001 2064 3072 Quod

475 3115 527 3171 si
560 3127 671 3168 non
706 3107 942 3174 amittis,
1008 3105 1118 3162 illa:
1143 3103 1371 3176 quidem
1411 3099 1819 3165 servabuntur;
1850 3105 1906 3152 at
1935 3111 2061 3152 cum

478 3203 553 3259 iis
573 3211 702 3276 post
740 3200 1053 3257 discessum
1081 3213 1114 3254 e
1156 3197 1270 3252 vita
1305 3194 1591 3248 cariturus
1633 3191 1737 3256 sis,
1774 3189 2059 3261 quidtan-

477 3299 607 3352 dem
647 3292 748 3350 tibi
781 3293 1087 3365 profutura:
1135 3287 1306 3346 sunt?
1333 3284 1465 3356 quid
1519 3291 1572 3340 te
1602 3281 1959 3340 cumulandis
1978 3280 2063 3337 di-

480 3389 636 3446 1vitiis
691 3389 927 3461 fatigas;
977 3401 1104 3442 cum
1152 3383 1248 3438 alii
1277 3382 1333 3436 in
1369 3377 1660 3435 facultates
1699 3386 1824 3433 tuas
1848 3377 2062 3447 ingres-

472 3482 599 3537 ειη-ἰ
629 3482 761 3548 sint,
787 3479 881 3552 qui
934 3477 1092 3534 luxui
1139 3474 1474 3554 deliciisque
1523 3469 1940 3541 indulgebant?
1976 3469 2061 3522 An

479 3590 592 3634 non
618 3575 943 3647 prophetam
973 3569 1179 3628 audisti
1234 3567 1510 3625 dicentem
1552 3563 1946 3621 :Thesaurizat
1978 3561 2065 3617 di-

480 3682 594 3733 ves,
621 3676 670 3721 et
710 3666 924 3737 ignorat
958 3663 1045 3718 cui
1083 3659 1423 3733 congregabit
1456 3675 1518 3714 ea
1549 3656 1725 3730 (Psal.
1776 3671 1933 3723 xvnt,
1965 3655 2064 3728 7)?

482 3759 548 3815 Et
588 3761 642 3814 in
683 3760 795 3813 alio
827 3758 950 3813 loco
999 3770 1221 3812 rursum
1276 3754 1388 3810 ait:
1452 3751 1716 3820 [nsipiens
1772 3760 1820 3805 et
1863 3749 2059 3805 stuttus

480 3857 746 3926 peribunt,
798 3864 846 3908 et
891 3854 1180 3924 relinquent
1207 3850 1396 3904 alienis
1447 3847 1658 3902 divitias
1689 3863 1838 3901 suae.
1878 3843 2056 3920 (Psal.

477 3966 672 4016 sum,
736 3948 851 4019 Η).
887 3967 904 3999 ι
949 3947 1110 4002 Vides
1148 3942 1284 4017 quid
1335 3942 1404 4000 iis
1442 3943 1657 3998 accidat
1690 3941 1786 4012 qui
1819 3940 1876 3995 in
1911 3949 2057 3995 terra

479 4043 914 4102 thesaurizant?
944 4041 1029 4096 fac
1073 4040 1238 4113 igitur
1286 4037 1342 4094 in
1382 4037 1524 4093 caelo
1571 4035 1938 4100 thesaurizes,
1966 4033 2058 4087 ubi

478 4154 570 4192 nec
603 4138 745 4192 tinea
771 4134 1079 4198 demolitur,
1132 4147 1224 4187 nec
1283 4131 1472 4186 vermis
1521 4129 1775 4198 depascit,
1824 4145 1918 4184 nec
1969 4129 2059 4200 fur

439 4289 442 4292 ί
478 4227 674 4299 e/Iodit-
704 4225 926 4295 (Matth.
967 4224 1163 4290 ri,19,
1195 4223 1305 4291 9.0;
1336 4220 1470 4277 Luc.
1522 4236 1623 4289 xu,
1659 4221 1771 4293 33).
1807 4220 1853 4278 Ο
1888 4215 2078 4278 ωἰεειί

477 4330 531 4376 et
565 4319 910 4383 calamitose,
937 4324 1097 4373 terra!
1151 4316 1473 4371 thesaurum
1510 4322 1668 4368 tuum
1708 4313 1912 4378 credis,
1954 4328 2055 4368 nec

479 4413 590 4468 Deo
621 4411 801 4466 credis
821 4408 1029 4464 dicenti
1068 4427 1080 4464 :
1113 4405 1264 4474 Quod
1310 4424 1414 4462 uno
1449 4421 1514 4462 ex
1544 4405 1805 4476 fratribus
1836 4406 1965 4461 mei:
1982 4404 2054 4477 [e-

478 4505 648 4568 ristis,
680 4501 808 4557 mihi
867 4501 1068 4571 fecistis
1104 4498 1326 4571 (Matth.
1362 4516 1488 4566 xxv,
1517 4501 1651 4570 40)?
1695 4497 1871 4566 Quam
1924 4509 2051 4554 tan-

2177 1976 2452 2059 δὲπένητι
2485 1977 2559 2050 μὴ
2597 1977 2724 2050 δῷς,
2785 1979 2841 2033 τί
2890 1980 3118 2050 fleeing;
3171 1979 3403 2055 πλοῦτον
3454 1979 3626 2051 ἔχεις,
3681 1984 3780 2033 καὶ

2176 2069 2444 2142 κρύπτεις
2502 2071 2664 2126 αὐτὸν
2713 2073 2806 2126 ἐπὶ
2850 2073 2950 2144 τῆς
2982 2073 3104 2143 γῆς,
3152 2074 3246 2127 καὶ
3293 2075 3464 2128 ἐνίοτε
3511 2073 3775 2145 ἔρχονται

2175 2161 2370 2228 νυκτὸς
2404 2164 2658 2232 κλέπται,
2698 2166 2794 2220 καὶ
2849 2164 3163 2239 ὀρύσσουσι,
3204 2166 3295 2222 καὶ
3347 2165 3648 2221 κλέπτουσι
3677 2167 3774 2220 τὸν

2177 2255 2484 2328 Θησαυρόν
2544 2259 2638 2313 καὶ
2685 2258 2970 2314 ἀνίστασαι
3002 2259 3170 2333 πρωῒ,
3213 2261 3310 2315 καὶ
3338 2259 3556 2331 βλέπεις
3594 2261 3774 2316 αὐτὸν

2177 2349 2558 2422 σεσυλημένον.
2591 2350 2778 2416 Θέλεις
2797 2351 2872 2424 μὴ
2899 2352 3236 2425 πληθῆνακ
3261 2353 3288 2408 ὃ
3310 2352 3454 2422 λέγω
3477 2371 3579 2420 σοι,
3602 2353 3782 2408 τοῦτο

2175 2441 2422 2512 ποίησον,
2451 2443 2546 2497 καὶ
2574 2443 2831 2497 οὐδέποτε
2867 2445 3094 2498 συλᾶσαι
3113 2445 3194 2509 είς
3219 2445 3311 2498 τὸν
3331 2443 3527 2500 αἰῶνα.
3566 2443 3778 2498 Χῶσον

2174 2537 2337 2591 αὐτὸν
2365 2538 2444 2600 είς
2476 2533 2576 2608 τὴν
2608 2535 2814 2592 κοιλίαν
2835 2537 2946 2592 τῶν
2972 2538 3203 2610 πτωχῶν
3249 2539 3329 2609 τῷ
3366 2538 3600 2610 κινδύνῳ
3639 2555 3771 2610 μου,

2172 2626 2268 2681 καὶ
2287 2625 2550 2680 ὀὐδέποτε
2577 2625 2801 2681 δύναται
2828 2626 3150 2700 ωληοῆναι.
3191 2628 3318 2685 Ἐὰν
3349 2628 3406 2682 δὲ
3438 2627 3632 2701 χώσης
3666 2630 3778 2685 αύ-

2170 2719 2262 2775 τδν
2291 2721 2371 2784 εἰς
2402 2720 2503 2798 τὴν
2536 2723 2660 2793 γῆν,
2687 2720 2910 2786 ἀπολεῖς
2967 2720 3154 2777 αὺτόν.
3192 2721 3302 2777 Καὶ
3325 2723 3428 2778 ,ἐὰν
3460 2723 3772 2796 ἀπολέσῃς,

2141 2813 2144 2815 ’
2171 2799 2578 2883 φυλαχδήσεται
2600 2831 2614 2842 ·
2645 2815 2741 2867 καὶ⁸
2769 2814 2865 2868 ἐὰν
2896 2814 3038 2885 μετὰ
3063 2815 3163 2887 τὴν
3191 2814 3455 2887 τελευτήν
3475 2835 3573 2870 σου
3603 2819 3776 2883 ἐκτὸς

2170 2900 2336 2957 αὐτοῦ
2366 2898 2454 2976 ᾖς,
2478 2902 2532 2956 τί
2558 2920 2642 2957 σοι
2666 2903 2728 2958 τὸ
2750 2903 2975 2975 ὀφελοςς
3005 2903 3058 2960 τί
3077 2904 3310 2976 κάμνεις
3338 2907 3433 2960 καὶ
3467 2908 3774 2982 πλουτεῖςς

2170 2994 2265 3049 καὶ
2297 2994 2447 3049 ἄλλοι
2510 2995 2851 3068 εἰσέρχονται
2905 2999 2986 3060 εἰς
3035 2994 3103 3052 τὰ
3155 2997 3475 3071 ὑπάρχοντά
3513 3014 3636 3066 σου,
3678 3003 3779 3056 καὶ

2169 3085 2612 3160 κατατρυφῶσιν.
2646 3090 2761 3144 Οὐκ
2779 3089 3138 3163 ἠκουσαςητοῦ
3161 3093 3444 3167 προφήτου
3478 3093 3773 3163 λὲγοντος-

2171 3178 2522 3250 Θησαυριζει
2573 3185 2606 3238 ό
2653 3185 2976 3251 πλούσιος,
3002 3183 3102 3239 καὶ
3140 3180 3251 3242 οὐκ
3280 3181 3448 3242 οἶδεν
3465 3187 3585 3242 τινι
3609 3203 3776 3244 συν-

2166 3273 2298 3337 άξει
2325 3272 2517 3340 αὐτά;
2539 3275 2648 3330 Καὶ
2680 3276 2841 3333 πάλιν
2865 3276 3098 3351 ἀλλαχοῦ
3120 3279 3269 3349 λέγει
3293 3297 3307 3311 ο
3343 3299 3364 3332 ι
3405 3281 3646 3353 ’Ἄφρων
3673 3283 3775 3338 καὶ

2166 3367 2326 3432 ἄνους
2356 3367 2720 3423 ἀπολοῦνταιο
2755 3371 2849 3425 καὶ
2869 3372 3297 3444 καταλείψουσιν
3335 3367 3649 3446 ἀλλοτρίοις
3676 3376 3773 3431 τὸν

2167 3457 2401 3516 πλοῦτον
2430 3461 2631 3516 αὐτῶν.
2657 3481 2675 3515 ι
2719 3463 2879 3536 Ὁρᾷς
2904 3465 2958 3518 τί
2990 3465 3290 3536 πάσχουσιν
3315 3467 3366 3520 οἱ
3392 3467 3772 3539 θησαυρίζον-

2163 3573 2255 3620 τες
2282 3556 2376 3611 ἐπὶ
2408 3557 2509 3626 τῆς.
2534 3561 2672 3629 γῆς;
2703 3555 2840 3612 ἀλλὰ
2857 3557 3220 3632 θησαυρίζετε
3252 3555 3312 3613 ἐν
3337 3560 3578 3632 οὐρανῷ,
3598 3561 3767 3617 ὅπου

2162 3653 2274 3706 οὐκ
2302 3649 2486 3707 ἔστιν
2506 3652 2545 3721 ἠ
2585 3650 2726 3720 σῆς,
2763 3652 2907 3706 οὐδὲ
2931 3652 3182 3723 σκώληξ
3209 3656 3568 3722 κατεσθίων,
3611 3658 3772 3713 οὐδὲ

2160 3742 2401 3829 λῃστὴς
2455 3743 2818 3814 διορύσσων.
2844 3743 2914 3798 Ὦ
2945 3745 3095 3801 ἄθλιε
3130 3747 3225 3801 καὶ
3278 3747 3606 3819 ταλαίπωρε
3642 3767 3660 3781 ·
3697 3755 3766 3824 τῇ

2160 3837 2230 3908 γῇ
2261 3835 2537 3900 πιστεύεις
2565 3838 2657 3892 τὸν
2713 3836 2987 3912 θησαυρόν
3013 3858 3130 3908 σου,
3167 3843 3261 3895 καὶ
3296 3842 3374 3914 τῷ
3416 3841 3540 3912 Θεῷ
3565 3844 3636 3896 ού
3675 3862 3771 3899 πι-

2162 3930 2373 3995 στεύεις
2405 3929 2807 4002 τῷείπόντισὋ
2834 3932 2925 3987 ἐνὶ
2951 3932 3178 3989 τούτων
3196 3934 3318 3989 τῶν
3340 3932 3631 4005 ἀδελφῶν
3642 3954 3767 3993 σου

2159 4024 2507 4093 ἐποιήσατε,
2574 4027 2705 4098 ἐμοὶ
2761 4027 3126 4095 exactiones:
3188 4030 3356 4083 Ποίαν
3411 4033 3766 4106 συγγνώμην

2158 4115 2334 4183 ἓξεις;
2363 4116 2579 4188 Χρυσὺν
2601 4118 2773 4189 φιλεῖς
2799 4119 2890 4174 τὸν
2919 4121 3236 4193 αίμοόὀρον,
3276 4121 3366 4175 τὸν
3415 4125 3557 4178 πᾶσι
3590 4126 3768 4180 πολέ-

2162 4225 2303 4280 μιον,
2346 4211 2439 4264 καὶ
2462 4211 2593 4264 πᾶσι
2629 4211 2900 4276 ποθεινὸν,
2933 4212 3029 4266 τὸν
3078 4215 3183 4269 ὑπὸ
3229 4217 3450 4272 πάντων
3478 4217 3765 4291 φιλούμε-

2160 4321 2271 4368 νον,
2305 4304 2400 4358 καὶ⁸
2429 4305 2596 4359 πᾶσιν
2621 4305 3064 4375 ὲπιῦουλεύοντα,
3096 4308 3188 4364 τὸν
3227 4311 3526 4384 δραπέτην,
3551 4314 3655 4369 τὸν
3691 4317 3766 4370 οξ-

2157 4400 2344 4470 κέτην,
2377 4398 2471 4453 τὸν
2493 4399 2786 4472 ἀγνώμονα
2811 4417 2826 4469 ;
2849 4403 2964 4456 Οὐκ
2998 4399 3150 4470 οἶδας
3179 4401 3289 4471 οἷός
3332 4408 3484 4470 ἐστιν
3520 4411 3551 4463 ὀ
3581 4407 3760 4465 1:106-

2155 4509 2282 4560 τος;
2334 4493 2590 4567 καθάπερ
2646 4495 2819 4568 πόρνη
2881 4498 3261 4568 ἀσυνείδητος,
3311 4499 3487 4572 τούτῳ
3541 4505 3756 4576 ὁμιλεῖ,

476 4599 599 4653 dem
634 4597 849 4651 veniant
879 4594 1195 4650 obtinebis?
1214 4597 1423 4648 Aurum
1455 4609 1628 4658 amas,
1657 4592 1804 4664 quod
1824 4593 2047 4650 crudele

2165 4589 2368 4643 ἐκεῖθεν
2423 4591 2614 4662 ἐκείνῳ
2665 4590 2831 4655 νεύει,
2864 4590 3009 4663 ἄλλῳ
3064 4592 3387 4652 συντίθεται.
3429 4596 3498 4650 Τί
3527 4594 3620 4664 -εἶ,
3657 4601 3771 4656 ἂν-.

475 4698 528 4743 et
562 4687 974 4758 sanguinarium
1003 4694 1126 4752 est;
1164 4685 1308 4755 quod
1345 4687 1413 4740 ab
1448 4685 1705 4741 omnibus
1750 4684 2047 4756 expetitur,

474 4791 639 4850 atque
663 4778 924 4832 omnibus
968 4774 1223 4831 infestum
1247 4787 1366 4842 est;
1400 4777 1546 4848 quod
1577 4783 1796 4831 amatur
1826 4777 1897 4831 ab
1930 4792 2050 4831 oru-

477 4877 660 4937 nibus,
698 4882 750 4929 ct
783 4873 944 4946 497
978 4873 1234 4928 omnibus
1272 4871 1504 4927 insidias
1554 4872 1742 4938 struit,
1783 4870 1928 4943 quod
1960 4872 2049 4926 fu.

474 4971 723 5037 gitivum,
760 4969 903 5038 quod
948 4982 1190 5030 servum,
1223 4964 1368 5036 quod
1413 4965 1692 5036 ingratum
1722 4975 1826 5023 cst.
1861 4968 1943 5021 An
2000 4973 2054 5022 te

477 5061 614 5130 fugit
679 5058 992 5125 cujusmodi
1049 5059 1162 5114 sint
1211 5057 1454 5113 divitiae?
1497 5059 1574 5113 uti
1626 5062 1889 5116 meretrix
1923 5077 2050 5132 pcr-

474 5154 645 5207 friotae
672 5153 891 5218 frontis,
926 5168 1072 5207 nunc
1093 5167 1214 5206 cum
1241 5151 1348 5208 isto
1371 5155 1828 5209 consuetudinem
1863 5156 2046 5221 habet,

474 5262 619 5301 nunc
640 5247 766 5300 inde
794 5247 860 5300 ad
890 5247 1038 5300 illum
1076 5245 1402 5317 propendet,
1431 5263 1496 5302 ac
1534 5249 1766 5316 posthac
1797 5249 1891 5305 alii
1928 5261 2051 5306 sese

470 5341 738 5411 adjungit.
771 5338 1041 5407 Quidnam
1088 5357 1168 5404 es,
1214 5356 1247 5394 ο
1298 5343 1465 5397 homo
1495 5341 1518 5396 ?
1545 5341 1720 5398 Hodie
1762 5345 2044 5416 princeps,

468 5448 594 5486 cras
644 5431 935 5496 subditus;
996 5430 1156 5485 hodie
1217 5431 1393 5496 dives,
1425 5447 1549 5488 cras
1607 5448 1851 5505 panper;
1887 5433 2049 5491 hodie

465 5525 555 5592 jus
580 5525 740 5590 dicis,
770 5539 893 5578 cras
936 5523 1207 5594 judicium
1262 5525 1438 5580 subis.
1473 5525 1554 5578 An
1588 5540 1694 5580 non
1730 5527 1854 5581 vita?
1883 5527 2046 5599 hujus

469 5617 898 5671 inconstantiam
923 5617 1237 5690 perspicis?
1271 5634 1456 5673 nonne
1484 5619 1600 5674 hac
1626 5620 1807 5675 instar
1837 5621 2047 5677 umbrae

468 5710 755 5780 praeterit?
784 5726 962 5766 nonne
986 5709 1137 5765 fnum
1157 5710 1314 5764 vilior
1349 5719 1432 5766 est
1459 5712 1482 5765 ’ἓ
1526 5728 1708 5767 nonne
1732 5713 1879 5768 sicut
1917 5728 2046 5767 ara-

466 5818 570 5860 nea
590 5803 950 5860 distrahitur?
999 5802 1120 5857 Non
1153 5803 1402 5860 desinam
1435 5820 1531 5863 ros
1555 5806 1778 5873 docere,
1826 5805 2045 5864 faciatis

2156 4681 2378 4753 θρωπε;
2433 4684 2682 4756 Σήμερον
2741 4684 2948 4756 ἄρχων,
3015 4686 3112 4740 καὶ
3158 4687 3347 4759 αὔριον
3392 4693 3755 4763 ἀρχόμενος·

2156 4777 2396 4846 σήμερον
2422 4775 2698 4841 πλούσιος,
2731 4777 2826 4830 καὶ
2851 4775 3038 4848 αὔριον
3074 4777 3244 4849 πένης
3263 4795 3279 4812 ο
3316 4780 3566 4852 σήμερον
3597 4784 3756 4839 δικά.

2153 4865 2288 4936 ζεις,
2329 4868 2425 4945 καὶ
2449 4867 2638 4940 αὔριον
2689 4869 2905 4945 δικάζῃ.
2952 4868 3116 4943 Ὀρᾷς
3149 4872 3245 4943 τὴν
3300 4873 3393 4926 τοῦ
3419 4872 3543 4945 βίου
3577 4895 3752 4947 pst:-

2153 4961 2348 5034 ϐολήνο
2377 4964 2478 5034 οὐχ
2505 4963 2582 5028 ὡς
2622 4964 2750 5017 σκιὰ
2816 4965 3189 5037 παρατρέχει;
3234 4968 3295 5021 ού
3334 4969 3546 5023 κάπνου
3590 4972 3750 5025 εὖτε-

2150 5055 2436 5128 λέστερος;
2468 5057 2567 5128 οὐχ
2597 5056 2673 5122 ὡς
2711 5059 2921 5134 ἀράανη
2967 5058 3299 5127 διασπᾶταις
3333 5062 3409 5115 Οὐ
3453 5061 3747 5136 παύσομαι

2150 5151 2294 5222 ὑμᾶς
2328 5150 2599 5204 παιδεύων
2623 5167 2637 5216 ;
2661 5150 2766 5206 κᾶν
2795 5168 2854 5203 τε
2890 5153 2964 5223 μὴ
3016 5152 3226 5222 ποιῆτε.
3263 5153 3584 5226 Γέγραπται
3609 5159 3745 5229 γάρ·

2149 5242 2318 5296 Λάλει
2349 5245 2426 5308 είς
2455 5237 2570 5297 ὦτα
2586 5242 2915 5298 ἀκουόντων.
2948 5245 3207 5317 Παρακοὴ
3243 5245 3471 5301 θάνατον
3512 5250 3744 5319 ἐργάζε-

2148 5354 2257 5391 ται.
2286 5332 2617 5408 Μιμήσασθε
2646 5336 2741 5390 καὶ
2771 5337 2870 5409 τὴν
2891 5338 3068 5410 χήραν
3091 5339 3305 5411 ἐκείνην
3332 5341 3432 5412 τὴν
3473 5341 3611 5408 τοὺς
3649 5345 3742 5398 δύο

2148 5432 2369 5494 ὀὸολους
2417 5431 2687 5497 δὼσασαν,
2723 5431 2841 5496 πῶς
2880 5431 3190 5504 ἐδικαιώθη.
3231 5433 3337 5489 Δύο
3370 5435 3598 5500 ὀϐολοὺς
3638 5442 3741 5494 οἰκ

2149 5524 2312 5595 ἔχεις;
2331 5524 2427 5578 ἕνα
2456 5524 2641 5588 δός.Ὃ
2665 5524 2829 5597 ἔχεις,
2853 5523 2954 5580 κᾶν
2977 5527 3139 5598 ἄρτον
3159 5542 3175 5558 ⁸
3197 5527 3302 5582 κᾶν
3324 5529 3582 5596 στέναξον
3610 5533 3736 5586 ἰδὼν

2148 5619 2239 5674 τὸν
2269 5618 2498 5688 πένητα,
2532 5622 2628 5674 καὶ
2653 5619 2900 5675 δέδεκται
2927 5622 2960 5690 ἡ
2989 5619 3193 5694 δέησις.
3231 5623 3289 5676 '0
3303 5624 3412 5694 γὰρ
3433 5627 3736 5698 ἐπιστάμε-

2149 5727 2234 5775 νος
2261 5710 2329 5765 τὰ
2366 5712 2649 5784 ἀπόρρητα
2681 5712 2778 5784 τῆς
2815 5715 3054 5780 διανοίας
3094 5715 3350 5786 ἑκάστου,
3381 5721 3410 5771 ὀ
3441 5719 3510 5774 τὰ
3553 5723 3732 5775 πάντα

2149 5807 2405 5878 ἐπιγνοὺς
2440 5810 2563 5880 πρὶν
2591 5809 2878 5879 γενέσεως,
2913 5805 3053 5865 οἶδεν
3082 5812 3164 5879 ὅτι
3211 5814 3260 5866 εί
3299 5809 3464 5887 εἶχες,
3498 5817 3723 5882 ἐδίδους.
