4014 6302
204 351 342 418 1509
1500 356 1739 418 SACRA

1876 356 2052 418 ΒΑΗ
2075 356 2243 417 ELA.
3045 367 3047 369 ‘
3340 345 3482 412 1510

199 471 313 539 Τὴν
334 467 438 539 γὰρ
465 467 691 540 καρδίαν
721 469 911 541 set-:sz
923 469 980 542 κᾷ
1000 468 1094 524 καὶ
1121 463 1283 524 οἶδεν.
1317 469 1664 540 Ἀνθρωπος
1680 467 1766 541 γάι

1899 483 2074 525 necne
2119 459 2406 540 Siquidem
2459 478 2728 540 scriptum
2771 475 2893 533 est:
2932 467 3183 547 Loquere
3217 464 3274 519 in
3307 473 3476 519 aures

202 558 410 628 ὄψεται
429 562 517 626 εις
538 560 885 628 πρόσωπον,
923 560 1068 629 Θεὸς
1096 560 1165 616 δὲ
1187 565 1275 629 εἰς
1302 562 1579 632 καρδίαν.

1896 561 2262 620 audientium.
2296 563 2723 634 lnobsequentia
2779 571 3012 623 mortem
3043 561 3211 633 parit.
3238 560 3475 614 Viduam

201 650 355 708 illam
403 652 742 708 aemulamini
799 668 923 725 quae
982 655 1125 712 duos
1155 655 1354 714 obolos
1393 656 1547 712 dedit
1580 655 1782 728 (Μαι-ε.
1813 672 1914 721 xu,
1946 656 2064 728 42).
2096 656 2291 714 Videte
2341 673 2453 729 qua
2511 659 2728 714 ratione
2779 657 3017 727 justitiae
3060 656 3279 712 Iaudem
3341 667 3476 709 con-

202 750 394 798 secuta
418 751 527 800 est.
585 742 734 800 Duos
776 744 973 802 obolos
997 761 1110 802 non
1153 747 1363 803 babes?
1388 764 1557 804 unum
1587 748 1676 803 da.
1716 747 1774 804 Si
1803 765 1873 805 ne
1910 765 2081 805 unum
2115 751 2378 822 quidem,
2429 750 2527 819 da
2557 751 2702 823 quod
2757 751 2950 806 babes.
2997 749 3075 804 Da
3136 749 3220 804 vel
3277 761 3477 818 panem

199 853 394 893 unum.
427 839 737 910 lngemisce
791 839 1006 910 saltem,
1043 855 1171 896 cum
1208 856 1505 914 pauperem
1556 841 1779 912 vidisti;
1809 851 1974 914 atque
2028 848 2210 902 oratio
2266 853 2360 901 tua
2411 854 2569 919 grata
2626 854 2681 902 et
2735 852 2962 917 accepta
3017 843 3147 900 erit.
3184 841 3287 910 Qui
3324 840 3477 896 enim

198 930 386 988 cordis
421 933 858 1006 uniuscujusque
888 949 1097 992 arcana
1130 939 1305 1005 novit,
1331 937 1427 1008 qui
1462 938 1570 995 scit
1593 940 1786 995 omnia
1823 948 2118 1014 antequam
2173 942 2448 1011 oriantur,
2517 945 2867 1014 exploratum
2909 941 3071 996 habet
3120 938 3375 994 daturum
3418 945 3475 992 te

199 1023 396 1088 fuisse,
462 1025 508 1080 si
571 1025 826 1083 haberes.
885 1024 1021 1083 Nam
1061 1041 1160 1086 cor
1188 1038 1468 1087 scrutatur
1509 1040 1568 1088 et
1602 1031 1984 1090 novit.Homo
2009 1036 2157 1091 enim
2215 1035 2354 1092 uidet
2414 1036 2467 1092 in
2517 1037 2734 1109 faciem,
2786 1037 2928 1093 Deus
2995 1043 3175 1090 autem
3238 1035 3477 1088 intuetur

175 1132 291 1171 τοι*
315 1115 371 1190 (1
388 1115 522 1190 Reg.
549 1134 660 1185 xw,
695 1119 773 1193 7).

250 1235 317 1290 Τί
363 1229 771 1304 ματαιοπονεῖς,
823 1232 868 1294 ὦ
921 1238 1168 1311 πλούσιε,
1190 1241 1259 1296 τά
1296 1241 1406 1299 τῶν
1436 1245 1690 1314 πενήτων
1725 1245 1785 1298 ἐν

190 1325 306 1387 τοῖς
353 1326 467 1390 σοῖς
518 1327 926 1399 άποκρύπτωνς
966 1332 1022 1386 τί
1048 1333 1372 1407 αἰτούμενος
1411 1335 1542 1410 παρ’
1575 1336 1779 1403 αὐτῶν,

191 1417 528 1486 ἀγανακτεῖς
579 1423 658 1487 ὼς
703 1426 918 1478 οἴκοθεν
985 1427 1334 1498 ἀναλίσκων;
1393 1429 1465 1484 τὰ
1548 1429 1782 1502 πατρῷα

191 1508 463 1576 θέλουσιν,
495 1512 558 1567 οὗ
585 1515 654 1569 τὰ
677 1516 747 1572 σά
769 1532 784 1546 ⁸
815 1517 885 1572 τὰ
907 1519 1324 1594 ὲγχειρισθὲντα
1365 1539 1448 1576 σοι
1474 1521 1542 1576 δι’
1561 1524 1779 1590 αὐτοὺς,

190 1601 255 1653 οὐ
290 1602 431 1674 μετὰ
457 1604 554 1659 σοῦ
587 1608 922 1682 γεννηθέντα
953 1611 1166 1680 ἔλαϐες.
1195 1615 1299 1679 Δὸς
1328 1615 1532 1689 καὶτὴν
1550 1617 1777 1690 χρῆσινο

196 1694 481 1768 κέρδανον,
512 1701 607 1756 καὶ
637 1700 801 1782 (pus!
855 1721 960 1773 σοι,
1003 1707 1086 1762 δτι
1130 1706 1333 1765 διδόναι
1373 1710 1435 1764 οὐ
1476 1708 1777 1784 λαμϐάνειν

196 1793 595 1868 προσετάχθης.

271 1997 440 2052 Αὐτοῦ
471 1999 528 2053 αι
554 2000 807 2073 ἁρπαγαὶ
832 2003 927 2057 καὶ
954 2001 1130 2059 ἄλλων
1159 1989 1218 2058 αι
1265 1994 1471 2079 ἡδοναί.
1511 2001 1689 2060 Αὐτοῦ
1720 2007 1777 2061 αἱ

195 2088 456 2161 κατάραι,
490 2091 586 2146 καὶ
627 2091 803 2147 ἄλλων
851 2095 908 2148 at
967 2094 1282 2167 θεραπεῖαι.
1334 2095 1472 2152 Κατ’
1517 2095 1686 2152 αὐτοῦ
1725 2096 1777 2151 οἱ

195 2181 513 2254 στεναγμοὶ,
549 2185 644 2240 καὶ
707 2186 841 2258 παρ’
893 2187 1105 2261 ἑτέροις
1151 2191 1202 2244 οἱ
1241 2189 1593 2262 πλεονασμοί.
1637 2191 1776 2246 Κατ’

193 2273 360 2328 αὐτοῦ
379 2275 450 2329 τὰ
481 2276 714 2349 δάκρυα,
747 2279 842 2333 καὶ
872 2281 1002 2354 παρ’
1027 2282 1238 2354 ἑτέροις
1268 2282 1337 2338 τὰ
1357 2285 1638 2357 χρήματα.
1671 2284 1777 2338 Αὑ-

193 2368 288 2434 τδς
311 2371 368 2424 ἐν
389 2370 495 2445 ᾄδῃ
523 2371 836 2440 κολάζεται,
872 2375 969 2429 καὶ
991 2369 1140 2430 ἄλλοι
1171 2375 1433 2441 πολλάκις
1458 2378 1519 2433 ὲν
1537 2380 1650 2444 τοῖς
1678 2377 1777 2434 αὑ-

191 2465 288 2520 τοῦ
322 2469 638 2541 τρυφῶντες
656 2468 974 2542 ψάλλουσιν.
1030 2461 1034 2465 ’

263 2585 490 2652 Λίοντες
553 2584 675 2659 μὲν,
700 2587 798 2643 καὶ
831 2587 1046 2661 ἄρκτοι,
1082 2588 1178 2642 καὶ⁸
1215 2587 1533 2660 παρδάλεις,
1563 2589 1623 2644 ιν
1679 2590 1776 2663 μέ-

196 2693 317 2742 σαις
338 2679 458 2744 ταῖς
479 2677 692 2745 πόλεσι,
729 2679 876 2745 τίνος
926 2679 1089 2754 χάριν
1124 2680 1425 2753 φιλοτίμως
1453 2679 1774 2754 σιτξζονται,

193 2771 306 2826 ὁδὲ
339 2771 557 2844 πτωχὸς
613 2771 711 2827 ἐπὶ
758 2772 857 2828 τοῦ
909 2773 1142 2845 ὲδάφοιρς
1183 2774 1342 2846 ἕρπει
1392 2775 1771 2848 συντετηκώςς

197 2864 307 2921 Καὶ
363 2867 394 2919 δ
436 2864 578 2920 λέων
631 2865 971 2940 θαλπόμενος
1012 2867 1121 2922 τῶν
1145 2867 1423 2940 δημοσίων
1463 2867 1642 2941 κρεῶν
1673 2869 1775 2942 τὴν

192 2957 419 3014 κνίσσαν
441 2957 765 3030 ἐρεύγεται-
789 2952 1016 3024 Οὖτινος
1040 2960 1136 3033 τὴν
1165 2960 1356 3033 χρείαν
1375 2961 1471 3015 ἐὰν
1487 2961 1768 3035 ἐρωτήσω,

191 3051 393 3123 μᾶλλον
441 3052 948 3127 ὲγκαλυφθήσομαι.
993 3053 1213 3128 Θηρίων
1242 3054 1352 3125 γὰρ
1389 3055 1612 3123 ὀδόντας
1642 3056 1772 3112 ἀκο-

187 3141 354 3200 ἰῶσιν
390 3146 438 3200 οἱ
463 3145 741 3219 ἄνθρωποι
767 3146 910 3204 κατὰ
938 3146 1265 3220 ἀνθρώπων.

191 3387 194 3389 Α
261 3348 349 3422 Μή
376 3366 465 3420 μοι
487 3347 639 3420 λέγε,
669 3349 752 3404 δτι
782 3348 984 3404 Πενίαν
1026 3348 1322 3422 φοϐοῦμαι.
1353 3350 1552 3405 Πενίαν
1606 3349 1767 3422 φοόῇ,

187 3444 580 3516 καὶάμαρτίαν
629 3444 691 3498 οὐ
748 3442 918 3516 φο6ῇ;
971 3443 1171 3499 Πενίαν
1203 3443 1280 3517 μὴ
1328 3443 1598 3518 φοϐηθῇς,
1649 3443 1768 3500 ἀλλ’

184 3537 460 3612 ἁμαρτίαν
485 3536 818 3610 τῆν’μητέρα
841 3538 942 3609 τῆς
957 3537 1254 3602 κολάσεως.
1293 3538 1356 3592 '0
1383 3539 1662 3612 Δεσπότης
1676 3537 1769 3593 αι-

179 3627 519 3700 τεζιντολὴν,
533 3628 630 3683 καὶ
651 3626 714 3682 οὐ
730 3627 888 3692 δίδως
902 3625 1256 3700 αὐτῷ.Ὅταν.
1271 3626 1382 3700 γὰρ
1399 3628 1649 3700 timoris-nc
1672 3627 1769 3682 αὒ-

178 3720 280 3777 τοῦ
293 3721 636 3794 λέγοντοςοὍ
661 3738 717 3775 τι
740 3720 831 3776 ἐνί
859 3719 930 3776 ἐκ
945 3720 1174 3776 τούτων
1192 3717 1312 3775 τῶν
1334 3717 1618 3790 ἀδελφῶν
1642 3737 1766 3792 μου

175 3817 528 3888 ἐποιήσατε,
545 3815 676 3887 ἐμοὶ
699 3811 1045 3883 ἐποιήσατε,
1063 3813 1186 3886 δρα,
1219 3813 1249 3868 ὅ
1269 3831 1323 3868 τι
1343 3813 1412 3870 ἂν
1425 3813 1530 3885 δῷς
1551 3813 1630 3885 τῷ
1662 3812 1766 3867 πέ-

177 3927 330 3982 νητι,
366 3909 446 3982 τῷ
474 3906 699 3984 Χριστῷ
724 3907 903 3972 δίδως.
943 3907 1068 3962 Ἐὰν
1099 3901 1196 3962 οὖν
1220 3905 1298 3979 μὴ
1329 3904 1434 3978 δῷς
1456 3903 1625 3978 αὐτῷ,
1645 3904 1766 3973 πῶς

179 4005 250 4060 σὺ
273 4005 478 4079 αἰτήσῃ
495 4006 553 4059 ὲν
565 4003 751 4076 εκείνη
770 4003 840 4074 τῇ
855 4001 1064 4074 ἡμέρᾳ,
1078 4001 1167 4056 ἵνα
1188 3998 1388 4074 ἐλεήσῃ
1403 4015 1464 4053 σε
1481 3995 1582 4066 ;'A
1592 3998 1661 4069 ρά
1681 4014 1763 4052 σοι

172 4099 282 4155 οὐκ
298 4097 541 4168 ἐγκαλεῖ,
559 4099 642 4152 ὃτι
669 4093 973 4151 Πεινῶγτὰ
996 4110 1069 4161 με
1108 4089 1288 4161 εἶδες,
1329 4092 1430 4147 καί
1456 4093 1568 4148 οὐκ
1593 4090 1756 4160 ἔθρε-

173 4197 338 4267 ψαςὶ
359 4190 633 4266 Αιψῶντά
648 4207 727 4263 με
741 4185 920 4258 εἶδες,
939 4187 1039 4256 καί
1059 4189 1172 4244 οὐκ
1187 4187 1471 4256 ἐπότισας
1485 4202 1506 4253 ;
1529 4188 1763 4258 γυμνόν

168 4304 252 4362 με
271 4284 446 4355 εἶδες,
473 4285 705 4341 καὶούκ
735 4280 1033 4349 ἐνέδυσας
1050 4296 1072 4346 ,°
1099 4281 1302 4371 Ti;an
1340 4280 1489 4352 ἐρεῖς
1526 4277 1698 4352 αὐτῷ,
1723 4278 1758 4352 ἢ

172 4379 336 4436 ποίαν
382 4376 719 4451 συγγνώμην
763 4375 948 4449 Exue;
983 4377 1057 4431 Σὺ
1099 4375 1199 4448 μὲν
1234 4373 1458 4448 σηρικὰ,
1511 4376 1607 4430 καὶ
1663 4373 1761 4430 λα·-

172 4473 317 4547 γῷα,
376 4474 473 4528 καὶ
516 4471 704 4542 αἰγεια
760 4469 1176 4544 περιϐέϐλησαι,
1201 4471 1296 4524 καὶ
1332 4469 1362 4523 ὁ
1391 4468 1562 4541 πένης
1590 4467 1760 4542 ῥάκος

1799 3177 1847 3242 C

1957 1239 2153 1313 Ejusd.
2179 1238 2363 1296 homil.
2391 1241 2448 1295 in
2478 1239 2630 1295 Psal.
2664 1254 2895 1296 xxxvul.
2923 1268 2994 1282 --
3027 1235 3169 1305 Quid
3192 1237 3473 1291 incassum

1890 1335 2141 1401 laboras,
2183 1349 2218 1390 ο
2254 1335 2435 1400 dives,
2470 1345 2528 1390 ut
2572 1349 2696 1406 quae
2743 1340 3049 1405 pauperum
3090 1339 3244 1400 sunt,
3273 1330 3385 1386 tuis
3415 1333 3471 1383 in

1884 1429 2166 1486 thesauris
2192 1428 2472 1485 occultes?
2533 1428 2669 1500 quid
2723 1443 2850 1484 cum
2904 1427 3009 1498 ipsi
3045 1426 3144 1480 abs
3175 1434 3227 1479 te
3257 1431 3470 1495 petunt,

1883 1520 2290 1587 stomacharis,
2323 1530 2584 1592 tanquam
2636 1521 2704 1577 de
2745 1529 2842 1576 tuo
2878 1519 3131 1574 iusumas
3155 1515 3179 1569 ἲ
3205 1518 3347 1571 bona
3380 1529 3476 1584 pa-

1883 1621 2052 1670 terna
2075 1614 2290 1679 volunt,
2324 1627 2436 1670 non
2461 1622 2558 1669 tua
2585 1629 2602 1667 :
2626 1629 2690 1670 ea
2722 1628 2847 1687 quae
2877 1611 2977 1668 tibi
3007 1626 3108 1667 sua
3137 1625 3309 1666 causa
3337 1624 3473 1664 con-

1883 1717 2040 1762 cessa
2065 1713 2219 1771 sunt,
2260 1721 2371 1762 non
2400 1719 2526 1777 quae
2552 1712 2736 1763 tecum
2788 1713 2914 1762 nata
2949 1709 3100 1762 sunt.
3143 1697 3476 1774 Accepisti?

1810 1804 1854 1860 Β
1882 1795 2070 1852 tribue
2102 1813 2116 1851 :
2151 1812 2218 1854 ex
2250 1812 2355 1854 usu
2413 1804 2688 1869 quaestum
2727 1797 2836 1854 fac.
2892 1795 3043 1854 Satis
3076 1795 3176 1852 tibi
3205 1803 3294 1852 est
3322 1791 3473 1866 quod

1880 1905 1992 1982 non
2024 1891 2300 1962 accipere,
2330 1890 2429 1948 sed
2455 1892 2589 1949 dare
2605 1892 2798 1964 jussus
2835 1892 2938 1950 sis.

1954 2001 2248 2075 Ejusd.'—
2281 2001 2460 2075 Hujus
2494 2012 2627 2061 sunt
2659 2003 2888 2077 rapinae,
2927 2002 3161 2060 aliorum
3196 2002 3471 2075 'volupta-

1880 2104 1986 2153 tes.
2017 2097 2196 2168 Hujus
2231 2097 2680 2167 maledictiones,
2721 2098 2951 2156 aliorum
3002 2098 3185 2154 cultus
3217 2104 3273 2155 et
3301 2097 3471 2154 Obse~

1878 2189 2029 2261 quia.
2087 2191 2377 2268 Adversus
2422 2205 2549 2246 eum
2605 2192 2867 2264 gemitus,
2922 2190 3066 2262 apud
3111 2190 3254 2247 alios
3299 2190 3472 2245 inere-

1879 2291 2083 2339 menta.
2117 2283 2403 2341 Adversus
2433 2292 2558 2340 eum
2582 2284 2859 2356 lacrymae,
2891 2283 3038 2355 apud
3069 2283 3210 2340 alios
3238 2281 3468 2339 divitiae.

1878 2373 2000 2447 lpse
2030 2376 2098 2452 in
2123 2373 2342 2432 inferno
2394 2375 2778 2442 excruciatur,
2814 2381 2868 2430 et
2896 2375 2989 2430 alii
3030 2383 3176 2447 saepe
3207 2374 3265 2431 in
3307 2373 3472 2431 bonis

1878 2467 2055 2540 ipsius
2090 2467 2244 2524 luxui
2271 2467 2644 2539 cantibusque
2677 2467 2986 2540 indulgent.

1944 2584 2136 2658 Ejttsd.
2165 2584 2398 2652 -Quid
2433 2584 2656 2642 tandem
2691 2592 2778 2642 est
2801 2583 2950 2657 quod
2992 2585 3204 2651 leones,
3242 2592 3298 2640 et
3330 2586 3468 2652 ursi,

1876 2687 1930 2736 et
1951 2680 2107 2750 pardi
2133 2679 2188 2735 in
2215 2679 2416 2737 mediis
2444 2679 2680 2735 urbibus
2711 2678 3005 2750 magnillce
3052 2678 3300 2744 aluntur,
3331 2693 3470 2751 pau-

1877 2786 1976 2843 per
2029 2780 2215 2845 autem
2273 2771 2496 2828 tabidus
2547 2771 2708 2827 humi
2740 2769 2932 2842 repit?
2990 2771 3069 2826 Ac
3121 2769 3209 2827 leo
3233 2770 3468 2842 quidem

1875 2864 2078 2922 blande
2122 2864 2365 2932 fovetur,
2423 2871 2481 2921 et
2525 2863 2873 2937 publicarum
2928 2863 3180 2920 carnium
3249 2871 3472 2919 eructat

1876 2957 2170 3023 nidorem;
2210 2969 2419 3027 pauper
2467 2941 2656 3011 autem
2704 2953 2852 3010 fame
2873 2952 3192 3010 coniicitur.
3228 2951 3390 3020 Quod
3416 2951 3469 3008 si

1876 3049 2107 3122 hujusce
2145 3065 2366 3122 quoque
2395 3048 2475 3105 rei
2504 3063 2733 3106 causam
2761 3047 3044 3114 scisciter,
3082 3047 3322 3120 amplius
3346 3061 3472 3103 eru-

1878 3144 2122 3200 bescam.
2163 3139 2298 3198 Nam
2336 3142 2642 3200 bestiarum
2671 3141 2868 3198 dentes
2901 3157 3026 3212 nos,
3068 3140 3164 3212 qui
3209 3140 3467 3198 homines

1876 3250 2094 3304 sumus,
2131 3234 2188 3289 in
2220 3235 2508 3290 hominum
2541 3233 2839 3305 perniciem
2871 3232 3223 3290 exacuimus.

1938 3346 2232 3418 Ejusd.--
2268 3345 2348 3404 Ne
2397 3347 2533 3402 mihi
2598 3347 2706 3402 hoc
2747 3345 2958 3402 dixeris
3005 3364 3019 3401 :
3073 3345 3466 3418 Paupertatem

1872 3452 2083 3498 metuo.
2146 3439 2540 3512 Paupertatem
2591 3438 2816 3505 metuis,
2857 3452 2960 3494 nec
3013 3448 3300 3511 peccatum
3331 3439 3468 3496 exti-

1871 3533 2113 3590 utescis?
2142 3533 2221 3591 Ne
2256 3541 2643 3606 paupertatem
2686 3531 3098 3600 formidaveris,
3133 3533 3228 3590 sed
3267 3533 3467 3606 iniqui-

1871 3633 2065 3695 tatem,
2095 3642 2217 3698 quae
2244 3619 2504 3698 supplicii
2542 3641 2748 3698 parens
2809 3632 2919 3683 est.
2965 3625 3234 3688 Dominus
3263 3629 3463 3700 stipem

1871 3720 2074 3794 poscit.
2104 3727 2160 3776 et
2199 3719 2482 3792 repulsam
2521 3719 2649 3775 fert.
2701 3717 2838 3775 Nam
2889 3734 3014 3776 cum
3046 3720 3328 3778 dicentem
3359 3736 3462 3778 au-

1871 3813 1997 3871 dis:
2036 3813 2189 3880 Quod
2223 3811 2318 3868 uni
2349 3827 2416 3869 ea:
2473 3811 2735 3883 fratribus
2791 3813 2921 3869 meis
2963 3813 3190 3885 fecistis,
3228 3815 3357 3870 milii
3387 3817 3462 3888 fe-

1869 3908 2021 3964 cistis
2052 3905 2274 3979 (Mauh.
2308 3922 2438 3972 xxv,
2469 3905 2594 3979 40);
2648 3906 2778 3963 hinc
2801 3906 2929 3964 vide
2969 3907 3116 3980 quod
3144 3909 3194 3965 si
3228 3909 3461 3981 pauperi

1869 3999 2108 4066 dederis,
2138 3998 2363 4056 Christo
2394 3999 2636 4056 dederis.
2697 3999 2995 4068 Quocirca,
3027 4000 3135 4056 nisi
3187 4002 3298 4073 ipsi
3337 4003 3458 4066 des,

1867 4108 1977 4165 qua
2019 4092 2200 4149 fronte
2231 4092 2300 4148 ab
2331 4107 2399 4148 eo
2446 4093 2500 4149 in
2535 4094 2632 4148 illa
2664 4093 2752 4162 die
2802 4105 2951 4163 petes
2983 4103 3044 4151 ut
3080 4096 3158 4152 tui
3198 4095 3460 4152 miserea-

1868 4186 1992 4242 tur?
2030 4185 2116 4242 An
2153 4201 2263 4242 nou
2293 4185 2414 4242 tibi
2463 4186 2572 4243 hoc
2598 4185 2827 4257 objiciet
2858 4188 3232 4244 :Esurientem
3268 4205 3347 4243 me
3379 4192 3456 4244 υί-

1867 4279 2018 4347 disti,
2046 4295 2138 4336 nec
2156 4279 2350 4348 peristi
2375 4296 2394 4346 ;
2419 4278 2686 4334 sitientem
2718 4297 2800 4345 nte
2835 4281 3034 4347 vidisti,
3073 4299 3165 4338 nec
3214 4284 3455 4354 potasti;

1865 4372 2069 4428 nudum
2127 4373 2333 4439 uidisti,
2380 4390 2474 4428 nec
2523 4372 2747 4429 induisti
2797 4372 2963 4447 (Ibid.
3010 4374 3103 4444 42,
3135 4376 3268 4450 45)?
3310 4375 3456 4445 Quid

1866 4466 2092 4524 tandem
2123 4467 2226 4538 ipsi
2259 4467 2511 4523 dicturus
2535 4467 2635 4523 es?
2666 4475 2762 4531 aut
2792 4484 2956 4540 quam
2984 4469 3200 4526 veniam
3239 4470 3457 4526 obtine-

168 4566 273 4622 οὐκ
298 4565 436 4637 ἔχει.
471 4563 583 4618 Καὶ
610 4563 675 4617 σὺ
695 4559 933 4634 τρώγεις
971 4559 1273 4631 φασιανοὺς
1296 4556 1394 4614 καὶ
1433 4557 1607 4630 χῆνας
1627 4595 1643 4624 ,
1668 4554 1766 4610 καὶ

1876 4561 2007 4620 bis?
2037 4570 2096 4618 tu
2132 4561 2348 4628 sericis,
2401 4560 2777 4633 leporinisque
2807 4569 2862 4618 et
2892 4561 3136 4633 caprinis
3162 4560 3448 4631 iudueris;

168 4660 274 4714 ὅσα
299 4657 438 4713 εἰσιν
486 4657 549 4712 ὲν
587 4655 870 4726 ὶδέσμασι,
929 4652 1027 4708 καὶ
1058 4652 1086 4706 δ
1109 4651 1279 4724 πένης
1309 4651 1414 4706 οὐκ
1461 4647 1759 4720 ἰσχύει-τὴν

165 4752 367 4808 ἑαυτοῦ
402 4751 612 4817 κοιλίαν
644 4750 826 4824 ἄρτων
888 4747 1176 4819 χορτάσαι.
1227 4745 1301 4800 Σὺ
1355 4744 1506 4817 ἔχεις
1542 4743 1758 4816 τοίχους

163 4843 548 4917 χρυσορόφους
613 4842 710 4896 καὶ
743 4839 1014 4912 μάρμαρα
1069 4837 1481 4909 Λακεδαιμόνια
1510 4835 1755 4902 ποικίλα,

165 4939 268 4992 καὶ
293 4937 499 5002 κίονας,
527 4937 624 4989 καὶ
681 4933 1118 5006 περικεφαλαίας
1153 4933 1348 4987 κιόνων
1397 4930 1632 5003 χρυσᾶς,
1663 4930 1758 4985 καὶ

159 5031 198 5082 ὸ
229 5029 400 5101 πένης
423 5026 668 5099 καλύὸην
693 5026 794 5082 οὐκ
814 5025 950 5098 ιχει.
971 5025 1083 5080 Καὶ
1115 5023 1285 5078 ἐνίοτε
1308 5022 1460 5100 ἔχεις
1489 5023 1577 5077 τὸν
1608 5019 1756 5079 οἶκον

161 5121 282 5178 ἀπὸ
313 5119 594 5193 ἁρπαγῆς,
648 5117 762 5174 ἀπὸ
803 5112 1144 5184 πλεονεξίας.
1203 5117 1318 5171 Καὶ
1377 5116 1753 5187 συντελευτᾷς,

167 5214 267 5271 καὶ
288 5214 525 5281 ἀπάγεις
557 5211 726 5284 μηδὲν
771 5209 935 5283 ἔχων,
976 5209 1070 5264 καὶ
1103 5208 1254 5281 μένει
1281 5208 1312 5262 δ
1347 5203 1498 5274 οἶκός
1524 5225 1619 5262 σου
1675 5207 1758 5262 δι-

162 5308 374 5380 ηνεκὴς
414 5306 741 5379 κατήγορος,
769 5303 1011 5375 ἐλέγχων
1033 5302 1133 5368 τὰς
1175 5301 1273 5367 σὰς
1301 5299 1551 5376 πράξεις.
1587 5300 1757 5378 “Eua.-

112 5393 117 5397 ’
164 5419 300 5467 στος
326 5401 437 5474 γὰρ
469 5401 500 5454 ὁ
523 5397 933 5472 παρερχόμενος
967 5395 1149 5469 μέλλει
1191 5396 1373 5464 λέγειν
1393 5411 1408 5427 ·
1447 5389 1601 5459 οὗτος
1625 5396 1655 5450 δ
1677 5390 1755 5449 οἷ-

159 5510 269 5560 κος
327 5492 424 5548 τοῦ
491 5493 762 5562 ἅρπαγος,
813 5487 907 5544 τοῦ
965 5487 1317 5543 πλεονέκτου.
1350 5486 1534 5551 Πόσας
1576 5486 1754 5558 χήρας

156 5589 421 5645 ἐκάκωσε
439 5607 454 5658 ;
487 5587 689 5651 πόσους
706 5583 978 5658 ὀρφανοὺς
995 5582 1218 5652 ἐποίησε
1240 5600 1256 5650 ;
1279 5581 1419 5636 πόσα
1443 5581 1755 5653 ὑπάρχοντα

153 5685 529 5757 καθήρπασε;
571 5681 774 5746 πόσους
805 5681 1049 5751 πένητας
1079 5677 1471 5749 ἑπλεονέκτησε
1501 5695 1515 5745 ;
1542 5677 1632 5748 Μή
1663 5693 1754 5747 μοι

141 5778 316 5850 λέγε,
364 5779 446 5834 ὅτι
480 5776 726 5841 Ὕπατος
759 5775 894 5847 είμι,
922 5773 954 5845 ἦ
990 5773 1071 5828 ὅτι
1127 5771 1414 5845 Ὕπαρχός
1471 5772 1608 5841 εἰμι.
1641 5771 1755 5824 Οὐκ

147 5870 282 5931 οῖδα
305 5870 549 5942 ἀξίωμαο
577 5871 637 5926 οὐ
657 5868 928 5925 διαϐάλλω
942 5865 1167 5923 πλοῦτον
1187 5884 1198 5925 τ
1228 5866 1360 5922 ἀλλὰ
1383 5864 1593 5928 τοὺςτῷ
1609 5863 1755 5936 καλῷ

1866 4671 2078 4729 pauper
2105 4669 2239 4711 vero
2269 4671 2338 4712 ne
2365 4669 2582 4728 pannos
2611 4653 2834 4727 quidem
2883 4654 3070 4712 habet.
3118 4654 3200 4711 Tu
3227 4657 3453 4728 phasiao

1867 4749 1980 4815 nis,
2009 4757 2063 4806 et
2087 4748 2403 4813 anseribus,
2437 4758 2491 4803 et
2531 4748 3112 4821 aliisquibuscunque
3147 4752 3450 4810 esculentis

1868 4842 2131 4908 vesceris;
2166 4848 2221 4896 et
2247 4855 2456 4912 pauper
2491 4856 2561 4897 ne
2585 4850 2832 4905 ventrem
2858 4839 3078 4913 quidem
3105 4856 3266 4898 suum
3307 4860 3450 4916 pane

1864 4932 2072 4991 satiare
2111 4938 2315 5004 potest.
2366 4931 2447 4987 Tu
2511 4933 2756 5004 parietes
2808 4936 3028 5004 auratis.
3067 4935 3444 5007 laquearibus,
3519 5002 3522 5003 ν

1866 5025 2016 5081 varia
2050 5025 2184 5081 item
2227 5039 2502 5080 marmora
2526 5025 2967 5096 Lacedmmonia,
3004 5029 3294 5105 columnas
3316 5013 3461 5104 quo?

1861 5132 1972 5190 que
1999 5123 2058 5174 et
2079 5132 2274 5174 earum
2303 5117 2564 5188 capitella
2610 5134 2778 5175 aurea
2832 5102 3042 5190 habes:
3066 5119 3283 5180 interim
3311 5102 3446 5184 vero

1865 5226 2070 5284 pauper
2102 5211 2483 5284 integumento
2505 5210 2674 5285 498
2698 5222 2868 5270 caret.
2906 5214 3050 5282 Quin
3082 5224 3136 5275 et
3165 5218 3441 5276 interdum

1862 5306 2087 5362 domum
2128 5321 2194 5362 es
2246 5305 2457 5377 rapinis
2504 5313 2558 5361 et
2599 5305 2790 5363 fraude
2835 5316 3101 5366 structam
3144 5311 3344 5381 habes;
3375 5329 3443 5370 ac

1863 5408 1922 5454 tu
1953 5398 2174 5469 quidem
2200 5397 2344 5454 diem
2373 5405 2680 5456 extremum
2715 5400 2948 5467 claudis,
3001 5404 3276 5475 rebusque
3319 5421 3445 5461 om-

1862 5489 2031 5548 nibus
2072 5489 2374 5546 destitutus
2401 5490 2657 5547 abscedis
2697 5507 2710 5545 :
2749 5503 2806 5547 at
2839 5501 2932 5550 tua
2978 5490 3180 5554 domus
3230 5508 3438 5564 manet,

1861 5601 1983 5658 quae
2013 5592 2068 5640 te
2106 5591 2375 5657 perpetuo
2401 5595 2642 5651 accuset,
2675 5585 2992 5660 ﬂagitiaque
3024 5599 3118 5646 tua
3147 5606 3436 5664 coarguant.

1862 5677 2105 5745 Quilibet
2163 5675 2309 5730 enim
2360 5665 2455 5748 qui
2516 5679 2803 5734 transierit
2852 5679 3231 5742 dicturusest
3263 5701 3278 5740 :
3313 5685 3439 5744 llzee

1864 5771 2059 5826 domus
2115 5766 2355 5838 raptoris
2407 5757 2646 5832 eratet
2679 5772 2855 5831 avari.
2917 5771 3062 5843 Quot
3105 5777 3196 5834 ille
3237 5778 3439 5838 viduas

1873 5864 2091 5920 mimi!
2138 5871 2268 5934 quot
2301 5861 2578 5931 orphanos
2613 5865 2778 5924 fecit!
2813 5877 2945 5940 quot
2985 5869 3134 5928 bona
3167 5871 3435 5947 diripuit!
