  <div class='ocr_page' id='page_1' title='image "/cluster/home/n/w/nwhite01/storage/ocr_20150623/95/mdp.39015004289776/767.png"; bbox 0 0 4014 6302; ppageno 0'>
   <div class='ocr_carea' id='block_1_1' title="bbox 521 374 651 438">
    <p class='ocr_par' dir='ltr' id='par_1_1' title="bbox 521 374 651 438">
     <span class='ocr_line' id='line_1_1' title="bbox 521 374 651 438; baseline 0.008 -1"><span class='ocrx_word' id='word_1_1' title='bbox 521 374 651 438; x_wconf 79' lang='grc'><strong>1511</strong></span> 
     </span>
    </p>
   </div>
   <div class='ocr_carea' id='block_1_2' title="bbox 1685 367 2580 432">
    <p class='ocr_par' dir='ltr' id='par_1_2' title="bbox 1685 367 2580 432">
     <span class='ocr_line' id='line_1_2' title="bbox 1685 367 2580 432; baseline 0.002 -2"><span class='ocrx_word' id='word_1_2' title='bbox 1685 369 1747 430; x_wconf 93' lang='lat' dir='ltr'><strong>S.</strong></span> <span class='ocrx_word' id='word_1_3' title='bbox 1785 367 2108 430; x_wconf 80' lang='lat' dir='ltr'><strong>JOANNIS</strong></span> <span class='ocrx_word' id='word_1_4' title='bbox 2147 367 2580 432; x_wconf 84' lang='lat' dir='ltr'><strong>DAMASCENI</strong></span> 
     </span>
    </p>
   </div>
   <div class='ocr_carea' id='block_1_3' title="bbox 3662 367 3794 435">
    <p class='ocr_par' dir='ltr' id='par_1_3' title="bbox 3662 367 3794 435">
     <span class='ocr_line' id='line_1_3' title="bbox 3662 367 3794 435; baseline 0.023 -3"><span class='ocrx_word' id='word_1_5' title='bbox 3662 367 3794 435; x_wconf 77' lang='lat'><strong>1512</strong></span> 
     </span>
    </p>
   </div>
   <div class='ocr_carea' id='block_1_4' title="bbox 515 481 2101 566">
    <p class='ocr_par' dir='ltr' id='par_1_4' title="bbox 515 481 2089 566">
     <span class='ocr_line' id='line_1_4' title="bbox 515 481 2089 566; baseline -0.008 -18"><span class='ocrx_word' id='word_1_6' title='bbox 515 505 650 566; x_wconf 85' lang='lat' dir='ltr'><strong>quot</strong></span> <span class='ocrx_word' id='word_1_7' title='bbox 685 503 951 562; x_wconf 79' lang='lat' dir='ltr'><strong>pauperes</strong></span> <span class='ocrx_word' id='word_1_8' title='bbox 992 485 1290 544; x_wconf 74' lang='lat' dir='ltr'><strong>fraudavit!</strong></span> <span class='ocrx_word' id='word_1_9' title='bbox 1331 481 1444 541; x_wconf 84' lang='lat' dir='ltr'><strong>Nec</strong></span> <span class='ocrx_word' id='word_1_10' title='bbox 1471 483 1607 538; x_wconf 84' lang='lat' dir='ltr'><strong>mihi</strong></span> <span class='ocrx_word' id='word_1_11' title='bbox 1639 483 1792 538; x_wconf 81' lang='lat' dir='ltr'><strong>dicas</strong></span> <span class='ocrx_word' id='word_1_12' title='bbox 1826 501 1840 538; x_wconf 91' lang='lat'><strong>:</strong></span> <span class='ocrx_word' id='word_1_13' title='bbox 1879 481 2089 538; x_wconf 82' lang='lat' dir='ltr'><strong>Consul</strong></span> 
     </span>
    </p>
   </div>
   <div class='ocr_carea' id='block_1_5' title="bbox 2205 481 3788 566">
    <p class='ocr_par' dir='ltr' id='par_1_5' title="bbox 2205 483 3788 560">
     <span class='ocr_line' id='line_1_5' title="bbox 2205 483 3788 560; baseline 0.002 -24"><span class='ocrx_word' id='word_1_14' title='bbox 2205 483 2381 547; x_wconf 68' lang='grc' dir='ltr'>κακῶς</span> <span class='ocrx_word' id='word_1_15' title='bbox 2418 485 2813 557; x_wconf 81' lang='grc' dir='ltr'>κεχρημένους.</span> <span class='ocrx_word' id='word_1_16' title='bbox 2860 487 2936 540; x_wconf 81' lang='grc' dir='ltr'>ού</span> <span class='ocrx_word' id='word_1_17' title='bbox 2986 484 3099 560; x_wconf 80' lang='grc' dir='ltr'><strong>γὰρ</strong></span> <span class='ocrx_word' id='word_1_18' title='bbox 3140 485 3310 540; x_wconf 80' lang='grc' dir='ltr'>κακὸν</span> <span class='ocrx_word' id='word_1_19' title='bbox 3366 486 3431 540; x_wconf 82' lang='grc' dir='ltr'><strong>τδ</strong></span> <span class='ocrx_word' id='word_1_20' title='bbox 3493 485 3788 541; x_wconf 81' lang='grc' dir='ltr'>πλουτείνο</span> 
     </span>
    </p>
   </div>
   <div class='ocr_carea' id='block_1_6' title="bbox 515 577 2106 655">
    <p class='ocr_par' dir='ltr' id='par_1_6' title="bbox 515 577 2106 655">
     <span class='ocr_line' id='line_1_6' title="bbox 515 577 2106 655; baseline -0.007 -14"><span class='ocrx_word' id='word_1_21' title='bbox 515 602 674 652; x_wconf 89' lang='lat' dir='ltr'><strong>sum;</strong></span> <span class='ocrx_word' id='word_1_22' title='bbox 706 586 1001 655; x_wconf 68' lang='lat' dir='ltr'><strong>praefectus</strong></span> <span class='ocrx_word' id='word_1_23' title='bbox 1051 595 1200 637; x_wconf 80' lang='lat' dir='ltr'><strong>sum.</strong></span> <span class='ocrx_word' id='word_1_24' title='bbox 1267 577 1608 650; x_wconf 73' lang='lat' dir='ltr'><strong>Dignitatem</strong></span> <span class='ocrx_word' id='word_1_25' title='bbox 1656 591 1766 632; x_wconf 90' lang='lat' dir='ltr'><strong>non</strong></span> <span class='ocrx_word' id='word_1_26' title='bbox 1817 590 2106 647; x_wconf 74' lang='lat' dir='ltr'><strong>agnosco;</strong></span> 
     </span>
    </p>
   </div>
   <div class='ocr_carea' id='block_1_7' title="bbox 2215 578 3368 652">
    <p class='ocr_par' dir='ltr' id='par_1_7' title="bbox 2215 578 3368 652">
     <span class='ocr_line' id='line_1_7' title="bbox 2215 578 3368 652; baseline 0.001 -21"><span class='ocrx_word' id='word_1_27' title='bbox 2215 578 2270 632; x_wconf 82' lang='grc' dir='ltr'>ετ</span> <span class='ocrx_word' id='word_1_28' title='bbox 2295 594 2349 632; x_wconf 89' lang='grc' dir='ltr'><strong>τι</strong></span> <span class='ocrx_word' id='word_1_29' title='bbox 2393 579 2501 649; x_wconf 82' lang='grc' dir='ltr'>γὰρ</span> <span class='ocrx_word' id='word_1_30' title='bbox 2533 579 2786 652; x_wconf 76' lang='grc' dir='ltr'>ἐποίησεν</span> <span class='ocrx_word' id='word_1_31' title='bbox 2815 583 2844 635; x_wconf 86' lang='grc' dir='ltr'><strong>ό</strong></span> <span class='ocrx_word' id='word_1_32' title='bbox 2871 578 3004 640; x_wconf 76' lang='grc' dir='ltr'>Θεὸς</span> <span class='ocrx_word' id='word_1_33' title='bbox 3054 579 3195 634; x_wconf 82' lang='grc' dir='ltr'><strong>καλά</strong></span> <span class='ocrx_word' id='word_1_34' title='bbox 3225 580 3368 639; x_wconf 88' lang='grc' dir='ltr'>λίαν.</span> 
     </span>
    </p>
   </div>
   <div class='ocr_carea' id='block_1_8' title="bbox 515 672 3789 750">
    <p class='ocr_par' dir='ltr' id='par_1_8' title="bbox 515 672 3789 750">
     <span class='ocr_line' id='line_1_8' title="bbox 515 672 3789 750; baseline -0.002 -12"><span class='ocrx_word' id='word_1_35' title='bbox 515 683 740 738; x_wconf 79' lang='lat' dir='ltr'><strong>divitias</strong></span> <span class='ocrx_word' id='word_1_36' title='bbox 787 694 898 735; x_wconf 92' lang='lat' dir='ltr'><strong>non</strong></span> <span class='ocrx_word' id='word_1_37' title='bbox 961 675 1258 744; x_wconf 82' lang='lat' dir='ltr'><strong>criminor;</strong></span> <span class='ocrx_word' id='word_1_38' title='bbox 1312 677 1408 731; x_wconf 87' lang='lat' dir='ltr'><strong>sed</strong></span> <span class='ocrx_word' id='word_1_39' title='bbox 1447 688 1542 729; x_wconf 91' lang='lat' dir='ltr'><strong>eos</strong></span> <span class='ocrx_word' id='word_1_40' title='bbox 1575 672 1668 743; x_wconf 91' lang='lat' dir='ltr'><strong>qui</strong></span> <span class='ocrx_word' id='word_1_41' title='bbox 1712 673 1856 727; x_wconf 87' lang='lat' dir='ltr'><strong>male</strong></span> <span class='ocrx_word' id='word_1_42' title='bbox 1902 672 1970 728; x_wconf 91' lang='lat' dir='ltr'><strong>iis</strong></span> <span class='ocrx_word' id='word_1_43' title='bbox 2010 672 2099 727; x_wconf 91' lang='lat' dir='ltr'><strong>usi</strong></span> <span class='ocrx_word' id='word_1_44' title='bbox 2124 681 2278 728; x_wconf 86' lang='lat' dir='ltr'><strong>sunt.</strong></span> <span class='ocrx_word' id='word_1_45' title='bbox 2319 672 2442 730; x_wconf 83' lang='lat' dir='ltr'><strong>Non</strong></span> <span class='ocrx_word' id='word_1_46' title='bbox 2485 675 2634 730; x_wconf 86' lang='lat' dir='ltr'><strong>enim</strong></span> <span class='ocrx_word' id='word_1_47' title='bbox 2662 675 2824 730; x_wconf 66' lang='lat' dir='ltr'><strong>malae</strong></span> <span class='ocrx_word' id='word_1_48' title='bbox 2851 674 3065 731; x_wconf 67' lang='lat' dir='ltr'><strong>divitiae</strong></span> <span class='ocrx_word' id='word_1_49' title='bbox 3113 685 3265 732; x_wconf 88' lang='lat' dir='ltr'><strong>sunt.</strong></span> <span class='ocrx_word' id='word_1_50' title='bbox 3306 675 3509 732; x_wconf 80' lang='lat' dir='ltr'><strong>Omnia</strong></span> <span class='ocrx_word' id='word_1_51' title='bbox 3563 676 3789 750; x_wconf 80' lang='lat' dir='ltr'><strong>quippe,</strong></span> 
     </span>
    </p>
   </div>
   <div class='ocr_carea' id='block_1_9' title="bbox 514 760 1932 848">
    <p class='ocr_par' dir='ltr' id='par_1_9' title="bbox 514 760 1932 848">
     <span class='ocr_line' id='line_1_9' title="bbox 514 760 1932 848; baseline -0.01 -17"><span class='ocrx_word' id='word_1_52' title='bbox 514 790 639 848; x_wconf 48' lang='lat' dir='ltr'><strong>quae</strong></span> <span class='ocrx_word' id='word_1_53' title='bbox 671 774 814 828; x_wconf 84' lang='lat' dir='ltr'><strong>Deus</strong></span> <span class='ocrx_word' id='word_1_54' title='bbox 839 770 991 832; x_wconf 79' lang='lat' dir='ltr'><strong>fecit,</strong></span> <span class='ocrx_word' id='word_1_55' title='bbox 1028 768 1188 822; x_wconf 87' lang='lat' dir='ltr'><strong>valde</strong></span> <span class='ocrx_word' id='word_1_56' title='bbox 1219 765 1362 821; x_wconf 86' lang='lat' dir='ltr'><strong>bona</strong></span> <span class='ocrx_word' id='word_1_57' title='bbox 1388 772 1519 820; x_wconf 89' lang='lat' dir='ltr'><strong>sunt</strong></span> <span class='ocrx_word' id='word_1_58' title='bbox 1548 760 1704 834; x_wconf 80' lang='lat' dir='ltr'><strong>(Gen.</strong></span> <span class='ocrx_word' id='word_1_59' title='bbox 1741 777 1779 828; x_wconf 83' lang='grc' dir='ltr'>ι,</span> <span class='ocrx_word' id='word_1_60' title='bbox 1817 761 1932 831; x_wconf 74' lang='grc'>51).</span> 
     </span>
    </p>
   </div>
   <div class='ocr_carea' id='block_1_10' title="bbox 589 851 2094 936">
    <p class='ocr_par' dir='ltr' id='par_1_10' title="bbox 589 851 2094 936">
     <span class='ocr_line' id='line_1_10' title="bbox 589 851 2094 936; baseline -0.009 -16"><span class='ocrx_word' id='word_1_61' title='bbox 589 862 843 936; x_wconf 73' lang='lat' dir='ltr'><strong>Ejusdem</strong></span> <span class='ocrx_word' id='word_1_62' title='bbox 871 863 924 917; x_wconf 86' lang='lat' dir='ltr'><strong>in</strong></span> <span class='ocrx_word' id='word_1_63' title='bbox 949 860 1108 916; x_wconf 77' lang='lat' dir='ltr'><strong>Psat.</strong></span> <span class='ocrx_word' id='word_1_64' title='bbox 1162 871 1357 912; x_wconf 76' lang='grc' dir='ltr'>ιιιιιι.</span> <span class='ocrx_word' id='word_1_65' title='bbox 1385 885 1456 896; x_wconf 88' lang='lat'><strong>-—</strong></span> <span class='ocrx_word' id='word_1_66' title='bbox 1485 853 1718 925; x_wconf 86' lang='lat' dir='ltr'><strong>Propter</strong></span> <span class='ocrx_word' id='word_1_67' title='bbox 1745 866 1882 924; x_wconf 88' lang='lat' dir='ltr'><strong>opes</strong></span> <span class='ocrx_word' id='word_1_68' title='bbox 1919 851 2094 907; x_wconf 83' lang='lat' dir='ltr'><strong>libera</strong></span> 
     </span>
    </p>
   </div>
   <div class='ocr_carea' id='block_1_11' title="bbox 515 942 2096 1018">
    <p class='ocr_par' dir='ltr' id='par_1_11' title="bbox 515 942 2096 1018">
     <span class='ocr_line' id='line_1_11' title="bbox 515 942 2096 1018; baseline -0.012 -3"><span class='ocrx_word' id='word_1_69' title='bbox 515 960 790 1015; x_wconf 84' lang='lat' dir='ltr'><strong>elementa</strong></span> <span class='ocrx_word' id='word_1_70' title='bbox 838 953 1150 1010; x_wconf 77' lang='lat' dir='ltr'><strong>vendimus.</strong></span> <span class='ocrx_word' id='word_1_71' title='bbox 1188 948 1310 1004; x_wconf 77' lang='lat' dir='ltr'><strong>Viis</strong></span> <span class='ocrx_word' id='word_1_72' title='bbox 1367 948 1733 1018; x_wconf 89' lang='lat' dir='ltr'><strong>imponuntur</strong></span> <span class='ocrx_word' id='word_1_73' title='bbox 1786 942 2096 1014; x_wconf 75' lang='lat' dir='ltr'><strong>vectigalia,</strong></span> 
     </span>
    </p>
   </div>
   <div class='ocr_carea' id='block_1_12' title="bbox 519 1032 2101 1123">
    <p class='ocr_par' dir='ltr' id='par_1_12' title="bbox 519 1032 2101 1123">
     <span class='ocr_line' id='line_1_12' title="bbox 519 1032 2101 1123; baseline -0.013 -16"><span class='ocrx_word' id='word_1_74' title='bbox 519 1066 676 1123; x_wconf 63' lang='lat' dir='ltr'><strong>aqua!</strong></span> <span class='ocrx_word' id='word_1_75' title='bbox 692 1047 944 1107; x_wconf 87' lang='lat' dir='ltr'><strong>dominio</strong></span> <span class='ocrx_word' id='word_1_76' title='bbox 970 1050 1190 1116; x_wconf 84' lang='lat' dir='ltr'><strong>parent,</strong></span> <span class='ocrx_word' id='word_1_77' title='bbox 1219 1057 1314 1097; x_wconf 83' lang='lat' dir='ltr'><strong>aer</strong></span> <span class='ocrx_word' id='word_1_78' title='bbox 1342 1038 1568 1095; x_wconf 85' lang='lat' dir='ltr'><strong>tributis</strong></span> <span class='ocrx_word' id='word_1_79' title='bbox 1620 1035 1949 1106; x_wconf 77' lang='lat' dir='ltr'><strong>subjicitur.</strong></span> <span class='ocrx_word' id='word_1_80' title='bbox 1974 1032 2101 1088; x_wconf 82' lang='lat' dir='ltr'><strong>Tri-</strong></span> 
     </span>
    </p>
   </div>
   <div class='ocr_carea' id='block_1_13' title="bbox 515 1128 2099 1206">
    <p class='ocr_par' dir='ltr' id='par_1_13' title="bbox 515 1128 2099 1206">
     <span class='ocr_line' id='line_1_13' title="bbox 515 1128 2099 1206; baseline -0.01 -6"><span class='ocrx_word' id='word_1_81' title='bbox 515 1147 776 1200; x_wconf 88' lang='lat' dir='ltr'><strong>butorum</strong></span> <span class='ocrx_word' id='word_1_82' title='bbox 809 1148 1123 1204; x_wconf 89' lang='lat' dir='ltr'><strong>coactores,</strong></span> <span class='ocrx_word' id='word_1_83' title='bbox 1142 1142 1196 1192; x_wconf 90' lang='lat' dir='ltr'><strong>et</strong></span> <span class='ocrx_word' id='word_1_84' title='bbox 1223 1131 1490 1206; x_wconf 68' lang='lat' dir='ltr'><strong>praefecti,</strong></span> <span class='ocrx_word' id='word_1_85' title='bbox 1513 1145 1579 1187; x_wconf 88' lang='lat' dir='ltr'><strong>ac</strong></span> <span class='ocrx_word' id='word_1_86' title='bbox 1611 1129 1892 1201; x_wconf 90' lang='lat' dir='ltr'><strong>publicani</strong></span> <span class='ocrx_word' id='word_1_87' title='bbox 1932 1128 2099 1184; x_wconf 82' lang='lat' dir='ltr'><strong>urbes</strong></span> 
     </span>
    </p>
   </div>
   <div class='ocr_carea' id='block_1_14' title="bbox 515 1221 2100 1294">
    <p class='ocr_par' dir='ltr' id='par_1_14' title="bbox 515 1221 2100 1294">
     <span class='ocr_line' id='line_1_14' title="bbox 515 1221 2100 1294; baseline -0.012 -1"><span class='ocrx_word' id='word_1_88' title='bbox 515 1245 737 1294; x_wconf 80' lang='lat' dir='ltr'><strong>vexant.</strong></span> <span class='ocrx_word' id='word_1_89' title='bbox 801 1233 964 1289; x_wconf 84' lang='lat' dir='ltr'><strong>Curis</strong></span> <span class='ocrx_word' id='word_1_90' title='bbox 1023 1227 1227 1284; x_wconf 75' lang='lat' dir='ltr'><strong>divites</strong></span> <span class='ocrx_word' id='word_1_91' title='bbox 1300 1222 1699 1289; x_wconf 82' lang='lat' dir='ltr'><strong>coniiciuntur,</strong></span> <span class='ocrx_word' id='word_1_92' title='bbox 1761 1221 2100 1277; x_wconf 70' lang='lat' dir='ltr'><strong>feneratores</strong></span> 
     </span>
    </p>
   </div>
   <div class='ocr_carea' id='block_1_15' title="bbox 516 1313 2092 1386">
    <p class='ocr_par' dir='ltr' id='par_1_15' title="bbox 516 1313 2092 1386">
     <span class='ocr_line' id='line_1_15' title="bbox 516 1313 2092 1386; baseline -0.012 -1"><span class='ocrx_word' id='word_1_93' title='bbox 516 1325 890 1386; x_wconf 83' lang='lat' dir='ltr'><strong>sollicitudine</strong></span> <span class='ocrx_word' id='word_1_94' title='bbox 950 1319 1404 1384; x_wconf 89' lang='lat' dir='ltr'><strong>contabescunt,</strong></span> <span class='ocrx_word' id='word_1_95' title='bbox 1465 1325 1720 1386; x_wconf 85' lang='lat' dir='ltr'><strong>raptores</strong></span> <span class='ocrx_word' id='word_1_96' title='bbox 1803 1313 2092 1368; x_wconf 84' lang='lat' dir='ltr'><strong>hominum</strong></span> 
     </span>
    </p>
   </div>
   <div class='ocr_carea' id='block_1_16' title="bbox 517 1408 2096 1494">
    <p class='ocr_par' dir='ltr' id='par_1_16' title="bbox 517 1408 2096 1494">
     <span class='ocr_line' id='line_1_16' title="bbox 517 1408 2096 1494; baseline -0.009 -17"><span class='ocrx_word' id='word_1_97' title='bbox 517 1419 845 1494; x_wconf 83' lang='lat' dir='ltr'><strong>perturbant</strong></span> <span class='ocrx_word' id='word_1_98' title='bbox 907 1415 1096 1478; x_wconf 88' lang='lat' dir='ltr'><strong>vitam,</strong></span> <span class='ocrx_word' id='word_1_99' title='bbox 1136 1411 1292 1468; x_wconf 84' lang='lat' dir='ltr'><strong>avari</strong></span> <span class='ocrx_word' id='word_1_100' title='bbox 1339 1408 1640 1466; x_wconf 84' lang='lat' dir='ltr'><strong>tribunalia</strong></span> <span class='ocrx_word' id='word_1_101' title='bbox 1688 1415 1896 1472; x_wconf 89' lang='lat' dir='ltr'><strong>terunt,</strong></span> <span class='ocrx_word' id='word_1_102' title='bbox 1930 1420 2096 1476; x_wconf 47' lang='lat' dir='ltr'><strong>sycoe</strong></span> 
     </span>
    </p>
   </div>
   <div class='ocr_carea' id='block_1_17' title="bbox 518 1500 2094 1589">
    <p class='ocr_par' dir='ltr' id='par_1_17' title="bbox 518 1500 2094 1589">
     <span class='ocr_line' id='line_1_17' title="bbox 518 1500 2094 1589; baseline -0.01 -21"><span class='ocrx_word' id='word_1_103' title='bbox 518 1518 736 1589; x_wconf 75' lang='lat' dir='ltr'><strong>phanta:</strong></span> <span class='ocrx_word' id='word_1_104' title='bbox 766 1511 967 1567; x_wconf 80' lang='lat' dir='ltr'><strong>falsum</strong></span> <span class='ocrx_word' id='word_1_105' title='bbox 1031 1507 1372 1570; x_wconf 89' lang='lat' dir='ltr'><strong>divendunt;</strong></span> <span class='ocrx_word' id='word_1_106' title='bbox 1404 1511 1653 1576; x_wconf 69' lang='lat' dir='ltr'><strong>quaestus</strong></span> <span class='ocrx_word' id='word_1_107' title='bbox 1698 1500 1886 1571; x_wconf 88' lang='lat' dir='ltr'><strong>cupidi</strong></span> <span class='ocrx_word' id='word_1_108' title='bbox 1921 1513 2094 1572; x_wconf 72' lang='lat' dir='ltr'><strong>nego-</strong></span> 
     </span>
    </p>
   </div>
   <div class='ocr_carea' id='block_1_18' title="bbox 515 1592 2095 1661">
    <p class='ocr_par' dir='ltr' id='par_1_18' title="bbox 515 1592 2095 1661">
     <span class='ocr_line' id='line_1_18' title="bbox 515 1592 2095 1661; baseline -0.009 -1"><span class='ocrx_word' id='word_1_109' title='bbox 515 1608 746 1661; x_wconf 87' lang='lat' dir='ltr'><strong>tiatores</strong></span> <span class='ocrx_word' id='word_1_110' title='bbox 777 1618 846 1659; x_wconf 77' lang='lat' dir='ltr'><strong>ex</strong></span> <span class='ocrx_word' id='word_1_111' title='bbox 887 1601 1124 1656; x_wconf 89' lang='lat' dir='ltr'><strong>aliorum</strong></span> <span class='ocrx_word' id='word_1_112' title='bbox 1176 1596 1590 1653; x_wconf 86' lang='lat' dir='ltr'><strong>calamitatibus</strong></span> <span class='ocrx_word' id='word_1_113' title='bbox 1644 1592 1938 1650; x_wconf 78' lang='lat' dir='ltr'><strong>commoda</strong></span> <span class='ocrx_word' id='word_1_114' title='bbox 1998 1601 2095 1647; x_wconf 89' lang='lat' dir='ltr'><strong>tua</strong></span> 
     </span>
    </p>
   </div>
   <div class='ocr_carea' id='block_1_19' title="bbox 516 1685 2096 1768">
    <p class='ocr_par' dir='ltr' id='par_1_19' title="bbox 516 1685 2096 1768">
     <span class='ocr_line' id='line_1_19' title="bbox 516 1685 2096 1768; baseline -0.009 -14"><span class='ocrx_word' id='word_1_115' title='bbox 516 1705 874 1768; x_wconf 85' lang='lat' dir='ltr'><strong>comparant;</strong></span> <span class='ocrx_word' id='word_1_116' title='bbox 908 1701 1102 1749; x_wconf 91' lang='lat' dir='ltr'><strong>mutuo</strong></span> <span class='ocrx_word' id='word_1_117' title='bbox 1127 1689 1448 1746; x_wconf 89' lang='lat' dir='ltr'><strong>mentiendo</strong></span> <span class='ocrx_word' id='word_1_118' title='bbox 1488 1685 1887 1758; x_wconf 85' lang='lat' dir='ltr'><strong>jusjurandum</strong></span> <span class='ocrx_word' id='word_1_119' title='bbox 1931 1699 2096 1740; x_wconf 91' lang='lat' dir='ltr'><strong>omne</strong></span> 
     </span>
    </p>
   </div>
   <div class='ocr_carea' id='block_1_20' title="bbox 516 1778 2097 1860">
    <p class='ocr_par' dir='ltr' id='par_1_20' title="bbox 516 1778 2097 1860">
     <span class='ocr_line' id='line_1_20' title="bbox 516 1778 2097 1860; baseline -0.01 -12"><span class='ocrx_word' id='word_1_120' title='bbox 516 1790 986 1860; x_wconf 81' lang='lat' dir='ltr'><strong>consumpsimus,</strong></span> <span class='ocrx_word' id='word_1_121' title='bbox 1010 1785 1104 1857; x_wconf 85' lang='lat' dir='ltr'><strong>qui</strong></span> <span class='ocrx_word' id='word_1_122' title='bbox 1143 1787 1314 1840; x_wconf 88' lang='lat' dir='ltr'><strong>Deum</strong></span> <span class='ocrx_word' id='word_1_123' title='bbox 1347 1781 1615 1838; x_wconf 80' lang='lat' dir='ltr'><strong>duntaxat</strong></span> <span class='ocrx_word' id='word_1_124' title='bbox 1644 1780 1713 1836; x_wconf 87' lang='lat' dir='ltr'><strong>ad</strong></span> <span class='ocrx_word' id='word_1_125' title='bbox 1737 1778 2097 1850; x_wconf 85' lang='lat' dir='ltr'><strong>dejerandum</strong></span> 
     </span>
    </p>
   </div>
   <div class='ocr_carea' id='block_1_21' title="bbox 2272 851 3792 929">
    <p class='ocr_par' dir='ltr' id='par_1_21' title="bbox 2272 851 3792 929">
     <span class='ocr_line' id='line_1_21' title="bbox 2272 851 3792 929; baseline 0.005 -24"><span class='ocrx_word' id='word_1_126' title='bbox 2272 851 2461 907; x_wconf 82' lang='grc' dir='ltr'>Διάτά</span> <span class='ocrx_word' id='word_1_127' title='bbox 2480 852 2742 924; x_wconf 79' lang='grc' dir='ltr'>χρήματα</span> <span class='ocrx_word' id='word_1_128' title='bbox 2788 853 2858 908; x_wconf 84' lang='grc' dir='ltr'>τὰ</span> <span class='ocrx_word' id='word_1_129' title='bbox 2909 853 3171 926; x_wconf 67' lang='grc' dir='ltr'>ἐλεύθερα</span> <span class='ocrx_word' id='word_1_130' title='bbox 3203 859 3446 926; x_wconf 72' lang='grc' dir='ltr'>στοιχεῖα</span> <span class='ocrx_word' id='word_1_131' title='bbox 3495 858 3792 929; x_wconf 77' lang='grc' dir='ltr'>πεπράκα-</span> 
     </span>
    </p>
   </div>
   <div class='ocr_carea' id='block_1_22' title="bbox 2205 945 3762 1012">
    <p class='ocr_par' dir='ltr' id='par_1_22' title="bbox 2205 945 3762 1012">
     <span class='ocr_line' id='line_1_22' title="bbox 2205 945 3762 1012; baseline 0.007 -17"><span class='ocrx_word' id='word_1_132' title='bbox 2205 959 2326 1012; x_wconf 88' lang='grc' dir='ltr'>μεν.</span> <span class='ocrx_word' id='word_1_133' title='bbox 2353 946 2418 998; x_wconf 74' lang='grc' dir='ltr'>Δί</span> <span class='ocrx_word' id='word_1_134' title='bbox 2439 945 2548 1000; x_wconf 78' lang='grc' dir='ltr'>όδοὶ</span> <span class='ocrx_word' id='word_1_135' title='bbox 2574 945 2937 1002; x_wconf 77' lang='grc' dir='ltr'>τελωνοῦνται</span> <span class='ocrx_word' id='word_1_136' title='bbox 2960 963 2976 978; x_wconf 88' lang='grc'>·</span> <span class='ocrx_word' id='word_1_137' title='bbox 3008 947 3080 1003; x_wconf 76' lang='grc' dir='ltr'><strong>τά</strong></span> <span class='ocrx_word' id='word_1_138' title='bbox 3125 947 3297 1002; x_wconf 80' lang='grc' dir='ltr'>ὕδατα</span> <span class='ocrx_word' id='word_1_139' title='bbox 3331 949 3762 1006; x_wconf 85' lang='grc' dir='ltr'>δεσποτεύονται</span> 
     </span>
    </p>
   </div>
   <div class='ocr_carea' id='block_1_23' title="bbox 2198 1034 3796 1110">
    <p class='ocr_par' dir='ltr' id='par_1_23' title="bbox 2198 1034 3796 1110">
     <span class='ocr_line' id='line_1_23' title="bbox 2198 1034 3796 1110; baseline 0.006 -20"><span class='ocrx_word' id='word_1_140' title='bbox 2198 1037 2228 1090; x_wconf 85' lang='grc' dir='ltr'><strong>ό</strong></span> <span class='ocrx_word' id='word_1_141' title='bbox 2259 1034 2368 1109; x_wconf 80' lang='grc' dir='ltr'><strong>ἀὴρ</strong></span> <span class='ocrx_word' id='word_1_142' title='bbox 2398 1040 2607 1106; x_wconf 80' lang='grc' dir='ltr'><strong>φωναῖς</strong></span> <span class='ocrx_word' id='word_1_143' title='bbox 2629 1038 3020 1096; x_wconf 79' lang='grc' dir='ltr'>ὑποϐάλλεται.</span> <span class='ocrx_word' id='word_1_144' title='bbox 3077 1041 3392 1110; x_wconf 84' lang='grc' dir='ltr'>Πολυλόγοι,</span> <span class='ocrx_word' id='word_1_145' title='bbox 3425 1043 3524 1097; x_wconf 72' lang='grc' dir='ltr'>καὶ</span> <span class='ocrx_word' id='word_1_146' title='bbox 3565 1046 3796 1110; x_wconf 80' lang='grc' dir='ltr'>φορολό-</span> 
     </span>
    </p>
   </div>
   <div class='ocr_carea' id='block_1_24' title="bbox 2199 1130 3808 1205">
    <p class='ocr_par' dir='ltr' id='par_1_24' title="bbox 2199 1130 3808 1205">
     <span class='ocr_line' id='line_1_24' title="bbox 2199 1130 3808 1205; baseline 0.006 -23"><span class='ocrx_word' id='word_1_147' title='bbox 2199 1145 2306 1198; x_wconf 83' lang='grc' dir='ltr'>γοι,</span> <span class='ocrx_word' id='word_1_148' title='bbox 2340 1131 2439 1185; x_wconf 74' lang='grc' dir='ltr'>καὶ</span> <span class='ocrx_word' id='word_1_149' title='bbox 2470 1130 2730 1198; x_wconf 83' lang='grc' dir='ltr'>τελῶναι,</span> <span class='ocrx_word' id='word_1_150' title='bbox 2781 1131 2882 1197; x_wconf 76' lang='grc' dir='ltr'><strong>τὰς</strong></span> <span class='ocrx_word' id='word_1_151' title='bbox 2913 1133 3098 1198; x_wconf 77' lang='grc' dir='ltr'>πόλεις</span> <span class='ocrx_word' id='word_1_152' title='bbox 3139 1133 3482 1205; x_wconf 87' lang='grc' dir='ltr'>συνέχουσιν.</span> <span class='ocrx_word' id='word_1_153' title='bbox 3531 1135 3600 1189; x_wconf 83' lang='lat' dir='ltr'><strong>0i.</strong></span> <span class='ocrx_word' id='word_1_154' title='bbox 3641 1136 3808 1191; x_wconf 71' lang='grc' dir='ltr'>πλούδ</span> 
     </span>
    </p>
   </div>
   <div class='ocr_carea' id='block_1_25' title="bbox 2204 1225 3796 1297">
    <p class='ocr_par' dir='ltr' id='par_1_25' title="bbox 2204 1225 3796 1297">
     <span class='ocr_line' id='line_1_25' title="bbox 2204 1225 3796 1297; baseline 0.005 -21"><span class='ocrx_word' id='word_1_155' title='bbox 2204 1239 2309 1276; x_wconf 89' lang='grc' dir='ltr'>σιοι</span> <span class='ocrx_word' id='word_1_156' title='bbox 2336 1225 2459 1288; x_wconf 83' lang='grc' dir='ltr'>ταῖς</span> <span class='ocrx_word' id='word_1_157' title='bbox 2518 1225 2799 1297; x_wconf 72' lang='grc' dir='ltr'><strong>φροντίσιν</strong></span> <span class='ocrx_word' id='word_1_158' title='bbox 2843 1226 3195 1287; x_wconf 74' lang='grc' dir='ltr'>ἐκτήκονται⁶</span> <span class='ocrx_word' id='word_1_159' title='bbox 3234 1227 3284 1280; x_wconf 79' lang='lat' dir='ltr'><strong>oi</strong></span> <span class='ocrx_word' id='word_1_160' title='bbox 3337 1228 3625 1283; x_wconf 74' lang='grc' dir='ltr'>δανεισταὶ</span> <span class='ocrx_word' id='word_1_161' title='bbox 3678 1232 3796 1294; x_wconf 76' lang='grc' dir='ltr'>ταῖς</span> 
     </span>
    </p>
   </div>
   <div class='ocr_carea' id='block_1_26' title="bbox 2204 1317 3798 1394">
    <p class='ocr_par' dir='ltr' id='par_1_26' title="bbox 2204 1317 3798 1394">
     <span class='ocr_line' id='line_1_26' title="bbox 2204 1317 3798 1394; baseline 0.006 -25"><span class='ocrx_word' id='word_1_162' title='bbox 2204 1317 2498 1387; x_wconf 80' lang='grc' dir='ltr'><strong>μερίμναις</strong></span> <span class='ocrx_word' id='word_1_163' title='bbox 2530 1318 2920 1389; x_wconf 79' lang='grc' dir='ltr'>μαραίνονται·</span> <span class='ocrx_word' id='word_1_164' title='bbox 2954 1320 3003 1372; x_wconf 82' lang='lat' dir='ltr'><strong>oi</strong></span> <span class='ocrx_word' id='word_1_165' title='bbox 3033 1319 3282 1390; x_wconf 78' lang='grc' dir='ltr'>ἅρπαγες</span> <span class='ocrx_word' id='word_1_166' title='bbox 3322 1322 3414 1376; x_wconf 86' lang='grc' dir='ltr'>τὸν</span> <span class='ocrx_word' id='word_1_167' title='bbox 3447 1322 3564 1392; x_wconf 87' lang='grc' dir='ltr'>βίον</span> <span class='ocrx_word' id='word_1_168' title='bbox 3589 1325 3798 1394; x_wconf 80' lang='grc' dir='ltr'>ταράσ-</span> 
     </span>
    </p>
   </div>
   <div class='ocr_carea' id='block_1_27' title="bbox 2203 1408 3798 1486">
    <p class='ocr_par' dir='ltr' id='par_1_27' title="bbox 2203 1408 3798 1486">
     <span class='ocr_line' id='line_1_27' title="bbox 2203 1408 3798 1486; baseline 0.004 -24"><span class='ocrx_word' id='word_1_169' title='bbox 2203 1423 2389 1462; x_wconf 91' lang='grc' dir='ltr'>σουσιν</span> <span class='ocrx_word' id='word_1_170' title='bbox 2412 1423 2424 1436; x_wconf 91' lang='grc'><strong>·</strong></span> <span class='ocrx_word' id='word_1_171' title='bbox 2447 1408 2497 1461; x_wconf 83' lang='lat' dir='ltr'><strong>oi</strong></span> <span class='ocrx_word' id='word_1_172' title='bbox 2525 1408 2922 1481; x_wconf 75' lang='grc' dir='ltr'><strong>φιλοχρήματοι</strong></span> <span class='ocrx_word' id='word_1_173' title='bbox 2944 1408 3014 1464; x_wconf 77' lang='grc' dir='ltr'><strong>τά</strong></span> <span class='ocrx_word' id='word_1_174' title='bbox 3051 1411 3380 1484; x_wconf 83' lang='grc' dir='ltr'>δικαστήρια</span> <span class='ocrx_word' id='word_1_175' title='bbox 3422 1415 3798 1486; x_wconf 74' lang='grc' dir='ltr'>κατατρίϐω-</span> 
     </span>
    </p>
   </div>
   <div class='ocr_carea' id='block_1_28' title="bbox 2202 1499 3798 1579">
    <p class='ocr_par' dir='ltr' id='par_1_28' title="bbox 2202 1499 3798 1579">
     <span class='ocr_line' id='line_1_28' title="bbox 2202 1499 3798 1579; baseline 0.008 -28"><span class='ocrx_word' id='word_1_176' title='bbox 2202 1514 2286 1552; x_wconf 86' lang='grc' dir='ltr'><strong>σιν</strong></span> <span class='ocrx_word' id='word_1_177' title='bbox 2307 1516 2323 1530; x_wconf 78' lang='grc'><em>’</em></span> <span class='ocrx_word' id='word_1_178' title='bbox 2350 1499 2402 1552; x_wconf 87' lang='grc' dir='ltr'>οἱ</span> <span class='ocrx_word' id='word_1_179' title='bbox 2432 1500 2767 1569; x_wconf 77' lang='grc' dir='ltr'><strong>συκοφάνται</strong></span> <span class='ocrx_word' id='word_1_180' title='bbox 2787 1499 2849 1554; x_wconf 83' lang='grc' dir='ltr'>τὸ</span> <span class='ocrx_word' id='word_1_181' title='bbox 2873 1499 3071 1570; x_wconf 79' lang='grc' dir='ltr'>ψεῦδος</span> <span class='ocrx_word' id='word_1_182' title='bbox 3096 1504 3505 1575; x_wconf 79' lang='grc' dir='ltr'>πιπράσκουσιν</span> <span class='ocrx_word' id='word_1_183' title='bbox 3522 1509 3605 1560; x_wconf 78' lang='grc' dir='ltr'><strong>ὀἱ</strong></span> <span class='ocrx_word' id='word_1_184' title='bbox 3637 1507 3798 1579; x_wconf 84' lang='grc' dir='ltr'>κερδ-</span> 
     </span>
    </p>
   </div>
   <div class='ocr_carea' id='block_1_29' title="bbox 2198 1589 3796 1672">
    <p class='ocr_par' dir='ltr' id='par_1_29' title="bbox 2198 1589 3796 1672">
     <span class='ocr_line' id='line_1_29' title="bbox 2198 1589 3796 1672; baseline 0.008 -29"><span class='ocrx_word' id='word_1_185' title='bbox 2198 1589 2432 1662; x_wconf 86' lang='grc' dir='ltr'>έμποροι</span> <span class='ocrx_word' id='word_1_186' title='bbox 2481 1591 2584 1656; x_wconf 83' lang='grc' dir='ltr'>τὰς</span> <span class='ocrx_word' id='word_1_187' title='bbox 2627 1591 2910 1664; x_wconf 79' lang='grc' dir='ltr'>συμφορὰς</span> <span class='ocrx_word' id='word_1_188' title='bbox 2951 1596 3472 1666; x_wconf 81' lang='grc' dir='ltr'><strong>πραγματεύονται,</strong></span> <span class='ocrx_word' id='word_1_189' title='bbox 3529 1601 3796 1672; x_wconf 62' lang='grc' dir='ltr'>ἀλλήλαις</span> 
     </span>
    </p>
   </div>
   <div class='ocr_carea' id='block_1_30' title="bbox 2197 1682 3798 1764">
    <p class='ocr_par' dir='ltr' id='par_1_30' title="bbox 2197 1682 3798 1764">
     <span class='ocr_line' id='line_1_30' title="bbox 2197 1682 3798 1764; baseline 0.007 -29"><span class='ocrx_word' id='word_1_190' title='bbox 2197 1682 2519 1755; x_wconf 82' lang='grc' dir='ltr'>ψευδόμενοι</span> <span class='ocrx_word' id='word_1_191' title='bbox 2545 1686 2671 1749; x_wconf 82' lang='grc' dir='ltr'>τοὺς</span> <span class='ocrx_word' id='word_1_192' title='bbox 2695 1686 2894 1757; x_wconf 84' lang='grc' dir='ltr'>ὅρκους</span> <span class='ocrx_word' id='word_1_193' title='bbox 2933 1686 3316 1760; x_wconf 76' lang='grc' dir='ltr'><strong>ἀνηλώσαμεν,</strong></span> <span class='ocrx_word' id='word_1_194' title='bbox 3351 1692 3435 1754; x_wconf 86' lang='grc' dir='ltr'><strong>είς</strong></span> <span class='ocrx_word' id='word_1_195' title='bbox 3474 1691 3538 1746; x_wconf 75' lang='grc' dir='ltr'>τὸ</span> <span class='ocrx_word' id='word_1_196' title='bbox 3569 1693 3798 1764; x_wconf 76' lang='grc' dir='ltr'>ὀμνύειν</span> 
     </span>
    </p>
   </div>
   <div class='ocr_carea' id='block_1_31' title="bbox 2207 1776 3800 1854">
    <p class='ocr_par' dir='ltr' id='par_1_31' title="bbox 2207 1776 3800 1854">
     <span class='ocr_line' id='line_1_31' title="bbox 2207 1776 3800 1854; baseline 0.006 -24"><span class='ocrx_word' id='word_1_197' title='bbox 2207 1776 2372 1846; x_wconf 86' lang='grc' dir='ltr'>μόνον</span> <span class='ocrx_word' id='word_1_198' title='bbox 2396 1777 2486 1833; x_wconf 79' lang='grc' dir='ltr'>τὸν</span> <span class='ocrx_word' id='word_1_199' title='bbox 2520 1776 2654 1833; x_wconf 83' lang='grc' dir='ltr'>Θεὸν</span> <span class='ocrx_word' id='word_1_200' title='bbox 2711 1779 3087 1852; x_wconf 73' lang='grc' dir='ltr'>ἐπιστάμενοι.</span> <span class='ocrx_word' id='word_1_201' title='bbox 3124 1781 3188 1836; x_wconf 86' lang='grc' dir='ltr'><strong>Ἦ</strong></span> <span class='ocrx_word' id='word_1_202' title='bbox 3215 1783 3290 1854; x_wconf 79' lang='grc' dir='ltr'>γῆ</span> <span class='ocrx_word' id='word_1_203' title='bbox 3316 1783 3502 1838; x_wconf 80' lang='grc' dir='ltr'>λοιπὸν</span> <span class='ocrx_word' id='word_1_204' title='bbox 3549 1787 3622 1840; x_wconf 77' lang='grc' dir='ltr'>τὰ</span> <span class='ocrx_word' id='word_1_205' title='bbox 3651 1788 3800 1840; x_wconf 74' lang='grc' dir='ltr'>κακά</span> 
     </span>
    </p>
   </div>
   <div class='ocr_carea' id='block_1_32' title="bbox 520 1869 2101 1949">
    <p class='ocr_par' dir='ltr' id='par_1_32' title="bbox 520 1869 2101 1947">
     <span class='ocr_line' id='line_1_32' title="bbox 520 1869 2101 1947; baseline -0.01 -9"><span class='ocrx_word' id='word_1_206' title='bbox 520 1897 839 1938; x_wconf 81' lang='lat' dir='ltr'><strong>noscamus.</strong></span> <span class='ocrx_word' id='word_1_207' title='bbox 896 1877 1069 1934; x_wconf 80' lang='lat' dir='ltr'><strong>Terra</strong></span> <span class='ocrx_word' id='word_1_208' title='bbox 1111 1877 1224 1947; x_wconf 91' lang='lat' dir='ltr'><strong>jam</strong></span> <span class='ocrx_word' id='word_1_209' title='bbox 1261 1882 1342 1930; x_wconf 89' lang='lat' dir='ltr'><strong>tot</strong></span> <span class='ocrx_word' id='word_1_210' title='bbox 1375 1873 1661 1946; x_wconf 74' lang='lat' dir='ltr'><strong>gestandis</strong></span> <span class='ocrx_word' id='word_1_211' title='bbox 1700 1871 1863 1926; x_wconf 90' lang='lat' dir='ltr'><strong>malis</strong></span> <span class='ocrx_word' id='word_1_212' title='bbox 1925 1869 2101 1939; x_wconf 80' lang='lat' dir='ltr'><strong>impar</strong></span> 
     </span>
    </p>
   </div>
   <div class='ocr_carea' id='block_1_33' title="bbox 2205 1869 3799 1949">
    <p class='ocr_par' dir='ltr' id='par_1_33' title="bbox 2206 1870 3799 1949">
     <span class='ocr_line' id='line_1_33' title="bbox 2206 1870 3799 1949; baseline 0.005 -24"><span class='ocrx_word' id='word_1_213' title='bbox 2206 1870 2501 1942; x_wconf 77' lang='grc' dir='ltr'>βαστάζειν</span> <span class='ocrx_word' id='word_1_214' title='bbox 2537 1873 2602 1927; x_wconf 81' lang='grc' dir='ltr'>οὐ</span> <span class='ocrx_word' id='word_1_215' title='bbox 2664 1871 2910 1929; x_wconf 88' lang='grc' dir='ltr'>δύναται.</span> <span class='ocrx_word' id='word_1_216' title='bbox 2980 1875 3042 1928; x_wconf 87' lang='lat'><strong>&#39;0</strong></span> <span class='ocrx_word' id='word_1_217' title='bbox 3071 1875 3179 1947; x_wconf 80' lang='grc' dir='ltr'>ἀὴρ</span> <span class='ocrx_word' id='word_1_218' title='bbox 3228 1877 3423 1949; x_wconf 81' lang='grc' dir='ltr'>μέχρις</span> <span class='ocrx_word' id='word_1_219' title='bbox 3467 1878 3646 1933; x_wconf 76' lang='grc' dir='ltr'>αὐτοῦ</span> <span class='ocrx_word' id='word_1_220' title='bbox 3703 1879 3799 1934; x_wconf 77' lang='grc' dir='ltr'>τοῦ</span> 
     </span>
    </p>
   </div>
   <div class='ocr_carea' id='block_1_34' title="bbox 515 1959 2100 2040">
    <p class='ocr_par' dir='ltr' id='par_1_34' title="bbox 515 1959 2100 2040">
     <span class='ocr_line' id='line_1_34' title="bbox 515 1959 2100 2040; baseline -0.012 -6"><span class='ocrx_word' id='word_1_221' title='bbox 515 1986 622 2034; x_wconf 88' lang='lat' dir='ltr'><strong>est.</strong></span> <span class='ocrx_word' id='word_1_222' title='bbox 653 1976 762 2031; x_wconf 80' lang='lat' dir='ltr'><strong>Aer</strong></span> <span class='ocrx_word' id='word_1_223' title='bbox 797 1972 865 2029; x_wconf 89' lang='lat' dir='ltr'><strong>ad</strong></span> <span class='ocrx_word' id='word_1_224' title='bbox 885 1971 1146 2028; x_wconf 74' lang='lat' dir='ltr'><strong>aetherem</strong></span> <span class='ocrx_word' id='word_1_225' title='bbox 1176 1983 1354 2040; x_wconf 87' lang='lat' dir='ltr'><strong>usque</strong></span> <span class='ocrx_word' id='word_1_226' title='bbox 1384 1964 1796 2023; x_wconf 88' lang='lat' dir='ltr'><strong>contaminatus</strong></span> <span class='ocrx_word' id='word_1_227' title='bbox 1835 1969 1939 2020; x_wconf 87' lang='lat' dir='ltr'><strong>est.</strong></span> <span class='ocrx_word' id='word_1_228' title='bbox 1963 1959 2100 2018; x_wconf 86' lang='lat' dir='ltr'><strong>Cum</strong></span> 
     </span>
    </p>
   </div>
   <div class='ocr_carea' id='block_1_35' title="bbox 516 2057 2104 2141">
    <p class='ocr_par' dir='ltr' id='par_1_35' title="bbox 516 2057 2104 2141">
     <span class='ocr_line' id='line_1_35' title="bbox 516 2057 2104 2141; baseline -0.009 -16"><span class='ocrx_word' id='word_1_229' title='bbox 516 2073 702 2141; x_wconf 85' lang='lat' dir='ltr'><strong>itaque</strong></span> <span class='ocrx_word' id='word_1_230' title='bbox 741 2071 798 2124; x_wconf 93' lang='lat' dir='ltr'><strong>in</strong></span> <span class='ocrx_word' id='word_1_231' title='bbox 832 2066 994 2123; x_wconf 91' lang='lat' dir='ltr'><strong>malis</strong></span> <span class='ocrx_word' id='word_1_232' title='bbox 1036 2077 1235 2120; x_wconf 84' lang='lat' dir='ltr'><strong>omnes</strong></span> <span class='ocrx_word' id='word_1_233' title='bbox 1284 2075 1388 2118; x_wconf 91' lang='lat' dir='ltr'><strong>nos</strong></span> <span class='ocrx_word' id='word_1_234' title='bbox 1424 2057 1690 2117; x_wconf 85' lang='lat' dir='ltr'><strong>concitati</strong></span> <span class='ocrx_word' id='word_1_235' title='bbox 1742 2057 1940 2124; x_wconf 85' lang='lat' dir='ltr'><strong>simus,</strong></span> <span class='ocrx_word' id='word_1_236' title='bbox 1972 2069 2104 2128; x_wconf 88' lang='lat' dir='ltr'><strong>pro-</strong></span> 
     </span>
    </p>
   </div>
   <div class='ocr_carea' id='block_1_36' title="bbox 515 2146 2100 2236">
    <p class='ocr_par' dir='ltr' id='par_1_36' title="bbox 515 2146 2100 2236">
     <span class='ocr_line' id='line_1_36' title="bbox 515 2146 2100 2236; baseline -0.011 -15"><span class='ocrx_word' id='word_1_237' title='bbox 515 2165 680 2236; x_wconf 80' lang='lat' dir='ltr'><strong>pheta</strong></span> <span class='ocrx_word' id='word_1_238' title='bbox 710 2161 880 2219; x_wconf 83' lang='lat' dir='ltr'><strong>vitam</strong></span> <span class='ocrx_word' id='word_1_239' title='bbox 905 2160 1205 2217; x_wconf 82' lang='lat' dir='ltr'><strong>humanam</strong></span> <span class='ocrx_word' id='word_1_240' title='bbox 1244 2154 1650 2229; x_wconf 85' lang='lat' dir='ltr'><strong>parvipendens</strong></span> <span class='ocrx_word' id='word_1_241' title='bbox 1673 2150 1876 2206; x_wconf 89' lang='lat' dir='ltr'><strong>clamat</strong></span> <span class='ocrx_word' id='word_1_242' title='bbox 1926 2164 1942 2206; x_wconf 89' lang='lat'><strong>:</strong></span> <span class='ocrx_word' id='word_1_243' title='bbox 2006 2146 2100 2204; x_wconf 71' lang='grc' dir='ltr'><strong>γε·</strong></span> 
     </span>
    </p>
   </div>
   <div class='ocr_carea' id='block_1_37' title="bbox 517 2242 2100 2312">
    <p class='ocr_par' dir='ltr' id='par_1_37' title="bbox 517 2242 2100 2312">
     <span class='ocr_line' id='line_1_37' title="bbox 517 2242 2100 2312; baseline -0.009 0"><span class='ocrx_word' id='word_1_244' title='bbox 517 2265 818 2312; x_wconf 78' lang='lat' dir='ltr'><strong>rumtamen</strong></span> <span class='ocrx_word' id='word_1_245' title='bbox 870 2267 1000 2308; x_wconf 74' lang='lat' dir='ltr'><strong>uane</strong></span> <span class='ocrx_word' id='word_1_246' title='bbox 1061 2248 1415 2305; x_wconf 79' lang='lat' dir='ltr'><strong>conturbatur</strong></span> <span class='ocrx_word' id='word_1_247' title='bbox 1467 2245 1639 2302; x_wconf 75' lang='lat' dir='ltr'><strong>omnis</strong></span> <span class='ocrx_word' id='word_1_248' title='bbox 1683 2245 1840 2298; x_wconf 80' lang='lat' dir='ltr'><strong>homo</strong></span> <span class='ocrx_word' id='word_1_249' title='bbox 1903 2242 2100 2298; x_wconf 73' lang='lat' dir='ltr'><strong>vivens.</strong></span> 
     </span>
    </p>
   </div>
   <div class='ocr_carea' id='block_1_38' title="bbox 518 2334 2102 2421">
    <p class='ocr_par' dir='ltr' id='par_1_38' title="bbox 518 2334 2102 2421">
     <span class='ocr_line' id='line_1_38' title="bbox 518 2334 2102 2421; baseline -0.013 -17"><span class='ocrx_word' id='word_1_250' title='bbox 518 2347 696 2421; x_wconf 74' lang='lat' dir='ltr'><strong>(Paul.</strong></span> <span class='ocrx_word' id='word_1_251' title='bbox 729 2359 983 2410; x_wconf 55' lang='lat' dir='ltr'><strong>unm&quot;</strong></span> <span class='ocrx_word' id='word_1_252' title='bbox 1018 2341 1131 2413; x_wconf 76' lang='grc'>12).</span> <span class='ocrx_word' id='word_1_253' title='bbox 1171 2339 1348 2395; x_wconf 82' lang='lat' dir='ltr'><strong>Homo</strong></span> <span class='ocrx_word' id='word_1_254' title='bbox 1378 2338 1553 2399; x_wconf 86' lang='lat' dir='ltr'><strong>solus,</strong></span> <span class='ocrx_word' id='word_1_255' title='bbox 1589 2349 1624 2390; x_wconf 92' lang='lat' dir='ltr'><strong>o</strong></span> <span class='ocrx_word' id='word_1_256' title='bbox 1645 2334 1936 2407; x_wconf 85' lang='lat' dir='ltr'><strong>propheta,</strong></span> <span class='ocrx_word' id='word_1_257' title='bbox 1970 2346 2102 2386; x_wconf 90' lang='lat' dir='ltr'><strong>con-</strong></span> 
     </span>
    </p>
   </div>
   <div class='ocr_carea' id='block_1_39' title="bbox 516 2428 2105 2496">
    <p class='ocr_par' dir='ltr' id='par_1_39' title="bbox 516 2428 2105 2496">
     <span class='ocr_line' id='line_1_39' title="bbox 516 2428 2105 2496; baseline -0.011 -1"><span class='ocrx_word' id='word_1_258' title='bbox 516 2439 818 2496; x_wconf 74' lang='lat' dir='ltr'><strong>turbatur?</strong></span> <span class='ocrx_word' id='word_1_259' title='bbox 879 2434 1172 2492; x_wconf 87' lang='lat' dir='ltr'><strong>rationalis</strong></span> <span class='ocrx_word' id='word_1_260' title='bbox 1221 2433 1493 2487; x_wconf 74' lang='lat' dir='ltr'><strong>duntaxat</strong></span> <span class='ocrx_word' id='word_1_261' title='bbox 1541 2428 1635 2484; x_wconf 91' lang='lat' dir='ltr'><strong>illa</strong></span> <span class='ocrx_word' id='word_1_262' title='bbox 1685 2438 1883 2482; x_wconf 88' lang='lat' dir='ltr'><strong>natura</strong></span> <span class='ocrx_word' id='word_1_263' title='bbox 1915 2438 2105 2496; x_wconf 83' lang='lat' dir='ltr'><strong>repre-</strong></span> 
     </span>
    </p>
   </div>
   <div class='ocr_carea' id='block_1_40' title="bbox 518 2517 2101 2595">
    <p class='ocr_par' dir='ltr' id='par_1_40' title="bbox 518 2517 2101 2595">
     <span class='ocr_line' id='line_1_40' title="bbox 518 2517 2101 2595; baseline -0.009 -8"><span class='ocrx_word' id='word_1_264' title='bbox 518 2529 816 2586; x_wconf 80' lang='lat' dir='ltr'><strong>henditur?</strong></span> <span class='ocrx_word' id='word_1_265' title='bbox 854 2525 1082 2582; x_wconf 87' lang='lat' dir='ltr'><strong>Nihilne</strong></span> <span class='ocrx_word' id='word_1_266' title='bbox 1134 2524 1287 2580; x_wconf 89' lang='lat' dir='ltr'><strong>aliud</strong></span> <span class='ocrx_word' id='word_1_267' title='bbox 1334 2522 1482 2595; x_wconf 88' lang='lat' dir='ltr'><strong>quod</strong></span> <span class='ocrx_word' id='word_1_268' title='bbox 1545 2517 1953 2592; x_wconf 88' lang='lat' dir='ltr'><strong>perturbationi</strong></span> <span class='ocrx_word' id='word_1_269' title='bbox 1997 2517 2101 2573; x_wconf 80' lang='lat' dir='ltr'><strong>ob-</strong></span> 
     </span>
    </p>
   </div>
   <div class='ocr_carea' id='block_1_41' title="bbox 516 2605 2104 2688">
    <p class='ocr_par' dir='ltr' id='par_1_41' title="bbox 516 2605 2104 2688">
     <span class='ocr_line' id='line_1_41' title="bbox 516 2605 2104 2688; baseline -0.008 -11"><span class='ocrx_word' id='word_1_270' title='bbox 516 2621 744 2678; x_wconf 80' lang='lat' dir='ltr'><strong>noxium</strong></span> <span class='ocrx_word' id='word_1_271' title='bbox 769 2619 864 2688; x_wconf 81' lang='lat' dir='ltr'><strong>sit,</strong></span> <span class='ocrx_word' id='word_1_272' title='bbox 890 2619 1032 2673; x_wconf 88' lang='lat' dir='ltr'><strong>inter</strong></span> <span class='ocrx_word' id='word_1_273' title='bbox 1055 2615 1243 2673; x_wconf 86' lang='lat' dir='ltr'><strong>omnia</strong></span> <span class='ocrx_word' id='word_1_274' title='bbox 1298 2611 1599 2668; x_wconf 85' lang='lat' dir='ltr'><strong>animantia</strong></span> <span class='ocrx_word' id='word_1_275' title='bbox 1644 2609 1942 2681; x_wconf 80' lang='lat' dir='ltr'><strong>reperisti?</strong></span> <span class='ocrx_word' id='word_1_276' title='bbox 1968 2605 2104 2664; x_wconf 86' lang='lat' dir='ltr'><strong>Pro-</strong></span> 
     </span>
    </p>
   </div>
   <div class='ocr_carea' id='block_1_42' title="bbox 515 2701 2104 2789">
    <p class='ocr_par' dir='ltr' id='par_1_42' title="bbox 515 2701 2104 2789">
     <span class='ocr_line' id='line_1_42' title="bbox 515 2701 2104 2789; baseline -0.01 -16"><span class='ocrx_word' id='word_1_277' title='bbox 515 2718 663 2774; x_wconf 72' lang='lat' dir='ltr'><strong>iecto</strong></span> <span class='ocrx_word' id='word_1_278' title='bbox 692 2713 941 2789; x_wconf 83' lang='lat' dir='ltr'><strong>quidem,</strong></span> <span class='ocrx_word' id='word_1_279' title='bbox 974 2709 1187 2783; x_wconf 88' lang='lat' dir='ltr'><strong>inquit,</strong></span> <span class='ocrx_word' id='word_1_280' title='bbox 1242 2708 1540 2763; x_wconf 85' lang='lat' dir='ltr'><strong>turbantur</strong></span> <span class='ocrx_word' id='word_1_281' title='bbox 1578 2706 1747 2762; x_wconf 88' lang='lat' dir='ltr'><strong>etiam</strong></span> <span class='ocrx_word' id='word_1_282' title='bbox 1783 2717 1974 2775; x_wconf 69' lang='lat' dir='ltr'><strong>aqum;</strong></span> <span class='ocrx_word' id='word_1_283' title='bbox 2005 2701 2104 2757; x_wconf 88' lang='lat' dir='ltr'><strong>sed</strong></span> 
     </span>
    </p>
   </div>
   <div class='ocr_carea' id='block_1_43' title="bbox 514 2797 2103 2880">
    <p class='ocr_par' dir='ltr' id='par_1_43' title="bbox 514 2797 2103 2880">
     <span class='ocr_line' id='line_1_43' title="bbox 514 2797 2103 2880; baseline -0.012 -12"><span class='ocrx_word' id='word_1_284' title='bbox 514 2825 713 2868; x_wconf 84' lang='lat' dir='ltr'><strong>rursus</strong></span> <span class='ocrx_word' id='word_1_285' title='bbox 748 2805 1145 2880; x_wconf 84' lang='lat' dir='ltr'><strong>tranquillitati</strong></span> <span class='ocrx_word' id='word_1_286' title='bbox 1195 2803 1590 2858; x_wconf 88' lang='lat' dir='ltr'><strong>restituuntur.</strong></span> <span class='ocrx_word' id='word_1_287' title='bbox 1623 2797 1800 2856; x_wconf 88' lang='lat' dir='ltr'><strong>Terra</strong></span> <span class='ocrx_word' id='word_1_288' title='bbox 1853 2810 2103 2854; x_wconf 86' lang='lat' dir='ltr'><strong>commo-</strong></span> 
     </span>
    </p>
   </div>
   <div class='ocr_carea' id='block_1_44' title="bbox 519 2887 2105 2973">
    <p class='ocr_par' dir='ltr' id='par_1_44' title="bbox 519 2887 2105 2973">
     <span class='ocr_line' id='line_1_44' title="bbox 519 2887 2105 2973; baseline -0.009 -13"><span class='ocrx_word' id='word_1_289' title='bbox 519 2914 716 2972; x_wconf 87' lang='lat' dir='ltr'><strong>vetur;</strong></span> <span class='ocrx_word' id='word_1_290' title='bbox 759 2903 858 2960; x_wconf 89' lang='lat' dir='ltr'><strong>sed</strong></span> <span class='ocrx_word' id='word_1_291' title='bbox 908 2908 1098 2973; x_wconf 86' lang='lat' dir='ltr'><strong>postea</strong></span> <span class='ocrx_word' id='word_1_292' title='bbox 1122 2896 1398 2953; x_wconf 84' lang='lat' dir='ltr'><strong>ﬁrmatur.</strong></span> <span class='ocrx_word' id='word_1_293' title='bbox 1443 2894 1738 2951; x_wconf 74' lang='lat' dir='ltr'><strong>Moventur</strong></span> <span class='ocrx_word' id='word_1_294' title='bbox 1781 2891 1970 2959; x_wconf 86' lang='lat' dir='ltr'><strong>venti;</strong></span> <span class='ocrx_word' id='word_1_295' title='bbox 2005 2887 2105 2948; x_wconf 88' lang='lat' dir='ltr'><strong>sed</strong></span> 
     </span>
    </p>
   </div>
   <div class='ocr_carea' id='block_1_45' title="bbox 515 2985 2101 3066">
    <p class='ocr_par' dir='ltr' id='par_1_45' title="bbox 515 2985 2101 3066">
     <span class='ocr_line' id='line_1_45' title="bbox 515 2985 2101 3066; baseline -0.011 -11"><span class='ocrx_word' id='word_1_296' title='bbox 515 3013 740 3056; x_wconf 86' lang='lat' dir='ltr'><strong>rursum</strong></span> <span class='ocrx_word' id='word_1_297' title='bbox 777 2999 1200 3066; x_wconf 84' lang='lat' dir='ltr'><strong>conquiescunt.</strong></span> <span class='ocrx_word' id='word_1_298' title='bbox 1244 2989 1684 3045; x_wconf 87' lang='lat' dir='ltr'><strong>Tumultuantur</strong></span> <span class='ocrx_word' id='word_1_299' title='bbox 1716 2985 1847 3042; x_wconf 81' lang='lat' dir='ltr'><strong>ferae</strong></span> <span class='ocrx_word' id='word_1_300' title='bbox 1874 2997 2101 3049; x_wconf 90' lang='lat' dir='ltr'><strong>omnes;</strong></span> 
     </span>
    </p>
   </div>
   <div class='ocr_carea' id='block_1_46' title="bbox 515 3075 2105 3150">
    <p class='ocr_par' dir='ltr' id='par_1_46' title="bbox 515 3075 2105 3150">
     <span class='ocr_line' id='line_1_46' title="bbox 515 3075 2105 3150; baseline -0.011 -4"><span class='ocrx_word' id='word_1_301' title='bbox 515 3099 574 3146; x_wconf 89' lang='lat' dir='ltr'><strong>at</strong></span> <span class='ocrx_word' id='word_1_302' title='bbox 605 3089 698 3146; x_wconf 89' lang='lat' dir='ltr'><strong>ubi</strong></span> <span class='ocrx_word' id='word_1_303' title='bbox 737 3087 955 3146; x_wconf 74' lang='lat' dir='ltr'><strong>satiatae</strong></span> <span class='ocrx_word' id='word_1_304' title='bbox 997 3094 1150 3150; x_wconf 91' lang='lat' dir='ltr'><strong>sunt,</strong></span> <span class='ocrx_word' id='word_1_305' title='bbox 1208 3097 1334 3139; x_wconf 85' lang='lat' dir='ltr'><strong>sese</strong></span> <span class='ocrx_word' id='word_1_306' title='bbox 1387 3086 1774 3150; x_wconf 89' lang='lat' dir='ltr'><strong>compescunt.</strong></span> <span class='ocrx_word' id='word_1_307' title='bbox 1808 3075 2105 3132; x_wconf 84' lang='lat' dir='ltr'><strong>Excitatur</strong></span> 
     </span>
    </p>
   </div>
   <div class='ocr_carea' id='block_1_47' title="bbox 515 3169 2101 3251">
    <p class='ocr_par' dir='ltr' id='par_1_47' title="bbox 515 3169 2101 3251">
     <span class='ocr_line' id='line_1_47' title="bbox 515 3169 2101 3251; baseline -0.009 -12"><span class='ocrx_word' id='word_1_308' title='bbox 515 3184 773 3251; x_wconf 80' lang='lat' dir='ltr'><strong>ﬂamma;</strong></span> <span class='ocrx_word' id='word_1_309' title='bbox 811 3193 1008 3236; x_wconf 88' lang='lat' dir='ltr'><strong>verum</strong></span> <span class='ocrx_word' id='word_1_310' title='bbox 1065 3177 1362 3246; x_wconf 88' lang='lat' dir='ltr'><strong>absumpta</strong></span> <span class='ocrx_word' id='word_1_311' title='bbox 1406 3174 1638 3230; x_wconf 87' lang='lat' dir='ltr'><strong>materia</strong></span> <span class='ocrx_word' id='word_1_312' title='bbox 1674 3187 1799 3244; x_wconf 69' lang='lat' dir='ltr'><strong>quas</strong></span> <span class='ocrx_word' id='word_1_313' title='bbox 1845 3169 2101 3240; x_wconf 84' lang='lat' dir='ltr'><strong>subjecta</strong></span> 
     </span>
    </p>
   </div>
   <div class='ocr_carea' id='block_1_48' title="bbox 2202 1962 3799 2037">
    <p class='ocr_par' dir='ltr' id='par_1_48' title="bbox 2202 1962 3799 2037">
     <span class='ocr_line' id='line_1_48' title="bbox 2202 1962 3799 2037; baseline 0.006 -21"><span class='ocrx_word' id='word_1_314' title='bbox 2202 1962 2419 2035; x_wconf 75' lang='grc' dir='ltr'>αἰθέρος</span> <span class='ocrx_word' id='word_1_315' title='bbox 2452 1964 2802 2036; x_wconf 80' lang='grc' dir='ltr'>μεμόλυνται.</span> <span class='ocrx_word' id='word_1_316' title='bbox 2836 1966 2995 2021; x_wconf 75' lang='grc' dir='ltr'>Οὕτω</span> <span class='ocrx_word' id='word_1_317' title='bbox 3017 1965 3084 2037; x_wconf 84' lang='grc' dir='ltr'>δὴ</span> <span class='ocrx_word' id='word_1_318' title='bbox 3105 1967 3324 2022; x_wconf 87' lang='grc' dir='ltr'>πάντων</span> <span class='ocrx_word' id='word_1_319' title='bbox 3348 1971 3403 2023; x_wconf 72' lang='grc' dir='ltr'>ἐν</span> <span class='ocrx_word' id='word_1_320' title='bbox 3425 1973 3625 2034; x_wconf 81' lang='grc' dir='ltr'>κακοῖς</span> <span class='ocrx_word' id='word_1_321' title='bbox 3641 1987 3799 2026; x_wconf 82' lang='grc' dir='ltr'>σεσο-</span> 
     </span>
    </p>
   </div>
   <div class='ocr_carea' id='block_1_49' title="bbox 2203 2052 3801 2133">
    <p class='ocr_par' dir='ltr' id='par_1_49' title="bbox 2203 2052 3801 2133">
     <span class='ocr_line' id='line_1_49' title="bbox 2203 2052 3801 2133; baseline 0.008 -26"><span class='ocrx_word' id='word_1_322' title='bbox 2203 2052 2461 2126; x_wconf 76' lang='grc' dir='ltr'>ϐημένων</span> <span class='ocrx_word' id='word_1_323' title='bbox 2509 2055 2690 2127; x_wconf 77' lang='grc' dir='ltr'>ἡμῶν,</span> <span class='ocrx_word' id='word_1_324' title='bbox 2738 2058 2767 2110; x_wconf 83' lang='grc' dir='ltr'>ὁ</span> <span class='ocrx_word' id='word_1_325' title='bbox 2805 2059 3096 2132; x_wconf 80' lang='grc' dir='ltr'>προφήτης</span> <span class='ocrx_word' id='word_1_326' title='bbox 3142 2058 3234 2114; x_wconf 82' lang='grc' dir='ltr'>τὸν</span> <span class='ocrx_word' id='word_1_327' title='bbox 3266 2059 3382 2130; x_wconf 79' lang='grc' dir='ltr'>βίον</span> <span class='ocrx_word' id='word_1_328' title='bbox 3412 2062 3801 2133; x_wconf 75' lang='grc' dir='ltr'>ἐκπτυόμενος</span> 
     </span>
    </p>
   </div>
   <div class='ocr_carea' id='block_1_50' title="bbox 2204 2146 3801 2226">
    <p class='ocr_par' dir='ltr' id='par_1_50' title="bbox 2204 2146 3801 2226">
     <span class='ocr_line' id='line_1_50' title="bbox 2204 2146 3801 2226; baseline 0.005 -24"><span class='ocrx_word' id='word_1_329' title='bbox 2204 2146 2304 2221; x_wconf 77' lang='grc' dir='ltr'><strong>βοᾷ</strong></span> <span class='ocrx_word' id='word_1_330' title='bbox 2330 2148 2507 2218; x_wconf 83' lang='grc' dir='ltr'>λέγων</span> <span class='ocrx_word' id='word_1_331' title='bbox 2531 2165 2546 2180; x_wconf 80' lang='grc' dir='ltr'><strong>ο</strong></span> <span class='ocrx_word' id='word_1_332' title='bbox 2575 2149 2753 2220; x_wconf 72' lang='grc' dir='ltr'><strong>Πλὴν</strong></span> <span class='ocrx_word' id='word_1_333' title='bbox 2767 2149 2973 2221; x_wconf 79' lang='grc' dir='ltr'>μάτην</span> <span class='ocrx_word' id='word_1_334' title='bbox 2999 2151 3366 2222; x_wconf 76' lang='grc' dir='ltr'>ταράσσεται</span> <span class='ocrx_word' id='word_1_335' title='bbox 3399 2153 3521 2224; x_wconf 74' lang='grc' dir='ltr'>πᾶς</span> <span class='ocrx_word' id='word_1_336' title='bbox 3561 2155 3801 2226; x_wconf 76' lang='grc' dir='ltr'><strong>ἄνθρω-</strong></span> 
     </span>
    </p>
   </div>
   <div class='ocr_carea' id='block_1_51' title="bbox 2202 2239 3803 2322">
    <p class='ocr_par' dir='ltr' id='par_1_51' title="bbox 2202 2239 3803 2322">
     <span class='ocr_line' id='line_1_51' title="bbox 2202 2239 3803 2322; baseline 0.007 -29"><span class='ocrx_word' id='word_1_337' title='bbox 2202 2253 2317 2308; x_wconf 77' lang='grc' dir='ltr'><strong>πος</strong></span> <span class='ocrx_word' id='word_1_338' title='bbox 2339 2239 2470 2302; x_wconf 76' lang='grc' dir='ltr'>ζῶν.</span> <span class='ocrx_word' id='word_1_339' title='bbox 2504 2240 2832 2314; x_wconf 80' lang='grc' dir='ltr'>Ἀνθρωπος</span> <span class='ocrx_word' id='word_1_340' title='bbox 2875 2244 3058 2315; x_wconf 85' lang='grc' dir='ltr'>μόνον,</span> <span class='ocrx_word' id='word_1_341' title='bbox 3094 2239 3142 2300; x_wconf 81' lang='grc' dir='ltr'>ὦ</span> <span class='ocrx_word' id='word_1_342' title='bbox 3187 2247 3443 2319; x_wconf 78' lang='grc' dir='ltr'>προφῆτα</span> <span class='ocrx_word' id='word_1_343' title='bbox 3467 2290 3485 2316; x_wconf 93' lang='grc'><strong>,</strong></span> <span class='ocrx_word' id='word_1_344' title='bbox 3515 2249 3803 2322; x_wconf 85' lang='grc' dir='ltr'>ταράσσε-</span> 
     </span>
    </p>
   </div>
   <div class='ocr_carea' id='block_1_52' title="bbox 2200 2330 3804 2413">
    <p class='ocr_par' dir='ltr' id='par_1_52' title="bbox 2200 2330 3804 2413">
     <span class='ocr_line' id='line_1_52' title="bbox 2200 2330 3804 2413; baseline 0.007 -29"><span class='ocrx_word' id='word_1_345' title='bbox 2200 2347 2292 2384; x_wconf 87' lang='grc' dir='ltr'><strong>ται</strong></span> <span class='ocrx_word' id='word_1_346' title='bbox 2319 2347 2334 2397; x_wconf 88' lang='grc'><strong>;</strong></span> <span class='ocrx_word' id='word_1_347' title='bbox 2369 2331 2406 2404; x_wconf 76' lang='grc' dir='ltr'>ἢ</span> <span class='ocrx_word' id='word_1_348' title='bbox 2427 2330 2623 2405; x_wconf 78' lang='grc' dir='ltr'>λογικὴ</span> <span class='ocrx_word' id='word_1_349' title='bbox 2651 2332 2813 2405; x_wconf 81' lang='grc' dir='ltr'>μόνον</span> <span class='ocrx_word' id='word_1_350' title='bbox 2867 2333 3067 2401; x_wconf 87' lang='grc' dir='ltr'>πλάσις</span> <span class='ocrx_word' id='word_1_351' title='bbox 3107 2340 3524 2409; x_wconf 82' lang='grc' dir='ltr'>κατηγορεῖται,</span> <span class='ocrx_word' id='word_1_352' title='bbox 3572 2334 3624 2395; x_wconf 78' lang='grc' dir='ltr'>ὦ</span> <span class='ocrx_word' id='word_1_353' title='bbox 3657 2358 3804 2413; x_wconf 81' lang='grc' dir='ltr'>προ-</span> 
     </span>
    </p>
   </div>
   <div class='ocr_carea' id='block_1_53' title="bbox 2203 2422 3807 2503">
    <p class='ocr_par' dir='ltr' id='par_1_53' title="bbox 2203 2422 3807 2503">
     <span class='ocr_line' id='line_1_53' title="bbox 2203 2422 3807 2503; baseline 0.002 -27"><span class='ocrx_word' id='word_1_354' title='bbox 2203 2422 2384 2493; x_wconf 81' lang='grc' dir='ltr'>φῆτα;</span> <span class='ocrx_word' id='word_1_355' title='bbox 2418 2422 2586 2476; x_wconf 76' lang='grc' dir='ltr'>Οὐδὲν</span> <span class='ocrx_word' id='word_1_356' title='bbox 2615 2423 2804 2496; x_wconf 73' lang='grc' dir='ltr'>ἕτερον</span> <span class='ocrx_word' id='word_1_357' title='bbox 2825 2425 2934 2480; x_wconf 85' lang='grc' dir='ltr'><strong>τῶν</strong></span> <span class='ocrx_word' id='word_1_358' title='bbox 2959 2428 3019 2482; x_wconf 79' lang='grc' dir='ltr'>ὲν</span> <span class='ocrx_word' id='word_1_359' title='bbox 3069 2426 3232 2494; x_wconf 86' lang='grc' dir='ltr'>ζώοις</span> <span class='ocrx_word' id='word_1_360' title='bbox 3258 2432 3681 2503; x_wconf 81' lang='grc' dir='ltr'>ταρασσόμενον</span> <span class='ocrx_word' id='word_1_361' title='bbox 3713 2427 3807 2488; x_wconf 71' lang='grc' dir='ltr'>εὗ-</span> 
     </span>
    </p>
   </div>
   <div class='ocr_carea' id='block_1_54' title="bbox 2204 2516 3806 2593">
    <p class='ocr_par' dir='ltr' id='par_1_54' title="bbox 2204 2516 3806 2593">
     <span class='ocr_line' id='line_1_54' title="bbox 2204 2516 3806 2593; baseline 0.008 -25"><span class='ocrx_word' id='word_1_362' title='bbox 2204 2532 2328 2587; x_wconf 87' lang='grc' dir='ltr'>ρες;</span> <span class='ocrx_word' id='word_1_363' title='bbox 2364 2516 2865 2588; x_wconf 70' lang='grc' dir='ltr'>Ναὶ,ταράσσεται,</span> <span class='ocrx_word' id='word_1_364' title='bbox 2891 2520 3050 2593; x_wconf 77' lang='grc' dir='ltr'>φησὶ,</span> <span class='ocrx_word' id='word_1_365' title='bbox 3075 2521 3171 2576; x_wconf 76' lang='grc' dir='ltr'>καὶ</span> <span class='ocrx_word' id='word_1_366' title='bbox 3198 2521 3264 2577; x_wconf 71' lang='grc' dir='ltr'>τὰ</span> <span class='ocrx_word' id='word_1_367' title='bbox 3289 2523 3478 2590; x_wconf 74' lang='grc' dir='ltr'>ὕδατα,</span> <span class='ocrx_word' id='word_1_368' title='bbox 3507 2527 3607 2579; x_wconf 79' lang='grc' dir='ltr'>καὶ</span> <span class='ocrx_word' id='word_1_369' title='bbox 3628 2526 3806 2581; x_wconf 75' lang='grc' dir='ltr'>πάλιν</span> 
     </span>
    </p>
   </div>
   <div class='ocr_carea' id='block_1_55' title="bbox 2202 2608 3808 2692">
    <p class='ocr_par' dir='ltr' id='par_1_55' title="bbox 2202 2608 3808 2692">
     <span class='ocr_line' id='line_1_55' title="bbox 2202 2608 3808 2692; baseline 0.007 -28"><span class='ocrx_word' id='word_1_370' title='bbox 2202 2608 2664 2666; x_wconf 87' lang='grc' dir='ltr'>ἀποκαθίσταται.</span> <span class='ocrx_word' id='word_1_371' title='bbox 2717 2609 3010 2667; x_wconf 80' lang='grc' dir='ltr'>Σαλεύεται</span> <span class='ocrx_word' id='word_1_372' title='bbox 3034 2613 3069 2685; x_wconf 78' lang='grc' dir='ltr'>ἡ</span> <span class='ocrx_word' id='word_1_373' title='bbox 3099 2614 3194 2686; x_wconf 80' lang='grc' dir='ltr'>γῆ,</span> <span class='ocrx_word' id='word_1_374' title='bbox 3231 2618 3326 2670; x_wconf 81' lang='grc' dir='ltr'><strong>καί</strong></span> <span class='ocrx_word' id='word_1_375' title='bbox 3371 2617 3539 2673; x_wconf 80' lang='grc' dir='ltr'>πάλιν</span> <span class='ocrx_word' id='word_1_376' title='bbox 3569 2621 3808 2692; x_wconf 74' lang='grc' dir='ltr'>ὲδράζεο</span> 
     </span>
    </p>
   </div>
   <div class='ocr_carea' id='block_1_56' title="bbox 2202 2703 3805 2784">
    <p class='ocr_par' dir='ltr' id='par_1_56' title="bbox 2202 2703 3805 2784">
     <span class='ocr_line' id='line_1_56' title="bbox 2202 2703 3805 2784; baseline 0.009 -29"><span class='ocrx_word' id='word_1_377' title='bbox 2202 2719 2313 2756; x_wconf 89' lang='grc' dir='ltr'>ται.</span> <span class='ocrx_word' id='word_1_378' title='bbox 2369 2703 2661 2758; x_wconf 82' lang='grc' dir='ltr'>Κινοῦνται</span> <span class='ocrx_word' id='word_1_379' title='bbox 2704 2705 2756 2759; x_wconf 81' lang='lat' dir='ltr'><strong>oi</strong></span> <span class='ocrx_word' id='word_1_380' title='bbox 2821 2705 3037 2777; x_wconf 77' lang='grc' dir='ltr'>ἄνεμοι,</span> <span class='ocrx_word' id='word_1_381' title='bbox 3091 2707 3188 2763; x_wconf 74' lang='grc' dir='ltr'>καὶ</span> <span class='ocrx_word' id='word_1_382' title='bbox 3228 2709 3394 2766; x_wconf 84' lang='grc' dir='ltr'>πάλιν</span> <span class='ocrx_word' id='word_1_383' title='bbox 3425 2713 3805 2784; x_wconf 75' lang='grc' dir='ltr'>ἡσυχάζουσι.</span> 
     </span>
    </p>
   </div>
   <div class='ocr_carea' id='block_1_57' title="bbox 2202 2796 3805 2876">
    <p class='ocr_par' dir='ltr' id='par_1_57' title="bbox 2202 2796 3805 2876">
     <span class='ocr_line' id='line_1_57' title="bbox 2202 2796 3805 2876; baseline 0.007 -25"><span class='ocrx_word' id='word_1_384' title='bbox 2202 2796 2528 2871; x_wconf 77' lang='grc' dir='ltr'>Θοϐυρεῖται</span> <span class='ocrx_word' id='word_1_385' title='bbox 2552 2801 2661 2852; x_wconf 82' lang='grc' dir='ltr'><strong>πᾶν</strong></span> <span class='ocrx_word' id='word_1_386' title='bbox 2707 2798 2919 2873; x_wconf 82' lang='grc' dir='ltr'>θηρίον,</span> <span class='ocrx_word' id='word_1_387' title='bbox 2977 2800 3074 2855; x_wconf 78' lang='grc' dir='ltr'>καὶ</span> <span class='ocrx_word' id='word_1_388' title='bbox 3107 2804 3501 2876; x_wconf 75' lang='grc' dir='ltr'>κορεννύμενον</span> <span class='ocrx_word' id='word_1_389' title='bbox 3529 2806 3805 2862; x_wconf 82' lang='grc' dir='ltr'>παύεται.</span> 
     </span>
    </p>
   </div>
   <div class='ocr_carea' id='block_1_58' title="bbox 2203 2891 3810 2973">
    <p class='ocr_par' dir='ltr' id='par_1_58' title="bbox 2203 2891 3810 2973">
     <span class='ocr_line' id='line_1_58' title="bbox 2203 2891 3810 2973; baseline 0.009 -29"><span class='ocrx_word' id='word_1_390' title='bbox 2203 2891 2544 2966; x_wconf 82' lang='grc' dir='ltr'>Διεγείρεται</span> <span class='ocrx_word' id='word_1_391' title='bbox 2570 2893 2723 2964; x_wconf 79' lang='grc' dir='ltr'>φλὸξ,</span> <span class='ocrx_word' id='word_1_392' title='bbox 2755 2896 2853 2949; x_wconf 70' lang='grc' dir='ltr'>καὶ</span> <span class='ocrx_word' id='word_1_393' title='bbox 2877 2894 2977 2969; x_wconf 72' lang='grc' dir='ltr'>τὴν</span> <span class='ocrx_word' id='word_1_394' title='bbox 3005 2897 3375 2971; x_wconf 80' lang='grc' dir='ltr'>ὑποκειμένην</span> <span class='ocrx_word' id='word_1_395' title='bbox 3412 2898 3552 2973; x_wconf 78' lang='grc' dir='ltr'>ὕλην</span> <span class='ocrx_word' id='word_1_396' title='bbox 3579 2903 3810 2958; x_wconf 77' lang='grc' dir='ltr'>ἁναλὼ-</span> 
     </span>
    </p>
   </div>
   <div class='ocr_carea' id='block_1_59' title="bbox 2205 2985 3812 3065">
    <p class='ocr_par' dir='ltr' id='par_1_59' title="bbox 2205 2985 3812 3065">
     <span class='ocr_line' id='line_1_59' title="bbox 2205 2985 3812 3065; baseline 0.009 -27"><span class='ocrx_word' id='word_1_397' title='bbox 2205 3001 2348 3039; x_wconf 88' lang='grc' dir='ltr'>σασα</span> <span class='ocrx_word' id='word_1_398' title='bbox 2408 2985 2739 3040; x_wconf 77' lang='grc' dir='ltr'>σδέννυταιο</span> <span class='ocrx_word' id='word_1_399' title='bbox 2800 2986 3092 3062; x_wconf 78' lang='grc' dir='ltr'>ἄνθρωπος</span> <span class='ocrx_word' id='word_1_400' title='bbox 3143 2991 3201 3045; x_wconf 85' lang='grc' dir='ltr'>δὲ</span> <span class='ocrx_word' id='word_1_401' title='bbox 3249 2994 3679 3065; x_wconf 80' lang='grc' dir='ltr'>ταρασσόμενος</span> 
     </span>
    </p>
   </div>
   <div class='ocr_carea' id='block_1_60' title="bbox 2204 3079 3814 3164">
    <p class='ocr_par' dir='ltr' id='par_1_60' title="bbox 2204 3079 3814 3164">
     <span class='ocr_line' id='line_1_60' title="bbox 2204 3079 3814 3164; baseline 0.005 -30"><span class='ocrx_word' id='word_1_402' title='bbox 2204 3079 2454 3150; x_wconf 82' lang='grc' dir='ltr'>χρήμασι</span> <span class='ocrx_word' id='word_1_403' title='bbox 2491 3079 2749 3136; x_wconf 81' lang='grc' dir='ltr'>οὐδέποτε</span> <span class='ocrx_word' id='word_1_404' title='bbox 2809 3081 3279 3140; x_wconf 84' lang='grc' dir='ltr'>παύεται.Ἕλα6ε</span> <span class='ocrx_word' id='word_1_405' title='bbox 3307 3085 3492 3153; x_wconf 81' lang='grc' dir='ltr'>τοῦτο,</span> <span class='ocrx_word' id='word_1_406' title='bbox 3537 3089 3641 3143; x_wconf 70' lang='grc' dir='ltr'>καὶ</span> <span class='ocrx_word' id='word_1_407' title='bbox 3667 3090 3814 3164; x_wconf 71' lang='grc' dir='ltr'>πρὸς</span> 
     </span>
    </p>
   </div>
   <div class='ocr_carea' id='block_1_61' title="bbox 2203 3169 3813 3251">
    <p class='ocr_par' dir='ltr' id='par_1_61' title="bbox 2203 3169 3813 3251">
     <span class='ocr_line' id='line_1_61' title="bbox 2203 3169 3813 3251; baseline 0.008 -28"><span class='ocrx_word' id='word_1_408' title='bbox 2203 3169 2391 3242; x_wconf 73' lang='grc' dir='ltr'>ἕτερον</span> <span class='ocrx_word' id='word_1_409' title='bbox 2438 3172 2762 3229; x_wconf 79' lang='grc' dir='ltr'>ἀποϐλέπει.</span> <span class='ocrx_word' id='word_1_410' title='bbox 2801 3174 3137 3248; x_wconf 84' lang='grc' dir='ltr'>Ἐκράτησεν</span> <span class='ocrx_word' id='word_1_411' title='bbox 3195 3177 3394 3243; x_wconf 70' lang='grc' dir='ltr'>ἐκεῖνο,</span> <span class='ocrx_word' id='word_1_412' title='bbox 3430 3180 3529 3234; x_wconf 79' lang='grc' dir='ltr'>καὶ</span> <span class='ocrx_word' id='word_1_413' title='bbox 3567 3183 3813 3251; x_wconf 82' lang='grc' dir='ltr'>προσέτι</span> 
     </span>
    </p>
   </div>
   <div class='ocr_carea' id='block_1_62' title="bbox 521 3255 2101 3344">
    <p class='ocr_par' dir='ltr' id='par_1_62' title="bbox 521 3265 2098 3344">
     <span class='ocr_line' id='line_1_62' title="bbox 521 3265 2098 3344; baseline -0.008 -12"><span class='ocrx_word' id='word_1_414' title='bbox 521 3277 726 3342; x_wconf 79' lang='lat' dir='ltr'><strong>fuerat,</strong></span> <span class='ocrx_word' id='word_1_415' title='bbox 757 3271 1157 3344; x_wconf 75' lang='lat' dir='ltr'><strong>exstinguitur.</strong></span> <span class='ocrx_word' id='word_1_416' title='bbox 1193 3267 1371 3324; x_wconf 81' lang='lat' dir='ltr'><strong>llomo</strong></span> <span class='ocrx_word' id='word_1_417' title='bbox 1398 3283 1552 3334; x_wconf 89' lang='lat' dir='ltr'><strong>vero,</strong></span> <span class='ocrx_word' id='word_1_418' title='bbox 1576 3266 1672 3322; x_wconf 90' lang='lat' dir='ltr'><strong>ubi</strong></span> <span class='ocrx_word' id='word_1_419' title='bbox 1729 3265 2098 3338; x_wconf 89' lang='lat' dir='ltr'><strong>pecuniarum</strong></span> 
     </span>
    </p>
   </div>
   <div class='ocr_carea' id='block_1_63' title="bbox 2205 3255 3812 3344">
    <p class='ocr_par' dir='ltr' id='par_1_63' title="bbox 2205 3264 3812 3340">
     <span class='ocr_line' id='line_1_63' title="bbox 2205 3264 3812 3340; baseline 0.007 -20"><span class='ocrx_word' id='word_1_420' title='bbox 2205 3264 2452 3340; x_wconf 75' lang='grc' dir='ltr'>κέχηνεν.</span> <span class='ocrx_word' id='word_1_421' title='bbox 2478 3266 2558 3320; x_wconf 82' lang='grc' dir='ltr'>Τὰ</span> <span class='ocrx_word' id='word_1_422' title='bbox 2589 3267 2784 3323; x_wconf 75' lang='grc' dir='ltr'>ἑκατὸν</span> <span class='ocrx_word' id='word_1_423' title='bbox 2823 3267 3200 3336; x_wconf 77' lang='grc' dir='ltr'>διπλασιάζειν</span> <span class='ocrx_word' id='word_1_424' title='bbox 3252 3273 3566 3340; x_wconf 72' lang='grc' dir='ltr'>ἐπείγεται,</span> <span class='ocrx_word' id='word_1_425' title='bbox 3602 3277 3714 3329; x_wconf 72' lang='grc' dir='ltr'>καὶ</span> <span class='ocrx_word' id='word_1_426' title='bbox 3740 3278 3812 3332; x_wconf 70' lang='grc' dir='ltr'>τὰ</span> 
     </span>
    </p>
   </div>
   <div class='ocr_carea' id='block_1_64' title="bbox 519 3356 2102 3434">
    <p class='ocr_par' dir='ltr' id='par_1_64' title="bbox 519 3356 2102 3434">
     <span class='ocr_line' id='line_1_64' title="bbox 519 3356 2102 3434; baseline -0.009 -7"><span class='ocrx_word' id='word_1_427' title='bbox 519 3386 689 3427; x_wconf 86' lang='lat' dir='ltr'><strong>causa</strong></span> <span class='ocrx_word' id='word_1_428' title='bbox 753 3367 1145 3429; x_wconf 86' lang='lat' dir='ltr'><strong>conturbatur,</strong></span> <span class='ocrx_word' id='word_1_429' title='bbox 1197 3377 1479 3434; x_wconf 87' lang='lat' dir='ltr'><strong>nunquam</strong></span> <span class='ocrx_word' id='word_1_430' title='bbox 1536 3361 1796 3433; x_wconf 87' lang='lat' dir='ltr'><strong>quiescit.</strong></span> <span class='ocrx_word' id='word_1_431' title='bbox 1846 3357 1954 3416; x_wconf 87' lang='lat' dir='ltr'><strong>Ubi</strong></span> <span class='ocrx_word' id='word_1_432' title='bbox 1999 3356 2102 3413; x_wconf 90' lang='lat' dir='ltr'><strong>hoe</strong></span> 
     </span>
    </p>
   </div>
   <div class='ocr_carea' id='block_1_65' title="bbox 520 3449 2100 3534">
    <p class='ocr_par' dir='ltr' id='par_1_65' title="bbox 520 3449 2100 3534">
     <span class='ocr_line' id='line_1_65' title="bbox 520 3449 2100 3534; baseline -0.009 -16"><span class='ocrx_word' id='word_1_433' title='bbox 520 3462 759 3534; x_wconf 86' lang='lat' dir='ltr'><strong>accepit,</strong></span> <span class='ocrx_word' id='word_1_434' title='bbox 790 3459 858 3516; x_wconf 88' lang='lat' dir='ltr'><strong>ad</strong></span> <span class='ocrx_word' id='word_1_435' title='bbox 891 3458 1025 3513; x_wconf 89' lang='lat' dir='ltr'><strong>illud</strong></span> <span class='ocrx_word' id='word_1_436' title='bbox 1061 3455 1294 3527; x_wconf 90' lang='lat' dir='ltr'><strong>conjicit</strong></span> <span class='ocrx_word' id='word_1_437' title='bbox 1322 3455 1537 3510; x_wconf 89' lang='lat' dir='ltr'><strong>oculos.</strong></span> <span class='ocrx_word' id='word_1_438' title='bbox 1579 3451 1636 3506; x_wconf 88' lang='lat' dir='ltr'><strong>Si</strong></span> <span class='ocrx_word' id='word_1_439' title='bbox 1671 3451 1806 3506; x_wconf 90' lang='lat' dir='ltr'><strong>illud</strong></span> <span class='ocrx_word' id='word_1_440' title='bbox 1839 3449 2100 3514; x_wconf 88' lang='lat' dir='ltr'><strong>tenuerit,</strong></span> 
     </span>
    </p>
   </div>
   <div class='ocr_carea' id='block_1_66' title="bbox 519 3542 2105 3616">
    <p class='ocr_par' dir='ltr' id='par_1_66' title="bbox 519 3542 2105 3616">
     <span class='ocr_line' id='line_1_66' title="bbox 519 3542 2105 3616; baseline -0.009 -6"><span class='ocrx_word' id='word_1_441' title='bbox 519 3558 884 3611; x_wconf 83' lang='lat' dir='ltr'><strong>aliisrursus</strong></span> <span class='ocrx_word' id='word_1_442' title='bbox 945 3552 1151 3607; x_wconf 89' lang='lat' dir='ltr'><strong>inhiat.</strong></span> <span class='ocrx_word' id='word_1_443' title='bbox 1208 3549 1441 3605; x_wconf 89' lang='lat' dir='ltr'><strong>Centum</strong></span> <span class='ocrx_word' id='word_1_444' title='bbox 1471 3545 1758 3616; x_wconf 85' lang='lat' dir='ltr'><strong>duplicare</strong></span> <span class='ocrx_word' id='word_1_445' title='bbox 1810 3542 2015 3610; x_wconf 83' lang='lat' dir='ltr'><strong>studet,</strong></span> <span class='ocrx_word' id='word_1_446' title='bbox 2049 3550 2105 3597; x_wconf 90' lang='lat' dir='ltr'><strong>et</strong></span> 
     </span>
    </p>
   </div>
   <div class='ocr_carea' id='block_1_67' title="bbox 521 3632 2100 3716">
    <p class='ocr_par' dir='ltr' id='par_1_67' title="bbox 521 3632 2100 3716">
     <span class='ocr_line' id='line_1_67' title="bbox 521 3632 2100 3716; baseline -0.012 -13"><span class='ocrx_word' id='word_1_447' title='bbox 521 3645 913 3716; x_wconf 88' lang='lat' dir='ltr'><strong>conduplicata</strong></span> <span class='ocrx_word' id='word_1_448' title='bbox 980 3641 1218 3711; x_wconf 82' lang='lat' dir='ltr'><strong>decuplo</strong></span> <span class='ocrx_word' id='word_1_449' title='bbox 1280 3638 1490 3708; x_wconf 87' lang='lat' dir='ltr'><strong>majora</strong></span> <span class='ocrx_word' id='word_1_450' title='bbox 1546 3635 1735 3691; x_wconf 76' lang='lat' dir='ltr'><strong>facere</strong></span> <span class='ocrx_word' id='word_1_451' title='bbox 1788 3632 2100 3697; x_wconf 86' lang='lat' dir='ltr'><strong>contendit,</strong></span> 
     </span>
    </p>
   </div>
   <div class='ocr_carea' id='block_1_68' title="bbox 521 3729 2105 3813">
    <p class='ocr_par' dir='ltr' id='par_1_68' title="bbox 521 3729 2105 3813">
     <span class='ocr_line' id='line_1_68' title="bbox 521 3729 2105 3813; baseline -0.011 -15"><span class='ocrx_word' id='word_1_452' title='bbox 521 3752 689 3813; x_wconf 91' lang='lat' dir='ltr'><strong>atque</strong></span> <span class='ocrx_word' id='word_1_453' title='bbox 714 3741 798 3796; x_wconf 86' lang='lat' dir='ltr'><strong>his</strong></span> <span class='ocrx_word' id='word_1_454' title='bbox 819 3739 928 3794; x_wconf 90' lang='lat' dir='ltr'><strong>alia</strong></span> <span class='ocrx_word' id='word_1_455' title='bbox 959 3737 1186 3793; x_wconf 88' lang='lat' dir='ltr'><strong>totidem</strong></span> <span class='ocrx_word' id='word_1_456' title='bbox 1218 3747 1502 3806; x_wconf 74' lang='lat' dir='ltr'><strong>aggerere.</strong></span> <span class='ocrx_word' id='word_1_457' title='bbox 1533 3729 1720 3802; x_wconf 87' lang='lat' dir='ltr'><strong>Neque</strong></span> <span class='ocrx_word' id='word_1_458' title='bbox 1742 3743 1983 3801; x_wconf 88' lang='lat' dir='ltr'><strong>unquam</strong></span> <span class='ocrx_word' id='word_1_459' title='bbox 2007 3742 2105 3782; x_wconf 81' lang='lat' dir='ltr'><strong>cu-</strong></span> 
     </span>
    </p>
   </div>
   <div class='ocr_carea' id='block_1_69' title="bbox 522 3820 2104 3898">
    <p class='ocr_par' dir='ltr' id='par_1_69' title="bbox 522 3820 2104 3898">
     <span class='ocr_line' id='line_1_69' title="bbox 522 3820 2104 3898; baseline -0.011 -7"><span class='ocrx_word' id='word_1_460' title='bbox 522 3831 768 3891; x_wconf 79' lang='lat' dir='ltr'><strong>inulandl</strong></span> <span class='ocrx_word' id='word_1_461' title='bbox 809 3831 972 3886; x_wconf 81' lang='lat' dir='ltr'><strong>linem</strong></span> <span class='ocrx_word' id='word_1_462' title='bbox 999 3828 1152 3892; x_wconf 84' lang='lat' dir='ltr'><strong>facit,</strong></span> <span class='ocrx_word' id='word_1_463' title='bbox 1184 3824 1367 3898; x_wconf 85' lang='lat' dir='ltr'><strong>quoad</strong></span> <span class='ocrx_word' id='word_1_464' title='bbox 1390 3824 1570 3895; x_wconf 82' lang='lat' dir='ltr'><strong>ipsius</strong></span> <span class='ocrx_word' id='word_1_465' title='bbox 1600 3824 1728 3876; x_wconf 73' lang='lat' dir='ltr'><strong>vita:</strong></span> <span class='ocrx_word' id='word_1_466' title='bbox 1749 3821 1874 3876; x_wconf 83' lang='lat' dir='ltr'><strong>linis</strong></span> <span class='ocrx_word' id='word_1_467' title='bbox 1904 3820 1977 3876; x_wconf 90' lang='lat' dir='ltr'><strong>sit</strong></span> <span class='ocrx_word' id='word_1_468' title='bbox 2004 3834 2104 3874; x_wconf 91' lang='lat' dir='ltr'><strong>cu-</strong></span> 
     </span>
    </p>
   </div>
   <div class='ocr_carea' id='block_1_70' title="bbox 522 3911 2105 3984">
    <p class='ocr_par' dir='ltr' id='par_1_70' title="bbox 522 3911 2105 3984">
     <span class='ocr_line' id='line_1_70' title="bbox 522 3911 2105 3984; baseline -0.011 -2"><span class='ocrx_word' id='word_1_469' title='bbox 522 3928 786 3982; x_wconf 90' lang='lat' dir='ltr'><strong>mulatus.</strong></span> <span class='ocrx_word' id='word_1_470' title='bbox 844 3919 1200 3976; x_wconf 85' lang='lat' dir='ltr'><strong>Damnationi</strong></span> <span class='ocrx_word' id='word_1_471' title='bbox 1262 3916 1542 3973; x_wconf 78' lang='lat' dir='ltr'><strong>obnoxius</strong></span> <span class='ocrx_word' id='word_1_472' title='bbox 1595 3913 1812 3984; x_wconf 83' lang='lat' dir='ltr'><strong>estqui</strong></span> <span class='ocrx_word' id='word_1_473' title='bbox 1857 3911 2105 3966; x_wconf 64' lang='lat' dir='ltr'><strong>avaritia:</strong></span> 
     </span>
    </p>
   </div>
   <div class='ocr_carea' id='block_1_71' title="bbox 524 4009 2104 4088">
    <p class='ocr_par' dir='ltr' id='par_1_71' title="bbox 524 4009 2104 4088">
     <span class='ocr_line' id='line_1_71' title="bbox 524 4009 2104 4088; baseline -0.013 -10"><span class='ocrx_word' id='word_1_474' title='bbox 524 4025 678 4078; x_wconf 80' lang='lat' dir='ltr'><strong>febre</strong></span> <span class='ocrx_word' id='word_1_475' title='bbox 714 4017 1035 4088; x_wconf 88' lang='lat' dir='ltr'><strong>corripitur.</strong></span> <span class='ocrx_word' id='word_1_476' title='bbox 1103 4015 1253 4069; x_wconf 84' lang='lat' dir='ltr'><strong>Auro</strong></span> <span class='ocrx_word' id='word_1_477' title='bbox 1301 4013 1425 4084; x_wconf 89' lang='lat' dir='ltr'><strong>ipso</strong></span> <span class='ocrx_word' id='word_1_478' title='bbox 1487 4009 1692 4066; x_wconf 80' lang='lat' dir='ltr'><strong>fulvior</strong></span> <span class='ocrx_word' id='word_1_479' title='bbox 1735 4017 1791 4063; x_wconf 90' lang='lat' dir='ltr'><strong>et</strong></span> <span class='ocrx_word' id='word_1_480' title='bbox 1841 4015 2104 4061; x_wconf 86' lang='lat' dir='ltr'><strong>arcuatus</strong></span> 
     </span>
    </p>
   </div>
   <div class='ocr_carea' id='block_1_72' title="bbox 521 4097 2104 4180">
    <p class='ocr_par' dir='ltr' id='par_1_72' title="bbox 521 4097 2104 4180">
     <span class='ocr_line' id='line_1_72' title="bbox 521 4097 2104 4180; baseline -0.008 -13"><span class='ocrx_word' id='word_1_481' title='bbox 521 4113 865 4174; x_wconf 86' lang='lat' dir='ltr'><strong>obambulat,</strong></span> <span class='ocrx_word' id='word_1_482' title='bbox 897 4115 1122 4180; x_wconf 86' lang='lat' dir='ltr'><strong>propter</strong></span> <span class='ocrx_word' id='word_1_483' title='bbox 1150 4104 1374 4161; x_wconf 84' lang='lat' dir='ltr'><strong>divitias</strong></span> <span class='ocrx_word' id='word_1_484' title='bbox 1405 4117 1640 4174; x_wconf 89' lang='lat' dir='ltr'><strong>quarum</strong></span> <span class='ocrx_word' id='word_1_485' title='bbox 1673 4099 1841 4155; x_wconf 87' lang='lat' dir='ltr'><strong>nimis</strong></span> <span class='ocrx_word' id='word_1_486' title='bbox 1867 4097 2104 4170; x_wconf 82' lang='lat' dir='ltr'><strong>cupidus</strong></span> 
     </span>
    </p>
   </div>
   <div class='ocr_carea' id='block_1_73' title="bbox 522 4194 2103 4274">
    <p class='ocr_par' dir='ltr' id='par_1_73' title="bbox 522 4194 2103 4274">
     <span class='ocr_line' id='line_1_73' title="bbox 522 4194 2103 4274; baseline -0.011 -10"><span class='ocrx_word' id='word_1_487' title='bbox 522 4209 740 4274; x_wconf 87' lang='lat' dir='ltr'><strong>est;ob</strong></span> <span class='ocrx_word' id='word_1_488' title='bbox 769 4204 1016 4267; x_wconf 80' lang='lat' dir='ltr'><strong>divitias,</strong></span> <span class='ocrx_word' id='word_1_489' title='bbox 1050 4202 1298 4272; x_wconf 88' lang='lat' dir='ltr'><strong>inquam,</strong></span> <span class='ocrx_word' id='word_1_490' title='bbox 1337 4199 1610 4253; x_wconf 89' lang='lat' dir='ltr'><strong>incertum</strong></span> <span class='ocrx_word' id='word_1_491' title='bbox 1643 4194 1798 4251; x_wconf 90' lang='lat' dir='ltr'><strong>illum</strong></span> <span class='ocrx_word' id='word_1_492' title='bbox 1837 4194 2103 4259; x_wconf 88' lang='lat' dir='ltr'><strong>amicum,</strong></span> 
     </span>
    </p>
   </div>
   <div class='ocr_carea' id='block_1_74' title="bbox 522 4287 2104 4362">
    <p class='ocr_par' dir='ltr' id='par_1_74' title="bbox 522 4287 2104 4362">
     <span class='ocr_line' id='line_1_74' title="bbox 522 4287 2104 4362; baseline -0.008 -5"><span class='ocrx_word' id='word_1_493' title='bbox 522 4303 752 4358; x_wconf 82' lang='lat' dir='ltr'><strong>inﬁdum</strong></span> <span class='ocrx_word' id='word_1_494' title='bbox 784 4293 1259 4362; x_wconf 89' lang='lat' dir='ltr'><strong>contubernalem,</strong></span> <span class='ocrx_word' id='word_1_495' title='bbox 1291 4291 1624 4347; x_wconf 88' lang='lat' dir='ltr'><strong>insidiosum</strong></span> <span class='ocrx_word' id='word_1_496' title='bbox 1649 4287 1943 4356; x_wconf 89' lang='lat' dir='ltr'><strong>amasium,</strong></span> <span class='ocrx_word' id='word_1_497' title='bbox 1981 4304 2104 4344; x_wconf 81' lang='lat' dir='ltr'><strong>ser-</strong></span> 
     </span>
    </p>
   </div>
   <div class='ocr_carea' id='block_1_75' title="bbox 521 4384 2103 4455">
    <p class='ocr_par' dir='ltr' id='par_1_75' title="bbox 521 4384 2103 4455">
     <span class='ocr_line' id='line_1_75' title="bbox 521 4384 2103 4455; baseline -0.009 -5"><span class='ocrx_word' id='word_1_498' title='bbox 521 4413 646 4450; x_wconf 86' lang='lat' dir='ltr'><strong>vuut</strong></span> <span class='ocrx_word' id='word_1_499' title='bbox 671 4395 976 4455; x_wconf 87' lang='lat' dir='ltr'><strong>illusorem,</strong></span> <span class='ocrx_word' id='word_1_500' title='bbox 997 4387 1424 4444; x_wconf 85' lang='lat' dir='ltr'><strong>dilectissimum</strong></span> <span class='ocrx_word' id='word_1_501' title='bbox 1449 4384 1761 4448; x_wconf 87' lang='lat' dir='ltr'><strong>irrisorem,</strong></span> <span class='ocrx_word' id='word_1_502' title='bbox 1789 4389 2103 4453; x_wconf 90' lang='lat' dir='ltr'><strong>promptum</strong></span> 
     </span>
    </p>
   </div>
   <div class='ocr_carea' id='block_1_76' title="bbox 522 4475 2103 4560">
    <p class='ocr_par' dir='ltr' id='par_1_76' title="bbox 522 4475 2103 4560">
     <span class='ocr_line' id='line_1_76' title="bbox 522 4475 2103 4560; baseline -0.008 -18"><span class='ocrx_word' id='word_1_503' title='bbox 522 4492 898 4560; x_wconf 72' lang='lat' dir='ltr'><strong>inigtatorem,</strong></span> <span class='ocrx_word' id='word_1_504' title='bbox 955 4483 1162 4536; x_wconf 88' lang='lat' dir='ltr'><strong>alatum</strong></span> <span class='ocrx_word' id='word_1_505' title='bbox 1220 4480 1501 4551; x_wconf 90' lang='lat' dir='ltr'><strong>captivum</strong></span> <span class='ocrx_word' id='word_1_506' title='bbox 1536 4494 1552 4545; x_wconf 91' lang='lat'><strong>;</strong></span> <span class='ocrx_word' id='word_1_507' title='bbox 1590 4485 1814 4548; x_wconf 88' lang='lat' dir='ltr'><strong>propter</strong></span> <span class='ocrx_word' id='word_1_508' title='bbox 1851 4475 2103 4539; x_wconf 89' lang='lat' dir='ltr'><strong>divitias,</strong></span> 
     </span>
    </p>
   </div>
   <div class='ocr_carea' id='block_1_77' title="bbox 519 4567 2100 4655">
    <p class='ocr_par' dir='ltr' id='par_1_77' title="bbox 519 4567 2100 4655">
     <span class='ocr_line' id='line_1_77' title="bbox 519 4567 2100 4655; baseline -0.01 -19"><span class='ocrx_word' id='word_1_509' title='bbox 519 4598 642 4655; x_wconf 82' lang='lat' dir='ltr'><strong>quae</strong></span> <span class='ocrx_word' id='word_1_510' title='bbox 661 4580 810 4635; x_wconf 89' lang='lat' dir='ltr'><strong>omni</strong></span> <span class='ocrx_word' id='word_1_511' title='bbox 840 4589 1109 4633; x_wconf 92' lang='lat' dir='ltr'><strong>nocturno</strong></span> <span class='ocrx_word' id='word_1_512' title='bbox 1133 4582 1350 4645; x_wconf 83' lang='lat' dir='ltr'><strong>spectro</strong></span> <span class='ocrx_word' id='word_1_513' title='bbox 1385 4571 1621 4626; x_wconf 88' lang='lat' dir='ltr'><strong>leviores</strong></span> <span class='ocrx_word' id='word_1_514' title='bbox 1641 4575 1792 4633; x_wconf 88' lang='lat' dir='ltr'><strong>sunt,</strong></span> <span class='ocrx_word' id='word_1_515' title='bbox 1819 4582 1943 4639; x_wconf 83' lang='lat' dir='ltr'><strong>quae</strong></span> <span class='ocrx_word' id='word_1_516' title='bbox 1960 4567 2100 4623; x_wconf 87' lang='lat' dir='ltr'><strong>bella</strong></span> 
     </span>
    </p>
   </div>
   <div class='ocr_carea' id='block_1_78' title="bbox 521 4662 2102 4748">
    <p class='ocr_par' dir='ltr' id='par_1_78' title="bbox 521 4662 2102 4748">
     <span class='ocr_line' id='line_1_78' title="bbox 521 4662 2102 4748; baseline -0.011 -18"><span class='ocrx_word' id='word_1_517' title='bbox 521 4678 766 4748; x_wconf 87' lang='lat' dir='ltr'><strong>pariunt,</strong></span> <span class='ocrx_word' id='word_1_518' title='bbox 793 4686 916 4742; x_wconf 69' lang='lat' dir='ltr'><strong>qua:</strong></span> <span class='ocrx_word' id='word_1_519' title='bbox 949 4668 1097 4723; x_wconf 88' lang='lat' dir='ltr'><strong>omni</strong></span> <span class='ocrx_word' id='word_1_520' title='bbox 1123 4683 1218 4737; x_wconf 88' lang='lat' dir='ltr'><strong>spe</strong></span> <span class='ocrx_word' id='word_1_521' title='bbox 1235 4666 1473 4720; x_wconf 83' lang='lat' dir='ltr'><strong>celerius</strong></span> <span class='ocrx_word' id='word_1_522' title='bbox 1494 4662 1734 4734; x_wconf 79' lang='lat' dir='ltr'><strong>fugiunt,</strong></span> <span class='ocrx_word' id='word_1_523' title='bbox 1761 4675 1881 4730; x_wconf 72' lang='lat' dir='ltr'><strong>qua:</strong></span> <span class='ocrx_word' id='word_1_524' title='bbox 1907 4668 2102 4714; x_wconf 89' lang='lat' dir='ltr'><strong>ventus</strong></span> 
     </span>
    </p>
   </div>
   <div class='ocr_carea' id='block_1_79' title="bbox 523 4751 2104 4835">
    <p class='ocr_par' dir='ltr' id='par_1_79' title="bbox 523 4751 2104 4835">
     <span class='ocr_line' id='line_1_79' title="bbox 523 4751 2104 4835; baseline -0.013 -11"><span class='ocrx_word' id='word_1_525' title='bbox 523 4767 818 4835; x_wconf 88' lang='lat' dir='ltr'><strong>sunt,dum</strong></span> <span class='ocrx_word' id='word_1_526' title='bbox 851 4771 1073 4818; x_wconf 86' lang='lat' dir='ltr'><strong>tenetur</strong></span> <span class='ocrx_word' id='word_1_527' title='bbox 1098 4757 1537 4822; x_wconf 81' lang='lat' dir='ltr'><strong>avolans,lnxus</strong></span> <span class='ocrx_word' id='word_1_528' title='bbox 1574 4755 1757 4811; x_wconf 86' lang='lat' dir='ltr'><strong>omnis</strong></span> <span class='ocrx_word' id='word_1_529' title='bbox 1773 4762 1827 4808; x_wconf 84' lang='lat' dir='ltr'><strong>et</strong></span> <span class='ocrx_word' id='word_1_530' title='bbox 1847 4751 2104 4822; x_wconf 65' lang='lat' dir='ltr'><strong>nequitia:</strong></span> 
     </span>
    </p>
   </div>
   <div class='ocr_carea' id='block_1_80' title="bbox 523 4849 2099 4934">
    <p class='ocr_par' dir='ltr' id='par_1_80' title="bbox 523 4849 2099 4934">
     <span class='ocr_line' id='line_1_80' title="bbox 523 4849 2099 4934; baseline -0.012 -16"><span class='ocrx_word' id='word_1_531' title='bbox 523 4870 802 4934; x_wconf 84' lang='lat' dir='ltr'><strong>parentes,</strong></span> <span class='ocrx_word' id='word_1_532' title='bbox 828 4854 1251 4927; x_wconf 82' lang='lat' dir='ltr'><strong>intemperantia</strong></span> <span class='ocrx_word' id='word_1_533' title='bbox 1273 4852 1453 4908; x_wconf 88' lang='lat' dir='ltr'><strong>omnis</strong></span> <span class='ocrx_word' id='word_1_534' title='bbox 1485 4861 1538 4906; x_wconf 91' lang='lat' dir='ltr'><strong>et</strong></span> <span class='ocrx_word' id='word_1_535' title='bbox 1565 4849 1818 4904; x_wconf 88' lang='lat' dir='ltr'><strong>libidinis</strong></span> <span class='ocrx_word' id='word_1_536' title='bbox 1837 4856 2099 4917; x_wconf 71' lang='lat' dir='ltr'><strong>patronte,</strong></span> 
     </span>
    </p>
   </div>
   <div class='ocr_carea' id='block_1_81' title="bbox 524 4944 2102 5011">
    <p class='ocr_par' dir='ltr' id='par_1_81' title="bbox 524 4944 2102 5011">
     <span class='ocr_line' id='line_1_81' title="bbox 524 4944 2102 5011; baseline -0.01 -2"><span class='ocrx_word' id='word_1_537' title='bbox 524 4954 730 5009; x_wconf 88' lang='lat' dir='ltr'><strong>nullius</strong></span> <span class='ocrx_word' id='word_1_538' title='bbox 759 4967 868 5006; x_wconf 88' lang='lat' dir='ltr'><strong>non</strong></span> <span class='ocrx_word' id='word_1_539' title='bbox 904 4948 1021 5002; x_wconf 84' lang='lat' dir='ltr'><strong>vitii</strong></span> <span class='ocrx_word' id='word_1_540' title='bbox 1051 4947 1408 5009; x_wconf 81' lang='lat' dir='ltr'><strong>inventrices,</strong></span> <span class='ocrx_word' id='word_1_541' title='bbox 1437 4944 1800 4997; x_wconf 75' lang='lat' dir='ltr'><strong>exitiosarum</strong></span> <span class='ocrx_word' id='word_1_542' title='bbox 1833 4954 2102 5011; x_wconf 86' lang='lat' dir='ltr'><strong>quarum-</strong></span> 
     </span>
    </p>
   </div>
   <div class='ocr_carea' id='block_1_82' title="bbox 524 5034 2100 5115">
    <p class='ocr_par' dir='ltr' id='par_1_82' title="bbox 524 5034 2100 5115">
     <span class='ocr_line' id='line_1_82' title="bbox 524 5034 2100 5115; baseline -0.01 -14"><span class='ocrx_word' id='word_1_543' title='bbox 524 5062 742 5115; x_wconf 80' lang='lat' dir='ltr'><strong>enuqne</strong></span> <span class='ocrx_word' id='word_1_544' title='bbox 767 5042 1092 5099; x_wconf 85' lang='lat' dir='ltr'><strong>deliciarum</strong></span> <span class='ocrx_word' id='word_1_545' title='bbox 1136 5039 1459 5109; x_wconf 84' lang='lat' dir='ltr'><strong>adjutrices,</strong></span> <span class='ocrx_word' id='word_1_546' title='bbox 1493 5035 1850 5090; x_wconf 68' lang='lat' dir='ltr'><strong>continentiae</strong></span> <span class='ocrx_word' id='word_1_547' title='bbox 1891 5034 2100 5097; x_wconf 89' lang='lat' dir='ltr'><strong>hostes,</strong></span> 
     </span>
    </p>
   </div>
   <div class='ocr_carea' id='block_1_83' title="bbox 526 5125 2102 5210">
    <p class='ocr_par' dir='ltr' id='par_1_83' title="bbox 526 5125 2102 5210">
     <span class='ocr_line' id='line_1_83' title="bbox 526 5125 2102 5210; baseline -0.008 -17"><span class='ocrx_word' id='word_1_548' title='bbox 526 5139 804 5210; x_wconf 66' lang='lat' dir='ltr'><strong>pudicitia:</strong></span> <span class='ocrx_word' id='word_1_549' title='bbox 832 5133 1184 5196; x_wconf 66' lang='lat' dir='ltr'><strong>adversariae,</strong></span> <span class='ocrx_word' id='word_1_550' title='bbox 1216 5142 1270 5185; x_wconf 87' lang='lat' dir='ltr'><strong>et</strong></span> <span class='ocrx_word' id='word_1_551' title='bbox 1295 5129 1654 5185; x_wconf 75' lang='lat' dir='ltr'><strong>clandestina:</strong></span> <span class='ocrx_word' id='word_1_552' title='bbox 1683 5127 1853 5180; x_wconf 87' lang='lat' dir='ltr'><strong>totius</strong></span> <span class='ocrx_word' id='word_1_553' title='bbox 1883 5125 2102 5181; x_wconf 86' lang='lat' dir='ltr'><strong>virtutis</strong></span> 
     </span>
    </p>
   </div>
   <div class='ocr_carea' id='block_1_84' title="bbox 530 5218 2103 5294">
    <p class='ocr_par' dir='ltr' id='par_1_84' title="bbox 530 5218 2103 5294">
     <span class='ocr_line' id='line_1_84' title="bbox 530 5218 2103 5294; baseline -0.007 -14"><span class='ocrx_word' id='word_1_554' title='bbox 530 5232 695 5282; x_wconf 87' lang='lat' dir='ltr'><strong>l&#39;ures.</strong></span> <span class='ocrx_word' id='word_1_555' title='bbox 728 5226 868 5294; x_wconf 84' lang='lat' dir='ltr'><strong>Quid</strong></span> <span class='ocrx_word' id='word_1_556' title='bbox 906 5237 1056 5288; x_wconf 89' lang='lat' dir='ltr'><strong>vero,</strong></span> <span class='ocrx_word' id='word_1_557' title='bbox 1081 5223 1302 5278; x_wconf 87' lang='lat' dir='ltr'><strong>divitias</strong></span> <span class='ocrx_word' id='word_1_558' title='bbox 1336 5219 1602 5275; x_wconf 87' lang='lat' dir='ltr'><strong>divitibus</strong></span> <span class='ocrx_word' id='word_1_559' title='bbox 1624 5219 1891 5283; x_wconf 86' lang='lat' dir='ltr'><strong>dimissis,</strong></span> <span class='ocrx_word' id='word_1_560' title='bbox 1916 5218 2103 5271; x_wconf 89' lang='lat' dir='ltr'><strong>crimi-</strong></span> 
     </span>
    </p>
   </div>
   <div class='ocr_carea' id='block_1_85' title="bbox 528 5310 2099 5386">
    <p class='ocr_par' dir='ltr' id='par_1_85' title="bbox 528 5310 2099 5386">
     <span class='ocr_line' id='line_1_85' title="bbox 528 5310 2099 5386; baseline -0.006 -15"><span class='ocrx_word' id='word_1_561' title='bbox 528 5320 666 5372; x_wconf 85' lang='lat' dir='ltr'><strong>nor?</strong></span> <span class='ocrx_word' id='word_1_562' title='bbox 694 5319 803 5372; x_wconf 84' lang='lat' dir='ltr'><strong>into</strong></span> <span class='ocrx_word' id='word_1_563' title='bbox 830 5332 956 5371; x_wconf 89' lang='lat' dir='ltr'><strong>cum</strong></span> <span class='ocrx_word' id='word_1_564' title='bbox 991 5317 1124 5386; x_wconf 88' lang='lat' dir='ltr'><strong>ipsis</strong></span> <span class='ocrx_word' id='word_1_565' title='bbox 1157 5329 1378 5384; x_wconf 85' lang='lat' dir='ltr'><strong>quoque</strong></span> <span class='ocrx_word' id='word_1_566' title='bbox 1412 5312 1624 5366; x_wconf 85' lang='lat' dir='ltr'><strong>divitiis</strong></span> <span class='ocrx_word' id='word_1_567' title='bbox 1659 5310 1862 5382; x_wconf 90' lang='lat' dir='ltr'><strong>injuste</strong></span> <span class='ocrx_word' id='word_1_568' title='bbox 1893 5312 2099 5381; x_wconf 82' lang='lat' dir='ltr'><strong>agitur,</strong></span> 
     </span>
    </p>
   </div>
   <div class='ocr_carea' id='block_1_86' title="bbox 527 5406 2102 5483">
    <p class='ocr_par' dir='ltr' id='par_1_86' title="bbox 527 5406 2102 5483">
     <span class='ocr_line' id='line_1_86' title="bbox 527 5406 2102 5483; baseline -0.005 -17"><span class='ocrx_word' id='word_1_569' title='bbox 527 5421 715 5483; x_wconf 89' lang='lat' dir='ltr'><strong>utpote</strong></span> <span class='ocrx_word' id='word_1_570' title='bbox 729 5412 1062 5482; x_wconf 68' lang='lat' dir='ltr'><strong>quaevinctze</strong></span> <span class='ocrx_word' id='word_1_571' title='bbox 1081 5409 1150 5464; x_wconf 90' lang='lat' dir='ltr'><strong>ab</strong></span> <span class='ocrx_word' id='word_1_572' title='bbox 1163 5409 1272 5464; x_wconf 88' lang='lat' dir='ltr'><strong>illis</strong></span> <span class='ocrx_word' id='word_1_573' title='bbox 1286 5415 1339 5462; x_wconf 90' lang='lat' dir='ltr'><strong>et</strong></span> <span class='ocrx_word' id='word_1_574' title='bbox 1355 5406 1672 5461; x_wconf 80' lang='lat' dir='ltr'><strong>constricta:</strong></span> <span class='ocrx_word' id='word_1_575' title='bbox 1689 5413 2008 5460; x_wconf 87' lang='lat' dir='ltr'><strong>teneantur:</strong></span> <span class='ocrx_word' id='word_1_576' title='bbox 2027 5415 2102 5459; x_wconf 85' lang='lat' dir='ltr'><strong>at-</strong></span> 
     </span>
    </p>
   </div>
   <div class='ocr_carea' id='block_1_87' title="bbox 524 5498 2099 5577">
    <p class='ocr_par' dir='ltr' id='par_1_87' title="bbox 524 5498 2099 5577">
     <span class='ocr_line' id='line_1_87' title="bbox 524 5498 2099 5577; baseline -0.005 -20"><span class='ocrx_word' id='word_1_577' title='bbox 524 5501 690 5577; x_wconf 64' lang='grc'>949</span> <span class='ocrx_word' id='word_1_578' title='bbox 721 5518 826 5573; x_wconf 90' lang='lat' dir='ltr'><strong>que</strong></span> <span class='ocrx_word' id='word_1_579' title='bbox 874 5502 1012 5556; x_wconf 84' lang='lat' dir='ltr'><strong>adeo</strong></span> <span class='ocrx_word' id='word_1_580' title='bbox 1049 5501 1190 5555; x_wconf 87' lang='lat' dir='ltr'><strong>hanc</strong></span> <span class='ocrx_word' id='word_1_581' title='bbox 1239 5514 1430 5554; x_wconf 87' lang='lat' dir='ltr'><strong>vocem</strong></span> <span class='ocrx_word' id='word_1_582' title='bbox 1460 5498 1525 5551; x_wconf 89' lang='lat' dir='ltr'><strong>ad</strong></span> <span class='ocrx_word' id='word_1_583' title='bbox 1567 5512 1662 5553; x_wconf 89' lang='lat' dir='ltr'><strong>eos</strong></span> <span class='ocrx_word' id='word_1_584' title='bbox 1689 5498 1909 5551; x_wconf 89' lang='lat' dir='ltr'><strong>mittere</strong></span> <span class='ocrx_word' id='word_1_585' title='bbox 1963 5498 2099 5550; x_wconf 90' lang='lat' dir='ltr'><strong>mihi</strong></span> 
     </span>
    </p>
   </div>
   <div class='ocr_carea' id='block_1_88' title="bbox 526 5592 2103 5664">
    <p class='ocr_par' dir='ltr' id='par_1_88' title="bbox 526 5592 2103 5664">
     <span class='ocr_line' id='line_1_88' title="bbox 526 5592 2103 5664; baseline -0.003 -14"><span class='ocrx_word' id='word_1_586' title='bbox 526 5598 789 5652; x_wconf 87' lang='lat' dir='ltr'><strong>videntur</strong></span> <span class='ocrx_word' id='word_1_587' title='bbox 821 5617 832 5652; x_wconf 91' lang='lat'><strong>:</strong></span> <span class='ocrx_word' id='word_1_588' title='bbox 867 5596 1011 5664; x_wconf 83' lang='lat' dir='ltr'><strong>Quid</strong></span> <span class='ocrx_word' id='word_1_589' title='bbox 1060 5611 1186 5660; x_wconf 85' lang='lat' dir='ltr'><strong>nos,</strong></span> <span class='ocrx_word' id='word_1_590' title='bbox 1217 5608 1251 5649; x_wconf 90' lang='grc' dir='ltr'><strong>ο</strong></span> <span class='ocrx_word' id='word_1_591' title='bbox 1289 5594 1462 5657; x_wconf 86' lang='lat' dir='ltr'><strong>avari,</strong></span> <span class='ocrx_word' id='word_1_592' title='bbox 1497 5592 1813 5648; x_wconf 85' lang='lat' dir='ltr'><strong>coercetis?</strong></span> <span class='ocrx_word' id='word_1_593' title='bbox 1838 5592 1970 5663; x_wconf 81' lang='lat' dir='ltr'><strong>quid</strong></span> <span class='ocrx_word' id='word_1_594' title='bbox 2003 5606 2103 5646; x_wconf 90' lang='lat' dir='ltr'><strong>nos</strong></span> 
     </span>
    </p>
   </div>
   <div class='ocr_carea' id='block_1_89' title="bbox 528 5685 2101 5761">
    <p class='ocr_par' dir='ltr' id='par_1_89' title="bbox 528 5685 2101 5761">
     <span class='ocr_line' id='line_1_89' title="bbox 528 5685 2101 5761; baseline -0.004 -17"><span class='ocrx_word' id='word_1_595' title='bbox 528 5701 790 5761; x_wconf 86' lang='lat' dir='ltr'><strong>tanquam</strong></span> <span class='ocrx_word' id='word_1_596' title='bbox 833 5689 1124 5760; x_wconf 78' lang='lat' dir='ltr'><strong>fugitivum</strong></span> <span class='ocrx_word' id='word_1_597' title='bbox 1183 5688 1543 5757; x_wconf 88' lang='lat' dir='ltr'><strong>mancipium,</strong></span> <span class='ocrx_word' id='word_1_598' title='bbox 1578 5685 1858 5741; x_wconf 79' lang='lat' dir='ltr'><strong>sexcentis</strong></span> <span class='ocrx_word' id='word_1_599' title='bbox 1907 5685 2101 5740; x_wconf 85' lang='lat' dir='ltr'><strong>vincu-</strong></span> 
     </span>
    </p>
   </div>
   <div class='ocr_carea' id='block_1_90' title="bbox 529 5778 2101 5852">
    <p class='ocr_par' dir='ltr' id='par_1_90' title="bbox 529 5778 2101 5852">
     <span class='ocr_line' id='line_1_90' title="bbox 529 5778 2101 5852; baseline -0.003 -15"><span class='ocrx_word' id='word_1_600' title='bbox 529 5786 593 5837; x_wconf 87' lang='lat' dir='ltr'><strong>lis</strong></span> <span class='ocrx_word' id='word_1_601' title='bbox 628 5783 1109 5852; x_wconf 79' lang='lat' dir='ltr'><strong>constringitis?a</strong></span> <span class='ocrx_word' id='word_1_602' title='bbox 1160 5783 1393 5835; x_wconf 83' lang='lat' dir='ltr'><strong>metallis</strong></span> <span class='ocrx_word' id='word_1_603' title='bbox 1431 5780 1495 5833; x_wconf 89' lang='lat' dir='ltr'><strong>ad</strong></span> <span class='ocrx_word' id='word_1_604' title='bbox 1556 5782 1798 5846; x_wconf 80' lang='lat' dir='ltr'><strong>metalla,</strong></span> <span class='ocrx_word' id='word_1_605' title='bbox 1865 5778 2101 5848; x_wconf 87' lang='lat' dir='ltr'><strong>indeque</strong></span> 
     </span>
    </p>
   </div>
   <div class='ocr_carea' id='block_1_91' title="bbox 529 5874 2100 5931">
    <p class='ocr_par' dir='ltr' id='par_1_91' title="bbox 529 5874 2100 5931">
     <span class='ocr_line' id='line_1_91' title="bbox 529 5874 2100 5931; baseline -0.002 0"><span class='ocrx_word' id='word_1_606' title='bbox 529 5876 585 5931; x_wconf 80' lang='lat' dir='ltr'><strong>in</strong></span> <span class='ocrx_word' id='word_1_607' title='bbox 631 5891 826 5930; x_wconf 86' lang='lat' dir='ltr'><strong>manus</strong></span> <span class='ocrx_word' id='word_1_608' title='bbox 869 5884 1082 5930; x_wconf 71' lang='lat' dir='ltr'><strong>vestras</strong></span> <span class='ocrx_word' id='word_1_609' title='bbox 1126 5876 1527 5931; x_wconf 82' lang='lat' dir='ltr'><strong>transmittitis.</strong></span> <span class='ocrx_word' id='word_1_610' title='bbox 1562 5874 1663 5928; x_wconf 82' lang='lat' dir='ltr'><strong>Per</strong></span> <span class='ocrx_word' id='word_1_611' title='bbox 1696 5891 1794 5928; x_wconf 85' lang='lat' dir='ltr'><strong>vos</strong></span> <span class='ocrx_word' id='word_1_612' title='bbox 1845 5875 2007 5931; x_wconf 82' lang='lat' dir='ltr'><strong>nobis</strong></span> <span class='ocrx_word' id='word_1_613' title='bbox 2035 5875 2100 5928; x_wconf 88' lang='lat' dir='ltr'><strong>li-</strong></span> 
     </span>
    </p>
   </div>
   <div class='ocr_carea' id='block_1_92' title="bbox 2201 3356 3807 3434">
    <p class='ocr_par' dir='ltr' id='par_1_92' title="bbox 2201 3356 3807 3434">
     <span class='ocr_line' id='line_1_92' title="bbox 2201 3356 3807 3434; baseline 0.007 -24"><span class='ocrx_word' id='word_1_614' title='bbox 2201 3356 2694 3412; x_wconf 81' lang='grc' dir='ltr'>διαπλασιασθέντα</span> <span class='ocrx_word' id='word_1_615' title='bbox 2754 3358 2918 3414; x_wconf 81' lang='grc' dir='ltr'>πάλιν</span> <span class='ocrx_word' id='word_1_616' title='bbox 2955 3361 3413 3428; x_wconf 82' lang='grc' dir='ltr'>δεκαπλασιάζειν</span> <span class='ocrx_word' id='word_1_617' title='bbox 3443 3364 3807 3434; x_wconf 80' lang='grc' dir='ltr'>φιλονεικῶν,</span> 
     </span>
    </p>
   </div>
   <div class='ocr_carea' id='block_1_93' title="bbox 2203 3446 3810 3527">
    <p class='ocr_par' dir='ltr' id='par_1_93' title="bbox 2203 3446 3810 3527">
     <span class='ocr_line' id='line_1_93' title="bbox 2203 3446 3810 3527; baseline 0.006 -25"><span class='ocrx_word' id='word_1_618' title='bbox 2203 3449 2298 3502; x_wconf 75' lang='grc' dir='ltr'><strong>ἐπὶ</strong></span> <span class='ocrx_word' id='word_1_619' title='bbox 2327 3450 2603 3515; x_wconf 83' lang='grc' dir='ltr'>τοσούτοις</span> <span class='ocrx_word' id='word_1_620' title='bbox 2626 3446 2783 3514; x_wconf 83' lang='grc' dir='ltr'>αὖθις</span> <span class='ocrx_word' id='word_1_621' title='bbox 2837 3452 3077 3507; x_wconf 82' lang='grc' dir='ltr'>τοσαῦτα</span> <span class='ocrx_word' id='word_1_622' title='bbox 3103 3454 3368 3526; x_wconf 84' lang='grc' dir='ltr'>σωρεύειν</span> <span class='ocrx_word' id='word_1_623' title='bbox 3413 3457 3810 3527; x_wconf 64' lang='grc' dir='ltr'>ἐπειγόμενος,</span> 
     </span>
    </p>
   </div>
   <div class='ocr_carea' id='block_1_94' title="bbox 2207 3543 3810 3616">
    <p class='ocr_par' dir='ltr' id='par_1_94' title="bbox 2207 3543 3810 3616">
     <span class='ocr_line' id='line_1_94' title="bbox 2207 3543 3810 3616; baseline 0.006 -20"><span class='ocrx_word' id='word_1_624' title='bbox 2207 3544 2302 3597; x_wconf 75' lang='grc' dir='ltr'>καὶ</span> <span class='ocrx_word' id='word_1_625' title='bbox 2345 3543 2606 3598; x_wconf 74' lang='grc' dir='ltr'>οὐδέποτε</span> <span class='ocrx_word' id='word_1_626' title='bbox 2643 3544 2903 3616; x_wconf 90' lang='grc' dir='ltr'>σωρεύων</span> <span class='ocrx_word' id='word_1_627' title='bbox 2932 3546 3186 3613; x_wconf 80' lang='grc' dir='ltr'>παύεται,</span> <span class='ocrx_word' id='word_1_628' title='bbox 3225 3547 3332 3612; x_wconf 86' lang='grc' dir='ltr'>’ἐως</span> <span class='ocrx_word' id='word_1_629' title='bbox 3355 3549 3418 3602; x_wconf 84' lang='grc' dir='ltr'><strong>τὺ</strong></span> <span class='ocrx_word' id='word_1_630' title='bbox 3449 3549 3619 3613; x_wconf 79' lang='grc' dir='ltr'>τέλος</span> <span class='ocrx_word' id='word_1_631' title='bbox 3637 3552 3810 3605; x_wconf 56' lang='grc' dir='ltr'>αὑτοῦ</span> 
     </span>
    </p>
   </div>
   <div class='ocr_carea' id='block_1_95' title="bbox 2207 3635 3812 3714">
    <p class='ocr_par' dir='ltr' id='par_1_95' title="bbox 2207 3635 3812 3714">
     <span class='ocr_line' id='line_1_95' title="bbox 2207 3635 3812 3714; baseline 0.006 -26"><span class='ocrx_word' id='word_1_632' title='bbox 2207 3635 2480 3708; x_wconf 83' lang='grc' dir='ltr'>σωρευθῇ.</span> <span class='ocrx_word' id='word_1_633' title='bbox 2513 3637 2829 3701; x_wconf 85' lang='grc' dir='ltr'>Κατάδικός</span> <span class='ocrx_word' id='word_1_634' title='bbox 2860 3639 3001 3704; x_wconf 79' lang='grc' dir='ltr'>ἐστι,</span> <span class='ocrx_word' id='word_1_635' title='bbox 3030 3637 3107 3711; x_wconf 81' lang='grc' dir='ltr'>τῷ</span> <span class='ocrx_word' id='word_1_636' title='bbox 3137 3639 3358 3712; x_wconf 77' lang='grc' dir='ltr'>πυρετῷ</span> <span class='ocrx_word' id='word_1_637' title='bbox 3390 3639 3497 3713; x_wconf 79' lang='grc' dir='ltr'>τῆς</span> <span class='ocrx_word' id='word_1_638' title='bbox 3529 3642 3812 3714; x_wconf 79' lang='grc' dir='ltr'>φιλαργυ-</span> 
     </span>
    </p>
   </div>
   <div class='ocr_carea' id='block_1_96' title="bbox 2209 3728 3810 3806">
    <p class='ocr_par' dir='ltr' id='par_1_96' title="bbox 2209 3728 3810 3806">
     <span class='ocr_line' id='line_1_96' title="bbox 2209 3728 3810 3806; baseline 0.006 -26"><span class='ocrx_word' id='word_1_639' title='bbox 2209 3728 2330 3796; x_wconf 90' lang='grc' dir='ltr'>ρίας</span> <span class='ocrx_word' id='word_1_640' title='bbox 2358 3729 2734 3800; x_wconf 83' lang='grc' dir='ltr'>συνεχόμενος,</span> <span class='ocrx_word' id='word_1_641' title='bbox 2761 3729 3070 3802; x_wconf 85' lang='grc' dir='ltr'>ὼχρότερος</span> <span class='ocrx_word' id='word_1_642' title='bbox 3095 3731 3192 3785; x_wconf 83' lang='grc' dir='ltr'>τοῦ</span> <span class='ocrx_word' id='word_1_643' title='bbox 3221 3732 3450 3803; x_wconf 85' lang='grc' dir='ltr'>χρυσίου</span> <span class='ocrx_word' id='word_1_644' title='bbox 3496 3735 3810 3806; x_wconf 75' lang='grc' dir='ltr'>περιέρχε-</span> 
     </span>
    </p>
   </div>
   <div class='ocr_carea' id='block_1_97' title="bbox 2204 3821 3813 3896">
    <p class='ocr_par' dir='ltr' id='par_1_97' title="bbox 2204 3821 3813 3896">
     <span class='ocr_line' id='line_1_97' title="bbox 2204 3821 3813 3896; baseline 0.004 -22"><span class='ocrx_word' id='word_1_645' title='bbox 2204 3838 2314 3887; x_wconf 87' lang='grc' dir='ltr'>ται,</span> <span class='ocrx_word' id='word_1_646' title='bbox 2349 3821 2437 3875; x_wconf 83' lang='grc' dir='ltr'>διὰ</span> <span class='ocrx_word' id='word_1_647' title='bbox 2457 3823 2548 3876; x_wconf 77' lang='grc' dir='ltr'><strong>τον</strong></span> <span class='ocrx_word' id='word_1_648' title='bbox 2580 3823 2958 3895; x_wconf 83' lang='grc' dir='ltr'>πολυπόθητον</span> <span class='ocrx_word' id='word_1_649' title='bbox 2990 3823 3240 3891; x_wconf 79' lang='grc' dir='ltr'>πλοῦτον,</span> <span class='ocrx_word' id='word_1_650' title='bbox 3282 3824 3376 3878; x_wconf 77' lang='grc' dir='ltr'>τὸν</span> <span class='ocrx_word' id='word_1_651' title='bbox 3422 3825 3702 3882; x_wconf 78' lang='grc' dir='ltr'>ἀσέὸαιον</span> <span class='ocrx_word' id='word_1_652' title='bbox 3724 3830 3813 3896; x_wconf 68' lang='lat' dir='ltr'><strong>9i-</strong></span> 
     </span>
    </p>
   </div>
   <div class='ocr_carea' id='block_1_98' title="bbox 2205 3912 3812 3982">
    <p class='ocr_par' dir='ltr' id='par_1_98' title="bbox 2205 3912 3812 3982">
     <span class='ocr_line' id='line_1_98' title="bbox 2205 3912 3812 3982; baseline 0.006 -18"><span class='ocrx_word' id='word_1_653' title='bbox 2205 3912 2316 3977; x_wconf 87' lang='grc' dir='ltr'>λον,</span> <span class='ocrx_word' id='word_1_654' title='bbox 2352 3912 2582 3968; x_wconf 82' lang='grc' dir='ltr'>πλοῦτον</span> <span class='ocrx_word' id='word_1_655' title='bbox 2643 3914 2733 3968; x_wconf 85' lang='grc' dir='ltr'>τὸν</span> <span class='ocrx_word' id='word_1_656' title='bbox 2795 3914 3024 3968; x_wconf 80' lang='grc' dir='ltr'>ἄπιστον</span> <span class='ocrx_word' id='word_1_657' title='bbox 3075 3915 3343 3982; x_wconf 89' lang='grc' dir='ltr'>σύνοικον,</span> <span class='ocrx_word' id='word_1_658' title='bbox 3379 3917 3472 3970; x_wconf 81' lang='grc' dir='ltr'>τὸν</span> <span class='ocrx_word' id='word_1_659' title='bbox 3505 3919 3812 3974; x_wconf 54' lang='grc' dir='ltr'>ἐπίϐουλον</span> 
     </span>
    </p>
   </div>
   <div class='ocr_carea' id='block_1_99' title="bbox 2206 4006 3810 4080">
    <p class='ocr_par' dir='ltr' id='par_1_99' title="bbox 2206 4006 3810 4080">
     <span class='ocr_line' id='line_1_99' title="bbox 2206 4006 3810 4080; baseline 0.005 -22"><span class='ocrx_word' id='word_1_660' title='bbox 2206 4006 2390 4070; x_wconf 78' lang='grc' dir='ltr'>πόθον,</span> <span class='ocrx_word' id='word_1_661' title='bbox 2422 4006 2512 4062; x_wconf 83' lang='grc' dir='ltr'>τὸν</span> <span class='ocrx_word' id='word_1_662' title='bbox 2542 4007 2911 4060; x_wconf 80' lang='grc' dir='ltr'>ὑποδέσποτον</span> <span class='ocrx_word' id='word_1_663' title='bbox 2944 4007 3280 4078; x_wconf 79' lang='grc' dir='ltr'>ἐμπαίκτην,</span> <span class='ocrx_word' id='word_1_664' title='bbox 3308 4008 3400 4062; x_wconf 80' lang='grc' dir='ltr'>τὸν</span> <span class='ocrx_word' id='word_1_665' title='bbox 3421 4009 3810 4080; x_wconf 70' lang='grc' dir='ltr'>πολυεραστσν</span> 
     </span>
    </p>
   </div>
   <div class='ocr_carea' id='block_1_100' title="bbox 2207 4099 3812 4177">
    <p class='ocr_par' dir='ltr' id='par_1_100' title="bbox 2207 4099 3812 4177">
     <span class='ocr_line' id='line_1_100' title="bbox 2207 4099 3812 4177; baseline 0.005 -27"><span class='ocrx_word' id='word_1_666' title='bbox 2207 4099 2528 4170; x_wconf 85' lang='grc' dir='ltr'>χλευαστὴν,</span> <span class='ocrx_word' id='word_1_667' title='bbox 2563 4099 2654 4152; x_wconf 81' lang='grc' dir='ltr'>τὸν</span> <span class='ocrx_word' id='word_1_668' title='bbox 2709 4101 2927 4169; x_wconf 74' lang='grc' dir='ltr'>ἕτοιμον</span> <span class='ocrx_word' id='word_1_669' title='bbox 2983 4103 3322 4173; x_wconf 80' lang='grc' dir='ltr'>μεταὸάτην,</span> <span class='ocrx_word' id='word_1_670' title='bbox 3357 4101 3450 4156; x_wconf 80' lang='grc' dir='ltr'><strong>τὸν</strong></span> <span class='ocrx_word' id='word_1_671' title='bbox 3483 4103 3812 4177; x_wconf 68' lang='grc' dir='ltr'>ὑπόπτερον</span> 
     </span>
    </p>
   </div>
   <div class='ocr_carea' id='block_1_101' title="bbox 2207 4193 3810 4270">
    <p class='ocr_par' dir='ltr' id='par_1_101' title="bbox 2207 4193 3810 4270">
     <span class='ocr_line' id='line_1_101' title="bbox 2207 4193 3810 4270; baseline 0.003 -25"><span class='ocrx_word' id='word_1_672' title='bbox 2207 4193 2450 4263; x_wconf 76' lang='grc' dir='ltr'>δέσμιον,</span> <span class='ocrx_word' id='word_1_673' title='bbox 2475 4193 2569 4247; x_wconf 82' lang='grc' dir='ltr'>τὸν</span> <span class='ocrx_word' id='word_1_674' title='bbox 2596 4195 2774 4264; x_wconf 82' lang='grc' dir='ltr'>πάσης</span> <span class='ocrx_word' id='word_1_675' title='bbox 2805 4193 3034 4265; x_wconf 79' lang='grc' dir='ltr'>ὀνείρων</span> <span class='ocrx_word' id='word_1_676' title='bbox 3091 4195 3396 4264; x_wconf 81' lang='grc' dir='ltr'>φαντασίας</span> <span class='ocrx_word' id='word_1_677' title='bbox 3437 4197 3810 4270; x_wconf 85' lang='grc' dir='ltr'>κουφότερον,</span> 
     </span>
    </p>
   </div>
   <div class='ocr_carea' id='block_1_102' title="bbox 2207 4287 3812 4362">
    <p class='ocr_par' dir='ltr' id='par_1_102' title="bbox 2207 4287 3812 4362">
     <span class='ocr_line' id='line_1_102' title="bbox 2207 4287 3812 4362; baseline 0.002 -21"><span class='ocrx_word' id='word_1_678' title='bbox 2207 4287 2298 4341; x_wconf 79' lang='grc' dir='ltr'>τὸν</span> <span class='ocrx_word' id='word_1_679' title='bbox 2327 4287 2710 4358; x_wconf 79' lang='grc' dir='ltr'>πολεμοποιὸν,</span> <span class='ocrx_word' id='word_1_680' title='bbox 2739 4289 2831 4342; x_wconf 86' lang='grc' dir='ltr'>τὸν</span> <span class='ocrx_word' id='word_1_681' title='bbox 2862 4289 3044 4360; x_wconf 85' lang='grc' dir='ltr'>πάσης</span> <span class='ocrx_word' id='word_1_682' title='bbox 3074 4287 3291 4354; x_wconf 77' lang='grc' dir='ltr'>ἐλπίδος</span> <span class='ocrx_word' id='word_1_683' title='bbox 3337 4287 3629 4362; x_wconf 76' lang='grc' dir='ltr'>ὀξυτέρως</span> <span class='ocrx_word' id='word_1_684' title='bbox 3673 4294 3812 4360; x_wconf 75' lang='grc' dir='ltr'>φεύ-</span> 
     </span>
    </p>
   </div>
   <div class='ocr_carea' id='block_1_103' title="bbox 2207 4380 3808 4455">
    <p class='ocr_par' dir='ltr' id='par_1_103' title="bbox 2207 4380 3808 4455">
     <span class='ocr_line' id='line_1_103' title="bbox 2207 4380 3808 4455; baseline 0.004 -23"><span class='ocrx_word' id='word_1_685' title='bbox 2207 4396 2395 4448; x_wconf 84' lang='grc' dir='ltr'>γοντα,</span> <span class='ocrx_word' id='word_1_686' title='bbox 2422 4380 2512 4434; x_wconf 86' lang='grc' dir='ltr'>τὸν</span> <span class='ocrx_word' id='word_1_687' title='bbox 2565 4382 2623 4435; x_wconf 80' lang='grc' dir='ltr'>ὲν</span> <span class='ocrx_word' id='word_1_688' title='bbox 2656 4381 2736 4450; x_wconf 80' lang='grc' dir='ltr'>τῷ</span> <span class='ocrx_word' id='word_1_689' title='bbox 2783 4381 3105 4453; x_wconf 85' lang='grc' dir='ltr'>κρατεῖσθαι</span> <span class='ocrx_word' id='word_1_690' title='bbox 3149 4381 3541 4452; x_wconf 86' lang='grc' dir='ltr'>ἁφιπτάμενον</span> <span class='ocrx_word' id='word_1_691' title='bbox 3569 4384 3808 4455; x_wconf 78' lang='grc' dir='ltr'>ἄνεμον,</span> 
     </span>
    </p>
   </div>
   <div class='ocr_carea' id='block_1_104' title="bbox 2208 4471 3810 4550">
    <p class='ocr_par' dir='ltr' id='par_1_104' title="bbox 2208 4471 3810 4550">
     <span class='ocr_line' id='line_1_104' title="bbox 2208 4471 3810 4550; baseline 0.003 -24"><span class='ocrx_word' id='word_1_692' title='bbox 2208 4471 2440 4526; x_wconf 82' lang='grc' dir='ltr'>πλοῦτον</span> <span class='ocrx_word' id='word_1_693' title='bbox 2475 4473 2565 4528; x_wconf 80' lang='grc' dir='ltr'>τὸν</span> <span class='ocrx_word' id='word_1_694' title='bbox 2619 4474 2802 4545; x_wconf 81' lang='grc' dir='ltr'>πάσης</span> <span class='ocrx_word' id='word_1_695' title='bbox 2863 4474 3105 4538; x_wconf 83' lang='grc' dir='ltr'>ἀσωτίας</span> <span class='ocrx_word' id='word_1_696' title='bbox 3165 4475 3468 4546; x_wconf 82' lang='grc' dir='ltr'>γεννήτορα</span> <span class='ocrx_word' id='word_1_697' title='bbox 3495 4477 3593 4529; x_wconf 78' lang='grc' dir='ltr'>τὸν</span> <span class='ocrx_word' id='word_1_698' title='bbox 3616 4480 3810 4550; x_wconf 72' lang='grc' dir='ltr'>πάσης</span> 
     </span>
    </p>
   </div>
   <div class='ocr_carea' id='block_1_105' title="bbox 2207 4564 3808 4641">
    <p class='ocr_par' dir='ltr' id='par_1_105' title="bbox 2207 4564 3808 4641">
     <span class='ocr_line' id='line_1_105' title="bbox 2207 4564 3808 4641; baseline 0.002 -23"><span class='ocrx_word' id='word_1_699' title='bbox 2207 4564 2505 4628; x_wconf 76' lang='grc' dir='ltr'>ἀκολασίας</span> <span class='ocrx_word' id='word_1_700' title='bbox 2560 4569 2879 4637; x_wconf 75' lang='grc' dir='ltr'>συνήγορον,</span> <span class='ocrx_word' id='word_1_701' title='bbox 2932 4567 3023 4622; x_wconf 84' lang='grc' dir='ltr'>τὸν</span> <span class='ocrx_word' id='word_1_702' title='bbox 3069 4566 3254 4639; x_wconf 80' lang='grc' dir='ltr'>πάσης</span> <span class='ocrx_word' id='word_1_703' title='bbox 3299 4569 3504 4632; x_wconf 85' lang='grc' dir='ltr'>κακίας</span> <span class='ocrx_word' id='word_1_704' title='bbox 3541 4571 3808 4641; x_wconf 78' lang='grc' dir='ltr'>εὑρέτην,</span> 
     </span>
    </p>
   </div>
   <div class='ocr_carea' id='block_1_106' title="bbox 2205 4657 3805 4732">
    <p class='ocr_par' dir='ltr' id='par_1_106' title="bbox 2205 4657 3805 4732">
     <span class='ocr_line' id='line_1_106' title="bbox 2205 4657 3805 4732; baseline 0.006 -24"><span class='ocrx_word' id='word_1_705' title='bbox 2205 4657 2296 4709; x_wconf 82' lang='grc' dir='ltr'>τὸν</span> <span class='ocrx_word' id='word_1_706' title='bbox 2340 4658 2602 4728; x_wconf 86' lang='grc' dir='ltr'>συνεργὸν</span> <span class='ocrx_word' id='word_1_707' title='bbox 2655 4660 2838 4729; x_wconf 86' lang='grc' dir='ltr'>πάσης</span> <span class='ocrx_word' id='word_1_708' title='bbox 2864 4659 3209 4731; x_wconf 76' lang='grc' dir='ltr'>ψυχοφθόρου</span> <span class='ocrx_word' id='word_1_709' title='bbox 3260 4661 3490 4732; x_wconf 84' lang='grc' dir='ltr'>τροφῆς,</span> <span class='ocrx_word' id='word_1_710' title='bbox 3525 4661 3623 4716; x_wconf 79' lang='grc' dir='ltr'><strong>τὸν</strong></span> <span class='ocrx_word' id='word_1_711' title='bbox 3651 4665 3805 4717; x_wconf 80' lang='grc' dir='ltr'>ἀντί-</span> 
     </span>
    </p>
   </div>
   <div class='ocr_carea' id='block_1_107' title="bbox 2205 4752 3807 4829">
    <p class='ocr_par' dir='ltr' id='par_1_107' title="bbox 2205 4752 3807 4829">
     <span class='ocr_line' id='line_1_107' title="bbox 2205 4752 3807 4829; baseline 0.005 -25"><span class='ocrx_word' id='word_1_712' title='bbox 2205 4752 2374 4805; x_wconf 87' lang='grc' dir='ltr'>παλον</span> <span class='ocrx_word' id='word_1_713' title='bbox 2404 4755 2503 4824; x_wconf 83' lang='grc' dir='ltr'>τῆς</span> <span class='ocrx_word' id='word_1_714' title='bbox 2566 4755 2920 4824; x_wconf 76' lang='grc' dir='ltr'>ἐγκρατείας,</span> <span class='ocrx_word' id='word_1_715' title='bbox 2956 4755 3046 4808; x_wconf 85' lang='grc' dir='ltr'>τὸν</span> <span class='ocrx_word' id='word_1_716' title='bbox 3076 4754 3338 4825; x_wconf 86' lang='grc' dir='ltr'>πολέμιον</span> <span class='ocrx_word' id='word_1_717' title='bbox 3361 4754 3463 4824; x_wconf 80' lang='grc' dir='ltr'>τῆς</span> <span class='ocrx_word' id='word_1_718' title='bbox 3506 4758 3807 4829; x_wconf 75' lang='grc' dir='ltr'>σωφροσύ·</span> 
     </span>
    </p>
   </div>
   <div class='ocr_carea' id='block_1_108' title="bbox 2205 4846 3805 4920">
    <p class='ocr_par' dir='ltr' id='par_1_108' title="bbox 2205 4846 3805 4920">
     <span class='ocr_line' id='line_1_108' title="bbox 2205 4846 3805 4920; baseline -0.025 11"><span class='ocrx_word' id='word_1_719' title='bbox 2205 4863 2324 4916; x_wconf 52' lang='lat' dir='ltr'><strong>Vn&quot;</strong></span> <span class='ocrx_word' id='word_1_720' title='bbox 2354 4847 2447 4899; x_wconf 71' lang='grc' dir='ltr'><strong>τὸν</strong></span> <span class='ocrx_word' id='word_1_721' title='bbox 2480 4847 2661 4918; x_wconf 83' lang='grc' dir='ltr'>πάσης</span> <span class='ocrx_word' id='word_1_722' title='bbox 2714 4846 2915 4918; x_wconf 77' lang='grc' dir='ltr'>ἀρετῆς</span> <span class='ocrx_word' id='word_1_723' title='bbox 2948 4847 3278 4902; x_wconf 83' lang='grc' dir='ltr'>λανθάνοντα</span> <span class='ocrx_word' id='word_1_724' title='bbox 3328 4850 3599 4920; x_wconf 83' lang='grc' dir='ltr'>κλέπτην.</span> <span class='ocrx_word' id='word_1_725' title='bbox 3637 4851 3805 4904; x_wconf 63' lang='grc' dir='ltr'><strong>Ἀλλά</strong></span> 
     </span>
    </p>
   </div>
   <div class='ocr_carea' id='block_1_109' title="bbox 2203 4937 3805 5011">
    <p class='ocr_par' dir='ltr' id='par_1_109' title="bbox 2203 4937 3805 5011">
     <span class='ocr_line' id='line_1_109' title="bbox 2203 4937 3805 5011; baseline 0.004 -23"><span class='ocrx_word' id='word_1_726' title='bbox 2203 4937 2277 5005; x_wconf 82' lang='grc' dir='ltr'><strong>τί,</strong></span> <span class='ocrx_word' id='word_1_727' title='bbox 2312 4940 2466 5009; x_wconf 69' lang='grc' dir='ltr'>φησι,</span> <span class='ocrx_word' id='word_1_728' title='bbox 2505 4938 2778 4992; x_wconf 82' lang='grc' dir='ltr'>διαϐάλλω</span> <span class='ocrx_word' id='word_1_729' title='bbox 2825 4938 2917 4992; x_wconf 80' lang='grc' dir='ltr'>τὸν</span> <span class='ocrx_word' id='word_1_730' title='bbox 2960 4937 3194 4992; x_wconf 83' lang='grc' dir='ltr'>πλοῦτον</span> <span class='ocrx_word' id='word_1_731' title='bbox 3237 4939 3364 5002; x_wconf 71' lang='grc' dir='ltr'>τοὺς</span> <span class='ocrx_word' id='word_1_732' title='bbox 3411 4945 3805 5011; x_wconf 65' lang='grc' dir='ltr'>κεκτημένους</span> 
     </span>
    </p>
   </div>
   <div class='ocr_carea' id='block_1_110' title="bbox 2205 5032 3805 5105">
    <p class='ocr_par' dir='ltr' id='par_1_110' title="bbox 2205 5032 3805 5105">
     <span class='ocr_line' id='line_1_110' title="bbox 2205 5032 3805 5105; baseline 0.003 -21"><span class='ocrx_word' id='word_1_733' title='bbox 2205 5032 2689 5098; x_wconf 80' lang='grc' dir='ltr'>ἁφεί;;άδικεῖται</span> <span class='ocrx_word' id='word_1_734' title='bbox 2747 5034 2843 5088; x_wconf 71' lang='grc' dir='ltr'>καὶ</span> <span class='ocrx_word' id='word_1_735' title='bbox 2895 5033 3056 5096; x_wconf 76' lang='grc' dir='ltr'>αὐτὸς</span> <span class='ocrx_word' id='word_1_736' title='bbox 3087 5035 3115 5086; x_wconf 89' lang='grc' dir='ltr'><strong>ό</strong></span> <span class='ocrx_word' id='word_1_737' title='bbox 3143 5032 3396 5098; x_wconf 77' lang='grc' dir='ltr'>πλοῦτος,</span> <span class='ocrx_word' id='word_1_738' title='bbox 3443 5034 3683 5105; x_wconf 82' lang='grc' dir='ltr'>δέσμιος</span> <span class='ocrx_word' id='word_1_739' title='bbox 3718 5038 3805 5090; x_wconf 73' lang='grc' dir='ltr'><strong>ὑπ’</strong></span> 
     </span>
    </p>
   </div>
   <div class='ocr_carea' id='block_1_111' title="bbox 2205 5124 3802 5199">
    <p class='ocr_par' dir='ltr' id='par_1_111' title="bbox 2205 5124 3802 5199">
     <span class='ocr_line' id='line_1_111' title="bbox 2205 5124 3802 5199; baseline 0.004 -24"><span class='ocrx_word' id='word_1_740' title='bbox 2205 5124 2385 5176; x_wconf 80' lang='grc' dir='ltr'>αὐτῶν</span> <span class='ocrx_word' id='word_1_741' title='bbox 2437 5126 2531 5177; x_wconf 79' lang='grc' dir='ltr'><strong>καὶ</strong></span> <span class='ocrx_word' id='word_1_742' title='bbox 2580 5124 2962 5195; x_wconf 80' lang='grc' dir='ltr'>πεπηδημένος</span> <span class='ocrx_word' id='word_1_743' title='bbox 3019 5125 3412 5195; x_wconf 78' lang='grc' dir='ltr'>κατεχόμενος.</span> <span class='ocrx_word' id='word_1_744' title='bbox 3469 5126 3668 5181; x_wconf 78' lang='grc' dir='ltr'><strong>Ἐοικὲ</strong></span> <span class='ocrx_word' id='word_1_745' title='bbox 3719 5148 3802 5199; x_wconf 76' lang='grc' dir='ltr'><strong>μοι</strong></span> 
     </span>
    </p>
   </div>
   <div class='ocr_carea' id='block_1_112' title="bbox 2205 5217 3802 5290">
    <p class='ocr_par' dir='ltr' id='par_1_112' title="bbox 2205 5217 3802 5290">
     <span class='ocr_line' id='line_1_112' title="bbox 2205 5217 3802 5290; baseline 0.005 -21"><span class='ocrx_word' id='word_1_746' title='bbox 2205 5217 2340 5288; x_wconf 73' lang='grc' dir='ltr'>πρὸς</span> <span class='ocrx_word' id='word_1_747' title='bbox 2357 5218 2552 5281; x_wconf 73' lang='grc' dir='ltr'>αὐτοὺς</span> <span class='ocrx_word' id='word_1_748' title='bbox 2581 5219 2836 5290; x_wconf 81' lang='grc' dir='ltr'>τοιαύτην</span> <span class='ocrx_word' id='word_1_749' title='bbox 2853 5219 3067 5288; x_wconf 78' lang='grc' dir='ltr'>ἀφιέναι</span> <span class='ocrx_word' id='word_1_750' title='bbox 3093 5220 3278 5288; x_wconf 79' lang='grc' dir='ltr'>φωνήν</span> <span class='ocrx_word' id='word_1_751' title='bbox 3301 5234 3318 5249; x_wconf 76' lang='grc' dir='ltr'><strong>ο</strong></span> <span class='ocrx_word' id='word_1_752' title='bbox 3344 5219 3408 5272; x_wconf 90' lang='grc' dir='ltr'><strong>Τί</strong></span> <span class='ocrx_word' id='word_1_753' title='bbox 3433 5236 3502 5290; x_wconf 74' lang='grc' dir='ltr'><strong>με</strong></span> <span class='ocrx_word' id='word_1_754' title='bbox 3520 5222 3612 5274; x_wconf 73' lang='grc' dir='ltr'>τὸν</span> <span class='ocrx_word' id='word_1_755' title='bbox 3637 5225 3802 5276; x_wconf 78' lang='grc' dir='ltr'><strong>πλοῦ-</strong></span> 
     </span>
    </p>
   </div>
   <div class='ocr_carea' id='block_1_113' title="bbox 2204 5303 3800 5386">
    <p class='ocr_par' dir='ltr' id='par_1_113' title="bbox 2204 5303 3800 5386">
     <span class='ocr_line' id='line_1_113' title="bbox 2204 5303 3800 5386; baseline 0.004 -25"><span class='ocrx_word' id='word_1_756' title='bbox 2204 5307 2318 5372; x_wconf 73' lang='grc' dir='ltr'>τον,</span> <span class='ocrx_word' id='word_1_757' title='bbox 2344 5303 2388 5363; x_wconf 81' lang='grc' dir='ltr'><strong>ὦ</strong></span> <span class='ocrx_word' id='word_1_758' title='bbox 2413 5310 2834 5380; x_wconf 82' lang='grc' dir='ltr'>φιλοχρήμονες,</span> <span class='ocrx_word' id='word_1_759' title='bbox 2896 5310 3286 5382; x_wconf 83' lang='grc' dir='ltr'>συμποδίζετε;</span> <span class='ocrx_word' id='word_1_760' title='bbox 3325 5312 3376 5363; x_wconf 88' lang='grc' dir='ltr'><strong>τί</strong></span> <span class='ocrx_word' id='word_1_761' title='bbox 3422 5328 3491 5382; x_wconf 84' lang='grc' dir='ltr'><strong>με</strong></span> <span class='ocrx_word' id='word_1_762' title='bbox 3536 5314 3800 5386; x_wconf 53' lang='lat' dir='ltr'><strong>“Etim;</strong></span> 
     </span>
    </p>
   </div>
   <div class='ocr_carea' id='block_1_114' title="bbox 2204 5405 3801 5478">
    <p class='ocr_par' dir='ltr' id='par_1_114' title="bbox 2204 5405 3801 5478">
     <span class='ocr_line' id='line_1_114' title="bbox 2204 5405 3801 5478; baseline 0.003 -19"><span class='ocrx_word' id='word_1_763' title='bbox 2204 5405 2481 5476; x_wconf 86' lang='grc' dir='ltr'>δραπέτην</span> <span class='ocrx_word' id='word_1_764' title='bbox 2506 5405 2718 5477; x_wconf 86' lang='grc' dir='ltr'>μυρίοις</span> <span class='ocrx_word' id='word_1_765' title='bbox 2743 5405 2962 5474; x_wconf 81' lang='grc' dir='ltr'>δεσμοῖς</span> <span class='ocrx_word' id='word_1_766' title='bbox 2981 5407 3372 5477; x_wconf 75' lang='grc' dir='ltr'>περισφίγγετε</span> <span class='ocrx_word' id='word_1_767' title='bbox 3405 5424 3420 5472; x_wconf 84' lang='lat'><strong>;</strong></span> <span class='ocrx_word' id='word_1_768' title='bbox 3446 5408 3562 5460; x_wconf 77' lang='grc' dir='ltr'><strong>ἀπὸ</strong></span> <span class='ocrx_word' id='word_1_769' title='bbox 3596 5410 3801 5478; x_wconf 67' lang='grc' dir='ltr'>μετάλ-</span> 
     </span>
    </p>
   </div>
   <div class='ocr_carea' id='block_1_115' title="bbox 2205 5494 3804 5569">
    <p class='ocr_par' dir='ltr' id='par_1_115' title="bbox 2205 5494 3804 5569">
     <span class='ocr_line' id='line_1_115' title="bbox 2205 5494 3804 5569; baseline 0.005 -24"><span class='ocrx_word' id='word_1_770' title='bbox 2205 5494 2309 5545; x_wconf 82' lang='grc' dir='ltr'><strong>λων</strong></span> <span class='ocrx_word' id='word_1_771' title='bbox 2340 5496 2418 5557; x_wconf 86' lang='grc' dir='ltr'><strong>είς</strong></span> <span class='ocrx_word' id='word_1_772' title='bbox 2449 5495 2708 5564; x_wconf 75' lang='grc' dir='ltr'>μέταλλα,</span> <span class='ocrx_word' id='word_1_773' title='bbox 2736 5497 2815 5558; x_wconf 90' lang='grc' dir='ltr'><strong>είς</strong></span> <span class='ocrx_word' id='word_1_774' title='bbox 2841 5495 2940 5559; x_wconf 84' lang='grc' dir='ltr'>τὰς</span> <span class='ocrx_word' id='word_1_775' title='bbox 2968 5496 3315 5566; x_wconf 82' lang='grc' dir='ltr'>ύμῶνχεῖρας</span> <span class='ocrx_word' id='word_1_776' title='bbox 3338 5499 3764 5569; x_wconf 77' lang='grc' dir='ltr'>παραπέμπετε</span> <span class='ocrx_word' id='word_1_777' title='bbox 3791 5520 3804 5564; x_wconf 90' lang='grc'><strong>;</strong></span> 
     </span>
    </p>
   </div>
   <div class='ocr_carea' id='block_1_116' title="bbox 2204 5589 3783 5663">
    <p class='ocr_par' dir='ltr' id='par_1_116' title="bbox 2204 5589 3783 5663">
     <span class='ocr_line' id='line_1_116' title="bbox 2204 5589 3783 5663; baseline 0.006 -21"><span class='ocrx_word' id='word_1_778' title='bbox 2204 5590 2253 5642; x_wconf 87' lang='grc' dir='ltr'><strong>εί</strong></span> <span class='ocrx_word' id='word_1_779' title='bbox 2309 5589 2490 5643; x_wconf 84' lang='grc' dir='ltr'>θέλετέ</span> <span class='ocrx_word' id='word_1_780' title='bbox 2539 5607 2606 5659; x_wconf 88' lang='grc' dir='ltr'><strong>με</strong></span> <span class='ocrx_word' id='word_1_781' title='bbox 2661 5593 2764 5646; x_wconf 82' lang='grc' dir='ltr'>κᾶν</span> <span class='ocrx_word' id='word_1_782' title='bbox 2825 5591 3021 5663; x_wconf 83' lang='grc' dir='ltr'>μικρὸν</span> <span class='ocrx_word' id='word_1_783' title='bbox 3075 5595 3158 5655; x_wconf 87' lang='grc' dir='ltr'><strong>είς</strong></span> <span class='ocrx_word' id='word_1_784' title='bbox 3206 5593 3268 5645; x_wconf 87' lang='grc' dir='ltr'>τὸ</span> <span class='ocrx_word' id='word_1_785' title='bbox 3317 5593 3436 5662; x_wconf 82' lang='grc' dir='ltr'><strong>φῶς</strong></span> <span class='ocrx_word' id='word_1_786' title='bbox 3468 5596 3783 5652; x_wconf 77' lang='grc' dir='ltr'>ἀνανεῦσαι</span> 
     </span>
    </p>
   </div>
   <div class='ocr_carea' id='block_1_117' title="bbox 2205 5653 3807 5758">
    <p class='ocr_par' dir='ltr' id='par_1_117' title="bbox 2205 5653 3807 5758">
     <span class='ocr_line' id='line_1_117' title="bbox 2205 5653 3807 5758; baseline 0.005 -22"><span class='ocrx_word' id='word_1_787' title='bbox 2205 5683 2401 5738; x_wconf 66' lang='grc' dir='ltr'>ἐάσατὲ</span> <span class='ocrx_word' id='word_1_788' title='bbox 2455 5700 2520 5754; x_wconf 80' lang='grc' dir='ltr'><strong>με</strong></span> <span class='ocrx_word' id='word_1_789' title='bbox 2576 5685 2684 5738; x_wconf 67' lang='grc' dir='ltr'>κᾶν</span> <span class='ocrx_word' id='word_1_790' title='bbox 2721 5684 2919 5756; x_wconf 83' lang='grc' dir='ltr'>μικρὸν</span> <span class='ocrx_word' id='word_1_791' title='bbox 2941 5687 3020 5748; x_wconf 82' lang='grc' dir='ltr'><strong>είς</strong></span> <span class='ocrx_word' id='word_1_792' title='bbox 3044 5685 3143 5748; x_wconf 86' lang='grc' dir='ltr'>τὰς</span> <span class='ocrx_word' id='word_1_793' title='bbox 3171 5685 3282 5739; x_wconf 83' lang='grc' dir='ltr'><strong>τῶν</strong></span> <span class='ocrx_word' id='word_1_794' title='bbox 3321 5691 3578 5758; x_wconf 77' lang='grc' dir='ltr'>πενήτων</span> <span class='ocrx_word' id='word_1_795' title='bbox 3616 5653 3807 5755; x_wconf 61' lang='grc' dir='ltr'><strong>δεξιὰς³</strong></span> 
     </span>
    </p>
   </div>
   <div class='ocr_carea' id='block_1_118' title="bbox 2208 5775 3793 5851">
    <p class='ocr_par' dir='ltr' id='par_1_118' title="bbox 2208 5775 3793 5851">
     <span class='ocr_line' id='line_1_118' title="bbox 2208 5775 3793 5851; baseline -0.002 -18"><span class='ocrx_word' id='word_1_796' title='bbox 2208 5780 2509 5851; x_wconf 74' lang='grc' dir='ltr'>μεταϐῆναι</span> <span class='ocrx_word' id='word_1_797' title='bbox 2563 5776 2940 5846; x_wconf 80' lang='grc' dir='ltr'>ἐπειγόμενον.</span> <span class='ocrx_word' id='word_1_798' title='bbox 2982 5775 3164 5842; x_wconf 76' lang='grc' dir='ltr'>Ἀλλὰ,</span> <span class='ocrx_word' id='word_1_799' title='bbox 3224 5778 3381 5849; x_wconf 70' lang='grc' dir='ltr'>φησι,</span> <span class='ocrx_word' id='word_1_800' title='bbox 3424 5779 3644 5843; x_wconf 73' lang='grc' dir='ltr'>τέκνοις</span> <span class='ocrx_word' id='word_1_801' title='bbox 3681 5799 3793 5834; x_wconf 59' lang='grc' dir='ltr'><strong>συν</strong></span> 
     </span>
    </p>
   </div>
   <div class='ocr_carea' id='block_1_119' title="bbox 2205 5866 3792 5943">
    <p class='ocr_par' dir='ltr' id='par_1_119' title="bbox 2205 5866 3792 5943">
     <span class='ocr_line' id='line_1_119' title="bbox 2205 5866 3792 5943; baseline 0 -15"><span class='ocrx_word' id='word_1_802' title='bbox 2205 5875 2324 5943; x_wconf 81' lang='grc' dir='ltr'><strong>άγω</strong></span> <span class='ocrx_word' id='word_1_803' title='bbox 2354 5873 2444 5928; x_wconf 78' lang='grc' dir='ltr'>τὸν</span> <span class='ocrx_word' id='word_1_804' title='bbox 2473 5871 2768 5943; x_wconf 65' lang='grc' dir='ltr'>θησαυρὸν,</span> <span class='ocrx_word' id='word_1_805' title='bbox 2801 5867 2885 5922; x_wconf 83' lang='grc' dir='ltr'>ἵνα</span> <span class='ocrx_word' id='word_1_806' title='bbox 2909 5866 2985 5941; x_wconf 78' lang='grc' dir='ltr'><strong>μὴ</strong></span> <span class='ocrx_word' id='word_1_807' title='bbox 3014 5867 3204 5934; x_wconf 77' lang='grc' dir='ltr'>πενίας</span> <span class='ocrx_word' id='word_1_808' title='bbox 3228 5869 3497 5939; x_wconf 79' lang='grc' dir='ltr'>γένωνται</span> <span class='ocrx_word' id='word_1_809' title='bbox 3535 5871 3792 5942; x_wconf 55' lang='grc' dir='ltr'>κληροτύ</span> 
     </span>
    </p>
   </div>
  </div>
