4014 6302
235 371 373 444 1513

1472 379 1712 442 SACRA
1748 376 2218 442 PARALLELA.

3356 379 3505 444 1514

234 507 350 561 μοι.
379 452 609 558 Καλῶς,
643 480 1145 562 ό”πολυφάνταστος
1189 489 1442 554 πλούσιος
1470 491 1537 543 τὰ
1567 488 1792 560 παρόντι

1915 495 2039 540 ccat
2070 487 2156 542 vel
2183 485 2462 543 tantillum
2489 487 2668 547 lucem
2720 491 2949 550 intueri.
2988 494 3164 553 Sinite
3193 497 3261 554 ad
3296 514 3505 571 panpe-

230 584 334 636 οὐκ
360 577 494 650 οἶδε,
526 583 621 637 καὶ
648 583 780 656 περὶ
799 582 908 638 τῶν
933 582 1239 654 μελλόντων
1258 581 1558 654 φροντίζει.
1586 579 1672 634 Td
1697 578 1819 633 κατ’

229 675 399 731 αὐτὸν
430 675 638 744 ἀγνοεῖ,
665 678 760 731 καὶ
804 676 876 731 τά
925 676 1052 750 περὶ
1085 676 1197 730 τῶν
1240 669 1449 730 τέκνων
1467 672 1698 744 ψηφίζει
1723 685 1739 702 ’
1769 671 1818 725 εί

232 764 520 830 θάπτεται,
549 766 651 820 οὐκ
687 767 1004 835 ἐπίσταται,
1028 766 1268 838 καὶπερὶ
1300 764 1658 838 κληρονόμων
1693 761 1820 832 βου-

237 854 479 912 λεύεται.
513 856 742 929 ’Λφρον,
791 858 915 912 εἰπέ
973 874 1065 929 μοι
1117 857 1180 914 τὸ
1238 856 1331 912 σὺν
1359 855 1536 923 τέλος,
1568 853 1661 910 καὶ
1695 855 1821 909 τότε

229 947 489 1020 περὶτῶν
515 948 724 1004 τέκνων
752 948 1074 1019 ἀσφάλισαι.
1112 950 1248 1005 Είπὲ
1282 968 1375 1022 μοι
1418 948 1487 1004 τὰ
1520 951 1620 1021 τῆς
1644 948 1819 1020 σήμε-

230 1058 360 1112 ρον,
426 1043 523 1096 καὶ
575 1042 700 1097 τότε
752 1059 838 1097 σοι
896 1043 1177 1099 πιστεύσω
1220 1043 1292 1099 τά
1331 1043 1430 1115 τῆς
1478 1042 1687 1115 αῦριον.
1753 1042 1819 1097 Τί

229 1135 460 1189 σεαυτὸν
490 1134 586 1189 καὶ
611 1135 752 1206 μετά
795 1135 1029 1194 θάνατον
1076 1138 1328 1210 ἀπατᾷς;
1374 1135 1428 1191 τί
1470 1135 1647 1199 θέλεις
1677 1129 1820 1189 εἶναι

227 1227 422 1298 νεκρὸς
460 1225 910 1299 χλευαζόμενοςς
976 1229 1043 1283 Τί
1089 1227 1348 1299 διορίζεις
1408 1226 1504 1282 τοῦ
1558 1225 1696 1281 Θεοῦ
1746 1228 1818 1282 τὰ

227 1321 483 1393 πρακτέα
504 1337 520 1388 ;
543 1321 595 1375 τί
624 1322 941 1393 νομοθετεῖς
973 1325 1073 1396 τὴν
1097 1323 1358 1395 πρόνοιαν
1382 1339 1397 1390 ;
1433 1321 1517 1377 Td
1555 1323 1640 1376 σοὶ
1669 1321 1817 1377 δεδο-

228 1417 392 1489 μένα,
423 1418 562 1474 αὐτὰ
589 1419 849 1494 μερίμνα.
894 1421 1060 1475 Οὐδὲν
1098 1420 1238 1492 πρὸς
1269 1420 1331 1474 σὲ
1377 1419 1512 1492 περὶ
1542 1418 1654 1474 τῶν
1677 1421 1817 1492 μετά

225 1511 309 1566 σέ.
340 1511 415 1565 Οὐ
437 1511 663 1569 δύνασαι
691 1514 788 1569 καὶ
811 1513 1007 1585 νεκρὸς
1045 1510 1206 1580 εἶναι,
1239 1513 1336 1568 καὶ
1363 1512 1642 1583 διοικέτης
1689 1511 1816 1577 ζῶν·

220 1621 352 1661 των.
380 1605 569 1670 Οὐδεὶς
591 1605 700 1660 τῶν
720 1608 780 1661 ὲν
796 1605 924 1679 ᾅδου
943 1606 1056 1661 τῶν
1086 1607 1229 1679 ὑπὲρ
1255 1608 1360 1678 γῆς
1389 1605 1810 1676 ἐπετρόπευσεν.

222 1694 321 1763 Εἷς
353 1700 502 1754 ἐστιν
526 1699 555 1754 ό
575 1699 798 1766 ζώντων
826 1701 922 1756 καὶ
945 1700 1156 1774 νεκρῶν
1179 1700 1395 1773 κριτὴς,
1425 1699 1522 1754 καὶ
1549 1699 1815 1769 Corona-

219 1793 334 1849 τῶν
371 1795 606 1850 ἑκάστου
656 1795 719 1850 τὸ
751 1794 979 1851 δίκαιον.
1015 1792 1362 1864 Θησαυρίζει
1404 1792 1535 1864 γὰρ,
1577 1793 1744 1864 φησὶν
1785 1793 1814 1845 ό

1923 592 2044 636 rum
2090 595 2310 646 manus,
2367 597 2477 652 quo
2509 584 2816 642 vehementi
2860 589 3046 646 studio
3095 595 3502 658 contendimus,

1922 673 2007 730 vel
2064 671 2471 744 aliquantulum
2531 678 2916 750 commigrare.
2950 683 3021 738 At
3072 683 3221 748 ﬁliis,
3300 687 3504 756 inquit,

1922 764 2253 822 thesaurum
2315 766 2542 839 colligo,
2596 784 2668 825 ne
2707 775 3053 844 paupertatis
3091 792 3230 833 mea:
3260 779 3506 835 lnnredes

1920 873 2020 915 eos
2079 857 2336 918 habeam.
2374 859 2543 920 Recte
2568 864 2786 922 scilicet
2814 865 3008 925 :dives
3063 875 3156 942 qui
3199 875 3372 927 multa
3398 871 3504 932 sibi

1920 947 2112 1006 animo
2138 949 2318 1025 ﬁngit,
2351 957 2650 1025 praesentia
2697 960 2901 1025 nescit,
2932 970 2988 1017 et
3015 962 3083 1018 de
3121 964 3324 1021 futuris
3342 969 3507 1023 solli«

1919 1041 2067 1097 citus
2119 1052 2225 1100 est.
2251 1043 2488 1101 Suarum
2532 1047 2651 1117 ipse
2675 1063 2861 1105 rerum
2893 1061 2978 1107 est
3011 1053 3258 1126 ignarus,
3287 1072 3351 1112 ac
3415 1075 3506 1115 res

1923 1136 2156 1193 ﬁliorum
2214 1148 2492 1210 supputat.
2557 1140 2699 1197 Num
2770 1145 3056 1216 sepultura
3111 1150 3180 1204 sit
3209 1148 3507 1209 donandus

1920 1226 2158 1299 ignorat,
2188 1231 2332 1288 etde
2360 1231 2673 1292 heredibus
2712 1238 3014 1293 consultat.
3050 1238 3252 1310 Stulte,
3294 1245 3507 1302 edicito

1919 1319 2055 1375 mihi
2081 1319 2245 1378 ﬁnem
2283 1330 2459 1392 tuum,
2494 1340 2560 1380 ac
2584 1336 2697 1382 tum
2733 1327 2860 1387 ﬁliis
2893 1333 3008 1388 tuis
3040 1347 3192 1389 cave.
3234 1335 3333 1391 Dic
3365 1339 3504 1394 mihi

1915 1426 2040 1482 qua:
2062 1413 2227 1471 hodie
2253 1415 2440 1473 futura
2478 1418 2614 1486 sint,
2671 1435 2738 1477 ac
2772 1431 2886 1479 tum
2912 1425 2980 1481 de
3014 1428 3104 1483 die
3133 1431 3379 1488 crastino
3401 1432 3500 1489 tibi

1915 1500 2079 1562 ﬁdem
2126 1506 2361 1567 habebo.
2420 1509 2562 1580 Quid
2594 1521 2648 1571 te
2696 1515 2812 1588 ipse
2864 1519 3028 1576 etiam
3085 1533 3211 1594 post
3263 1538 3498 1585 mortem

1913 1597 2101 1656 fallis!
2130 1601 2287 1672 quid,
2314 1617 2440 1660 cum
2459 1617 2710 1664 mortuus
2732 1611 2865 1679 eris,
2901 1612 3186 1672 hominum
3241 1618 3498 1680 ludibriis

1915 1709 2113 1766 parere
2140 1696 2262 1755 vis?
2291 1698 2433 1766 Quid
2466 1703 2576 1758 Deo
2604 1719 2728 1775 quae
2761 1707 2973 1778 agenda
2999 1714 3112 1766 sint
3146 1715 3499 1782 praescribis?

1914 1788 2046 1858 quid
2099 1792 2464 1862 providentiae
2524 1795 2697 1868 ipsius
2751 1799 2925 1873 legem
2964 1805 3347 1864 sancis?Htec
3395 1812 3496 1866 tibi

221 1887 538 1959 προφήτης,
565 1887 666 1942 καί
689 1888 763 1942 οὐ
797 1885 1078 1957 γινώσκει
1109 1886 1228 1941 τίνι
1254 1883 1510 1955 συνάγει
1543 1885 1716 1941 αὐτά.
1741 1884 1792 1937 ΤΑ

1909 1896 2058 1938 ειη-ιε
2086 1884 2202 1940 sint
2255 1901 2380 1958 quas
2409 1888 2536 1944 data
2567 1900 2700 1947 sunt
2737 1868 2857 1950 tibi.
2891 1893 3025 1962 Quae
3055 1910 3181 1969 post
3210 1909 3266 1958 te
3306 1901 3496 1960 futura

217 1979 332 2034 τῶν
354 1979 607 2050 πενήτων
635 1978 712 2043 ὡς
738 1977 992 2051 ὀρφανῶν
1016 1977 1416 2050 κατατρέχεις;
1455 1976 1509 2030 τί
1545 1974 1802 2047 αίτούμε-

219 2087 312 2134 νος
336 2071 471 2144 παρ’
492 2069 670 2125 αὐτῶν
696 2071 1049 2142 ἀγανακτεῖς,
1090 2071 1168 2137 ὡς
1221 2069 1433 2125 οἴκοθεν
1472 2067 1801 2134 ἁναλίσκωνς

218 2163 303 2218 Td
327 2163 554 2237 πατρῷα
604 2163 874 2232 θέλουσιν,
909 2163 1045 2236 ξοῦχὶ
1090 2163 1161 2220 τὰ
1199 2162 1306 2219 σά·
1339 2162 1409 2219 τά
1441 2159 1803 2218 πιστευθέντα

220 2274 307 2311 σοι
335 2256 404 2312 δι’
428 2257 650 2324 αὐτοὺς,
711 2258 806 2313 καὶ
856 2255 980 2330 οὒχὶ
1013 2257 1155 2330 μετά
1208 2255 1306 2312 σοῦ
1349 2254 1703 2328 γεννηθέντα.
1732 2254 1802 2308 Ἀ

217 2350 434 2416 ἔλασις,
459 2352 569 2421 δὸς,
598 2351 695 2406 καὶ
749 2350 850 2423 τήν
904 2351 1103 2425 χρῆσιν
1131 2349 1415 2422 κέρδανον,
1469 2349 1657 2421 Ἀρκεῖ
1691 2365 1796 2414 σοι,

214 2444 300 2499 ὃτι
322 2443 541 2512 διδόναι,
571 2443 633 2498 οὗ
659 2443 960 2516 λαμϐάνειν
1018 2441 1420 2516 προσετάχθης.
1456 2442 1645 2513 ’Δρκεῖ
1689 2458 1796 2510 σοι,

214 2535 302 2589 ὅτι
353 2534 444 2590 διὰ
484 2535 704 2608 πτωχοῦ
766 2537 796 2591 ό
849 2534 984 2601 Θεὸς
1021 2536 1124 2606 τὴν
1157 2535 1342 2603 δεξιάν
1378 2552 1461 2590 σοι
1495 2535 1792 2607 προτείνει.

215 2626 442 2699 Βρέχων
508 2627 609 2699 τὴν
643 2628 736 2682 ὑπ’
783 2627 1015 2701 οὐρανὸν
1049 2625 1252 2700 χαλκοῦ
1281 2626 1494 2697 ψεκάδα
1531 2645 1591 2682 σε
1627 2645 1797 2700 προσ-

214 2723 381 2776 αιτεῖ.
400 2720 456 2774 '0
477 2721 716 2794 βροντῶν
735 2722 832 2776 καὶ
853 2721 1201 2794 ἀστράπτων,
1216 2716 1497 2791 Ἐλέησον,
1523 2720 1607 2775 σοὶ
1625 2720 1801 2792 λέγει.

228 2812 291 2867 Ὅ
321 2813 666 2885 περιϐάλλων
687 2813 780 2869 τὸν
841 2813 1074 2886 οὐρανὸν
1127 2813 1401 2884 νεφέλαις,
1428 2812 1620 2885 ῥάκιον
1653 2815 1797 2870 αίτεῖ

214 2907 368 2979 παρά
402 2904 520 2977 σοῦ.
555 2907 747 2979 Ἀρκεῖ
801 2924 907 2972 σοι,
950 2908 1032 2962 ὅτι
1079 2907 1129 2961 οί
1184 2906 1419 2978 πένητες
1448 2905 1524 2970 ὡς
1568 2905 1702 2959 Θεόν
1735 2921 1794 2960 σε

211 2988 560 3055 λιι-ανεύουιιιΙ
623 3000 720 3056 καὶ
782 3000 1116 3055 ἱκετεύουσιν
1165 3016 1180 3030 ·
1249 2997 1568 3069 Οίκτίρμων
1635 2997 1794 3068 ἐλέη-

213 3111 312 3148 σον
337 3110 355 3128 ο
385 3093 636 3166 ὶλεήμων
665 3093 954 3166 οῐκτειρον.
973 3092 1047 3146 Σὺ
1077 3092 1131 3146 δὲ
1151 3090 1250 3156 τὰς
1280 3089 1488 3163 ὀφρύας
1519 3089 1790 3161 άνασπᾴς,

1909 1986 2062 2045 sunt,
2096 1977 2166 2033 ad
2186 1987 2239 2036 te
2257 1979 2397 2036 nihil
2421 1981 2680 2040 attinent.
2712 1983 2830 2042 Non
2863 1999 3023 2060 potes
3045 1993 3231 2064 simul,
3259 2006 3317 2052 et
3345 2013 3494 2054 mor-

1910 2075 2040 2124 tuus
2084 2083 2233 2139 esse,
2265 2079 2321 2127 et
2352 2073 2596 2132 viventes
2645 2091 2971 2148 procurare.
3018 2081 3190 2142 Nemo
3240 2105 3485 2160 unquam

1907 2175 1972 2215 ex
2028 2160 2097 2218 iis
2144 2163 2238 2235 qui
2284 2165 2342 2222 in
2390 2165 2609 2225 inferno
2659 2182 2812 2238 sunt,
2877 2189 3067 2232 eorum
3110 2181 3202 2251 qui
3257 2181 3492 2242 interra

1909 2259 2099 2324 agunt,
2148 2262 2299 2312 tutor
2342 2260 2579 2317 exstitit.
2638 2261 2798 2321 Unus
2825 2277 2909 2323 est
2947 2268 3195 2328 vivorum
3243 2284 3300 2331 et
3346 2292 3494 2334 mor-

1907 2355 2125 2436 tuorum
2150 2347 2340 2418 judex,
2362 2367 2426 2408 ac
2446 2353 2657 2424 jurium
2681 2358 3117 2434 uniuscujusque
3131 2369 3488 2436 ponderator.

1909 2435 2279 2532 Thesaurizat,
2299 2443 2479 2515 inquit
2500 2442 2794 2519 Propheta,
2813 2459 2863 2506 et
2879 2453 3088 2524 ignorat
3110 2435 3196 2511 ciui
3216 2473 3491 2532 congregat

1903 2543 1966 2622 ea
1990 2527 2162 2602 (Psal.
2184 2547 2413 2599 xxxvm,
2429 2534 2509 2606 7).
2524 2532 2664 2603 Quid
2677 2554 2949 2611 pauperes
2975 2551 3232 2616 tanquam
3251 2527 3488 2622 pupillos

1904 2620 2241 2681 insectaris?
2275 2625 2446 2695 Quid,
2503 2643 2631 2685 cum
2658 2631 2864 2705 aliquid
2885 2652 2914 2691 a
2945 2644 3000 2693 te
3022 2645 3236 2710 petunt,
3276 2620 3487 2702 stoma-

1903 2714 2112 2784 charis,
2142 2734 2206 2774 ac
2233 2720 2281 2776 si
2304 2720 2372 2778 de
2404 2728 2501 2778 tuo
2531 2724 2816 2784 insumas?
2854 2727 3092 2788 Paterna
3124 2735 3337 2805 vo'unt,
3371 2755 3484 2796 non

1904 2817 2029 2877 tua;
2058 2826 2124 2868 ea
2179 2826 2304 2884 qua:
2353 2815 2478 2872 ﬁdei
2522 2825 2632 2874 tua:
2694 2824 2998 2881 commissa
3037 2839 3188 2894 sunt,
3218 2846 3330 2887 non
3360 2849 3486 2904 quae

1903 2909 2082 2958 tecum
2131 2913 2282 2961 nata.
2340 2907 2418 2965 Da
2478 2925 2603 2980 quae
2651 2915 2920 2986 accepisti
2955 2927 3009 2976 et
3040 2934 3108 2976 ex
3139 2935 3332 2980 eorum
3375 2942 3483 2983 usu

1899 2995 2339 3056 emolumentum
2377 3002 2479 3059 tibi
2520 3005 2782 3063 concilia.
2831 3008 3043 3066 Sullicit
3076 3013 3177 3070 tibi
3208 3016 3356 3087 quod
3381 3017 3485 3073 da-

1902 3102 1982 3185 re,
2041 3105 2153 3146 non
2208 3094 2464 3166 accipere
2505 3098 2702 3170 jussus
2732 3101 2834 3159 sis.
2882 3101 3033 3164 Satis
3055 3106 3130 3164 sit
3179 3108 3281 3166 tibi
3327 3114 3482 3185 quod

211 3184 311 3238 καὶ
345 3185 504 3256 μόγις
535 3183 952 3255 λιτανευόμενος
980 3182 1324 3256 έπικάμπτῃ.
1367 3179 1471 3245 Δὸς
1509 3180 1692 3246 αὐτοῖς
1721 3180 1790 3235 τὰ

1901 3178 2051 3238 Deus
2099 3199 2200 3255 per
2232 3201 2530 3260 pauperem
2574 3209 2798 3250 manum
2834 3195 2914 3251 ad.
2939 3205 2993 3255 te
3036 3178 3480 3274 protenditIQui

211 3277 414 3343 αὐτῶν,
457 3277 590 3349 πρὶν
614 3277 845 3349 έπιστῇς
903 3273 980 3347 τῷ
1008 3273 1326 3346 λογοθεσίῳ.
1367 3273 1469 3338 Δὸς
1506 3273 1691 3338 αὐτοῖς
1721 3271 1792 3329 τά

1899 3279 2104 3371 terram
2125 3277 2301 3337 imbre
2330 3259 2384 3337 in
2395 3282 2601 3355 fundit,
2625 3289 2872 3358 guttulas
2895 3259 3152 3354 aeris-abs
3182 3302 3236 3351 te
3248 3259 3482 3371 supplex

209 3371 421 3427 αὐτῶνθ
456 3371 670 3444 πατέρα
691 3371 876 3440 έχουσι
896 3368 1143 3439 βασιλέα.
1163 3367 1260 3432 Δὸς
1280 3366 1462 3432 αὐτοῖς
1487 3365 1556 3421 td
1589 3366 1789 3433 αὐτῶν,

1900 3370 2107 3440 poscit.
2140 3371 2248 3441 Qui
2291 3384 2444 3433 tonat
2474 3391 2529 3436 et
2559 3379 2830 3454 fulgurat,
2855 3386 3300 3450 misericordiam
3320 3365 3479 3452 tuam

209 3466 306 3519 καὶ
337 3462 468 3519 λάϐε
493 3461 644 3535 παρά
674 3463 769 3519 τοῦ
799 3461 1005 3535 πατρὸς
1027 3460 1209 3516 αὐτῶν
1243 3459 1598 3532 ἀμεριμνίαν.
1623 3458 1791 3514 Ποίαν

1899 3461 2176 3532 implorat.
2221 3466 2331 3536 Qui
2391 3472 2635 3531 nubibus
2691 3479 2895 3536 cmlum
2949 3483 3151 3553 operit,
3181 3486 3397 3553 vilema
3427 3499 3483 3545 te

211 3557 569 3630 ἀμεριμνίαν,
601 3556 804 3627 φησίν;
840 3554 967 3625 Ἐφ’
999 3555 1154 3610 ὅσον
1167 3553 1504 3622 ἐποιήσατε
1539 3550 1632 3605 ἐνί
1657 3552 1791 3606 τού-

1899 3568 2144 3626 pannum
2199 3562 2468 3630 postulat.
2504 3565 2654 3624 Satis
2717 3569 2818 3626 tibi
2851 3550 3004 3629 esse
3035 3550 3199 3633 debet
3247 3550 3397 3649 quod
3426 3588 3481 3636 te

208 3668 329 3706 των
378 3650 496 3706 τῶν
549 3650 914 3721 ἐλαχίστων,
963 3648 1094 3720 ἐμοί
1136 3646 1492 3717 ἐποιήσατε.
1563 3642 1628 3699 '0
1681 3645 1790 3717 γὰρ

1898 3661 2169 3718 pauperes
2195 3653 2272 3712 uti
2299 3654 2467 3711 Deum
2500 3669 2700 3729 rogant
2728 3669 2782 3716 et
2803 3663 3131 3723 obsecrant:
3163 3642 3480 3730 Misericors

205 3743 398 3799 ἐλεῶν
435 3742 698 3814 πτωχὸν,
731 3741 982 3804 δανείζει
1026 3740 1168 3808 Θεῷ,
1219 3740 1388 3812 φησὶν
1414 3739 1443 3793 ό
1473 3737 1780 3809 προφήτης.

1897 3739 2184 3812 miserere;
2223 3747 2540 3816 miserator,
2584 3760 2635 3806 te
2683 3758 2858 3811 nostri
2891 3758 3172 3816 misereat.
3224 3760 3304 3817 Tu
3347 3779 3480 3820 vero

208 3836 574 3909 supercilium
625 3836 858 3914 attollis,
879 3851 943 3892 ac
995 3837 1086 3891 vix
1123 3833 1256 3891 ullis
1275 3832 1537 3909 precibus
1564 3829 1884 3886 inﬂecteris.
1922 3830 2129 3890 Tribue
2162 3836 2299 3909 ipsis
2337 3855 2462 3912 quae
2493 3857 2594 3899 sua
2617 3857 2765 3914 sunt,
2797 3859 3090 3922 antequam
3127 3855 3241 3911 illic
3271 3856 3351 3912 sis
3383 3854 3478 3914 ubi

205 3934 530 3993 referendas
553 3934 793 3991 rationes
829 3934 1018 3988 habes.
1044 3932 1251 3987 Tribue
1278 3930 1416 4002 ipsis
1445 3943 1568 4000 quae
1590 3942 1691 4022 sua
1721 3933 1851 3981 sunt
1876 3944 1891 3994 ;
1919 3943 2042 4022 nam
2073 3928 2291 3990 Patrem
2320 3937 2526 3999 habent
2548 3955 2753 4012 regem.
2785 3945 2859 4000 Da
2891 3947 3030 4019 ipsis
3049 3966 3170 4022 qua
3199 3967 3298 4007 sua
3323 3965 3474 4020 sunt,

202 4041 262 4087 cl
295 4032 362 4086 ab
398 4042 590 4086 eorum
629 4027 790 4085 Patre
821 4029 1064 4093 animum
1097 4026 1164 4082 ab
1183 4023 1556 4083 sollicitudine
1586 4020 1818 4077 liberum
1852 4021 2062 4094 accipe.
2093 4024 2268 4094 Quem
2309 4031 2442 4092 mihi
2472 4033 2716 4094 animum
2744 4039 2894 4096 curis
2921 4020 3234 4114 exemptum
3259 4059 3474 4108 narras.

205 4130 427 4199 inquit?
456 4127 731 4198 (μοικαί
767 4141 833 4182 ea:
867 4125 1101 4180 minimis
1127 4126 1256 4179 meis
1295 4121 1521 4191 fecistis,
1574 4117 1710 4212 milii
1733 4117 1935 4187 fecistis
1985 4119 2225 4192 (Matth.
2256 4143 2385 4196 xxv,
2445 4127 2576 4201 40).
2627 4129 2761 4187 Nam
2796 4133 3072 4202 feneratur
3117 4137 3249 4207 Deo,
3299 4140 3478 4212 inquit

200 4223 495 4295 pmpheta,
526 4221 616 4292 qui
649 4220 928 4274 miseretur
977 4214 1226 4286 pauperis
1248 4212 1444 4286 (Prov.
1478 4225 1594 4275 xix,
1624 4208 1744 4280 l7).

278 4313 449 4367 Ἴδετε
483 4311 574 4366 τὸν
597 4308 849 4375 πλοῦτον,
872 4308 963 4363 τὸν
998 4305 1277 4378 δραπέτην
1300 4320 1314 4334 ·
1344 4303 1406 4359 οὐ
1425 4301 1706 4377 δραπέτην
1732 4301 1792 4356 δὲ

1897 4314 2264 4412 mEjusdem,
2326 4324 2526 4384 Enarr.
2586 4333 2643 4387 in
2698 4334 2852 4390 Psal.
2913 4350 3062 4400 XLIV,
3124 4338 3186 4393 de
3240 4337 3492 4412 Eutrop..

209 4404 398 4476 μόνον,
424 4403 563 4458 ἀλλὰ
618 4403 714 4457 καὶ
746 4400 1096 4473 ἀνδροφόνον.
1126 4399 1202 4454 Οὐ
1231 4398 1340 4472 γὰρ
1384 4395 1790 4468 καταλιμπάνει

1897 4405 2192 4474 {Nonnihil
2253 4416 2473 4478 diversa
2502 4425 2570 4480 ab
2604 4428 2833 4501 editis.)
2862 4457 2934 4470 -—
2955 4395 3153 4487 Videte
3219 4395 3469 4500 divitias.

204 4499 368 4571 μόνον
399 4498 528 4563 τοὺς
558 4497 784 4569 ἔχοντας
813 4493 1002 4561 αὑτὸν,
1029 4493 1168 4549 ἀλλά
1196 4493 1292 4549 καὶ
1323 4492 1520 4563 σφάζει
1558 4490 1779 4554 αὐτούς.

198 4591 393 4646 Πίστιν
421 4590 532 4662 γὰρ
561 4589 663 4644 οὐκ
690 4588 824 4660 ἔχει.
854 4587 1055 4660 Θηρίον
1074 4585 1224 4640 ἐστὶν
1247 4587 1275 4640 ὁ
1298 4584 1525 4650 πλοῦτος
1549 4583 1774 4638 ίοῦόλονο

194 4683 296 4738 ἐὰν
347 4682 671 4754 κατέχεται,
727 4679 963 4750 φεύγει*
1008 4677 1106 4732 ἐὰν
1163 4677 1547 4750 σκορπίξεται,
1597 4693 1777 4748 παρα-

195 4779 373 4851 μένει.
415 4776 838 4847 Ἐσκόρπισεν,
879 4775 1107 4830 ἔδωκεν
1131 4774 1257 4841 τοῖς
1294 4773 1557 4841 πένησιν
1577 4785 1592 4802 ⁸
1621 4771 1661 4840 ὴ
1690 4770 1776 4825 δι-

189 4871 494 4945 καιοσιρνη
522 4870 711 4926 αὐτοῦ
738 4869 908 4939 μένει
937 4871 1024 4935 είς
1051 4869 1160 4923 τόν
1187 4867 1374 4922 αίῶνα
1395 4865 1502 4921 τοῦ
1537 4863 1770 4930 αἰῶνος.

190 4963 503 5034 Σκόρπισον
536 4957 630 5017 οῦν
660 4961 846 5029 αὐτὸν,
878 4961 966 5015 ἵνα
1006 4961 1166 5035 μένῃ.
1196 4958 1578 5032 Θησαυρίσατε
1610 4956 1773 5011 αὑτὸν

187 5056 254 5108 ἐν
273 5057 383 5118 τοῖς
407 5055 684 5128 οὐρανοῖς,
717 5053 852 5108 ὅπου
881 5051 1127 5123 κλέπτης
1149 5051 1250 5105 οὐκ
1273 5051 1503 5120 ἐγγίζει,
1528 5048 1648 5102 οὐδὲ
1673 5047 1772 5118 σὴς

185 5147 521 5220 διαφθείρει.
561 5147 673 5201 Ποῦ
701 5147 754 5201 οἱ
800 5146 1211 5216 πλουτήσαντες
1247 5144 1354 5214 πρὸ
1397 5142 1593 5215 ήμῶνς
1642 5141 1770 5210 ὲλη-

186 5241 564 5313 σμονήθησαν.
607 5240 809 5305 Ἡδέως
837 5241 904 5294 ἀν
937 5240 1168 5312 ἐροίμην
1200 5239 1328 5303 τοὺς
1372 5236 1767 5302 ἀποθανόντας,

183 5333 530 5406 καιὴρώτων
546 5333 766 5399 αὐτούς’
786 5332 895 5387 Ποῦ
917 5333 946 5387 ό
965 5331 1214 5398 πλοῦτος,
1228 5331 1325 5386 καὶ
1345 5331 1394 5386 oi
1413 5327 1764 5402 στρατιῶται,

181 5423 376 5478 καὶτὰ
401 5422 530 5496 ξίφη
560 5423 630 5477 τὰ
659 5423 1046 5496 ἀστράπτοντα
1079 5425 1144 5476 ὲκ
1161 5423 1262 5494 τῆς
1292 5422 1528 5488 ἁκόνης;
1558 5419 1670 5475 Ποῦ
1697 5420 1766 5475 τὰ

175 5515 592 5590 ἀργυρώματα,
624 5518 718 5572 καὶ
745 5517 802 5572 αἱ
835 5517 1010 5572 κλῖναι
1034 5516 1093 5570 αἱ
1126 5516 1400 5588 ὰργυραῖ;
1422 5514 1526 5569 ποῦ
1549 5515 1598 5569 oi
1620 5515 1766 5569 οἰκέιε

173 5627 306 5676 «at;
333 5609 437 5664 ποῦ
460 5611 510 5664 oi
533 5610 819 5687 εὐνοῦχος
847 5609 949 5666 ποῦ
972 5611 1024 5664 οἱ
1044 5610 1226 5680 φίλοις
1251 5609 1354 5663 ποῦ
1381 5611 1440 5663 αἱ
1467 5609 1636 5664 οίκίαι
1661 5626 1676 5675 ;
1698 5609 1765 5663 Τί

172 5703 437 5776 κατέχεις
482 5703 714 5760 πλοῦτον
747 5705 840 5759 τὸν
887 5705 946 5758 ὲν
987 5703 1167 5776 καιρῷ
1216 5705 1464 5774 ἀνάγκης
1509 5703 1662 5759 οὐδέν
1702 5721 1762 5758 σε

171 5798 497 5868 ὠφελοῦντα
515 5816 532 5866 ;
558 5797 700 5868 Ἐγὼ
720 5798 780 5852 οὗ
802 5797 1141 5870 κεκόλλημαι
1160 5797 1275 5860 τοῖς
1305 5796 1577 5862 πλουσίοις
1593 5837 1609 5863 ,
1627 5797 1763 5852 ἀλλὰ

169 5893 300 5957 τοῖς
332 5892 519 5957 κακῶς
547 5889 626 5961 τῷ
677 5887 898 5961 πλούτῳ
936 5889 1322 5961 κεχρημένοις.
1355 5889 1431 5944 Oi)
1476 5890 1566 5946 τδν
1598 5889 1760 5947 πλού-

505 5985 778 6072 i’nnoc.
822 6010 939 6074 Gn.
977 5991 1160 6074 XCV.

1883 4495 2052 4596 hunc,
2101 4505 2350 4578 inquam,
2409 4513 2698 4588 fugitivum
2757 4535 3150 4589 servum;nec
3172 4523 3467 4596 fugitivum

1885 4592 2071 4660 modo,
2103 4599 2196 4654 sed
2217 4610 2272 4657 et
2299 4601 2660 4663 homicidam.
2681 4608 2869 4683 Neque
2883 4617 3030 4673 enim
3057 4629 3193 4671 suos
3227 4592 3469 4673 tantum-

1882 4687 2047 4743 modo
2123 4689 2376 4754 dominos
2447 4700 2714 4758 deserit:
2775 4705 2873 4762 sed
2925 4707 3093 4762 etiam
3143 4709 3462 4765 obtruncat.

1876 4775 2038 4835 Nulla
2065 4784 2272 4857 quippe
2293 4789 2399 4861 ipsi
2441 4793 2577 4852 ﬁdes
2617 4796 2780 4852 inest.
2831 4797 3044 4855 Divitis:
3100 4801 3342 4857 veneﬁca
3370 4803 3464 4860 be-

1875 4873 1978 4926 stia
2003 4883 2152 4932 sunt.
2180 4877 2316 4935 Cum
2356 4891 2635 4953 tenentur,
2662 4887 2915 4961 fugiunt;
2947 4906 3073 4949 cum
3103 4905 3459 4964 sparguntur,

1875 4977 2181 5026 remanent.
2241 4973 2530 5046 Dispersit,
2562 4984 2709 5037 enim
2739 4985 2918 5054 inquit
2946 4985 3060 5051 ille,
3095 4984 3241 5040 dedit
3261 5003 3459 5057 paupe-

1874 5057 2022 5114 ribus
2063 5075 2083 5114 :
2105 5063 2326 5133 justitia
2352 5071 2467 5140 ejus
2487 5086 2664 5129 manet
2684 5081 2738 5131 in
2758 5077 3013 5134 sarculum
3045 5078 3231 5132 sweuli
3270 5079 3453 5151 (Psal.

1871 5163 1982 5215 cxi,
2013 5151 2046 5205 9
2068 5152 2108 5223 ).
2143 5153 2256 5215 Has
2288 5174 2419 5233 ergo
2478 5164 2751 5238 disperge,
2788 5177 2850 5223 ut
2900 5177 3178 5224 maneant.
3210 5168 3268 5225 ln
3298 5173 3457 5227 caelis

1869 5257 1966 5300 eas
1999 5246 2336 5321 thesauriza,
2369 5254 2462 5310 ubi
2493 5257 2585 5326 fur
2620 5275 2724 5314 non
2756 5262 3061 5333 apprOpiat,
3103 5278 3266 5333 neque
3307 5265 3450 5319 tinea

1870 5341 2164 5409 corrumpit
2187 5342 2206 5414 (
2230 5341 2362 5399 Luc.
2397 5362 2490 5402 xu.
2521 5350 2651 5421 33).
2683 5350 2786 5408 Ubi
2820 5361 2953 5410 sunt
2975 5354 3052 5409 illi
3081 5356 3328 5426 opulenti
3351 5361 3447 5428 qui

1871 5438 1999 5486 ante
2052 5446 2156 5489 nos
2180 5431 2443 5492 fuerunt?
2497 5441 2776 5500 oblivione
2827 5445 3013 5500 obruti
3041 5454 3194 5503 sunt.
3228 5446 3450 5504 Lubens

1868 5532 2050 5580 autem
2076 5541 2144 5582 ex
2178 5528 2246 5584 iis
2301 5534 2394 5602 qui
2431 5534 2809 5606 decesserunt,
2868 5554 3176 5610 quaererem
3222 5556 3288 5596 ac
3335 5542 3446 5598 sci-

1867 5615 2097 5674 scitarer
2139 5620 2233 5675 ubi
2269 5638 2458 5680 eorum
2495 5641 2627 5698 opes
2655 5629 2787 5696 sint,
2821 5630 2912 5685 ubi
2952 5631 3217 5688 militares
3249 5634 3443 5704 copiae.

1865 5716 1917 5762 et
1949 5707 2220 5780 fulgentes
2249 5717 2478 5787 cuspide
2510 5735 2609 5776 sua
2659 5722 2872 5792 gladii;
2911 5724 3002 5778 ubi
3039 5738 3173 5780 vasa
3236 5740 3430 5796 argen-

1865 5813 1972 5866 tea,
2003 5811 2059 5858 et
2095 5803 2220 5860 lecti
2279 5813 2558 5882 argentei;
2601 5815 2697 5869 ubi
2729 5813 2946 5880 famuli,
2992 5817 3085 5871 ubi
3137 5817 3433 5888 spadones,

1864 5895 1955 5950 u-bi
2190 5901 2379 5967 amici,
2407 5905 2497 5962 ubi
2534 5908 2700 5968 aedes.
2729 5907 2871 5975 Quid
2902 5909 3126 5968 divitias
3157 5910 3432 5979 contines.

2880 6027 2951 6103 48
