4014 6302
533 364 673 434 1519

1773 373 1832 440 S.
1853 374 2097 451 IOANN
2103 377 2176 441 IS
2210 379 2644 446 DAMASCENI

3665 387 3788 457 {523

525 490 672 554 seat,
707 481 804 552 qui
849 497 1032 540 rerum
1066 485 1512 558 procurationem
1549 500 1739 544 secum
1775 484 2096 560 suscipiant.

2215 497 2560 568 περιουσίαν,
2586 496 2704 553 ἀλλ’
2729 498 2780 554 εί
2814 498 2978 560 πλέον
2999 519 3052 560 τι
3074 504 3174 578 τῆς
3189 505 3404 580 πολλῆς
3433 505 3646 581 ταύτης
3667 508 3789 564 iraa-

527 574 659 642 ρυλε
682 589 808 631 cum
832 574 905 631 ita
928 574 1066 644 sint,
1102 591 1172 634 ne
1193 576 1299 634 hoc
1341 578 1714 650 perspexeris,
1739 577 1892 651 quod
1921 578 2122 652 ingen-

524 675 635 723 tem
689 667 1059 726 substantiam
1127 670 1348 742 habeat,
1419 670 1519 730 sed
1574 686 1645 728 an
1676 687 1742 730 ex
1774 673 1878 730 hac
1905 672 2117 746 ingenti

523 760 680 830 copia
710 761 1057 834 perfruatur.

595 852 790 925 Ejuad.
818 884 890 896 —-
917 853 1025 924 Qui
1074 856 1325 914 molliter
1369 865 1425 913 et
1472 856 1710 915 delicato
1743 858 1904 926 vixit,
1957 873 2021 914 ac
2054 873 2116 915 se

524 955 700 1005 totum
756 949 928 1022 hujus
962 949 1089 1006 vitae
1121 950 1289 1008 rebus
1315 949 1510 1017 aﬂixit,
1535 965 1666 1006 cum
1693 950 1764 1006 ab
1787 949 1859 1007 iis
1886 951 2111 1007 abstra-

523 1040 674 1098 hitur
705 1049 762 1098 et
820 1041 1187 1116 disiungitur,
1245 1042 1380 1101 hinc
1425 1043 1655 1115 gravius
1714 1043 2109 1114 discruciatur,

522 1134 814 1208 magisque
864 1133 1181 1210 ingemiscit
1225 1141 1283 1192 et
1348 1134 1710 1194 lamentatur.
1769 1134 1842 1193 At
1900 1151 2112 1208 pauper

521 1243 633 1283 non
687 1227 856 1298 item;
893 1227 992 1285 sed
1044 1243 1171 1285 cum
1225 1227 1507 1298 superiori
1554 1235 1805 1299 tempore
1867 1229 2109 1284 multum

519 1319 722 1393 diuque
752 1321 824 1377 sit
857 1319 1309 1392 philosophatus,
1370 1334 1480 1376 non
1516 1319 1637 1392 pari
1668 1319 1844 1376 animi
1867 1335 2109 1378 maerore

519 1424 753 1471 mortem
817 1413 1111 1487 suscipiet.
1143 1413 1224 1470 Ac
1263 1415 1384 1486 ipsa
1409 1413 1664 1484 proinde,
1688 1413 2105 1486 sivepraescns,

517 1507 638 1564 sive
699 1506 755 1564 in
785 1507 1196 1581 exspectatione
1253 1506 1436 1579 posita
1489 1506 1586 1574 sit,
1641 1505 1913 1579 majorem
1974 1508 2105 1564 huic

519 1613 685 1670 quam
710 1598 791 1654 illi
812 1606 1085 1656 terrorem
1115 1598 1339 1655 incutit.

589 1693 751 1766 502
785 1691 846 1748 S.
870 1690 1065 1764 Cyri“.
1094 1722 1167 1734 -—
1190 1689 1339 1748 Sane
1361 1691 1410 1749 is
1446 1688 1541 1762 qui
1571 1689 1814 1756 laeditur,
1847 1703 1963 1762 prae
1995 1689 2102 1746 tri-

516 1788 668 1846 stitia
714 1786 939 1860 quidem
981 1784 1356 1842 incenditur:
1395 1798 1522 1841 cum
1586 1791 1775 1840 autem
1815 1790 2098 1854 acceptam

517 1879 784 1951 injuriam
845 1877 1067 1946 ulcisci,
1099 1885 1196 1934 aut
1227 1892 1330 1950 par
1378 1875 1587 1934 referre
1618 1892 1730 1932 non
1760 1876 1962 1948 possit,
2011 1875 2098 1930 in-

514 1972 732 2030 terdum
769 1971 982 2029 idcirco
1018 1969 1218 2028 divina:
1268 1969 1500 2042 justitiae
1537 1969 1792 2026 aculeum
1825 1969 1882 2025 in
1911 1968 2101 2028 subsi-

515 2066 667 2122 dium
721 2072 908 2123 vocat.

586 2177 925 2239 S.Haximi.
965 2178 1229 2237 -—Nemo
1283 2177 1686 2251 ilagitiosorum
1740 2184 1849 2247 est,
1901 2177 1998 2251 qui
2047 2178 2101 2234 id

511 2273 659 2348 quod
690 2273 837 2347 juris
866 2273 940 2330 sit
967 2287 1092 2330 esse
1111 2271 1321 2328 malum
1351 2285 1460 2326 non
1492 2271 1811 2327 arbitretur.

582 2388 644 2447 S.
661 2389 1079 2446 Clement.orat.
1102 2403 1125 2442 ε
1151 2386 1283 2456 Quis
1307 2385 1446 2441 dives
1475 2383 1763 2442 aalrandua
1791 2385 1883 2452 sit,
1911 2403 1931 2437 ι
1963 2384 2100 2458 5H.

509 2510 583 2524 —
613 2480 798 2538 Vende
828 2493 953 2552 quae
975 2480 1168 2536 habes.
1195 2477 1337 2547 Quid
1367 2486 1450 2535 est
1486 2475 1844 2548 quamobrem
1872 2477 2099 2548 quidam

511 2590 622 2631 non
681 2581 936 2647 prompto
972 2572 1160 2628 animo
1207 2572 1315 2627 hoc
1369 2568 1698 2640 suscipiant,
1727 2576 1784 2624 ut
1812 2566 2100 2625 facultates

512 2683 647 2725 suas
712 2665 998 2738 abjiciant,
1038 2673 1208 2736 atque
1263 2661 1518 2720 affectum
1581 2674 1793 2729 earum,
1845 2661 2100 2718 immodi-

509 2774 747 2832 camque
778 2757 1155 2830 cupiditatem,
1187 2770 1409 2812 necnon
1443 2753 1661 2826 vigilias
1697 2752 1752 2808 in
1787 2753 1859 2812 iis
1885 2769 2098 2828 augen-

509 2853 621 2920 dis,
654 2850 904 2920 morbos,
951 2863 1139 2920 curas,
1175 2855 1231 2906 et
1252 2848 1446 2921 spinas
1490 2847 1638 2913 vitae,
1670 2844 1875 2917 quibus
1904 2861 2098 2906 semen

509 2946 840 3004 suffocatur.

578 3061 639 3120 S.
676 3061 817 3120 Nili.
841 3092 911 3103 —
939 3056 1197 3134 Magnum
1257 3058 1328 3115 iis
1359 3056 1455 3129 qui
1487 3055 1678 3113 virtuti
1706 3055 2098 3128 comparandae

2218 584 2398 646 λαύει.

2293 858 2353 914 '0
2404 862 2936 936 καταμαλακισθεὶς,
2996 869 3092 923 καὶ
3126 872 3242 938 τοῖς
3277 872 3552 945 παροῦσιν
3599 875 3792 931 tam

2213 954 2598 1027 προσηλώσας,
2629 959 3030 1029 ἀποσπώμενος
3060 964 3157 1019 καὶ
3187 965 3582 1040 χωριζόμενος,
3619 968 3794 1040 μειζόο

2209 1065 2316 1114 νως
2342 1050 2623 1120 δάκνεται,
2651 1056 2746 1112 καὶ
2770 1057 2974 1129 μᾶλλον
2999 1058 3255 1132 ὀδύρεται
3283 1063 3379 1117 καὶ
3408 1063 3623 1138 θρηνεῖ.
3661 1067 3720 1120 '0
3744 1067 3796 1119 δὲ

2209 1143 2383 1215 πένης
2413 1145 2513 1220 οὐχ
2568 1147 2768 1216 οὕτως,
2813 1151 2949 1207 ἀλλὰ
3000 1153 3175 1210 πολλά
3227 1157 3607 1230 φιλοσοφήσας
3662 1163 3794 1215 κατὰ

2207 1236 2300 1292 τὸν
2326 1239 2640 1314 ἔμπροσθεν
2660 1243 2878 1316 χρόνον,
2905 1245 2967 1301 οὗ
2995 1248 3135 1319 μετὰ
3157 1250 3429 1323 τοσαύτης
3454 1251 3674 1320 δέξεται
3701 1253 3797 1324 τῆς

2207 1329 2449 1405 ἀθυμίας
2480 1335 2574 1392 τδν
2626 1336 2882 1404 θάνατον.
2909 1339 3050 1395 ὥστε
3101 1343 3197 1397 καὶ
3235 1343 3450 1414 παρὼν,
3485 1346 3580 1399 καὶ
3626 1361 3796 1417 xpos-

2205 1421 2539 1498 δοκώμενος,
2569 1429 2764 1503 ἐκείνῳ
2792 1431 2995 1503 μᾶλλόν
3023 1437 3140 1490 ἐστι
3170 1435 3402 1509 φοϐερὸς
3425 1437 3458 1510 ἢ
3495 1438 3700 1510 τούτῳ.

2274 1689 2504 1758 Πάντως
2526 1694 2556 1748 ό
2585 1693 2964 1769 ἀδικούμενος,
2996 1699 3402 1771 καταφλέγεται
3435 1699 3538 1774 μὲν
3567 1700 3685 1756 ὑπὸ
3714 1702 3797 1756 1'5-

2202 1797 2334 1854 πης,
2367 1783 2683 1855 ἀμύνασθαι
2704 1787 2762 1842 δὲ
2786 1791 2888 1845 οὐκ
2913 1790 3076 1864 ἔχων,
3101 1791 3136 1866 ἢ
3167 1792 3258 1849 διὰ
3286 1793 3397 1848 τῶν
3429 1794 3562 1848 ἴσων
3593 1795 3796 1861 ἐλθεῖν,

2128 1857 2174 1919 Β
2201 1871 2314 1927 ἔσθ’
2344 1875 2435 1930 ὅτε
2457 1877 2545 1932 διὰ
2565 1878 2729 1934 τοῦτο
2756 1883 2854 1955 τῆς
2878 1857 3088 1939 ἄνωθεν
3113 1857 3272 1957 δίκης
3295 1884 3356 1940 τὸ
3376 1885 3610 1958 κέντρον
3644 1857 3801 1940 καλεῖ

2203 1966 2342 2040 πρὸς
2371 1971 2718 2046 ἐπικουρίαν.

2275 2173 2527 2247 Πέφυκεν
2554 2177 2787 2244 ἕκαστος
2814 2176 2926 2234 τῶν
2962 2177 3290 2255 κακουργῶν
3335 2178 3574 2254 ἀνδρῶν,
3623 2182 3692 2236 τὸ
3733 2181 3805 2235 δί-

2201 2281 2358 2321 καιον
2392 2263 2532 2322 εἶναι
2562 2269 2806 2342 νομίζειν
2840 2271 3032 2330 κακόν.

2272 2380 2536 2454 Πὼλησόν
2567 2400 2663 2441 σου
2703 2383 2775 2440 τά
2800 2387 3140 2460 ὑπάρχοντα.
3173 2388 3244 2442 Τί
3276 2388 3339 2442 οὐ
3364 2389 3691 2461 προχείρως
3721 2389 3808 2443 δέ·

2200 2475 2390 2547 χονταί
2415 2493 2563 2543 τινες
2587 2475 2690 2552 τὴν
2728 2478 3081 2553 ὑπάρχουσαν
3110 2479 3300 2535 οὐσίαν
3331 2480 3677 2553 ἀπορρίψω,
3705 2482 3807 2552 τὴν

2201 2567 2340 2640 πρὸς
2368 2569 2510 2625 αὐτὰ
2560 2569 2929 2643 συμπάθειαν,
2968 2572 3069 2646 τὴν
3121 2573 3409 2646 ὑπεράγαν
3458 2575 3806 2646 ἐπιθυμίαν,

2197 2660 2300 2734 τὴν
2319 2662 2450 2735 περὶ
2470 2661 2644 2735 αὐτὴν
2668 2664 3000 2736 ἀγρυπνίαν,
3026 2665 3128 2738 τὴν
3157 2667 3333 2732 νόσον,
3356 2665 3456 2730 τὰς
3488 2667 3808 2738 μερίμνας,

2195 2754 2299 2820 τὰς
2328 2756 2575 2822 ἀκάνθας
2599 2756 2695 2812 τοῦ
2727 2756 2872 2831 βίου,
2900 2759 2959 2813 αἳ
2984 2759 3046 2813 τδ
3072 2757 3308 2832 ,σπέρμα
3344 2759 3444 2831 τῆς
3478 2759 3640 2829 ζωῆς
3670 2777 3812 2832 συμ-

2200 2847 2487 2921 πνίγουσιν
2504 2866 2523 2919 ;

2268 3055 2430 3126 Μέγα
2472 3057 2589 3123 τοῖς
2618 3056 2758 3131 πρδς
2785 3057 2997 3131 ἀρετὴν
3041 3058 3417 3130 ἐπειγομένοις
3450 3059 3737 3131 ἐμπόδιον
3773 3062 3810 3131 ἡ

490 3135 757 3213 ἐιυόοιιι.
778 3153 1232 3227 impedimentum
1255 3148 1412 3208 affert
1434 3157 1811 3222 praeposterus
1835 3149 1930 3206 ille
1951 3162 2086 3220 erga

2215 3149 2309 3206 τῶν
2340 3150 2625 3224 κοσμικῶν
2647 3152 2994 3225 πραγμάτων
3023 3152 3362 3223 συμπάθεια,
3389 3153 3490 3208 καὶ
3513 3153 3680 3226 ψυχῇ
3709 3155 3811 3208 καὶ

507 3247 676 3318 hujus
691 3224 880 3302 mundi
906 3259 995 3301 res
1025 3241 1274 3310 aﬂ‘ectus,
1297 3256 1361 3298 ac
1385 3256 1550 3313 saepe,
1575 3249 1693 3296 tum
1709 3241 1952 3313 corpori,
1981 3248 2096 3297 tum

2215 3240 2418 3326 σώματι
2451 3224 2716 3308 πολλάκις
2760 3243 2985 3317 ὄλεθρον
3013 3243 3372 3316 προξενοῦσα.
3421 3245 3492 3298 Τί
3535 3224 3678 3318 γὰρ-
3701 3248 3813 3301 Να-

508 3339 709 3396 anima:
746 3337 1048 3410 perniciem
1078 3333 1314 3392 invehit.
1343 3333 1487 3401 Quid
1504 3332 1649 3390 enim
1679 3333 1895 3388 Naboth
1918 3330 2098 3389 istae-

507 3434 666 3491 litam
700 3432 756 3489 in
810 3430 1041 3487 exitium
1071 3428 1308 3500 coniecit
1341 3427 1460 3483 ian
1490 3441 1601 3483 non
1622 3425 1897 3483 invidiosa
1929 3425 2094 3482 vinea

505 3523 558 3580 ei
618 3529 853 3580 mortem
906 3518 1227 3586 accersivit,
1260 3525 1322 3574 ut
1356 3531 1482 3588 qua:
1513 3515 1761 3571 vicinum
1801 3513 1995 3570 Achab
2022 3513 2090 3570 ad

508 3618 691 3691 ipsius
733 3617 940 3673 eadem
991 3614 1298 3674 excitarit?
1327 3611 1470 3680 Quid
1523 3619 1707 3668 autem
1744 3609 1884 3667 duas
1913 3610 2093 3665 tribus

505 3719 561 3769 et
589 3708 871 3768 dimidiam
925 3707 1153 3764 alterius
1185 3704 1434 3776 impulit,
1472 3709 1530 3759 ut
1563 3709 1720 3759 extra
1769 3699 2094 3774 promissio-

505 3805 595 3861 nis
647 3811 853 3859 terram
889 3798 1297 3860 subsisterent?
1326 3813 1397 3853 an
1456 3811 1568 3853 non
1597 3791 1862 3868 pecorum
1895 3777 2090 3852 multi-

503 3895 675 3954 tudo?
699 3893 843 3963 Quid
879 3893 1044 3951 etiam
1071 3891 1172 3948 Lot
1201 3891 1270 3947 ab
1307 3889 1627 3947 Abrahamo
1655 3887 1935 3961 disjunxit
1961 3888 1986 3943 ?
2014 3901 2085 3942 an

504 4005 614 4047 non
666 3989 858 4060 ingens
893 3993 1275 4042 armentorum
1319 3998 1610 4048 numerus,
1635 3989 1902 4054 perpetua
1943 3981 2089 4037 inter

503 4092 755 4154 pastores
781 4072 971 4152 iurgia
989 4093 1238 4147 movens,
1277 4074 1460 4150 quoad
1487 4091 1722 4149 prorsus
1760 4090 1858 4134 eos
1889 4075 1959 4132 ab
2000 4075 2087 4133 in-

502 4176 684 4232 vicem
722 4171 965 4230 avulsit?

572 4263 790 4362 Joaeph.
816 4320 885 4330 --
925 4289 1083 4346 Nulla
1131 4297 1244 4344 tam
1291 4285 1506 4344 nefaria
1547 4285 1635 4341 via
1686 4295 1790 4353 est,
1819 4300 1941 4358 quae
1971 4300 2085 4342 non

503 4391 750 4458 quaestus
771 4396 941 4439 causa
973 4381 1211 4438 ineatur.

560 4518 875 4576 Fortassis.
897 4517 1143 4573 animum
1213 4518 1282 4574 ad
1312 4531 1433 4575 eam
1472 4517 1805 4575 sententiam
1838 4531 1947 4573 non
1981 4514 2081 4571 ad-

2199 3334 2392 3391 6ουθαὶ
2422 3335 2514 3391 τὸν
2550 3335 2895 3408 Ἰσραηλίτην
2915 3335 3233 3404 άπὼλεσενς
3261 3336 3362 3390 οὐκ
3387 3335 3654 3407 ἄμπελος
3683 3339 3811 3392 ἐπί-

2197 3429 2393 3504 φθονος
2430 3429 2607 3494 αἴτιος
2640 3427 2792 3501 αὑτῷ
2817 3428 3050 3484 θανάτου
3082 3429 3402 3499 γεγένηται,
3443 3429 3593 3500 πρὸς
3633 3429 3812 3500 φόνον

2194 3522 2363 3579 αὖτοῦ
2417 3525 2650 3596 κινήσας
2680 3523 2774 3579 τὸν
2810 3524 3030 3594 γείτονα
3067 3523 3304 3596 Ἀχαάὸς
3340 3524 3407 3577 Τί
3442 3524 3503 3576 δὲ
3540 3523 3655 3588 τὰς
3715 3525 3813 3578 δύο

2193 3615 2367 3688 ἣμισυ
2399 3614 2570 3684 φυλάς
2621 3612 2728 3679 ἔξω
2779 3614 2879 3687 τῆς
2916 3614 3404 3686 ὲπαγγελλομένης
3436 3615 3548 3685 γῆς
3609 3618 3812 3686 μεῖναι

2193 3703 2644 3778 παρεσκεύασενς
2693 3704 2756 3758 οὐ
2787 3704 2996 3776 πλῆθος
3049 3706 3303 3777 κτηνῶν;
3341 3705 3410 3758 Τί
3439 3705 3500 3760 δὲ
3560 3708 3675 3762 καὶ
3719 3710 3812 3762 the

2191 3797 2319 3855 Λὼτ
2351 3797 2460 3853 ἀπὸ
2486 3796 2582 3852 τοῦ
2615 3797 2865 3872 Ἀϐραάμ
2897 3797 3201 3871 ὲχώρισεν;
3230 3799 3331 3869 οὐχ
3367 3800 3397 3852 ὁ
3423 3799 3538 3852 τῶν
3571 3798 3812 3872 βοσκη-

2193 3891 2382 3964 μάτων
2425 3891 2593 3956 πολὺς
2626 3889 2881 3963 ἀριθμὸς,
2917 3892 3161 3963 συνεχεῖς
3199 3893 3312 3955 τοῖς
3341 3891 3581 3963 ποιμέσι
3637 3898 3807 3966 κινή-

2191 4002 2292 4050 σας
2330 3985 2429 4050 τάς
2457 3984 2663 4059 ἐριδας,
2691 3984 2798 4050 ἓως
2832 3984 3031 4049 αὐτοὺς
3087 3984 3272 4039 τέλεον
3322 3985 3660 4059 ἀπέρρηξεν
3709 3988 3809 4043 ἀπ’

2186 4079 2434 4152 ἀλλήλων
2455 4097 2470 4147 ;

2255 4280 2447 4338 Πᾶσαν
2481 4278 2741 4351 ἀθέμιτον
2763 4279 2880 4336 όδδν
2904 4280 3051 4336 ποιεῖ
3070 4279 3132 4336 τδ
3160 4281 3376 4355 κέρδος.

2257 4502 2418 4570 Ἴσως
2462 4505 2566 4558 οὐκ
2621 4505 2932 4576 ἐπέστησας
2979 4505 3060 4576 τῷ
3109 4506 3413 4576 προσφυῶς
3463 4513 3801 4582 χρησμοδο-

498 4613 706 4686 jecisti,
737 4626 903 4686 quam
939 4611 1160 4683 quidam
1203 4619 1328 4682 apte
1360 4610 1430 4666 ad
1473 4612 1620 4666 hunc
1650 4610 1876 4666 modum
1915 4615 2077 4665 extu-

2215 4597 2392 4667 οὖντι,
2427 4598 2522 4653 καὶ
2571 4598 2826 4669 λέγοντιο
2851 4599 2945 4672 Μὴ
2977 4599 3174 4654 σπεῦδε
3215 4600 3496 4669 πλουτεῖν,
3531 4603 3614 4676 μὴ
3653 4610 3799 4679 ταχὺ

503 4707 567 4762 tit
597 4722 611 4760 :
636 4704 715 4762 Ne
770 4703 1001 4761 festines
1032 4703 1224 4770 ditari,
1289 4717 1360 4759 ne
1393 4702 1580 4760 statim
1610 4703 1667 4758 in
1696 4707 2081 4778 paupertatem

504 4796 740 4853 incidas.

576 4932 908 4990 Hominibus
955 4930 1065 4989 illis
1091 4929 1186 5002 qui
1237 4931 1527 4987 avaritiam
1571 4945 1636 4987 ac
1671 4929 2079 5002 parcimoniam

510 5027 578 5083 ad
621 5034 926 5084 extremum
974 5025 1185 5090 colunt,
1237 5023 1438 5080 multas
1473 5023 1656 5079 divina
1732 5022 2083 5095 providentia

495 5097 961 5177 .detrimentorum
993 5118 1313 5174 occasiones
1340 5132 1538 5190 parare
1559 5118 1871 5173 consuevit.

573 5257 838 5314 Philonis.
866 5287 938 5298 ——
959 5253 1278 5311 Divitiarum
1307 5254 1686 5327 pulchritudo,
1720 5270 1831 5311 non
1868 5255 1923 5311 in
1953 5269 2082 5312 cru-

499 5351 701 5418 menis,
759 5351 853 5407 sed
887 5350 943 5407 in
1004 5365 1307 5426 pauperum
1360 5359 1602 5422 egestate
1639 5350 1873 5410 levanda
1905 5349 2081 5421 posita

571 5577 631 5635 S.
649 5577 701 5634 Ν
707 5577 1007 5637 ili.—Nibil
1023 5580 1243 5637 omnino
1262 5581 1362 5637 tibi
1387 5579 1566 5637 studio
1586 5585 1803 5646 est,non
1822 5578 2080 5652 praeclara

498 5670 636 5736 vita,
704 5685 813 5728 non
863 5681 1014 5729 recta
1045 5671 1320 5738 doctrina,
1353 5687 1464 5729 non
1506 5687 1899 5744 Oppressorum
1921 5686 2078 5738 cura,

501 5779 611 5818 non
643 5765 943 5838 quidquam
975 5765 1146 5831 aliud,
1172 5776 1372 5837 praeter
1388 5767 1491 5823 hoc
1513 5780 1704 5833 unum,
1729 5765 1879 5837 quod
1900 5779 2074 5834 amas,

504 5860 666 5930 atque
694 5856 750 5914 in
775 5857 918 5918 votis
950 5857 1142 5929 habes,
1165 5865 1219 5917 et
1243 5857 1456 5931 colligis
1481 5856 1896 5916 oloconitidem.

2187 4690 2358 4764 πένης
2383 4690 2538 4765 γένῃ.

2258 4923 2386 4989 Τοῖς
2410 4923 2512 4996 τὴν
2545 4923 2723 4998 ἄκραν
2759 4923 3202 4996 φιλοχρηματίαν
3233 4922 3323 4977 καὶ
3365 4923 3684 4993 φειδωλίαν
3716 4926 3796 4990 ἐξ·

2184 5016 2490 5086 ησκηκόσιν
2515 5015 2847 5090 ἀνθρώποις,
2880 5015 3086 5080 πολλάς
3113 5013 3252 5087 πρὸς
3274 5014 3480 5086 ζημίαν
3519 5018 3794 5088 ἀφορμὰς

2186 5110 2220 5180 ἡ
2253 5110 2485 5181 Πρόνοια
2510 5111 2818 5182 περιποιεῖν
2846 5107 3057 5162 εἴωθεν.

2255 5242 2500 5298 Πλούτου
2531 5241 2595 5297 τὸ
2634 5240 2831 5306 κάλλος
2861 5241 2962 5296 οὐκ
2994 5241 3052 5296 ἑν
3095 5239 3418 5313 βαλαντίοις,
3449 5240 3574 5295 ἀλλ’
3622 5243 3692 5296 ἑν
3723 5244 3788 5314 τῇ

2184 5334 2293 5391 τῶν
2316 5335 2631 5411 χρῃζόντων
2655 5336 2985 5409 ἐπικουρία..

2253 5579 2422 5636 Οὐδὲν
2479 5579 2717 5652 πάμπαν
2769 5575 3133 5642 σπουδάζεται
3175 5573 3325 5648 παρὰ
3379 5571 3611 5642 σοῦ,-οὐ
3669 5571 3790 5643 βίος

2184 5674 2459 5747 λαμπρὸς,
2492 5675 2552 5728 οὐ
2590 5673 2751 5742 λόγος
2777 5670 2959 5743 ὀρθὸς,
3000 5669 3063 5724 οὐ
3107 5666 3418 5740 προστασία
3445 5666 3562 5723 τῶν
3593 5665 3790 5720 θλιϐο-

2185 5767 2390 5839 μένων,
2419 5767 2480 5821 οὐ
2506 5767 2576 5821 τὰ
2620 5765 2768 5837 ἑξῆς,
2800 5763 2942 5835 πλὴν
2975 5761 3068 5818 τοῦ
3113 5761 3314 5833 φιλεῖν,
3360 5758 3460 5815 καὶ
3493 5758 3566 5814 δι’
3603 5757 3789 5829 εὗχῆς

2181 5856 2475 5929 ποιεῖσθαι,
2506 5856 2603 5914 καὶ
2640 5854 2915 5928 συλλέγειν
2940 5854 3011 5912 τά
3043 5852 3397 5922 όλοκωνίτιδσ
3421 5895 3436 5912 .
