4014 6302
222 322 365 411 1525

1403 332 1648 396 SACRA
1682 325 2152 391 PARALLELA.

3338 313 3493 380 1526

217 463 402 518 ἔναντι
433 459 662 531 Κυρίου.
689 456 1008 530 ’Ἄνθρωπος
1037 454 1146 526 γὰρ
1179 451 1337 525 σοφὸς
1367 453 1425 509 ὲν
1454 452 1617 510 παντὶ
1642 450 1700 505 εὑ
1712 447 1804 501 λα-

1922 457 2022 497 -am
2060 439 2368 499 mutabitur
2411 443 2629 509 tempus;
2660 453 2675 490 :
2711 444 2769 491 ct'
2799 433 2917 492 haec
2960 434 3145 492 omnia
3202 433 3366 492 citata
3395 449 3487 491 co-

217 556 546 628 ϐηθήσεται.
590 570 610 606 ι
663 577 678 596 ο

299 751 317 785 ι
366 732 457 787 Ἑν
483 731 708 802 ἀγαθοῖς
736 730 931 803 ἀνδρὸς
951 732 1001 785 οἱ
1022 730 1209 803 ἐχθροὶ
1239 728 1404 784 αὑτοῦ
1436 729 1493 784 ὲν
1517 727 1686 801 λύπῃ.
1710 724 1813 780 καὶ

218 826 285 880 ἐν
309 827 502 889 κακοῖς
536 825 699 881 αὑτοῦ
732 825 826 880 καὶ
855 827 885 880 ὁ
921 825 1074 894 φίλος
1101 824 1616 897 διαχωρισθήσεται.
1652 841 1669 874 ι

304 1029 321 1061 τ
356 1009 470 1064 Πᾶν
495 1008 637 1063 sum
672 1009 887 1081 ὲπαχθῇ
917 1026 1022 1078 σοι,
1053 1009 1225 1075 δέξαι,
1254 1009 1350 1062 καὶ
1379 1008 1438 1062 ὲν
1459 989 1805 1079 άλαλάγμάτι

219 1100 611 1167 ταπεινώσεως
639 1120 734 1156 σου
773 1101 1226 1175 μακροθὺμησον,
1255 1103 1336 1156 ὅτι
1366 1101 1722 1173 δοκιμάζεται
1750 1102 1806 1155 ὲν

221 1197 361 1268 πυρὶ
384 1196 604 1268 χρυσὸς,
631 1199 724 1252 καὶ
760 1197 1038 1269 ἄνθρωποι
1059 1196 1243 1250 δεκτοὶ
1272 1197 1330 1249 ἐν
1362 1196 1582 1267 καμίνῳ
1615 1211 1808 1249 ταπει-

220 1287 462 1356 νώσεως.
502 1308 522 1341 ι

295 1465 651 1539 κυϐερνήτου
680 1468 861 1541 χρεία,
907 1468 994 1522 ἵνα
1047 1469 1142 1524 καὶ
1184 1469 1244 1522 ὲν
1287 1467 1500 1540 γαλήνῃ
1533 1466 1630 1522 τοῦ
1691 1467 1806 1538 βίου

222 1560 446 1616 πάντων
492 1561 642 1634 αὑτῷ
672 1563 814 1618 κατά
844 1562 974 1635 ῥοῦν
1011 1545 1337 1634 προϊόντων,
1374 1562 1474 1626 τὰς
1503 1563 1807 1634 μεταϐολὰς

226 1653 535 1726 ὶκδέχηται,
571 1656 666 1710 καὶ
694 1655 770 1728 μὴ
801 1657 876 1721 ὡς
898 1656 1186 1722 ἀθανάτοις
1227 1656 1652 1729 ἐπαναπαὺηται
1695 1659 1809 1723 τοῖς

222 1747 486 1822 παροῦσι,
518 1749 613 1803 καλ⁸
659 1752 717 1804 ὲν
743 1752 864 1814 ταῖς
906 1750 1391 1823 σκυθρωποτέραις
1435 1751 1807 1807 καταστάσεσι

1905 549 2026 588 ram
2059 533 2193 590 Deo.
2238 530 2414 587 Homo
2461 528 2606 588 enim
2637 526 2863 602 "sapiens
2891 527 2949 583 in
2987 526 3250 585 omnibus
3277 541 3498 585 revere-

1907 627 2077 683 biiur.
2112 646 2131 700 ξ

1986 721 2152 776 Eccli.
2192 737 2288 789 xu,
2332 723 2387 776 9.
2413 751 2482 760 —-
2521 735 2539 770 ι
2584 713 2642 770 ln
2670 712 2834 770 bonis
2879 714 2984 770 viri
3033 713 3244 770 inimici
3273 713 3398 786 ejus
3435 709 3493 769 in

1908 831 2149 873 mmrore
2176 825 2304 873 sunt
2344 834 2361 871 :
2401 812 2540 870 etin
2583 807 2747 865 malis
2776 807 2973 880 ipsius,
3006 807 3222 866 amicus
3268 822 3491 881 quoque

1907 907 2031 978 ejus
2065 910 2133 964 ab
2162 923 2227 966 eo
2258 917 2568 979 separatur.
2609 925 2629 958 ι

1980 999 2150 1058 Eccli.
2187 1018 2243 1070 ιι,
2281 1003 2336 1069 4,
2371 1003 2423 1058 5.
2454 1034 2524 1044 ——
2566 1022 2584 1057 ι
2618 1001 2797 1064 Omne
2839 1000 2989 1074 quod
3030 998 3131 1055 tibi
3169 995 3494 1070 applicitum

1909 1097 2100 1162 fuerit,
2131 1097 2342 1168 accipe,
2361 1104 2416 1154 et
2446 1097 2499 1153 in
2522 1098 2767 1154 clamore
2802 1093 3129 1152 humilitatis
3153 1101 3261 1148 tua:
3284 1091 3496 1163 patien-

1907 1189 2046 1246 tiam
2083 1189 2267 1248 habe:
2305 1192 2570 1262 quoniam
2625 1194 2681 1247 in
2734 1192 2861 1263 igne
2903 1188 3171 1262 probatur
3218 1199 3412 1240 aurum
3441 1191 3497 1238 et

1910 1284 2243 1349 argentum;
2280 1277 2534 1337 homines
2568 1295 2701 1337 vero
2758 1278 3117 1352 receptibiles
3167 1276 3224 1332 in
3279 1273 3498 1332 camino

1911 1371 2336 1429 humiliationis.
2377 1393 2397 1428 ι
3472 1357 3474 1359 ’

1981 1461 2041 1520 S.
2081 1463 2257 1544 Basil.
2287 1465 2345 1522 in
2389 1464 2560 1536 princ.
2610 1465 2776 1525 Prov.
2809 1498 2878 1510 —
2914 1463 3296 1533 Gubernatore
3355 1476 3497 1535 opus

1909 1567 1991 1614 est
2023 1556 2262 1625 homini,
2288 1567 2348 1614 ut
2380 1561 2434 1615 in
2476 1561 2794 1632 tranquillis
2846 1558 3081 1630 hujusce
3128 1557 3254 1614 vita:
3306 1556 3498 1622 rebus,

1911 1659 2077 1725 atque
2107 1652 2177 1708 ad
2207 1650 2382 1723 ipsius
2413 1653 2762 1710 voluntatem
2804 1651 3131 1718 ﬂuentibus,
3164 1649 3499 1705 mutationes

1909 1728 2214 1817 exspectet,
2241 1759 2304 1801 ac
2329 1760 2439 1803 non
2467 1745 2856 1819 praesentibus,
2898 1751 3160 1816 tanquam
3193 1742 3238 1798 si
3269 1742 3498 1798 immor-

225 1819 322 1912 μὴ*
353 1839 629 1913 άπελπίζῃ
684 1841 898 1908 ἑαυτὸν,
936 1819 1071 1916 μηδέ
1119 1847 1184 1917 τῇ
1237 1819 1608 1917 περισσοτέρᾳ
1658 1843 1808 1916 λύπῃ

1922 1837 2052 1894 tales
2093 1847 2303 1904 essent,
2351 1839 2710 1910 acquiescat;
2743 1853 2847 1895 nec
2898 1851 3110 1894 rursus
3146 1835 3204 1890 in
3246 1834 3498 1893 adversis

218 1932 561 1998 καταποθεὶς
616 1934 953 2008 ὑποϐρύχιος
1007 1937 1267 2010 φέρηται.
1300 1936 1440 1992 Οὑτε
1489 1938 1594 2010 γάρ
1648 1937 1808 2006 ὑγεία

219 2022 504 2096 σώματος,
549 2024 673 2082 οὔτε
701 2027 952 2100 νεότητος
981 2028 1160 2096 ἄνθος,
1195 2029 1320 2084 οὔτε
1350 2031 1608 2103 εὑθήνεια
1635 2032 1807 2097 οἴκου,

218 2117 328 2188 οὑχ
368 2120 400 2189 ἡ
440 2118 600 2192 λοιπὴ
638 2118 733 2174 τοῦ
777 2121 891 2192 βίου
959 2124 1230 2195 εὑημερία
1268 2124 1499 2179 ἐπιπολὺ
1541 2125 1810 2195 διαμένει.

238 2211 383 2265 Ἀλλ’
417 2213 475 2267 ἐν
497 2215 565 2285 τῇ
589 2213 739 2287 εὑδίᾳ
769 2215 944 2288 ταύτῃ
1001 2216 1094 2271 τοὺ
1125 2217 1241 2288 βίου
1292 2217 1517 2290 ὲκδέχου
1547 2219 1677 2272 ποτε
1716 2219 1811 2272 καὶ

219 2303 476 2376 χειμῶνα
505 2300 876 2380 πραγμάτων.
898 2310 1058 2376 ’Ἥξει
1080 2311 1186 2383 γὰρ
1216 2310 1393 2380 νόσος,
1436 2313 1532 2366 καὶ
1559 2309 1678 2383 ἥξει
1709 2329 1812 2368 πε-

220 2395 339 2463 νία,
369 2397 469 2452 οὑκ
497 2398 584 2453 ἀεὶ
615 2401 758 2455 κατὰ
787 2401 1043 2474 πρύμναν
1076 2402 1370 2474 ἱσταμένου
1414 2403 1508 2458 τοῦ
1560 2403 1806 2477 πνεύμαι

219 2503 346 2556 τος,
370 2490 509 2545 ἀλλὰ
563 2492 657 2546 καὶ
701 2493 794 2548 τὸν
823 2493 1200 2567 ὑπέρϐλεπτον
1253 2497 1312 2550 ὲν
1364 2499 1519 2565 πᾶσι,
1569 2497 1810 2570 ζηλωτὸν

221 2581 485 2654 ἀδόκητοι
520 2585 784 2652 πολλάκις
812 2588 1017 2656 ἀδοξίαι
1041 2588 1543 2662 καταλαμϐάνουσι,
1575 2591 1672 2648 καὶ
1705 2594 1811 2648 πᾶ-

224 2690 334 2728 σαν
363 2675 666 2750 εὐημερίαν
703 2677 855 2750 βίου,
898 2675 1010 2735 οἷον
1060 2681 1317 2747 σπιλάδες
1359 2683 1504 2749 τινὲς
1549 2686 1812 2758 περιστά-

230 2782 386 2822 σεσιν
424 2768 746 2844 ἀϐουλήτοις
779 2774 1176 2845 συνετάραξαν.
1227 2775 1340 2829 Καὶ
1402 2775 1654 2848 συνέχεια
1702 2776 1813 2834 τῶν

224 2859 418 2916 κακῶν
438 2863 884 2940 ὥσπερκὺματά
910 2869 1080 2935 ἐστιν,
1103 2857 1247 2924 ἄλλα
1269 2869 1354 2923 ἐπ’
1381 2869 1568 2935 ἄλλοις
1595 2871 1812 2941 ἐπειγό-

228 2968 394 3023 μενα,
443 2949 786 3026 τραχύνοντά
849 2975 946 3012 σου
976 2957 1068 3012 τὸν
1125 2948 1263 3030 βίον,
1297 2959 1395 3015 καὶ
1443 2963 1806 3033 περιϊστῶντη

222 3042 464 3116 φοϐερόν
505 3061 589 3102 σοι
630 3046 734 3118 τῆς
780 3046 929 3120 ζωῆς
962 3047 1053 3104 τὸν
1079 3047 1348 3114 κλυδῶνα,
1381 3049 1497 3105 ἀλλ’
1521 3048 1642 3121 ὕψει
1679 3052 1813 3106 ποτε

227 3137 330 3241 καὶ
351 3136 540 3241 τοῦτον
566 3138 999 3212 παραδραμόντα
1039 3143 1176 3214 πρὸς
1207 3141 1521 3215 ἱλαρότητα,
1549 3144 1645 3198 καὶ
1687 3144 1810 3198 λευ-
1838 3179 1884 3241 c

230 3229 338 3301 κὴν
361 3227 533 3294 ὅντως
561 3232 643 3298 εἰς
669 3232 917 3305 γαλήνην
954 3234 1045 3289 τὸν
1084 3234 1200 3306 βίον
1240 3235 1670 3308 μεταϐληθέντα.
1707 3232 1807 3294 Οὗ-

224 3331 325 3385 ⁴τος
348 3315 442 3376 οὖν
473 3323 620 3378 ἐστιν
648 3324 676 3379 ό
705 3325 926 3396 νοήμων
947 3325 1312 3399 κυϐερνήτης,
1354 3330 1383 3383 ό
1413 3327 1812 3403 στοχαζόμενος

208 3412 335 3489 ’τῆς
363 3414 736 3489 ὑποκειμένης
756 3417 995 3487 φύσεως,
1037 3421 1555 3491 μεταχειριζόμενος
1582 3423 1649 3478 τά
1672 3441 1849 3496 συμ--ι

231 3507 526 3575 πίπτοντα,
557 3509 656 3564 καὶ
683 3509 866 3581 ὅμοιος
892 3510 1070 3582 ἑαυτῷ
1103 3511 1398 3583 διαμένων,
1425 3516 1566 3586 μήτε
1590 3517 1817 3589 ἐπαιρό-

235 3617 398 3671 μενος
428 3601 486 3656 ἐν
518 3604 640 3669 ταῖς
669 3604 981 3677 εὐθυμίαις,
1025 3607 1164 3678 μήτε
1205 3607 1568 3666 καταπίπτων
1606 3612 1664 3667 ὲν
1693 3614 1816 3677 ταῖς

233 3696 564 3766 συμφοραῖς.

304 3877 502 3944 Νόσον,
543 3882 639 3938 καὶ
666 3883 879 3951 πενίαν,
913 3886 1008 3940 καὶ
1035 3885 1272 3955 ἀδοξίαν,
1303 3890 1397 3943 καὶ
1443 3890 1693 3961 θάνατον,
1726 3897 1818 3950 καί⁹

228 3971 338 4025 ὅσα
363 3971 588 4047 λυπηρά
611 3978 724 4042 τοῖς
753 3978 1085 4051 ἀνθρώποις,
1131 3981 1286 4038 οὑπω
1317 3985 1374 4039 ὲν
1404 3989 1471 4058 τῇ
1497 3988 1664 4060 μοίρᾳ
1713 3989 1817 4046 τῶν

231 4062 428 4119 κακῶν
455 4067 911 4138 καταλογίζεσθαι
940 4072 1113 4139 ἀξιον,
1147 4074 1236 4130 διὰ
1269 4076 1331 4130 τὸ
1379 4079 1516 4148 μηδὲ
1559 4079 1626 4134 τά
1666 4082 1815 4136 ἀντι-

231 4157 469 4227 κείμενα
508 4159 722 4226 τούτοις
771 4165 829 4218 ἐν
885 4167 999 4231 τοῖς
1040 4167 1318 4238 μεγίστοις
1348 4172 1499 4241 ἡμᾶς
1528 4171 1638 4227 τῶν
1681 4173 1815 4244 άγα-

233 4249 348 4304 θῶν
373 4253 649 4325 ἀριθμεῖν,
683 4256 758 4321 ὡς
787 4257 856 4311 τά
892 4259 990 4330 μὲν
1015 4261 1080 4314 ὲκ
1111 4261 1328 4331 φύσεώς
1357 4263 1496 4331 ἐστι,
1527 4265 1596 4320 τά
1631 4265 1688 4321 δὲ
1728 4271 1821 4322 καὶ

235 4348 627 4420 συμφερόντως
653 4351 869 4416 πολλοῖς
896 4353 1288 4428 ἀπαντήσαντα
1313 4359 1583 4428 φαίνεται.

1911 1929 2251 2002 despondeat
2278 1932 2547 2000 animum,
2586 1931 2876 2006 nimiaque
2922 1930 3221 2002 absorptus
3274 1928 3495 1986 tristitia

1911 2035 2249 2096 pessumeat.
2308 2025 2419 2083 Nec
2465 2027 2613 2083 enim
2663 2025 2922 2099 corporis
2955 2024 3190 2106 sanitas,
3241 2038 3346 2081 nec
3399 2021 3500 2080 ﬂos

1906 2118 2172 2190 juvenilis
2224 2121 2442 2190 aetatis,
2473 2136 2577 2178 nec
2608 2120 2812 2177 domus
2857 2119 2994 2192 opes
3051 2127 3106 2174 et
3152 2118 3349 2188 copia,
3399 2131 3501 2175 uec

1911 2213 2152 2284 denique
2181 2215 2396 2286 reliqua
2429 2213 2555 2272 vitae
2583 2213 2821 2273 felicitas
2848 2213 3110 2276 diuturna
3145 2221 3253 2272 est.
3289 2211 3501 2269 Verum

1909 2305 1968 2360 in
2001 2304 2246 2376 hujusce.
2268 2309 2391 2362 vitae
2419 2306 2720 2364 serenitate
2764 2320 2951 2365 rerum
2996 2305 3230 2367 hiemem
3271 2313 3328 2361 et
3360 2313 3503 2369 tem-

1912 2403 2182 2468 pestatem
2234 2397 2576 2469 praestolare.
2637 2395 2836 2456 Veniet
2890 2397 3208 2470 siquidem,
3253 2399 3501 2468 morbus,

1911 2487 2095 2545 veniet
2125 2497 2180 2545 et
2213 2498 2540 2562 paupertas,
2565 2497 2730 2548 vento
2760 2490 2911 2553 haud
2937 2506 3157 2563 semper
3181 2489 3249 2548 ad
3273 2490 3501 2563 puppim

1913 2583 2182 2641 instante.
2243 2584 2389 2652 Quin
2441 2584 2713 2642 illustrem
2745 2598 2974 2657 quoque
3029 2584 3092 2640 in
3150 2583 3411 2640 omnibus
3447 2591 3506 2640 et

1914 2676 2335 2750 suspiciendum
2359 2677 2641 2735 hominem
2673 2677 2974 2750 inopinatae
2997 2691 3244 2751 persaepe
3267 2675 3504 2748 ignomi-

1914 2772 2022 2827 niae
2048 2781 2348 2843 occupant,
2386 2781 2441 2828 et
2469 2787 2692 2829 omnem
2732 2772 2858 2827 vitae
2886 2769 3209 2829 felicitatem
3243 2785 3346 2828 ceu
3377 2784 3504 2828 sco-

1915 2858 2030 2931 puli
2081 2860 2346 2932 quidam,
2397 2876 2499 2935 per
2556 2859 2871 2934 insperatos
2933 2876 3116 2918 rerum
3171 2861 3502 2920 acerbitates

1916 2951 2340 3010 conturbarunt.
2372 2953 2553 3026 Atque
2604 2954 2872 3011 continua
2908 2954 3289 3013 calamitatum
3325 2956 3510 3016 series.

1917 3045 2158 3117 speciem
2195 3045 2491 3118 quamdam
2521 3045 2792 3104 ﬂuctuum
2836 3045 3106 3116 referunt,
3134 3054 3196 3104 ut
3225 3063 3348 3122 quas
3382 3047 3504 3107 alite

1918 3152 2085 3210 super
2130 3138 2270 3196 alias
2317 3135 2592 3209 cieantur,
2624 3146 2907 3212 totamque
2934 3129 3116 3199 vitam
3143 3149 3502 3215 exasperent,

1917 3237 1973 3287 et
2009 3231 2343 3291 horrendam
2371 3235 2468 3290 tibi
2495 3235 2789 3307 procellam
2819 3237 3128 3293 accersam.
3160 3237 3306 3304 Quin
3338 3237 3511 3294 etiam

1916 3323 2135 3385 videbis
2168 3327 2504 3401 quandoque
2536 3327 2652 3386 haec
2690 3327 2745 3386 in
2779 3328 3118 3387 hilaritatem
3147 3331 3414 3400 transire,
3449 3339 3505 3389 et

1918 3417 1976 3473 in
2009 3433 2264 3476 serenam
2315 3410 2510 3480 revera
2549 3420 3009 3494 tranquillitatem
3053 3421 3222 3481 vitam
3273 3427 3499 3481 mutari.

1919 3512 2191 3582 Quocirca
2228 3515 2275 3572 is
2305 3515 2553 3587 prudens
2585 3523 2921 3586 gubernator
2954 3517 3048 3586 sit,
3070 3517 3165 3589 qui
3194 3518 3503 3590 subjectam

1920 3618 2177 3666 naturam
2228 3612 2479 3682 apprime
2523 3625 2887 3684 cognoscens,
2923 3611 3067 3668 hanc
3100 3613 3242 3669 scite
3280 3619 3500 3682 tractet,

1919 3714 1975 3762 et
1999 3708 2085 3765 sui
2118 3721 2336 3780 semper
2376 3707 2576 3766 similis
2603 3718 2886 3780 perstans,
2911 3724 3016 3765 nec
3041 3708 3305 3768 secundis
3334 3709 3503 3767 rebus

1920 3803 2222 3872 attollatur,
2259 3818 2363 3860 nec
2395 3804 2453 3860 in
2492 3802 2902 3861 calamitatibus
2937 3804 3229 3860 concidat.

1990 3895 2186 3967 Ejuad.
2219 3929 2288 3940 -—-
2317 3896 2557 3970 Equum
2616 3897 2843 3954 minime
2895 3894 3088 3964 fuerit,
3141 3896 3400 3955 morbum
3448 3906 3504 3954 et

1921 3999 2242 4065 egestatem,
2269 3993 2530 4064 probrum
2560 3999 2615 4050 et
2641 3999 2900 4057 mortem,
2933 3999 2990 4049 et
3009 4006 3354 4064 quaecunque
3381 4005 3504 4048 mo-

1922 4085 2059 4141 lesta
2103 4085 2426 4142 hominibus
2480 4086 2764 4152 accidunt,
2816 4085 2874 4141 in
2937 4078 3233 4143 malorum
3270 4100 3504 4141 numero

1922 4180 2219 4248 collocare,
2257 4180 2482 4254 quando
2514 4196 2616 4237 nec
2655 4195 2718 4238 ea
2759 4195 2881 4254 quae
2916 4195 3042 4253 cum
3093 4181 3180 4238 his
3232 4190 3501 4252 pugnant,

1924 4271 2084 4345 505
2118 4273 2261 4331 inter
2290 4288 2507 4330 summa
2539 4273 2682 4332 bona
2720 4288 3112 4332 numeramus.
3163 4272 3388 4330 Etenim
3437 4289 3502 4329 ea

1921 4367 2125 4440 partim
2160 4382 2191 4423 a
2228 4377 2424 4424 natura
2462 4375 2714 4434 manant,
2750 4367 2976 4439 partim,
3019 4374 3082 4423 ut
3128 4381 3360 4428 cernere
3391 4377 3500 4434 est,

1923 4458 1993 4516 ad
2032 4459 2326 4516 utilitatem
2358 4458 2650 4531 permultis
2685 4460 2972 4516 accidunt.

311 4545 458 4603 ’Δνω
494 4545 785 4622 νεὺωμεν,
825 4551 1088 4622 άδελφοίθ
1142 4554 1202 4610 ὲν
1257 4559 1424 4612 παντὶ
1489 4560 1671 4631 καιρῷ
1726 4563 1814 4617 καὶ

1997 4551 2056 4609 S.
2095 4551 2251 4626 Greg.
2301 4551 2444 4608 Naz.
2492 4562 2636 4610 orat.
2681 4551 2751 4607 ad
2800 4553 2934 4608 cives
2980 4549 3380 4609 Nazianzenos.
3433 4585 3504 4598 --

233 4642 558 4715 περιστάσει
589 4644 737 4718 πάσῃ
770 4645 1208 4718 προϐαλλώμεθα
1252 4650 1355 4722 τὴν
1402 4651 1572 4726 καλὴν
1601 4655 1814 4726 ἐλπίδα,

237 4737 378 4811 μήτε
429 4737 486 4794 ὲν
516 4741 638 4804 ταῖς
687 4739 1005 4811 ἐπιθυμίαις
1044 4741 1441 4814 ἀποϐάλλωμεν
1480 4746 1572 4802 τὸν
1629 4749 1815 4820 φόϐον,

230 4829 379 4900 μήτε
407 4831 464 4885 ὲν
491 4832 606 4894 τοῖς
625 4830 891 4904 λυπηροῖς
919 4831 981 4886 τὸ
1009 4830 1217 4889 εὑελπι.
1249 4836 1598 4910 Μνησθιῖῳεν
1631 4841 1726 4895 καὶ
1759 4843 1817 4897 ὲν

233 4922 389 4994 εὑδίᾳ
435 4924 536 4995 τῆς
597 4922 790 4996 ζάλης,
821 4925 914 4981 καὶ
960 4928 1020 4981 ὲν
1049 4928 1281 5001 χειμῶνι
1308 4929 1404 4984 τοῦ
1454 4933 1814 5007 κυϐερνήτου.

247 5016 412 5071 Ἀλλά
453 5020 528 5090 μὴ
556 5018 679 5082 ταῖς
721 5018 965 5090 θλίψεσιν
996 5021 1427 5096 ὲκκακήσωμεν,
1472 5027 1608 5100 μηδὲ
1643 5032 1816 5099 γενώο

235 5111 380 5184 μεθα
408 5110 584 5166 δοῦλοι
614 5112 795 5169 κακοί.
859 5115 1211 5184 Ἀγαθύνοντι
1252 5119 1352 5190 μὲν
1395 5119 1818 5198 ἐξομολογούμε-

230 5219 316 5258 νοι
349 5201 426 5276 τῷ
457 5204 726 5278 deorum,
781 5204 1090 5263 παιδεύοντι
1141 5207 1200 5262 δὲ
1245 5209 1320 5283 μὴ
1357 5215 1812 5287 προστιθέμενοι·

232 5296 415 5353 καίτοι
440 5296 573 5351 ποτὲ
617 5298 890 5370 κρείσσων
935 5300 1126 5368 ὑγείας
1158 5303 1334 5368 νόσος,
1374 5307 1470 5360 καὶ
1505 5307 1816 5384 ὑπόμνησις

231 5387 476 5456 ἀνέσεως
501 5431 515 5458 ,
554 5392 652 5447 καὶ
709 5393 1000 5465 ἐπίσκεψις
1051 5394 1336 5467 ἀμελείας,
1375 5401 1467 5454 καὶ
1493 5385 1816 5481 ’ἐπιστροφὴ

233 5487 662 5558 συγχωρήσεως.
700 5488 854 5559 Μήτε
893 5489 985 5544 διὰ
1024 5490 1124 5555 τὰς
1167 5495 1458 5566 συμφορὰς
1500 5497 1813 5572 πίπτωμεν,

237 5577 378 5654 μήτε
404 5577 494 5634 διὰ
519 5578 612 5636 τὸν
636 5579 797 5651 κόρον
828 5572 1162 5655 ὑϐρίςωμεν,

301 5845 461 5922 Mirm
487 5847 676 5920 ὑγείαν
707 5852 886 5908 πᾶσαν
910 5852 1301 5929 θαυμάζωμεν,
1336 5856 1472 5934 μήτε
1512 5834 1664 5918 νόσον
1695 5860 1812 5919 δια-

1924 4646 2160 4706 Sursum
2195 4649 2513 4707 attollamus
2549 4650 2765 4714 oculos,
2804 4646 3033 4716 fratres;
3067 4649 3122 4705 in
3168 4649 3321 4705 omni
3366 4659 3504 4705 tem-

1918 4757 2057 4814 pore
2085 4749 2140 4800 et
2170 4742 2226 4799 in
2258 4743 2408 4800 omni
2435 4759 2622 4799 rerum
2645 4751 2796 4801 statu
2825 4742 3026 4799 bonam
3058 4757 3211 4813 spem
3241 4741 3501 4814 praefera-

1919 4850 2061 4894 mus.
2099 4835 2193 4892 Sic
2247 4852 2350 4893 nos
2409 4850 2833 4907 comparemus,
2881 4842 2941 4890 ut
2975 4849 3075 4890 nec
3107 4834 3166 4890 in
3202 4835 3372 4893 rebus
3413 4851 3500 4893 se-

1919 4931 2118 4988 cundis
2149 4939 2379 4995 metum,
2413 4946 2515 4988 nec
2545 4933 2599 4988 in
2637 4931 2886 4988 adversis
2939 4947 3094 5003 spem
3147 4929 3500 5002 a-bjiciamns.

1922 5026 2196 5085 Memores
2223 5027 2421 5092 simus,
2454 5038 2569 5083 tum
2603 5025 2944 5098 tempestatis
2976 5027 3032 5082 in
3066 5026 3496 5098 tranquillitate,

1920 5131 2034 5176 tum
2064 5117 2452 5192 gubernatoris
2485 5120 2541 5175 in
2565 5128 2907 5191 tempestate.
2941 5119 3020 5176 Ac
3054 5133 3167 5176 non
3191 5118 3245 5175 in
3267 5119 3500 5175 calami-

1919 5209 2128 5265 tatibus
2163 5207 2508 5283 l‘rangamur,
2545 5224 2645 5265 nec
2678 5224 2870 5266 servos
2898 5206 3075 5266 malos
3117 5224 3222 5268 nos
3253 5209 3498 5281 praebea-

1922 5314 2079 5369 mus;
2109 5299 2248 5358 bene
2300 5301 2368 5359 de
2397 5301 2560 5358 nobis
2613 5299 2846 5358 merenti
2877 5299 3113 5359 Domino
3142 5300 3500 5369 conﬁtentes,

1917 5409 2045 5452 cum
2062 5409 2194 5452 vero
2209 5394 2278 5451 ab
2300 5395 2421 5469 ipso
2443 5395 2804 5468 castigamur,
2824 5397 3144 5454 recedentes
3172 5415 3185 5452 :
3210 5396 3338 5454 licet
3359 5383 3503 5470 prae-

1919 5488 2174 5546 stabilior
2207 5489 2510 5563 aliquando
2543 5491 2780 5546 sanitate
2806 5489 2880 5547 sit
2897 5489 3502 5557 morbus,submonitio

1917 5582 2272 5653 remissione,
2311 5583 2527 5641 incuria
2569 5583 2833 5651 visitatio,
2884 5590 2937 5640 et
2969 5583 3379 5643 animadversio
3409 5599 3498 5642 ve-

1920 5673 2178 5732 nia.Nec
2225 5683 2448 5748 propter
2491 5675 2835 5733 calamitates
2874 5674 3076 5732 animis
3114 5677 3492 5742 concidamus,

1919 5780 2019 5822 nec
2050 5775 2274 5838 praplcr
2294 5767 2638 5824 saturitatem
2670 5766 2968 5824 insolentes
2996 5781 3098 5827 nos
3135 5765 3492 5838 praebeamus.

1991 5859 2185 5933 Ejusd.
2217 5892 2285 5910 --
2321 5859 2678 5937 Nequaquam
2712 5860 3001 5937 sanitatem
3050 5876 3267 5921 onmem
3316 5864 3498 5934 suspi-
