4014 6302
308 343 446 414 1529

1503 357 1739 420 SACRA
1778 357 2246 422 PARALLELA.

3440 351 3578 418 1530

299 465 654 534 ’τιιριὶγιιασιιει
709 466 847 522 ἀλλά
885 469 1007 524 τότε
1042 471 1140 526 καὶ
1196 473 1358 528 πλέον
1406 475 1750 550 εὐχαριστεῖν
1779 478 1846 532 δεῖ

1990 478 2146 536 lestis
2179 479 2485 536 conticere.
2515 477 2631 534 lmo
2663 491 2794 536 vero
2837 485 2952 531 tum
3005 474 3302 547 ampliores
3351 461 3574 545 quoque

299 557 532 624 είδότας,
557 557 641 611 ὅτι
669 559 743 614 ὃν
767 560 974 632 ἀγαπᾷ
1001 565 1238 634 Κύριος,
1278 565 1567 638 παιδεύει,
1598 586 1846 644 μαστιγι

1989 574 2197 645 gratias
2226 588 2391 644 agere
2422 572 2712 639 debemus,
2751 571 2882 626 illud
2911 571 3257 640 exploratum
3281 568 3569 636 habentes,

298 645 370 701 es
387 645 587 703 mina
610 649 767 716 υἱόν,
799 650 873 707 ὃν
906 653 1335 726 παραδέχεται.

372 824 557 899 Τάφος
586 829 888 899 διαδέξεται
911 833 972 889 τδ
1010 835 1109 909 τῆς
1131 835 1292 909 δόξης
1320 837 1494 905 τέλος.

368 1013 580 1090 Ὥσπερ
601 1018 986 1092 ἀπειροκάλων
1010 1021 1073 1077 τδ
1101 1021 1224 1078 λίαν
1259 1024 1583 1098 ἐπαίρεσθαι
1621 1029 1744 1094 ταῖς
1779 1028 1872 1084 εὐ-

293 1109 677 1182 σπλαγχνίαις,
718 1112 895 1180 οὕτως
943 1114 1227 1188 ἀνάνδρων
1268 1118 1330 1172 τὸ
1374 1121 1786 1195 καταπτήσσειν
1814 1124 1873 1178 ὲν

291 1204 406 1267 τοῖς
438 1202 798 1277 πταίσμασιν.
845 1205 1023 1275 Ὀξεῖα
1062 1209 1173 1282 γάρ
1203 1210 1262 1266 έν
1292 1211 1631 1284 ἀμφοτέροις
1665 1214 1698 1287 ή
1731 1231 1904 1286 μετα-

293 1296 448 1368 δολή.

363 1391 632 1465 Καθάπερ
668 1393 799 1448 ἴδιόν
827 1395 941 1450 ἐστι
973 1395 1067 1451 τοῦ
1095 1397 1271 1468 φωτδς
1292 1401 1354 1454 τδ
1381 1399 1659 1471 φωτίζειν,
1693 1400 1870 1467 οὕτως

291 1484 424 1538 ῖδιον
451 1484 588 1539 Θεοῦ
626 1486 686 1540 τὸ
739 1487 911 1542 ἐλεεῖν
963 1491 1059 1543 καὶ
1081 1491 1378 1563 οἰκτείρειν
1407 1494 1476 1548 τά
1511 1495 1688 1550 οίκεῖα.
1714 1497 1870 1569 ποιή-

292 1594 459 1646 ματα.
531 1579 836 1653 Ἔλεήμων
886 1582 997 1652 γὰρ
1044 1584 1144 1638 καί
1189 1586 1506 1656 οἰκτίρμων
1547 1589 1582 1640 ὁ
1629 1587 1863 1656 Κύριος,

287 1670 432 1724 κατά
483 1671 584 1742 τὴν
633 1674 819 1745 φωνὴν
865 1674 1052 1730 Δαϐίδ.
1108 1677 1263 1748 Μήτε
1295 1673 1389 1734 οὖν
1415 1678 1690 1752 ἀπογνῷς,
1728 1682 1867 1754 μήτε

287 1769 737 1841 καταφρονήσῃς.

359 1945 584 2003 Πάντων
617 1967 713 2005 σου
737 1951 846 2006 τῶν
875 1955 1224 2028 πραγμάτων
1249 1958 1749 2032 κατευοδουμένων,
1777 1966 1866 2021 ὲκ-

282 2037 442 2109 δὲχου
471 2041 800 2116 μεταϐολήν.
823 2047 936 2101 Καὶ
965 2047 1127 2103 πάλιν
1147 2050 1252 2105 ὑπὸ
1272 2051 1696 2127 ἀπροσδοκήτων
1727 2075 1864 2128 συμ-

281 2131 468 2275 φορῗὸν
505 2135 895 2208 κυκλούμενος,
945 2139 1219 2211 φαντάζου
1274 2144 1344 2200 τὰ
1377 2147 1622 2216 χρηστὰ,
1663 2148 1758 2202 καὶ
1794 2147 1863 2203 τὰ

281 2237 381 2275 κοε
407 2240 590 2275 ττονα.

280 2237 590 2292 κρείττονα.

350 2315 426 2370 Οὐ
460 2315 569 2389 χρὴ
624 2318 916 2392 δυσφορεῖν
957 2321 1051 2376 ἐπὶ
1096 2326 1212 2388 τοῖς
1255 2323 1668 2395 συμϐαίνουσιν,
1723 2328 1859 2385 ἀλλά

277 2407 482 2478 μᾶλλον
495 2410 786 2483 ἐπιθυμεῖν
811 2414 907 2468 ἐπὶ
923 2417 1046 2480 ταῖς
1070 2415 1294 2483 πολλαῖς
1315 2418 1550 2490 θλίψεσι.
1572 2421 1672 2476 Διά
1697 2421 1858 2477 τοῦτο

271 2502 408 2571 γὰρ,
444 2503 630 2575 φησὶν,
667 2504 868 2578 ἕθλιψά
915 2524 977 2562 σε
1023 2507 1122 2563 καὶ
1170 2510 1585 2584 ὲλιμαγχόνησά
1635 2530 1720 2579 σε,
1768 2513 1856 2570 ἴνα

269 2592 564 2666 ψωμισθῇς
593 2595 655 2650 τὸ
683 2595 863 2669 μάννα
905 2599 1009 2674 τῆς
1032 2601 1310 2674 γνώσεως,
1350 2604 1447 2660 καὶ
1491 2605 1580 2661 ἐπ’
1609 2605 1855 2680 ἐσχάτων

269 2680 332 2739 εὖ
368 2703 427 2738 σε
465 2688 700 2760 ποιήσω.

351 2777 411 2832 Ὀ
433 2779 540 2834 τῶν
558 2782 866 2856 ἀνθρώπων
891 2784 1008 2859 βίος
1026 2789 1383 2861 ὁμοιούμενος
1405 2790 1652 2863 πελάγει,
1680 2811 1852 2868 κυμα-

265 2870 462 2939 τὼσεις
492 2875 588 2928 καὶ
625 2876 867 2949 στροφάς
917 2881 1181 2946 παντοίας
1213 2884 1589 2958 προσδέχεται,
1618 2889 1763 2944 κατά
1787 2906 1848 2945 τε

264 2965 574 3041 εὐπραγίας
607 2970 701 3023 καὶ
730 2972 1136 3044 κακοπραγίας.
1159 2975 1401 3049 Ἶδρυται
1425 2982 1535 3050 γὰρ
1562 2980 1717 3036 οὐδὲν
1738 2983 1848 3040 τῶν

273 3059 538 3130 γηγενῶν,
570 3061 713 3117 ἀλλὰ
735 3061 840 3119 ὦδε
871 3065 1098 3122 κάκεῖσε
1125 3068 1445 3142 διαφέρεται
1466 3115 1480 3139 ,
1513 3071 1604 3130 οῖα
1633 3077 1846 3148 σκάφος

263 3149 594 3211 θὼττεῦον
623 3156 718 3212 ὑπ’
752 3159 1012 3216 ἐναντίων
1035 3162 1402 3234 πραγμάτων.

261 3337 306 3392 Τ
311 3338 446 3424 ΙΤΛ.
479 3339 826 3424 ιβ’.-τηερί
853 3347 1144 3424 trutina-lac
1163 3349 1264 3424 καὶ
1289 3351 1606 3424 εὐπορίας-ο
1637 3355 1736 3410 καί
1760 3354 1850 3410 ὅτι

330 3410 559 3538 ἓῖἔέῖς
589 3410 900 3486 εὐπορίαις
936 3410 1133 3489 φιλεῖ
1152 3419 1228 3475 τὰ
1269 3410 1662 3493 ἀμαρῦήμὶιτα
1685 3425 1850 3496 τίνε-

337 3615 358 3648 ι
394 3595 644 3667 Ἔφαγεν
694 3597 912 3668 Ἰακὼϐ,
945 3602 1044 3657 καὶ
1072 3602 1405 3681 ἐνεπλήσθη,
1430 3608 1525 3666 καὶ
1548 3609 1846 3670 ἀπελάκτι-

258 3707 353 3745 σεν
377 3691 406 3746 ό
432 3691 818 3765 ὴγαπημένος.
860 3713 880 3748 ι

337 3801 358 3836 ι
395 3783 594 3853 Φαγὼν
627 3784 724 3840 καὶ
778 3788 1140 3862 ἐμπλησθεὶς,
1200 3792 1436 3870 πρόσεχε
1472 3799 1714 3874 σεαυτῷ,
1767 3801 1843 3875 μὴ

254 3875 492 3951 έπιλάθῃ
519 3877 729 3951 Κυρίου
757 3879 852 3936 τοῦ
877 3883 1014 3939 Θεοῦ
1043 3903 1160 3942 σου.
1197 3906 1217 3941 ι

329 4081 349 4114 ι
379 4062 472 4136 Μὴ
524 4063 738 4134 φαγὼν,
780 4068 873 4122 καὶ
925 4069 1286 4143 ἐμπλησθεὶς,
1338 4076 1431 4130 καὶ
1456 4077 1634 4144 οἰκίας
1668 4083 1842 4151 καλάς

249 4155 641 4229 οἰκοδομήσας,
692 4161 788 4214 καὶ
838 4165 1177 4238 κατοικήσας
1228 4167 1290 4222 ἰν
1328 4169 1543 4239 αὐταῖς,
1597 4176 1697 4230 καὶ
1729 4177 1842 4234 τῶν

249 4245 566 4344 σιιιροδάτων⁸
581 4268 700 4316 σου,
737 4253 834 4308 καὶ
860 4255 972 4311 τῶν
991 4257 1131 4329 βοῶν
1155 4278 1253 4317 σου
1277 4263 1716 4338 πληθυνθέντων,
1739 4273 1839 4344 ἀρ⁴

250 4339 444 4436 γυρίρυ
476 4342 843 4436 καίᾍχρυσίου
883 4347 1306 4421 πληθυνθὲντων
1346 4373 1450 4425 σοι,
1496 4358 1573 4431 μὴ
1613 4339 1839 4436 ύψωθῂς

245 4429 310 4484 ιν
343 4431 410 4503 τῇ
442 4432 642 4506 καρδίᾳ
676 4450 792 4491 σου.
825 4454 847 4490 ι

1985 663 2132 735 quod
2169 673 2324 735 quem
2360 663 2503 719 Deus
2539 672 2711 727 amat,
2751 663 2891 717 hunc
2939 663 3186 733 castigat,
3234 670 3286 716 et
3334 659 3569 730 ﬂagellat

1982 773 2188 814 omnem
2209 757 2382 825 ﬁlium
2419 772 2570 830 quem
2597 757 2782 824 recipit
2821 754 3012 828 (Hebr.
3046 771 3145 819 xu,
3179 753 3257 825 6).

2048 846 2107 904 S.
2132 846 2712 920 Gargana—Gloria:
2753 844 2916 901 ﬁnem
2948 843 3197 899 tumulus
3230 851 3566 914 excepturus

1975 947 2282 1099 estiosephi.
2318 1061 2385 1071 -—
2413 1027 2891 1097 Quemadmodum
2933 1026 3243 1097 ineptorum
3273 1023 3558 1080 hominum

1972 1123 2242 1180 estrebus
2275 1123 2538 1194 praeclare
2564 1121 2738 1194 gestis
2766 1118 3117 1193 gloriari,sic
3149 1127 3204 1175 et
3237 1118 3557 1191 ignavorum

1972 1221 2057 1270 est
2086 1215 2286 1269 erratis
2319 1211 2698 1272 consternari.
2760 1210 2932 1269 Velox
2986 1210 3135 1268 enim
3185 1210 3243 1267 in
3307 1211 3558 1281 utrisque

1971 1307 2205 1362 mutatio
2234 1315 2344 1365 est.

2041 1399 2101 1456 S.
2129 1398 2270 1457 Nili.
2301 1432 2374 1443 —
2402 1397 2878 1468 Quemadmodum
2936 1396 3079 1452 lucis
3127 1395 3413 1468 proprium
3471 1403 3557 1451 est

1968 1492 2316 1564 splendorem
2370 1492 2568 1550 aﬂ‘erre
2610 1512 2624 1550 :
2667 1492 2749 1550 sic
2797 1492 2961 1548 etiam
3014 1491 3135 1557 vei,
3193 1490 3359 1546 rebus
3408 1503 3439 1544 a
3495 1504 3556 1544 se

1965 1587 2207 1642 conditis
2245 1587 2682 1642 misericordiam
2741 1585 3042 1655 impertire.
3088 1582 3224 1637 Nam
3254 1584 3552 1638 misericors

1963 1690 2013 1734 et
2043 1682 2321 1734 miseratur
2347 1690 2424 1735 est
2450 1679 2726 1744 Dominus,
2764 1688 2823 1733 ut
2855 1677 3023 1732 David
3058 1677 3238 1748 inquit
3265 1674 3438 1748 (Psal.
3460 1691 3550 1740 cx,

1967 1775 2001 1829 4
2019 1777 2058 1846 ).
2087 1774 2458 1842 Quamobrem
2487 1775 2561 1828 ita
2587 1781 2640 1828 te.
2666 1787 2946 1842 compara,
2967 1778 3024 1826 ut
3051 1785 3151 1826 nec
3168 1769 3553 1840 desperatione

1897 1846 1942 1903 Β
1971 1867 2262 1940 frangaris,
2302 1883 2405 1924 nec
2433 1867 2614 1940 ipsum
2640 1873 2986 1922 contemnas.

2038 1960 2176 2019 Cum
2211 1975 2304 2017 res
2332 1974 2523 2017 omnes
2551 1969 2658 2015 tuae
2681 1974 2748 2015 ex
2777 1955 3051 2015 sententia
3072 1957 3398 2020 succedunt,
3429 1968 3550 2009 mu-

1965 2057 2233 2112 tationem
2255 2054 2651 2126 exspecta.‘Ac
2680 2067 2876 2108 rursus
2904 2066 3031 2107 cum
3066 2048 3371 2120 inopinatis
3402 2047 3547 2103 cala-

1963 2146 2250 2204 mitatibus
2302 2145 2549 2217 undique
2597 2143 2897 2211 obsideris,
2945 2139 3177 2202 meliora
3228 2146 3284 2197 et
3336 2137 3546 2196 leniora

1960 2242 2168 2297 conita.

2029 2257 2168 2311 igua.

2029 2331 2110 2388 Ob
2139 2332 2403 2388 adversos
2434 2344 2620 2387 rerum
2657 2333 2888 2385 eventus
2923 2321 3258 2381 discruciari
3318 2320 3560 2377 minime-

1957 2424 2239 2490 convenit,
2263 2437 2454 2480 verum
2484 2423 2540 2478 in
2569 2420 2757 2478 multis
2781 2417 3168 2476 stilictionibus
3194 2416 3338 2472 bono
3359 2415 3544 2470 animo

1954 2531 2101 2576 esse.
2138 2516 2222 2573 Ob
2279 2531 2404 2572 eam
2436 2515 2584 2572 enim
2620 2529 2848 2571 causam
2889 2511 3060 2567 amisi
3110 2521 3183 2580 te,
3228 2508 3429 2582 inquit,
3485 2514 3545 2564 et

1953 2611 2100 2669 fama
2123 2611 2395 2684 oppressi,
2416 2619 2478 2667 nt
2496 2610 2745 2668 scientiae
2761 2623 2964 2665 manna
2986 2607 3202 2676 ederes,
3222 2621 3288 2663 ac
3303 2606 3542 2677 benigne

1952 2708 2175 2764 tandem
2207 2704 2308 2763 tibi
2338 2703 2603 2762 facerem.

2022 2797 2163 2858 Vita:
2187 2798 2476 2856 hominum
2523 2797 2700 2855 maris
2728 2795 2907 2853 instar
2934 2793 3135 2851 ﬂuctus
3186 2792 3534 2858 innumeros,

1950 2887 2269 2966 variasque,
2311 2901 2427 2948 tum
2458 2893 2513 2948 in
2552 2891 2856 2964 prosperis,
2897 2897 3011 2944 tum
3047 2888 3102 2943 in
3148 2885 3403 2943 adversis
3451 2900 3538 2941 re-

1945 2987 2052 3045 bus
2086 2988 2424 3044 mutationes
2465 2984 2732 3041 admittit.
2775 2983 2965 3055 Neque
2992 2981 3138 3039 enim
3186 2989 3534 3037 terrenarum

1946 3097 2130 3138 rerum
2162 3078 2468 3154 quidquam
2514 3078 2731 3134 ﬁrmum
2784 3084 2840 3134 et
2893 3073 3092 3133 stabile
3140 3081 3228 3130 est
3281 3090 3297 3130 :
3343 3085 3533 3127 verum

1873 3194 1916 3255 ο
1949 3177 2061 3234 huc
2091 3183 2261 3248 atque
2311 3173 2444 3232 illuc
2489 3188 2594 3231 ceu
2633 3172 2794 3230 navis
2836 3169 3018 3229 ventis
3057 3167 3260 3225 validis
3305 3168 3532 3241 agitata,

1953 3271 2152 3327 fertur.

1950 3365 2087 3423 TIT.
2125 3363 2240 3420 Xll.
2272 3396 2340 3406 —
2367 3363 2443 3418 De
2483 3360 2816 3418 abundantia
2852 3371 2900 3416 et
2940 3361 3222 3429 fertilitate
3256 3375 3276 3415 :
3314 3369 3365 3415 et
3389 3362 3535 3432 quod

2201 3451 2262 3492 eo
2290 3444 2530 3507 tempore.
2547 3443 2765 3506 peccata
2795 3433 3007 3505 patrari
3034 3432 3258 3489 soleant.

2017 3619 2176 3694 Deut.
2210 3634 2385 3684 xxxii,
2415 3619 2502 3676 15.
2536 3649 2602 3661 -
2633 3636 2652 3672 ι
2685 3615 2938 3674 Comedit
2960 3613 3154 3685 Iacob,
3179 3614 3531 3687 repletusque

1943 3721 2053 3782 est,
2091 3719 2148 3768 et
2180 3711 2554 3768 recalcitravit
2590 3710 2851 3766 dilectus.
2892 3728 2911 3763 ι

2020 3806 2175 3862 Deut.
2203 3821 2279 3872 vi,
2322 3806 2414 3862 12.
2438 3833 2511 3848 --
2544 3823 2566 3859 ι
2601 3804 2739 3862 Cum
2778 3802 3091 3860 comederis
3130 3811 3186 3859 et
3239 3809 3526 3860 saturatus

1943 3899 2156 3969 fueris,
2190 3898 2412 3958 attende
2461 3897 2588 3966 tibi,
2641 3914 2711 3956 ne
2759 3897 3111 3956 obliviscaris
3163 3895 3383 3954 Domini
3430 3895 3526 3952 Dei

1943 4001 2169 4141 w'be’ut.
2200 4099 2324 4152 vm,
2356 4083 2552 4140 ιαοιι.
2583 4113 2653 4126 ε-
2694 4101 2715 4136 ε
2754 4081 2835 4140 Ne
2887 4097 3012 4140 eum
3069 4079 3422 4144 comederis,
3470 4085 3526 4133 et

1939 4180 2225 4232 saturatus
2255 4171 2448 4240 fueris,
2473 4182 2531 4231 et
2555 4173 2754 4230 domos
2793 4169 3174 4239 mdiiicaveris,
3222 4178 3279 4224 et
3309 4167 3523 4224 habita-

1939 4268 2088 4325 veris
2111 4269 2170 4325 in
2202 4267 2306 4334 eis,
2338 4260 2576 4339 cumque
2614 4282 2746 4324 oves
2777 4275 2885 4324 tua:
2923 4273 2980 4323 et
3012 4265 3180 4320 boves
3212 4263 3292 4318 tui
3336 4261 3524 4317 multi-

1937 4358 2127 4431 plicati
2167 4358 2389 4428 fuerint,
2413 4365 2468 4415 et
2502 4357 2930 4430 multiplicatum
2973 4355 3142 4433 fuerit
3182 4353 3284 4410 tibi
3323 4368 3520 4408 aurum

1935 4460 1994 4508 et
2018 4456 2333 4523 argentum,
2363 4449 2647 4507 extollaris
2668 4449 2725 4504 in
2759 4448 2930 4521 corde
2959 4454 3076 4503 tuo.
3106 4464 3125 4499 ι

323 4542 346 4576 ε
385 4525 585 4624 1ῐιὲαγὼν
608 4526 706 4583 καὶ
720 4528 877 4624 ’παὶιν
903 4531 1140 4606 πρόσεχε
1176 4539 1426 4612 σεαυτῷ,
1473 4541 1549 4615 μὴ
1585 4542 1834 4620 πλανηθῇ

2009 4543 2169 4600 Prov.
2208 4561 2367 4610 mn,
2405 4545 2456 4600 l.
2498 4567 2569 4584 ε-ο
2603 4563 2624 4597 ι
2655 4523 2793 4599 cum
2841 4541 3152 4598 comederis
3200 4548 3256 4597 et
3283 4539 3515 4615 biberis,

243 4614 280 4687 ἠ
303 4615 504 4688 καρδία
526 4635 643 4688 σου,
671 4619 750 4694 μὴ
781 4621 1073 4698 ἀωτηθῇς
1106 4628 1168 4682 ἐν
1187 4632 1456 4707 χορτασίᾳ
1489 4614 1720 4705 κοιλίας.

322 4814 343 4849 ι
391 4797 870 4893 Ἐμεγαλύνθησαν
919 4807 1014 4862 καὶ
1044 4809 1406 4884 ἐπλούτησανο
1438 4815 1830 4893 ἐλιπάνθησαν,

242 4889 682 5053 ῗεατὼθησαν,
716 4894 811 4950 καὶ
840 4898 1161 4970 παρέϐησαν
1190 4900 1388 4972 λόγους
1417 4923 1522 4978 μου
1555 4910 1636 4975 εἰς
1663 4889 1829 4986 πονηξ

312 4997 360 5035 ν.
401 4999 424 5034 ι

317 5093 340 5126 ι
371 5073 542 5132 Τοῦτο
565 5078 827 5172 ἀνόμημα
851 5082 1129 5156 Σοδόμων,
1163 5088 1248 5144 ὄτι
1276 5089 1335 5146 ἐν
1363 5091 1714 5172 ὑπερηφανίᾳ
1734 5099 1829 5154 καὶ

239 5166 529 5243 πλησμονῇ
561 5171 767 5243 ἄρτων,
814 5176 909 5230 καὶ
965 5178 1026 5234 έν
1053 5181 1280 5256 εὐθηνίᾳ
1331 5166 1484 5241 οἴνου
1505 5166 1828 5247 ὲῗσπατάλων

235 5258 380 5355 αύτη
406 5262 502 5317 καὶ
521 5265 579 5319 αἱ
609 5264 908 5341 θυγατέρες
932 5270 1124 5344 αὐτῆς,
1143 5276 1237 5330 καὶ
1261 5280 1442 5352 χειρὸς
1471 5284 1714 5355 πτωχοῦ,
1731 5287 1826 5341 καὶ

238 5353 472 5452 πένητος
499 5356 600 5413 οὐκ
625 5359 1114 5435 ἀντελαμϐάνοντο,
1149 5370 1246 5423 καὶ
1273 5371 1536 5445 ἐποίησαν
1564 5353 1824 5452 ἀνόμημα

236 5443 472 5503 ἐνώπιόν
504 5467 631 5522 μου.
671 5472 690 5507 ι

365 5538 608 5647 Πρόσεχε
666 5543 744 5618 μὴ
792 5545 1206 5627 ἀποπλανηθῇ,
1264 5556 1356 5611 καὶ
1392 5560 1737 5636 ταπεινωθῇς
1763 5563 1824 5620 ὲν

235 5645 548 5707 ευφροσυνῃ
595 5653 712 5693 σου.
751 5657 771 5692 ι

308 5721 374 5820 _Ai
402 5721 645 5820 εύθηνίαι
703 5729 796 5785 τοῦ
851 5731 966 5805 βίου
1011 5737 1132 5796 ἀντὶ
1178 5745 1546 5819 πειρατηρίων
1579 5748 1819 5820 γίνονται

232 5815 350 5879 τοῖς
377 5816 609 5892 πολλοῖς,

1933 4639 2154 4697 attende
2181 4639 2277 4696 tibi
2309 4640 2517 4711 ipsi,ne
2545 4639 2806 4695 dilatetur
2843 4651 2944 4693 cor
2975 4645 3151 4693 tuum.
3179 4633 3256 4690 Ne
3283 4635 3519 4690 scduca-

1930 4734 2012 4791 ris
2038 4735 2092 4790 in
2123 4733 2383 4790 alimonia
2419 4733 2648 4791 ventris.
2690 4753 2710 4787 ι

2003 4823 2164 4895 507
2197 4823 2397 4880 Jerem.
2428 4841 2482 4890 v,
2513 4824 2606 4879 28.
2630 4853 2703 4866 --
2740 4841 2760 4875 ι
2801 4820 3130 4894 Magniﬁcati
3170 4830 3321 4885 sunt,
3349 4827 3400 4875 et
3425 4817 3512 4895 ιΙὶέ

1930 4916 2074 4973 vites
2102 4915 2232 4974 facti
2265 4925 2394 4972 sunt
2419 4917 2767 4990 impinguati,
2795 4925 2850 4972 et
2881 4914 3038 4986 adipe
3062 4914 3254 4982 obesi;
3289 4923 3345 4969 et
3372 4927 3512 4986 pra:-

1930 5008 2161 5065 varicati
2187 5018 2318 5066 sunt
2348 5025 2633 5067 sermones
2665 5025 2817 5066 meos
2848 5010 2904 5064 in
2937 5008 3167 5064 malum.
3209 5026 3230 5060 ο

1999 5100 2196 5157 Ezech.
2228 5118 2339 5169 xvi,
2363 5103 2455 5168 49,
2482 5102 2568 5159 50.
2597 5132 2666 5144 -
2713 5122 2732 5156 ι
2769 5101 2898 5159 ﬂrec
2934 5110 3019 5160 est
3040 5100 3304 5172 iniquitas
3337 5101 3512 5157 Sodo-

1929 5209 2051 5262 mae,
2077 5195 2209 5268 quia
2239 5196 2293 5251 in
2326 5197 2609 5268 superbia,
2637 5203 2693 5252 et
2744 5197 3039 5253 saturitate
3091 5210 3316 5267 panum,
3360 5203 3414 5249 et
3457 5194 3512 5248 in

1926 5290 2266 5346 abundantia
2291 5289 2403 5347 vini
2448 5291 2743 5347 luxuriata:
2783 5298 2936 5357 sunt,
2980 5290 3096 5345 haec
3135 5288 3341 5343 ct'ﬁlia:
3366 5287 3510 5358 ejus,

1924 5389 1978 5438 et
1997 5397 2196 5439 manus
2226 5382 2488 5455 pauperis
2507 5391 2561 5440 et
2591 5383 2747 5457 egeni
2785 5399 2896 5440 non
2925 5383 3430 5454 apprelienderunt,
3457 5393 3512 5439 et

1925 5475 2114 5547 inique
2143 5488 2372 5548 egerunt
2392 5493 2581 5533 coram
2611 5494 2718 5536 me.
2747 5497 2767 5531 ι

1996 5567 2164 5627 Eccli.
2201 5585 2322 5636 xm,
2364 5570 2419 5627 8.
2445 5602 2514 5613 —
2540 5590 2559 5625 ι
2597 5571 2743 5630 Cave
2766 5588 2838 5630 ne
2869 5573 3181 5640 seducaris,
3209 5579 3378 5645 atque
3405 5573 3504 5629 hu-

1923 5660 2156 5719 milieris
2194 5663 2247 5718 in
2286 5663 2478 5719 laetitia
2507 5671 2621 5720 tua.
2657 5685 2679 5718 ι

1993 5753 2049 5809 S.
2081 5753 2253 5811 Basit.
2292 5786 2363 5798 -—
2394 5757 2530 5814 Viue
2564 5761 2959 5833 prosperitates
2985 5759 3356 5820 tentationum
3386 5760 3510 5818 loco

1925 5845 2202 5922 plerisque
2233 5850 2580 5924 contingunt.
