4014 6302
456 338 596 408 I531

1662 349 1723 410 s.
1762 336 2082 412 JOANNIS
2114 346 2550 424 DAMASCENI

3617 349 3756 417 1532

517 455 747 528 Didymi
777 465 964 514 contra
1009 458 1358 517 Mauichaos.
1393 493 1463 503 --
1493 460 1682 519 Solent
1723 470 1949 534 peccata
1979 478 2045 519 ex

2223 463 2442 519 Φιλοῦσι
2490 465 2559 521 τὰ
2592 465 2967 539 ἁμαρτήματα
3025 465 3088 521 ἑκ
3142 467 3386 540 πλήθους
3425 465 3629 540 ὄχλων,
3663 459 3755 523 καὶ

457 546 868 607 inconditarum
894 553 1183 609 turbarum
1221 553 1601 624 multitudine,
1649 565 1704 613 et
1725 571 1920 614 rerum
1955 571 2055 613 ne-

2192 557 2414 639 ὐθηνίας
2439 559 2549 616 τῶν
2584 560 2898 631 ἀναγκαίων
2929 559 3235 620 τίκτεσθαι.

404 683 408 686 -
456 645 824 702 cessariarum
859 646 1197 705 abundantia
1231 648 1412 706 nasci.

459 773 596 834 TIT.
664 775 804 833 XIII.
860 809 930 821 -ι-
987 780 1064 836 De
1112 782 1364 847 insidiis,
1424 791 1474 838 et
1531 784 1599 840 iis

1652 785 1743 856 qui
1793 785 2052 855 proximis

1076 852 1427 911 insidiantur.

526 967 682 1024 Psal.
730 985 829 1036 vlt.
885 973 975 1027 15.
1009 1002 1084 1013 —-
1140 991 1161 1026 ι
1214 973 1420 1031 Lacum
1461 976 1700 1047 aperuit,
1742 985 1804 1036 et
1863 978 2057 1038 eﬂ‘odit

458 1073 606 1124 eum,
636 1069 691 1116 et
715 1060 922 1118 incidet
949 1062 1004 1118 in
1043 1062 1256 1120 foveam
1290 1081 1455 1137 quam
1483 1068 1635 1124 fecit.
1676 1086 1696 1122 ι

423 1218 434 1226 ,
533 1153 688 1209 Ρεαι.
719 1170 797 1221 1x,
832 1155 919 1211 16.
952 1189 1023 1198 -—-
1052 1175 1071 1210 ι
1104 1157 1163 1213 in
1189 1157 1389 1231 laqueo
1416 1175 1582 1232 quem
1617 1161 2054 1233 absconderunt,

460 1246 902 1316 Comprehensos
929 1259 1014 1306 est
1041 1264 1138 1321 pes
1163 1266 1380 1310 eorum.
1415 1272 1434 1307 ι

535 1338 685 1395 Psal.
721 1357 833 1408 LVI,
866 1339 919 1398 7.
945 1374 1015 1385 —-
1056 1362 1079 1396 ι
1118 1343 1401 1402 Foderunt
1458 1357 1591 1404 ante
1643 1347 1843 1406 faciem
1879 1366 2055 1407 meam

463 1427 700 1498 foveam,
735 1441 789 1488 et
822 1431 1136 1490 inciderunt
1176 1435 1230 1490 in
1268 1451 1408 1493 eam.
1450 1458 1471 1491 ι

535 1522 687 1578 Psal.
727 1541 851 1596 οη,
881 1525 966 1584 10.
996 1559 1069 1570 --
1100 1545 1122 1582 ι
1155 1527 1370 1586 Cadent
1400 1529 1459 1587 in
1485 1531 1758 1592 retiaculo
1795 1549 1899 1592 suo
1923 1550 2056 1608 pec-

461 1623 706 1673 calores.
742 1637 763 1672 ι

532 1710 694 1768 Prov.
719 1730 870 1782 xxvr,
902 1715 994 1771 27.
1026 1746 1099 1758 --
1137 1737 1158 1770 ι
1198 1717 1302 1786 Qui
1329 1719 1469 1775 l'cdit
1497 1720 1736 1792 foveam,
1759 1724 1972 1784 incidet
2001 1726 2056 1785 in

2157 785 2336 841 TITA.
2369 788 2540 843 II".--
2555 789 2695 860 Περὶ
2711 790 3174 861 ἐπιϐουλῆς,καῑ
3201 790 3760 850 τῶν-ἐπιϐουλευόν-

2315 903 2317 906 ‹
2654 879 2774 916 των
2810 862 2936 929 τοῖς
2961 864 3250 932 πλησίον.

2233 991 2251 1024 ι
2293 972 2512 1028 Λάκκον
2545 973 2776 1046 ὤρυξεν,
2796 977 2889 1030 καὶ
2919 975 3227 1049 ἀνέσκαψεν
3255 976 3444 1050 αὐτὸν,
3470 978 3565 1033 καὶ
3582 978 3759 1050 ἐμπε-

2159 1067 2333 1120 σεῖται
2366 1066 2446 1132 είς
2482 1066 2695 1138 βόθρον.
2735 1086 2752 1120 ι

2233 1176 2254 1210 ι
2308 1158 2397 1212 Ἐν
2419 1159 2609 1229 παγίδι
2639 1159 2808 1234 ταύτῃ
2902 1160 3172 1235 ἔκρυψαν,
3223 1162 3536 1236 συνελήφθη
3563 1164 3592 1218 δ
3620 1162 3758 1229 ποῦς

2158 1249 2358 1305 αὐτῶν.
2388 1267 2410 1304 ι
2987 1330 2989 1332 η

2236 1363 2254 1397 ι
2296 1334 2536 1418 Ὠρυξαν
2567 1345 2672 1420 πρδ
2705 1346 3000 1419 προσώπου
3032 1366 3137 1422 μου
3165 1348 3381 1422 βόθρον,
3436 1351 3537 1407 καὶ
3562 1350 3760 1406 ἐνέπ-

2162 1456 2260 1494 σαν
2286 1439 2367 1504 είς
2391 1439 2578 1495 αὐτὸν.
2613 1459 2634 1494 ι

2235 1551 2255 1586 ι
2284 1531 2587 1588 Πεσοῦνται
2620 1535 2678 1591 ὲν
2709 1534 3114 1610 ἀμφιϐλήστρῳ
3171 1537 3350 1593 αὐτῶν
3391 1537 3442 1592 oi
3477 1537 3764 1614 ἀμαρτω-

2159 1624 2261 1682 λοί.
2301 1644 2320 1678 ι

2238 1738 2258 1773 ι
2303 1718 2363 1773 ’0
2391 1717 2639 1792 ὀρύσσων
2672 1719 2866 1794 βόθρον
2907 1721 2986 1794 τῷ
3037 1721 3278 1795 πλησίω,
3312 1723 3642 1797 ἐμπεσεῖται
3681 1727 3763 1791 είς

458 1819 625 1873 eam;
663 1813 719 1862 et
750 1809 843 1878 qui
887 1808 1056 1865 volvit
1099 1809 1360 1882 lapidem,
1389 1823 1698 1872 revertetur
1737 1818 1803 1872 ad
1840 1835 1987 1876 eum.
2027 1841 2046 1876 ι

2192 1813 2338 1868 νύτόν.
2390 1813 2448 1868 '0
2477 1813 2534 1867 δὲ
2561 1813 2763 1868 κυλίων
2795 1815 2964 1881 λίθον,
2996 1816 3081 1887 ἐφ’
3115 1817 3310 1873 ἑαυτὸν
3332 1818 3528 1874 κυλιεῖ.
3569 1838 3590 1873 ι

423 1949 425 1951 ,
530 1898 692 1980 Prov.
732 1917 886 1969 xxix,
916 1902 970 1958 5.
1001 1934 1072 1946 —-
1105 1922 1125 1956 ι
1159 1902 1334 1960 Homo
1390 1906 1482 1974 qui
1541 1919 1814 1982 praeparat
1866 1928 2054 1972 coram

459 1993 641 2050 amico
671 2009 774 2051 suo
816 2004 951 2063 rete,
987 1997 1094 2054 hoc
1132 1998 1362 2055 involvit
1395 2000 1630 2072 pedibus
1671 2005 1810 2061 suis.
1852 2025 1871 2060 ›

533 2085 710 2144 Eccte.
749 2105 807 2156 ι,
867 2088 924 2147 8.
957 2123 1027 2134 —-
1062 2110 1082 2145 ι
1119 2092 1225 2159 Qui
1280 2092 1421 2150 fodit
1459 2094 1698 2165 foveam,
1751 2097 1959 2154 incidet
1999 2099 2055 2156 in

457 2194 578 2233 eam
603 2197 617 2246 ;
644 2187 698 2234 et
718 2179 813 2251 qui
841 2181 1073 2253 dissipat
1098 2195 1307 2255 sepem,
1335 2185 1607 2244 mordebit
1631 2204 1757 2244 eum
1781 2189 2010 2248 coluber
2035 2210 2053 2251 :

457 2271 554 2346 qui
585 2269 766 2327 aufert
799 2273 1030 2342 lapides,
1065 2273 1338 2352 adligetur
1365 2277 1422 2334 in
1456 2278 1559 2336 eis.
1599 2299 1618 2333 ι
2005 2284 2007 2286 ’

530 2362 699 2419 Eecli.
733 2380 908 2432 xxvu,
936 2365 1025 2422 29.
1052 2399 1124 2409 ——
1156 2387 1175 2421 ι
1216 2367 1320 2436 Qui
1371 2369 1588 2428 foveam
1634 2372 1812 2442 fodit,
1853 2375 2056 2435 incidet

455 2458 514 2513 in
551 2473 671 2515 eam
708 2477 724 2513 :
758 2467 812 2517 et
858 2460 952 2532 qui
989 2462 1182 2519 statuit
1212 2464 1491 2536 laqueum,
1539 2466 1595 2523 in
1637 2468 1736 2526 illo
1787 2471 2053 2543 capietur.

457 2553 524 2607 Et
554 2551 647 2624 qui
676 2552 808 2610 facit
841 2555 1007 2622 mala,
1036 2555 1092 2612 in
1117 2558 1202 2615 eis
1222 2557 1563 2629 devolvetur,
1591 2573 1644 2620 et
1667 2563 1881 2621 nesciet
1911 2566 2056 2625 unde

456 2646 682 2702 veniant
718 2648 845 2720 ipsi.
885 2668 903 2702 ι

529 2737 590 2794 8.
627 2738 865 2798 Νἰιὶι-
902 2742 1086 2812 Quare
1117 2744 1425 2819 discipulus
1442 2748 1476 2804 τ’
1501 2765 1673 2821 quare
1707 2751 1872 2808 etiam
1919 2754 2056 2813 insi-

456 2832 662 2903 diator,
694 2836 959 2909 magistro
993 2855 1095 2897 suo
1149 2841 1384 2898 insidias
1441 2855 1701 2912 atruens,
1749 2856 1806 2903 et
1857 2845 2054 2906 Judam

458 2926 612 2986 illum
638 2933 946 3002 aemulatur,
980 2935 1076 3008 qui
1106 2936 1354 3009 magistri
1377 2937 1464 2996 sui
1489 2939 1740 3011 proditor
1761 2942 2007 3001 exstitit?
2026 2965 2046 2999 ι

2231 1926 2253 1960 ι
2289 1909 2387 1970 Ὃς
2432 1907 2912 1980 παρασκευάζεται
2943 1909 3036 1963 ἐπὶ
3061 1910 3356 1979 πρόσωπον
3405 1910 3504 1966 τοῦ
3555 1911 3766 1967 ἑαυτοῦ

2157 1996 2312 2068 φίλου
2350 1995 2588 2067 δίκτυον,
2634 1999 2954 2072 περιϐάλλει
2981 2002 3095 2067 τοῖς
3130 2001 3328 2058 ἑαυτοῦ
3353 2004 3534 2058 ποσίν.
3561 2023 3581 2058 ι

2234 2109 2254 2144 ι
2304 2092 2363 2148 '0
2386 2091 2637 2165 ὀρύσσων
2674 2093 2892 2167 βόθρον,
2946 2095 3028 2160 εἰς
3062 2094 3226 2150 αὑτὸν
3253 2097 3605 2169 ἐμπεσεῖται,
3669 2101 3769 2154 καὶ

2147 2182 2522 2259 καθαιροῦντα
2554 2187 2832 2259 φραγμὸν,
2875 2186 3094 2261 δήξεται
3123 2189 3286 2244 αὑτὸν
3331 2191 3457 2260 ὄφις
3477 2208 3491 2223 ο
3519 2190 3767 2266 ἐξαιρῶν

2155 2275 2338 2342 λίθους
2365 2279 2833 2352 διαπονηθήσεται
2863 2283 2924 2336 ὲν
2946 2281 3151 2348 αὐτοῖς.
3192 2302 3212 2338 ι

2233 2389 2266 2431 ι,
2299 2372 2360 2426 Ὀ
2393 2370 2645 2446 ὀρύσσων
2696 2373 2889 2446 βόθρον
2914 2376 2994 2440 είς
3034 2375 3196 2430 αὑτὸν
3227 2377 3573 2450 ἐμπεσεῖται,
3609 2380 3713 2434 καί
3742 2382 3772 2434 δ

2157 2465 2321 2521 ίστῶν
2352 2465 2576 2536 παγίδα,
2609 2467 2670 2522 ὲν
2695 2468 2833 2541 αὐτῇ
2863 2469 3157 2526 ἁλώσεται.
3201 2471 3261 2523 Ὃ
3293 2470 3464 2530 ποιῶν
3514 2477 3770 2544 πονηρά,

2157 2559 2237 2622 είς
2265 2557 2404 2615 αὐτὰ
2443 2558 2856 2634 κυλισθήσεται,
2915 2563 3009 2618 καὶ
3064 2564 3126 2620 οὐ
3190 2564 3266 2638 μὴ
3319 2564 3533 2638 ὲπιγνῷ
3589 2567 3773 2625 πόθεν

2157 2650 2307 2723 ἥκει.
2349 2671 2370 2706 ι

2228 2744 2327 2802 Διὰ
2355 2745 2410 2801 τί
2446 2745 2735 2821 μαθητήςς
2770 2747 2864 2804 διὰ
2903 2748 2959 2805 τί
3005 2748 3103 2805 καὶ
3151 2750 3458 2820 ἐπίϐουλος,
3502 2751 3585 2826 τῷ
3647 2753 3774 2827 ἰδίῳ

2155 2838 2463 2914 διδασκάλῳ
2492 2839 2882 2909 ἐπιϐουλεύων,
2934 2844 3031 2899 καὶ
3057 2845 3148 2902 τὸν
3191 2846 3392 2902 Ἰούδαν
3423 2847 3647 2903 ἐκεῖνον
3679 2867 3758 2920 μι-

2160 2931 2459 3004 μούμενος,
2519 2935 2612 2991 τοῦ
2646 2935 2777 2995 ἰδίου
2826 2936 3152 2995 διδασκάλου
3206 2940 3479 3014 προδότην
3529 2925 3778 3015 γενόμε-

2155 3042 2276 3093 νονς
2313 3044 2335 3082 ι

460 3175 602 3261 Tl'I'.
795 3211 873 3261 .——
899 3179 979 3234 De
1016 3181 1271 3261 inimicis,
1289 3191 1340 3237 et
1369 3199 1497 3261 casu
1530 3185 1766 3261 ipsorum
1787 3202 1807 3252 ;
1832 3196 1882 3244 et
1912 3188 2052 3261 quod

2192 3182 2338 3261 'l'l‘A.
2372 3169 2547 3261 τις-ξ
2562 3186 2700 3261 Ιζερί
2730 3187 2963 3261 ἐχθρῶν
2984 3189 3084 3245 καὶ
3108 3191 3392 3261 πτώσεως
3413 3194 3649 3251 αὐτῶν·
3666 3203 3774 3254 καὶ

528 3250 595 3374 (ἴε
654 3251 994 3308 inimicorum
1046 3253 1357 3310 calamitate
1413 3250 1629 3312 minime
1683 3258 1753 3311 sit
1787 3250 2054 3332 igau'deu-

528 3339 674 3374 ιιιηι.

525 3339 558 3374 η
566 3339 674 3377 ιιηι.

529 3436 692 3492 Prov.
730 3450 881 3508 xxrv,
913 3439 1092 3494 t7.—-
1136 3459 1159 3495 ‹
1197 3440 1256 3498 Si
1299 3442 1566 3499 ceciderit
1608 3443 1865 3503 inimicus
1905 3453 2053 3517 tuus,

459 3546 528 3587 ne
566 3530 809 3603 gaudeas
841 3547 1008 3604 super
1035 3549 1202 3603 eum;
1246 3550 1426 3607 neque
1457 3536 1514 3591 in
1542 3535 1699 3608 lapsu
1727 3537 1903 3609 ipsius
1937 3541 2058 3612 glo-
2094 3551 2097 3553 '

457 3625 607 3682 riare
638 3643 652 3681 :
684 3626 813 3696 quia
849 3627 1056 3684 videbit
1091 3627 1386 3697 Dominus,
1421 3637 1476 3685 et
1531 3644 1645 3686 non
1689 3631 1927 3702 placebit
1954 3634 2056 3701 illi,

456 3723 513 3772 et
541 3723 751 3772 avertet
784 3719 920 3772 iram
954 3733 1113 3775 suam
1140 3721 1209 3778 ab
1231 3721 1378 3794 ipso.
1415 3719 1495 3778 Ne
1516 3721 1719 3781 laeteris
1741 3739 1909 3796 super
1931 3725 2056 3784 illos

456 3810 553 3881 qui
591 3811 735 3867 male
765 3820 956 3884 agunt.
996 3832 1017 3867 ι
1486 3801 1488 3803 ’

527 3902 689 3959 Prov.
729 3921 862 3969 xxv,
893 3905 986 3960 21.
1023 3939 1091 3950 -
1123 3926 1145 3960 ι
1183 3905 1240 3964 Si
1297 3911 1560 3969 esurierit
1608 3913 1870 3969 inimicus
1902 3922 2054 3981 tuus,

456 3996 580 4052 ciba
618 3997 807 4067 illum;
836 4000 880 4054 si
917 4000 1140 4069 siticrit,
1173 4011 1298 4075 pota
1321 3996 1470 4060 eum.
1503 4006 1617 4064 Hoc
1645 4009 1792 4063 enim
1825 4008 2056 4076 faciens,

455 4091 729 4148 carbones
777 4093 921 4165 ignis
968 4093 1196 4168 colliges
1235 4113 1401 4171 Super
1443 4110 1612 4173 caput
1653 4102 1826 4168 illius,
1867 4111 1919 4159 et
1950 4102 2056 4159 Do-

458 4183 645 4240 minus
671 4185 862 4242 reddet
891 4187 1014 4243 tibi.
1053 4208 1072 4242 ι
1169 4178 1171 4180 ’

531 4275 699 4334 Mich.
729 4295 828 4344 vn,
861 4280 913 4336 8.
951 4311 1020 4324 --
1058 4302 1076 4334 ι
1107 4281 1185 4340 Ne
1214 4283 1447 4342 insultes
1471 4286 1630 4354 milii,
1658 4287 1880 4345 inimica
1912 4304 2052 4358 mea,

457 4369 589 4440 quia
619 4371 790 4428 cecidi
818 4390 830 4426 :
864 4389 1152 4447 resurgam
1180 4378 1348 4435 enim.
1388 4397 1406 4431 ι

530 4461 669 4518 Αὸά.
713 4481 765 4528 1,
816 4465 903 4522 12.
938 4496 1010 4507 -
1047 4486 1065 4520 ι
1105 4468 1180 4526 Ne
1211 4470 1414 4528 laeteris
1448 4487 1618 4545 super
1651 4473 1790 4532 filios
1820 4475 1961 4531 Juda
1997 4476 2052 4531 in

2229 3256 2338 3338 ὁςτιΔ
2377 3259 2450 3336 οὐ
2513 3257 2606 3313 δεῖ
2640 3256 2878 3330 χαίρειν
2920 3261 3019 3316 ἐπὶ
3073 3261 3150 3331 τῇ
3211 3256 3589 3338 κακοπραγίᾳ
3648 3270 3780 3325 τῶν

2228 3327 2482 3399 ἐχθρῶν.

2236 3463 2256 3497 ι
2295 3443 2422 3499 Ἐὰν
2441 3443 2583 3518 πέσῃ
2613 3445 2642 3500 ὁ
2667 3444 2862 3520 ἐχθρός
2887 3465 3003 3517 σου,
3034 3448 3111 3522 μὴ
3156 3450 3432 3526 ἔπιχαρῇς
3475 3457 3662 3529 αὐτῷ,
3715 3461 3777 3516 ἐν

2158 3537 2215 3591 δὲ
2247 3537 2323 3609 τῷ
2353 3538 2791 3612 ὑποσκελίσματι
2822 3540 2987 3596 αὑτοῦ
3020 3542 3096 3616 μὴ
3136 3545 3388 3617 ὲπαίρου.
3411 3546 3540 3603 Ὅτι
3565 3550 3774 3622 δψεται

2160 3631 2385 3703 Κύριος,
2419 3631 2515 3686 καὶ
2540 3633 2641 3688 οὐκ
2694 3632 2885 3705 ἀρέσει
2923 3634 3096 3708 αύτῷ,
3130 3639 3224 3692 καὶ
3281 3639 3627 3714 ἀποστρέψει
3675 3647 3773 3702 τὸν

2160 3723 2334 3796 θυμὸν
2392 3723 2558 3780 αὑτοῦ
2608 3725 2706 3780 ἀπ’
2749 3726 2936 3784 αὐτοῦ.
2996 3728 3090 3804 Μὴ
3127 3730 3379 3805 ὲπίχαιρε
3426 3735 3525 3790 ἐπὶ
3581 3755 3766 3795 κακο-

2158 3818 2354 3882 ποιοῖς.
2392 3836 2412 3869 ι

2235 3929 2255 3963 ι
2303 3910 2429 3966 Ἐὰν
2449 3914 2611 3986 πεινᾷ
2642 3913 2671 3966 ὁ
2697 3913 2891 3987 ἐχθρός
2917 3933 3036 3982 σου,
3067 3916 3284 3991 ψώμιζε
3313 3922 3502 3991 αὑτὸν,
3539 3928 3641 3982 καὶ
3668 3929 3766 3984 ἐὰν

2155 4001 2304 4076 διψᾷ,
2337 4003 2522 4072 πότιζε
2542 4006 2728 4063 αὐτόν.
2760 4008 2932 4063 Τοῦτο
2960 4010 3067 4083 γὰρ
3098 4013 3290 4082 ποιῶν,
3334 4014 3627 4088 ἄνθρακας
3661 4040 3768 4076 πυ-

2158 4094 2252 4165 ρὸς
2283 4096 2579 4168 σωρεύσεις
2609 4099 2701 4154 ἐπὶ
2738 4099 2838 4170 τὴν
2886 4101 3130 4176 κεφαλὴν
3169 4104 3369 4173 αὐτοῦ,
3418 4111 3517 4164 καὶ
3553 4114 3771 4188 Κύριος

2157 4187 2532 4246 ἁνταποδώσει
2565 4209 2648 4246 σοι
2683 4193 2886 4263 ἀγαθά.
2919 4214 2939 4249 ι

2234 4300 2255 4335 ι
2291 4283 2384 4354 Μὴ
2418 4284 2670 4358 ἐπιχαιρὲ
2693 4291 2856 4361 μοι,ή
2887 4289 3061 4363 ἐχθρά
3083 4288 3318 4364 μου,’ὃτι
3351 4293 3650 4356 πέπτωκα·
3680 4308 3778 4360 καὶ

2158 4376 2268 4450 γὰρ
2295 4378 2697 4451 ἀναστήσομαι.
2735 4401 2757 4435 ι

2237 4489 2255 4521 ‹
2289 4471 2381 4542 Μὴ
2400 4471 2651 4545 ὲπίχαιρε
2674 4475 2768 4528 ἐπὶ
2789 4477 2902 4542 τοῖς
2927 4477 3064 4538 υἱοῖς
3105 4480 3281 4536 Ἰούδα
3304 4484 3361 4538 ἐν
3393 4486 3586 4560 ἡμέρᾳ
3610 4491 3778 4545 ἀπω-

460 4557 550 4611 die
575 4557 904 4628 perditionis
933 4576 1157 4632 eorum;
1194 4573 1340 4623 etne
1364 4581 1560 4640 magna
1598 4567 1842 4640 loquaris
1873 4571 1925 4624 in
1965 4569 2051 4626 die

2192 4563 2306 4628 είας
2357 4564 2560 4634 αὐτῶν,
2612 4567 2710 4622 καὶ
2742 4567 2817 4642 μὴ
2852 4571 3421 4653 μεγαλορῤημονήσῃς
3465 4580 3530 4634 ὲν
3560 4557 3775 4658 *ἡμέρᾳ

459 4652 750 4721 angustiae.
786 4673 806 4706 ι

535 4743 729 4800 Ezeclz.
770 4764 896 4816 xxv,
925 4750 980 4817 6,
1018 4749 1067 4806 7.
1099 4783 1167 4793 ——
1205 4771 1222 4804 ι
1263 4752 1392 4810 Haec
1420 4753 1555 4810 dicit
1589 4755 1856 4811 Dominus
1891 4773 1905 4811 :
1946 4754 2053 4812 Pro

459 4852 528 4893 eo
555 4840 700 4909 quod
727 4839 974 4910 plausisti
1008 4845 1286 4912 manibus,
1324 4854 1376 4902 et
1415 4848 1712 4905 insonuisli
1762 4849 1900 4920 pede
1936 4859 2051 4917 tuo,

458 4940 513 4985 et
567 4932 845 4988 insultasti
884 4950 948 4990 ex
1000 4939 1187 4998 animo
1240 4951 1335 4996 tuo
1386 4958 1555 5013 super
1597 4952 1798 4998 terram
1840 4941 2051 5000 Israel:

465 5024 674 5082 idcirco
719 5043 820 5098 ego
867 5031 1160 5088 extendam
1213 5049 1436 5090 manum
1476 5052 1650 5093 meam
1691 5053 1856 5109 super
1900 5045 1973 5105 te,
2005 5049 2059 5096 et

463 5116 677 5173 tradam
705 5128 758 5176 te
783 5123 834 5175 iu
867 5122 1226 5195 direptionem
1260 5128 1537 5198 gentibus,
1562 5137 1616 5184 et
1651 5129 1976 5186 interﬁciant
2005 5138 2058 5186 te

463 5225 528 5266 ex
558 5211 796 5280 populis,
826 5219 880 5268 et
912 5216 1132 5285 perdam
1177 5225 1231 5273 te
1269 5220 1600 5291 perditione.
1644 5241 1662 5274 ι

537 5302 703 5378 508
753 5305 898 5362 Ibid.
954 5309 1074 5366 3-5.
1127 5343 1197 5356 —~
1269 5331 1287 5365 ι
1330 5310 1457 5370 Ilaec
1513 5314 1646 5370 dicit
1715 5314 1982 5398 Dominus
2041 5337 2055 5374 :

466 5397 574 5454 Pro
596 5414 663 5456 eo
690 5401 837 5470 quod
895 5404 1066 5474 gavisi
1101 5407 1235 5462 estis
1262 5421 1429 5478 super
1451 5406 1828 5464 sanctuarium
1856 5425 2057 5477 meum,

465 5490 596 5560 quia
641 5493 910 5564 pollutum
962 5503 1069 5562 est,
1112 5506 1166 5552 et
1212 5513 1377 5570 super
1407 5501 1632 5556 domum
1678 5515 1882 5566 meam,
1932 5504 2058 5574 quia

469 5581 695 5649 profecti
730 5593 856 5640 sunt
888 5586 940 5641 in
979 5587 1354 5659 captivitatem
1406 5611 1421 5646 :
1473 5592 1681 5648 ideirco
1719 5607 1820 5663 ego
1850 5595 2061 5651 tradam

470 5688 570 5730 vos
608 5674 735 5733 liliis
776 5679 984 5735 Kedem
1026 5681 1079 5735 in
1136 5682 1551 5752 haereditatem;
1587 5693 1639 5741 et
1691 5695 1897 5752 ponent
1946 5703 2064 5744 sar-

468 5769 624 5825 cinas
658 5784 787 5828 suas
813 5771 867 5827 iu
910 5781 983 5837 te,
1020 5781 1074 5829 et
1114 5785 1321 5846 ponent
1349 5778 1402 5831 in
1438 5783 1492 5831 te
1525 5778 1763 5833 tentoria
1800 5794 1924 5835 sua.
1957 5780 2065 5851 Ipsi

471 5862 763 5921 comedent
805 5865 1182 5927 fructustuos.
1227 5877 1277 5926 ct
1319 5870 1418 5943 ipsi
1460 5871 1649 5928 bibent
1679 5873 2062 5950 pinguedinem

2157 4654 2410 4727 θλίψεως.
2448 4676 2468 4710 ›

2233 4767 2252 4802 ι
2290 4751 2428 4806 Τάδε
2465 4751 2613 4822 λέγει
2665 4754 2892 4826 Κύριος·
2938 4757 3079 4812 Ἀνθ’
3122 4751 3198 4813 ὧν
3245 4762 3635 4836 ἐπεκρότησας
3703 4771 3770 4840 τῇ

2156 4845 2302 4916 χειρί
2332 4863 2449 4912 σου,
2480 4848 2577 4902 καὶ
2611 4850 2968 4923 ὲπεψόφησας
3001 4852 3076 4922 τῷ
3109 4855 3234 4908 ποδί
3273 4873 3388 4923 σου,
3425 4860 3524 4913 καὶ
3552 4863 3768 4933 ἐπέχα.

2160 4957 2260 5010 ρας
2287 4942 2352 4994 ἐκ
2381 4940 2563 5014 ψυχῆς
2592 4960 2688 4998 σου
2714 4943 2809 4999 ἐπὶ
2828 4945 2927 5018 τὴν
2956 4948 3062 5020 γῆν
3088 4948 3186 5002 τοῦ
3217 4950 3459 5022 Ἰσραὴλ,
3480 4953 3580 5009 διὰ
3602 4958 3774 5012 τοῦτσ

2163 5032 2272 5087 ἰδοὺ
2298 5032 2410 5105 ἐγὼ
2433 5035 2636 5089 ἐκτενῶ
2687 5037 2785 5111 τὴν
2811 5039 2970 5110 χεῖρά
3005 5057 3110 5112 μου
3145 5042 3238 5096 ἐπὶ
3272 5043 3350 5107 σὲ,
3380 5044 3474 5099 καὶ
3503 5046 3677 5105 δώσω
3710 5067 3768 5103 σε

2159 5125 2238 5186 είς
2267 5122 2576 5198 διαρπαγὴν
2602 5128 2660 5182 ἐν
2690 5131 2803 5193 τοῖς
2832 5128 3035 5198 ἔθνεσι,
3064 5133 3162 5191 καὶ
3210 5133 3585 5208 ὲξολοθρεύσω
3608 5157 3673 5194 σε
3705 5143 3770 5196 ἑκ

2159 5217 2269 5272 τῶν
2291 5219 2458 5284 λαῶν,
2493 5222 2587 5274 καὶ
2621 5221 2874 5278 ἀπολέσω
2896 5240 2956 5278 σε
2978 5224 3248 5300 ἀπωλείᾳ.
3291 5247 3310 5282 ι

2242 5331 2262 5364 ι
2297 5313 2436 5367 Τάδε
2459 5312 2607 5383 λέγει
2638 5315 2864 5389 Κύριοςο
2913 5317 3055 5372 Ἀνθ⁹
3084 5311 3160 5374 ὧν
3182 5321 3495 5393 ὲπεχάρητε
3548 5324 3648 5379 ἐπὶ
3699 5327 3767 5381 τά

2164 5404 2297 5474 ἅγιά
2329 5424 2451 5477 μου,
2487 5409 2568 5462 ὅτι
2597 5409 2935 5481 ὲόεδηλώθη,
2988 5411 3083 5467 καὶ
3115 5413 3208 5467 ἐπὶ
3241 5415 3333 5468 τὸν
3376 5413 3534 5471 οἷκον
3590 5419 3768 5476 Ἰούδα

2164 5499 2248 5552 ὅτι
2277 5498 2658 5575 ἐπορεύθησαν
2696 5505 2754 5558 ὲν
2809 5506 3178 5580 αίχμαλωσίᾳ·
3230 5507 3319 5562 διὰ
3342 5507 3506 5565 τοῦτο
3535 5511 3655 5582 ἐγὼ
3681 5514 3768 5567 δί-

2165 5592 2307 5665 δωμι
2339 5595 2481 5665 ὑμᾶς
2517 5597 2628 5660 τοῖς
2656 5598 2790 5662 υἱοῖς
2824 5598 3010 5672 Κέδεμ
3071 5601 3154 5666 εἰς
3209 5602 3606 5676 κληρονομίαν,
3668 5608 3768 5662 καὶ

2169 5687 2686 5759 κατασκηνώσουσιν
2713 5692 2772 5746 ὲν
2797 5693 2884 5748 σοὶ
2911 5695 3008 5750 σὺν
3030 5698 3096 5768 τῇ
3125 5695 3373 5769 empti;
3403 5698 3614 5767 αὐτῶν,
3665 5704 3766 5758 καὶ

2169 5781 2432 5836 δώσουσιν
2449 5784 2508 5838 ἐν
2537 5785 2620 5838 σοὶ
2654 5787 2720 5841 τὰ
2751 5786 3088 5860 σκηνώματα
3119 5789 3319 5847 αὐτῶν.
3347 5791 3514 5847 Αὐτοὶ
3552 5795 3761 5863 φάγον-

2174 5894 2260 5932 ται
2287 5876 2411 5940 τοὺς
2440 5878 2685 5946 καρπούς
2715 5897 2831 5947 σου,
2885 5881 2980 5954 καὶ
3025 5882 3176 5939 αὐτοὶ
3231 5882 3448 5953 πίονται
3495 5885 3599 5948 τὴν
3641 5890 3763 5952 τιιό-
