4014 6302
256 334 396 402 1533

1450 353 1713 435 SACRA
1749 355 2214 421 PARALLELA.

3393 355 3532 426 1534

250 454 393 527 τητά
417 469 532 510 σου.
567 454 679 516 Καὶ
706 454 865 513 δώσω
894 459 995 533 τὴν
1014 461 1171 518 πόλιν
1193 460 1288 518 τοῦ
1330 464 1515 537 ’Δμὼν
1547 470 1629 534 είς
1669 470 1826 540 νομὰς

1942 481 2112 531 tuam.
2153 471 2221 530 Et
2256 474 2396 532 dabo
2427 474 2706 532 civitatem
2744 477 2920 531 Amon
2962 476 3018 531 in
3051 482 3259 548 pascua
3292 474 3533 533 camelo-

252 548 538 621 καμήλων,
567 549 665 604 καὶ
687 550 815 618 τοὺς
832 552 983 620 υἱοὺς
1038 556 1222 628 Ἀμὼν
1249 558 1331 624 είς
1367 560 1571 634 νομέας
1621 561 1834 634 προσά-

247 658 379 696 των.
417 660 439 695 ι

254 742 256 744 ⁷
316 733 709 793 Νουθετεῐσθαι
733 737 904 813 δεῖτῇ
932 741 1041 796 τῶν
1072 743 1318 817 πλησίων
1351 736 1563 821 πληγῇ,
1611 751 1706 804 καὶ
1746 749 1837 805 διὰ

249 824 357 879 ’τῶν
376 826 678 903 ἀλλοτρίων
706 832 896 888 κακῶν
919 833 989 888 τὰ
1025 837 1202 891 οἰκεῖα
1229 834 1288 893 εὖ
1320 839 1591 898 τίθεσθαι.

320 998 570 1058 Φύλασσε
601 1005 820 1077 σαυτὸν,
847 1008 1053 1083 πτῶμα
1079 1010 1126 1068 δ’
1150 1013 1314 1070 ἄλλου
1351 997 1429 1087 μῆ
1457 1015 1612 1087 γέλα.

317 1179 412 1250 Μὴ
442 1181 679 1256 γελάσῃς
710 1185 910 1256 πτῶμα
937 1189 1031 1243 τοῦ
1077 1190 1554 1258 πέλαςιΔιάϐαινε
1580 1196 1639 1252 δὲ
1660 1198 1840 1269 ἀσφαο

247 1270 369 1345 λὴς,
424 1273 526 1348 ὅση
561 1293 643 1332 σοι
679 1276 930 1352 δύναμις,
960 1282 1098 1338 ἀλλὰ
1147 1286 1242 1341 καὶ
1285 1286 1432 1342 δίδου
1461 1292 1620 1364 χετρα
1663 1279 1840 1364 χαμαὶ

249 1366 514 1440 κειμένῳ.
1587 1410 1612 1426 .,

312 1463 600 1536 Χρηστοὺι,
631 1461 773 1522 εἶναι
820 1469 928 1543 χρὴ
975 1472 1090 1537 τοῖς
1137 1475 1572 1546 προεμπεσοῢσι,
1623 1477 1718 1534 καὶ
1758 1477 1840 1554 τῷ

247 1555 388 1631 ὶλέῳ
405 1559 638 1615 κτᾶσθαι
665 1562 755 1616 τὸν
779 1561 954 1620 ἔλεον.

328 1735 420 1792 Ἑν
457 1741 579 1804 ταῖς
607 1740 920 1813 ἀλλοτρίαις
959 1747 1272 1820 συμφοραῖς
1304 1747 1370 1805 τὰ
1396 1751 1576 1808 οίκεῖα
1604 1753 1669 1810 εὖ
1692 1754 1838 1810 τίθε-

1939 581 2085 632 rum,
2114 575 2169 623 et
2199 567 2342 625 ﬁlios
2370 568 2544 624 Amen
2574 567 2628 622 in
2659 575 2912 640 pastores
2947 566 3153 624 ovium.
3187 583 3209 621 ι

2011 750 2074 806 S.
2113 748 2270 823 Greg.
2293 748 2564 806 Nazianz.
2587 781 2659 792 -—
2688 749 2765 805 Ex
2788 750 3027 807 aliorum
3061 750 3241 822 plaga,
3272 757 3439 822 atque
3463 764 3531 807 cx

1939 840 2186 913 ipsorum
2220 841 2627 898 calamitatibus
2657 841 3049 897 documentum
3089 840 3159 896 ad
3192 856 3279 898 res
3313 847 3532 898 nostras

1938 944 2086 993 recte
2110 933 2518 1007 componendas
2537 942 2758 1005 captare
2780 933 3069 990 debemus.

2014 1028 2181 1098 Ejud.
2208 1057 2280 1069 -
2312 1024 2438 1083 Tibi
2468 1027 2576 1102 ipsi
2624 1027 2872 1096 cavesis,
2907 1040 3008 1083 nec
3059 1025 3288 1083 alterius
3337 1038 3527 1082 casum

1939 1121 2215 1179 derideas.

2008 1209 2298 1282 Ejusd.—-
2319 1209 2594 1270 Νοννίοἰηὶ
2619 1224 2811 1268 casum
2846 1208 3054 1266 rideas.
3088 1206 3292 1264 Verum
3318 1214 3374 1263 tu
3404 1205 3530 1278 qui-

1939 1303 2083 1370 dem,
2117 1319 2283 1375 quam
2318 1304 2594 1361 tutissime
2633 1303 2865 1375 poteris,
2923 1302 3140 1369 incede,
3189 1316 3254 1358 ac
3302 1300 3381 1357 illi
3431 1300 3528 1372 qui

1941 1400 2094 1456 humi
2121 1399 2291 1471 jacet,
2323 1414 2544 1454 manum
2579 1399 2822 1472 porrige.

2014 1491 2204 1564 Ejusd.
2225 1520 2300 1564 έ-
2334 1490 2611 1564 Benignos
2645 1487 2746 1548 nos
2774 1506 2898 1549 esse
2934 1498 3154 1564 oportet
3196 1489 3251 1546 in
3282 1489 3404 1548 illos
3431 1488 3528 1562 qui

1929 1570 1998 1642 in
2037 1583 2383 1642 calamitates
2421 1584 2579 1656 prius
2612 1583 2946 1651 inciderunt,
2978 1598 3044 1639 ac
3073 1598 3174 1654 per
3202 1581 3525 1641 misericor-

1939 1679 2085 1734 diam
2123 1677 2560 1735 misericordiam
2595 1673 2753 1732 nobis
2785 1675 3105 1734 conciliare.

2015 1770 2385 1844 Ejusd.--ln
2427 1769 2624 1825 alienis
2662 1768 3077 1826 calamitatibus
3113 1766 3280 1824 rebus
3318 1765 3529 1822 nostris

249 1828 373 1939 Elia:
406 1829 535 1904 χρὴ,
569 1835 695 1939 «καὶ.
724 1835 992 1902 δανείζειν
1019 1837 1138 1912 Θεῷ
1183 1840 1278 1896 τὸν
1311 1840 1460 1897 ἔλεον
1491 1845 1678 1913 ἐλέους
1702 1849 1826 1923 χρῄ-

1943 1867 2280 1939 prospicere,
2334 1872 2391 1921 et
2436 1864 2547 1919 Deo
2581 1861 3016 1919 misericordiam
3069 1860 3321 1930 fenerare
3365 1858 3526 1914 debe-

246 1922 464 1993 ζοντας,
495 1924 592 1979 καὶ
637 1926 713 1998 μὴ
743 1933 1108 2002 καταφρονεῖν
1137 1931 1250 1987 τῶν
1282 1933 1614 2008 ἀνθρώπων,
1635 1922 1842 2015 ἀνθρώ-

250 2032 388 2076 πους
416 2015 600 2082 ὄντας.

320 2109 491 2164 Ὅταν
544 2111 662 2185 ἴδῃς
691 2113 783 2168 τὸν
817 2115 1013 2190 ὲχθρδν
1058 2117 1374 2190 ἐμπεσόντα
1403 2124 1484 2188 εἰς
1522 2124 1623 2190 τὰς
1650 2128 1844 2200 χεῖρας

243 2201 345 2266 τὰς
371 2201 491 2268 σὰς,
525 2204 600 2276 μὴ
635 2205 826 2278 νόμιζε
875 2211 1171 2282 τιμωρίας,
1226 2213 1368 2269 αλλὰ
1393 2217 1670 2289 σωτηρίας
1693 2221 1840 2275 ἐκεῖ·

244 2311 338 2348 νον
363 2290 504 2352 εἶναι
532 2298 627 2354 τὸν
657 2301 875 2374 καιρόν.
912 2303 1014 2358 Διὰ
1063 2303 1227 2360 τοῦτο
1253 2307 1375 2361 τότε
1402 2308 1641 2381 μάλιστα
1665 2312 1842 2381 φείδε-

246 2383 372 2440 σθαι
394 2385 480 2467 δεῖ
501 2385 612 2445 τῶν
644 2389 878 2463 ἐχθρῶν,
911 2392 1040 2448 ὅταν
1088 2394 1275 2451 αὐτῶν
1312 2397 1604 2469 γενώμεθα
1632 2400 1835 2476 κύριοι.

243 2477 439 2533 Πολλοὶ
467 2478 710 2551 βασιλεῖς
739 2483 833 2538 ἐπὶ
870 2484 971 2558 τὴν
1006 2485 1185 2560 ἀρχὴν
1213 2488 1482 2560 ἐλθόντες,
1513 2493 1642 2559 τοὺς
1666 2497 1839 2552 πάλαι

246 2565 622 2643 λελυπηκότας
651 2573 931 2658 λαϐόντες,
964 2575 1117 2644 ἄξιον
1177 2580 1361 2636 αὐτῶν
1389 2576 1534 2639 εἶναι
1572 2584 1838 2659 ἐνόμισαν

241 2661 401 2735 δίκην
446 2663 524 2738 μὴ
572 2665 882 2740 ἀπαιτῆσαι
918 2669 1031 2727 τῶν
1090 2672 1679 2748 πεπλημμελημένων,
1738 2683 1837 2738 καὶ

241 2753 340 2828 τῆς
370 2753 626 2825 ἐξουσίας
663 2760 700 2833 ἠ
747 2762 1040 2836 περιουσία
1061 2766 1415 2839 καταλλαγῆς
1457 2771 1718 2839 ὑπόθεσις
1747 2775 1839 2847 γέ-

133 2849 136 2852 ’
241 2864 426 2919 γονεν.

306 3033 478 3093 θῦδὲν
508 3034 923 3114 ἀσφαλέστερον
948 3042 1048 3100 τοῦ
1097 3043 1381 3115 φείδεσθαι
1427 3049 1538 3106 τῶν
1593 3052 1831 3127 ἐχθρῶνο

234 3127 391 3184 οὐδὲν
421 3129 837 3206 σφαλερώτερον
875 3133 974 3192 τοῦ
1007 3135 1294 3210 βούλεσθαι
1317 3141 1610 3202 διεκδικετν
1636 3147 1833 3206 ἑαυτὸν

236 3220 335 3278 καὶ
364 3223 695 3296 ἀμύνεσθαι.

304 3317 493 3391 Πολλῷ
521 3319 708 3392 μεῖζον
729 3310 1296 3401 καικερδαλεὼτερον
1323 3329 1386 3385 τὸ
1414 3332 1708 3403 φείσασθαι
1731 3338 1829 3394 τοῦ

232 3405 564 3484 διαφθεῖραι.
610 3412 668 3467 '0
699 3414 801 3486 μὲν
829 3415 938 3490 γὰρ
970 3418 1291 3494 διαφθείρας
1321 3423 1414 3479 τὸν
1459 3425 1676 3498 ἐχθρὸν,
1734 3432 1831 3484 καὶ
1877 3427 1880 3430 ’

222 3499 651 3572 καταγνώσεται
699 3502 964 3590 πολλάκις
1009 3515 1203 3569 ἑαυτοῦ
1224 3557 1240 3584 ,
1287 3519 1387 3574 καὶ
1432 3524 1670 3596 πονηρὸν
1715 3525 1827 3592 ἕξει

231 3597 497 3693 συνειδδς,
542 3599 678 3693 ⁸καθ’
719 3603 964 3679 ἑκάστην
993 3607 1210 3680 ἡμέραν
1245 3613 1340 3668 καὶ
1380 3613 1532 3686 ὤραν
1578 3617 1686 3673 ὑπὸ
1727 3620 1827 3693 τῆς

231 3688 513 3783 ἁμαρτίας
537 3689 758 3774 ἐκείνης
786 3696 1140 3769 διωκόμενος.
1177 3702 1234 3757 '0
1253 3705 1312 3758 δὲ
1346 3709 1700 3780 φεισάμενος,
1737 3688 1826 3783 μι-

232 3780 368 3854 κρὸν
395 3785 746 3860 καρτερήσας
771 3790 984 3862 χρόνον,
1027 3794 1294 3864 γάννυται
1354 3802 1494 3870 μετὰ
1520 3804 1695 3860 ταῦτα
1729 3780 1826 3862 καὶ

229 3878 432 3948 τρυφᾷ,
473 3881 720 3951 χρηστὰς
766 3884 862 3938 καὶ
905 3886 1169 3957 ἀμείνους
1202 3893 1550 3966 κτησάμενος
1578 3898 1822 3968 ἐλπίδας,

228 3968 326 4025 καὶ
345 3970 443 4060 τᾲς
492 3972 728 4045 ἀμοιϐὰς
779 3978 878 4050 τῆς
925 3979 1280 4050 ἀνεξικακίας
1326 3989 1477 4060 παρὰ
1533 3991 1629 4046 τοῦ
1684 3993 1822 4049 Θεοῦ

227 4059 524 4154 προσδοκᾷ.
563 4063 674 4120 Καὶ
707 4065 762 4120 εί
811 4085 945 4123 ποτε
975 4075 1273 4149 παραπέσῃ
1314 4059 1422 4132 τινί
1451 4081 1631 4153 δεινῷ,
1682 4087 1824 4154 μετὰ

225 4153 434 4228 πολλῆς
466 4157 1114 4241 παῤῥησίαςάπαιτήσει
1158 4172 1254 4226 τὸν
1280 4172 1415 4229 Θεὸν
1459 4177 1560 4250 τὴν
1614 4153 1822 4236 ἀντίδο-

227 4264 336 4306 σιν.

292 4340 610 4444 Rapio-avi];
651 4350 746 4444 καὶ
770 4351 1137 4429 ἀξιοζήλωτος
1186 4361 1466 4438 ἀγαθότης
1498 4366 1668 4438 ἐστὶν,
1719 4371 1818 4444 δη-

223 4433 358 4534 λαδὴ
377 4436 438 4534 τὸ
459 4439 673 4513 ὀρέγειν
700 4443 851 4504 ἔλεον
871 4451 987 4516 τοῖς
1005 4451 1260 4523 μισοῦσιν
1277 4433 1430 4528 ἡμᾶς
1446 4433 1813 4534 αἱρουμένοις,

1942 1971 2068 2012 mus
2102 1970 2229 2011 cum
2275 1954 2381 2025 ipsi
2416 1952 2800 2011 misericordia
2849 1966 2989 2026 opus
3027 1951 3372 2019 habeamus;
3429 1964 3527 2006 nec

1941 2050 2192 2107 homines
2221 2046 2528 2118 aspernari,
2557 2042 2777 2117 quando
2811 2043 2915 2115 ipsi
2954 2043 3212 2099 homines
3239 2057 3456 2099 sumus.

2012 2145 2074 2201 S.
2110 2142 2386 2215 Chrysost.
2415 2171 2486 2184 α-
2515 2139 2654 2197 Cum
2683 2138 2904 2196 hostem
2948 2145 3102 2193 tuum
3133 2136 3188 2192 in
3221 2146 3342 2194 tuas
3387 2135 3523 2190 inci-

1939 2235 2090 2293 disse
2109 2249 2310 2292 manus
2339 2232 2570 2298 videris,
2595 2246 2668 2288 ne
2698 2239 2913 2302 tempus
2946 2229 3096 2288 istud
3123 2245 3246 2287 esse
3273 2227 3531 2295 ultionis,

1939 2330 2035 2387 sed
2099 2329 2296 2388 salutis
2363 2327 2646 2385 existima.
2713 2325 2986 2392 Quocirca
3048 2334 3162 2384 tum
3221 2324 3528 2396 praisertim

1941 2423 2194 2482 hostibus
2236 2421 2575 2494 parcendum
2611 2426 2720 2488 est,
2761 2433 2888 2475 cum
2927 2431 3029 2475 eos
3080 2415 3140 2474 in
3199 2426 3527 2488 potestatem

1939 2527 2186 2574 nostram
2218 2515 2474 2572 redactos
2522 2513 2812 2570 habemus.
2854 2509 3009 2568 Multi
3045 2511 3362 2584 principes,
3397 2524 3527 2568 cum

1939 2620 2161 2686 arrepto
2191 2611 2445 2683 imperio,
2481 2623 2580 2666 eos
2611 2621 2644 2664 a
2669 2606 2876 2680 quibus
2904 2603 3019 2664 laesi
3050 2603 3268 2662 fuerant
3288 2647 3304 2672 ,
3346 2603 3530 2673 cepis-

1937 2713 2084 2773 sent,
2100 2721 2316 2780 aequum
2344 2704 2755 2774 honestumque
2776 2715 2900 2759 esse
2920 2707 3251 2758 censuerunt
3269 2705 3528 2770 acceptas

1938 2801 2174 2876 injurias
2220 2801 2452 2858 minime
2490 2796 2816 2854 vindicare.
2867 2797 3052 2869 Atque
3108 2809 3174 2852 ex
3235 2792 3528 2867 potestatis

1937 2892 2297 2967 amplitudine
2324 2890 2529 2948 factum
2558 2895 2645 2948 est
2676 2896 2736 2945 ut
2781 2903 2908 2946 cum
2951 2887 3035 2945 eis
3079 2886 3134 2942 in
3169 2885 3400 2958 gratiam
3442 2899 3528 2940 re-

2230 3107 2303 3119 -—
2339 3075 2500 3131 Nihil
2536 3081 2623 3130 est
2659 3072 2834 3130 tutius
2865 3087 3032 3145 quam
3088 3069 3331 3127 inimicis
3370 3068 3528 3142 igno-

1859 3200 1907 3264 C
1937 3186 2131 3240 scere;
2157 3169 2295 3227 nillil
2328 3166 2697 3242 periculosius
2731 3178 2896 3238 quam
2924 3165 3168 3236 seipsum
3201 3161 3415 3219 ulcisci.

2004 3349 2194 3424 Ejusd.
2231 3377 2303 3392 -ο
2329 3347 2519 3420 Longe
2549 3345 2731 3417 majus
2773 3350 2858 3401 est
2905 3355 2974 3400 ac
3019 3341 3365 3400 fructuosius
3396 3356 3526 3413 par-

1929 3459 2056 3501 cere
2087 3456 2250 3514 qoam
2284 3442 2640 3499 obtruncare.
2674 3437 2777 3503 Qui
2829 3438 2977 3491 enim
3031 3433 3381 3491 inimicum’e
3407 3449 3523 3494 mc-

1928 3535 2021 3591 dio
2059 3517 2371 3598 sustulerit,
2401 3531 2494 3587 hic
2524 3545 2585 3588 se
2617 3543 2836 3601 quoque
2864 3526 3181 3600 frequenter
3209 3527 3521 3600 accusabit,

1927 3637 1984 3685 et
2033 3627 2176 3684 male
2200 3621 2307 3683 sibi
2363 3623 2640 3682 conscius
2676 3622 2804 3690 crit,
2859 3623 3210 3694 singulisque
3239 3622 3436 3680 diebus
3465 3630 3525 3680 et

1929 3718 2083 3776 horis
2120 3727 2350 3790 peccato
2386 3716 2494 3771 hoc
2523 3714 2760 3770 cruciari
2810 3727 2869 3770 se
2906 3713 3131 3770 sentiet.
3170 3713 3280 3782 Qui
3334 3721 3523 3770 autem

1930 3812 2218 3887 ignoverit,
2247 3811 2341 3868 ubi
2375 3810 2700 3884 patientiam
2739 3807 3140 3879 aliquantisper
3175 3807 3518 3879 praestiterit,

1928 3906 1986 3961 in
2039 3920 2256 3961 summa
2311 3888 2664 3975 postmodum
2710 3901 2879 3958 animi
2932 3899 3122 3957 laetitia
3153 3907 3210 3956 et
3239 3900 3521 3970 voluptate

1926 3999 2257 4066 versabitur,
2309 4006 2366 4054 et
2422 3993 2639 4051 meliori
2686 4011 2785 4067 spe
2838 3994 3068 4060 nitetur,
3122 3999 3518 4064 exspectansa

1924 4091 2039 4150 Deo
2069 4091 2343 4164 patientia:
2369 4105 2488 4147 suae
2525 4088 2836 4161 praemium.
2871 4089 2949 4145 Ac
2979 4087 3250 4160 siquando
3275 4087 3332 4142 in
3364 4086 3517 4142 cala-

1927 4186 2174 4240 mitatem
2200 4184 2440 4254 aliquam
2469 4180 2747 4250 inciderit,
2778 4196 2904 4238 cum
2941 4180 3146 4252 ingenti
3181 4179 3383 4236 ﬁducia
3417 4193 3519 4250 par

1896 4279 2032 4346 sibi
2069 4279 2262 4336 referri
2286 4292 2316 4333 a
2349 4277 2461 4334 Deo
2493 4275 2814 4348 postulabit.
2876 4291 2880 4294 -

1996 4373 2060 4430 S.
2094 4371 2288 4445 Cyrill.
2321 4402 2391 4415 υ·-
2422 4371 2694 4428 Praeclara
2739 4381 2905 4440 atque
2946 4366 3300 4425 aemulatione
3346 4362 3511 4436 digna

1923 4468 2143 4524 bonitas
2173 4476 2279 4534 est,
2308 4465 2750 4535 misericordiam
2783 4464 2852 4520 iis
2878 4463 2971 4534 qui
3009 4476 3110 4519 nos
3148 4458 3276 4516 odio
3307 4459 3514 4514 habere

224 4529 448 4634 irai-ripe
475 4536 634 4634 χεῖρα
667 4537 857 4612 φέρειν
905 4542 1225 4619 ἐπίκουρον⁹
1275 4529 1565 4621 βούλεσθαι
1609 4529 1676 4610 ’δὲ

1939 4563 2109 4617 rolunt
2130 4567 2414 4632 praestare,
2434 4573 2766 4629 manumque
2789 4557 2844 4612 in
2861 4555 3123 4612 auxilium
3147 4552 3325 4619 ferre;
3348 4551 3512 4623 quin-

224 4620 422 4688 σώζειν
472 4627 695 4697 αὐτοὺς,
729 4634 829 4688 οὐκ
885 4637 1248 4708 ἐμϐαίνοντας
1281 4620 1510 4715 μᾶλλον,
1558 4650 1656 4703 καὶ
1695 4646 1810 4706 οἷον

223 4716 504 4812 κειμένοις
561 4720 1134 4798 ὲποχουμὲνους,,καὶ
1184 4736 1285 4807 τῆς
1339 4740 1572 4812 ἐνούσης
1620 4745 1809 4811 αὐτοῖς

217 4807 543 4912 sortema;
565 4818 1038 4889 καταμειδιῶντας
1088 4807 1606 4904 ἀφιλοικτιρμόνως,
1636 4807 1810 4912 δρῶνίο

218 4921 321 4971 τας
341 4905 397 4960 δὲ
421 4908 847 5005 μᾶλλονᾼὲκείνα,
876 4918 944 4972 τὰ
968 4917 1036 4971 δι’
1063 4914 1138 4988 ὧν
1163 4921 1268 4989 ἔξω
1285 4918 1528 4994 ’γένοιντο
1554 4905 1806 5005 παγίδος,

218 5001 580 5094 ποιουμένους
618 5003 676 5060 δὲ
702 5006 799 5064 καὶ
827 5008 978 5077 λιτὰς
1010 5013 1151 5088 ὑπὲρ
1177 5017 1363 5074 αὐτῶν
1401 5023 1539 5094 πρὸς
1573 5001 1666 5084 τὸν
1693 5001 1808 5085 τῶν

215 5091 356 5150 ὅλων
387 5095 508 5165 ὲεου
517 5098 791 5166 σιὰζοντα.

287 5185 402 5252 Τὰς
421 5194 709 5264 συμφορὰς
736 5193 929 5265 ἐλεεῖν,
956 5197 1017 5252 οὐ
1045 5203 1227 5272 μισεῖν
1255 5207 1555 5279 προσῆκεν.

212 5380 244 5467 ’⁸
288 5367 366 5467 Qt’a
396 5371 502 5446 χρὴ
530 5373 626 5467 ἐπὶ
653 5376 816 5432 παντὶ
845 5375 1102 5452 πτώματι
1125 5383 1221 5438 καὶ
1245 5385 1396 5461 πάσῃ
1441 5369 1690 5467 ἁμαρτίᾳ
1711 5395 1806 5451 ἀν·-

214 5458 438 5536 θρώπου
472 5466 820 5541 ἐπαίρεσθαι,
880 5473 1002 5529 οὐδὲ
1043 5458 1512 5552 ἐπιχαίρειν
1562 5458 1641 5558 τῷ
1665 5458 1804 5545 diro-

217 5557 650 5651 σλιετλιασθέντι,
683 5565 841 5622 κάντὶ
886 5567 1020 5642 δοκῇ
1065 5571 1094 5625 ὁ
1131 5571 1373 5649 τοιοῦτος
1399 5577 1593 5651 ἐχθρὸς
1613 5557 1804 5651 φόνιος

216 5638 378 5704 εἶναι·
418 5651 620 5724 μᾶλλον
644 5654 703 5714 δὲ
748 5638 1096 5736 συμπάσχειν
1118 5666 1218 5721 καὶ
1248 5638 1682 5741 συναλνῗείνίκαὶ

215 5742 318 5840 χὴν
342 5743 483 5818 ὑπὲρ
522 5748 690 5804 αὐτοῦ
735 5754 874 5825 πρὸς
900 5756 995 5811 τὸν
1031 5756 1180 5815 ιΘεδν
1225 5764 1524 5831 ποιεῖσθαι,
1570 5766 1798 5840 δεδιότα,

214 5835 315 5892 καὶ
358 5842 690 5924 πεφρικότα,
733 5847 826 5902 καὶ
853 5848 1311 5926 διαλογιζόμενον,
1357 5858 1571 5931 μήποτε
1622 5864 1651 5914 ὁ
1706 5835 1804 5934 μὲν

1911 4657 2076 4712 etiam
2104 4670 2297 4712 eorum
2331 4653 2496 4710 saluti
2561 4649 2811 4716 studere,
2866 4663 2971 4705 nec
3025 4656 3140 4703 tam
3191 4644 3536 4724 iacentibus,

1912 4749 2206 4814 insultare,
2236 4754 2292 4804 et
2331 4745 2611 4802 miseriam
2648 4743 2704 4799 in
2745 4757 2854 4815 qua
2884 4751 3184 4799 versantur
3212 4738 3506 4796 immiscri-

1910 4842 2158 4900 corditer
2180 4832 2432 4903 irridere.
2457 4854 2624 4910 quam
2671 4853 2738 4894 ea
2779 4835 2963 4892 facere
2986 4846 3043 4893 ct
3073 4832 3277 4899 moliri,
3304 4832 3506 4903 quibus

1909 4954 1942 4996 ο
1975 4939 2170 5010 laqueo
2198 4936 2363 4992 eximi
2393 4934 2632 5007 possint.
2665 4933 2746 4990 Ac
2802 4939 3072 5004 praeterea
3127 4928 3405 5002 supplices
3439 4927 3504 4980 :ul
3550 5000 3554 5006 _

1908 5046 2032 5086 cum
2069 5041 2169 5101 pro
2204 5027 2316 5085 illis
2349 5027 2445 5099 qui
2477 5026 2646 5082 rebus
2669 5023 2927 5081 omnibus
2942 5021 3283 5088 dominatur,
3314 5033 3504 5092 preces

1842 5173 1845 5177 .
1910 5124 2197 5180 adhibere.

1981 5216 2043 5274 S.
2076 5213 2222 5273 Nili.
2251 5245 2322 5259 -
2352 5213 2747 5272 Calamitatum
2791 5198 3046 5268 misereri
3077 5208 3502 5278 convenit,ynon

1907 5327 2002 5370 eas
2028 5312 2234 5369 odisse.
2305 5355 2307 5358 ι
3193 5355 3196 5358 .

1977 5405 2203 5464 Minime
2245 5421 2465 5479 aequum
2507 5413 2602 5465 est
2651 5406 2720 5462 ad
2752 5419 2971 5464 omnem
2997 5401 3240 5460 hominis
3279 5400 3496 5476 lapsum

1905 5509 1964 5556 et
1999 5511 2286 5572 peccatum
2311 5518 2435 5559 sese
2461 5501 2767 5560 insolenter
2785 5497 2999 5566 eﬂ'erre,
3029 5509 3084 5557 ct
3107 5498 3159 5568 ei
3193 5498 3288 5570 qui
3328 5499 3494 5556 mise-

1906 5595 2008 5652 riis
2036 5593 2288 5667 dejectus
2308 5595 2476 5667 jacet,
2519 5594 2811 5662 insultare,
2852 5593 3103 5667 quamvis
3132 5592 3336 5665 alioqui
3369 5608 3488 5649 cru-

1909 5687 2232 5747 delissimus
2261 5689 2436 5746 hostis
2466 5705 2590 5747 esse
2623 5689 2909 5756 videatur;
2943 5704 3134 5746 verum
3169 5686 3345 5758 ipsius
3390 5685 3502 5760 po;

1909 5779 2022 5837 tius
2058 5779 2234 5837 vicem
2263 5780 2472 5848 dolere,
2514 5796 2579 5839 ac
2603 5791 2727 5838 vota
2757 5793 2860 5854 pro
2889 5794 2956 5837 eo
2981 5779 3049 5834 ad
3086 5777 3256 5836 Deum
3292 5777 3498 5851 facere,

1912 5879 2170 5943 metuque
2203 5883 2257 5933 et
2292 5889 2493 5946 pavore
2520 5872 2680 5946 alﬁci,
2725 5889 3025 5956 secumque
3064 5880 3341 5946 reputare,
3372 5872 3489 5932 fieri
