4014 6302
502 333 642 402 I535

1678 337 1739 399 S.
1765 337 2088 402 IOANNIS
2128 342 2559 410 DAMASCENI

3644 353 3778 422 I536

495 463 659 518 posse
680 455 748 536 ut
777 447 867 506 ille
904 448 1000 521 qui
1057 448 1308 521 dejectus
1365 449 1738 527 subactosque
1767 451 1932 526 509
1970 463 2079 520 est,

2211 460 2624 528 ιποσκελισθεὶς,
2678 463 3080 535 τροπαιοφόρος
3141 462 3458 536 ἀναδειχθῇ,
3520 450 3576 518 δ’
3608 465 3778 519 δὲνο-

495 533 685 599 νίειοιί
711 541 930 598 tandem
971 541 1193 615 evadat,
1225 543 1272 600 is
1329 559 1461 601 vero
1490 545 1585 616 qui
1637 553 1788 602 stare
1843 547 2084 617 videtur,

497 641 696 706 praeter
727 635 1194 707 exspectationem
1226 651 1383 692 suam
1445 638 1776 710 gravissime
1834 649 2082 707 corruat,

490 735 546 781 et
572 727 629 783 in
655 726 926 799 ejusmodi
963 727 1121 799 lapsu
1150 727 1407 787 intereat.
1443 730 1815 797 Quamobrem
1845 732 2086 806 inimicis

491 820 722 877 omnino
759 835 859 875 nos
894 833 1120 891 parcere
1161 827 1404 892 oportet,
1457 835 1584 878 cum
1619 822 1678 879 in
1716 834 1961 882 nostram
1987 840 2086 898 po-

495 920 753 969 testatem
779 927 1002 970 venere.

567 1005 627 1061 Si
652 1005 963 1078 quempiam
991 1020 1124 1062 raro
1151 1021 1180 1062 a
1215 1007 1438 1064 virtutis
1460 1008 1742 1066 curriculo
1768 1009 2084 1081 deﬂectere,

496 1107 553 1157 et
579 1099 637 1155 in
675 1097 884 1156 diaboli
930 1101 1178 1157 fraudem
1218 1103 1505 1175 contingat
1538 1103 1673 1169 labi,
1708 1119 1844 1162 cave
1874 1106 1941 1162 de
1965 1109 2086 1176 ipso

497 1193 599 1250 tibi
637 1192 916 1250 calculum
959 1209 1170 1262 sumas,
1229 1209 1470 1265 eumque
1524 1197 1884 1256 condemnes.
1933 1198 2085 1268 Quin

497 1284 634 1344 time
662 1285 844 1357 potius
876 1300 944 1341 ne
976 1297 1032 1342 tu
1068 1302 1292 1358 quoque
1317 1287 1477 1344 simul
1514 1288 1706 1346 cadas.

570 1381 825 1434 Aliorum
871 1378 1044 1434 laetari
1089 1379 1430 1447 calamitate,
1472 1383 1579 1437 etsi
1629 1382 1965 1457 quandoque
1991 1384 2084 1458 ju-

500 1480 648 1528 stum
683 1480 789 1540 est,
818 1479 1000 1529 tamen
1033 1473 1100 1528 ab
1133 1471 1478 1530 humanitate
1504 1472 1772 1532 alienum.

501 1583 638 1640 ΤΙΤ.
684 1583 897 1640 XV.-—
925 1584 1003 1639 De
1043 1586 1405 1655 beneﬁcentia,
1450 1597 1503 1644 et
1553 1588 1820 1646 oblatione
1866 1580 1934 1646 ea:
1979 1591 2089 1647 ini-

1023 1657 1141 1728 quis
1177 1655 1360 1726 opibus
1393 1659 1565 1729 facta.

573 1745 816 1805 IParal.
873 1763 1005 1815 ιιι,
1046 1749 1138 1813 22,
1171 1749 1264 1803 25.
1309 1777 1378 1790 σι·-
1415 1768 1434 1804 ι
1477 1749 1626 1806 Dixit
1665 1751 1839 1810 David
1871 1752 2082 1811 Ornat:

501 1841 580 1896 Da
628 1841 765 1897 mihi
804 1841 985 1897 locum
1048 1856 1209 1908 areae,
1263 1851 1321 1897 et
1369 1841 1657 1900 aediﬁcabo
1705 1845 1760 1900 in
1813 1862 1876 1902 ea
1908 1847 2082 1905 altare
2114 1813 2159 1870 Β

2189 551 2355 624 μίσας
2386 553 2660 618 ἵστασθαι,
2691 553 2931 621 ἐξαίσιον
2949 553 3178 628 ὕστερον
3211 556 3415 626 πτῶμα
3447 556 3777 628 καταρραγῇ

2187 646 2340 722 παρά
2364 646 2465 718 τὴν
2487 647 2841 720 προσδοκίαν,
2876 647 2973 702 καὶ
3016 647 3326 720 ὲναποθάνῃ
3359 648 3436 719 τῷ
3494 647 3775 717 πτώματι.

2185 740 2285 794 Διά
2314 739 2471 794 τοῦτο
2507 739 2631 793 τότε
2667 740 2902 811 μάλιστα
2931 740 3013 794 δεῖ
3061 740 3343 810 φείδεσθαι
3391 739 3505 793 τῶν
3540 740 3777 814 ἔχθρῶν,

2185 833 2312 889 ὅταν
2338 833 2519 888 αὐτῶν
2537 832 2828 905 γενώμεθα
2861 833 3066 906 κύριοι.

2256 1010 2376 1066 Κάν
2403 1007 2507 1064 πού
2535 1026 2659 1064 τινα
2687 1008 2930 1072 σπανίως
2960 1008 3144 1081 συμϐῇ
3194 1007 3485 1063 ἀποκλῖναι
3508 1007 3614 1079 τῆς
3649 1009 3780 1080 dpo-

2184 1099 2306 1172 τῆς,
2352 1101 2449 1154 καὶ
2501 1099 2583 1170 τῷ
2630 1097 2866 1169 διαϐόλῳ
2908 1101 3287 1171 παραπεσεῖν,
3325 1099 3398 1172 μὴ
3432 1098 3556 1153 θέλε
3585 1099 3782 1153 τοῦτον

2185 1191 2448 1258 δικάζειν,
2481 1192 2576 1247 καί⁵
2605 1192 2976 1264 κατακρίνειν.
3002 1192 3170 1246 Φοϐοὖ
3198 1193 3256 1247 δὲ
3302 1192 3530 1264 μᾶλλον,
3570 1191 3650 1265 μὴ
3687 1193 3785 1247 καὶ

2187 1284 2718 1357 συμπτωματισθῇς.

2251 1375 2478 1448 Χαίρειν
2499 1377 2594 1432 ἐπὶ
2614 1380 2734 1442 ταῖς
2752 1377 2862 1432 τῶν
2902 1378 3112 1450 ἐχθρῶν
3145 1379 3414 1452 ἀτυχίαις,
3461 1381 3514 1435 εί
3563 1380 3665 1434 καὶ
3701 1379 3782 1434 δί-

2185 1469 2342 1525 καιόν
2366 1488 2520 1540 ποτε,
2548 1471 2668 1527 ἀλλ’
2693 1472 2793 1527 οὑκ
2815 1471 3174 1545 ἀνθρώπινον.

2187 1587 2367 1644 ΤΙΤΛ.
2385 1585 2485 1645 IE'.
2509 1619 2578 1632 --
2596 1587 2734 1659 Περὶ
2748 1591 3115 1662 εὐεργεσίας,
3128 1591 3167 1660 ἢ
3186 1589 3541 1662 προσφορᾶς
3561 1591 3633 1657 ἐξ
3661 1591 3785 1646 ἀεί-

2720 1678 2847 1716 κων
2871 1660 3215 1731 γινομένης.

2262 1775 2281 1809 ι
2319 1748 2488 1810 Εἶπεν
2510 1752 2674 1809 Δαϐὶδ
2715 1754 2792 1827 τῷ
2829 1755 3014 1829 Ὀριᾷξ
3065 1755 3163 1818 Δός
3190 1773 3280 1825 μοι
3309 1755 3476 1810 τόπον
3507 1759 3610 1828 τῆς
3643 1759 3779 1822 ἅλω,

2187 1850 2280 1904 καὶ
2331 1848 2673 1932 οἰκοδομήσω
2729 1848 2791 1902 ὲν
2845 1847 2987 1918 αὐτῇ
3017 1846 3402 1920 θυσιαστήριον
3431 1848 3512 1920 τῷ
3559 1851 3780 1920 Κυρίῳ·

502 1934 734 1990 Domino
764 1951 778 1989 :
817 1951 918 2006 pro
950 1935 1186 2005 pecunia
1219 1934 1386 2008 digna
1417 1936 1487 1992 da
1525 1953 1645 1993 eam
1687 1939 1843 2007 mihi,
1878 1947 1934 1996 et
1959 1956 2084 1998 ces-

2211 1940 2449 2014 ιργυρίου
2468 1940 2557 2005 δός
2580 1957 2671 2012 μοι
2691 1938 2874 2008 αὐτὸν,
2908 1939 3003 1994 καὶ
3034 1938 3359 2012 παύσεταιὴ
3381 1941 3564 2012 πληγὴ
3597 1945 3666 1996 ἐκ
3686 1944 3783 1998 τοῦ

501 2027 652 2082 sabit
685 2028 846 2098 plaga
902 2042 933 2082 a
974 2028 1201 2099 populo.
1235 2028 1301 2083 Et
1356 2028 1501 2085 dixit
1549 2028 1701 2086 Orna
1745 2032 1812 2087 ad
1861 2032 2078 2092 David:

500 2119 703 2188 Accipe
740 2119 866 2185 tibi,
914 2126 971 2175 et
1028 2119 1198 2175 faciat
1254 2120 1513 2177 dominus
1576 2138 1735 2180 meus
1779 2139 1874 2179 rex
1935 2125 2085 2196 quod

501 2212 709 2268 bonum
748 2221 834 2268 est
861 2212 918 2267 in
970 2222 1284 2284 conspectu
1336 2228 1460 2271 suo.
1495 2212 1564 2269 Et
1604 2215 1747 2271 dixit
1779 2232 1874 2273 rex
1909 2235 1922 2272 :
1973 2215 2084 2275 Ne-

498 2321 808 2376 quaquam,
861 2320 1040 2361 emam
1093 2314 1321 2378 argento
1379 2308 1579 2378 quanti
1624 2309 2085 2384 valuerit:.quia

503 2415 614 2456 non
643 2415 859 2456 sumam
892 2409 985 2455 tua
1028 2399 1284 2466 Domino,
1339 2407 1400 2455 ut
1429 2399 1655 2458 oii‘eram
1697 2401 2085 2461 holocaustum

502 2493 679 2564 gratis
715 2490 950 2549 Domino
1006 2491 1138 2549 Deo.
1203 2491 1270 2547 Et
1327 2492 1483 2548 dedit
1539 2492 1711 2550 David
1765 2495 1929 2553 Ornae
1986 2512 2088 2567 pro

504 2586 628 2641 loco
654 2584 764 2642 isto
806 2585 977 2642 siclos
1010 2585 1158 2654 auri,
1189 2585 1457 2656 ponderis
1495 2584 1822 2658 justissimi,
1854 2602 2087 2646 sexcen-

501 2689 614 2738 tos.
654 2700 672 2734 ι

577 2773 746 2830 Eccli.
792 2789 982 2842 xxxrv,
1028 2774 1139 2841 21,
1174 2775 1265 2840 24,
1305 2773 1398 2832 28.
1445 2808 1516 2818 —
1551 2794 1572 2830 ι
1626 2776 1970 2835 lmmolantis
2021 2795 2090 2836 ex

504 2865 699 2930 iniquo
730 2865 911 2921 hostia
954 2872 1273 2934 contempla
1305 2874 1414 2932 est,
1447 2882 1550 2924 nec
1583 2868 1926 2939 beneplacita
1953 2878 2089 2926 sunt

504 2973 736 3016 munera
778 2959 1127 3030 iniquorum.
1163 2957 1265 3026 Qui
1301 2958 1463 3015 oll‘ert
1493 2961 1832 3019 sacriﬁcium
1858 2977 1925 3018 ex
1960 2963 2092 3020 sub-

506 3053 714 3110 stantia
772 3067 1098 3124 pauperum,
1148 3051 1308 3126 quasi
1364 3053 1458 3124 qui
1516 3054 1767 3109 victimat
1820 3055 1995 3112 illium
2032 3057 2090 3112 in

2185 2033 2337 2089 λαοῦ.
2361 2033 2472 2088 Καὶ
2496 2028 2651 2088 εἷπεν
2689 2031 2856 2105 Ὀρνᾶ
2884 2030 3022 2104 πρὸς
3044 2030 3226 2084 Δαϐίδ·
3252 2031 3403 2085 Λάϐε
3424 2031 3669 2104 σεαυτῷ,
3688 2036 3785 2087 καὶ

2186 2127 2470 2198 ποιησάτω
2497 2126 2526 2180 ό
2547 2124 2737 2198 κύριός
2765 2141 2867 2196 μου
2891 2125 2920 2180 ὁ
2941 2122 3199 2194 βασιλεὺς
3229 2123 3289 2178 τὸ
3307 2123 3514 2194 ἀγαθὸν
3544 2124 3791 2181 ἐνώπιον

2185 2218 2372 2277 αὐτοῦ.
2406 2220 2515 2274 Καὶ
2548 2216 2702 2272 εἶπεν
2729 2219 2758 2272 ό
2778 2216 3029 2288 βασιλεύς
3051 2229 3067 2248 ⁶
3098 2216 3234 2288 Οὐχί
3254 2232 3269 2247 ·
3293 2216 3411 2271 ἀλλ’
3442 2217 3476 2289 ἢ
3518 2218 3792 2289 ἀγοράσω

2186 2313 2450 2386 ἀργυρίου
2501 2311 2681 2378 ἀξίου,
2716 2311 2883 2366 ὅτιού
2939 2309 3017 2384 μὴ
3069 2310 3222 2365 λάϐω
3250 2310 3317 2364 τὰ
3364 2309 3434 2365 σά
3465 2310 3546 2382 τῷ
3583 2311 3792 2384 Κυρίῳ

2187 2406 2504 2474 ἀνενεγκεῖν
2538 2402 2903 2458 ὁλοκαύτωσιν
2929 2402 3140 2474 δωρεάν
3171 2401 3364 2475 Κυρίῳ
3394 2402 3474 2474 τῷ
3504 2402 3647 2475 Θεῷ.
3674 2404 3793 2458 Καὶ

2188 2496 2358 2552 ἔδωκε
2409 2495 2573 2552 Δαϐὶδ
2603 2495 2686 2567 τῷ
2738 2496 2908 2571 Ὀρνᾷ
2948 2496 3080 2569 περὶ
3109 2495 3278 2552 τόπου
3334 2495 3503 2571 αὑτοῦ
3557 2496 3792 2563 σίκλους

2189 2587 2412 2661 χρυσίου
2448 2587 2617 2660 ὁλκῆς
2648 2583 2984 2654 ἑξακοσίους.
3021 2605 3041 2643 ι

2268 2793 2288 2828 ι
2316 2772 2673 2838 Θυσιάζοντος
2694 2767 2974 2844 ίξξάδίκων
3009 2767 3172 2824 θυσία
3212 2767 3626 2842 μεμωκημένη,
3692 2768 3797 2826 καὶ

2192 2868 2293 2923 οὐκ
2337 2868 2420 2932 εἰς
2468 2863 2718 2920 εὐδοκίαν
2772 2863 3079 2935 δωρήματα
3158 2863 3399 2934 ἀνόμων.
3440 2862 3613 2918 θύων
3671 2863 3798 2919 υἱὸν

2194 2957 2376 3014 ἔναντι
2406 2955 2612 3029 πατρὸς
2651 2952 2842 3023 αὐτοῦ,
2873 2952 3049 3017 οὕτως
3095 2953 3125 3006 ό
3156 2953 3451 3025 προσάγων
3483 2951 3690 3009 θυσίαν
3729 2957 3798 3011 ἐκ

2194 3050 2496 3125 χρημάτων
2526 3048 2794 3120 πενήτων.
2851 3040 2948 3111 Εἷς
2967 3045 3289 3119 οἰκοδομῶν,
3321 3047 3419 3102 καὶ
3465 3045 3551 3111 εἷς
3581 3047 3798 3104 nam.

505 3153 808 3218 conspectu
839 3145 1014 3216 patris
1037 3145 1150 3201 sui.
1184 3142 1337 3201 Unus
1365 3145 1676 3214 aediﬁcans,
1709 3154 1767 3202 et
1812 3164 1958 3206 unus
1988 3149 2086 3206 de-

2211 3143 2326 3200 x‘bv'
2352 3144 2438 3208 τίς
2453 3141 2693 3213 ὠφέλεια
2727 3139 2907 3196 πλέων
2935 3138 2970 3211 ἢ
3001 3140 3205 3208 κόποςς
3237 3136 3321 3205 εἷς
3348 3140 3676 3214 εὐχόμενος,
3695 3145 3799 3198 καὶ

507 3250 762 3309 struens;
791 3240 920 3313 quid
952 3239 1184 3313 prodest
1208 3239 1318 3296 illis
1350 3239 1452 3296 nisi
1486 3239 1692 3296 labor?
1715 3239 1870 3299 Unus
1896 3257 2090 3312 orans,

504 3339 561 3388 et
588 3348 734 3389 unus
769 3333 1144 3403 maledicens;
1181 3331 1478 3406 cujusnam
1528 3349 1720 3392 vocem
1753 3335 1943 3392 audiet
1985 3335 2094 3394 Do-

504 3423 729 3479 minus?
763 3441 784 3477 ι

576 3513 642 3570 S.
682 3513 957 3586 Chrysost.
999 3545 1068 3557 —
1095 3515 1201 3584 Qui
1241 3530 1331 3573 res
1379 3515 1613 3576 alterius
1663 3529 1918 3593 usurpat,
1970 3536 2135 3606 casn

503 3619 614 3678 que
633 3607 789 3664 alteri
832 3609 1052 3676 tribuit,
1082 3625 1193 3666 non
1225 3608 1395 3668 modo
1419 3610 1824 3671 misericordia:
1857 3630 2088 3675 munere

502 3716 616 3756 non
654 3700 926 3773 fungitur,
958 3703 1053 3759 sed
1093 3709 1150 3760 et
1179 3702 1514 3775 gravissimo
1540 3706 1753 3763 scelere
1790 3722 1851 3763 se
1880 3709 2088 3765 astrin-

497 3793 608 3864 git.
637 3793 774 3850 Nam
805 3795 851 3852 si
875 3811 944 3852 cx
981 3796 1052 3853 iis
1089 3811 1212 3869 qua:
1243 3805 1444 3869 praeter
1464 3798 1560 3868 jus
1587 3800 1894 3873 collegisti,
1921 3803 2090 3861 mise-

505 3884 671 3954 reris,
711 3894 764 3942 te
793 3888 982 3960 potius
1011 3902 1204 3944 eorum
1229 3889 1511 3958 misereat,
1545 3889 1756 3963 quibus
1788 3892 1965 3952 infers
2005 3898 2090 3952 in—

501 3978 731 4048 iuriam.
766 3981 983 4038 Etenim
1019 3982 1069 4039 is
1098 3981 1318 4039 demum
1354 3982 1483 4056 pius
1519 3984 1808 4044 habendus
1836 3995 1945 4056 est,
1977 4006 2085 4048 non

2193 3235 2275 3305 εἷς
2297 3233 2714 3310 καταρώμενος·
2745 3235 2890 3301 τίνος
2907 3233 3090 3305 φωνῆς
3108 3233 3489 3292 είσακούσεται
3522 3237 3550 3291 ό
3573 3238 3800 3292 Δεσπό-

2193 3350 2372 3408 τηςςι

2278 3518 2338 3571 '0
2364 3516 2432 3571 τά
2458 3514 2646 3589 ἑτέρου
2678 3510 2998 3585 λαμϐάνων,
3046 3509 3146 3566 καὶ
3168 3511 3342 3584 ἑτέρῳ
3375 3508 3554 3575 διδοὺς
3591 3509 3710 3565 οὐκ
3735 3510 3800 3582 ἢ-

2194 3611 2411 3685 λέησεν,
2442 3607 2579 3666 ἀλλὰ
2606 3605 2702 3663 καὶ
2725 3606 2988 3679 ἠδίκησεν
3032 3602 3249 3660 ἀδικίαν
3279 3604 3381 3678 τὴν
3407 3603 3677 3676 ἐσχάτην.
3731 3605 3799 3660 Et

2198 3706 2299 3779 μὲν
2327 3703 2436 3778 γάρ
2463 3703 2634 3768 ἐλεεῖς
2661 3699 2724 3768 ἐξ
2766 3692 2842 3755 ὧν
2869 3699 3100 3767 ἀδικεῖς,
3148 3697 3383 3770 ῑλέησον,
3421 3695 3518 3763 οὓς
3549 3698 3797 3763 ἀδικεῖς.

2195 3798 2444 3872 Εὐσεϐὴς
2486 3796 2595 3870 γὰρ
2623 3796 2853 3862 ἐκεῖνος,
2892 3793 2994 3866 οὐχ
3043 3793 3074 3847 ό
3106 3791 3339 3857 πολλοὺς
3368 3791 3558 3859 ἐλεῶν,
3604 3791 3738 3847 ἀλλ’
3769 3794 3800 3846 ό

2199 3891 2366 3965 μηδὲν
2387 3887 2741 3946 ἀδικῶν.Ἕτι
2764 3883 2829 3958 [Ῑ.
2847 3883 2992 3958 εἴτι]
3017 3883 3077 3937 δὲ
3103 3883 3199 3940 καὶ
3216 3881 3376 3937 πάλιν
3397 3881 3572 3937 ίλεεῐν
3593 3881 3799 3956 βούλῃ,

2205 3988 2428 4059 ὲλέησον
2468 3982 2576 4040 ἀπὸ
2603 3979 2713 4035 σῶν
2745 3975 2976 4053 καρπῶν
3005 3975 3377 4049 δικαιοσύνης.

503 4077 598 4148 qui
625 4079 926 4135 multorum
959 4080 1314 4150 misereatur,
1346 4082 1447 4140 sed
1488 4083 1584 4156 qui
1638 4083 1918 4144 neminem
1977 4089 2183 4162 injuria
2242 4085 2470 4144 abiciat.
2511 4079 2671 4149 Quod
2723 4077 2770 4135 si
2829 4073 3272 4133 misericordiam
3337 4074 3630 4148 impertire
3677 4074 3799 4151 vis,

504 4176 573 4233 de
604 4175 839 4248 justitia:
878 4177 1159 4236 fructibus
1200 4179 1252 4235 id
1297 4179 1488 4238 facito.

580 4268 636 4323 Si
671 4270 1003 4341 pauperibus
1039 4271 1305 4338 seminus,
1347 4287 1472 4345 qua
1522 4282 1615 4332 tua
1651 4285 1782 4334 sunt
1818 4277 2085 4336 semines.

511 4361 701 4417 Aliena
754 4362 1031 4432 siquidem
1093 4364 1386 4421 acerbiora
1441 4366 1674 4427 aizaniis
1736 4377 1888 4426 sunt.
1952 4369 2088 4426 Nam

509 4468 704 4526 agrum
741 4455 879 4512 colis
909 4471 1070 4528 quem
1101 4468 1311 4515 metere
1344 4474 1452 4515 non
1481 4463 1688 4532 possis.

2263 4271 2327 4326 Et
2362 4266 2608 4338 σπείρεις
2637 4261 2893 4334 πτωχοῖς,
2923 4259 2994 4314 τὰ
3027 4257 3255 4313 σεαυτοῦ
3287 4260 3531 4331 σπεῖρον.
3566 4262 3656 4318 Τὰ
3688 4267 3800 4339 γὰρ

2192 4362 2453 4434 ἀλλότρια
2479 4355 2736 4423 ζιζανίων
2788 4351 3108 4426 πικρότερα·
3139 4354 3408 4424 γεωργεῖς
3435 4353 3549 4427 γὰρ
3593 4351 3798 4430 ἀγρὸν,

2195 4456 2256 4512 ὃν
2287 4454 2501 4527 θερίσαι
2524 4451 2585 4508 οὐ
2612 4448 2860 4506 δύνασαι.

505 4563 648 4621 TIT.
674 4561 817 4622 XVI.
851 4599 921 4644 -τ
949 4567 1048 4644 De_
1069 4569 1515 4644 redemptoribus,
1552 4581 1602 4644 et
1630 4575 2087 4644 procuratoribus,

2211 4571 2380 4644 I‘I'I‘A.
2413 4564 2778 4644 [qn-7118,31
2811 4560 3169 4644 ἐργζολασῷν,
3197 4561 3297 4644 fta}
3344 4561 3674 4644 έῇολέων,
3712 4571 3800 4638 εις

825 4639 916 4711 qui
948 4655 1002 4694 se
1029 4639 1084 4693 in
1108 4639 1310 4695 alienas
1341 4642 1461 4697 tim
1498 4643 1770 4714 inﬁciunt.

582 4727 741 4786 Prov.
812 4746 976 4798 xxvi,
1038 4730 1124 4786 I7.
1159 4762 1231 4774 --
1287 4750 1308 4785 ι
1367 4731 1524 4790 Sicut
1570 4735 1668 4805 qui
1725 4739 2091 4808 apprehendit

508 4823 741 4879 caudam
771 4823 950 4888 canis,
988 4822 1083 4881 sio
1099 4824 1195 4896 qui
1237 4834 1438 4898 praaest
1472 4827 1555 4882 liti
1591 4829 1804 4885 alienae.
1856 4849 1875 4884 ι

581 4911 692 4970 ha.
739 4929 988 4984 xxxvm,
1026 4913 1206 4970 '7.——
1251 4933 1270 4969 ι
1331 4915 1639 4972 Consilium
1711 4920 2088 4992 improborum

510 5007 706 5080 iniqua
735 5008 857 5064 vult
887 5027 902 5065 :
942 5008 1128 5066 delere
1167 5010 1408 5067 humiles
1450 5011 1808 5070 sermonibus
1839 5013 2087 5085 injustis,

509 5110 566 5157 et
592 5100 864 5173 dissipare
885 5117 1170 5160 sermones
1198 5106 1498 5175 pauperum
1531 5104 1586 5159 in
1614 5103 1850 5176 judicio.
1889 5126 1908 5160 ι
2016 5141 2038 5162 .

583 5193 754 5250 Eccti.
784 5210 938 5260 xxix,
968 5195 1060 5252 26.
1102 5225 1171 5235 -
1198 5213 1216 5249 ι
1253 5195 1364 5265 Qui
1408 5205 1645 5254 conatur
1691 5200 1864 5256 multa
1905 5217 2088 5275 agere,

511 5287 718 5342 incidet
742 5287 798 5343 in
830 5288 1118 5360 judicium.
1161 5309 1179 5343 ι

584 5379 754 5436 Eccli.
782 5395 862 5447 ιι,
889 5381 944 5437 ο.
974 5413 1045 5423 -
1078 5400 1098 5435 ι
1137 5381 1215 5438 De
1244 5383 1465 5456 negotio
1488 5385 1637 5457 quod
1683 5387 1785 5443 tibi
1830 5401 2090 5444 necessa-

513 5473 657 5528 rium
687 5489 799 5530 non
837 5483 945 5545 est,
987 5489 1056 5533 ne
1096 5476 1354 5534 certeris.
1386 5495 1405 5529 ι

513 5585 650 5642 ΤΙΤ.
693 5585 858 5643 XVII.
884 5617 956 5630 --
980 5587 1056 5644 De
1089 5589 1270 5658 probis
1295 5589 1577 5660 episcopis,
1623 5601 1672 5646 et
1706 5592 1966 5647 mandata
1993 5591 2092 5649 Dei

1126 5661 1478 5716 servantibus.

588 5746 752 5805 Leuit.
789 5765 901 5813 ιιι,
925 5750 1009 5816 l7,
1029 5750 1122 5816 23,
1152 5751 1340 5807 H.—-—«
1364 5750 1556 5810 Omnis
1577 5748 1817 5810 liomo'in
1836 5770 1950 5826 quo
1978 5755 2093 5812 iue-

519 5845 589 5901 rit
614 5844 847 5913 macula,
881 5859 991 5902 non
1013 5845 1238 5905 accedet
1267 5852 1326 5903 ut
1348 5847 1561 5906 olicrat.
1582 5849 1759 5909 llomo
1779 5865 1984 5918 cacus,
2009 5851 2092 5909 vel

2331 4631 2659 4710 ἀλλοτρίας
2695 4631 2870 4702 δίκαζε
2898 4631 3154 4699 ἑαυτοὺς
3184 4633 3648 4703 ἐμϐαλλόντων.

2267 4737 2515 4807 (Ὠσπερ
2543 4733 2572 4788 ό
2589 4729 2812 4804 κρατῶν
2833 4727 3034 4801 κέρκου
3058 4726 3246 4791 κυνὸς,
3261 4725 3434 4792 οὕτως
3449 4728 3480 4782 ό
3504 4732 3796 4802 προεστὼς

2189 4830 2482 4903 ἀλλοτρίας
2505 4825 2766 4899 κρίσεως.
2792 4841 2811 4876 ›

2267 4942 2285 4976 ι
2315 4920 2493 4994 Βουλῆ
2524 4918 2632 4973 τῶν
2661 4915 2918 4987 πονηρῶν
2963 4914 3140 4985 ἄνομα
3173 4912 3444 4985 βούλεται,
3478 4918 3795 4987 καταφθεῖ-

2192 5036 2285 5091 ραι
2312 5013 2606 5078 ταπεινοὺς
2631 5014 2693 5066 ὲν
2711 5010 2894 5079 λόγοις
2930 5007 3161 5075 ἀδίκοις,
3192 5007 3287 5062 καὶ
3316 5007 3685 5069 διασκεδάσαι
3711 5013 3795 5067 λό-

2190 5126 2322 5180 γους
2348 5106 2601 5168 πενήτων
2624 5105 2684 5159 ὲν
2708 5100 2909 5172 κρίσει.
2947 5119 2966 5154 ι

2274 5202 2334 5256 '0
2363 5199 2578 5255 διώκων
2610 5195 2990 5272 ἑργολάϐειαν,
3022 5193 3349 5264 ἐμπεσεῖται
3378 5193 3462 5259 εἰς
3486 5196 3703 5268 κρίσιν.
3730 5216 3751 5251 ι

2268 5398 2286 5432 ι
2319 5377 2457 5449 Περὶ
2486 5376 2812 5448 πράγματος
2848 5369 2910 5431 οὗ
2948 5376 3048 5430 οὐκ
3073 5373 3187 5430 ἔστι
3210 5393 3292 5430 σοι
3329 5376 3514 5448 χρεία,
3561 5377 3639 5453 μὴ
3673 5380 3790 5453 Egi.

2194 5474 2329 5539 θιζε.
2371 5493 2389 5525 ο

2194 5591 2377 5646 ΤῙΤΛ.
2411 5586 3091 5659 ιΖ⁹.-Περίέπισκόπωνξ
3107 5583 3524 5659 χρηστῶν,]ιαὶ
3555 5591 3788 5659 φυλστ.

2494 5661 2719 5714 τόντων
2749 5659 2855 5726 τᾲς
2881 5657 3134 5726 ἐντολὰς
3156 5656 3264 5713 τοῦ
3292 5656 3463 5714 Θεοῦ.

2271 5772 2290 5805 ι
2316 5754 2428 5818 Πᾶς
2459 5752 2767 5824 ἄνθρωπος,
2787 5744 2835 5821 ᾧ
2858 5747 2976 5824 ἂνῇ
3011 5750 3205 5822 μῶμος
3234 5753 3293 5805 ἐν
3320 5751 3489 5823 αὐτῷ,
3520 5753 3586 5807 ού
3619 5770 3783 5825 προσ-

2200 5847 2477 5903 ελεύσεται
2509 5845 2859 5920 προσφέρειν.
2901 5843 3228 5919 Ἀνθρωπος
3264 5844 3482 5917 τυφλὸς,
3523 5845 3560 5917 ἢ
3592 5846 3782 5921 χωλρς,
