4014 6302
259 393 396 461 T537

1420 477 1422 479 >
1465 395 1702 457 SACRA
1740 392 2208 458 PARALLELA.

3401 350 3635 459 153s

253 507 290 577 ἢ
324 503 625 577 κολοδόριν,
689 503 722 578 ἦ
760 503 1105 578 ἀπότμητος,
1160 506 1195 580 ἢ
1247 499 1294 576 ᾧ
1347 507 1415 563 ἂν
1456 504 1843 584 ᾖσύντριμμα

1972 508 2216 576 :laudus,
2256 503 2340 563 vel
2379 519 2514 562 uaso
2566 505 2842 573 tmnilato,
2879 505 2964 562 vel
3010 505 3236 563 auribus
3288 517 3544 579 amputa-

257 596 494 668 χειρδςῆ
523 595 704 662 ποδὸς,
735 596 768 667 ἢ
795 599 1016 669 κυρτὸς,
1052 597 1087 669 ἢ
1118 597 1315 670 ἐφηλος
1341 599 1470 664 τοὺς
1497 599 1851 670 ὀφθαλμοὺς,

255 689 291 762 ἢ
317 687 559 755 πτιλλὸς,
587 689 622 762 ἢ
655 683 699 759 ᾧ
727 689 797 745 ἂν
898 691 957 745 ἑν
986 688 1140 764 αὐτῷ
1167 689 1330 763 ψώρα
1358 692 1552 762 ἀγρία,
1581 693 1615 764 ἢ
1646 692 1856 766 λειχὴν,

256 779 290 853 ἢ
325 780 600 852 μονόρχις,
642 780 705 834 οὐ
750 782 1072 854 προσεγγιεῖ
1114 779 1207 836 τοῦ
1240 784 1636 853 προσενεγκεῖν
1663 781 1858 845 θυσίας

258 872 472 945 Κυρίῳ,
527 873 609 927 ὅτι
642 869 835 943 μῶμος
870 873 929 927 ἐν
972 870 1142 943 αὐτῷ.
1179 871 1316 927 Ἀπὸ
1370 871 1482 926 τῶν
1526 870 1718 943 δώρων
1749 870 1859 927 τῶν

258 965 432 1035 ἀγίων
459 964 716 1036 φάγεται,
744 963 886 1037 πλὴν
908 964 1045 1037 πρὸς
1076 963 1139 1019 rb
1165 964 1568 1037 καταπέτασμα
1589 965 1652 1019 ού
1683 981 1858 1036 προσ-

258 1057 563 1124 ελεύσεταί,
593 1058 688 1113 καὶ
719 1057 857 1130 πρὸς
899 1057 961 1111 τὺ
1007 1057 1402 1130 θυσιαστήριόν
1433 1074 1535 1129 μου
1565 1056 1667 1111 οὐκ
1709 1056 1861 1127 ἐγγί-

261 1150 365 1217 ζει.
387 1145 628 1203 Γυναῖκα
657 1148 867 1221 πόρνην
909 1149 1001 1204 καὶ
1036 1147 1428 1222 βεϐηλωμένην
1466 1149 1529 1203 ού
1563 1149 1853 1222 λήψονται,

259 1244 344 1298 ὅτι
369 1243 516 1315 ἅγιοι
539 1240 698 1297 εἰσίν.
735 1259 756 1295 ι

342 1442 363 1476 ι
401 1423 464 1478 Oi
502 1421 672 1495 ίερεῖς
728 1439 822 1478 σου
857 1421 1168 1479 ἒνδύσονται
1221 1423 1608 1498 δικαιοσύνην,
1667 1425 1763 1479 καὶ
1804 1421 1857 1477 ol

265 1515 404 1570 ὅσιοί
437 1532 532 1569 σου
561 1515 878 1585 ἀγαλλιάσει
900 1515 1348 1586 ἀγαλλιάσονται.
1378 1536 1397 1570 ι

346 1629 364 1662 ι
393 1609 653 1676 Γνωστῶς
683 1610 969 1683 ὲπιγνώσῃ
990 1609 1168 1682 ψυχάς
1197 1611 1449 1682 ποιμνίου
1483 1627 1602 1678 σου,
1629 1610 1725 1666 καὶ
1746 1609 1860 1666 ἀπιε-

270 1705 489 1777 στήσεις
517 1703 748 1777 καρδίαν
783 1721 878 1758 σου
899 1707 1020 1768 σαῖς
1047 1703 1294 1775 ἀγέλαις,
1333 1724 1352 1756 ι

1961 599 2058 664 tis,
2093 597 2180 654 vel
2215 597 2531 668 cuicunque
2578 596 2750 668 510
2805 596 2974 654 fuerit
3025 597 3289 654 contritio
3344 614 3546 656 manus

1960 695 2058 744 aut
2101 687 2282 760 pedis,
2318 687 2405 744 vel
2458 687 2752 759 gibhosus,
2800 687 2886 744 vel
2937 687 3172 758 ephelus
3222 689 3425 752 oculis,
3457 689 3547 745 vel

1959 779 2323 846 maculosus;
2353 777 2438 836 vel
2473 780 2640 836 homo
2673 779 2728 835 in
2773 794 2886 852 quo
2934 778 3104 836 fuerit
3137 780 3356 838 scabies
3387 795 3553 853 agre-

1959 871 2085 940 stis,
2117 871 2204 928 vel
2243 871 2525 945 impetigo,
2562 871 2652 928 vel
2680 873 2848 928 unius
2887 872 3158 941 testiculi,
3196 889 3307 929 non
3339 889 3547 948 appro-

1959 964 2254 1038 pinquabit
2289 967 2357 1021 ad
2407 963 2748 1022 oderendum
2804 964 3082 1021 sacriﬁcia
3123 964 3380 1034 Domino,
3411 969 3543 1038 quia

1959 1058 2176 1114 macula
2204 1065 2290 1114 est
2319 1057 2376 1113 in
2408 1072 2495 1113 eo.
2539 1057 2620 1113 Ex
2660 1057 2824 1113 donis
2855 1058 3071 1114 sanctis
3099 1059 3353 1114 comedet
3390 1078 3405 1115 :
3446 1076 3545 1116 vc-

1959 1159 2275 1209 rumtamen
2301 1150 2371 1207 ad
2400 1149 2582 1206 velum
2610 1165 2721 1206 non
2752 1149 3006 1217 accedet,
3049 1159 3104 1207 et
3130 1150 3196 1206 ad
3230 1152 3405 1208 altare
3433 1167 3544 1209 non

1959 1243 2764 1322 appropinquabit.’Mulierem
2788 1245 3134 1301 meretricem
3165 1253 3219 1302 et
3249 1245 3541 1318 profanam

1959 1349 2070 1391 non
2093 1337 2394 1407 accipient,
2432 1335 2697 1407 quoniam
2738 1337 2918 1392 sancti
2950 1347 3102 1393 sunt.
3134 1357 3154 1391 ι

2029 1426 2182 1484 Ρωί.
2231 1442 2432 1494 cxxxt,
2482 1410 2647 1483 9.“-
2692 1447 2712 1481 ι
2751 1426 3081 1487 Sacerdotes
3112 1431 3190 1486 tul
3242 1431 3547 1486 induantur

1953 1516 2256 1590 justitiam,
2283 1528 2339 1577 et
2374 1520 2552 1576 sancti
2580 1520 2660 1576 tui
2690 1518 3064 1577 exsultatione
3091 1522 3470 1579 exsultabunt.
3519 1542 3539 1575 ι

2034 1610 2197 1668 Prov.
2247 1627 2440 1678 xxvu,
2487 1613 2680 1669 25.—
2713 1630 2733 1666 ι
2791 1611 2940 1670 Scite
2975 1628 3282 1687 cognosces
3331 1613 3545 1670 animas

1960 1702 2177 1774 pecoris
2236 1701 2342 1771 tui,
2398 1709 2455 1760 et
2501 1718 2678 1775 pones
2735 1718 2836 1760 cor
2897 1711 3057 1760 tuum
3119 1721 3288 1778 super
3351 1721 3546 1780 greges

1961 1803 2111 1854 tuos.
2156 1814 2177 1850 ι
2450 1801 2454 1806 ’

343 1905 362 1938 ι
383 1885 708 1960 Ποιμαίνετε
751 1887 823 1941 τὰ
853 1886 1105 1958 πρόϐατα
1147 1886 1250 1958 τῆς
1307 1885 1546 1957 σφαγῆς,
1578 1885 1614 1941 ἃ
1642 1885 1691 1940 oi
1723 1904 1857 1958 κτη-

2035 1889 2202 1945 ΖαςΙι.
2248 1905 2339 1955 ιιι,
2370 1889 2425 1945 4.
2456 1921 2525 1933 --
2562 1908 2582 1946 ι
2618 1889 2837 1950 Pascite
2870 1906 3002 1950 oves
3039 1891 3373 1958 occisionis,
3402 1907 3545 1965 quas

269 1978 494 2049 σάμενοι
534 1977 901 2049 κατέσφαζον,
952 1981 1045 2034 καὶ
1089 1979 1150 2032 οὐ
1213 1977 1632 2049 μετεμελοῦντο,
1683 1977 1780 2033 καὶ
1805 1980 1855 2032 οί

265 2071 577 2137 πωλοῦντες
597 2072 736 2127 αύτά
758 2071 943 2142 ἔλεγον
969 2089 982 2103 ο
1017 2071 1324 2143 Εὐλογητὸς
1354 2071 1582 2144 Κύριος,
1629 2072 1725 2126 καὶ
1754 2088 1855 2125 πε-

266 2168 681 2239 πλουτήκαμεν,
739 2167 838 2222 καὶ
863 2167 915 2221 οι
960 2165 1222 2238 ποιμένες
1252 2165 1434 2221 αὐτῶν
1469 2167 1570 2221 οὐκ
1617 2166 1856 2238 ἔπασχον

264 2257 420 2311 οὐδὲν
451 2256 540 2310 ἐπ’
573 2256 779 2322 αὐτοῖς.

344 2368 364 2402 ι
384 2350 480 2402 Υἱὲ
525 2349 842 2421 ἀνθρώπου,
897 2349 1105 2404 σκοπὸν
1133 2348 1344 2404 δέδωκά
1373 2332 1544 2421 σετῷ
1575 2347 1708 2420 οἴκῳ
1751 2347 1854 2403 Ἰσ-

270 2443 430 2516 ραὴλ,
466 2443 561 2497 καὶ
583 2442 815 2498 ἀκοῦσαι
844 2443 910 2497 ἐκ
939 2443 1036 2498 τοῦ
1085 2443 1355 2515 στόματός
1388 2460 1490 2515 μου
1520 2442 1700 2512 λόγον,
1761 2441 1855 2496 καὶ

266 2535 566 2591 διαστεῖλαι
622 2535 807 2602 αὐτοῖς
856 2535 992 2609 παρ’
1023 2536 1180 2608 ἐμοῦ.
1226 2537 1313 2590 Ἐν
1343 2537 1420 2607 τῷ
1469 2535 1650 2604 λέγειν
1682 2553 1752 2606 με
1777 2533 1856 2606 τῷ

265 2629 476 2703 ἀνόμῳ,
501 2628 843 2700 ἀποστρέψαι
876 2629 986 2683 ἀπὸ
1009 2628 1116 2683 τῶν
1146 2628 1282 2683 ὁδῶν
1309 2627 1474 2683 αὐτοῦ
1505 2628 1601 2683 τοῦ
1633 2629 1734 2701 ζῇν
1757 2629 1856 2682 αύ-

265 2722 378 2776 τόν·
412 2722 509 2775 ὲάν
542 2724 570 2777 δ
596 2721 801 2794 ἀνομος
830 2722 1034 2787 ἐκεῖνος
1069 2723 1136 2795 τῇ
1161 2721 1346 2794 ἀδικίᾳ
1380 2720 1546 2777 αύτοῦ
1579 2720 1858 2792 ἀποθάνη-

266 2832 381 2882 ται,
412 2814 472 2870 τὸ
496 2807 635 2886 αἷμα
663 2813 829 2868 αὐτοῦ
855 2818 918 2869 ἐκ
949 2814 1049 2886 τῆς
1081 2813 1267 2888 χειρός
1288 2832 1381 2869 σου
1409 2814 1715 2886 ἑκζητήσω.
1744 2813 1856 2868 Καὶ

271 2904 336 2959 σὺ
367 2903 463 2960 ιάν
481 2903 759 2977 διαστείλῃ
799 2903 878 2978 τῷ
905 2904 1114 2979 ἀνόμῳ,
1142 2905 1238 2962 καὶ
1273 2906 1349 2978 μὴ
1376 2904 1696 2978 ἀποστρέψῃ
1747 2904 1856 2960 ἀπὸ

268 3000 370 3071 τῆς
397 2997 626 3071 ἀνομίας
655 2996 842 3064 αὑτοῦ,
897 2998 956 3052 έν
986 3000 1054 3071 τῇ
1113 2997 1300 3070 ἀδικίᾳ
1349 2996 1515 3052 αὑτοῦ
1566 2996 1856 3053 ἀποθανεῖο

268 3109 380 3156 ται,
403 3091 498 3145 καὶ
523 3090 588 3146 σὺ
617 3089 717 3165 τὴν
737 3088 920 3162 ψυχήν
947 3107 1042 3145 σου
1075 3089 1235 3164 ῥύσῃ.
1275 3090 1384 3145 Καὶ
1401 3089 1460 3145 ὲν
1484 3088 1564 3162 τῷ
1596 3089 1858 3162 ἀποστρέ·

269 3201 392 3255 (perv
422 3184 650 3250 δίκαιον,
672 3185 769 3239 καὶ
789 3185 1008 3256 ποιήσει
1035 3185 1413 3256 παράπτωμα,
1450 3184 1508 3237 ἐν
1526 3185 1647 3248 ταῖς
1678 3183 1858 3254 ἀμαρ-
1884 3214 1929 3278 c

269 3276 414 3341 τίαις
442 3275 608 3331 αὐτοῦ
636 3275 1008 3344 ἀποθανεῖται,
1057 3276 1190 3330 διότι
1225 3277 1283 3332 οὐ
1319 3275 1393 3349 μὴ
1443 3276 1762 3348 μνησθῶσιν
1799 3277 1858 3330 αἱ

271 3370 608 3426 δικαιοσύναι
635 3370 823 3436 αὐτοῦ,
849 3370 944 3425 καὶ
968 3369 1028 3425 τὸ
1053 3365 1193 3442 αἷμα
1228 3371 1293 3424 ὲκ
1317 3371 1417 3442 τῆς
1439 3369 1621 3442 χειρός
1656 3387 1750 3424 σου
1767 3369 1859 3423 ὲκ-

270 3463 511 3534 ζητήσω.
555 3462 680 3516 Ἑάν
707 3461 762 3516 δὲ
791 3461 1066 3534 διαστείλῃ
1090 3460 1167 3532 τῷ
1203 3460 1397 3534 δικαίῳ
1423 3457 1518 3515 τοῦ
1555 3461 1632 3533 μὴ
1670 3461 1857 3533 ἀμαρ-

270 3555 474 3620 τάνειν,
500 3555 564 3609 σὺ
594 3555 690 3628 τὴν
723 3556 951 3610 σεαυτοῦ
979 3554 1155 3627 ψυχὴν
1192 3554 1351 3627 ρύσῃ.
1383 3573 1403 3608 ι

346 3667 367 3701 ι
393 3643 551 3706 Οἶνον
575 3649 633 3703 οὐ
667 3649 741 3720 μὴ
785 3648 949 3703 πίωσι
982 3649 1091 3712 πᾶς
1115 3647 1293 3718 ἱερεὺς
1339 3643 1398 3701 ιν
1427 3646 1506 3719 τῷ
1539 3645 1858 3719 εἰσπορεύε-

274 3738 402 3793 σθαι
435 3739 598 3794 αύτὸν
627 3740 708 3803 εἰς
729 3739 830 3811 τὴν
858 3738 1024 3810 αὐλὴν
1054 3739 1352 3812 ἐσωτέραν.
1392 3738 1487 3793 Ἐκ
1511 3739 1732 3794 πάντων
1748 3736 1859 3793 τῶν

271 3831 541 3905 ἀπαρχῶν
563 3830 719 3902 ὑμῶν
748 3831 1112 3900 τοῖςίερεῦσιν
1154 3829 1325 3886 ἔσται.
1367 3850 1385 3884 ι

350 3945 368 3977 ι
394 3925 459 3979 Oi
487 3922 820 3996 φυλάξαντες
850 3922 1012 3986 ὁσίως
1050 3923 1121 3978 τά
1152 3922 1292 3989 ὅσια,
1317 3923 1730 3996 όσιωθήσονται,
1764 3924 1857 3979 καὶ

270 4017 324 4072 οῖ
354 4017 694 4089 διδαχθέντες
713 4014 878 4080 αὐτὰ,
909 4015 1234 4086 εὑρήσουσιν
1258 4013 1576 4084 ἀπολογίαν.
1603 4033 1623 4067 ι

351 4219 371 4254 ι
406 4199 498 4272 Μὴ
522 4200 675 4273 ζήτει
705 4199 852 4270 παρά
883 4198 1074 4268 κυρίου
1128 4197 1476 4270 κηδεμονίαν,
1514 4197 1653 4272 μηδὲ
1705 4195 1856 4272 παρά

193 4331 196 4333 λ
274 4294 541 4366 βασιλέως
588 4295 858 4365 καθέδραν
895 4294 1074 4364 δόξης.
1109 4294 1196 4348 Ἐν
1243 4292 1340 4365 ὅλῃ
1379 4292 1526 4365 ψυχῇ
1562 4309 1657 4346 σου
1693 4292 1858 4347 εὐλα-

271 4387 371 4441 6οὖ
395 4386 486 4441 τὸν
511 4385 737 4459 Κύριον,
775 4387 1018 4448 καὶτοὺς
1050 4385 1215 4456 ἱερεῖς
1247 4384 1416 4439 αὑτοῦ
1446 4382 1697 4456 θαύμαζε
1722 4422 1737 4439 .
1767 4383 1858 4438 Ἐν

272 4481 375 4552 ὅλῃ
393 4479 620 4552 δυνάμει
660 4496 754 4533 σου
774 4475 965 4546 δόξαζε
1011 4477 1104 4532 τὸν
1131 4477 1438 4550 ποιήσαντά
1458 4495 1542 4544 σε,
1583 4477 1680 4532 καὶ
1729 4476 1858 4543 τοὺς

1956 1983 2051 2056 qui
2086 1984 2480 2054 possederunt,
2540 1985 2976 2053 interliciebant,
3031 1996 3086 2042 et
3140 2002 3249 2043 non
3306 1986 3544 2058 agebant

1958 2078 2387 2149 paenitentiam;
2438 2087 2494 2135 ct
2546 2079 2646 2151 qui
2708 2079 3022 2136 vendebant
3067 2095 3185 2147 eas,
3239 2079 3542 2135 dicebant:

1956 2171 2287 2229 Benedictus
2337 2172 2628 2238 Dominus,
2681 2180 2738 2230 et
2775 2173 2982 2230 divites
3041 2171 3173 2229 facti
3217 2187 3440 2238 sumus,
3472 2170 3546 2228 ὀι

1956 2273 2210 2338 pastores
2246 2281 2442 2322 earum
2470 2265 2608 2322 nihil
2637 2264 2991 2338 patiebantur
3030 2281 3200 2338 super
3229 2265 3332 2323 eis.
3376 2285 3397 2320 ι

2026 2356 2223 2414 Each.
2264 2372 2366 2422 ιιι,
2397 2357 2588 2414 ίἹ-ΞΙ.
2621 2385 2691 2396 -
2728 2374 2748 2409 ι
2787 2355 2892 2411 Fili
2927 2356 3193 2422 hominis,
3232 2357 3538 2428 speculatoo

1956 2467 2072 2510 rem
2105 2451 2232 2507 dedi
2295 2459 2348 2508 te
2380 2449 2566 2506 domui
2606 2449 2809 2515 Israel,
2864 2457 2919 2507 et
2970 2460 3031 2505 ut
3077 2449 3272 2505 audias
3321 2466 3393 2507 ex
3445 2437 3546 2506 ure

1955 2556 2080 2598 meo
2105 2541 2356 2606 verbum,
2385 2548 2440 2596 et
2487 2539 2779 2612 praecipias
2819 2540 2902 2597 eis
2942 2554 3010 2594 ex
3053 2555 3160 2594 me.
3211 2537 3270 2594 Si
3324 2538 3545 2595 dicente

1954 2650 2044 2691 me
2075 2635 2142 2690 ad
2175 2634 2453 2706 iniquum,
2488 2641 2549 2689 ut
2586 2641 2872 2688 avertatur
2902 2647 2932 2687 a
2963 2633 3070 2688 viis
3097 2633 3237 2700 suis,
3271 2641 3325 2689 ut
3355 2632 3543 2697 vivat;

1956 2729 2004 2785 si
2044 2727 2274 2798 iniquus
2304 2726 2394 2782 ille
2427 2725 2484 2782 in
2533 2726 2824 2797 iniquitate
2871 2740 2974 2782 sua
3029 2733 3290 2782 mortuus
3351 2723 3542 2790 fuerit,

1955 2816 2282 2889 sanguinem
2329 2815 2451 2886 ejus
2504 2816 2573 2872 de
2625 2831 2792 2871 manu
2841 2825 2937 2872 tua
2989 2815 3296 2887 requiram.
3349 2815 3545 2872 Sin'tu

1956 2907 2284 2979 prazceperis
2316 2908 2540 2979 iniquo,
2578 2922 2678 2961 nec
2713 2921 3017 2962 conversus
3052 2907 3214 2963 fuerit
3244 2924 3309 2964 ex
3341 2908 3549 2979 iniqui-

1956 3006 2066 3057 tate
2096 3014 2219 3066 sua,
2259 2997 2316 3054 in
2353 2998 2625 3070 iniustitia
2661 3013 2764 3055 sua
2801 2999 3084 3068 morietur,
3120 3008 3178 3056 et
3202 3008 3260 3055 tu
3298 3002 3544 3056 animam

1957 3100 2107 3147 tuam
2149 3090 2438 3148 liberabis.
2483 3089 2548 3145 Et
2582 3104 2709 3146 cum
2743 3091 3006 3147 averterit
3041 3107 3101 3148 se
3127 3093 3338 3162 justus,
3366 3100 3422 3150 et
3458 3091 3545 3149 fe-

1958 3184 2101 3240 cerit
2130 3182 2415 3248 delictum,
2445 3184 2500 3239 in
2534 3181 2782 3254 peccatis
2828 3181 2946 3238 suis
2982 3183 3272 3251 morietur,
3305 3197 3373 3239 eo
3399 3184 3548 3255 quod

1960 3294 2075 3334 non
2117 3285 2281 3333 erunt
2313 3275 2369 3331 in
2407 3276 2674 3331 memoria
2705 3275 2938 3346 iustitiae
2987 3276 3180 3344 illius;
3227 3285 3283 3332 et
3321 3279 3548 3350 sanguio

1961 3385 2084 3426 nem
2124 3369 2245 3441 ejus
2276 3369 2344 3425 de
2384 3384 2549 3424 manu
2591 3377 2689 3424 tua
2723 3369 3027 3440 requiram.
3078 3367 3139 3425 Si
3187 3380 3371 3427 autem
3407 3386 3550 3442 prac-

1960 3461 2175 3532 ceperis
2222 3461 2374 3532 iusto
2429 3470 2490 3518 ut
2539 3476 2652 3518 non
2705 3471 2921 3534 peccet,
2985 3470 3043 3518 tu
3101 3463 3342 3521 animam
3395 3472 3548 3522 tuam

1961 3553 2250 3611 liberabis.
2294 3574 2314 3608 ι

2029 3645 2223 3701 Ezech.
2254 3661 2404 3713 mv,
2436 3647 2529 3717 2|,
2560 3647 2728 3704 '50.--
2762 3666 2781 3701 ι
2816 3646 3020 3704 Vinum
3049 3663 3158 3704 non
3183 3648 3334 3706 bibet
3364 3650 3547 3707 omnis

1959 3740 2247 3806 sacerdos.
2282 3740 2509 3812 quando
2535 3740 2880 3813 ingredietur
2922 3739 2978 3795 ln
3037 3739 3244 3795 atrium
3287 3739 3545 3798 interius.

1959 3833 2038 3891 Ex
2063 3835 2321 3892 omnibus
2362 3834 2626 3906 primitiis
2660 3834 2890 3902 vestris,
2924 3832 3313 3890 sacerdotibus
3347 3833 3476 3891 erit.
3519 3853 3537 3886 ι

2029 3926 2156 3998 Sap.
2189 3943 2280 3994 vr,
2320 3928 2403 3983 ll.
2432 3955 2504 3968 --
2539 3945 2559 3980 ι
2600 3925 2707 3994 Qui
2759 3926 2914 3997 justa
2960 3921 3354 3993 custodierint,
3407 3940 3543 3982 san-

1958 4020 2402 4076 ctiﬁcabuntur:
2458 4027 2514 4074 et
2578 4021 2675 4090 qui
2720 4017 3024 4075 didicerint
3078 4015 3210 4086 ista,
3261 4005 3548 4080 invenient

1956 4112 2092 4185 quid
2123 4111 2514 4184 respondeant.
2554 4129 2575 4164 ι

2033 4204 2199 4259 Eccti.
2235 4220 2336 4270 vn,
2376 4204 2433 4273 4,
2466 4204 2555 4260 3L
2583 4233 2653 4247 —-
2681 4222 2702 4256 ι
2737 4200 2863 4258 Noli
2905 4216 3156 4273 querere
3213 4201 3281 4258 ab
3320 4200 3543 4259 homine

1957 4297 2245 4360 ducatum,
2300 4312 2479 4367 neque
2539 4311 2728 4368 arege
2783 4295 3108 4351 cathedram
3167 4294 3418 4353 honoris.
3483 4294 3540 4352 In

1957 4397 2073 4444 tota
2123 4390 2301 4444 anima
2327 4398 2416 4443 tua
2451 4403 2640 4460 quaere
2675 4386 2990 4452 Dominum,
3025 4397 3078 4442 et
3118 4387 3440 4442 sacerdotes
3472 4389 3538 4442 il-

1958 4483 2068 4538 lius
2109 4482 2349 4552 suscipe.
2392 4480 2447 4536 lu
2477 4481 2628 4536 omni
2684 4481 2889 4536 virtute
2940 4488 3030 4534 tua
3095 4478 3338 4551 gloriﬁca
3380 4480 3536 4535 illum

270 4574 619 4646 λειτουργοὺς
654 4571 818 4628 αὑτοῦ
869 4571 945 4644 μὴ
975 4571 1371 4645 ὲγκαταλίπῃς.
1403 4571 1577 4627 Φοδού
1602 4571 1696 4628 τὸν
1736 4570 1851 4626 K6-

1972 4576 2053 4647 1ui
2080 4573 2210 4632 fecit
2239 4583 2312 4638 te.
2348 4583 2402 4630 et
2429 4573 2714 4630 ministros
2741 4571 2862 4644 ejus
2895 4587 2966 4628 ne
2983 4571 3354 4640 derelinquas.
3386 4570 3539 4626 Time

276 4684 417 4742 ριον,
464 4668 559 4721 καὶ
573 4666 794 4732 δόξασον
841 4663 1014 4738 ἱερέα,
1045 4666 1140 4720 καὶ
1169 4663 1258 4728 δὸς
1283 4664 1384 4736 τὴν
1423 4663 1624 4737 μερίδα
1647 4662 1855 4730 αὐτῶν,

274 4759 460 4826 καθὼς
500 4758 804 4815 ἐνετείλατό
828 4777 931 4814 σοι.
975 4777 994 4812 ι

355 4871 376 4906 ι
401 4847 742 4924 Ἥγούμενόν
755 4868 814 4905 σε
842 4851 1218 4924 κατέστησανς
1242 4848 1318 4922 μὴ
1346 4848 1600 4921 έπαίρου.
1617 4847 1777 4903 Γίνου
1797 4846 1859 4904 ὲν
1901 4859 1908 4869 '

274 4947 460 5010 αὐτοῖς
501 4948 578 5012 ὼς
608 4940 689 5010 εἷς
721 4945 781 5011 ἐξ
832 4945 1034 5000 αὐτῶν.
1061 4944 1352 5018 Φρόντισον
1389 4943 1600 5009 αὐτῶν,
1641 4943 1734 4996 καὶ
1763 4942 1857 4996 οὔ·

274 5059 385 5105 τως
440 5041 692 5108 κάθισον,
752 5040 850 5096 καὶ
902 5041 1084 5094 πᾶσαν
1137 5039 1236 5111 τὴν
1264 5031 1458 5110 χρείάν
1491 5053 1585 5091 σου
1623 5038 1856 5108 ποιήσας

275 5133 571 5199 ἀνάπεσον,
605 5133 694 5187 ἵνα
745 5132 1057 5204 εύφρανθῇς
1092 5130 1159 5185 δι’
1198 5130 1433 5197 αὐτοὺς,
1470 5130 1567 5182 καὶ
1607 5127 1857 5191 εὐδοκίας

275 5227 436 5300 χάριν
468 5225 638 5298 λάϐῃς
660 5225 754 5280 τὸν
786 5223 1070 5294 στέφανον.
1092 5241 1111 5275 ι

354 5336 374 5370 ι
422 5316 623 5371 Ἐλθὼν
661 5317 690 5370 ό
749 5315 954 5387 Ἰησοῦς
983 5316 1065 5379 είς
1110 5312 1181 5368 τά
1214 5312 1357 5386 μέρη
1383 5310 1721 5384 Καισαρείας
1755 5309 1858 5381 τῆς

271 5409 566 5476 Φιλίππου,
591 5427 610 5462 ι
645 5408 739 5462 καί⁵
759 5407 828 5462 τά
846 5406 1030 5462 λοιπά.

349 5523 370 5558 ι
401 5501 570 5559 Εἶπεν
603 5503 633 5556 ό
677 5500 881 5573 Κύριος
907 5498 983 5572 τῷ
1016 5497 1229 5570 Πέτρῳο
1260 5497 1445 5568 Σίμων
1482 5495 1656 5562 Ἰωνᾶ,
1715 5494 1857 5564 ἀγα-

277 5597 387 5671 πᾷς
416 5612 515 5669 μσς
556 5615 576 5649 ι
1509 5603 1514 5609 ’

355 5707 379 5746 ι
428 5687 676 5759 Ἐγένετο
709 5685 1039 5759 φιλονείκεια
1078 5684 1137 5737 ἐν
1164 5684 1276 5746 τοῖς
1324 5677 1733 5752 μαθηταῖς,·τίς
1755 5677 1855 5733 αύ-

277 5783 389 5843 τῶν
415 5782 560 5837 δοκεῖ
594 5775 732 5835 εἶναι
783 5777 1001 5850 μείζων.
1042 5776 1101 5830 '0
1129 5774 1188 5830 δὲ
1221 5773 1432 5847 Ἰησοῦς
1471 5767 1625 5829 εἶπεν
1649 5770 1856 5836 αὐτοῖς⁴

285 5876 351 5933 Οἱ
389 5873 629 5951 βασιλεῖς
668 5871 778 5931 τῶν
811 5871 982 5930 ἐθνῶν
1013 5865 1504 5941 κατακυριεύουσιν
1531 5863 1732 5934 αὐτῶν,
1764 5864 1858 5921 καὶ

1961 4667 2273 4731 Dominum,
2306 4673 2361 4722 et
2395 4666 2605 4722 honora
2639 4665 3010 4731 sacerdotem,
3060 4674 3113 4720 et
3152 4663 3223 4719 da
3273 4662 3386 4719 illis
3413 4678 3541 4735 par-

1957 4765 2067 4813 tem
2099 4771 2256 4813 suam
2283 4756 2430 4813 sicut
2461 4755 2754 4812 mandavit
2784 4755 2911 4811 tibi.
2947 4773 2966 4807 ι

2029 4847 2198 4902 Eecti.
2240 4863 2426 4915 χχιιι,
2462 4849 2669 4904 l-5.—
2701 4865 2722 4901 ι
2769 4846 3061 4903 Rectorem
3101 4853 3156 4904 te
3186 4847 3542 4919 posuerunt?

1957 4939 2074 4996 noli
2106 4938 2302 4994 extolli
2339 4947 2500 4998 :esto
2539 4941 2595 4996 in
2640 4939 2752 4996 illis
2790 4938 2938 4997 sicut
2973 4955 3118 4995 unus
3144 4955 3210 4996 ex
3240 4939 3397 5010 ipsis.
3428 4939 3541 4994 Cu-

1958 5045 2075 5085 ram
2107 5030 2328 5084 illorum
2362 5029 2526 5095 habe,
2558 5038 2611 5086 et
2634 5027 2717 5086 sic
2737 5027 2992 5099 conside:
3025 5039 3079 5088 et
3099 5032 3247 5088 omni
3280 5046 3413 5086 cura
3442 5039 3537 5086 tua

1957 5121 2211 5192 explicita
2246 5122 2525 5187 recumbc,
2562 5128 2623 5175 ut
2659 5121 2862 5178 laeteris
2903 5129 3130 5193 propter
3167 5121 3309 5188 illos,
3354 5127 3410 5176 et
3444 5120 3540 5175 be-

1959 5210 2288 5268 nevolentia:
2324 5211 2556 5281 gratiam
2591 5209 2832 5280 accipias
2871 5223 3155 5265 coronam.
3193 5227 3212 5261 ι

2029 5304 2226 5360 Matth.
2263 5319 2386 5368 ιιι,
2423 5303 2512 5358 l3.
2543 5332 2612 5344 --
2643 5319 2664 5354 ι
2706 5301 2868 5356 Venit
2909 5299 3072 5355 Jesus
3108 5300 3165 5354 in
3196 5305 3382 5370 partes
3420 5297 3540 5354 Cat—

1957 5414 2129 5458 sarec
2155 5395 2413 5468 Philippi,
2452 5413 2472 5449 ι
2507 5401 2561 5450 et
2585 5409 2708 5466 qua:
2736 5405 3070 5466 sequuntur.

2024 5490 2192 5548 Joan.
2227 5505 2358 5554 nt,
2399 5486 2488 5544 16.
2522 5516 2594 5530 -
2631 5505 2650 5539 ι
2690 5485 2838 5540 Dixit
2881 5484 3045 5543 Jesus
3083 5483 3294 5540 Petro:
3344 5481 3538 5540 Simon

1957 5581 2118 5651 Iona,
2167 5582 2353 5654 diligis
2385 5596 2473 5637 me
2504 5579 2629 5651 plus
2671 5579 2800 5634 his?
2840 5597 2860 5630 ι
2896 5587 3008 5634 etc.

2029 5677 2156 5733 Luc.
2187 5689 2300 5731 χχιι
2323 5717 2339 5742 ,
2373 5673 2440 5727 21
2484 5688 2624 5744 seqq.
2658 5700 2728 5711 -—
2763 5690 2782 5724 ι
2818 5668 2986 5726 Facta
3027 5675 3111 5727 est
3134 5667 3420 5726 contentio
3452 5667 3540 5723 in-

1957 5779 2046 5827 ter
2073 5767 2410 5840 discipulos,
2453 5764 2586 5836 quis
2614 5777 2806 5820 eorum
2843 5762 3125 5818 videretur
3167 5774 3294 5816 esse
3334 5757 3536 5829 major.

1957 5862 2124 5923 lesus
2155 5870 2340 5922 autem
2371 5857 2511 5916 dixit
2538 5857 2660 5915 eis:
2694 5855 2873 5930 Reges
2897 5853 3144 5931 gentium
3177 5850 3537 5910 dominantur
