4014 6302
507 369 645 439 1539

1726 370 1788 433 S.
1828 364 2147 433 JOANNIS
2184 359 2616 432 DAMASCENI

3642 350 3782 418 1540

501 503 716 556 eorum,
751 495 807 544 et
837 483 933 558 qni
965 459 1294 559 potestatem
1324 484 1533 543 habent
1555 501 1723 558 super
1747 501 1868 551 eos,
1903 486 2072 541 bene-

2203 480 2227 531 ιῑ
2247 477 2657 544 ἐξουσιάζοντες
2685 471 2869 530 αὐτῶν
2897 470 3186 545 εὐεργέται
3223 470 3536 528 καλοῦνται.
3583 469 3780 540 Ὑμεῖς

504 581 599 638 lici
623 588 916 638 vocantur.
954 577 1073 660 νυς
1103 585 1436 638 autemnon
1479 579 1563 634 sic
1586 577 1748 635 :‘sed
1777 577 1875 648 qui
1904 575 2082 647 major

477 676 678 732 estin
702 675 888 740 vobis,
941 673 1036 730 flat
1087 671 1237 730 sicut
1269 672 1486 740 minor;
1526 681 1582 729 et
1628 671 1724 744 qui
1778 683 2083 743 praecessor

501 777 612 836 est,
652 769 803 835 sicut
851 765 1221 822 ministrator.
1260 764 1398 821 Nam
1436 763 1572 836 quis
1619 758 1796 834 major
1837 770 1948 827 est,
1987 761 2083 832 qui

501 859 802 927 recumbit,
847 874 915 916 an
951 859 1045 931 qui
1074 857 1397 915 ministrat?
1441 872 1628 913 nonne
1667 856 1826 928 511
1860 853 1958 928 qui
1987 869 2086 911 re-

501 955 758 1012 cumbit?
791 953 905 1026 Ego
932 963 1115 1011 autem
1140 953 1199 1009 in
1232 951 1414 1010 medio
1440 960 1689 1008 vestrum
1726 965 1850 1007 sum
1875 993 1890 1019 ,
1928 948 2084 1007 sicut

500 1050 597 1122 qui
627 1048 932 1107 ministrat.
988 1067 1010 1104 ι
1535 1067 1538 1070 ’

573 1144 706 1199 Luc.
735 1155 848 1211 xu,
879 1143 1075 1200 ’ὅτ-42.
1105 1172 1176 1186 -
1208 1159 1229 1196 ι
1262 1141 1418 1198 Beati
1448 1137 1597 1197 servi
1637 1137 1720 1195 illi
1761 1150 1929 1210 quos,
1959 1149 2085 1191 cum

434 1251 436 1253 ‘
502 1241 725 1296 venerit
759 1238 1046 1304 Dominus,
1091 1237 1374 1294 invenerit
1403 1235 1720 1308 vigilantes.
1756 1233 1932 1289 Amen
1958 1231 2088 1287 dico

474 1329 685 1396 vobis,
723 1329 874 1402 quod
915 1329 1214 1401 praecinget
1260 1343 1345 1397 se,
1381 1334 1438 1385 et
1478 1327 1646 1384 faciet
1675 1326 1803 1384 illos
1842 1325 2088 1381 discum-

502 1424 656 1489 bere,
707 1432 762 1480 et
795 1424 1073 1480 transiens
1126 1421 1472 1479 ministrabit
1515 1420 1647 1476 illis.
1711 1420 1862 1475 Dixit
1905 1409 2086 1473 autem

504 1517 775 1574 Dominus
809 1537 824 1575 ι
861 1518 1020 1585 Quis,
1060 1524 1251 1589 putas,
1282 1524 1369 1571 est
1411 1514 1593 1571 fidelis
1642 1513 1997 1584 dispensator
2033 1518 2091 1565 et

505 1611 774 1683 prudens,
806 1627 970 1683 quem
1007 1610 1310 1667 constituet
1343 1607 1600 1664 dominus
1628 1620 1794 1679 super
1825 1603 2087 1659 familiam

507 1719 686 1770 suam,
727 1713 788 1760 ut
825 1705 920 1760 det
955 1703 1068 1760 illis
1119 1703 1174 1758 in
1225 1708 1473 1773 tempore
1517 1697 1694 1752 tritici
1734 1692 2090 1752 mensuram?

508 1795 709 1853 Beatus
748 1795 843 1852 ille
893 1808 1089 1851 servus
1147 1807 1336 1864 quem,
1384 1805 1511 1846 cum
1549 1787 1763 1843 venerit
1801 1785 2084 1851 dominus,

2181 570 2358 642 δὲ-οὐχ
2383 568 2579 633 οὕτως’
2611 565 2748 624 ἀλλὰ
2775 568 2806 621 6
2847 564 3052 638 μείζων
3092 566 3152 621 ἔν
3202 564 3334 636 ὑμῖν
3374 561 3780 634 γενέσθωῶςό

2182 663 2468 735 νεώτερος,
2489 661 2587 719 καὶ
2617 661 2647 715 6
2667 659 2975 733 ἡγούμενος
3017 657 3097 721 ὡς
3144 659 3174 712 6
3203 656 3491 714 διακονῶν.
3521 655 3623 720 Τίς
3663 655 3783 727 γὰρ

2185 753 2411 828 μείζων,
2441 753 2483 808 όν
2521 749 2904 822 ἀνακείμενος,
2933 748 2967 822 ἢ
2995 749 3032 804 .6
3062 747 3360 819 διακονῶνς
3405 745 3530 818 οὐχὶ
3577 747 3612 803 6
3640 747 3782 802 ἀνα-

2184 846 2470 916 κείμενοςξ
2513 840 2658 913 Ἐγὼ
2684 842 2744 900 δέ
2769 843 2889 914 εἰμι
2939 841 2999 896 ἐν
3039 839 3380 915 μέσῳξύμῶν
3407 839 3488 905 ὡς
3527 839 3560 893 6
3587 838 3785 896 διακο-

2183 957 2313 996 νων.
2351 958 2372 994 1

2264 1135 2284 1173 ι
2327 1116 2606 1190 Μακάριοι
2641 1115 2693 1170 oi
2733 1113 2912 1170 δοῦλοι
2941 1112 3165 1180 ικεῖνοι,
3200 1111 3296 1176 οὓς
3327 1109 3499 1172 ἐλθὼν
3523 1109 3553 1163 6
3582 1107 3784 1182 κύριος

2189 1213 2414 1285 εὑρήσει
2452 1209 2895 1283 γρηγοροῦντας.
2954 1207 3132 1280 Ἀμὴν
3169 1207 3316 1278 λέγω
3362 1207 3518 1279 ὑμῖν,
3547 1206 3636 1259 ὅτι
3679 1220 3786 1263 πε-

2191 1305 2502 1377 ριζώσεται,
2535 1305 2631 1360 καὶ
2664 1303 2946 1360 ἀνακλινεῖ
2975 1301 3197 1368 αὐτοὺς,
3223 1301 3319 1356 καὶ
3341 1298 3637 1373 παρελθὼν
3661 1298 3784 1354 δια-

2187 1400 2410 1469 κονήσει
2454 1399 2660 1463 αὐτοῖς.
2710 1392 2846 1451 Eine
2887 1397 2945 1450 δὲ
2988 1394 3229 1466 Κύριοςο
3278 1394 3378 1458 Τίς
3413 1393 3529 1466 ἄρα
3575 1392 3786 1448 ἐστινὸ

2189 1491 2382 1557 πιστὸς
2427 1490 2713 1562 οἰκονόμος
2769 1487 2864 1544 καὶ
2921 1488 3204 1562 φρόνιμος,
3251 1485 3312 1541 δν
3359 1485 3710 1557 καταστήσει
3756 1485 3800 1538 ὑλ

2191 1589 2384 1662 κύριος
2418 1589 2512 1643 ἐπὶ
2535 1588 2637 1661 τῆς
2658 1586 2960 1661 θεραπείας
2977 1585 3145 1640 αὑτοῦ
3173 1582 3272 1638 τοῦ
3298 1580 3485 1639 δοῦναι
3515 1582 3576 1636 ἂν
3599 1578 3787 1651 καῳῷ

2188 1684 2250 1736 τὸ
2272 1684 2650 1756 σιτομέτριον;
2683 1681 2972 1752 Μακάριος
3001 1681 3032 1734 6
3059 1677 3247 1744 δοῦλος
3279 1678 3490 1741 ἐκεῖνος
3510 1676 3572 1731 ὃν
3606 1673 3788 1731 ἐλθὼν

2191 1778 2219 1830 6
2251 1776 2460 1848 κύριος,
2494 1774 2659 1830 αὐτὸν
2703 1775 2932 1848 εὑρήσει
2978 1771 3238 1837 ποιοῦντα
3269 1769 3460 1835 οὕτως.
3531 1766 3785 1839 Ἀληθῶς

506 1903 631 1943 eum
687 1886 963 1943 invenerit
1013 1886 1097 1943 sic
1158 1884 1472 1939 facientem.
1520 1879 1662 1935 Vere
1719 1875 1846 1931 dico
1904 1875 2084 1940 vobis,

2203 1845 2335 1940 λέγώ
2370 1870 2523 1941 ὑμῖν,
2549 1869 2634 1926 ὅτι
2664 1845 2922 1923 ἐπὶ-πᾶσι
2942 1867 3058 1931 τοῖς
3095 1863 3435 1938 ὑπάρχουσιν
3462 1860 3642 1917 αὐτοῦ
3674 1876 3784 1916 κα-

506 1979 772 2050 quoniam
826 1993 995 2050 super
1051 1975 1241 2032 omnia
1305 1988 1427 2046 quae
1481 1969 1732 2044 possidet
1782 1967 2098 2023 constituet

505 2085 654 2129 eum.
686 2089 707 2124 ι
1249 2123 1258 2135 ἱ
1886 2108 1888 2110 .

575 2168 700 2222 Act.
731 2180 827 2230 xx,
857 2161 1050 2219 26~52.
1084 2191 1156 2204 —
1177 2177 1200 2213 ι
1229 2156 1530 2215 Contestor
1550 2169 1648 2213 vos
1669 2154 1943 2210 hodierna
1974 2150 2086 2217 die,

505 2263 638 2332 quia
674 2257 915 2314 mundus
960 2269 1083 2312 sum
1129 2269 1161 2310 a
1192 2251 1471 2325 sanguine
1513 2248 1763 2305 omnium
1812 2252 2087 2303 vestrum.

503 2352 628 2409 Non
690 2352 838 2408 enim
908 2347 1265 2418 subterfugi,
1333 2342 1639 2415 quominus
1695 2339 2090 2396 annuntiarem

506 2445 668 2502 vobis
711 2457 877 2499 omne
919 2439 1223 2497 consilium
1261 2435 1378 2493 Dei.
1414 2434 1701 2492 Attendite
1731 2447 1869 2505 ergo
1910 2429 2090 2497 vobis,

505 2547 562 2596 ct
590 2538 861 2595 universo
891 2535 1066 2611 gregi,
1092 2535 1150 2590 in
1183 2546 1293 2605 quo
1321 2546 1421 2588 vos
1451 2529 1696 2599 Spiritus
1730 2534 1963 2582 sanctus
1993 2538 2092 2597 po-

507 2635 625 2688 suit
657 2631 952 2702 episcopos
991 2641 1189 2698 regere
1219 2622 1526 2680 Ecclesium
1561 2620 1679 2685 Dei,
1701 2634 1867 2691 quam
1904 2617 2093 2688 acqui—

508 2725 640 2783 sivit
669 2723 941 2795 sanguiue
984 2735 1108 2777 suo.
1142 2718 1307 2773 "Nunc
1337 2711 1670 2771 commendo
1698 2725 1821 2778 vos,
1866 2709 2090 2777 fratres,

507 2818 645 2884 Deo,
673 2827 728 2874 et
767 2815 935 2873 verbo
961 2814 1153 2885 gratia:
1181 2809 1382 2883 ipsius,
1424 2806 1519 2880 qui
1571 2814 1766 2878 potens
1793 2812 1880 2861 est
1922 2801 2095 2859 acditiv

510 2927 664 2980 care,
699 2918 756 2969 et
790 2911 926 2968 dare
953 2907 1338 2964 haereditatem
1377 2902 1436 2960 in
1466 2899 1853 2961 sanctiﬁcatis.
1891 2915 1912 2951 ι

598 3139 619 3200 ι
648 3139 895 3199 Thermi.
928 3153 1004 3204 ιι,
1033 3135 1151 3193 4-6.
1188 3164 1260 3176 —-
1286 3149 1308 3187 ι
1343 3131 1426 3188 ita
1452 3127 1760 3202 loquimur,
1797 3140 1909 3184 non
1936 3122 2096 3195 quasi

2186 1981 2254 2018 τα
2263 1964 2448 2035 στήσει
2482 1962 2665 2019 αὐτόν.
2705 1979 2728 2016 ι

2265 2169 2286 2202 ε
2333 2147 2791 2221 Διαμαρτύρομαι
2841 2145 2972 2224 ὑμῖν
3005 2145 3068 2201 ἓν
3097 2145 3164 2218 τῇ
3197 2143 3438 2217 σήμερον
3456 2140 3676 2215 ἡμέρᾳ,
3703 2141 3793 2196 ὅτι

2191 2243 2436 2315 καθαρός
2463 2243 2580 2313 εἰμι
2597 2241 2708 2296 ἀπὸ
2733 2238 2830 2295 τοῦ
2855 2239 3095 2311 αἵματος
3116 2238 3337 2294 πάντων
3364 2236 3542 2310 ὑμῶν.
3566 2237 3650 2290 Οὐ
3677 2235 3794 2308 γὰρ

2191 2336 2600 2407 ὑπεστειλάμην
2654 2333 2751 2390 τοῦ
2785 2334 2862 2407 μὴ
2905 2332 3230 2405 ἀναγγεῖλαι
3279 2333 3410 2404 ὑμῖν
3444 2320 3635 2385 πᾶσαν
3686 2329 3793 2401 τὴν

2192 2427 2391 2503 βουλὴν
2423 2428 2518 2483 τοῦ
2548 2428 2708 2484 Θεοῦ.
2741 2427 3048 2499 Προσέχετε
3075 2420 3171 2481 οὖν
3203 2426 3444 2490 ἑαυτοῖς,
3483 2424 3578 2479 καὶ
3613 2423 3794 2476 παντὶ

2190 2523 2270 2595 τῷ
2303 2525 2563 2598 ποιμνίῳ,
2596 2524 2654 2577 ἐν
2706 2515 2750 2591 ᾦ
2791 2522 2936 2594 ὑμᾶς
2969 2521 3031 2575 τὸ
3070 2520 3305 2592 Πνεῦμα
3342 2517 3405 2572 τδ
3433 2517 3596 2587 ἅγιον
3626 2515 3794 2571 ἔθετο

2193 2619 2529 2684 ἐπισκόπους
2559 2617 2874 2690 ποιμαίνειν
2904 2617 3004 2689 τὴν
3040 2614 3367 2686 Ἐκκλησίαν
3397 2612 3493 2668 τοῦ
3523 2609 3695 2677 Θεοῦ,
3722 2612 3798 2682 ἡν

2195 2715 2628 2788 περιεποιήσατο
2648 2714 2736 2769 διά
2759 2711 2860 2767 τοῦ
2888 2709 3018 2765 ἰδίου
3041 2709 3296 2782 αἵματος.
3328 2707 3442 2764 Καὶ
3467 2704 3644 2759 τανῦν
3677 2721 3794 2758 πα-

2199 2807 2460 2880 ρατίθημι
2494 2808 2662 2878 ὑμᾶς,
2705 2805 2952 2881 ἀδελφοὶ,
2982 2802 3061 2878 τῷ
3097 2801 3237 2874 Θεῷ,
3270 2801 3364 2873 καὶ
3390 2789 3470 2870 τῷ
3497 2798 3652 2869 λόγῳ
3689 2797 3801 2867 τῆς

2122 2937 2125 2940 -
2196 2901 2423 2974 χάριτος
2449 2901 2638 2967 αὐτοῦ,
2662 2900 2742 2972 τῷ
2769 2898 3052 2970 δυναμένῳ
3077 2897 3177 2952 καὶ
3204 2893 3389 2953 δοῦναι
3413 2893 3550 2965 ὑμῖν
3575 2891 3798 2962 κληρο-

2197 2995 2393 3067 νομίαν
2423 2996 2484 3051 ἰν
2516 2997 2633 3059 τοῖς
2657 2994 3042 3068 ἡγιασμένοις.
3077 3011 3099 3046 ι

2203 3078 2205 3080 1
2276 3133 2293 3163 ι
2330 3111 2517 3176 Οὕτως
2542 3110 2840 3183 λαλοῦμεν,
2870 3109 2969 3181 οὐχ
2985 3108 3061 3173 ὡς
3093 3104 3406 3179 ἀνθρώποις
3431 3101 3800 3175 ἀρέσκοντες,

877 3193 1193 3305 placentes,
1226 3225 1325 3285 sed
1364 3223 1499 3292 Deo,
1529 3193 1642 3293 ’συὶ
1679 3193 1878 3291 probat
1925 3193 2091 3272 corda

2203 3204 2338 3260 ἀλλὰ
2383 3205 2462 3281 τῷ
2494 3203 2615 3278 Θεῷ
2667 3204 2747 3276 τῷ
2792 3201 3143 3274 δοκιμάζοντι
3173 3199 3274 3264 τὰς
3327 3196 3556 3270 καρδίας
3603 3193 3797 3266 ἡμῶν.

510 3337 725 3388 nostra.
757 3328 952 3400 Neque
981 3326 1130 3381 enim
1160 3320 1465 3394 aliquando
1499 3319 1711 3377 fuimus
1743 3317 1800 3372 in
1840 3327 2097 3372 sermone

512 3423 876 3489 adulationis,
926 3419 1076 3476 sicut
1107 3416 1288 3483 scitis,
1333 3427 1516 3486 neque
1552 3413 1610 3468 in
1638 3407 1936 3467 occasione
1964 3421 2099 3461 ava-

511 3520 655 3577 ritia:
683 3515 854 3588 (Deus
897 3511 1062 3569 testis
1097 3509 1228 3581 est),
1267 3523 1371 3563 nec
1403 3509 1714 3577 quaerentes
1750 3501 1818 3557 ab
1853 3497 2096 3555 homini-

511 3610 617 3669 bus
651 3608 906 3683 gloriam,
939 3622 1121 3680 neque
1154 3619 1186 3660 a
1229 3603 1412 3669 vobis,
1459 3612 1638 3670 neque
1669 3596 1740 3652 ab
1768 3594 1933 3661 aliis;
1967 3606 2094 3649 cum

514 3719 807 3777 possemus
839 3702 994 3758 vobis
1027 3699 1186 3756 oneri
1211 3710 1360 3764 esse,
1408 3700 1674 3764 tanquam
1707 3686 1918 3747 ChriSti
1965 3701 2097 3758 apo-

513 3801 685 3859 stoli:
720 3798 816 3858 sed
847 3796 984 3854 iacti
1029 3805 1225 3852 sumus
1268 3791 1326 3847 in
1368 3787 1552 3845 medio
1597 3782 1798 3852 vestri,
1831 3790 2095 3853 tanquam

513 3893 560 3951 si
599 3894 790 3950 nutrix
822 3890 1002 3948 foveat
1044 3888 1189 3945 filios
1226 3900 1380 3944 suos.
1420 3900 1440 3936 ι

603 4008 792 4070 ιΐὶηι.
835 4024 935 4073 ιιι,
984 4004 1012 4059 1
1067 4019 1212 4074 seqq.
1246 4018 1362 4050 -ι
1422 3996 1481 4052 Si
1535 3994 1662 4067 quis
1713 3991 2093 4062 episcopatum

514 4105 817 4169 desiderat,
877 4101 1086 4157 bonum
1142 4110 1284 4167 opus
1333 4089 1638 4148 desiderat.
1703 4084 1933 4157 Oportet
1964 4095 2096 4151 etgo

513 4205 836 4276 episcopum
880 4190 1428 4268 irreprehcnsibilcm
1478 4201 1623 4253 esse,
1678 4183 1848 4240 unius
1903 4179 2095 4235 uxoris

511 4300 716 4362 virum,
752 4292 1026 4357 sobrium,
1072 4297 1355 4350 ornatum,
1382 4281 1740 4354 hospitalem,
1780 4277 2094 4339 doctorem,

515 4407 627 4448 non
657 4387 1023 4448 vinolentum,
1062 4397 1171 4436 non
1205 4387 1616 4451 percussorem,
1651 4369 1748 4426 sed
1774 4367 1948 4437 magis
1974 4379 2097 4420 mo-

513 4484 756 4546 destum,
790 4491 902 4533 non
941 4473 1228 4544 cupidum,
1270 4483 1386 4525 suae
1421 4464 1613 4522 domui
1655 4464 1794 4517 bene
1829 4457 2096 4531 praeposi-

2197 3301 2337 3356 Οῦτε
2373 3302 2485 3374 γάρ
2513 3317 2645 3356 ποτε
2673 3302 2734 3359 ὲν
2760 3299 2906 3372 λόγῳ
2935 3297 3232 3361 κολακείας
3279 3292 3657 3365 ἐγενήθημεν,
3696 3308 3800 3344 κα-

2197 3393 2306 3460 θὼς
2335 3394 2534 3459 οἴδατε,
2561 3392 2684 3446 οὔτε
2713 3392 2773 3448 ὲν
2800 3391 3074 3465 προφάσει
3100 3386 3437 3454 πλεονεξίας,
3467 3384 3606 3449 Θεὸς
3642 3384 3800 3456 μάρ-

2194 3506 2314 3554 τυς,
2353 3485 2481 3542 οὔτε
2532 3485 2822 3559 ζητοῦντες
2849 3485 2908 3559 ἐξ
2960 3482 3266 3556 ἀνθρώπων
3299 3478 3480 3547 δόξαν,
3516 3477 3649 3532 οὔτε
3697 3477 3799 3550 ἀφ’

2197 3581 2372 3654 ὑμῶν,
2393 3580 2516 3634 οὔτε
2547 3577 2873 3657 άπᾲᾶλλων,
2902 3577 3190 3648 δυνάμενοι
3223 3577 3281 3630 ὲν
3322 3573 3480 3646 βάρει
3507 3567 3683 3638 εἶναι,
3719 3570 3799 3635 ὥς

2195 3676 2439 3748 Χριστοῦ
2467 3675 2792 3731 ἀπόστολοι·
2826 3672 2940 3727 ἀλλ’
2975 3670 3315 3743 ἐγενήθημεν
3341 3671 3402 3723 ὲν
3440 3667 3596 3740 μέσῳ
3633 3665 3800 3738 ὑμῶν

2196 3771 2271 3835 ὡς
2294 3770 2389 3826 ἐὰν
2415 3769 2610 3840 τροφὸς
2652 3767 2835 3841 θάλπῃ
2862 3767 2928 3825 τὰ
2957 3764 3156 3837 ἑαυτῆς
3177 3763 3365 3818 τέκνα.
3397 3779 3417 3816 ι

2274 3995 2294 4028 ι
2336 3974 2404 4030 Et
2435 3992 2521 4039 τις
2550 3972 2858 4048 ἐπισκοπῆς
2882 3971 3158 4046 ὀρέγεται,
3184 3969 3354 4027 καλοῦ
3379 3969 3548 4044 ἔργου
3588 3968 3799 4025 ἐπιθυ-

2199 4072 2313 4141 μεῖ.
2343 4071 2436 4123 Δεῖ
2473 4068 2568 4123 οῦν
2587 4069 2678 4123 τὸν
2707 4067 3011 4122 ἐπίσκοπον
3041 4065 3415 4136 ἀνεπίληπτον
3443 4059 3612 4129 εἶναι,
3663 4069 3800 4136 μιᾶς

2196 4153 2464 4234 γυναικὸς
2508 4163 2700 4234 ἄνδρα,
2733 4159 3017 4234 νηφάλιον,
3064 4158 3294 4232 κόσμιον
3315 4201 3332 4227 ,
3373 4157 3686 4229 φιλόξενον,
3719 4158 3800 4213 διο

2196 4255 2473 4323 δεικτικὸν,
2531 4256 2610 4327 μὴ
2650 4255 2931 4328 πάροινον,
2969 4254 3044 4329 μὴ
3077 4253 3350 4324 πλήκτην,
3388 4252 3510 4309 ἀλλ’
3559 4253 3799 4326 ἐπιεικῆ

2191 4349 2424 4421 μᾶλλον,
2449 4348 2846 4421 ἀφιλάργυρον,
2869 4346 2965 4401 τοῦ
2993 4346 3124 4403 ἰδίου
3142 4348 3291 4404 οίκου
3311 4345 3496 4410 καλῶς
3521 4350 3662 4418 προῖ
3672 4350 3802 4402 στά-

2200 4458 2384 4514 μενον,
2412 4443 2578 4496 τέκνα
2609 4440 2802 4512 ἔχοντα
2839 4440 2900 4495 ὲν
2928 4440 3176 4512 ὑποταγῇ
3208 4438 3378 4511 πολλῇ
3423 4439 3573 4510 μετὰ
3602 4441 3800 4508 πάσης

513 4531 1225 4643 "fi'liosbaiientem'
1267 4560 1524 4618 subditos
1570 4555 1628 4610 in
1678 4553 1853 4608 multa
1911 4549 2091 4643 subjef

2203 4535 2549 4609 σεμνότητος.
2582 4535 2647 4592 Et
2676 4534 2738 4588 δέ
2761 4551 2844 4602 τις
2871 4533 2968 4588 τοῦ
2993 4533 3124 4587 ἰδίου
3157 4532 3310 4591 οίκου
3340 4531 3656 4605 προστῆναι
3694 4535 3800 4588 οὐκ

513 4671 699 4727 ctione
735 4679 862 4722 cum
898 4659 1053 4718 omni
1089 4658 1367 4714 castitate.
1410 4652 1469 4707 Si
1513 4650 1641 4721 quis
1675 4655 1858 4703 autem
1905 4642 2091 4700 domui

2203 4624 2341 4686 οἶδεν
2368 4672 2383 4698 ,
2422 4629 2540 4706 πῶς
2611 4626 2939 4699 Ἑκκλησίας
3011 4625 3148 4686 Θεοῦ
3200 4625 3650 4700 ὲπιμελήσεται;
3719 4629 3797 4682 Οὐ

514 4776 628 4820 sua:
660 4770 899 4830 praeesse
929 4750 1146 4822 nequit,
1191 4745 1472 4819 quomodo
1517 4739 1774 4796 Ecclesiae
1818 4737 1912 4794 Dei
1964 4737 2094 4792 dili-

515 4852 756 4926 gentiam
790 4844 1064 4903 habebit?
1107 4839 1232 4897 Non
1262 4838 1627 4908 neophytum,
1658 4847 1728 4889 ne
1772 4833 1841 4926 in
1893 4844 2093 4900 super-

515 4923 662 5002 biam
702 4943 904 5004 elatus,
950 4939 1007 4992 in
1038 4934 1306 5007 judicium
1346 4928 1557 4987 incidat
1602 4925 1830 4982 diaboli.
1866 4923 2096 4995 Oportet

517 5049 700 5097 autem
729 5045 784 5092 et
813 5035 968 5090 illum
996 5018 1380 5086 testimonium
1425 5025 1634 5078 habere
1673 5022 1878 5076 bonum
1927 5019 1995 5074 ab
2025 5017 2095 5074 iis

515 5135 612 5208 qui
645 5132 780 5188 foris
814 5135 968 5194 sunt,
1027 5139 1096 5180 ne
1151 5124 1208 5178 in
1258 5117 1618 5192 opprobrium
1669 5115 1894 5180 incidat,
1943 5123 1997 5170 ct
2039 5114 2092 5169 in

517 5233 775 5303 laqueum
809 5223 1038 5281 diaboli.
1088 5239 1108 5274 ι

601 5389 783 5454 lTim.
816 5404 870 5453 ν,
897 5384 988 5438 ‘22.
1031 5409 1098 5421 --
1130 5399 1148 5432 ι
1182 5379 1377 5433 Manus
1419 5377 1531 5431 cito
1567 5373 1773 5429 nemini
1813 5374 2093 5444 imposne-

508 5487 617 5554 ris,
641 5497 816 5552 neque
855 5473 1355 5535 communicaveris
1393 5470 1638 5542 peccatis
1669 5468 1887 5524 alienis.
1925 5466 2094 5539 Teip.

518 5597 642 5640 sum
669 5591 884 5637 castum
914 5570 1155 5630 custodi.
1195 5587 1214 5622 ι

590 5701 701 5757 Tit.
741 5712 799 5761 ι,
835 5696 887 5749 Ἰ.
919 5722 988 5734 —-
1033 5708 1051 5743 ι
1088 5689 1317 5761 Oportet
1353 5685 1674 5758 episcopum
1707 5687 1828 5740 sine
1860 5683 2094 5739 crimine

517 5814 663 5864 esse,
713 5793 858 5848 sicut
907 5788 1114 5846 Christi
1158 5784 1471 5857 apostolum
1524 5788 1578 5837 et
1630 5778 2089 5850 dispensatorem,

513 5905 620 5948 non
673 5891 996 5960 superbum,
1037 5898 1146 5941 non
1193 5876 1545 5938 iracundum.
1584 5890 1695 5934 non
1728 5874 2092 5940 vinolentum,

2201 4726 2477 4794 νεόφυτον,
2516 4723 2603 4778 ἴνα
2641 4723 2716 4796 μὴ
2744 4721 3036 4793 τυφωθεὶς,
3084 4721 3167 4786 εἰς
3213 4720 3390 4794 κρίμα
3418 4721 3644 4794 ἐμπέσῃ
3691 4721 3796 4776 τοῦ

2199 4817 2473 4876 διαϐόλου.
2506 4817 2687 4874 Δεῖδὲ
2728 4815 2823 4870 καὶ
2867 4814 3179 4888 μαρτυρίαν
3221 4813 3396 4887 καλὴν
3427 4813 3581 4885 ἔχειν
3621 4815 3799 4868 αὐτὸν

2201 4910 2308 4967 ἀπὸ
2340 4910 2448 4966 τῶν
2473 4909 2694 4977 ἔξωθεν,
2732 4908 2819 4963 ῑνα
2859 4907 2935 4984 μὴ
2959 4909 3040 4973 εἰς
3065 4907 3374 4980 ὀνειδισμὸν
3403 4907 3632 4981 ἐμπέσῃ
3696 4908 3797 4962 καὶ

2202 5005 2407 5076 παγίδα
2439 5004 2535 5058 τοῦ
2559 5002 2830 5060 διαϐόλου.
2865 5022 2907 5058 ι,

2280 5384 2297 5417 ι
2327 5365 2534 5434 Χεῖρας
2561 5362 2774 5434 ταχέως
2805 5359 2997 5433 μηδενὶ
3049 5358 3302 5424 ἐπιτίθει,
3351 5357 3486 5429 μηδὲ
3535 5355 3790 5412 κοινώνει

2205 5455 2501 5528 ἁμαρτίαις
2525 5452 2859 5525 ἀλλοτρίαις.
2914 5449 3137 5514 Ἑαυτὸν
3171 5450 3336 5518 ἁγνὸν
3361 5448 3546 5520 τήρει.
3585 5468 3606 5502 ι

2278 5705 2295 5738 ι
2339 5688 2430 5739 Δεῖ
2451 5685 2544 5738 τὸν
2570 5682 2866 5736 ἐπίσκοπον
2895 5676 3226 5749 ἀνέγκλητον
3256 5668 3419 5739 εἶναι,
3439 5672 3519 5734 ὡς
3546 5669 3787 5743 Χριστοῦ

2203 5779 2503 5836 ἀπόστολον
2538 5777 2632 5831 καὶ
2671 5775 2956 5846 οἰκονόμον
2983 5789 2996 5803 ·
3035 5770 3112 5844 μὴ
3168 5767 3400 5840 αὐθάδη,
3444 5766 3519 5839 μὴ
3543 5767 3780 5838 ὀργίλον,

2205 5873 2281 5949 μὴ
2312 5873 2589 5947 πάροινον,
2649 5870 2720 5926 ub
2773 5869 3057 5960 ttquva
3093 5864 3170 5937 μὴ
3210 5860 3607 5936 αἰσχροκερδῆ,
3647 5858 3780 5916 ἀλλὰ
