4014 6302
281 360 316 425 ’1
324 356 427 425 541·

1510 358 1592 418 SA
1602 359 1750 419 CBA
1809 354 2006 416 PAR'A
2016 356 2274 417 LLELA.

3426 357 3568 426 15-12

284 474 559 544 φιλόξενον
587 464 614 541 ,’
675 472 995 546 φιλάγαθον,
1047 472 1323 550 σώφρονα,
1370 474 1584 532 δίκαιον
1611 485 1643 542 ,‘
1682 459 1860 544 ὅσιον¹

1972 483 2083 526 non
2127 471 2698 540 percussorem,‘non'
2730 468 2909 542 turpis
2949 470 3091 526 lucri
3141 472 3428 544 cupidum,
3463 475 3576 543 sed,

284 570 548 644 ἐγκρατῆ.
590 591 609 623 ι

354 770 377 807 ι
421 753 626 828 Μηδείς
673 769 768 807 σου
823 747 1224 826 περιφρονείτω
1253 752 1354 823 τῆς
1383 750 1657 822 νεότητος.
1707 728 1873 805 Ὑπο-

282 844 562 920 μίμνησκε
580 845 780 911 αύτοὺς
804 846 1002 920 ἀρχαῖς
1026 845 1122 900 καὶ
1143 843 1419 911 ἐξουσίαις
1445 842 1868 910 ὑποτάττεσθαι,

280 938 618 1013 πειθαρχεῖν,
651 938 793 1013 πρὸς
811 938 920 994 πᾶν
935 937 1100 1011 ἔργον
1129 937 1339 1010 ἀγαθον
1364 936 1621 1010 ἑτοίμους
1645 930 1812 1010 εἶναι.
1844 955 1864 988 ι

356 1139 378 1173 ι
417 1119 900 1185 Ἐπισκοποῦντες,
925 1118 1002 1192 μὴ
1027 1117 1415 1189 ἀναγκαστῶς,
1433 1115 1549 1174 ἀλλ’
1575 1115 1866 1183 έκουσίως,

280 1209 421 1283 μηδὲ
483 1209 917 1282 αἰσχροκερδῶς,
955 1209 1095 1265 ἀλλὰ
1155 1208 1456 1284 προθύμως
1500 1207 1645 1262 κατὰ
1700 1207 1866 1280 Θεόν”

278 1299 417 1374 μηδὲ
444 1300 522 1365 ὡς
559 1299 1059 1374 κατακυριεύοντες
1085 1302 1196 1358 τῶν
1229 1300 1476 1374 κλήρων,
1533 1300 1674 1356 ἀλλὰ
1697 1301 1870 1366 τύπος

276 1392 556 1465 γινόμενοι
590 1395 686 1448 τοῦ
715 1395 993 1466 ποιμνίου.
1032 1411 1052 1447 ι

347 1487 455 1543 Τδν
487 1488 810 1561 προεστῶτα
858 1488 934 1560 μὴ
973 1486 1251 1561 ἐπαιρέτω
1300 1486 1364 1542 τδ
1402 1486 1643 1560 ἀξίωμα,
1671 1488 1763 1545 ἵνα
1790 1488 1868 1562 μὴ

276 1582 488 1656 ἐκπέσῃ
519 1581 616 1637 τοῦ
679 1582 1038 1655 μακαρισμοῦ
1090 1581 1194 1653 τῆς
1247 1566 1783 1654 ταπεινοφροσύνης,
1833 1580 1867 1651 ἢ

277 1675 374 1730 καὶ
398 1675 563 1738 αὐτὸς
595 1674 930 1746 τυφλωθεὶς
980 1675 1068 1739 είς
1097 1673 1279 1742 κρίμα
1309 1669 1546 1740 ἐμπέσῃ
1584 1668 1692 1724 τοῦ
1735 1668 1868 1724 ’δια-

274 1769 486 1824 δόλου.
527 1767 672 1822 Ἀλλ’
717 1769 898 1822 ἐκεῖνο
939 1764 1243 1833 πεπείσθω,
1272 1765 1416 1837 ὃτιὴ
1450 1762 1558 1818 τῶν
1600 1761 1868 1818 πλειόνων

198 1889 202 1893 -
274 1861 565 1933 ἐπιμέλεια
606 1859 867 1916 πλειόνων
906 1860 1055 1915 ἐστὶν
1089 1857 1388 1937 ὑπηρεσία.
1427 1857 1521 1922 Ὦς
1550 1853 1645 1912 οῦν
1671 1858 1700 1911 6
1738 1855 1868 1926 πο).-

1894 1908 1942 1970 Β

1975 561 2324 631 hospitalem,
2347 561 2980 633 benignum,sobrium,
3010 565 3246 636 justum,
3277 576 3563 638 sanctum,

1974 654 2382 721 continentem,
2409 673 2434 735 vi
2469 662 2584 712 etc.

2046 748 2157 806 Tit.
2225 762 2301 816 tt,
2359 749 2550 806 l5.-—-
2600 768 2620 802 ‹
2681 748 2856 807 Nemo
2912 752 3347 811 adolescentiam
3409 764 3562 814 tuam

1974 848 2315 898 contemnat.
2345 840 2598 899 Admone
2628 843 2754 898 illos
2793 843 3145 917 principibus
3184 855 3240 903 et
3274 852 3567 920 potestati-

1971 935 2077 990 bus
2121 934 2384 992 subditos
2414 950 2563 1003 esse,
2604 935 2753 992 dicto
2790 936 3041 1006 obedire,
3093 939 3162 997 ad
3217 955 3385 999 omne
3420 957 3564 1018 opus

1971 1026 2178 1083 bonum
2218 1037 2448 1100 paratos
2481 1044 2626 1086 esse.
2670 1049 2691 1084 ι
3477 1055 3480 1057 λ

2042 1119 2074 1176 1
2112 1117 2264 1177 Petr.
2311 1137 2368 1188 ν,
2393 1121 2446 1176 3.
2482 1150 2553 1161 —
2588 1141 2608 1176 ι
2647 1121 3032 1192 Providentes,
3064 1138 3173 1181 non
3210 1135 3429 1196 coacte,
3461 1130 3564 1186 sed

1971 1223 2311 1287 spontanee;
2351 1229 2530 1286 neque
2571 1215 2751 1287 turpis
2793 1216 2937 1272 lucri
2973 1215 3196 1288 gratia,’
3222 1202 3318 1274 sed
3353 1221 3562 1278 volun-

1972 1305 2114 1362 tarie
2157 1304 2465 1362 secundum
2519 1303 2689 1362 Deum
2731 1324 2748 1360 :
2790 1321 2971 1379 neque
3017 1314 3079 1363 ut
3111 1308 3471 1370 dominantes
3501 1313 3560 1370 in

1970 1396 2160 1468 cleris,
2195 1393 2291 1452 sed
2329 1393 2509 1450 forma
2540 1394 2674 1451 iacti
2697 1397 2898 1468 gregis.
2938 1417 2957 1450 ι

2038 1486 2098 1542 8.
2133 1487 2304 1543 Βωει.
2341 1503 2407 1543 ea:
2450 1503 2646 1543 canon.
2692 1488 2928 1546 Constit.
2980 1502 3169 1563 quiest.
3203 1494 3273 1551 5.,
3300 1525 3372 1535 -—
3401 1496 3560 1554 Anti-

1971 1581 2120 1638 stitis
2161 1581 2376 1638 animos
2414 1580 2659 1652 dignitas
2687 1598 2798 1638 non
2837 1585 3078 1652 attollat,
3129 1603 3197 1642 ne
3241 1587 3313 1644 ab
3342 1587 3564 1647 humili-

1972 1673 2110 1730 tatis
2155 1683 2211 1730 et
2259 1674 2549 1730 modestia:
2608 1675 2956 1734 beatitudine
3007 1679 3251 1748 excidat,
3302 1690 3399 1738 aut
3435 1684 3558 1755 ipse

1971 1766 2140 1822 etiam
2167 1767 2222 1821 in
2258 1766 2566 1835 superbiam
2606 1767 2803 1836 elatus,
2835 1770 2889 1824 in
2905 1770 3172 1841 judicium
3205 1775 3408 1832 incidat
3436 1778 3561 1834 dia-

1972 1853 2081 1910 boli
2123 1853 2176 1926 (1
2221 1853 2358 1909 Tim.
2415 1871 2514 1923 ιιι,
2563 1853 2640 1924 6).
2699 1855 2843 1924 Quin
2883 1860 3070 1930 potius
3126 1861 3228 1919 hoc
3268 1863 3378 1920 sibi
3430 1880 3561 1938 per-

273 1955 386 2020 λοῖς
423 1954 524 2028 μὲν
547 1955 836 2028 ὑπηρετῶν
860 1952 1420 2026 τετραυματισμένοις
1439 1991 1453 2016 ,
1490 1949 1584 2006 καὶ
1608 1948 1860 2018 ἀποξύων

1970 1949 2224 2013 suadeat,
2261 1948 2565 2003 multorum
2616 1964 2805 2005 curam
2839 1966 3034 2023 gerere
3067 1953 3209 2009 nihil
3242 1956 3393 2012 aliud
3433 1973 3560 2016 esse

275 2047 519 2122 μὲντοὺς
540 2047 747 2121 ἰχῶρας
765 2046 997 2101 ἑκάστου
1021 2044 1356 2118 τραύματος,
1388 2044 1684 2118 προσάγων
1709 2042 1767 2102 δέ
1787 2043 1856 2098 τά
1915 2128 1917 2130 η

274 2138 598 2212 βοηθήματα
617 2137 758 2194 κατὰ
779 2139 879 2211 τὴν
904 2137 1140 2210 ἰδιότητα
1164 2136 1272 2209 τῆς.
1286 2135 1662 2210 ὑποκειμένης
1682 2136 1865 2191 κακώ-

276 2248 437 2296 σεως,
454 2231 575 2303 οὐχὶ
602 2229 1158 2304 ἐπάρσεωςάφορμὴν
1181 2229 1283 2302 τὴν
1313 2229 1626 2301 ὑπηρεσίαν
1643 2227 1863 2300 λαμδά-

274 2341 375 2387 νει,
413 2323 552 2380 ἀλλὰ
573 2323 774 2397 μᾶλλον
789 2323 1174 2388 ταπεινώσεως
1193 2325 1286 2378 καὶ
1303 2323 1543 2393 ἀγωνίας
1563 2337 1578 2353 ⁸
1606 2323 1701 2378 καὶ
1727 2322 1864 2380 πολὺ
1893 2312 1896 2313 ν

273 2417 438 2473 πλέον
458 2411 609 2483 οὗτος
630 2418 658 2470 6
680 2417 750 2472 τά
775 2416 1136 2490 ἀσθενήματα
1161 2417 1346 2473 ἰᾶσθαι
1367 2415 1470 2488 τῆς
1499 2415 1862 2488 ἀδελφότητος

273 2510 604 2578 πιστευθεὶς,
631 2509 708 2574 ὡς
731 2510 948 2566 πάντων
977 2511 1278 2583 ὑπηρέτης,
1310 2509 1405 2565 καὶ
1453 2510 1595 2580 ὑπὲρ
1637 2509 1860 2567 πάντων

274 2603 432 2673 λόγον
448 2603 585 2676 ἔχων
610 2604 817 2672 δοῦναι,
848 2604 1178 2661 διανοεῖσθαι
1217 2603 1312 2658 καὶ
1354 2604 1598 2676 ἀγωνιᾷν
1629 2603 1858 2674 ὀφείλει.

279 2696 472 2768 Τούτῳ
503 2697 614 2770 γάρ
642 2697 720 2769 τῷ
749 2697 940 2770 τρόπῳ
967 2695 1453 2768 κατορθωθήσεται
1484 2698 1512 2751 6
1539 2696 1742 2762 σκοπὸς
1763 2696 1860 2752 τοῦ

273 2791 479 2863 Κυρίου
518 2791 762 2856 εἰπόντος
785 2806 799 2822 ο
830 2791 906 2846 ΕΖ
933 2808 1024 2858 τις
1058 2790 1219 2846 θέλει
1251 2790 1322 2845 ἐν
1350 2788 1495 2860 ὑμῖν
1525 2785 1675 2845 εἴναι
1701 2789 1859 2860 πρῶ-

272 2899 398 2952 τος,
459 2885 617 2940 ἔστω
650 2881 896 2938 πᾶν-των
946 2883 1232 2956 ἔσχατος,
1281 2880 1383 2937 καί
1439 2879 1688 2937 ,πάντων
1733 2879 1860 2937 διὰ-

271 2995 477 3045 κονος.

1964 2055 2134 2112 quam
2173 2041 2368 2098 multis
2398 2041 2688 2099 inservire.
2743 2042 3224 2110 Quemadmodum
3258 2048 3430 2121 igitur
3459 2050 3556 2124 qui

1965 2134 2156 2191 multis
2192 2134 2402 2191 sauciis
2445 2149 2672 2208 operam
2704 2145 2893 2204 nava‘t,
2926 2151 2994 2194 ac
3039 2147 3156 2194 tum
3202 2140 3555 2214 singulorum

1963 2227 2254 2283 vulnerum
2295 2226 2458 2297 512
2498 2227 2709 2284 saniem
2739 2230 2944 2295 eradit,
2973 2237 3090 2288 tum
3132 2234 3335 2305 cuique
3373 2235 3555 2294 dolori

1964 2327 2407 2376 conSentaneum
2431 2320 2740 2376 remedium
2773 2321 3026 2390 adhibet,
3059 2324 3150 2381 hic
3179 2340 3248 2382 ex
3277 2327 3557 2398 eiusmodi

1965 2412 2146 2469 oliicio
2186 2412 2450 2469 elationis
2507 2427 2706 2470 ansam
2779 2430 3134 2488 nequaquam
3185 2419 3408 2492 arripit,
3456 2423 3556 2481 sed

1966 2505 2302 2563 humilitatis
2332 2507 2517 2577 potius
2563 2515 2618 2562 et
2661 2507 3061 2568 sollicitudinis
3092 2530 3108 2567 :
3138 2513 3336 2570 eodem
3369 2517 3554 2585 modo,

1964 2607 2020 2653 et
2048 2596 2276 2668 quidem
2304 2596 2479 2652 multo
2506 2598 2758 2668 magisris
2791 2599 2861 2654 ad
2908 2617 3070 2672 quem
3105 2606 3277 2662 totius
3308 2607 3557 2666 sodalitii

1969 2689 2352 2745 inﬁrmitatum
2408 2690 2628 2746 curatio
2683 2700 2922 2762 spectat,
2982 2696 3133 2752 velut
3169 2699 3263 2770 qui
3308 2701 3557 2760 omnium

1967 2783 2224 2839 minister
2268 2781 2364 2849 sit,
2421 2783 2811 2855 rationemque
2851 2801 2953 2857 pro
3005 2789 3273 2850 omnibus
3321 2794 3558 2853 redden-

1938 2876 2092 2942 dam
2128 2874 2355 2940 habeat,
2386 2875 2466 2932 ita
2505 2875 2693 2932 animo
2733 2879 3079 2938 constitutus
3119 2897 3246 2939 esse
3273 2884 3459 2955 debet,
3489 2901 3557 2944 ac

1966 2967 2270 3041 trepidare.
2313 2966 2431 3025 Hoc
2480 2971 2628 3026 enim
2672 2978 2839 3043 pacto
2887 2972 3022 3029 illud
3071 2978 3354 3045 przestabit
3404 2981 3556 3051 quod

272 3070 380 3128 sibi
417 3059 1096 3144 Dominus'proponebat,
1134 3086 1261 3129 cum
1295 3072 1508 3130 diceret
1557 3091 1572 3130 :
1617 3070 1680 3128 Si
1723 3069 1842 3143 quis
1875 3067 1988 3126 vult
2021 3065 2162 3120 inter
2208 3079 2300 3120 vos
2355 3064 2563 3134 primus
2609 3081 2742 3134 me,
2787 3068 2858 3122 sit
2911 3070 3150 3126 omnium
3208 3074 3553 3151 novissimus,

271 3173 322 3222 ει
361 3167 601 3219 omnium
625 3167 869 3221 minister
898 3165 1095 3239 (Marc.
1129 3183 1208 3234 ιι,
1238 3166 1357 3239 54).

338 3260 414 3329 ,⁸0
443 3261 543 3333 τὴν
578 3263 767 3335 κοινὴν
794 3263 1055 3335 φροντίδα
1103 3264 1556 3336 πεπιστευμένος,
1585 3261 1682 3332 ὦς’
1703 3248 1860 3334 6:92!—

2044 3252 2188 3309 Ibid.
2218 3261 2408 3324 σαίνει.
2440 3251 2532 3310 25.
2562 3282 2633 3293 -ο
2658 3250 2764 3322 Qui
2792 3267 3146 3310 communem
3168 3253 3421 3310 omnium
3443 3270 3554 3312 cu-

271 3356 382 3410 λων
414 3355 574 3425 λόγον
598 3352 788 3411 δοῦναι
817 3355 950 3428 περὶ
997 3355 1231 3413 ἑκάστου
1261 3355 1371 3411 τῶν
1402 3356 1856 3430 ἐμπεπιστευμέο

271 3466 402 3517 νων,
438 3449 583 3505 οὕτω
609 3447 932 3506 διακείσθω.

341 3629 654 3687 Μανθάνειν
699 3611 1153 3702 ἀνεπαισχύντως
1178 3669 1195 3697 ,
1266 3618 1388 3687 Ὕκαὶδ
1425 3631 1701 3688 διδάσκειν
1764 3633 1860 3687 ἀνι

268 3723 600 3795 επιφθόνως,
646 3724 744 3778 καὶ⁵
788 3723 840 3776 ετ
877 3741 930 3778 τι
966 3723 1099 3796 παρ’
1145 3723 1338 3795 ἐτέρου
1387 3709 1723 3794 δεδίδακται,
1779 3724 1856 3796 μὴ

268 3817 654 3890 ἐπικρύπτειν,
677 3815 867 3889 ὥσπερ
910 3817 966 3882 αἱ
1005 3816 1209 3888 φαῦλαι
1230 3817 1341 3871 τῶν
1365 3818 1662 3888 γυναικῶν,
1701 3819 1757 3878 αί
1789 3817 1859 3873 τά

267 3912 398 3967 νόθα
444 3909 915 3982 ὑποδαλλόμεναι*
960 3908 1100 3966 ἀλλὰ
1152 3911 1453 3984 κηρύσσειν
1497 3910 1858 3985 εὐγνωμόνως

267 4007 364 4062 τὸν
395 4005 616 4078 Πατέρα
649 4004 744 4059 τοῦ
776 4004 973 4076 Λόγου.

352 4187 674 4260 ’Ᾱνθρὼπῳ,
698 4186 943 4260 χαλεποῦ
993 4187 1148 4254 δντος
1178 4185 1275 4242 τοῦ
1322 4189 1529 4244 εἰδέναι
1561 4188 1852 4262 ἄρχεσθαι,

267 4281 570 4338 κινδυνεύει
645 4279 848 4354 μᾶλλον
901 4279 1282 4352 χαλεπώτερον
1344 4276 1486 4338 εἶναι
1537 4282 1601 4336 τὸ
1649 4281 1851 4335 εἰδέναι

268 4376 461 4450 ἄρχειν
485 4368 791 4447 ἀνθρώπων
813 4387 830 4405 ⁸
880 4373 976 4428 καὶ
1024 4373 1264 4446 μάλιστα
1285 4373 1465 4447 ἀρχὴν
1509 4374 1717 4447 ταύτην
1750 4375 1854 4448 τὴν

267 4467 566 4541 ἡμετέραν,
596 4466 694 4538 τὴν
723 4467 783 4520 ἐν
805 4464 956 4537 νόμῳ
982 4463 1114 4536 θείῳ
1141 4464 1238 4520 καὶ
1268 4464 1405 4538 πρὸς
1426 4464 1563 4520 Θεὸν
1586 4467 1852 4537 ἄγουσαν,

266 4555 338 4633 ἧς
366 4559 492 4614 ὅσον
517 4557 580 4613 τδ
617 4555 749 4630 ῦψος
779 4556 873 4612 καὶ
906 4556 968 4614 τὺ
997 4556 1239 4630 ἀξίωμα,
1266 4556 1525 4615 τοσοῦτον
1550 4562 1646 4615 καὶ
1675 4561 1704 4616 ό
1736 4559 1852 4617 κίν-

266 4653 445 4719 δυνος.

339 4832 489 4906 Δύτη
518 4851 607 4906 μοι
639 4833 888 4902 φαίνεται
911 4831 992 4904 τῷ
1014 4831 1128 4886 δντι
1159 4829 1323 4903 τέχνη
1349 4847 1433 4894 τις
1456 4826 1598 4885 εῖναι
1625 4829 1852 4901 τεχνῶν,

267 4929 363 4984 καὶ
395 4929 672 5000 ἐπιστήμη
704 4926 1047 4998 ἐπιστημῶν,
1081 4925 1370 4998 ἄνθρωπον
1401 4923 1556 4992 ἄγειν
1584 4921 1651 4977 τὸ
1688 4923 1861 4977 πολυε

265 5021 618 5095 τροπὼτατον
651 5019 790 5085 ζῶον
821 5022 917 5076 καὶ
942 5019 1358 5073 ποικιλώτατον.

341 5117 554 5188 Ὥσπερ
600 5117 712 5180 τοῖς
744 5115 1016 5186 σώμασιν,
1056 5114 1120 5168 οὗ
1144 5114 1244 5185 τὴν
1267 5112 1446 5183 αὐτὴν
1493 5109 1852 5183 φαρμακείαν

267 5210 365 5266 καὶ
390 5207 596 5282 τροφὴν
629 5207 1038 5281 προσφέρονται
1092 5207 1355 5272 ἅπαντες,
1388 5204 1539 5258 ἄλλοι
1565 5204 1622 5258 δὲ
1655 5202 1843 5274 ἀλλην,

264 5305 300 5376 ἢ
337 5301 709 5366 εύεκτοῦντες,
745 5301 779 5373 ἢ
815 5299 1136 5371 κάμνοντες,
1189 5297 1332 5351 οὕτω
1391 5295 1486 5350 καὶ
1525 5293 1625 5359 τὰς
1670 5293 1850 5364 ψυχάς

264 5395 511 5467 διαφόρῳ
534 5394 680 5466 λόγῳ
701 5393 796 5448 καὶ
821 5392 1010 5463 ἀγωγῇ
1043 5388 1431 5463 θεραπευτέον.
1465 5387 1760 5463 Μάρτυρες
1788 5385 1847 5440 δὲ

264 5489 364 5559 τῆς
400 5485 720 5558 θεραπείας,
753 5476 829 5538 ὧν
851 5483 944 5537 καὶ
973 5481 1043 5536 τά
1090 5480 1259 5552 πάθη,
1292 5479 1432 5545 Τοὺς
1468 5478 1571 5550 μὲν
1600 5480 1723 5548 ἄγει
1755 5478 1848 5533 λό-

263 5595 384 5650 γος,
417 5581 466 5634 οἱ
488 5578 544 5633 δὲ
571 5575 929 5650 ρυθμίζονται
958 5574 1384 5647 παραδείγματι.
1409 5573 1482 5627 0i
1508 5572 1608 5643 μὶν
1636 5572 1847 5626 δέονται

266 5672 522 5742 κέντρου,
545 5670 596 5724 oi
629 5670 687 5724 δὲ
726 5667 967 5743 χαλινοῦ.
997 5666 1109 5723 Καὶ
1154 5668 1204 5721 οἱ
1238 5667 1335 5740 μὲν
1374 5666 1484 5738 γάρ
1510 5667 1618 5720 εἱσι
1657 5664 1849 5728 νωθεῖς

268 5763 365 5817 καὶ
396 5761 709 5831 δυσκίνητοι
754 5761 895 5834 πρὸς
944 5759 1006 5815 τὸ
1028 5758 1215 5825 καλὸν,
1274 5757 1370 5823 οῦς
1409 5761 1478 5828 τῇ
1533 5757 1718 5828 πληγῇ
1747 5754 1847 5809 τοῦ

268 5853 434 5932 λόγου
461 5855 787 5927 διιγερτέον,
817 5855 865 5909 οἱ
905 5853 962 5909 δὲ
999 5851 1322 5925 θερμότεροι
1367 5849 1468 5906 τοῦ
1511 5850 1742 5922 μετρίου
1771 5847 1851 5920 τῷ

1962 3358 2081 3400 ram
2115 3344 2382 3416 suscepit,
2415 3359 2481 3402 eo
2507 3346 2696 3402 animo
2743 3361 2869 3404 esse
2913 3347 3098 3413 debet,
3145 3355 3413 3420 tanquam
3448 3345 3567 3421 pro'

1966 3451 2302 3508 unoquoque
2344 3451 2540 3492 eorum
2587 3438 2682 3510 qui
2729 3452 2848 3496 sum
2891 3437 3021 3496 ﬁdei
3057 3440 3346 3500 commissi
3398 3451 3551 3510 sunt,

1963 3530 2240 3588 rationem
2265 3528 2342 3586 sit
2379 3529 2730 3589 redditurus.

2037 3621 2294 3692 Ejusdem
2314 3621 2468 3694 epist.
2503 3622 2630 3677 1.-
2651 3623 2878 3682 Discere
2909 3623 3029 3681 sine
3068 3623 3300 3696 pudore,
3340 3634 3398 3684 et
3428 3627 3553 3687 sine

1965 3715 2174 3772 invidia
2207 3713 2410 3772 docere
2453 3723 2714 3788 oportet:
2768 3719 2814 3774 si
2849 3718 2983 3791 quid
3013 3719 3083 3774 ab
3111 3719 3220 3775 alio
3261 3719 3548 3792 didiceris,

1963 3806 2192 3862 minime
2239 3805 2460 3864 silentio
2498 3805 2856 3865 dissimulare
2904 3806 3393 3881 (quemadmodum
3441 3809 3550 3866 im-

1961 3901 2149 3975 probas
2188 3902 2446 3960 mulieres
2485 3904 2688 3971 solent,
2720 3918 2844 3974 qua:
2867 3903 3215 3961 adulterinos
3246 3903 3394 3961 fetus
3442 3921 3548 3978 pro

1960 3996 2077 4054 suis
2105 3997 2478 4070 supponunt),
2520 3996 2616 4054 sed
2649 3995 2890 4053 candido
2921 3996 3109 4054 animo
3140 3996 3304 4055 Verbi
3330 3997 3546 4057 Patrem

1960 4090 2291 4161 praedicare.
3505 4157 3509 4160 .

2027 4183 2086 4238 S.
2113 4181 2267 4256 Greg.
2307 4182 2581 4239 Nazianz.
2618 4193 2761 4240 orat.
2807 4183 2861 4238 1.
2891 4213 2963 4224 --
2986 4182 3125 4240 Cum
3161 4183 3369 4240 homini
3401 4185 3542 4242 ditii-

1957 4275 2066 4334 cile
2097 4280 2170 4334 sit
2218 4291 2388 4334 nosse
2438 4292 2659 4346 parere,
2701 4284 2818 4333 tum
2859 4291 2999 4332 vero
3049 4277 3214 4349 longe
3265 4277 3543 4335 diliicilius

1955 4372 2176 4430 videtur
2225 4373 2371 4431 scire
2414 4373 2747 4430 hominibus
2786 4373 3080 4443 imperare,
3122 4385 3191 4429 ac
3231 4368 3540 4444 praesertim

1958 4469 2062 4524 hoc
2082 4478 2275 4524 nostro
2307 4465 2564 4538 imperio,
2607 4467 2757 4540 quod
2805 4467 2925 4538 lege
2952 4466 3141 4523 divina
3176 4465 3541 4524 administra-

1955 4567 2048 4615 tur
2075 4567 2134 4616 et
2157 4558 2229 4615 ad
2263 4557 2436 4615 Deum
2469 4558 2627 4616 ducit
2663 4578 2677 4616 :
2726 4559 2894 4631 cujus
2926 4565 3138 4632 quanto
3167 4560 3347 4630 major
3372 4559 3542 4616 celsi-

1885 4671 1930 4730 υ
1961 4649 2094 4707 tudo
2119 4657 2175 4707 et
2205 4651 2447 4724 dignitas
2480 4654 2574 4722 sit,
2611 4659 2767 4711 tanto
2809 4667 3032 4726 quoque
3058 4655 3283 4724 grav-ius
3321 4655 3541 4725 pericu-

1958 4743 2072 4801 lum
2098 4752 2205 4801 est.

2025 4822 2180 4889 Ibid.
2209 4865 2278 4875 —-
2325 4831 2454 4889 litae
2483 4831 2618 4888 mihi
2645 4849 2778 4890 vere
2827 4848 2918 4891 ars
2959 4835 3161 4892 artium
3197 4845 3253 4893 et
3304 4837 3541 4895 scientia

1956 4928 2318 4984 scientiarum
2342 4943 2469 4984 esse
2496 4928 2740 4995 videtur,
2774 4929 3056 4986 hominem
3088 4947 3300 5003 regere,
3335 4934 3541 4989 animal

1957 5021 2091 5077 illud
2132 5021 2271 5077 mire
2301 5021 2608 5092 multiplex,
2645 5030 2700 5078 et
2727 5038 2893 5094 quam
2922 5024 3162 5082 maxime
3195 5026 3436 5082 varium.

2024 5113 2164 5169 Ibid.
2203 5142 2272 5153 --
2305 5111 2489 5168 Veluti
2531 5130 2634 5170 nec
2666 5115 3097 5185 medicamenta,
3142 5132 3245 5174 nec
3277 5118 3539 5174 alimenta

1953 5205 2143 5263 eadem
2195 5208 2526 5278 corporibus
2573 5209 2837 5265 omnibus
2892 5208 3230 5277 oil‘eruntur,
3284 5213 3384 5269 sed
3431 5213 3538 5269 alia

1955 5297 2102 5362 aliis,
2129 5313 2229 5370 pro
2265 5313 2483 5367 eorum,
2519 5299 2606 5355 vel
2640 5300 2924 5367 sanitatis,
2964 5302 3049 5363 vel
3075 5302 3408 5361 valetudinis
3445 5319 3538 5360 ra-

1955 5391 2102 5447 tione
2130 5409 2143 5446 :
2182 5391 2265 5447 sic
2295 5391 2498 5448 animae
2525 5391 2755 5449 diverso
2781 5395 2946 5450 modo
2972 5402 3026 5450 ct
3056 5395 3225 5452 ductu
3249 5405 3534 5453 curantur.

1950 5484 2030 5539 Ac
2077 5486 2394 5541 curationis
2448 5493 2621 5542 testes
2676 5494 2807 5543 sunt
2863 5489 2959 5559 qui
3013 5489 3225 5546 morbis
3277 5490 3536 5560 hujusce-

1953 5577 2102 5634 modi
2138 5588 2435 5633 vexantur.
2470 5579 2624 5636 Alios
2658 5588 2843 5636 movet
2883 5582 3088 5647 oratio,
3132 5582 3232 5638 alii
3261 5583 3538 5643 antistitis

1949 5671 2204 5742 exemplo
2232 5681 2669 5741 componuntur.
2749 5673 3076 5731 Calcaribus
3124 5674 3220 5730 alii
3263 5691 3404 5748 opus
3433 5676 3535 5730 ha-

1952 5764 2105 5832 bent,
2138 5763 2229 5819 alii
2271 5763 2450 5821 ireno.
2482 5763 2616 5821 Nam
2646 5767 2740 5838 qui
2785 5767 2931 5825 lente
2957 5775 3010 5824 et
3046 5768 3289 5839 segniter
3317 5768 3386 5822 ad
3422 5766 3536 5823 vir-

1951 5863 2118 5912 tutem
2153 5862 2467 5923 moventur,
2521 5856 2577 5912 hi
2623 5857 2920 5915 verborum
2965 5857 3208 5917 stimulis
3247 5851 3529 5922 excitandi
