  <div class='ocr_page' id='page_1' title='image "/cluster/home/n/w/nwhite01/storage/ocr_20150623/95/mdp.39015004289776/783.png"; bbox 0 0 4014 6302; ppageno 0'>
   <div class='ocr_carea' id='block_1_1' title="bbox 470 367 611 436">
    <p class='ocr_par' dir='ltr' id='par_1_1' title="bbox 470 367 611 436">
     <span class='ocr_line' id='line_1_1' title="bbox 470 367 611 436; baseline 0 -1"><span class='ocrx_word' id='word_1_1' title='bbox 470 367 611 436; x_wconf 67' lang='grc'><strong>1543</strong></span> 
     </span>
    </p>
   </div>
   <div class='ocr_carea' id='block_1_2' title="bbox 1664 345 2550 417">
    <p class='ocr_par' dir='ltr' id='par_1_2' title="bbox 1664 345 2550 417">
     <span class='ocr_line' id='line_1_2' title="bbox 1664 345 2550 417; baseline -0.009 -1"><span class='ocrx_word' id='word_1_2' title='bbox 1664 354 1727 416; x_wconf 89' lang='lat' dir='ltr'><strong>S.</strong></span> <span class='ocrx_word' id='word_1_3' title='bbox 1762 348 2082 417; x_wconf 78' lang='lat' dir='ltr'><strong>JOANNIS</strong></span> <span class='ocrx_word' id='word_1_4' title='bbox 2117 345 2550 412; x_wconf 78' lang='lat' dir='ltr'><strong>DAMASCENI</strong></span> 
     </span>
    </p>
   </div>
   <div class='ocr_carea' id='block_1_3' title="bbox 3588 323 3743 410">
    <p class='ocr_par' dir='ltr' id='par_1_3' title="bbox 3588 323 3743 410">
     <span class='ocr_line' id='line_1_3' title="bbox 3588 323 3743 410; baseline 0.013 -2"><span class='ocrx_word' id='word_1_5' title='bbox 3588 323 3743 410; x_wconf 73' lang='grc' dir='ltr'>ιδιι</span> 
     </span>
    </p>
   </div>
   <div class='ocr_carea' id='block_1_4' title="bbox 467 454 2057 556">
    <p class='ocr_par' dir='ltr' id='par_1_4' title="bbox 467 463 2048 556">
     <span class='ocr_line' id='line_1_4' title="bbox 467 463 2048 556; baseline -0.018 -11"><span class='ocrx_word' id='word_1_6' title='bbox 467 494 636 553; x_wconf 78' lang='lat' dir='ltr'><strong>sunt;</strong></span> <span class='ocrx_word' id='word_1_7' title='bbox 665 482 762 556; x_wconf 89' lang='lat' dir='ltr'><strong>qui</strong></span> <span class='ocrx_word' id='word_1_8' title='bbox 803 494 932 538; x_wconf 87' lang='lat' dir='ltr'><strong>vero</strong></span> <span class='ocrx_word' id='word_1_9' title='bbox 966 475 1178 551; x_wconf 79' lang='lat' dir='ltr'><strong>spiritu</strong></span> <span class='ocrx_word' id='word_1_10' title='bbox 1211 470 1334 546; x_wconf 84' lang='lat' dir='ltr'><strong>plus</strong></span> <span class='ocrx_word' id='word_1_11' title='bbox 1373 482 1539 543; x_wconf 88' lang='lat' dir='ltr'><strong>quam</strong></span> <span class='ocrx_word' id='word_1_12' title='bbox 1583 481 1687 540; x_wconf 88' lang='lat' dir='ltr'><strong>par</strong></span> <span class='ocrx_word' id='word_1_13' title='bbox 1719 465 1794 523; x_wconf 86' lang='lat' dir='ltr'><strong>sit</strong></span> <span class='ocrx_word' id='word_1_14' title='bbox 1841 463 2048 519; x_wconf 84' lang='lat' dir='ltr'><strong>incale—</strong></span> 
     </span>
    </p>
   </div>
   <div class='ocr_carea' id='block_1_5' title="bbox 2169 454 3731 556">
    <p class='ocr_par' dir='ltr' id='par_1_5' title="bbox 2169 454 3731 556">
     <span class='ocr_line' id='line_1_5' title="bbox 2169 454 3731 556; baseline -0.002 -43"><span class='ocrx_word' id='word_1_15' title='bbox 2169 458 2426 556; x_wconf 68' lang='grc' dir='ltr'>τνεύματι</span> <span class='ocrx_word' id='word_1_16' title='bbox 2472 456 2568 556; x_wconf 66' lang='grc' dir='ltr'>καὶ</span> <span class='ocrx_word' id='word_1_17' title='bbox 2620 454 2985 556; x_wconf 59' lang='grc' dir='ltr'>δυσκάθεκτοι</span> <span class='ocrx_word' id='word_1_18' title='bbox 3024 456 3145 522; x_wconf 90' lang='grc' dir='ltr'>ταῖς</span> <span class='ocrx_word' id='word_1_19' title='bbox 3193 455 3418 528; x_wconf 78' lang='grc' dir='ltr'><strong>ὁρμαῖς,</strong></span> <span class='ocrx_word' id='word_1_20' title='bbox 3473 455 3731 528; x_wconf 73' lang='grc' dir='ltr'>καθάπερ</span> 
     </span>
    </p>
   </div>
   <div class='ocr_carea' id='block_1_6' title="bbox 467 557 2042 650">
    <p class='ocr_par' dir='ltr' id='par_1_6' title="bbox 467 557 2042 650">
     <span class='ocr_line' id='line_1_6' title="bbox 467 557 2042 650; baseline -0.017 -10"><span class='ocrx_word' id='word_1_21' title='bbox 467 591 656 648; x_wconf 81' lang='lat' dir='ltr'><strong>scunt,</strong></span> <span class='ocrx_word' id='word_1_22' title='bbox 691 589 746 637; x_wconf 91' lang='lat' dir='ltr'><strong>et</strong></span> <span class='ocrx_word' id='word_1_23' title='bbox 774 576 1041 650; x_wconf 65' lang='lat' dir='ltr'><strong>praecipiti</strong></span> <span class='ocrx_word' id='word_1_24' title='bbox 1076 574 1289 643; x_wconf 89' lang='lat' dir='ltr'><strong>impetu</strong></span> <span class='ocrx_word' id='word_1_25' title='bbox 1332 568 1609 631; x_wconf 79' lang='lat' dir='ltr'><strong>feruntur,</strong></span> <span class='ocrx_word' id='word_1_26' title='bbox 1638 562 1790 620; x_wconf 81' lang='lat' dir='ltr'><strong>velut</strong></span> <span class='ocrx_word' id='word_1_27' title='bbox 1821 557 2042 632; x_wconf 81' lang='lat' dir='ltr'><strong>equulei</strong></span> 
     </span>
    </p>
   </div>
   <div class='ocr_carea' id='block_1_7' title="bbox 465 653 2046 748">
    <p class='ocr_par' dir='ltr' id='par_1_7' title="bbox 465 653 2046 748">
     <span class='ocr_line' id='line_1_7' title="bbox 465 653 2046 748; baseline -0.017 -16"><span class='ocrx_word' id='word_1_28' title='bbox 465 673 722 748; x_wconf 88' lang='lat' dir='ltr'><strong>generosi</strong></span> <span class='ocrx_word' id='word_1_29' title='bbox 773 670 968 744; x_wconf 84' lang='lat' dir='ltr'><strong>procul</strong></span> <span class='ocrx_word' id='word_1_30' title='bbox 1022 682 1052 722; x_wconf 89' lang='lat' dir='ltr'><strong>a</strong></span> <span class='ocrx_word' id='word_1_31' title='bbox 1099 673 1246 720; x_wconf 88' lang='lat' dir='ltr'><strong>meta</strong></span> <span class='ocrx_word' id='word_1_32' title='bbox 1293 660 1661 724; x_wconf 79' lang='lat' dir='ltr'><strong>cursitantcs,</strong></span> <span class='ocrx_word' id='word_1_33' title='bbox 1712 655 1817 711; x_wconf 88' lang='lat' dir='ltr'><strong>hos</strong></span> <span class='ocrx_word' id='word_1_34' title='bbox 1850 653 2046 722; x_wconf 88' lang='lat' dir='ltr'><strong>utique</strong></span> 
     </span>
    </p>
   </div>
   <div class='ocr_carea' id='block_1_8' title="bbox 463 745 2047 826">
    <p class='ocr_par' dir='ltr' id='par_1_8' title="bbox 463 745 2047 826">
     <span class='ocr_line' id='line_1_8' title="bbox 463 745 2047 826; baseline -0.018 0"><span class='ocrx_word' id='word_1_35' title='bbox 463 745 740 826; x_wconf 80' lang='lat' dir='ltr'><strong>orationis</strong></span> <span class='ocrx_word' id='word_1_36' title='bbox 799 763 958 819; x_wconf 73' lang='lat' dir='ltr'><strong>freno</strong></span> <span class='ocrx_word' id='word_1_37' title='bbox 1009 771 1266 816; x_wconf 79' lang='lat' dir='ltr'><strong>coercere</strong></span> <span class='ocrx_word' id='word_1_38' title='bbox 1333 750 1678 826; x_wconf 66' lang='lat' dir='ltr'><strong>praestiterit.</strong></span> <span class='ocrx_word' id='word_1_39' title='bbox 1727 746 1875 802; x_wconf 80' lang='lat' dir='ltr'><strong>Aliis</strong></span> <span class='ocrx_word' id='word_1_40' title='bbox 1925 745 2047 799; x_wconf 82' lang='lat' dir='ltr'><strong>laus</strong></span> 
     </span>
    </p>
   </div>
   <div class='ocr_carea' id='block_1_9' title="bbox 466 841 2049 932">
    <p class='ocr_par' dir='ltr' id='par_1_9' title="bbox 466 841 2049 932">
     <span class='ocr_line' id='line_1_9' title="bbox 466 841 2049 932; baseline -0.018 -17"><span class='ocrx_word' id='word_1_41' title='bbox 466 859 718 932; x_wconf 83' lang='lat' dir='ltr'><strong>prodest,</strong></span> <span class='ocrx_word' id='word_1_42' title='bbox 771 854 897 911; x_wconf 84' lang='lat' dir='ltr'><strong>aliis</strong></span> <span class='ocrx_word' id='word_1_43' title='bbox 927 847 1315 923; x_wconf 83' lang='lat' dir='ltr'><strong>reprehensio,</strong></span> <span class='ocrx_word' id='word_1_44' title='bbox 1363 841 1526 899; x_wconf 86' lang='lat' dir='ltr'><strong>modo</strong></span> <span class='ocrx_word' id='word_1_45' title='bbox 1542 849 1791 932; x_wconf 71' lang='lat' dir='ltr'><strong>utraque</strong></span> <span class='ocrx_word' id='word_1_46' title='bbox 1834 843 2049 905; x_wconf 82' lang='lat' dir='ltr'><strong>tempe-</strong></span> 
     </span>
    </p>
   </div>
   <div class='ocr_carea' id='block_1_10' title="bbox 468 917 2048 1016">
    <p class='ocr_par' dir='ltr' id='par_1_10' title="bbox 468 917 2048 1016">
     <span class='ocr_line' id='line_1_10' title="bbox 468 917 2048 1016; baseline -0.02 -12"><span class='ocrx_word' id='word_1_47' title='bbox 468 917 611 1005; x_wconf 75' lang='lat' dir='ltr'><strong>stive</strong></span> <span class='ocrx_word' id='word_1_48' title='bbox 662 917 1079 1016; x_wconf 77' lang='lat' dir='ltr'><strong>prudenterque</strong></span> <span class='ocrx_word' id='word_1_49' title='bbox 1129 932 1481 989; x_wconf 73' lang='lat' dir='ltr'><strong>adhibeatur.</strong></span> <span class='ocrx_word' id='word_1_50' title='bbox 1526 924 1680 982; x_wconf 81' lang='lat' dir='ltr'><strong>Alios</strong></span> <span class='ocrx_word' id='word_1_51' title='bbox 1724 917 2048 977; x_wconf 71' lang='lat' dir='ltr'><strong>adhortatio</strong></span> 
     </span>
    </p>
   </div>
   <div class='ocr_carea' id='block_1_11' title="bbox 465 1017 2046 1110">
    <p class='ocr_par' dir='ltr' id='par_1_11' title="bbox 465 1017 2046 1110">
     <span class='ocr_line' id='line_1_11' title="bbox 465 1017 2046 1110; baseline -0.02 -15"><span class='ocrx_word' id='word_1_52' title='bbox 465 1037 717 1110; x_wconf 85' lang='lat' dir='ltr'><strong>corrigit,</strong></span> <span class='ocrx_word' id='word_1_53' title='bbox 743 1033 886 1088; x_wconf 88' lang='lat' dir='ltr'><strong>alios</strong></span> <span class='ocrx_word' id='word_1_54' title='bbox 913 1023 1263 1098; x_wconf 92' lang='lat' dir='ltr'><strong>obiurgatio;</strong></span> <span class='ocrx_word' id='word_1_55' title='bbox 1296 1027 1466 1092; x_wconf 87' lang='lat' dir='ltr'><strong>atque</strong></span> <span class='ocrx_word' id='word_1_56' title='bbox 1496 1017 1613 1073; x_wconf 69' lang='lat' dir='ltr'><strong>haec</strong></span> <span class='ocrx_word' id='word_1_57' title='bbox 1640 1026 1837 1070; x_wconf 83' lang='lat' dir='ltr'><strong>rursus</strong></span> <span class='ocrx_word' id='word_1_58' title='bbox 1871 1021 2046 1081; x_wconf 88' lang='lat' dir='ltr'><strong>quos-</strong></span> 
     </span>
    </p>
   </div>
   <div class='ocr_carea' id='block_1_12' title="bbox 463 1098 2050 1198">
    <p class='ocr_par' dir='ltr' id='par_1_12' title="bbox 463 1098 2050 1198">
     <span class='ocr_line' id='line_1_12' title="bbox 463 1098 2050 1198; baseline -0.023 -10"><span class='ocrx_word' id='word_1_59' title='bbox 463 1098 908 1198; x_wconf 24' lang='lat' dir='ltr'><strong>dam,&#39;sivpalam</strong></span> <span class='ocrx_word' id='word_1_60' title='bbox 937 1123 1273 1192; x_wconf 85' lang='lat' dir='ltr'><strong>arguantur;</strong></span> <span class='ocrx_word' id='word_1_61' title='bbox 1307 1110 1473 1177; x_wconf 88' lang='lat' dir='ltr'><strong>alios,</strong></span> <span class='ocrx_word' id='word_1_62' title='bbox 1529 1106 1578 1165; x_wconf 83' lang='lat' dir='ltr'><strong>si</strong></span> <span class='ocrx_word' id='word_1_63' title='bbox 1623 1101 1854 1161; x_wconf 85' lang='lat' dir='ltr'><strong>remotis</strong></span> <span class='ocrx_word' id='word_1_64' title='bbox 1898 1098 2050 1155; x_wconf 83' lang='lat' dir='ltr'><strong>arbi-</strong></span> 
     </span>
    </p>
   </div>
   <div class='ocr_carea' id='block_1_13' title="bbox 468 1189 2049 1290">
    <p class='ocr_par' dir='ltr' id='par_1_13' title="bbox 468 1189 2049 1290">
     <span class='ocr_line' id='line_1_13' title="bbox 468 1189 2049 1290; baseline -0.023 -8"><span class='ocrx_word' id='word_1_65' title='bbox 468 1226 574 1282; x_wconf 90' lang='lat' dir='ltr'><strong>tris</strong></span> <span class='ocrx_word' id='word_1_66' title='bbox 612 1189 1184 1290; x_wconf 38' lang='lat' dir='ltr'><strong>incr-cpentur.&#39;Sunt</strong></span> <span class='ocrx_word' id='word_1_67' title='bbox 1225 1205 1374 1264; x_wconf 89' lang='lat' dir='ltr'><strong>enim</strong></span> <span class='ocrx_word' id='word_1_68' title='bbox 1403 1202 1502 1276; x_wconf 85' lang='lat' dir='ltr'><strong>qui</strong></span> <span class='ocrx_word' id='word_1_69' title='bbox 1538 1199 1678 1256; x_wconf 83' lang='lat' dir='ltr'><strong>nihil</strong></span> <span class='ocrx_word' id='word_1_70' title='bbox 1708 1202 1906 1253; x_wconf 92' lang='lat' dir='ltr'><strong>curent</strong></span> <span class='ocrx_word' id='word_1_71' title='bbox 1937 1189 2049 1264; x_wconf 80' lang='lat' dir='ltr'><strong>pri-</strong></span> 
     </span>
    </p>
   </div>
   <div class='ocr_carea' id='block_1_14' title="bbox 467 1284 2051 1372">
    <p class='ocr_par' dir='ltr' id='par_1_14' title="bbox 467 1284 2051 1372">
     <span class='ocr_line' id='line_1_14' title="bbox 467 1284 2051 1372; baseline -0.022 0"><span class='ocrx_word' id='word_1_72' title='bbox 467 1321 627 1372; x_wconf 90' lang='lat' dir='ltr'><strong>vatas</strong></span> <span class='ocrx_word' id='word_1_73' title='bbox 669 1306 1106 1370; x_wconf 82' lang='lat' dir='ltr'><strong>admonitiones,</strong></span> <span class='ocrx_word' id='word_1_74' title='bbox 1147 1298 1372 1372; x_wconf 88' lang='lat' dir='ltr'><strong>publica</strong></span> <span class='ocrx_word' id='word_1_75' title='bbox 1421 1307 1556 1351; x_wconf 89' lang='lat' dir='ltr'><strong>vero</strong></span> <span class='ocrx_word' id='word_1_76' title='bbox 1610 1284 2051 1360; x_wconf 83' lang='lat' dir='ltr'><strong>reprehensione</strong></span> 
     </span>
    </p>
   </div>
   <div class='ocr_carea' id='block_1_15' title="bbox 467 1375 2050 1470">
    <p class='ocr_par' dir='ltr' id='par_1_15' title="bbox 467 1375 2050 1470">
     <span class='ocr_line' id='line_1_15' title="bbox 467 1375 2050 1470; baseline -0.022 -7"><span class='ocrx_word' id='word_1_77' title='bbox 467 1404 866 1470; x_wconf 85' lang='lat' dir='ltr'><strong>emendentur;</strong></span> <span class='ocrx_word' id='word_1_78' title='bbox 911 1403 1042 1454; x_wconf 85' lang='lat' dir='ltr'><strong>sunt</strong></span> <span class='ocrx_word' id='word_1_79' title='bbox 1073 1405 1266 1448; x_wconf 87' lang='lat' dir='ltr'><strong>rursus</strong></span> <span class='ocrx_word' id='word_1_80' title='bbox 1304 1385 1423 1460; x_wconf 88' lang='lat' dir='ltr'><strong>qui,</strong></span> <span class='ocrx_word' id='word_1_81' title='bbox 1450 1398 1580 1439; x_wconf 90' lang='lat' dir='ltr'><strong>cum</strong></span> <span class='ocrx_word' id='word_1_82' title='bbox 1605 1380 1836 1438; x_wconf 85' lang='lat' dir='ltr'><strong>liberius</strong></span> <span class='ocrx_word' id='word_1_83' title='bbox 1861 1375 2050 1431; x_wconf 85' lang='lat' dir='ltr'><strong>redar-</strong></span> 
     </span>
    </p>
   </div>
   <div class='ocr_carea' id='block_1_16' title="bbox 467 1476 2050 1574">
    <p class='ocr_par' dir='ltr' id='par_1_16' title="bbox 467 1476 2050 1574">
     <span class='ocr_line' id='line_1_16' title="bbox 467 1476 2050 1574; baseline -0.023 -18"><span class='ocrx_word' id='word_1_84' title='bbox 467 1507 733 1574; x_wconf 86' lang='lat' dir='ltr'><strong>guantur,</strong></span> <span class='ocrx_word' id='word_1_85' title='bbox 769 1490 1035 1566; x_wconf 89' lang='lat' dir='ltr'><strong>pudorem</strong></span> <span class='ocrx_word' id='word_1_86' title='bbox 1083 1497 1306 1541; x_wconf 89' lang='lat' dir='ltr'><strong>omnem</strong></span> <span class='ocrx_word' id='word_1_87' title='bbox 1357 1481 1697 1546; x_wconf 85' lang='lat' dir='ltr'><strong>abstergant,</strong></span> <span class='ocrx_word' id='word_1_88' title='bbox 1746 1476 2050 1538; x_wconf 82' lang='lat' dir='ltr'><strong>contraque</strong></span> 
     </span>
    </p>
   </div>
   <div class='ocr_carea' id='block_1_17' title="bbox 469 1565 2050 1667">
    <p class='ocr_par' dir='ltr' id='par_1_17' title="bbox 469 1565 2050 1667">
     <span class='ocr_line' id='line_1_17' title="bbox 469 1565 2050 1667; baseline -0.023 -17"><span class='ocrx_word' id='word_1_89' title='bbox 469 1565 702 1667; x_wconf 71' lang='lat' dir='ltr'><strong>privatis</strong></span> <span class='ocrx_word' id='word_1_90' title='bbox 750 1580 1209 1656; x_wconf 77' lang='lat' dir='ltr'><strong>castigationibus</strong></span> <span class='ocrx_word' id='word_1_91' title='bbox 1250 1573 1511 1632; x_wconf 87' lang='lat' dir='ltr'><strong>meliores</strong></span> <span class='ocrx_word' id='word_1_92' title='bbox 1554 1568 1664 1624; x_wconf 87' lang='lat' dir='ltr'><strong>illis</strong></span> <span class='ocrx_word' id='word_1_93' title='bbox 1720 1565 1876 1629; x_wconf 85' lang='lat' dir='ltr'><strong>ﬁant,</strong></span> <span class='ocrx_word' id='word_1_94' title='bbox 1909 1574 2050 1632; x_wconf 90' lang='lat' dir='ltr'><strong>quos</strong></span> 
     </span>
    </p>
   </div>
   <div class='ocr_carea' id='block_1_18' title="bbox 466 1657 2045 1744">
    <p class='ocr_par' dir='ltr' id='par_1_18' title="bbox 466 1657 2045 1744">
     <span class='ocr_line' id='line_1_18' title="bbox 466 1657 2045 1744; baseline -0.024 0"><span class='ocrx_word' id='word_1_95' title='bbox 466 1688 646 1744; x_wconf 89' lang='lat' dir='ltr'><strong>vicem</strong></span> <span class='ocrx_word' id='word_1_96' title='bbox 681 1696 839 1739; x_wconf 87' lang='lat' dir='ltr'><strong>suam</strong></span> <span class='ocrx_word' id='word_1_97' title='bbox 872 1677 1059 1733; x_wconf 87' lang='lat' dir='ltr'><strong>dolere</strong></span> <span class='ocrx_word' id='word_1_98' title='bbox 1084 1668 1469 1744; x_wconf 90' lang='lat' dir='ltr'><strong>perspiciunt:</strong></span> <span class='ocrx_word' id='word_1_99' title='bbox 1501 1663 1604 1718; x_wconf 89' lang='lat' dir='ltr'><strong>hoc</strong></span> <span class='ocrx_word' id='word_1_100' title='bbox 1635 1657 1883 1715; x_wconf 81' lang='lat' dir='ltr'><strong>vicissim</strong></span> <span class='ocrx_word' id='word_1_101' title='bbox 1918 1668 2045 1709; x_wconf 54' lang='lat' dir='ltr'><strong>muv</strong></span> 
     </span>
    </p>
   </div>
   <div class='ocr_carea' id='block_1_19' title="bbox 467 1754 2050 1849">
    <p class='ocr_par' dir='ltr' id='par_1_19' title="bbox 467 1754 2050 1849">
     <span class='ocr_line' id='line_1_19' title="bbox 467 1754 2050 1849; baseline -0.027 -11"><span class='ocrx_word' id='word_1_102' title='bbox 467 1780 622 1838; x_wconf 86' lang='lat' dir='ltr'><strong>neris</strong></span> <span class='ocrx_word' id='word_1_103' title='bbox 652 1773 1038 1849; x_wconf 85' lang='lat' dir='ltr'><strong>rependentes,</strong></span> <span class='ocrx_word' id='word_1_104' title='bbox 1091 1773 1149 1820; x_wconf 90' lang='lat' dir='ltr'><strong>ut</strong></span> <span class='ocrx_word' id='word_1_105' title='bbox 1193 1774 1385 1818; x_wconf 88' lang='lat' dir='ltr'><strong>eorum</strong></span> <span class='ocrx_word' id='word_1_106' title='bbox 1418 1754 1644 1813; x_wconf 86' lang='lat' dir='ltr'><strong>monitis</strong></span> <span class='ocrx_word' id='word_1_107' title='bbox 1695 1761 1907 1806; x_wconf 89' lang='lat' dir='ltr'><strong>morem</strong></span> <span class='ocrx_word' id='word_1_108' title='bbox 1956 1759 2050 1816; x_wconf 85' lang='lat' dir='ltr'><strong>ge-</strong></span> 
     </span>
    </p>
   </div>
   <div class='ocr_carea' id='block_1_20' title="bbox 2146 544 3742 622">
    <p class='ocr_par' dir='ltr' id='par_1_20' title="bbox 2146 544 3742 622">
     <span class='ocr_line' id='line_1_20' title="bbox 2146 544 3742 622; baseline -0.005 -15"><span class='ocrx_word' id='word_1_109' title='bbox 2146 552 2323 608; x_wconf 76' lang='grc' dir='ltr'>πῶλοι</span> <span class='ocrx_word' id='word_1_110' title='bbox 2359 551 2602 622; x_wconf 81' lang='grc' dir='ltr'>γενναῖοι</span> <span class='ocrx_word' id='word_1_111' title='bbox 2654 548 2763 616; x_wconf 75' lang='grc' dir='ltr'><strong>ἔξω</strong></span> <span class='ocrx_word' id='word_1_112' title='bbox 2786 548 2888 620; x_wconf 83' lang='grc' dir='ltr'>τῆς</span> <span class='ocrx_word' id='word_1_113' title='bbox 2927 549 3136 621; x_wconf 82' lang='grc' dir='ltr'><strong>νύσσης</strong></span> <span class='ocrx_word' id='word_1_114' title='bbox 3177 547 3418 612; x_wconf 77' lang='grc' dir='ltr'>θέοντες.</span> <span class='ocrx_word' id='word_1_115' title='bbox 3453 544 3596 611; x_wconf 73' lang='grc' dir='ltr'>Τοὺς</span> <span class='ocrx_word' id='word_1_116' title='bbox 3632 549 3742 617; x_wconf 72' lang='grc' dir='ltr'>μὲν</span> 
     </span>
    </p>
   </div>
   <div class='ocr_carea' id='block_1_21' title="bbox 2147 635 3736 716">
    <p class='ocr_par' dir='ltr' id='par_1_21' title="bbox 2147 635 3736 716">
     <span class='ocr_line' id='line_1_21' title="bbox 2147 635 3736 716; baseline -0.006 -18"><span class='ocrx_word' id='word_1_117' title='bbox 2147 645 2372 709; x_wconf 77' lang='grc' dir='ltr'>ἔπαινος</span> <span class='ocrx_word' id='word_1_118' title='bbox 2389 642 2623 716; x_wconf 80' lang='grc' dir='ltr'>ὤνησεν,</span> <span class='ocrx_word' id='word_1_119' title='bbox 2651 642 2777 706; x_wconf 84' lang='grc' dir='ltr'>τοὺς</span> <span class='ocrx_word' id='word_1_120' title='bbox 2803 640 2861 695; x_wconf 75' lang='grc' dir='ltr'><strong>δέ</strong></span> <span class='ocrx_word' id='word_1_121' title='bbox 2904 638 3076 710; x_wconf 81' lang='grc' dir='ltr'><strong>ψόγος</strong></span> <span class='ocrx_word' id='word_1_122' title='bbox 3093 655 3109 670; x_wconf 91' lang='grc'><strong>·</strong></span> <span class='ocrx_word' id='word_1_123' title='bbox 3142 638 3435 711; x_wconf 81' lang='grc' dir='ltr'>ἀμφότερα</span> <span class='ocrx_word' id='word_1_124' title='bbox 3469 637 3611 710; x_wconf 82' lang='grc' dir='ltr'>μετὰ</span> <span class='ocrx_word' id='word_1_125' title='bbox 3638 635 3736 689; x_wconf 75' lang='grc' dir='ltr'>τοῦ</span> 
     </span>
    </p>
   </div>
   <div class='ocr_carea' id='block_1_22' title="bbox 2145 730 3740 809">
    <p class='ocr_par' dir='ltr' id='par_1_22' title="bbox 2145 730 3740 809">
     <span class='ocr_line' id='line_1_22' title="bbox 2145 730 3740 809; baseline -0.006 -17"><span class='ocrx_word' id='word_1_126' title='bbox 2145 735 2344 809; x_wconf 80' lang='grc' dir='ltr'><strong>καιροῦ</strong></span> <span class='ocrx_word' id='word_1_127' title='bbox 2374 734 2468 792; x_wconf 76' lang='grc' dir='ltr'>καὶ</span> <span class='ocrx_word' id='word_1_128' title='bbox 2497 733 2595 789; x_wconf 80' lang='grc' dir='ltr'><strong>τοῦ</strong></span> <span class='ocrx_word' id='word_1_129' title='bbox 2624 732 2807 804; x_wconf 81' lang='grc' dir='ltr'>λόγου.</span> <span class='ocrx_word' id='word_1_130' title='bbox 2841 731 2982 799; x_wconf 77' lang='grc' dir='ltr'>Τοὺς</span> <span class='ocrx_word' id='word_1_131' title='bbox 3013 731 3116 804; x_wconf 74' lang='grc' dir='ltr'>μὲν</span> <span class='ocrx_word' id='word_1_132' title='bbox 3143 730 3500 804; x_wconf 77' lang='grc' dir='ltr'>παράκλησις</span> <span class='ocrx_word' id='word_1_133' title='bbox 3533 745 3740 801; x_wconf 83' lang='grc' dir='ltr'>κατορ-</span> 
     </span>
    </p>
   </div>
   <div class='ocr_carea' id='block_1_23' title="bbox 2146 821 3743 899">
    <p class='ocr_par' dir='ltr' id='par_1_23' title="bbox 2146 821 3743 899">
     <span class='ocr_line' id='line_1_23' title="bbox 2146 821 3743 899; baseline -0.005 -15"><span class='ocrx_word' id='word_1_134' title='bbox 2146 829 2252 897; x_wconf 88' lang='grc' dir='ltr'>θοῖ,</span> <span class='ocrx_word' id='word_1_135' title='bbox 2274 829 2405 895; x_wconf 76' lang='grc' dir='ltr'>τοὺς</span> <span class='ocrx_word' id='word_1_136' title='bbox 2434 827 2493 882; x_wconf 81' lang='grc' dir='ltr'><strong>δέ</strong></span> <span class='ocrx_word' id='word_1_137' title='bbox 2533 826 2853 899; x_wconf 74' lang='grc' dir='ltr'>ἐπιτίμησις</span> <span class='ocrx_word' id='word_1_138' title='bbox 2878 841 2894 856; x_wconf 80' lang='grc' dir='ltr'><strong><em>ο</em></strong></span> <span class='ocrx_word' id='word_1_139' title='bbox 2920 826 3018 881; x_wconf 77' lang='grc' dir='ltr'>καὶ</span> <span class='ocrx_word' id='word_1_140' title='bbox 3055 821 3236 891; x_wconf 83' lang='grc' dir='ltr'>αὖθις,</span> <span class='ocrx_word' id='word_1_141' title='bbox 3271 823 3401 889; x_wconf 79' lang='grc' dir='ltr'>τοὺς</span> <span class='ocrx_word' id='word_1_142' title='bbox 3440 824 3544 896; x_wconf 70' lang='grc' dir='ltr'>μὲν</span> <span class='ocrx_word' id='word_1_143' title='bbox 3566 824 3628 877; x_wconf 87' lang='grc' dir='ltr'><strong>ἐν</strong></span> <span class='ocrx_word' id='word_1_144' title='bbox 3659 821 3743 893; x_wconf 83' lang='grc' dir='ltr'>τῷ</span> 
     </span>
    </p>
   </div>
   <div class='ocr_carea' id='block_1_24' title="bbox 2146 915 3742 992">
    <p class='ocr_par' dir='ltr' id='par_1_24' title="bbox 2146 915 3742 992">
     <span class='ocr_line' id='line_1_24' title="bbox 2146 915 3742 992; baseline -0.004 -17"><span class='ocrx_word' id='word_1_145' title='bbox 2146 918 2313 992; x_wconf 81' lang='grc' dir='ltr'>κοινῷ</span> <span class='ocrx_word' id='word_1_146' title='bbox 2341 918 2812 991; x_wconf 80' lang='grc' dir='ltr'>διελεγχομένους,</span> <span class='ocrx_word' id='word_1_147' title='bbox 2846 915 2975 981; x_wconf 77' lang='grc' dir='ltr'>τοὺς</span> <span class='ocrx_word' id='word_1_148' title='bbox 3002 916 3060 971; x_wconf 80' lang='grc' dir='ltr'><strong>δέ</strong></span> <span class='ocrx_word' id='word_1_149' title='bbox 3083 915 3348 990; x_wconf 77' lang='grc' dir='ltr'>κρύϐδην.</span> <span class='ocrx_word' id='word_1_150' title='bbox 3376 915 3598 970; x_wconf 74' lang='grc' dir='ltr'>Φιλοῦσι</span> <span class='ocrx_word' id='word_1_151' title='bbox 3629 915 3742 986; x_wconf 77' lang='grc' dir='ltr'>γὰρ</span> 
     </span>
    </p>
   </div>
   <div class='ocr_carea' id='block_1_25' title="bbox 2148 1005 3742 1081">
    <p class='ocr_par' dir='ltr' id='par_1_25' title="bbox 2148 1005 3742 1081">
     <span class='ocr_line' id='line_1_25' title="bbox 2148 1005 3742 1081; baseline -0.003 -17"><span class='ocrx_word' id='word_1_152' title='bbox 2148 1009 2201 1064; x_wconf 91' lang='grc' dir='ltr'><strong>οί</strong></span> <span class='ocrx_word' id='word_1_153' title='bbox 2233 1009 2333 1080; x_wconf 73' lang='grc' dir='ltr'>μὶν</span> <span class='ocrx_word' id='word_1_154' title='bbox 2363 1011 2728 1081; x_wconf 79' lang='grc' dir='ltr'><strong>καταφρονεῖν</strong></span> <span class='ocrx_word' id='word_1_155' title='bbox 2767 1007 2879 1064; x_wconf 84' lang='grc' dir='ltr'><strong>τῶν</strong></span> <span class='ocrx_word' id='word_1_156' title='bbox 2909 1007 3078 1064; x_wconf 81' lang='grc' dir='ltr'>ίδίων</span> <span class='ocrx_word' id='word_1_157' title='bbox 3103 1005 3557 1081; x_wconf 75' lang='grc' dir='ltr'><strong>νουθετημάτων,</strong></span> <span class='ocrx_word' id='word_1_158' title='bbox 3591 1007 3742 1077; x_wconf 80' lang='grc' dir='ltr'>πλή-</span> 
     </span>
    </p>
   </div>
   <div class='ocr_carea' id='block_1_26' title="bbox 2148 1100 3739 1176">
    <p class='ocr_par' dir='ltr' id='par_1_26' title="bbox 2148 1100 3739 1176">
     <span class='ocr_line' id='line_1_26' title="bbox 2148 1100 3739 1176; baseline -0.003 -18"><span class='ocrx_word' id='word_1_159' title='bbox 2148 1101 2276 1168; x_wconf 88' lang='grc' dir='ltr'>θους</span> <span class='ocrx_word' id='word_1_160' title='bbox 2305 1102 2650 1174; x_wconf 80' lang='grc' dir='ltr'><strong>καταγνώσει</strong></span> <span class='ocrx_word' id='word_1_161' title='bbox 2685 1100 3148 1176; x_wconf 75' lang='grc' dir='ltr'>σωφρονιζόμεναι</span> <span class='ocrx_word' id='word_1_162' title='bbox 3171 1117 3190 1135; x_wconf 77' lang='grc' dir='ltr'><strong>ο</strong></span> <span class='ocrx_word' id='word_1_163' title='bbox 3214 1102 3266 1158; x_wconf 78' lang='lat' dir='ltr'><strong>oi</strong></span> <span class='ocrx_word' id='word_1_164' title='bbox 3310 1101 3368 1156; x_wconf 82' lang='grc' dir='ltr'><strong>δέ</strong></span> <span class='ocrx_word' id='word_1_165' title='bbox 3400 1101 3543 1174; x_wconf 76' lang='grc' dir='ltr'>πρὸς</span> <span class='ocrx_word' id='word_1_166' title='bbox 3573 1101 3739 1154; x_wconf 69' lang='lat' dir='ltr'><strong>usu-</strong></span> 
     </span>
    </p>
   </div>
   <div class='ocr_carea' id='block_1_27' title="bbox 2149 1194 3738 1269">
    <p class='ocr_par' dir='ltr' id='par_1_27' title="bbox 2149 1194 3738 1269">
     <span class='ocr_line' id='line_1_27' title="bbox 2149 1194 3738 1269; baseline -0.001 -19"><span class='ocrx_word' id='word_1_167' title='bbox 2149 1194 2340 1266; x_wconf 87' lang='grc' dir='ltr'>θερίαν</span> <span class='ocrx_word' id='word_1_168' title='bbox 2367 1194 2479 1251; x_wconf 89' lang='grc' dir='ltr'><strong>τῶν</strong></span> <span class='ocrx_word' id='word_1_169' title='bbox 2503 1195 2744 1269; x_wconf 78' lang='grc' dir='ltr'>ἐλέγχων</span> <span class='ocrx_word' id='word_1_170' title='bbox 2772 1195 3174 1268; x_wconf 80' lang='grc' dir='ltr'>ἀναισχυντεῖν,</span> <span class='ocrx_word' id='word_1_171' title='bbox 3206 1194 3286 1267; x_wconf 82' lang='grc' dir='ltr'>τῷ</span> <span class='ocrx_word' id='word_1_172' title='bbox 3324 1194 3424 1266; x_wconf 83' lang='grc' dir='ltr'>τῆς</span> <span class='ocrx_word' id='word_1_173' title='bbox 3468 1194 3738 1266; x_wconf 84' lang='grc' dir='ltr'>ἐπιτιμή-</span> 
     </span>
    </p>
   </div>
   <div class='ocr_carea' id='block_1_28' title="bbox 2151 1286 3742 1388">
    <p class='ocr_par' dir='ltr' id='par_1_28' title="bbox 2151 1286 3742 1388">
     <span class='ocr_line' id='line_1_28' title="bbox 2151 1286 3742 1388; baseline 0.001 -50"><span class='ocrx_word' id='word_1_174' title='bbox 2151 1301 2289 1388; x_wconf 68' lang='grc' dir='ltr'>σεως</span> <span class='ocrx_word' id='word_1_175' title='bbox 2341 1286 2628 1388; x_wconf 59' lang='grc' dir='ltr'>μυστηρίῳ</span> <span class='ocrx_word' id='word_1_176' title='bbox 2679 1286 3215 1388; x_wconf 57' lang='grc' dir='ltr'><strong>⁶τταιδαγωγοιῖιμενοι,</strong></span> <span class='ocrx_word' id='word_1_177' title='bbox 3246 1288 3344 1341; x_wconf 84' lang='grc' dir='ltr'>καὶ</span> <span class='ocrx_word' id='word_1_178' title='bbox 3373 1286 3742 1361; x_wconf 76' lang='grc' dir='ltr'>ἀντιδιδόντες</span> 
     </span>
    </p>
   </div>
   <div class='ocr_carea' id='block_1_29' title="bbox 2147 1377 3744 1451">
    <p class='ocr_par' dir='ltr' id='par_1_29' title="bbox 2147 1377 3744 1451">
     <span class='ocr_line' id='line_1_29' title="bbox 2147 1377 3744 1451; baseline 0.001 -20"><span class='ocrx_word' id='word_1_179' title='bbox 2147 1377 2250 1448; x_wconf 85' lang='grc' dir='ltr'>τῆς</span> <span class='ocrx_word' id='word_1_180' title='bbox 2274 1377 2623 1450; x_wconf 77' lang='grc' dir='ltr'>συμπαθείας</span> <span class='ocrx_word' id='word_1_181' title='bbox 2646 1378 2746 1451; x_wconf 76' lang='grc' dir='ltr'><strong>την</strong></span> <span class='ocrx_word' id='word_1_182' title='bbox 2766 1379 3084 1435; x_wconf 77' lang='grc' dir='ltr'>εὐπάθειαν.</span> <span class='ocrx_word' id='word_1_183' title='bbox 3113 1378 3237 1434; x_wconf 85' lang='grc' dir='ltr'>Τῶν</span> <span class='ocrx_word' id='word_1_184' title='bbox 3259 1379 3360 1451; x_wconf 73' lang='grc' dir='ltr'>μὲν</span> <span class='ocrx_word' id='word_1_185' title='bbox 3388 1380 3744 1451; x_wconf 77' lang='grc' dir='ltr'>παρατηρεῖν</span> 
     </span>
    </p>
   </div>
   <div class='ocr_carea' id='block_1_30' title="bbox 2149 1470 3738 1545">
    <p class='ocr_par' dir='ltr' id='par_1_30' title="bbox 2149 1470 3738 1545">
     <span class='ocr_line' id='line_1_30' title="bbox 2149 1470 3738 1545; baseline 0.001 -21"><span class='ocrx_word' id='word_1_186' title='bbox 2149 1470 2429 1542; x_wconf 75' lang='grc' dir='ltr'>ἐπιμελῶς</span> <span class='ocrx_word' id='word_1_187' title='bbox 2459 1471 2780 1542; x_wconf 83' lang='grc' dir='ltr'>ἀναγκαῖον,</span> <span class='ocrx_word' id='word_1_188' title='bbox 2831 1471 2995 1545; x_wconf 80' lang='grc' dir='ltr'>μέχρι</span> <span class='ocrx_word' id='word_1_189' title='bbox 3030 1473 3125 1527; x_wconf 81' lang='grc' dir='ltr'>καὶ</span> <span class='ocrx_word' id='word_1_190' title='bbox 3165 1473 3275 1526; x_wconf 88' lang='grc' dir='ltr'><strong>τῶν</strong></span> <span class='ocrx_word' id='word_1_191' title='bbox 3321 1473 3738 1544; x_wconf 78' lang='grc' dir='ltr'>σμικροτάτων,</span> 
     </span>
    </p>
   </div>
   <div class='ocr_carea' id='block_1_31' title="bbox 2150 1562 3745 1636">
    <p class='ocr_par' dir='ltr' id='par_1_31' title="bbox 2150 1562 3745 1636">
     <span class='ocr_line' id='line_1_31' title="bbox 2150 1562 3745 1636; baseline -0.002 -19"><span class='ocrx_word' id='word_1_192' title='bbox 2150 1563 2275 1617; x_wconf 78' lang='grc' dir='ltr'>ὅσον</span> <span class='ocrx_word' id='word_1_193' title='bbox 2299 1562 2361 1617; x_wconf 75' lang='grc' dir='ltr'><strong>τὸ</strong></span> <span class='ocrx_word' id='word_1_194' title='bbox 2377 1563 2584 1618; x_wconf 86' lang='grc' dir='ltr'>οῐεσθαι</span> <span class='ocrx_word' id='word_1_195' title='bbox 2605 1563 2911 1619; x_wconf 81' lang='grc' dir='ltr'>λανθᾶνειν·</span> <span class='ocrx_word' id='word_1_196' title='bbox 2937 1563 3045 1619; x_wconf 90' lang='grc' dir='ltr'><strong>τῶν</strong></span> <span class='ocrx_word' id='word_1_197' title='bbox 3062 1564 3118 1618; x_wconf 86' lang='grc' dir='ltr'><strong>δὲ</strong></span> <span class='ocrx_word' id='word_1_198' title='bbox 3140 1565 3289 1618; x_wconf 69' lang='grc' dir='ltr'>ἔστιν</span> <span class='ocrx_word' id='word_1_199' title='bbox 3304 1563 3341 1619; x_wconf 73' lang='grc' dir='ltr'>ἃ.</span> <span class='ocrx_word' id='word_1_200' title='bbox 3364 1565 3459 1618; x_wconf 78' lang='grc' dir='ltr'>καὶ</span> <span class='ocrx_word' id='word_1_201' title='bbox 3484 1565 3745 1636; x_wconf 71' lang='grc' dir='ltr'>παρορᾷν</span> 
     </span>
    </p>
   </div>
   <div class='ocr_carea' id='block_1_32' title="bbox 2150 1653 3746 1728">
    <p class='ocr_par' dir='ltr' id='par_1_32' title="bbox 2150 1653 3746 1728">
     <span class='ocr_line' id='line_1_32' title="bbox 2150 1653 3746 1728; baseline 0.001 -18"><span class='ocrx_word' id='word_1_202' title='bbox 2150 1655 2396 1726; x_wconf 80' lang='grc' dir='ltr'>ἄμεινον,</span> <span class='ocrx_word' id='word_1_203' title='bbox 2428 1653 2570 1709; x_wconf 79' lang='grc' dir='ltr'>ὥστε</span> <span class='ocrx_word' id='word_1_204' title='bbox 2603 1657 2848 1727; x_wconf 84' lang='grc' dir='ltr'>ὁρῶντας</span> <span class='ocrx_word' id='word_1_205' title='bbox 2881 1655 2959 1728; x_wconf 74' lang='grc' dir='ltr'>μὴ</span> <span class='ocrx_word' id='word_1_206' title='bbox 2990 1655 3145 1728; x_wconf 78' lang='grc' dir='ltr'>ὁρᾷν,</span> <span class='ocrx_word' id='word_1_207' title='bbox 3179 1657 3276 1710; x_wconf 80' lang='grc' dir='ltr'>καὶ</span> <span class='ocrx_word' id='word_1_208' title='bbox 3317 1655 3624 1719; x_wconf 75' lang='grc' dir='ltr'>ἀκούοντας</span> <span class='ocrx_word' id='word_1_209' title='bbox 3663 1655 3746 1727; x_wconf 77' lang='grc' dir='ltr'>μὴ</span> 
     </span>
    </p>
   </div>
   <div class='ocr_carea' id='block_1_33' title="bbox 2151 1745 3746 1820">
    <p class='ocr_par' dir='ltr' id='par_1_33' title="bbox 2151 1745 3746 1820">
     <span class='ocr_line' id='line_1_33' title="bbox 2151 1745 3746 1820; baseline -0.002 -18"><span class='ocrx_word' id='word_1_210' title='bbox 2151 1745 2374 1802; x_wconf 77' lang='grc' dir='ltr'>ἀκούειν</span> <span class='ocrx_word' id='word_1_211' title='bbox 2399 1762 2414 1778; x_wconf 86' lang='grc'><em>’</em></span> <span class='ocrx_word' id='word_1_212' title='bbox 2439 1747 2579 1819; x_wconf 78' lang='grc' dir='ltr'>μήτε</span> <span class='ocrx_word' id='word_1_213' title='bbox 2601 1750 2668 1819; x_wconf 80' lang='grc' dir='ltr'>τῇ</span> <span class='ocrx_word' id='word_1_214' title='bbox 2699 1748 3030 1820; x_wconf 81' lang='grc' dir='ltr'>χρηστότητι</span> <span class='ocrx_word' id='word_1_215' title='bbox 3052 1746 3398 1819; x_wconf 76' lang='grc' dir='ltr'>μαλακίζειν,</span> <span class='ocrx_word' id='word_1_216' title='bbox 3433 1747 3578 1818; x_wconf 73' lang='grc' dir='ltr'>μήτε</span> <span class='ocrx_word' id='word_1_217' title='bbox 3609 1762 3746 1817; x_wconf 76' lang='grc' dir='ltr'>τρα-</span> 
     </span>
    </p>
   </div>
   <div class='ocr_carea' id='block_1_34' title="bbox 468 1828 2057 1938">
    <p class='ocr_par' dir='ltr' id='par_1_34' title="bbox 468 1828 2052 1938">
     <span class='ocr_line' id='line_1_34' title="bbox 468 1828 2052 1938; baseline -0.025 -7"><span class='ocrx_word' id='word_1_218' title='bbox 468 1880 617 1931; x_wconf 88' lang='lat' dir='ltr'><strong>rant.</strong></span> <span class='ocrx_word' id='word_1_219' title='bbox 649 1828 885 1938; x_wconf 61' lang='lat' dir='ltr'><strong>quidam</strong></span> <span class='ocrx_word' id='word_1_220' title='bbox 917 1863 991 1918; x_wconf 87' lang='lat' dir='ltr'><strong>ita</strong></span> <span class='ocrx_word' id='word_1_221' title='bbox 1024 1828 1282 1915; x_wconf 66' lang='lat' dir='ltr'><strong>sollicite</strong></span> <span class='ocrx_word' id='word_1_222' title='bbox 1321 1845 1659 1907; x_wconf 82' lang='lat' dir='ltr'><strong>observandi</strong></span> <span class='ocrx_word' id='word_1_223' title='bbox 1691 1847 1842 1906; x_wconf 89' lang='lat' dir='ltr'><strong>sunt,</strong></span> <span class='ocrx_word' id='word_1_224' title='bbox 1886 1847 1946 1891; x_wconf 90' lang='lat' dir='ltr'><strong>ut</strong></span> <span class='ocrx_word' id='word_1_225' title='bbox 1983 1851 2052 1892; x_wconf 89' lang='lat' dir='ltr'><strong>ne</strong></span> 
     </span>
    </p>
   </div>
   <div class='ocr_carea' id='block_1_35' title="bbox 2169 1828 2813 1938">
    <p class='ocr_par' dir='ltr' id='par_1_35' title="bbox 2169 1832 2813 1908">
     <span class='ocr_line' id='line_1_35' title="bbox 2169 1832 2813 1908; baseline 0.003 -20"><span class='ocrx_word' id='word_1_226' title='bbox 2169 1832 2340 1906; x_wconf 63' lang='grc' dir='ltr'>ίύνειν</span> <span class='ocrx_word' id='word_1_227' title='bbox 2361 1836 2430 1906; x_wconf 79' lang='grc' dir='ltr'>τῇ</span> <span class='ocrx_word' id='word_1_228' title='bbox 2459 1834 2813 1908; x_wconf 84' lang='grc' dir='ltr'>χαλεπότητι.</span> 
     </span>
    </p>
   </div>
   <div class='ocr_carea' id='block_1_36' title="bbox 468 1930 3748 2035">
    <p class='ocr_par' dir='ltr' id='par_1_36' title="bbox 468 1930 3748 2035">
     <span class='ocr_line' id='line_1_36' title="bbox 468 1930 3748 2035; baseline -0.009 -18"><span class='ocrx_word' id='word_1_229' title='bbox 468 1969 701 2028; x_wconf 73' lang='lat' dir='ltr'><strong>minima</strong></span> <span class='ocrx_word' id='word_1_230' title='bbox 758 1960 985 2035; x_wconf 78' lang='lat' dir='ltr'><strong>quidem</strong></span> <span class='ocrx_word' id='word_1_231' title='bbox 1061 1965 1254 2009; x_wconf 84' lang='lat' dir='ltr'><strong>eorum</strong></span> <span class='ocrx_word' id='word_1_232' title='bbox 1306 1953 1491 2004; x_wconf 87' lang='lat' dir='ltr'><strong>errata</strong></span> <span class='ocrx_word' id='word_1_233' title='bbox 1551 1935 2034 2035; x_wconf 82' lang='lat' dir='ltr'><strong>dissimulentur:</strong></span> <span class='ocrx_word' id='word_1_234' title='bbox 2085 1938 2285 1988; x_wconf 89' lang='lat' dir='ltr'><strong>contra</strong></span> <span class='ocrx_word' id='word_1_235' title='bbox 2356 1930 2415 1986; x_wconf 91' lang='lat' dir='ltr'><strong>in</strong></span> <span class='ocrx_word' id='word_1_236' title='bbox 2466 1933 2592 1989; x_wconf 87' lang='lat' dir='ltr'><strong>aliis</strong></span> <span class='ocrx_word' id='word_1_237' title='bbox 2632 1933 2901 1990; x_wconf 90' lang='lat' dir='ltr'><strong>nonnulla</strong></span> <span class='ocrx_word' id='word_1_238' title='bbox 2948 1933 3235 2007; x_wconf 73' lang='lat' dir='ltr'><strong>praeterire</strong></span> <span class='ocrx_word' id='word_1_239' title='bbox 3300 1933 3478 1990; x_wconf 86' lang='lat' dir='ltr'><strong>satius</strong></span> <span class='ocrx_word' id='word_1_240' title='bbox 3541 1931 3748 2002; x_wconf 79' lang='lat' dir='ltr'><strong>fuerit,</strong></span> 
     </span>
    </p>
   </div>
   <div class='ocr_carea' id='block_1_37' title="bbox 471 2022 3748 2123">
    <p class='ocr_par' dir='ltr' id='par_1_37' title="bbox 471 2022 3748 2123">
     <span class='ocr_line' id='line_1_37' title="bbox 471 2022 3748 2123; baseline -0.024 0"><span class='ocrx_word' id='word_1_241' title='bbox 471 2068 546 2123; x_wconf 87' lang='lat' dir='ltr'><strong>ita</strong></span> <span class='ocrx_word' id='word_1_242' title='bbox 589 2069 651 2119; x_wconf 93' lang='lat' dir='ltr'><strong>ut</strong></span> <span class='ocrx_word' id='word_1_243' title='bbox 695 2058 948 2114; x_wconf 81' lang='lat' dir='ltr'><strong>videntes</strong></span> <span class='ocrx_word' id='word_1_244' title='bbox 991 2065 1102 2106; x_wconf 88' lang='lat' dir='ltr'><strong>non</strong></span> <span class='ocrx_word' id='word_1_245' title='bbox 1163 2043 1494 2104; x_wconf 87' lang='lat' dir='ltr'><strong>videamus,</strong></span> <span class='ocrx_word' id='word_1_246' title='bbox 1545 2043 1601 2091; x_wconf 93' lang='lat' dir='ltr'><strong>et</strong></span> <span class='ocrx_word' id='word_1_247' title='bbox 1648 2029 1936 2087; x_wconf 87' lang='lat' dir='ltr'><strong>audientes</strong></span> <span class='ocrx_word' id='word_1_248' title='bbox 1980 2038 2092 2080; x_wconf 90' lang='lat' dir='ltr'><strong>non</strong></span> <span class='ocrx_word' id='word_1_249' title='bbox 2166 2023 2481 2082; x_wconf 82' lang='lat' dir='ltr'><strong>audiamus.</strong></span> <span class='ocrx_word' id='word_1_250' title='bbox 2551 2022 2744 2099; x_wconf 79' lang='lat' dir='ltr'><strong>Neque</strong></span> <span class='ocrx_word' id='word_1_251' title='bbox 2801 2042 3027 2085; x_wconf 73' lang='grc' dir='ltr'><strong>ηιηυω</strong></span> <span class='ocrx_word' id='word_1_252' title='bbox 3102 2027 3443 2099; x_wconf 44' lang='lat' dir='ltr'><strong>benignitate</strong></span> <span class='ocrx_word' id='word_1_253' title='bbox 3503 2027 3748 2083; x_wconf 60' lang='lat' dir='ltr'><strong>nimium</strong></span> 
     </span>
    </p>
   </div>
   <div class='ocr_carea' id='block_1_38' title="bbox 470 2132 1918 2235">
    <p class='ocr_par' dir='ltr' id='par_1_38' title="bbox 470 2132 1918 2235">
     <span class='ocr_line' id='line_1_38' title="bbox 470 2132 1918 2235; baseline -0.031 -16"><span class='ocrx_word' id='word_1_254' title='bbox 470 2164 686 2235; x_wconf 83' lang='lat' dir='ltr'><strong>oportet</strong></span> <span class='ocrx_word' id='word_1_255' title='bbox 712 2149 991 2211; x_wconf 89' lang='lat' dir='ltr'><strong>emollire,</strong></span> <span class='ocrx_word' id='word_1_256' title='bbox 1023 2151 1208 2210; x_wconf 88' lang='lat' dir='ltr'><strong>neque</strong></span> <span class='ocrx_word' id='word_1_257' title='bbox 1234 2132 1534 2191; x_wconf 83' lang='lat' dir='ltr'><strong>severitate</strong></span> <span class='ocrx_word' id='word_1_258' title='bbox 1562 2133 1918 2194; x_wconf 80' lang='lat' dir='ltr'><strong>exasperare.</strong></span> 
     </span>
    </p>
   </div>
   <div class='ocr_carea' id='block_1_39' title="bbox 541 2211 2050 2314">
    <p class='ocr_par' dir='ltr' id='par_1_39' title="bbox 541 2211 2050 2314">
     <span class='ocr_line' id='line_1_39' title="bbox 541 2211 2050 2314; baseline -0.03 -1"><span class='ocrx_word' id='word_1_259' title='bbox 717 2277 790 2292; x_wconf 89' lang='lat'><strong>——-</strong></span> <span class='ocrx_word' id='word_1_260' title='bbox 831 2245 935 2301; x_wconf 83' lang='lat' dir='ltr'><strong>Hic</strong></span> <span class='ocrx_word' id='word_1_261' title='bbox 983 2242 1204 2296; x_wconf 91' lang='lat' dir='ltr'><strong>demum</strong></span> <span class='ocrx_word' id='word_1_262' title='bbox 1255 2225 1566 2303; x_wconf 86' lang='lat' dir='ltr'><strong>spiritualis</strong></span> <span class='ocrx_word' id='word_1_263' title='bbox 1623 2218 1807 2277; x_wconf 89' lang='lat' dir='ltr'><strong>omnis</strong></span> <span class='ocrx_word' id='word_1_264' title='bbox 1853 2211 2050 2286; x_wconf 69' lang='lat' dir='ltr'><strong>przel&#39;e-</strong></span> 
     </span>
    </p>
   </div>
   <div class='ocr_carea' id='block_1_40' title="bbox 377 2305 2052 2411">
    <p class='ocr_par' dir='ltr' id='par_1_40' title="bbox 377 2305 2052 2411">
     <span class='ocr_line' id='line_1_40' title="bbox 377 2305 2052 2411; baseline -0.033 3"><span class='ocrx_word' id='word_1_265' title='bbox 377 2400 380 2403; x_wconf 70' lang='lat'><strong>.</strong></span> <span class='ocrx_word' id='word_1_266' title='bbox 471 2361 646 2411; x_wconf 77' lang='lat' dir='ltr'><strong>ctura:</strong></span> <span class='ocrx_word' id='word_1_267' title='bbox 673 2345 799 2404; x_wconf 83' lang='lat' dir='ltr'><strong>(iiiis</strong></span> <span class='ocrx_word' id='word_1_268' title='bbox 840 2355 964 2399; x_wconf 89' lang='lat' dir='ltr'><strong>esse</strong></span> <span class='ocrx_word' id='word_1_269' title='bbox 1001 2335 1185 2398; x_wconf 86' lang='lat' dir='ltr'><strong>debet,</strong></span> <span class='ocrx_word' id='word_1_270' title='bbox 1214 2338 1275 2386; x_wconf 91' lang='lat' dir='ltr'><strong>ut</strong></span> <span class='ocrx_word' id='word_1_271' title='bbox 1308 2325 1404 2398; x_wconf 90' lang='lat' dir='ltr'><strong>qui</strong></span> <span class='ocrx_word' id='word_1_272' title='bbox 1450 2324 1652 2393; x_wconf 64' lang='lat' dir='ltr'><strong>praeest</strong></span> <span class='ocrx_word' id='word_1_273' title='bbox 1680 2315 1896 2387; x_wconf 88' lang='lat' dir='ltr'><strong>privata</strong></span> <span class='ocrx_word' id='word_1_274' title='bbox 1929 2305 2052 2409; x_wconf 48' lang='lat' dir='ltr'><strong>ubi:</strong></span> 
     </span>
    </p>
   </div>
   <div class='ocr_carea' id='block_1_41' title="bbox 469 2397 2049 2517">
    <p class='ocr_par' dir='ltr' id='par_1_41' title="bbox 469 2397 2049 2517">
     <span class='ocr_line' id='line_1_41' title="bbox 469 2397 2049 2517; baseline -0.031 -17"><span class='ocrx_word' id='word_1_275' title='bbox 469 2459 579 2517; x_wconf 84' lang='lat' dir='ltr'><strong>que</strong></span> <span class='ocrx_word' id='word_1_276' title='bbox 615 2431 903 2495; x_wconf 87' lang='lat' dir='ltr'><strong>commoda</strong></span> <span class='ocrx_word' id='word_1_277' title='bbox 939 2443 1040 2486; x_wconf 89' lang='lat' dir='ltr'><strong>sua</strong></span> <span class='ocrx_word' id='word_1_278' title='bbox 1066 2423 1330 2495; x_wconf 84' lang='lat' dir='ltr'><strong>negligat,</strong></span> <span class='ocrx_word' id='word_1_279' title='bbox 1357 2425 1524 2486; x_wconf 89' lang='lat' dir='ltr'><strong>atque</strong></span> <span class='ocrx_word' id='word_1_280' title='bbox 1560 2410 1795 2465; x_wconf 87' lang='lat' dir='ltr'><strong>aliorum</strong></span> <span class='ocrx_word' id='word_1_281' title='bbox 1827 2397 2049 2458; x_wconf 83' lang='lat' dir='ltr'><strong>utilitati</strong></span> 
     </span>
    </p>
   </div>
   <div class='ocr_carea' id='block_1_42' title="bbox 472 2533 2050 2702">
    <p class='ocr_par' dir='ltr' id='par_1_42' title="bbox 472 2533 2050 2702">
     <span class='ocr_line' id='line_1_42' title="bbox 472 2533 2050 2702; baseline -0.032 -11"><span class='ocrx_word' id='word_1_282' title='bbox 472 2533 944 2702; x_wconf 39' lang='lat' dir='ltr'><strong>cogsilgtkiusd.</strong></span> <span class='ocrx_word' id='word_1_283' title='bbox 993 2621 1131 2668; x_wconf 86' lang='lat' dir='ltr'><strong>orat.</strong></span> <span class='ocrx_word' id='word_1_284' title='bbox 1174 2607 1228 2664; x_wconf 76' lang='lat' dir='ltr'><strong>in</strong></span> <span class='ocrx_word' id='word_1_285' title='bbox 1279 2601 1475 2659; x_wconf 76' lang='lat' dir='ltr'><strong>Pasch.</strong></span> <span class='ocrx_word' id='word_1_286' title='bbox 1507 2625 1576 2641; x_wconf 90' lang='lat'><strong><em>—-</em></strong></span> <span class='ocrx_word' id='word_1_287' title='bbox 1611 2593 1768 2650; x_wconf 86' lang='lat' dir='ltr'><strong>Filiis</strong></span> <span class='ocrx_word' id='word_1_288' title='bbox 1820 2597 2050 2661; x_wconf 86' lang='lat' dir='ltr'><strong>parcere</strong></span> 
     </span>
    </p>
   </div>
   <div class='ocr_carea' id='block_1_43' title="bbox 472 2717 949 2796">
    <p class='ocr_par' dir='ltr' id='par_1_43' title="bbox 472 2717 949 2796">
     <span class='ocr_line' id='line_1_43' title="bbox 472 2717 949 2796; baseline -0.031 -17"><span class='ocrx_word' id='word_1_289' title='bbox 472 2731 697 2796; x_wconf 88' lang='lat' dir='ltr'><strong>paterna</strong></span> <span class='ocrx_word' id='word_1_290' title='bbox 726 2717 812 2771; x_wconf 82' lang='lat' dir='ltr'><strong>lex</strong></span> <span class='ocrx_word' id='word_1_291' title='bbox 842 2721 949 2769; x_wconf 89' lang='lat' dir='ltr'><strong>est.</strong></span> 
     </span>
    </p>
   </div>
   <div class='ocr_carea' id='block_1_44' title="bbox 545 2772 2048 2886">
    <p class='ocr_par' dir='ltr' id='par_1_44' title="bbox 545 2772 2048 2886">
     <span class='ocr_line' id='line_1_44' title="bbox 545 2772 2048 2886; baseline -0.033 -16"><span class='ocrx_word' id='word_1_292' title='bbox 777 2836 849 2849; x_wconf 91' lang='lat'><strong>--</strong></span> <span class='ocrx_word' id='word_1_293' title='bbox 875 2798 1089 2858; x_wconf 75' lang='lat' dir='ltr'><strong>Alentis</strong></span> <span class='ocrx_word' id='word_1_294' title='bbox 1121 2793 1290 2852; x_wconf 91' lang='lat' dir='ltr'><strong>etiam</strong></span> <span class='ocrx_word' id='word_1_295' title='bbox 1341 2780 1606 2842; x_wconf 89' lang='lat' dir='ltr'><strong>alimonia</strong></span> <span class='ocrx_word' id='word_1_296' title='bbox 1659 2772 1913 2833; x_wconf 83' lang='lat' dir='ltr'><strong>doctrina</strong></span> <span class='ocrx_word' id='word_1_297' title='bbox 1941 2773 2048 2825; x_wconf 89' lang='lat' dir='ltr'><strong>est.</strong></span> 
     </span>
    </p>
   </div>
   <div class='ocr_carea' id='block_1_45' title="bbox 543 2865 2052 2974">
    <p class='ocr_par' dir='ltr' id='par_1_45' title="bbox 543 2865 2052 2974">
     <span class='ocr_line' id='line_1_45' title="bbox 543 2865 2052 2974; baseline -0.032 -13"><span class='ocrx_word' id='word_1_298' title='bbox 543 2865 995 2974; x_wconf 42' lang='lat' dir='ltr'><strong>Bittide—Animi</strong></span> <span class='ocrx_word' id='word_1_299' title='bbox 1029 2885 1377 2948; x_wconf 84' lang='lat' dir='ltr'><strong>serenitatem</strong></span> <span class='ocrx_word' id='word_1_300' title='bbox 1409 2877 1466 2932; x_wconf 91' lang='lat' dir='ltr'><strong>in</strong></span> <span class='ocrx_word' id='word_1_301' title='bbox 1495 2865 1862 2943; x_wconf 82' lang='lat' dir='ltr'><strong>obiurgando,</strong></span> <span class='ocrx_word' id='word_1_302' title='bbox 1885 2868 1940 2919; x_wconf 89' lang='lat' dir='ltr'><strong>et</strong></span> <span class='ocrx_word' id='word_1_303' title='bbox 1963 2874 2052 2916; x_wconf 89' lang='lat' dir='ltr'><strong>se-</strong></span> 
     </span>
    </p>
   </div>
   <div class='ocr_carea' id='block_1_46' title="bbox 475 2959 2057 3056">
    <p class='ocr_par' dir='ltr' id='par_1_46' title="bbox 475 2959 2057 3056">
     <span class='ocr_line' id='line_1_46' title="bbox 475 2959 2057 3056; baseline -0.035 1"><span class='ocrx_word' id='word_1_304' title='bbox 475 2959 761 3056; x_wconf 64' lang='lat' dir='ltr'><strong>veritatem</strong></span> <span class='ocrx_word' id='word_1_305' title='bbox 794 2991 851 3046; x_wconf 89' lang='lat' dir='ltr'><strong>in</strong></span> <span class='ocrx_word' id='word_1_306' title='bbox 880 2980 1154 3042; x_wconf 87' lang='lat' dir='ltr'><strong>laudando</strong></span> <span class='ocrx_word' id='word_1_307' title='bbox 1185 2972 1443 3032; x_wconf 89' lang='lat' dir='ltr'><strong>adhibere</strong></span> <span class='ocrx_word' id='word_1_308' title='bbox 1478 2959 1761 3026; x_wconf 86' lang='lat' dir='ltr'><strong>convenit,</strong></span> <span class='ocrx_word' id='word_1_309' title='bbox 1803 2968 1870 3010; x_wconf 90' lang='lat' dir='ltr'><strong>ac</strong></span> <span class='ocrx_word' id='word_1_310' title='bbox 1922 2963 2057 3056; x_wconf 36' lang='lat' dir='ltr'><strong>n‘eu-</strong></span> 
     </span>
    </p>
   </div>
   <div class='ocr_carea' id='block_1_47' title="bbox 475 3041 2058 3160">
    <p class='ocr_par' dir='ltr' id='par_1_47' title="bbox 475 3041 2058 3160">
     <span class='ocr_line' id='line_1_47' title="bbox 475 3041 2058 3160; baseline -0.037 -8"><span class='ocrx_word' id='word_1_311' title='bbox 475 3105 618 3154; x_wconf 77' lang='lat' dir='ltr'><strong>trum</strong></span> <span class='ocrx_word' id='word_1_312' title='bbox 645 3101 741 3160; x_wconf 89' lang='lat' dir='ltr'><strong>per</strong></span> <span class='ocrx_word' id='word_1_313' title='bbox 769 3073 1281 3140; x_wconf 89' lang='lat' dir='ltr'><strong>immoderationem</strong></span> <span class='ocrx_word' id='word_1_314' title='bbox 1325 3059 1691 3120; x_wconf 80' lang='lat' dir='ltr'><strong>labefactare;</strong></span> <span class='ocrx_word' id='word_1_315' title='bbox 1722 3060 1914 3105; x_wconf 83' lang='lat' dir='ltr'><strong>verum</strong></span> <span class='ocrx_word' id='word_1_316' title='bbox 1951 3041 2058 3097; x_wconf 87' lang='lat' dir='ltr'><strong>hoc</strong></span> 
     </span>
     <span class='ocr_line' id='line_1_48' title="bbox 1318 3135 2056 3160; baseline -0.035 25"><span class='ocrx_word' id='word_1_317' title='bbox 1318 3159 1324 3160; x_wconf 25' lang='lat'><em>7</em></span> <span class='ocrx_word' id='word_1_318' title='bbox 1499 3152 1511 3160; x_wconf 81' lang='lat'><em>‘</em></span> <span class='ocrx_word' id='word_1_319' title='bbox 1632 3147 1667 3160; x_wconf 77' lang='grc'><strong>⁸-</strong></span> <span class='ocrx_word' id='word_1_320' title='bbox 1759 3153 1773 3160; x_wconf 87' lang='grc'><strong><em>-</em></strong></span> <span class='ocrx_word' id='word_1_321' title='bbox 1815 3135 2056 3160; x_wconf 54' lang='grc' dir='ltr'><strong>ΙΑ--ιῑριελ</strong></span> 
     </span>
    </p>
   </div>
   <div class='ocr_carea' id='block_1_48' title="bbox 477 3135 2059 3259">
    <p class='ocr_par' dir='ltr' id='par_1_48' title="bbox 477 3135 2059 3259">
     <span class='ocr_line' id='line_1_49' title="bbox 477 3135 2059 3259; baseline -0.034 -16"><span class='ocrx_word' id='word_1_322' title='bbox 477 3135 757 3259; x_wconf 60' lang='lat' dir='ltr'><strong>praestare,</strong></span> <span class='ocrx_word' id='word_1_323' title='bbox 788 3183 849 3232; x_wconf 92' lang='lat' dir='ltr'><strong>ut</strong></span> <span class='ocrx_word' id='word_1_324' title='bbox 876 3181 932 3230; x_wconf 90' lang='lat' dir='ltr'><strong>et</strong></span> <span class='ocrx_word' id='word_1_325' title='bbox 973 3177 1203 3243; x_wconf 89' lang='lat' dir='ltr'><strong>paterna</strong></span> <span class='ocrx_word' id='word_1_326' title='bbox 1241 3152 1552 3232; x_wconf 86' lang='lat' dir='ltr'><strong>obiurgatio</strong></span> <span class='ocrx_word' id='word_1_327' title='bbox 1599 3147 1695 3213; x_wconf 88' lang='lat' dir='ltr'><strong>sit,</strong></span> <span class='ocrx_word' id='word_1_328' title='bbox 1726 3153 1781 3200; x_wconf 90' lang='lat' dir='ltr'><strong>et</strong></span> <span class='ocrx_word' id='word_1_329' title='bbox 1815 3135 2059 3196; x_wconf 87' lang='lat' dir='ltr'><strong>laudatio</strong></span> 
     </span>
     <span class='ocr_line' id='line_1_50' title="bbox 1424 3227 2033 3259; baseline -0.036 0"><span class='ocrx_word' id='word_1_330' title='bbox 1651 3233 1910 3259; x_wconf 46' lang='grc' dir='ltr'>,εηηηη</span> <span class='ocrx_word' id='word_1_331' title='bbox 1964 3227 2033 3259; x_wconf 42' lang='grc' dir='ltr'><em>Α,</em></span> 
     </span>
    </p>
   </div>
   <div class='ocr_carea' id='block_1_49' title="bbox 1247 3227 2059 3308">
    <p class='ocr_par' dir='ltr' id='par_1_49' title="bbox 1247 3227 2059 3308">
     <span class='ocr_line' id='line_1_51' title="bbox 1247 3227 2059 3308; baseline -0.034 0"><span class='ocrx_word' id='word_1_332' title='bbox 1247 3266 1277 3308; x_wconf 93' lang='lat' dir='ltr'><strong>c</strong></span> <span class='ocrx_word' id='word_1_333' title='bbox 1311 3227 1589 3304; x_wconf 39' lang='lat' dir='ltr'><strong>&#39;mollities</strong></span> <span class='ocrx_word' id='word_1_334' title='bbox 1643 3233 1914 3293; x_wconf 88' lang='lat' dir='ltr'><strong>dissoluta</strong></span> <span class='ocrx_word' id='word_1_335' title='bbox 1963 3227 2059 3296; x_wconf 86' lang='lat' dir='ltr'><strong>sit,</strong></span> 
     </span>
    </p>
   </div>
   <div class='ocr_carea' id='block_1_50' title="bbox 477 3349 1256 3435">
    <p class='ocr_par' dir='ltr' id='par_1_50' title="bbox 477 3349 1256 3435">
     <span class='ocr_line' id='line_1_52' title="bbox 477 3349 1256 3435; baseline -0.033 -11"><span class='ocrx_word' id='word_1_336' title='bbox 477 3349 580 3423; x_wconf 80' lang='lat' dir='ltr'><strong>nec</strong></span> <span class='ocrx_word' id='word_1_337' title='bbox 616 3360 810 3435; x_wconf 66' lang='lat' dir='ltr'><strong>acerba</strong></span> <span class='ocrx_word' id='word_1_338' title='bbox 850 3349 1137 3412; x_wconf 85' lang='lat' dir='ltr'><strong>severitas,</strong></span> <span class='ocrx_word' id='word_1_339' title='bbox 1195 3358 1256 3399; x_wconf 89' lang='lat' dir='ltr'><strong>se</strong></span> 
     </span>
    </p>
   </div>
   <div class='ocr_carea' id='block_1_51' title="bbox 479 3425 2055 3532">
    <p class='ocr_par' dir='ltr' id='par_1_51' title="bbox 479 3425 2055 3532">
     <span class='ocr_line' id='line_1_53' title="bbox 479 3425 2055 3532; baseline -0.03 -18"><span class='ocrx_word' id='word_1_340' title='bbox 479 3425 778 3532; x_wconf 71' lang='lat' dir='ltr'><strong>prudentia:</strong></span> <span class='ocrx_word' id='word_1_341' title='bbox 829 3459 1032 3504; x_wconf 87' lang='lat' dir='ltr'><strong>nomen</strong></span> <span class='ocrx_word' id='word_1_342' title='bbox 1097 3438 1368 3500; x_wconf 87' lang='lat' dir='ltr'><strong>retineat;</strong></span> <span class='ocrx_word' id='word_1_343' title='bbox 1425 3435 1659 3497; x_wconf 84' lang='lat' dir='ltr'><strong>utraque</strong></span> <span class='ocrx_word' id='word_1_344' title='bbox 1711 3425 1897 3476; x_wconf 84' lang='lat' dir='ltr'><strong>autem</strong></span> <span class='ocrx_word' id='word_1_345' title='bbox 1931 3427 2055 3472; x_wconf 91' lang='lat' dir='ltr'><strong>cum</strong></span> 
     </span>
    </p>
   </div>
   <div class='ocr_carea' id='block_1_52' title="bbox 479 3530 1278 3624">
    <p class='ocr_par' dir='ltr' id='par_1_52' title="bbox 479 3530 1278 3624">
     <span class='ocr_line' id='line_1_54' title="bbox 479 3530 1278 3624; baseline -0.031 -17"><span class='ocrx_word' id='word_1_346' title='bbox 479 3530 828 3624; x_wconf 82' lang='lat' dir='ltr'><strong>pltilosOphia</strong></span> <span class='ocrx_word' id='word_1_347' title='bbox 857 3537 1155 3608; x_wconf 85' lang='lat' dir='ltr'><strong>conjuncta</strong></span> <span class='ocrx_word' id='word_1_348' title='bbox 1186 3530 1278 3585; x_wconf 87' lang='lat' dir='ltr'><strong>sit.</strong></span> 
     </span>
    </p>
   </div>
   <div class='ocr_carea' id='block_1_53' title="bbox 550 3605 2056 3710">
    <p class='ocr_par' dir='ltr' id='par_1_53' title="bbox 550 3605 2056 3710">
     <span class='ocr_line' id='line_1_55' title="bbox 550 3605 2056 3710; baseline -0.029 -15"><span class='ocrx_word' id='word_1_349' title='bbox 550 3605 836 3710; x_wconf 66' lang='grc' dir='ltr'>Ε]ιιιᾶ.τ-</span> <span class='ocrx_word' id='word_1_350' title='bbox 886 3605 1104 3698; x_wconf 81' lang='lat' dir='ltr'><strong>Quanta</strong></span> <span class='ocrx_word' id='word_1_351' title='bbox 1162 3615 1478 3680; x_wconf 86' lang='lat' dir='ltr'><strong>sublimitas</strong></span> <span class='ocrx_word' id='word_1_352' title='bbox 1533 3609 1890 3682; x_wconf 76' lang='lat' dir='ltr'><strong>dignitasque</strong></span> <span class='ocrx_word' id='word_1_353' title='bbox 1949 3605 2056 3664; x_wconf 89' lang='lat' dir='ltr'><strong>est,</strong></span> 
     </span>
    </p>
   </div>
   <div class='ocr_carea' id='block_1_54' title="bbox 480 3716 1293 3804">
    <p class='ocr_par' dir='ltr' id='par_1_54' title="bbox 480 3716 1293 3804">
     <span class='ocr_line' id='line_1_56' title="bbox 480 3716 1293 3804; baseline -0.03 -12"><span class='ocrx_word' id='word_1_354' title='bbox 480 3744 630 3794; x_wconf 89' lang='lat' dir='ltr'><strong>tanto</strong></span> <span class='ocrx_word' id='word_1_355' title='bbox 654 3743 818 3804; x_wconf 87' lang='lat' dir='ltr'><strong>grave</strong></span> <span class='ocrx_word' id='word_1_356' title='bbox 847 3734 931 3782; x_wconf 88' lang='lat' dir='ltr'><strong>est</strong></span> <span class='ocrx_word' id='word_1_357' title='bbox 965 3716 1293 3796; x_wconf 86' lang='lat' dir='ltr'><strong>periculum.</strong></span> 
     </span>
    </p>
   </div>
   <div class='ocr_carea' id='block_1_55' title="bbox 549 3791 2061 3897">
    <p class='ocr_par' dir='ltr' id='par_1_55' title="bbox 549 3791 2061 3897">
     <span class='ocr_line' id='line_1_57' title="bbox 549 3791 2061 3897; baseline -0.028 -14"><span class='ocrx_word' id='word_1_358' title='bbox 549 3791 742 3897; x_wconf 68' lang='lat' dir='ltr'><strong>Eju;d.</strong></span> <span class='ocrx_word' id='word_1_359' title='bbox 770 3852 841 3865; x_wconf 82' lang='grc'><strong>-</strong></span> <span class='ocrx_word' id='word_1_360' title='bbox 860 3791 1212 3884; x_wconf 78' lang='lat' dir='ltr'><strong>Sacerdotes,</strong></span> <span class='ocrx_word' id='word_1_361' title='bbox 1258 3804 1470 3864; x_wconf 89' lang='lat' dir='ltr'><strong>induite</strong></span> <span class='ocrx_word' id='word_1_362' title='bbox 1493 3797 1786 3872; x_wconf 70' lang='lat' dir='ltr'><strong>justitiam.</strong></span> <span class='ocrx_word' id='word_1_363' title='bbox 1835 3791 2061 3848; x_wconf 72' lang='lat' dir='ltr'><strong>Pascute</strong></span> 
     </span>
    </p>
   </div>
   <div class='ocr_carea' id='block_1_56' title="bbox 479 3883 2060 3984">
    <p class='ocr_par' dir='ltr' id='par_1_56' title="bbox 479 3883 2060 3984">
     <span class='ocr_line' id='line_1_58' title="bbox 479 3883 2060 3984; baseline -0.027 -6"><span class='ocrx_word' id='word_1_364' title='bbox 479 3937 612 3978; x_wconf 87' lang='lat' dir='ltr'><strong>oves</strong></span> <span class='ocrx_word' id='word_1_365' title='bbox 652 3933 761 3977; x_wconf 88' lang='lat' dir='ltr'><strong>non</strong></span> <span class='ocrx_word' id='word_1_366' title='bbox 787 3915 1187 3984; x_wconf 88' lang='lat' dir='ltr'><strong>dispergatnus,</strong></span> <span class='ocrx_word' id='word_1_367' title='bbox 1220 3918 1322 3958; x_wconf 91' lang='lat' dir='ltr'><strong>nec</strong></span> <span class='ocrx_word' id='word_1_368' title='bbox 1360 3898 1699 3958; x_wconf 89' lang='lat' dir='ltr'><strong>occidamus,</strong></span> <span class='ocrx_word' id='word_1_369' title='bbox 1733 3904 1831 3961; x_wconf 89' lang='lat' dir='ltr'><strong>pro</strong></span> <span class='ocrx_word' id='word_1_370' title='bbox 1863 3883 2060 3957; x_wconf 83' lang='lat' dir='ltr'><strong>quibus</strong></span> 
     </span>
    </p>
   </div>
   <div class='ocr_carea' id='block_1_57' title="bbox 481 3983 2060 4073">
    <p class='ocr_par' dir='ltr' id='par_1_57' title="bbox 481 3983 2060 4073">
     <span class='ocr_line' id='line_1_59' title="bbox 481 3983 2060 4073; baseline -0.025 -3"><span class='ocrx_word' id='word_1_371' title='bbox 481 4017 718 4073; x_wconf 83' lang='lat' dir='ltr'><strong>animam</strong></span> <span class='ocrx_word' id='word_1_372' title='bbox 748 3983 904 4067; x_wconf 84' lang='lat' dir='ltr'><strong>suam</strong></span> <span class='ocrx_word' id='word_1_373' title='bbox 929 4006 1106 4063; x_wconf 89' lang='lat' dir='ltr'><strong>bonus</strong></span> <span class='ocrx_word' id='word_1_374' title='bbox 1139 4000 1230 4056; x_wconf 92' lang='lat' dir='ltr'><strong>ille</strong></span> <span class='ocrx_word' id='word_1_375' title='bbox 1266 4005 1454 4067; x_wconf 88' lang='lat' dir='ltr'><strong>pastor</strong></span> <span class='ocrx_word' id='word_1_376' title='bbox 1482 3987 1690 4062; x_wconf 92' lang='lat' dir='ltr'><strong>posuit,</strong></span> <span class='ocrx_word' id='word_1_377' title='bbox 1720 3983 1815 4056; x_wconf 90' lang='lat' dir='ltr'><strong>qui</strong></span> <span class='ocrx_word' id='word_1_378' title='bbox 1852 3993 2060 4048; x_wconf 80' lang='lat' dir='ltr'><strong>cogno-</strong></span> 
     </span>
    </p>
   </div>
   <div class='ocr_carea' id='block_1_58' title="bbox 480 4081 2062 4168">
    <p class='ocr_par' dir='ltr' id='par_1_58' title="bbox 480 4081 2062 4168">
     <span class='ocr_line' id='line_1_60' title="bbox 480 4081 2062 4168; baseline -0.025 -6"><span class='ocrx_word' id='word_1_379' title='bbox 480 4106 586 4163; x_wconf 87' lang='lat' dir='ltr'><strong>scit</strong></span> <span class='ocrx_word' id='word_1_380' title='bbox 614 4116 766 4168; x_wconf 88' lang='lat' dir='ltr'><strong>suas,</strong></span> <span class='ocrx_word' id='word_1_381' title='bbox 799 4109 853 4156; x_wconf 88' lang='lat' dir='ltr'><strong>et</strong></span> <span class='ocrx_word' id='word_1_382' title='bbox 882 4113 913 4153; x_wconf 91' lang='lat' dir='ltr'><strong>a</strong></span> <span class='ocrx_word' id='word_1_383' title='bbox 941 4094 1060 4153; x_wconf 90' lang='lat' dir='ltr'><strong>suis</strong></span> <span class='ocrx_word' id='word_1_384' title='bbox 1101 4085 1494 4162; x_wconf 75' lang='lat' dir='ltr'><strong>cognoscitur;</strong></span> <span class='ocrx_word' id='word_1_385' title='bbox 1526 4081 1618 4152; x_wconf 92' lang='lat' dir='ltr'><strong>qui</strong></span> <span class='ocrx_word' id='word_1_386' title='bbox 1651 4085 1812 4132; x_wconf 87' lang='lat' dir='ltr'><strong>vocat</strong></span> <span class='ocrx_word' id='word_1_387' title='bbox 1839 4087 1934 4128; x_wconf 87' lang='lat' dir='ltr'><strong>eas</strong></span> <span class='ocrx_word' id='word_1_388' title='bbox 1962 4085 2062 4125; x_wconf 85' lang='lat' dir='ltr'><strong>no-</strong></span> 
     </span>
    </p>
   </div>
   <div class='ocr_carea' id='block_1_59' title="bbox 483 4164 2062 4260">
    <p class='ocr_par' dir='ltr' id='par_1_59' title="bbox 483 4164 2062 4260">
     <span class='ocr_line' id='line_1_61' title="bbox 483 4164 2062 4260; baseline -0.023 -6"><span class='ocrx_word' id='word_1_389' title='bbox 483 4164 832 4260; x_wconf 59' lang='lat' dir='ltr'><strong>minatim,et</strong></span> <span class='ocrx_word' id='word_1_390' title='bbox 866 4187 1170 4248; x_wconf 89' lang='lat' dir='ltr'><strong>introducit</strong></span> <span class='ocrx_word' id='word_1_391' title='bbox 1217 4195 1312 4237; x_wconf 88' lang='lat' dir='ltr'><strong>eas</strong></span> <span class='ocrx_word' id='word_1_392' title='bbox 1345 4176 1530 4250; x_wconf 81' lang='lat' dir='ltr'><strong>(Joau.</strong></span> <span class='ocrx_word' id='word_1_393' title='bbox 1570 4189 1628 4239; x_wconf 74' lang='grc' dir='ltr'>ι,</span> <span class='ocrx_word' id='word_1_394' title='bbox 1661 4173 1740 4242; x_wconf 83' lang='lat'><strong>&#39;5),</strong></span> <span class='ocrx_word' id='word_1_395' title='bbox 1779 4177 1836 4224; x_wconf 87' lang='lat' dir='ltr'><strong>et</strong></span> <span class='ocrx_word' id='word_1_396' title='bbox 1880 4164 2062 4222; x_wconf 87' lang='lat' dir='ltr'><strong>educit</strong></span> 
     </span>
    </p>
   </div>
   <div class='ocr_carea' id='block_1_60' title="bbox 483 4255 2063 4346">
    <p class='ocr_par' dir='ltr' id='par_1_60' title="bbox 483 4255 2063 4346">
     <span class='ocr_line' id='line_1_62' title="bbox 483 4255 2063 4346; baseline -0.023 -2"><span class='ocrx_word' id='word_1_397' title='bbox 483 4291 553 4346; x_wconf 88' lang='lat' dir='ltr'><strong>ab</strong></span> <span class='ocrx_word' id='word_1_398' title='bbox 581 4255 902 4343; x_wconf 78' lang='lat' dir='ltr'><strong>inﬁdelitate</strong></span> <span class='ocrx_word' id='word_1_399' title='bbox 931 4279 1000 4339; x_wconf 90' lang='lat' dir='ltr'><strong>ad</strong></span> <span class='ocrx_word' id='word_1_400' title='bbox 1025 4278 1204 4340; x_wconf 76' lang='lat' dir='ltr'><strong>ﬁdem,</strong></span> <span class='ocrx_word' id='word_1_401' title='bbox 1237 4280 1294 4329; x_wconf 92' lang='lat' dir='ltr'><strong>et</strong></span> <span class='ocrx_word' id='word_1_402' title='bbox 1317 4270 1388 4324; x_wconf 87' lang='lat' dir='ltr'><strong>ab</strong></span> <span class='ocrx_word' id='word_1_403' title='bbox 1409 4268 1579 4322; x_wconf 85' lang='lat' dir='ltr'><strong>haece</strong></span> <span class='ocrx_word' id='word_1_404' title='bbox 1599 4263 1712 4317; x_wconf 88' lang='lat' dir='ltr'><strong>vita</strong></span> <span class='ocrx_word' id='word_1_405' title='bbox 1745 4259 1812 4314; x_wconf 91' lang='lat' dir='ltr'><strong>ad</strong></span> <span class='ocrx_word' id='word_1_406' title='bbox 1838 4255 2063 4312; x_wconf 89' lang='lat' dir='ltr'><strong>alterius</strong></span> 
     </span>
    </p>
   </div>
   <div class='ocr_carea' id='block_1_61' title="bbox 485 4358 2065 4450">
    <p class='ocr_par' dir='ltr' id='par_1_61' title="bbox 485 4358 2065 4450">
     <span class='ocr_line' id='line_1_63' title="bbox 485 4358 2065 4450; baseline -0.022 -13"><span class='ocrx_word' id='word_1_407' title='bbox 485 4385 604 4440; x_wconf 73' lang='lat' dir='ltr'><strong>vitae</strong></span> <span class='ocrx_word' id='word_1_408' title='bbox 651 4381 916 4450; x_wconf 88' lang='lat' dir='ltr'><strong>requiem.</strong></span> <span class='ocrx_word' id='word_1_409' title='bbox 949 4373 1254 4435; x_wconf 76' lang='lat' dir='ltr'><strong>Metuantus</strong></span> <span class='ocrx_word' id='word_1_410' title='bbox 1288 4381 1379 4429; x_wconf 89' lang='lat' dir='ltr'><strong>ne,</strong></span> <span class='ocrx_word' id='word_1_411' title='bbox 1411 4362 1555 4435; x_wconf 92' lang='lat' dir='ltr'><strong>quod</strong></span> <span class='ocrx_word' id='word_1_412' title='bbox 1593 4358 1878 4428; x_wconf 89' lang='lat' dir='ltr'><strong>Scriptura</strong></span> <span class='ocrx_word' id='word_1_413' title='bbox 1915 4367 2065 4407; x_wconf 84' lang='lat' dir='ltr'><strong>com-</strong></span> 
     </span>
    </p>
   </div>
   <div class='ocr_carea' id='block_1_62' title="bbox 485 4444 2064 4541">
    <p class='ocr_par' dir='ltr' id='par_1_62' title="bbox 485 4444 2064 4541">
     <span class='ocr_line' id='line_1_64' title="bbox 485 4444 2064 4541; baseline -0.022 -10"><span class='ocrx_word' id='word_1_414' title='bbox 485 4444 746 4537; x_wconf 61' lang='lat' dir='ltr'><strong>minatur;</strong></span> <span class='ocrx_word' id='word_1_415' title='bbox 775 4468 1041 4541; x_wconf 80' lang='lat' dir='ltr'><strong>judicium</strong></span> <span class='ocrx_word' id='word_1_416' title='bbox 1074 4479 1103 4518; x_wconf 87' lang='lat' dir='ltr'><strong>a</strong></span> <span class='ocrx_word' id='word_1_417' title='bbox 1142 4459 1302 4516; x_wconf 87' lang='lat' dir='ltr'><strong>nobis</strong></span> <span class='ocrx_word' id='word_1_418' title='bbox 1331 4455 1560 4525; x_wconf 88' lang='lat' dir='ltr'><strong>incipiat</strong></span> <span class='ocrx_word' id='word_1_419' title='bbox 1582 4450 1634 4523; x_wconf 87' lang='grc'><strong>(1</strong></span> <span class='ocrx_word' id='word_1_420' title='bbox 1661 4449 1809 4504; x_wconf 84' lang='lat' dir='ltr'><strong>Petr.</strong></span> <span class='ocrx_word' id='word_1_421' title='bbox 1834 4463 1906 4512; x_wconf 90' lang='lat' dir='ltr'><strong>tv,</strong></span> <span class='ocrx_word' id='word_1_422' title='bbox 1938 4444 2064 4522; x_wconf 74' lang='lat' dir='ltr'><strong>l7);</strong></span> 
     </span>
    </p>
   </div>
   <div class='ocr_carea' id='block_1_63' title="bbox 486 4543 2065 4636">
    <p class='ocr_par' dir='ltr' id='par_1_63' title="bbox 486 4543 2065 4636">
     <span class='ocr_line' id='line_1_65' title="bbox 486 4543 2065 4636; baseline -0.02 -9"><span class='ocrx_word' id='word_1_423' title='bbox 486 4584 554 4626; x_wconf 90' lang='lat' dir='ltr'><strong>ne</strong></span> <span class='ocrx_word' id='word_1_424' title='bbox 579 4564 819 4636; x_wconf 88' lang='lat' dir='ltr'><strong>duplicia</strong></span> <span class='ocrx_word' id='word_1_425' title='bbox 855 4565 1086 4634; x_wconf 87' lang='lat' dir='ltr'><strong>peccata</strong></span> <span class='ocrx_word' id='word_1_426' title='bbox 1111 4557 1178 4611; x_wconf 86' lang='lat' dir='ltr'><strong>tle</strong></span> <span class='ocrx_word' id='word_1_427' title='bbox 1210 4567 1376 4609; x_wconf 86' lang='lat' dir='ltr'><strong>manu</strong></span> <span class='ocrx_word' id='word_1_428' title='bbox 1411 4545 1629 4604; x_wconf 87' lang='lat' dir='ltr'><strong>Domini</strong></span> <span class='ocrx_word' id='word_1_429' title='bbox 1675 4543 2065 4613; x_wconf 86' lang='lat' dir='ltr'><strong>suscipiamus,</strong></span> 
     </span>
    </p>
   </div>
   <div class='ocr_carea' id='block_1_64' title="bbox 485 4627 2136 4726">
    <p class='ocr_par' dir='ltr' id='par_1_64' title="bbox 485 4627 2136 4726">
     <span class='ocr_line' id='line_1_66' title="bbox 485 4627 2136 4726; baseline -0.022 -7"><span class='ocrx_word' id='word_1_430' title='bbox 485 4673 537 4719; x_wconf 89' lang='lat' dir='ltr'><strong>et</strong></span> <span class='ocrx_word' id='word_1_431' title='bbox 568 4627 691 4717; x_wconf 81' lang='lat' dir='ltr'><strong>cum</strong></span> <span class='ocrx_word' id='word_1_432' title='bbox 747 4627 874 4726; x_wconf 38' lang='lat' dir='ltr'><strong>ipsi-</strong></span> <span class='ocrx_word' id='word_1_433' title='bbox 907 4666 1019 4707; x_wconf 90' lang='lat' dir='ltr'><strong>non</strong></span> <span class='ocrx_word' id='word_1_434' title='bbox 1079 4645 1471 4718; x_wconf 85' lang='lat' dir='ltr'><strong>ingrediamur,</strong></span> <span class='ocrx_word' id='word_1_435' title='bbox 1508 4639 1649 4694; x_wconf 89' lang='lat' dir='ltr'><strong>alios</strong></span> <span class='ocrx_word' id='word_1_436' title='bbox 1690 4635 1785 4707; x_wconf 90' lang='lat' dir='ltr'><strong>qui</strong></span> <span class='ocrx_word' id='word_1_437' title='bbox 1848 4627 2060 4704; x_wconf 85' lang='lat' dir='ltr'><strong>ingredi</strong></span> <span class='ocrx_word' id='word_1_438' title='bbox 2091 4659 2136 4714; x_wconf 69' lang='grc' dir='ltr'>υ</span> 
     </span>
    </p>
   </div>
   <div class='ocr_carea' id='block_1_65' title="bbox 485 4729 1571 4823">
    <p class='ocr_par' dir='ltr' id='par_1_65' title="bbox 485 4729 1571 4823">
     <span class='ocr_line' id='line_1_67' title="bbox 485 4729 1571 4823; baseline -0.021 -16"><span class='ocrx_word' id='word_1_439' title='bbox 485 4758 716 4823; x_wconf 85' lang='lat' dir='ltr'><strong>possunt</strong></span> <span class='ocrx_word' id='word_1_440' title='bbox 744 4744 1140 4818; x_wconf 87' lang='lat' dir='ltr'><strong>prohibeamus</strong></span> <span class='ocrx_word' id='word_1_441' title='bbox 1162 4735 1312 4810; x_wconf 84' lang='lat' dir='ltr'><strong>(Luc.</strong></span> <span class='ocrx_word' id='word_1_442' title='bbox 1348 4750 1427 4798; x_wconf 67' lang='grc' dir='ltr'>χι,</span> <span class='ocrx_word' id='word_1_443' title='bbox 1460 4729 1571 4800; x_wconf 64' lang='lat'><strong>52).</strong></span> 
     </span>
    </p>
   </div>
   <div class='ocr_carea' id='block_1_66' title="bbox 561 4816 2063 4908">
    <p class='ocr_par' dir='ltr' id='par_1_66' title="bbox 561 4816 2063 4908">
     <span class='ocr_line' id='line_1_68' title="bbox 561 4816 2063 4908; baseline -0.021 -9"><span class='ocrx_word' id='word_1_444' title='bbox 561 4842 724 4908; x_wconf 86' lang='lat' dir='ltr'><strong>Oves,</strong></span> <span class='ocrx_word' id='word_1_445' title='bbox 753 4847 968 4894; x_wconf 90' lang='lat' dir='ltr'><strong>vestros</strong></span> <span class='ocrx_word' id='word_1_446' title='bbox 997 4839 1247 4905; x_wconf 86' lang='lat' dir='ltr'><strong>pastores</strong></span> <span class='ocrx_word' id='word_1_447' title='bbox 1287 4837 1638 4896; x_wconf 86' lang='lat' dir='ltr'><strong>nequaquam</strong></span> <span class='ocrx_word' id='word_1_448' title='bbox 1674 4816 1907 4890; x_wconf 87' lang='lat' dir='ltr'><strong>pascite,</strong></span> <span class='ocrx_word' id='word_1_449' title='bbox 1962 4827 2063 4869; x_wconf 89' lang='lat' dir='ltr'><strong>nec</strong></span> 
     </span>
    </p>
   </div>
   <div class='ocr_carea' id='block_1_67' title="bbox 493 4906 2067 4993">
    <p class='ocr_par' dir='ltr' id='par_1_67' title="bbox 493 4906 2067 4993">
     <span class='ocr_line' id='line_1_69' title="bbox 493 4906 2067 4993; baseline -0.021 0"><span class='ocrx_word' id='word_1_450' title='bbox 493 4938 634 4993; x_wconf 91' lang='lat' dir='ltr'><strong>ultra</strong></span> <span class='ocrx_word' id='word_1_451' title='bbox 670 4906 934 4988; x_wconf 84' lang='lat' dir='ltr'><strong>terminos</strong></span> <span class='ocrx_word' id='word_1_452' title='bbox 972 4933 1189 4983; x_wconf 87' lang='lat' dir='ltr'><strong>vestros</strong></span> <span class='ocrx_word' id='word_1_453' title='bbox 1240 4917 1534 4988; x_wconf 85' lang='lat' dir='ltr'><strong>assurgite.</strong></span> <span class='ocrx_word' id='word_1_454' title='bbox 1591 4912 1774 4968; x_wconf 85' lang='lat' dir='ltr'><strong>Satius</strong></span> <span class='ocrx_word' id='word_1_455' title='bbox 1802 4907 1960 4964; x_wconf 90' lang='lat' dir='ltr'><strong>vobis</strong></span> <span class='ocrx_word' id='word_1_456' title='bbox 1993 4906 2067 4962; x_wconf 89' lang='lat' dir='ltr'><strong>sit</strong></span> 
     </span>
    </p>
   </div>
   <div class='ocr_carea' id='block_1_68' title="bbox 494 5000 2064 5097">
    <p class='ocr_par' dir='ltr' id='par_1_68' title="bbox 494 5000 2064 5097">
     <span class='ocr_line' id='line_1_70' title="bbox 494 5000 2064 5097; baseline -0.02 -10"><span class='ocrx_word' id='word_1_457' title='bbox 494 5041 553 5088; x_wconf 88' lang='lat' dir='ltr'><strong>ut</strong></span> <span class='ocrx_word' id='word_1_458' title='bbox 583 5036 731 5085; x_wconf 86' lang='lat' dir='ltr'><strong>recte</strong></span> <span class='ocrx_word' id='word_1_459' title='bbox 783 5020 1109 5097; x_wconf 87' lang='lat' dir='ltr'><strong>pascamini.</strong></span> <span class='ocrx_word' id='word_1_460' title='bbox 1139 5016 1445 5072; x_wconf 84' lang='lat' dir='ltr'><strong>Censuram</strong></span> <span class='ocrx_word' id='word_1_461' title='bbox 1479 5011 1535 5066; x_wconf 89' lang='lat' dir='ltr'><strong>in</strong></span> <span class='ocrx_word' id='word_1_462' title='bbox 1570 5007 1784 5078; x_wconf 87' lang='lat' dir='ltr'><strong>iudices</strong></span> <span class='ocrx_word' id='word_1_463' title='bbox 1809 5019 1877 5058; x_wconf 90' lang='lat' dir='ltr'><strong>ne</strong></span> <span class='ocrx_word' id='word_1_464' title='bbox 1909 5000 2064 5056; x_wconf 89' lang='lat' dir='ltr'><strong>vobis</strong></span> 
     </span>
    </p>
   </div>
   <div class='ocr_carea' id='block_1_69' title="bbox 492 5093 2060 5192">
    <p class='ocr_par' dir='ltr' id='par_1_69' title="bbox 492 5093 2060 5192">
     <span class='ocr_line' id='line_1_71' title="bbox 492 5093 2060 5192; baseline -0.021 -13"><span class='ocrx_word' id='word_1_465' title='bbox 492 5093 801 5192; x_wconf 53' lang='lat' dir='ltr'><strong>arrogetis;</strong></span> <span class='ocrx_word' id='word_1_466' title='bbox 839 5130 942 5171; x_wconf 89' lang='lat' dir='ltr'><strong>nec</strong></span> <span class='ocrx_word' id='word_1_467' title='bbox 988 5114 1167 5181; x_wconf 84' lang='lat' dir='ltr'><strong>legum</strong></span> <span class='ocrx_word' id='word_1_468' title='bbox 1230 5107 1498 5162; x_wconf 83' lang='lat' dir='ltr'><strong>latoribus</strong></span> <span class='ocrx_word' id='word_1_469' title='bbox 1549 5103 1695 5174; x_wconf 85' lang='lat' dir='ltr'><strong>leges</strong></span> <span class='ocrx_word' id='word_1_470' title='bbox 1744 5093 2060 5168; x_wconf 83' lang='lat' dir='ltr'><strong>imponatis.</strong></span> 
     </span>
    </p>
   </div>
   <div class='ocr_carea' id='block_1_70' title="bbox 493 5187 2063 5272">
    <p class='ocr_par' dir='ltr' id='par_1_70' title="bbox 493 5187 2063 5272">
     <span class='ocr_line' id='line_1_72' title="bbox 493 5187 2063 5272; baseline -0.02 1"><span class='ocrx_word' id='word_1_471' title='bbox 493 5216 609 5272; x_wconf 79' lang='lat' dir='ltr'><strong>Non</strong></span> <span class='ocrx_word' id='word_1_472' title='bbox 648 5214 794 5270; x_wconf 85' lang='lat' dir='ltr'><strong>enim</strong></span> <span class='ocrx_word' id='word_1_473' title='bbox 825 5207 1187 5266; x_wconf 86' lang='lat' dir='ltr'><strong>dissensionis</strong></span> <span class='ocrx_word' id='word_1_474' title='bbox 1209 5211 1264 5260; x_wconf 85' lang='lat' dir='ltr'><strong>et</strong></span> <span class='ocrx_word' id='word_1_475' title='bbox 1295 5197 1638 5259; x_wconf 76' lang='lat' dir='ltr'><strong>confusionis</strong></span> <span class='ocrx_word' id='word_1_476' title='bbox 1674 5197 1816 5252; x_wconf 91' lang='lat' dir='ltr'><strong>Deus</strong></span> <span class='ocrx_word' id='word_1_477' title='bbox 1835 5199 1942 5260; x_wconf 89' lang='lat' dir='ltr'><strong>est,</strong></span> <span class='ocrx_word' id='word_1_478' title='bbox 1967 5187 2063 5245; x_wconf 86' lang='lat' dir='ltr'><strong>sed</strong></span> 
     </span>
    </p>
   </div>
   <div class='ocr_carea' id='block_1_71' title="bbox 495 5299 1181 5382">
    <p class='ocr_par' dir='ltr' id='par_1_71' title="bbox 495 5299 1181 5382">
     <span class='ocr_line' id='line_1_73' title="bbox 495 5299 1181 5382; baseline -0.016 -19"><span class='ocrx_word' id='word_1_479' title='bbox 495 5309 644 5382; x_wconf 82' lang='lat' dir='ltr'><strong>pacis</strong></span> <span class='ocrx_word' id='word_1_480' title='bbox 672 5305 722 5375; x_wconf 83' lang='grc' dir='ltr'><strong>(Ι</strong></span> <span class='ocrx_word' id='word_1_481' title='bbox 760 5303 883 5359; x_wconf 86' lang='lat' dir='ltr'><strong>Cor.</strong></span> <span class='ocrx_word' id='word_1_482' title='bbox 915 5317 1028 5365; x_wconf 76' lang='lat' dir='ltr'><strong>XIV,</strong></span> <span class='ocrx_word' id='word_1_483' title='bbox 1067 5299 1181 5368; x_wconf 76' lang='lat'><strong>33).</strong></span> 
     </span>
    </p>
   </div>
   <div class='ocr_carea' id='block_1_72' title="bbox 561 5385 1751 5468">
    <p class='ocr_par' dir='ltr' id='par_1_72' title="bbox 561 5385 1751 5468">
     <span class='ocr_line' id='line_1_74' title="bbox 561 5385 1751 5468; baseline -0.016 -14"><span class='ocrx_word' id='word_1_484' title='bbox 561 5395 922 5468; x_wconf 58' lang='lat' dir='ltr'><strong>Praeceptoris</strong></span> <span class='ocrx_word' id='word_1_485' title='bbox 948 5390 1142 5448; x_wconf 89' lang='lat' dir='ltr'><strong>oculus</strong></span> <span class='ocrx_word' id='word_1_486' title='bbox 1169 5388 1336 5444; x_wconf 87' lang='lat' dir='ltr'><strong>tacita</strong></span> <span class='ocrx_word' id='word_1_487' title='bbox 1365 5385 1615 5442; x_wconf 87' lang='lat' dir='ltr'><strong>doctrina</strong></span> <span class='ocrx_word' id='word_1_488' title='bbox 1645 5389 1751 5438; x_wconf 90' lang='lat' dir='ltr'><strong>est.</strong></span> 
     </span>
    </p>
   </div>
   <div class='ocr_carea' id='block_1_73' title="bbox 564 5467 2067 5558">
    <p class='ocr_par' dir='ltr' id='par_1_73' title="bbox 564 5467 2067 5558">
     <span class='ocr_line' id='line_1_75' title="bbox 564 5467 2067 5558; baseline -0.016 -13"><span class='ocrx_word' id='word_1_489' title='bbox 564 5489 622 5545; x_wconf 90' lang='lat' dir='ltr'><strong>S.</strong></span> <span class='ocrx_word' id='word_1_490' title='bbox 659 5467 810 5558; x_wconf 53' lang='lat' dir='ltr'><strong>Grec.</strong></span> <span class='ocrx_word' id='word_1_491' title='bbox 839 5485 1006 5557; x_wconf 70' lang='lat' dir='ltr'><strong>Nysa.</strong></span> <span class='ocrx_word' id='word_1_492' title='bbox 1035 5511 1104 5523; x_wconf 89' lang='lat'><strong>——</strong></span> <span class='ocrx_word' id='word_1_493' title='bbox 1136 5481 1408 5548; x_wconf 83' lang='lat' dir='ltr'><strong>Quantum</strong></span> <span class='ocrx_word' id='word_1_494' title='bbox 1451 5475 1670 5546; x_wconf 90' lang='lat' dir='ltr'><strong>corpori</strong></span> <span class='ocrx_word' id='word_1_495' title='bbox 1701 5476 1925 5545; x_wconf 60' lang='lat' dir='ltr'><strong>praestat</strong></span> <span class='ocrx_word' id='word_1_496' title='bbox 1949 5467 2067 5524; x_wconf 84' lang='lat' dir='ltr'><strong>ani-</strong></span> 
     </span>
    </p>
   </div>
   <div class='ocr_carea' id='block_1_74' title="bbox 497 5565 2066 5648">
    <p class='ocr_par' dir='ltr' id='par_1_74' title="bbox 497 5565 2066 5648">
     <span class='ocr_line' id='line_1_76' title="bbox 497 5565 2066 5648; baseline -0.015 -8"><span class='ocrx_word' id='word_1_497' title='bbox 497 5599 638 5648; x_wconf 87' lang='lat' dir='ltr'><strong>mus,</strong></span> <span class='ocrx_word' id='word_1_498' title='bbox 683 5586 918 5636; x_wconf 84' lang='lat' dir='ltr'><strong>tantum&#39;</strong></span> <span class='ocrx_word' id='word_1_499' title='bbox 954 5589 1170 5648; x_wconf 87' lang='lat' dir='ltr'><strong>quoque</strong></span> <span class='ocrx_word' id='word_1_500' title='bbox 1202 5573 1250 5629; x_wconf 88' lang='lat' dir='ltr'><strong>is</strong></span> <span class='ocrx_word' id='word_1_501' title='bbox 1296 5572 1390 5642; x_wconf 89' lang='lat' dir='ltr'><strong>qui</strong></span> <span class='ocrx_word' id='word_1_502' title='bbox 1445 5570 1642 5625; x_wconf 85' lang='lat' dir='ltr'><strong>animis</strong></span> <span class='ocrx_word' id='word_1_503' title='bbox 1672 5565 1938 5629; x_wconf 85' lang='lat' dir='ltr'><strong>medetur,</strong></span> <span class='ocrx_word' id='word_1_504' title='bbox 1972 5576 2066 5619; x_wconf 87' lang='lat' dir='ltr'><strong>eos</strong></span> 
     </span>
    </p>
   </div>
   <div class='ocr_carea' id='block_1_75' title="bbox 491 5668 1680 5743">
    <p class='ocr_par' dir='ltr' id='par_1_75' title="bbox 491 5668 1680 5743">
     <span class='ocr_line' id='line_1_77' title="bbox 491 5668 1680 5743; baseline -0.013 -12"><span class='ocrx_word' id='word_1_505' title='bbox 491 5675 765 5734; x_wconf 87' lang='lat' dir='ltr'><strong>antecellit</strong></span> <span class='ocrx_word' id='word_1_506' title='bbox 793 5672 891 5743; x_wconf 89' lang='lat' dir='ltr'><strong>qui</strong></span> <span class='ocrx_word' id='word_1_507' title='bbox 918 5684 1148 5740; x_wconf 88' lang='lat' dir='ltr'><strong>corpora</strong></span> <span class='ocrx_word' id='word_1_508' title='bbox 1181 5668 1445 5723; x_wconf 80' lang='lat' dir='ltr'><strong>duntaxat</strong></span> <span class='ocrx_word' id='word_1_509' title='bbox 1467 5672 1680 5719; x_wconf 83' lang='lat' dir='ltr'><strong>curant.</strong></span> 
     </span>
    </p>
   </div>
   <div class='ocr_carea' id='block_1_76' title="bbox 565 5750 2067 5834">
    <p class='ocr_par' dir='ltr' id='par_1_76' title="bbox 565 5750 2067 5834">
     <span class='ocr_line' id='line_1_78' title="bbox 565 5750 2067 5834; baseline -0.013 -10"><span class='ocrx_word' id='word_1_510' title='bbox 565 5767 629 5824; x_wconf 89' lang='lat' dir='ltr'><strong>S.</strong></span> <span class='ocrx_word' id='word_1_511' title='bbox 658 5767 930 5834; x_wconf 73' lang='lat' dir='ltr'><strong>Chrysost.</strong></span> <span class='ocrx_word' id='word_1_512' title='bbox 951 5764 1046 5817; x_wconf 85' lang='lat' dir='ltr'><strong>lib.</strong></span> <span class='ocrx_word' id='word_1_513' title='bbox 1070 5779 1128 5818; x_wconf 94' lang='grc' dir='ltr'><strong>ιιι</strong></span> <span class='ocrx_word' id='word_1_514' title='bbox 1156 5761 1233 5816; x_wconf 82' lang='lat' dir='ltr'><strong>De</strong></span> <span class='ocrx_word' id='word_1_515' title='bbox 1258 5759 1462 5813; x_wconf 79' lang='lat' dir='ltr'><strong>sacerd.</strong></span> <span class='ocrx_word' id='word_1_516' title='bbox 1483 5755 1741 5810; x_wconf 82' lang='lat' dir='ltr'><strong>——Tanto</strong></span> <span class='ocrx_word' id='word_1_517' title='bbox 1774 5750 2067 5809; x_wconf 83' lang='lat' dir='ltr'><strong>sublimius</strong></span> 
     </span>
    </p>
   </div>
   <div class='ocr_carea' id='block_1_77' title="bbox 494 5850 2065 5924">
    <p class='ocr_par' dir='ltr' id='par_1_77' title="bbox 494 5850 2065 5924">
     <span class='ocr_line' id='line_1_79' title="bbox 494 5850 2065 5924; baseline -0.013 -6"><span class='ocrx_word' id='word_1_518' title='bbox 494 5863 637 5918; x_wconf 77' lang='lat' dir='ltr'><strong>cmlo</strong></span> <span class='ocrx_word' id='word_1_519' title='bbox 668 5859 1035 5916; x_wconf 86' lang='lat' dir='ltr'><strong>sacerdotium</strong></span> <span class='ocrx_word' id='word_1_520' title='bbox 1078 5864 1193 5918; x_wconf 83' lang='lat' dir='ltr'><strong>est.</strong></span> <span class='ocrx_word' id='word_1_521' title='bbox 1230 5859 1435 5924; x_wconf 80' lang='lat' dir='ltr'><strong>quanto</strong></span> <span class='ocrx_word' id='word_1_522' title='bbox 1473 5850 1698 5922; x_wconf 90' lang='lat' dir='ltr'><strong>spiritus</strong></span> <span class='ocrx_word' id='word_1_523' title='bbox 1732 5860 1896 5902; x_wconf 82' lang='lat' dir='ltr'><strong>carne</strong></span> <span class='ocrx_word' id='word_1_524' title='bbox 1931 5859 2065 5915; x_wconf 71' lang='lat' dir='ltr'><strong>[)ka-</strong></span> 
     </span>
    </p>
   </div>
   <div class='ocr_carea' id='block_1_78' title="bbox 495 5955 746 6011">
    <p class='ocr_par' dir='ltr' id='par_1_78' title="bbox 495 5955 746 6011">
     <span class='ocr_line' id='line_1_80' title="bbox 495 5955 746 6011; baseline -0.008 0"><span class='ocrx_word' id='word_1_525' title='bbox 495 5955 746 6011; x_wconf 84' lang='lat' dir='ltr'><strong>stantior.</strong></span> 
     </span>
    </p>
   </div>
   <div class='ocr_carea' id='block_1_79' title="bbox 2227 2202 3748 2283">
    <p class='ocr_par' dir='ltr' id='par_1_79' title="bbox 2227 2202 3748 2283">
     <span class='ocr_line' id='line_1_81' title="bbox 2227 2202 3748 2283; baseline 0.003 -20"><span class='ocrx_word' id='word_1_526' title='bbox 2227 2202 2396 2274; x_wconf 77' lang='grc' dir='ltr'>Οὗτος</span> <span class='ocrx_word' id='word_1_527' title='bbox 2425 2209 2552 2280; x_wconf 83' lang='grc' dir='ltr'>ὄρος</span> <span class='ocrx_word' id='word_1_528' title='bbox 2582 2208 2762 2283; x_wconf 76' lang='grc' dir='ltr'>πάσης</span> <span class='ocrx_word' id='word_1_529' title='bbox 2789 2210 3163 2283; x_wconf 81' lang='grc' dir='ltr'>πνευματικῆς</span> <span class='ocrx_word' id='word_1_530' title='bbox 3207 2211 3568 2283; x_wconf 73' lang='grc' dir='ltr'>προστασίας,</span> <span class='ocrx_word' id='word_1_531' title='bbox 3599 2229 3748 2267; x_wconf 86' lang='grc' dir='ltr'>παν-</span> 
     </span>
    </p>
   </div>
   <div class='ocr_carea' id='block_1_80' title="bbox 2154 2300 3751 2468">
    <p class='ocr_par' dir='ltr' id='par_1_80' title="bbox 2154 2300 3751 2468">
     <span class='ocr_line' id='line_1_82' title="bbox 2154 2300 3751 2448; baseline 0.002 -93"><span class='ocrx_word' id='word_1_532' title='bbox 2154 2300 2338 2448; x_wconf 60' lang='grc' dir='ltr'>ταχοῦἐ</span> <span class='ocrx_word' id='word_1_533' title='bbox 2356 2301 2419 2356; x_wconf 78' lang='grc' dir='ltr'>τὸ</span> <span class='ocrx_word' id='word_1_534' title='bbox 2443 2302 2567 2357; x_wconf 82' lang='grc' dir='ltr'>καθ’</span> <span class='ocrx_word' id='word_1_535' title='bbox 2609 2303 2802 2360; x_wconf 78' lang='grc' dir='ltr'>ἐαυτὸν</span> <span class='ocrx_word' id='word_1_536' title='bbox 2837 2305 3088 2378; x_wconf 81' lang='grc' dir='ltr'>παρορᾷν</span> <span class='ocrx_word' id='word_1_537' title='bbox 3118 2306 3257 2378; x_wconf 77' lang='grc' dir='ltr'>πρὸς</span> <span class='ocrx_word' id='word_1_538' title='bbox 3304 2305 3366 2359; x_wconf 85' lang='grc' dir='ltr'>τὸ</span> <span class='ocrx_word' id='word_1_539' title='bbox 3396 2304 3509 2359; x_wconf 87' lang='grc' dir='ltr'><strong>τῶν</strong></span> <span class='ocrx_word' id='word_1_540' title='bbox 3557 2304 3751 2361; x_wconf 69' lang='grc' dir='ltr'>ἀλλων</span> 
     </span>
     <span class='ocr_line' id='line_1_83' title="bbox 2156 2410 3293 2468; baseline 0.001 -18"><span class='ocrx_word' id='word_1_541' title='bbox 2156 2410 2309 2468; x_wconf 83' lang='grc' dir='ltr'>συμφ</span> <span class='ocrx_word' id='word_1_542' title='bbox 2345 2412 2460 2467; x_wconf 90' lang='grc' dir='ltr'>ρον.</span> <span class='ocrx_word' id='word_1_543' title='bbox 3291 2412 3293 2415; x_wconf 92' lang='grc'>·</span> 
     </span>
    </p>
   </div>
   <div class='ocr_carea' id='block_1_81' title="bbox 2223 2577 3260 2657">
    <p class='ocr_par' dir='ltr' id='par_1_81' title="bbox 2223 2577 3260 2657">
     <span class='ocr_line' id='line_1_84' title="bbox 2223 2577 3260 2657; baseline 0.006 -22"><span class='ocrx_word' id='word_1_544' title='bbox 2223 2577 2441 2636; x_wconf 86' lang='grc' dir='ltr'>Παίδων</span> <span class='ocrx_word' id='word_1_545' title='bbox 2465 2579 2747 2653; x_wconf 85' lang='grc' dir='ltr'>φείδεσθαι</span> <span class='ocrx_word' id='word_1_546' title='bbox 2772 2581 3042 2657; x_wconf 73' lang='grc' dir='ltr'>πατρικὸς</span> <span class='ocrx_word' id='word_1_547' title='bbox 3069 2582 3260 2653; x_wconf 84' lang='grc' dir='ltr'>νόμος.</span> 
     </span>
    </p>
   </div>
   <div class='ocr_carea' id='block_1_82' title="bbox 2226 2759 3489 2834">
    <p class='ocr_par' dir='ltr' id='par_1_82' title="bbox 2226 2759 3489 2834">
     <span class='ocr_line' id='line_1_85' title="bbox 2226 2759 3489 2834; baseline 0.003 -20"><span class='ocrx_word' id='word_1_548' title='bbox 2226 2759 2421 2833; x_wconf 78' lang='grc' dir='ltr'>Τροφὴ</span> <span class='ocrx_word' id='word_1_549' title='bbox 2450 2759 2544 2816; x_wconf 71' lang='grc' dir='ltr'>καὶ</span> <span class='ocrx_word' id='word_1_550' title='bbox 2565 2759 2661 2816; x_wconf 76' lang='grc' dir='ltr'><strong>τοῦ</strong></span> <span class='ocrx_word' id='word_1_551' title='bbox 2688 2760 2982 2834; x_wconf 83' lang='grc' dir='ltr'>τρέφοντός</span> <span class='ocrx_word' id='word_1_552' title='bbox 3009 2762 3158 2817; x_wconf 86' lang='grc' dir='ltr'>ἐστιν</span> <span class='ocrx_word' id='word_1_553' title='bbox 3195 2763 3229 2834; x_wconf 78' lang='grc' dir='ltr'><strong>η</strong></span> <span class='ocrx_word' id='word_1_554' title='bbox 3261 2761 3489 2832; x_wconf 77' lang='grc' dir='ltr'>δίδαξις.</span> 
     </span>
    </p>
   </div>
   <div class='ocr_carea' id='block_1_83' title="bbox 2241 2853 3753 2926">
    <p class='ocr_par' dir='ltr' id='par_1_83' title="bbox 2241 2853 3753 2926">
     <span class='ocr_line' id='line_1_86' title="bbox 2241 2853 3753 2926; baseline 0.003 -18"><span class='ocrx_word' id='word_1_555' title='bbox 2241 2853 2598 2926; x_wconf 79' lang='grc' dir='ltr'>Ἐπιτιμῆσαι</span> <span class='ocrx_word' id='word_1_556' title='bbox 2618 2854 2892 2926; x_wconf 78' lang='grc' dir='ltr'>γαληνῶς,</span> <span class='ocrx_word' id='word_1_557' title='bbox 2915 2855 3202 2909; x_wconf 70' lang='grc' dir='ltr'>ἐπαινέσαι</span> <span class='ocrx_word' id='word_1_558' title='bbox 3221 2855 3618 2924; x_wconf 82' lang='grc' dir='ltr'>παιδευτικῶς,</span> <span class='ocrx_word' id='word_1_559' title='bbox 3650 2858 3753 2912; x_wconf 80' lang='grc' dir='ltr'>καὶ</span> 
     </span>
    </p>
   </div>
   <div class='ocr_carea' id='block_1_84' title="bbox 2164 2945 3752 3020">
    <p class='ocr_par' dir='ltr' id='par_1_84' title="bbox 2164 2945 3752 3020">
     <span class='ocr_line' id='line_1_87' title="bbox 2164 2945 3752 3020; baseline 0.003 -20"><span class='ocrx_word' id='word_1_560' title='bbox 2164 2946 2462 3019; x_wconf 82' lang='grc' dir='ltr'>μηδέτερον</span> <span class='ocrx_word' id='word_1_561' title='bbox 2490 2950 2556 3019; x_wconf 79' lang='grc' dir='ltr'>τῇ</span> <span class='ocrx_word' id='word_1_562' title='bbox 2592 2947 2832 3019; x_wconf 79' lang='grc' dir='ltr'>ἀμετρίᾳ</span> <span class='ocrx_word' id='word_1_563' title='bbox 2882 2945 3269 3018; x_wconf 84' lang='grc' dir='ltr'>λυμαίνεσθαι,</span> <span class='ocrx_word' id='word_1_564' title='bbox 3314 2947 3452 3003; x_wconf 76' lang='grc' dir='ltr'>ἀλλὰ</span> <span class='ocrx_word' id='word_1_565' title='bbox 3506 2948 3752 3020; x_wconf 77' lang='grc' dir='ltr'>ποιῆσαι</span> 
     </span>
    </p>
   </div>
   <div class='ocr_carea' id='block_1_85' title="bbox 2162 3039 3755 3112">
    <p class='ocr_par' dir='ltr' id='par_1_85' title="bbox 2162 3039 3755 3112">
     <span class='ocr_line' id='line_1_88' title="bbox 2162 3039 3755 3112; baseline 0.001 -18"><span class='ocrx_word' id='word_1_566' title='bbox 2162 3040 2261 3094; x_wconf 78' lang='grc' dir='ltr'>καὶ</span> <span class='ocrx_word' id='word_1_567' title='bbox 2309 3039 2412 3112; x_wconf 76' lang='grc' dir='ltr'>τὴν</span> <span class='ocrx_word' id='word_1_568' title='bbox 2474 3040 2793 3112; x_wconf 77' lang='grc' dir='ltr'>ἐπιτίμησιν</span> <span class='ocrx_word' id='word_1_569' title='bbox 2853 3040 3160 3110; x_wconf 78' lang='grc' dir='ltr'>πατρικὴν,</span> <span class='ocrx_word' id='word_1_570' title='bbox 3216 3040 3311 3095; x_wconf 69' lang='grc' dir='ltr'><strong>καὶ¹</strong></span> <span class='ocrx_word' id='word_1_571' title='bbox 3365 3039 3459 3095; x_wconf 80' lang='grc' dir='ltr'>τὸν</span> <span class='ocrx_word' id='word_1_572' title='bbox 3515 3041 3755 3096; x_wconf 78' lang='grc' dir='ltr'>ἔπαινον</span> 
     </span>
    </p>
   </div>
   <div class='ocr_carea' id='block_1_86' title="bbox 2163 3132 3760 3207">
    <p class='ocr_par' dir='ltr' id='par_1_86' title="bbox 2163 3132 3760 3207">
     <span class='ocr_line' id='line_1_89' title="bbox 2163 3132 3760 3207; baseline 0.001 -20"><span class='ocrx_word' id='word_1_573' title='bbox 2163 3133 2425 3205; x_wconf 72' lang='grc' dir='ltr'>ἀρχικόν*</span> <span class='ocrx_word' id='word_1_574' title='bbox 2461 3133 2602 3205; x_wconf 78' lang='grc' dir='ltr'>μήτε</span> <span class='ocrx_word' id='word_1_575' title='bbox 2644 3133 2707 3187; x_wconf 77' lang='grc' dir='ltr'>τὸ</span> <span class='ocrx_word' id='word_1_576' title='bbox 2735 3132 2944 3188; x_wconf 81' lang='grc' dir='ltr'>ἁπαλὸν</span> <span class='ocrx_word' id='word_1_577' title='bbox 2971 3133 3217 3200; x_wconf 70' lang='grc' dir='ltr'>ἔκλυτον,</span> <span class='ocrx_word' id='word_1_578' title='bbox 3263 3134 3401 3207; x_wconf 86' lang='grc' dir='ltr'>μήτε</span> <span class='ocrx_word' id='word_1_579' title='bbox 3435 3134 3645 3202; x_wconf 73' lang='grc' dir='ltr'>στῦφον</span> <span class='ocrx_word' id='word_1_580' title='bbox 3689 3136 3760 3189; x_wconf 83' lang='grc' dir='ltr'>τὸ</span> 
     </span>
    </p>
   </div>
   <div class='ocr_carea' id='block_1_87' title="bbox 2165 3224 3751 3299">
    <p class='ocr_par' dir='ltr' id='par_1_87' title="bbox 2165 3224 3751 3299">
     <span class='ocr_line' id='line_1_90' title="bbox 2165 3224 3751 3299; baseline 0.001 -20"><span class='ocrx_word' id='word_1_581' title='bbox 2165 3224 2439 3296; x_wconf 79' lang='grc' dir='ltr'>αὐστηρόν</span> <span class='ocrx_word' id='word_1_582' title='bbox 2459 3241 2476 3258; x_wconf 85' lang='grc'>⁶</span> <span class='ocrx_word' id='word_1_583' title='bbox 2502 3226 2643 3280; x_wconf 83' lang='grc' dir='ltr'>ἀλλὰ</span> <span class='ocrx_word' id='word_1_584' title='bbox 2671 3225 2735 3280; x_wconf 81' lang='grc' dir='ltr'>τὸ</span> <span class='ocrx_word' id='word_1_585' title='bbox 2768 3226 2869 3298; x_wconf 70' lang='grc' dir='ltr'>μὲν</span> <span class='ocrx_word' id='word_1_586' title='bbox 2903 3225 3230 3296; x_wconf 83' lang='grc' dir='ltr'>ἐπιείκειαν,</span> <span class='ocrx_word' id='word_1_587' title='bbox 3263 3228 3325 3282; x_wconf 79' lang='grc' dir='ltr'>τὸ</span> <span class='ocrx_word' id='word_1_588' title='bbox 3355 3227 3413 3282; x_wconf 78' lang='grc' dir='ltr'><strong>δὲ</strong></span> <span class='ocrx_word' id='word_1_589' title='bbox 3444 3228 3751 3299; x_wconf 83' lang='grc' dir='ltr'>φρόνησιν,</span> 
     </span>
    </p>
   </div>
   <div class='ocr_carea' id='block_1_88' title="bbox 1259 3301 2941 3397">
    <p class='ocr_par' dir='ltr' id='par_1_88' title="bbox 1259 3301 2941 3397">
     <span class='ocr_line' id='line_1_91' title="bbox 1259 3301 2941 3397; baseline -0.014 -3"><span class='ocrx_word' id='word_1_590' title='bbox 1259 3301 1295 3397; x_wconf 65' lang='grc' dir='ltr'>ξι</span> <span class='ocrx_word' id='word_1_591' title='bbox 1330 3301 1517 3393; x_wconf 56' lang='lat' dir='ltr'><strong>altera</strong></span> <span class='ocrx_word' id='word_1_592' title='bbox 1563 3325 1831 3388; x_wconf 87' lang='lat' dir='ltr'><strong>lenitatis,</strong></span> <span class='ocrx_word' id='word_1_593' title='bbox 1881 3319 2057 3375; x_wconf 88' lang='lat' dir='ltr'><strong>altera</strong></span> <span class='ocrx_word' id='word_1_594' title='bbox 2086 3301 2129 3361; x_wconf 69' lang='grc' dir='ltr'>ο</span> <span class='ocrx_word' id='word_1_595' title='bbox 2163 3319 2259 3375; x_wconf 69' lang='grc' dir='ltr'>καὶ</span> <span class='ocrx_word' id='word_1_596' title='bbox 2282 3317 2599 3391; x_wconf 79' lang='grc' dir='ltr'>φιλοσοφίαν</span> <span class='ocrx_word' id='word_1_597' title='bbox 2633 3317 2941 3390; x_wconf 71' lang='grc' dir='ltr'>ἀμφότερα.</span> 
     </span>
    </p>
   </div>
   <div class='ocr_carea' id='block_1_89' title="bbox 2158 3579 3753 3734">
    <p class='ocr_par' dir='ltr' id='par_1_89' title="bbox 2158 3579 3753 3734">
     <span class='ocr_line' id='line_1_92' title="bbox 2158 3579 3753 3734; baseline 0 -93"><span class='ocrx_word' id='word_1_598' title='bbox 2158 3679 2188 3734; x_wconf 76' lang='grc' dir='ltr'><strong>δ</strong></span> <span class='ocrx_word' id='word_1_599' title='bbox 2231 3584 2395 3640; x_wconf 85' lang='grc' dir='ltr'>Ὅσον</span> <span class='ocrx_word' id='word_1_600' title='bbox 2424 3582 2486 3638; x_wconf 77' lang='grc' dir='ltr'>τὸ</span> <span class='ocrx_word' id='word_1_601' title='bbox 2518 3579 2654 3654; x_wconf 76' lang='grc' dir='ltr'>ὕψος</span> <span class='ocrx_word' id='word_1_602' title='bbox 2682 3581 2775 3637; x_wconf 74' lang='grc' dir='ltr'>καὶ</span> <span class='ocrx_word' id='word_1_603' title='bbox 2801 3579 2864 3637; x_wconf 76' lang='grc' dir='ltr'>τὸ</span> <span class='ocrx_word' id='word_1_604' title='bbox 2888 3579 3130 3655; x_wconf 75' lang='grc' dir='ltr'>ἀξίωμα,</span> <span class='ocrx_word' id='word_1_605' title='bbox 3153 3579 3411 3637; x_wconf 80' lang='grc' dir='ltr'>τοσοῦτον</span> <span class='ocrx_word' id='word_1_606' title='bbox 3434 3583 3529 3638; x_wconf 77' lang='grc' dir='ltr'>καὶ</span> <span class='ocrx_word' id='word_1_607' title='bbox 3551 3584 3582 3639; x_wconf 89' lang='grc' dir='ltr'><strong>ό</strong></span> <span class='ocrx_word' id='word_1_608' title='bbox 3621 3586 3753 3642; x_wconf 84' lang='grc' dir='ltr'>κίν-</span> 
     </span>
     <span class='ocr_line' id='line_1_93' title="bbox 2191 3694 2332 3734; baseline 0.014 -2"><span class='ocrx_word' id='word_1_609' title='bbox 2191 3694 2332 3734; x_wconf 69' lang='lat' dir='ltr'><strong>uvae.</strong></span> 
     </span>
    </p>
   </div>
   <div class='ocr_carea' id='block_1_90' title="bbox 2191 3694 2332 3743">
    <p class='ocr_par' dir='ltr' id='par_1_90' title="bbox 2191 3694 2332 3743">
     <span class='ocr_line' id='line_1_94' title="bbox 2191 3694 2332 3743; baseline -0.014 -11"><span class='ocrx_word' id='word_1_610' title='bbox 2191 3694 2332 3743; x_wconf 82' lang='grc' dir='ltr'>υνος.</span> 
     </span>
    </p>
   </div>
   <div class='ocr_carea' id='block_1_91' title="bbox 2231 3768 3756 3846">
    <p class='ocr_par' dir='ltr' id='par_1_91' title="bbox 2231 3768 3756 3846">
     <span class='ocr_line' id='line_1_95' title="bbox 2231 3768 3756 3846; baseline -0.003 -19"><span class='ocrx_word' id='word_1_611' title='bbox 2231 3774 2295 3828; x_wconf 88' lang='lat' dir='ltr'><strong>Ol</strong></span> <span class='ocrx_word' id='word_1_612' title='bbox 2329 3774 2514 3846; x_wconf 76' lang='grc' dir='ltr'>ἱερεῖς,</span> <span class='ocrx_word' id='word_1_613' title='bbox 2544 3770 2839 3826; x_wconf 77' lang='grc' dir='ltr'>ἐνδύσασθε</span> <span class='ocrx_word' id='word_1_614' title='bbox 2871 3768 3241 3842; x_wconf 80' lang='grc' dir='ltr'>δικαιοσύνην.</span> <span class='ocrx_word' id='word_1_615' title='bbox 3283 3769 3378 3843; x_wconf 76' lang='grc' dir='ltr'><strong>Μὴ</strong></span> <span class='ocrx_word' id='word_1_616' title='bbox 3407 3769 3756 3841; x_wconf 76' lang='grc' dir='ltr'>διασπείρω-</span> 
     </span>
    </p>
   </div>
   <div class='ocr_carea' id='block_1_92' title="bbox 2165 3856 3750 3939">
    <p class='ocr_par' dir='ltr' id='par_1_92' title="bbox 2165 3856 3750 3939">
     <span class='ocr_line' id='line_1_96' title="bbox 2165 3856 3750 3939; baseline -0.001 -18"><span class='ocrx_word' id='word_1_617' title='bbox 2165 3885 2266 3939; x_wconf 89' lang='grc' dir='ltr'><strong>μεν</strong></span> <span class='ocrx_word' id='word_1_618' title='bbox 2309 3868 2381 3921; x_wconf 79' lang='grc' dir='ltr'>τὰ</span> <span class='ocrx_word' id='word_1_619' title='bbox 2422 3865 2668 3938; x_wconf 77' lang='grc' dir='ltr'>πρόϐατα</span> <span class='ocrx_word' id='word_1_620' title='bbox 2711 3865 2813 3937; x_wconf 81' lang='grc' dir='ltr'>τῆς</span> <span class='ocrx_word' id='word_1_621' title='bbox 2859 3856 3126 3936; x_wconf 65' lang='grc' dir='ltr'>νομικῆςῗ</span> <span class='ocrx_word' id='word_1_622' title='bbox 3164 3864 3262 3920; x_wconf 83' lang='grc' dir='ltr'>καὶ</span> <span class='ocrx_word' id='word_1_623' title='bbox 3304 3863 3750 3936; x_wconf 82' lang='grc' dir='ltr'>διαφθείρωμεν,</span> 
     </span>
    </p>
   </div>
   <div class='ocr_carea' id='block_1_93' title="bbox 2163 3953 3755 4032">
    <p class='ocr_par' dir='ltr' id='par_1_93' title="bbox 2163 3953 3755 4032">
     <span class='ocr_line' id='line_1_97' title="bbox 2163 3953 3755 4032; baseline -0.005 -17"><span class='ocrx_word' id='word_1_624' title='bbox 2163 3960 2302 4032; x_wconf 82' lang='grc' dir='ltr'>ὑπὲρ</span> <span class='ocrx_word' id='word_1_625' title='bbox 2333 3953 2409 4013; x_wconf 82' lang='grc' dir='ltr'>ὦν</span> <span class='ocrx_word' id='word_1_626' title='bbox 2463 3958 2628 4029; x_wconf 73' lang='grc' dir='ltr'>ἔθηκε</span> <span class='ocrx_word' id='word_1_627' title='bbox 2658 3958 2758 4029; x_wconf 75' lang='grc' dir='ltr'>τὴν</span> <span class='ocrx_word' id='word_1_628' title='bbox 2807 3958 2984 4030; x_wconf 76' lang='grc' dir='ltr'>ψυχὴν</span> <span class='ocrx_word' id='word_1_629' title='bbox 3015 3957 3045 4009; x_wconf 85' lang='grc' dir='ltr'>ὁ</span> <span class='ocrx_word' id='word_1_630' title='bbox 3077 3955 3285 4027; x_wconf 74' lang='grc' dir='ltr'>ποιμὴν</span> <span class='ocrx_word' id='word_1_631' title='bbox 3305 3955 3335 4007; x_wconf 79' lang='grc' dir='ltr'><strong>ὁ</strong></span> <span class='ocrx_word' id='word_1_632' title='bbox 3363 3955 3555 4022; x_wconf 80' lang='grc' dir='ltr'>καλὸς,</span> <span class='ocrx_word' id='word_1_633' title='bbox 3581 3959 3614 4009; x_wconf 85' lang='grc' dir='ltr'>ὁ</span> <span class='ocrx_word' id='word_1_634' title='bbox 3656 3974 3755 4025; x_wconf 79' lang='grc' dir='ltr'>γι-</span> 
     </span>
    </p>
   </div>
   <div class='ocr_carea' id='block_1_94' title="bbox 2163 4048 3756 4120">
    <p class='ocr_par' dir='ltr' id='par_1_94' title="bbox 2163 4048 3756 4120">
     <span class='ocr_line' id='line_1_98' title="bbox 2163 4048 3756 4120; baseline -0.004 -12"><span class='ocrx_word' id='word_1_635' title='bbox 2163 4053 2387 4108; x_wconf 85' lang='grc' dir='ltr'>νώσκων</span> <span class='ocrx_word' id='word_1_636' title='bbox 2422 4053 2493 4108; x_wconf 82' lang='grc' dir='ltr'>τὰ</span> <span class='ocrx_word' id='word_1_637' title='bbox 2522 4053 2650 4117; x_wconf 85' lang='grc' dir='ltr'>ίδια,</span> <span class='ocrx_word' id='word_1_638' title='bbox 2684 4052 2778 4106; x_wconf 76' lang='grc' dir='ltr'>καὶ</span> <span class='ocrx_word' id='word_1_639' title='bbox 2819 4049 3230 4120; x_wconf 84' lang='grc' dir='ltr'>γινωσκόμενος</span> <span class='ocrx_word' id='word_1_640' title='bbox 3261 4049 3368 4103; x_wconf 80' lang='grc' dir='ltr'>ὑπὸ</span> <span class='ocrx_word' id='word_1_641' title='bbox 3409 4048 3522 4102; x_wconf 86' lang='grc' dir='ltr'><strong>τῶν</strong></span> <span class='ocrx_word' id='word_1_642' title='bbox 3570 4049 3756 4116; x_wconf 81' lang='grc' dir='ltr'>ἰδίων,</span> 
     </span>
    </p>
   </div>
   <div class='ocr_carea' id='block_1_95' title="bbox 2163 4142 3759 4215">
    <p class='ocr_par' dir='ltr' id='par_1_95' title="bbox 2163 4142 3759 4215">
     <span class='ocr_line' id='line_1_99' title="bbox 2163 4142 3759 4215; baseline -0.004 -14"><span class='ocrx_word' id='word_1_643' title='bbox 2163 4147 2258 4201; x_wconf 73' lang='grc' dir='ltr'>καὶ</span> <span class='ocrx_word' id='word_1_644' title='bbox 2291 4145 2473 4200; x_wconf 85' lang='grc' dir='ltr'>καλῶν</span> <span class='ocrx_word' id='word_1_645' title='bbox 2503 4146 2622 4199; x_wconf 86' lang='grc' dir='ltr'>κατ’</span> <span class='ocrx_word' id='word_1_646' title='bbox 2646 4143 2840 4215; x_wconf 74' lang='grc' dir='ltr'>ὄνομα,</span> <span class='ocrx_word' id='word_1_647' title='bbox 2884 4144 2982 4197; x_wconf 76' lang='grc' dir='ltr'><strong>καὶ</strong></span> <span class='ocrx_word' id='word_1_648' title='bbox 3027 4145 3270 4210; x_wconf 65' lang='grc' dir='ltr'>είσὶγων</span> <span class='ocrx_word' id='word_1_649' title='bbox 3297 4142 3471 4210; x_wconf 73' lang='grc' dir='ltr'>αὐτὰ,</span> <span class='ocrx_word' id='word_1_650' title='bbox 3504 4142 3607 4197; x_wconf 76' lang='grc' dir='ltr'>καὶ</span> <span class='ocrx_word' id='word_1_651' title='bbox 3661 4143 3759 4207; x_wconf 78' lang='grc' dir='ltr'><strong>ἐξ·</strong></span> 
     </span>
    </p>
   </div>
   <div class='ocr_carea' id='block_1_96' title="bbox 2168 4234 3759 4309">
    <p class='ocr_par' dir='ltr' id='par_1_96' title="bbox 2168 4234 3759 4309">
     <span class='ocr_line' id='line_1_100' title="bbox 2168 4234 3759 4309; baseline -0.004 -15"><span class='ocrx_word' id='word_1_652' title='bbox 2168 4241 2314 4309; x_wconf 81' lang='grc' dir='ltr'>ἀγων</span> <span class='ocrx_word' id='word_1_653' title='bbox 2342 4240 2450 4294; x_wconf 82' lang='grc' dir='ltr'><strong>ἀπὸ</strong></span> <span class='ocrx_word' id='word_1_654' title='bbox 2471 4255 2532 4293; x_wconf 86' lang='grc' dir='ltr'><strong>τε</strong></span> <span class='ocrx_word' id='word_1_655' title='bbox 2555 4239 2812 4300; x_wconf 82' lang='grc' dir='ltr'>ἀπιστίας</span> <span class='ocrx_word' id='word_1_656' title='bbox 2838 4239 2914 4302; x_wconf 88' lang='grc' dir='ltr'><strong>είς</strong></span> <span class='ocrx_word' id='word_1_657' title='bbox 2945 4237 3149 4304; x_wconf 86' lang='grc' dir='ltr'>πίστιν,</span> <span class='ocrx_word' id='word_1_658' title='bbox 3180 4236 3276 4288; x_wconf 71' lang='grc' dir='ltr'>καὶ</span> <span class='ocrx_word' id='word_1_659' title='bbox 3318 4236 3425 4290; x_wconf 78' lang='grc' dir='ltr'><strong>ἀπὸ</strong></span> <span class='ocrx_word' id='word_1_660' title='bbox 3460 4236 3562 4307; x_wconf 80' lang='grc' dir='ltr'>τῆς</span> <span class='ocrx_word' id='word_1_661' title='bbox 3593 4234 3759 4307; x_wconf 68' lang='grc' dir='ltr'>ζωῆς</span> 
     </span>
    </p>
   </div>
   <div class='ocr_carea' id='block_1_97' title="bbox 2166 4327 3758 4407">
    <p class='ocr_par' dir='ltr' id='par_1_97' title="bbox 2166 4327 3758 4407">
     <span class='ocr_line' id='line_1_101' title="bbox 2166 4327 3758 4407; baseline -0.005 -18"><span class='ocrx_word' id='word_1_662' title='bbox 2166 4337 2369 4407; x_wconf 81' lang='grc' dir='ltr'>ταύτης</span> <span class='ocrx_word' id='word_1_663' title='bbox 2403 4336 2485 4398; x_wconf 89' lang='grc' dir='ltr'><strong>είς</strong></span> <span class='ocrx_word' id='word_1_664' title='bbox 2524 4334 2624 4404; x_wconf 77' lang='grc' dir='ltr'>τὴν</span> <span class='ocrx_word' id='word_1_665' title='bbox 2679 4331 2895 4386; x_wconf 80' lang='grc' dir='ltr'>ἐκεῖθεν</span> <span class='ocrx_word' id='word_1_666' title='bbox 2917 4330 3263 4384; x_wconf 80' lang='grc' dir='ltr'>ἀνάπαυσιν·</span> <span class='ocrx_word' id='word_1_667' title='bbox 3298 4327 3637 4399; x_wconf 78' lang='grc' dir='ltr'>φοϐηθῶμεν</span> <span class='ocrx_word' id='word_1_668' title='bbox 3678 4330 3758 4400; x_wconf 81' lang='grc' dir='ltr'>μὴ</span> 
     </span>
    </p>
   </div>
   <div class='ocr_carea' id='block_1_98' title="bbox 2165 4423 3760 4501">
    <p class='ocr_par' dir='ltr' id='par_1_98' title="bbox 2165 4423 3760 4501">
     <span class='ocr_line' id='line_1_102' title="bbox 2165 4423 3760 4501; baseline -0.006 -16"><span class='ocrx_word' id='word_1_669' title='bbox 2165 4429 2260 4500; x_wconf 76' lang='grc' dir='ltr'><strong>ἀφ’</strong></span> <span class='ocrx_word' id='word_1_670' title='bbox 2293 4429 2453 4501; x_wconf 78' lang='grc' dir='ltr'>ἡμῶν</span> <span class='ocrx_word' id='word_1_671' title='bbox 2498 4429 2732 4500; x_wconf 78' lang='grc' dir='ltr'>ἄρξηται</span> <span class='ocrx_word' id='word_1_672' title='bbox 2760 4427 2821 4481; x_wconf 83' lang='grc' dir='ltr'>τὸ</span> <span class='ocrx_word' id='word_1_673' title='bbox 2865 4427 3040 4499; x_wconf 86' lang='grc' dir='ltr'>κρίμα</span> <span class='ocrx_word' id='word_1_674' title='bbox 3088 4426 3182 4479; x_wconf 81' lang='grc' dir='ltr'>καὶ</span> <span class='ocrx_word' id='word_1_675' title='bbox 3229 4425 3329 4495; x_wconf 76' lang='grc' dir='ltr'>τὴν</span> <span class='ocrx_word' id='word_1_676' title='bbox 3361 4423 3634 4495; x_wconf 73' lang='grc' dir='ltr'>ἀπειλήνο</span> <span class='ocrx_word' id='word_1_677' title='bbox 3673 4426 3760 4495; x_wconf 76' lang='grc' dir='ltr'>μὴ</span> 
     </span>
    </p>
   </div>
   <div class='ocr_carea' id='block_1_99' title="bbox 2166 4517 3755 4593">
    <p class='ocr_par' dir='ltr' id='par_1_99' title="bbox 2166 4517 3755 4593">
     <span class='ocr_line' id='line_1_103' title="bbox 2166 4517 3755 4593; baseline -0.002 -19"><span class='ocrx_word' id='word_1_678' title='bbox 2166 4521 2420 4592; x_wconf 81' lang='grc' dir='ltr'>λάϐωμεν</span> <span class='ocrx_word' id='word_1_679' title='bbox 2449 4523 2514 4574; x_wconf 83' lang='grc' dir='ltr'><strong>ἐκ</strong></span> <span class='ocrx_word' id='word_1_680' title='bbox 2542 4519 2724 4593; x_wconf 83' lang='grc' dir='ltr'>χειρὸς</span> <span class='ocrx_word' id='word_1_681' title='bbox 2755 4518 2963 4589; x_wconf 84' lang='grc' dir='ltr'>Κυρίου</span> <span class='ocrx_word' id='word_1_682' title='bbox 3008 4517 3174 4571; x_wconf 80' lang='grc' dir='ltr'>διπλᾶ</span> <span class='ocrx_word' id='word_1_683' title='bbox 3219 4518 3288 4570; x_wconf 71' lang='grc' dir='ltr'>τὰ</span> <span class='ocrx_word' id='word_1_684' title='bbox 3334 4517 3755 4587; x_wconf 79' lang='grc' dir='ltr'>ἁμαρτήματα,</span> 
     </span>
    </p>
   </div>
   <div class='ocr_carea' id='block_1_100' title="bbox 2167 4607 3759 4680">
    <p class='ocr_par' dir='ltr' id='par_1_100' title="bbox 2167 4607 3759 4680">
     <span class='ocr_line' id='line_1_104' title="bbox 2167 4607 3759 4680; baseline -0.003 -13"><span class='ocrx_word' id='word_1_685' title='bbox 2167 4615 2325 4668; x_wconf 82' lang='grc' dir='ltr'>αὐτοί·</span> <span class='ocrx_word' id='word_1_686' title='bbox 2356 4631 2416 4668; x_wconf 88' lang='grc' dir='ltr'><strong>τε</strong></span> <span class='ocrx_word' id='word_1_687' title='bbox 2456 4614 2558 4668; x_wconf 84' lang='grc' dir='ltr'>οὐκ</span> <span class='ocrx_word' id='word_1_688' title='bbox 2591 4613 2873 4677; x_wconf 76' lang='grc' dir='ltr'>εἰσιόντες,</span> <span class='ocrx_word' id='word_1_689' title='bbox 2921 4611 3016 4666; x_wconf 76' lang='grc' dir='ltr'>καὶ</span> <span class='ocrx_word' id='word_1_690' title='bbox 3046 4611 3173 4675; x_wconf 78' lang='grc' dir='ltr'>τοὺς</span> <span class='ocrx_word' id='word_1_691' title='bbox 3204 4607 3465 4664; x_wconf 85' lang='grc' dir='ltr'>εἰσελθεῖν</span> <span class='ocrx_word' id='word_1_692' title='bbox 3507 4607 3759 4680; x_wconf 77' lang='grc' dir='ltr'>δυναμὲο</span> 
     </span>
    </p>
   </div>
   <div class='ocr_carea' id='block_1_101' title="bbox 2163 4710 2634 4777">
    <p class='ocr_par' dir='ltr' id='par_1_101' title="bbox 2163 4710 2634 4777">
     <span class='ocr_line' id='line_1_105' title="bbox 2163 4710 2634 4777; baseline -0.015 -9"><span class='ocrx_word' id='word_1_693' title='bbox 2163 4730 2287 4777; x_wconf 89' lang='grc' dir='ltr'>νους</span> <span class='ocrx_word' id='word_1_694' title='bbox 2314 4710 2634 4772; x_wconf 81' lang='grc' dir='ltr'>κωλύοντες.</span> 
     </span>
    </p>
   </div>
   <div class='ocr_carea' id='block_1_102' title="bbox 2234 4794 3755 4876">
    <p class='ocr_par' dir='ltr' id='par_1_102' title="bbox 2234 4794 3755 4876">
     <span class='ocr_line' id='line_1_106' title="bbox 2234 4794 3755 4876; baseline -0.006 -16"><span class='ocrx_word' id='word_1_695' title='bbox 2234 4805 2318 4860; x_wconf 80' lang='grc' dir='ltr'><strong>Τὰ</strong></span> <span class='ocrx_word' id='word_1_696' title='bbox 2343 4803 2613 4876; x_wconf 77' lang='grc' dir='ltr'>πρόσατα,</span> <span class='ocrx_word' id='word_1_697' title='bbox 2648 4800 2725 4874; x_wconf 81' lang='grc' dir='ltr'>μὴ</span> <span class='ocrx_word' id='word_1_698' title='bbox 2760 4799 3083 4874; x_wconf 75' lang='grc' dir='ltr'>ποιμαίνετε</span> <span class='ocrx_word' id='word_1_699' title='bbox 3115 4800 3241 4871; x_wconf 74' lang='grc' dir='ltr'>τοὺς</span> <span class='ocrx_word' id='word_1_700' title='bbox 3283 4794 3578 4869; x_wconf 80' lang='grc' dir='ltr'>ποιμένας,</span> <span class='ocrx_word' id='word_1_701' title='bbox 3610 4798 3755 4868; x_wconf 72' lang='grc' dir='ltr'>μηδὲ</span> 
     </span>
    </p>
   </div>
   <div class='ocr_carea' id='block_1_103' title="bbox 2163 4890 3757 4974">
    <p class='ocr_par' dir='ltr' id='par_1_103' title="bbox 2163 4890 3757 4974">
     <span class='ocr_line' id='line_1_107' title="bbox 2163 4890 3757 4974; baseline -0.01 -17"><span class='ocrx_word' id='word_1_702' title='bbox 2163 4901 2304 4974; x_wconf 82' lang='grc' dir='ltr'>ὑπὲρ</span> <span class='ocrx_word' id='word_1_703' title='bbox 2324 4903 2450 4966; x_wconf 78' lang='grc' dir='ltr'>τοὺς</span> <span class='ocrx_word' id='word_1_704' title='bbox 2473 4899 2681 4953; x_wconf 79' lang='grc' dir='ltr'>ἑαυτῶν</span> <span class='ocrx_word' id='word_1_705' title='bbox 2702 4899 2862 4970; x_wconf 86' lang='grc' dir='ltr'>ὅρους</span> <span class='ocrx_word' id='word_1_706' title='bbox 2887 4893 3203 4966; x_wconf 85' lang='grc' dir='ltr'>ἐπαίρεσθε.</span> <span class='ocrx_word' id='word_1_707' title='bbox 3239 4893 3424 4966; x_wconf 80' lang='grc' dir='ltr'>Ἀρκεῖ</span> <span class='ocrx_word' id='word_1_708' title='bbox 3452 4891 3569 4962; x_wconf 78' lang='grc' dir='ltr'>γὰρ</span> <span class='ocrx_word' id='word_1_709' title='bbox 3617 4890 3757 4961; x_wconf 69' lang='grc' dir='ltr'>ὑμῖν</span> 
     </span>
    </p>
   </div>
   <div class='ocr_carea' id='block_1_104' title="bbox 2165 4985 3756 5063">
    <p class='ocr_par' dir='ltr' id='par_1_104' title="bbox 2165 4985 3756 5063">
     <span class='ocr_line' id='line_1_108' title="bbox 2165 4985 3756 5063; baseline -0.01 -13"><span class='ocrx_word' id='word_1_710' title='bbox 2165 4999 2232 5050; x_wconf 83' lang='grc' dir='ltr'>ἂν</span> <span class='ocrx_word' id='word_1_711' title='bbox 2265 4995 2450 5058; x_wconf 86' lang='grc' dir='ltr'>καλῶς</span> <span class='ocrx_word' id='word_1_712' title='bbox 2502 4991 2894 5063; x_wconf 82' lang='grc' dir='ltr'>ποιμαίνησθε.</span> <span class='ocrx_word' id='word_1_713' title='bbox 2935 4989 3031 5059; x_wconf 75' lang='grc' dir='ltr'><strong>Μὴ</strong></span> <span class='ocrx_word' id='word_1_714' title='bbox 3080 4987 3297 5058; x_wconf 86' lang='grc' dir='ltr'>κρίνετε</span> <span class='ocrx_word' id='word_1_715' title='bbox 3337 4985 3464 5049; x_wconf 78' lang='grc' dir='ltr'>τοὺς</span> <span class='ocrx_word' id='word_1_716' title='bbox 3515 4985 3756 5053; x_wconf 75' lang='grc' dir='ltr'>κριτὰς,</span> 
     </span>
    </p>
   </div>
   <div class='ocr_carea' id='block_1_105' title="bbox 2169 5077 3757 5160">
    <p class='ocr_par' dir='ltr' id='par_1_105' title="bbox 2169 5077 3757 5160">
     <span class='ocr_line' id='line_1_109' title="bbox 2169 5077 3757 5160; baseline -0.009 -16"><span class='ocrx_word' id='word_1_717' title='bbox 2169 5089 2306 5160; x_wconf 84' lang='grc' dir='ltr'><strong>μηδέ</strong></span> <span class='ocrx_word' id='word_1_718' title='bbox 2355 5087 2683 5158; x_wconf 83' lang='grc' dir='ltr'>νομοθετῆτε</span> <span class='ocrx_word' id='word_1_719' title='bbox 2714 5087 2827 5148; x_wconf 80' lang='grc' dir='ltr'>τοῖς</span> <span class='ocrx_word' id='word_1_720' title='bbox 2863 5081 3205 5155; x_wconf 85' lang='grc' dir='ltr'>νομοθέταις.</span> <span class='ocrx_word' id='word_1_721' title='bbox 3253 5079 3326 5136; x_wconf 84' lang='grc' dir='ltr'><strong>Οὐ</strong></span> <span class='ocrx_word' id='word_1_722' title='bbox 3372 5077 3482 5148; x_wconf 82' lang='grc' dir='ltr'>γάρ</span> <span class='ocrx_word' id='word_1_723' title='bbox 3530 5079 3691 5131; x_wconf 80' lang='grc' dir='ltr'>ἐστιν</span> <span class='ocrx_word' id='word_1_724' title='bbox 3726 5079 3757 5128; x_wconf 82' lang='grc' dir='ltr'>ὁ</span> 
     </span>
    </p>
   </div>
   <div class='ocr_carea' id='block_1_106' title="bbox 2165 5172 3756 5249">
    <p class='ocr_par' dir='ltr' id='par_1_106' title="bbox 2165 5172 3756 5249">
     <span class='ocr_line' id='line_1_110' title="bbox 2165 5172 3756 5249; baseline -0.009 -11"><span class='ocrx_word' id='word_1_725' title='bbox 2165 5185 2298 5249; x_wconf 80' lang='grc' dir='ltr'>Θεὸς</span> <span class='ocrx_word' id='word_1_726' title='bbox 2343 5181 2754 5244; x_wconf 79' lang='grc' dir='ltr'>ἀκαταστασίας</span> <span class='ocrx_word' id='word_1_727' title='bbox 2796 5178 2893 5234; x_wconf 71' lang='grc' dir='ltr'>καὶ</span> <span class='ocrx_word' id='word_1_728' title='bbox 2933 5172 3188 5243; x_wconf 83' lang='grc' dir='ltr'>ἀταξίας,</span> <span class='ocrx_word' id='word_1_729' title='bbox 3219 5172 3335 5230; x_wconf 82' lang='grc' dir='ltr'>ἀλλ’</span> <span class='ocrx_word' id='word_1_730' title='bbox 3383 5172 3616 5243; x_wconf 73' lang='grc' dir='ltr'>είρήνης</span> <span class='ocrx_word' id='word_1_731' title='bbox 3657 5174 3756 5226; x_wconf 75' lang='grc' dir='ltr'>καὶ</span> 
     </span>
    </p>
   </div>
   <div class='ocr_carea' id='block_1_107' title="bbox 2164 5278 2392 5346">
    <p class='ocr_par' dir='ltr' id='par_1_107' title="bbox 2164 5278 2392 5346">
     <span class='ocr_line' id='line_1_111' title="bbox 2164 5278 2392 5346; baseline 0.004 -13"><span class='ocrx_word' id='word_1_732' title='bbox 2164 5278 2392 5346; x_wconf 78' lang='grc' dir='ltr'>τάξεως.</span> 
     </span>
    </p>
   </div>
   <div class='ocr_carea' id='block_1_108' title="bbox 2240 5363 3642 5446">
    <p class='ocr_par' dir='ltr' id='par_1_108' title="bbox 2240 5363 3642 5446">
     <span class='ocr_line' id='line_1_112' title="bbox 2240 5363 3642 5446; baseline -0.008 -17"><span class='ocrx_word' id='word_1_733' title='bbox 2240 5375 2351 5429; x_wconf 77' lang='grc' dir='ltr'><strong>Καὶ</strong></span> <span class='ocrx_word' id='word_1_734' title='bbox 2377 5372 2655 5446; x_wconf 79' lang='grc' dir='ltr'>ὀφθαλμὸς</span> <span class='ocrx_word' id='word_1_735' title='bbox 2685 5367 2974 5428; x_wconf 85' lang='grc' dir='ltr'>παιδευτοῦ</span> <span class='ocrx_word' id='word_1_736' title='bbox 3000 5365 3263 5422; x_wconf 87' lang='grc' dir='ltr'>σιωπῶσα</span> <span class='ocrx_word' id='word_1_737' title='bbox 3291 5363 3642 5422; x_wconf 71' lang='grc' dir='ltr'>διδασκαλία.</span> 
     </span>
    </p>
   </div>
   <div class='ocr_carea' id='block_1_109' title="bbox 2240 5458 3752 5539">
    <p class='ocr_par' dir='ltr' id='par_1_109' title="bbox 2240 5458 3752 5539">
     <span class='ocr_line' id='line_1_113' title="bbox 2240 5458 3752 5539; baseline -0.008 -16"><span class='ocrx_word' id='word_1_738' title='bbox 2240 5468 2408 5522; x_wconf 86' lang='grc' dir='ltr'>Ὅσον</span> <span class='ocrx_word' id='word_1_739' title='bbox 2452 5465 2782 5539; x_wconf 62' lang='grc' dir='ltr'>κρείττω-νή</span> <span class='ocrx_word' id='word_1_740' title='bbox 2826 5461 2972 5534; x_wconf 78' lang='grc' dir='ltr'>ψυχὴ</span> <span class='ocrx_word' id='word_1_741' title='bbox 3010 5461 3107 5516; x_wconf 80' lang='grc' dir='ltr'>τοῦ</span> <span class='ocrx_word' id='word_1_742' title='bbox 3171 5460 3445 5532; x_wconf 85' lang='grc' dir='ltr'>σώματος,</span> <span class='ocrx_word' id='word_1_743' title='bbox 3501 5458 3752 5530; x_wconf 77' lang='grc' dir='ltr'>τοσούτῳ</span> 
     </span>
    </p>
   </div>
   <div class='ocr_carea' id='block_1_110' title="bbox 2165 5552 3751 5634">
    <p class='ocr_par' dir='ltr' id='par_1_110' title="bbox 2165 5552 3751 5634">
     <span class='ocr_line' id='line_1_114' title="bbox 2165 5552 3751 5634; baseline -0.007 -17"><span class='ocrx_word' id='word_1_744' title='bbox 2165 5561 2498 5634; x_wconf 82' lang='grc' dir='ltr'>τιμιώτερος</span> <span class='ocrx_word' id='word_1_745' title='bbox 2555 5558 2663 5614; x_wconf 88' lang='grc' dir='ltr'><strong>τῶν</strong></span> <span class='ocrx_word' id='word_1_746' title='bbox 2712 5557 2783 5612; x_wconf 83' lang='grc' dir='ltr'>τὰ</span> <span class='ocrx_word' id='word_1_747' title='bbox 2825 5556 3054 5628; x_wconf 85' lang='grc' dir='ltr'>σώματα</span> <span class='ocrx_word' id='word_1_748' title='bbox 3106 5553 3527 5626; x_wconf 83' lang='grc' dir='ltr'>θεραπευόντων</span> <span class='ocrx_word' id='word_1_749' title='bbox 3562 5554 3593 5608; x_wconf 81' lang='grc' dir='ltr'><strong>ό</strong></span> <span class='ocrx_word' id='word_1_750' title='bbox 3645 5552 3751 5616; x_wconf 71' lang='grc' dir='ltr'><strong>τὰς</strong></span> 
     </span>
    </p>
   </div>
   <div class='ocr_carea' id='block_1_111' title="bbox 2165 5654 2686 5729">
    <p class='ocr_par' dir='ltr' id='par_1_111' title="bbox 2165 5654 2686 5729">
     <span class='ocr_line' id='line_1_115' title="bbox 2165 5654 2686 5729; baseline -0.004 -18"><span class='ocrx_word' id='word_1_751' title='bbox 2165 5656 2346 5729; x_wconf 76' lang='grc' dir='ltr'>ψυχὰς</span> <span class='ocrx_word' id='word_1_752' title='bbox 2373 5654 2686 5727; x_wconf 74' lang='grc' dir='ltr'>ἐξιώμενος.</span> 
     </span>
    </p>
   </div>
   <div class='ocr_carea' id='block_1_112' title="bbox 2240 5737 3746 5818">
    <p class='ocr_par' dir='ltr' id='par_1_112' title="bbox 2240 5737 3746 5818">
     <span class='ocr_line' id='line_1_116' title="bbox 2240 5737 3746 5818; baseline -0.013 -13"><span class='ocrx_word' id='word_1_753' title='bbox 2240 5749 2510 5806; x_wconf 84' lang='grc' dir='ltr'>Τοσοῦτον</span> <span class='ocrx_word' id='word_1_754' title='bbox 2543 5747 2817 5818; x_wconf 83' lang='grc' dir='ltr'>ἀνώτερον</span> <span class='ocrx_word' id='word_1_755' title='bbox 2858 5742 3136 5817; x_wconf 82' lang='grc' dir='ltr'>βασιλείας</span> <span class='ocrx_word' id='word_1_756' title='bbox 3171 5741 3408 5812; x_wconf 80' lang='grc' dir='ltr'>ἕστηκεν</span> <span class='ocrx_word' id='word_1_757' title='bbox 3447 5737 3746 5814; x_wconf 75' lang='grc' dir='ltr'>ιερωσὺνη,</span> 
     </span>
    </p>
   </div>
   <div class='ocr_carea' id='block_1_113' title="bbox 2168 5833 3300 5913">
    <p class='ocr_par' dir='ltr' id='par_1_113' title="bbox 2168 5833 3300 5913">
     <span class='ocr_line' id='line_1_117' title="bbox 2168 5833 3300 5913; baseline -0.006 -17"><span class='ocrx_word' id='word_1_758' title='bbox 2168 5845 2291 5897; x_wconf 83' lang='grc' dir='ltr'>ὅσον</span> <span class='ocrx_word' id='word_1_759' title='bbox 2327 5841 2636 5913; x_wconf 85' lang='grc' dir='ltr'>πνεύματος</span> <span class='ocrx_word' id='word_1_760' title='bbox 2663 5838 2757 5893; x_wconf 74' lang='grc' dir='ltr'>καὶ</span> <span class='ocrx_word' id='word_1_761' title='bbox 2788 5834 2990 5906; x_wconf 76' lang='grc' dir='ltr'>σαρκὸς</span> <span class='ocrx_word' id='word_1_762' title='bbox 3018 5834 3080 5890; x_wconf 79' lang='grc' dir='ltr'>τὸ</span> <span class='ocrx_word' id='word_1_763' title='bbox 3113 5833 3300 5906; x_wconf 82' lang='grc' dir='ltr'>μέσον.</span> 
     </span>
    </p>
   </div>
  </div>
