4014 6302
242 341 380 412 1545

1496 352 1737 415 SACRA
1770 351 1857 413 PA
1869 351 2236 412 RALLELA.

3378 352 3512 423 1546

304 462 380 515 Οὐ
414 461 522 531 γάρ
550 459 665 516 ἔστι
703 461 771 518 τὰ
796 461 909 518 τῶν
939 464 1130 537 ἱερέων
1171 464 1515 538 κρύπτεσθαι
1567 467 1802 521 ἐλαττὼ-

1986 458 2130 515 lbid.
2167 489 2233 501 -—
2268 457 2411 517 Fieri
2458 476 2567 517 non
2624 468 2807 533 potest
2859 470 2917 517 ut
2972 463 3323 520 sacerdotum
3379 468 3512 524 vitia

232 565 401 619 ματα,
436 553 571 609 ἀλλά
605 558 697 613 καὶ
722 556 793 613 ea
820 560 1160 631 σμικρότατα
1181 558 1395 630 ταχέως
1426 560 1705 634 κατάδηλα
1738 562 1816 631 yi-

216 641 393 687 νεται,

304 764 382 818 Οὐ
410 764 517 837 χρὴ
545 766 647 838 τὴν
680 764 896 821 σύνεσιν
921 766 1109 840 ἡλικίᾳ
1153 768 1380 841 κρίνειν,
1412 768 1533 824 οὐδὲ
1563 769 1654 824 τὸν
1679 787 1783 839 πρε
1802 800 1818 813 ~

236 854 439 927 σσύτην
469 857 575 912 ἀπὸ
618 859 719 930 τῆς
764 858 955 924 πολιᾶς
993 860 1333 933 δοκιμάζειν,
1377 862 1501 917 οὐδὲ
1548 863 1641 918 τὸν
1696 862 1816 917 νέον

233 946 454 1012 πάντως
488 948 775 1020 ἀπείργειν
803 950 900 1022 τῆς
921 951 1181 1023 τοιαύτης
1216 953 1519 1020 διακονίας,
1550 954 1690 1012 ἀλλά
1722 955 1816 1011 τὸν

232 1038 511 1113 νεόφυτον.
544 1040 685 1097 Πολὺ
705 1039 762 1095 δι
790 1042 1116 1115 ἀμφοτέρων
1142 1044 1203 1098 τὸ
1234 1044 1424 1117 μέσον.

301 1240 365 1294 Οί
398 1239 584 1296 πολλοὶ
629 1242 760 1298 ὅταν
806 1244 931 1300 me
980 1243 1133 1300 ίδωσι
1161 1246 1465 1321 χρημάτων
1497 1250 1811 1322 κρείττονα,

229 1332 433 1398 εὐθέως
458 1334 623 1390 αὐτὸν
646 1336 956 1409 ἐπιτήδειον
979 1335 1122 1394 εἶναι
1157 1340 1297 1410 πρὸς
1329 1342 1540 1415 ταύτην
1572 1345 1815 1417 ἀποφαι-

230 1443 410 1481 νονται
454 1429 787 1501 οἰκονομίαν.
834 1430 897 1486 ’0
934 1432 1180 1496 τοιοῦτος
1210 1432 1430 1507 λυμεὼν
1456 1437 1524 1492 ἂν
1558 1439 1645 1511 εἴη
1677 1457 1814 1514 προ-

229 1519 454 1592 στάτης,
484 1521 577 1576 κα¹ι
604 1521 768 1585 λύκος
788 1523 919 1585 ἀντὶ,
953 1526 1236 1594 ποιμένος.

295 1717 503 1791 Μηδεὶς
530 1718 669 1791 μήτε
700 1718 818 1775 νέον
858 1720 1142 1799 διαϐάλλῃ,
1175 1678 1314 1798 μήτε
1360 1728 1595 1800 γέροντα
1627 1730 1808 1801 ἐγκω-

1921 553 2158 608 obscura
2187 552 2330 619 sint;
2361 568 2553 608 verum
2580 562 2631 609 et
2662 553 2943 609 levissima
2976 569 3195 627 quoque
3223 557 3411 613 statim
3456 575 3511 614 tn

1921 654 2169 715 apertum
2195 643 2582 716 proferuntur.

1991 756 2181 827 Ejusd.
2208 788 2280 800 --
2306 759 2497 829 Neque
2530 758 2878 831 prudentiam
2910 768 3071 816 aetate
3100 761 3304 828 metiri,
3332 777 3514 835 neque

1918 865 2104 907 senem
2134 868 2203 909 ex
2230 853 2434 909 canitie
2475 854 2714 924 probare
2748 855 3031 923 convenit,
3065 872 3168 912 nec
3198 873 3399 913 rursus
3420 858 3514 927 ju-

1922 958 2110 1000 venem
2147 946 2216 1000 ab
2248 946 2636 1002 ecclesiastico
2667 947 2980 1004 ministerio
3036 948 3386 1015 submovere,
3416 951 3513 1005 sed

1917 1036 2277 1109 neaphytum.
2338 1036 2488 1095 lnter
2549 1052 2847 1113 utrumque
2909 1057 3077 1112 porro
3135 1043 3367 1098 multum
3427 1053 3513 1099 est

1916 1128 2281 1186 discriminis.

1987 1243 2186 1313 Ejusd.
2212 1276 2282 1288 —-
2302 1244 2459 1302 Multi
2495 1256 2626 1303 sunt
2650 1250 2743 1319 qui
2775 1250 2941 1306 simul
2970 1258 3137 1321 atque
3171 1252 3413 1323 aliquem
3441 1254 3508 1309 ab

1916 1338 2115 1407 opibus
2139 1338 2526 1397 abhorrentem
2551 1341 2811 1409 viderint,
2839 1345 3095 1416 protinus
3132 1363 3257 1403 eum
3284 1348 3354 1404 ad
3404 1350 3510 1404 lm-

1911 1431 2153 1502 jusmodi
2189 1448 2393 1490 munus
2428 1433 2744 1492 obeundum
2772 1437 3029 1495 idoneum
3054 1452 3306 1498 censent.
3341 1434 3509 1515 Atqui

1916 1524 2031 1580 ﬁeri
2087 1533 2267 1597 potest
2299 1535 2359 1583 ut
2405 1528 2453 1585 is
2502 1530 2772 1600 pestilens
2808 1532 3046 1588 antistes
3085 1533 3179 1603 sit,
3214 1548 3278 1590 ac
3323 1535 3505 1606 lupos,

1915 1629 2023 1669 non
2063 1622 2274 1686 pastor.

1986 1730 2265 1802 Ejusdem,
2318 1745 2457 1790 erat.
2510 1737 2534 1793 Ι
2587 1738 2641 1792 in
2693 1736 2849 1795 Ρδαί.
2880 1754 2931 1795 ι..
2974 1740 3182 1796 -—Nee
3239 1744 3503 1815 juvenem

228 1810 422 1884 μιάζῃ.
458 1810 594 1866 Οὔτε
620 1811 730 1885 γὰρ
764 1814 986 1885 amna:
1018 1818 1213 1891 ἀρετὴ,
1244 1818 1371 1875 οὔτε
1406 1822 1439 1895 ἡ
1473 1824 1665 1895 νεότης
1707 1843 1802 1882 κα·

1913 1825 2208 1897 quisquam
2241 1828 2589 1894 criminetur,
2643 1844 2747 1886 nec
2786 1846 2972 1887 senem
3004 1810 3263 1890 laudibus
3292 1834 3503 1892 eﬁerat.

225 1905 340 1959 κία.
369 1905 561 1961 Πολλοὶ⁸
589 1906 684 1962 καὶ
714 1909 772 1965 έν
794 1909 1011 1982 νεότητι
1052 1912 1372 1983 φιλοσοφίαν
1406 1916 1765 1984 ὑπεδείξαντο
1790 1937 1805 1954 ·

222 1996 413 2052 πολλοὶ
438 2001 534 2055 καὶ
567 2000 677 2074 γάρ
709 2002 768 2057 έν
794 2004 952 2075 γήρει
998 2004 1504 2081 ὑπεσκελίσθησαν.
1537 2012 1651 2067 Καὶ
1698 2012 1809 2088 γάρ

222 2089 274 2142 οἱ
304 2092 453 2161 τρεῖς
478 2092 665 2157 παῖδες
703 2094 762 2148 ιν
789 2095 859 2167 τῇ
892 2095 1109 2167 καμίνῳ
1156 2092 1322 2170 ἦσαν,
1374 2100 1470 2155 καὶ
1499 2099 1599 2175 τὴν
1630 2102 1809 2175 φλόγα

222 2184 414 2258 δρόσον
451 2188 778 2260 εἰργάσαντο
797 2204 811 2221 ⁸
858 2192 954 2245 καὶ
981 2193 1184 2268 Δανιὴλ
1234 2192 1578 2275 δωδεκαέτης
1608 2200 1707 2269 ὢν,
1730 2202 1809 2276 τῷ

222 2280 384 2356 δήμῳ
409 2282 488 2356 τῷ
523 2281 797 2357 Ἑϐραῖκῷ
830 2284 1126 2356 διελέγετο,
1158 2287 1255 2344 καὶ
1280 2291 1408 2356 τοὺς
1436 2291 1659 2361 λέοντας
1680 2297 1812 2370 πρό-

223 2372 365 2430 ϐατα
390 2374 649 2453 ἐποίησεν
669 2394 685 2411 ο
716 2378 779 2433 οὐ
806 2377 908 2452 τὴν
931 2379 1097 2451 φύσιν
1136 2382 1485 2454 μετασαλὼν,
1525 2385 1664 2442 ἀλλά
1706 2388 1807 2462 τὴν

224 2466 517 2541 θηριωδίαν
541 2472 724 2527 αὐτῶν
763 2476 830 2548 τῇ
865 2475 1049 2531 πίστει
1080 2476 1411 2550 χαλινώσας.
1448 2480 1558 2538 Καὶ
1592 2482 1808 2548 Παῦλος

223 2565 553 2640 γεγηρακὼς
604 2563 673 2643 ἦν
717 2570 812 2625 καὶ
862 2571 1299 2642 πεπολιωμένος,
1348 2572 1444 2629 καὶ
1503 2576 1810 2646 σκυλευτὴς

222 2660 413 2741 γέγονε
460 2660 573 2716 τῶν
628 2662 994 2735 Ἐκκλησιῶν.
1032 2665 1142 2719 Καὶ
1193 2667 1334 2737 μετά
1377 2668 1552 2723 ταῦτα
1581 2672 1644 2727 τὸ
1673 2672 1807 2745 βραο

222 2753 367 2810 διῖον
394 2750 492 2827 τῆς
537 2754 776 2821 πίστεως
819 2757 1095 2830 ἥρπασεν,
1138 2759 1233 2813 καὶ
1276 2759 1547 2832 πρόϐατον
1580 2762 1806 2834 γέγονεν

222 2844 583 2917 ἀγαθότητος,
617 2846 715 2902 xal
736 2847 937 2921 κήρυξ,
974 2848 1073 2903 καὶ
1103 2849 1425 2916 ἀπόστολος.
1462 2852 1555 2926 Μὴ
1584 2852 1678 2909 οὖν
1712 2856 1809 2912 τόν

221 2939 343 2995 νέον
370 2937 649 3005 διάϐαλλε,
674 2940 813 3013 μηδὲ
833 2941 924 2996 τὸν
943 2941 1299 3015 γεγηρακότα
1328 2944 1561 3000 ἐπαίνει.
1591 2946 1669 3001 Οὐ
1695 2946 1806 3023 γάρ

220 3035 279 3089 ιν
309 3034 375 3107 τῇ
402 3034 640 3107 διαφορᾷ
663 3036 762 3109 τῆς
791 3033 1012 3109 ἡλικίας
1039 3036 1214 3109 ἀρετὴ
1243 3037 1339 3092 καὶ
1364 3039 1556 3107 κακία,
1587 3040 1723 3097 ἀλλά
1746 3044 1803 3097 έν

219 3129 287 3200 τῇ
323 3128 554 3203 διαφορᾷ
580 3127 682 3201 τῆς
707 3129 958 3203 γνώμης.
988 3130 1110 3185 Κᾶν
1140 3127 1206 3206 ᾗς
1240 3131 1524 3205 νηφάλιος,
1552 3135 1707 3192 οὐδέν
1739 3153 1801 3191 σε

1910 1915 2103 1988 Neque
2143 1918 2293 1975 enim
2350 1920 2586 1976 canities
2616 1920 2795 1977 virtus
2824 1929 2933 1984 est,
2969 1936 3073 1979 nec
3116 1922 3384 1993 juventus
3422 1927 3505 1980 vi-

1913 2008 2071 2063 tium.
2125 2007 2280 2064 llulti
2321 2010 2486 2065 etiam
2542 2010 2605 2066 in
2633 2009 2868 2081 juvenili
2915 2020 3075 2069 aetate
3135 2014 3504 2086 philosophiae

1909 2100 2241 2158 documenta
2274 2103 2667 2175 praebuerunt;
2728 2105 2889 2161 multi
2942 2105 3137 2163 itidem
3179 2108 3237 2164 in
3273 2119 3501 2167 senecta

1909 2196 2153 2268 prolapsi
2212 2205 2366 2255 sunt.
2430 2197 2724 2255 Enimvero
2770 2210 2885 2257 tres
2948 2201 3101 2271 pueri
3160 2200 3217 2259 in
3273 2200 3502 2261 fornace

1908 2298 2088 2355 erant,
2120 2298 2175 2347 et
2202 2289 2475 2346 ﬁatntnam
2518 2292 2575 2347 in
2620 2306 2800 2349 rorem
2844 2304 3257 2352 converterunt.
3294 2296 3364 2352 Et
3392 2297 3503 2353 Da-

1909 2383 2019 2439 niel
2057 2384 2385 2441 duodecimo
2406 2387 2587 2442 aetatis
2617 2401 2765 2442 anno
2794 2387 2863 2443 ad
2898 2389 3161 2462 populum
3206 2388 3499 2448 Hebraeum

1910 2470 2231 2529 concionem
2269 2474 2534 2543 habebat;
2560 2478 2691 2546 quin
2720 2490 2771 2533 et
2800 2493 2865 2533 ex
2890 2478 3143 2537 leonibus
3176 2495 3308 2539 oves
3338 2482 3504 2541 facie-

1909 2564 2001 2621 bat
2037 2583 2051 2621 :
2090 2581 2197 2622 non
2228 2567 2449 2638 quidem
2487 2578 2683 2625 natura
2728 2585 2919 2627 eorum
2954 2580 3185 2651 mutata,
3236 2575 3334 2632 sed
3364 2575 3500 2634 feri-

1910 2664 2020 2712 tate
2044 2654 2199 2713 l'reno
2219 2657 2345 2714 ﬁdei
2369 2674 2709 2731 compressa.
2732 2660 2796 2716 Et
2824 2662 3031 2720 Paulus
3055 2652 3225 2727 senex
3248 2676 3303 2723 et
3322 2682 3500 2725 canus

1906 2764 2034 2806 cum
2100 2760 2280 2818 esset,
2342 2751 2621 2811 Ecclesiae
2676 2756 3089 2827 populabatur;
3143 2761 3497 2831 postmodum

1908 2856 2040 2897 vero
2064 2841 2187 2899 ﬁdei
2212 2842 2451 2916 palmam
2478 2845 2683 2916 rapuit,
2722 2856 2888 2920 atque
2915 2851 3037 2907 ovis
3071 2849 3237 2920 bona,
3267 2860 3321 2910 et
3357 2869 3499 2925 prae-

1906 2950 1994 3001 co,
2027 2943 2083 2992 et
2110 2938 2393 3009 apostolus
2425 2940 2658 2995 exstitit.
2684 2939 2816 3009 Qua:
2850 2958 2976 2999 cum
3004 2945 3078 3001 ita
3108 2946 3247 3015 sint,
3277 2963 3386 3006 nou
3414 2958 3500 3006 est

1907 3042 2009 3086 cur
2037 3030 2120 3087 vel
2162 3030 2420 3101 juvenem
2478 3035 2767 3107 suggilles,
2825 3038 2910 3094 vel
2958 3054 3145 3097 senem
3205 3041 3494 3113 praedices.

1904 3120 2097 3197 Neque
2123 3124 2270 3181 enim
2302 3126 2355 3181 in
2386 3128 2564 3186 aetatis
2616 3128 2925 3187 diﬁ‘erentia
2958 3133 3138 3192 virtus
3182 3142 3237 3192 et
3274 3136 3492 3203 vitium,

221 3220 561 3292 καταδλάψει
584 3221 644 3277 τὸ
678 3222 854 3295 ἄωρον
886 3226 985 3295 τῆς
1014 3223 1233 3297 ἡλικίας
1254 3241 1267 3257 ·
1302 3226 1407 3282 κᾶν
1428 3221 1495 3304 ᾖς
1528 3228 1795 3303 ῥᾴθυμος,

1912 3216 2000 3271 sed
2030 3217 2086 3273 in
2112 3220 2311 3275 mentis
2331 3218 2495 3294 514
2509 3229 2563 3276 et
2595 3236 2795 3280 sensus
2816 3223 3137 3283 discrimine
3160 3229 3494 3286 consistunt.

222 3314 375 3370 οὐδέν
413 3331 471 3369 σε
500 3314 771 3389 ὠφελήσει
812 3317 875 3372 τὺ
908 3317 1105 3392 γῆρας.
1156 3318 1327 3375 Πολιά
1355 3320 1465 3395 γάρ
1497 3323 1561 3377 οὐ
1617 3324 1804 3396 τρίχες

221 3410 433 3477 λευκαὶ,
482 3410 621 3466 ἀλλά
667 3410 849 3491 ψυχῆς
901 3412 1097 3485 ἀρετή.
1147 3406 1323 3477 Οὗτος
1365 3415 1545 3470 τοίνυν
1586 3415 1616 3469 ό
1638 3415 1804 3472 Δασιδ

222 3504 338 3571 νέος
363 3504 464 3572 ὢν,
493 3503 704 3579 ὧριμον
740 3506 835 3562 τὸν
873 3506 1083 3580 καρπὸν
1111 3507 1213 3578 τῆς
1258 3509 1464 3581 ἀρετῆς
1517 3510 1800 3583 ἐκέκτητο.

219 3591 426 3653 Ἦλθεν
457 3600 485 3653 ό
505 3596 759 3671 Σαμουὴλ
787 3598 926 3671 πρὸς
953 3597 1047 3654 τὸν
1090 3598 1311 3666 Ἰεσσαὶ,
1348 3600 1489 3673 ἔχων
1527 3600 1589 3655 τὸ
1608 3601 1800 3677 κέρας,

222 3693 353 3749 ῐνθα
372 3694 434 3748 ab
465 3693 646 3747 ἔλαιον
672 3687 743 3764 ἦν
774 3691 837 3746 τὸ
859 3692 1037 3762 ἅγιον.
1076 3694 1187 3748 Kal
1216 3693 1269 3747 τί
1309 3711 1510 3765 φησιν;
1545 3695 1801 3769 Ἐπεμψέ

224 3803 293 3859 με
330 3785 360 3839 ό
398 3785 532 3851 Θεὸς
568 3784 791 3857 ποιῆσαι
830 3784 1055 3857 βασιλέα
1098 3785 1209 3840 τῶν
1267 3785 1401 3839 υἱῶν
1440 3803 1533 3841 σου
1581 3787 1699 3844 ἕνα.
1741 3787 1802 3842 Ὀ

234 3880 434 3935 Ἰεσσαὶ
449 3880 692 3943 ἀκούσας
718 3878 967 3951 βασιλέα,
995 3880 1227 3951 νομίσας
1266 3879 1463 3953 έκείνφ
1494 3882 1801 3954 ἐπιτήδειον

221 3970 362 4030 εἶναι
398 3973 461 4029 τδ
485 3971 724 4046 ἀξίωμα,
766 3973 891 4044 ἄγει
917 3973 1009 4028 τὸν
1044 3974 1263 4045 πρῶτον
1289 3972 1425 4042 υἱὸν,
1450 3974 1546 4029 καί
1581 3991 1745 4047 φησιν
1771 3979 1799 4031 ό

220 4066 534 4140 προφήτης·
582 4066 807 4138 Πάραγε
851 4064 1035 4128 αὐτὸν,
1084 4067 1183 4119 οὐκ
1233 4065 1539 4137 ἠὐδόκησεν
1585 4067 1613 4119 ὁ
1667 4067 1801 4131 Θεὸς

220 4164 278 4215 ὲν
309 4158 480 4231 αὐτῷ.
526 4159 686 4229 ’Δγει
712 4158 804 4213 τὸν
827 4157 1085 4231 δεύτερον
1112 4174 1130 4191 ο
1171 4159 1294 4215 οὐδὲ
1332 4152 1511 4224 οὗτος.
1541 4159 1646 4214 Τὸν
1677 4160 1798 4233 τρίς

217 4272 313 4310 τον
340 4270 354 4285 ο
385 4254 507 4309 οὐδὲ
536 4248 721 4315 οὗτος·
754 4251 845 4307 τὸν
885 4252 1167 4325 τέταρτον,
1218 4252 1309 4307 τὸν
1355 4251 1627 4325 πέμπτον.
1679 4254 1799 4308 Ἀν·

222 4346 408 4421 ηλώθη
443 4346 474 4401 ὸ
501 4345 660 4419 χορὸς
700 4344 809 4399 τῶν
852 4345 1081 4410 παίδων,
1114 4345 1209 4400 καὶ
1253 4344 1282 4397 ό
1324 4343 1657 4417 ζητούμενος
1701 4347 1797 4418 οὐχ

217 4439 534 4512 ηὑρίσκετο.
590 4437 755 4506 Λέγει
793 4436 981 4508 αὐτῷ’
1028 4437 1214 4508 Ἔχεις
1258 4434 1459 4504 ἀλλονς
1491 4438 1735 4511 ᾐσχύνθη
1769 4440 1797 4492 ό

219 4534 405 4606 πατήρ
434 4549 449 4564 ο
485 4534 635 4604 Ἐχω
686 4532 805 4597 ἕνα,
858 4531 1043 4603 φησὶν,
1083 4530 1301 4603 μικρὸν,
1342 4530 1569 4602 εὐτελῆ’
1640 4530 1796 4602 βασι-

215 4626 314 4683 ὶέα
349 4628 552 4698 ζητεῖς,
605 4625 822 4699 μικρὸν,
863 4624 1076 4697 εὐτελῆ,
1131 4622 1387 4693 ποιμένα.
1446 4622 1790 4695 Ἄνθρωπος,

217 4720 510 4791 ἓξουθενεῖ,
538 4717 656 4774 ἀλλ’
683 4722 711 4773 ὁ
741 4716 877 4781 Θεὸς
912 4719 1186 4785 στεφανοῖ.
1212 4716 1297 4770 οὺ
1325 4713 1434 4787 γὰρ
1466 4714 1547 4782 ὡς
1578 4715 1791 4784 ὄψεται

216 4815 544 4884 ἅνθρωπος,
560 4812 770 4883 ὄψεται
793 4813 903 4867 Θεό
926 4833 955 4866 -.
979 4812 1321 4880 Ἄνθρωπος
1337 4811 1426 4876 είς
1444 4810 1791 4879 πρόσωπον,

217 4909 363 4977 Θεὸς
390 4908 458 4964 δὲ
483 4911 571 4976 εις
601 4906 880 4976 καρδίαν.
904 4906 996 4979 Mr)
1025 4904 1134 4976 γὰρ
1176 4903 1550 4976 πολυσαρκίαν
1599 4902 1793 4977 Critob-

217 5020 339 5075 μεν,
365 5001 544 5073 ψυχῆς
574 4998 852 5068 εὐγένειαν
886 4995 1286 5068 ἐπιθυμοῦμεν.

213 5099 319 5152 lem
372 5095 579 5159 habeo,
634 5094 810 5163 inquit
868 5107 881 5147 :

1904 3308 1983 3364 Ac
2014 3310 2264 3381 proinde,
2289 3327 2389 3368 nec
2427 3317 2473 3369 si
2506 3315 2728 3372 sobrius
2748 3326 2804 3373 et
2825 3318 3069 3388 prudens
3101 3320 3296 3388 literis,
3329 3321 3492 3393 quid~

1904 3421 2073 3478 quam
2114 3406 2214 3464 tibi
2260 3406 2574 3466 detrimenti
2618 3422 2952 3483 praematura
3004 3422 3140 3471 aetas
3197 3415 3489 3482 attulerit;

1906 3514 2007 3556 nec
2034 3500 2080 3557 si
2110 3501 2298 3573 segnis
2321 3501 2667 3575 ignavosque
2701 3505 2801 3572 sis,
2826 3507 3124 3580 quidquam
3154 3517 3207 3565 te
3232 3521 3490 3567 senectus

1900 3592 2134 3663 juvabit.
2171 3594 2443 3653 Senectus
2482 3598 2626 3654 enim
2655 3615 2765 3655 non
2795 3600 2846 3655 in
2888 3602 3121 3657 crinium
3152 3604 3375 3673 canitie,
3394 3606 3488 3662 sed

1904 3685 1959 3740 in
1995 3686 2164 3742 animi
2200 3687 2405 3743 virtute
2431 3689 2537 3744 sita
2580 3698 2683 3745 est.
2720 3689 2815 3747 Sic
2849 3692 3114 3747 nimirum
3150 3693 3337 3762 David,
3361 3710 3488 3753 cum

1904 3780 2086 3835 adhuc
2138 3778 2361 3853 juvenis
2421 3793 2596 3846 esset,
2665 3792 2942 3840 maturum
2992 3786 3215 3841 virtutis
3247 3786 3488 3845 fructum

1905 3874 2238 3946 possidebat.
2280 3875 2443 3932 Venit
2482 3891 2647 3948 porro
2694 3876 2917 3934 Samuel
2970 3880 3037 3934 ad
3088 3878 3263 3945 Jesse,
3312 3897 3487 3938 cornu

1903 3977 2146 4041 gestans,
2178 3968 2234 4025 in
2261 3986 2372 4041 quo
2410 3983 2663 4027 sanetum
2692 3982 2841 4029 esset
2888 3973 3094 4030 oleum.
3124 3973 3190 4029 Et
3214 3974 3345 4046 quid
3371 3976 3491 4033 ait?

1904 4063 2057 4120 Misit
2086 4080 2173 4120 me
2218 4064 2364 4120 Deus
2402 4074 2461 4119 ut
2498 4082 2666 4121 unum
2699 4080 2728 4121 e
2761 4067 2873 4122 tuis
2911 4068 3037 4122 ﬁliis
3076 4083 3258 4140 regem
3290 4068 3485 4125 faciam
3546 4132 3555 4141 _

1903 4154 2029 4227 (cir.
2057 4156 2081 4212 ι
2111 4155 2235 4227 Reg.
2264 4158 2395 4223 xvi).
2428 4157 2631 4212 Audito
2653 4157 2809 4213 Jesse
2839 4158 2982 4229 regis
3025 4158 3265 4227 nomine,
3302 4160 3474 4215 lilium

1904 4260 2032 4304 natu
2065 4249 2361 4303 maximum
2410 4248 2652 4309 adducit,
2699 4249 3000 4304 arbitratus
3032 4265 3157 4305 eum
3195 4250 3260 4304 ad
3296 4248 3486 4321 hujus-

1903 4340 2049 4395 modi
2102 4338 2424 4410 dignitatem
2486 4338 2749 4394 idoneum
2782 4354 2926 4395 esse.
2990 4338 3270 4410 Propheta
3306 4356 3483 4398 vero:

1904 4433 2112 4488 Antove
2166 4431 2352 4499 hunc;
2416 4448 2528 4491 non
2594 4446 2854 4509 acceptus
2914 4445 2999 4494 est
3068 4437 3319 4493 Domino.
3372 4438 3483 4493 Ad-

1905 4524 2059 4580 ducit
2098 4525 2190 4581 ille
2241 4526 2584 4597 secundum;
2621 4539 2677 4585 at
2726 4546 2826 4587 nec
2857 4531 2962 4587 iste
3006 4530 3195 4587 etiam.
3237 4531 3484 4587 Tertium

1901 4618 2146 4684 adducit,
2180 4620 2358 4676 necis
2389 4638 2606 4693 quoque
2645 4634 2799 4691 erat;
2849 4633 2965 4678 tum
3005 4634 3286 4694 quartum,
3328 4625 3487 4695 quin-

1899 4720 2043 4778 tum;
2068 4710 2292 4783 jamque
2324 4712 2562 4769 ﬁliorum
2595 4716 2799 4772 chorus
2830 4725 3196 4787 consumptus
3221 4724 3363 4783 erat,
3384 4733 3486 4772 nec

1898 4809 2079 4858 tamen
2118 4804 2502 4862 inveniebatur
2533 4808 2624 4863 ille
2656 4809 2751 4881 qui
2795 4812 3169 4881 quaerebatur.
3205 4810 3345 4865 Dixit
3381 4812 3481 4865 ita-

1897 4911 2004 4966 que
2060 4894 2282 4954 Samuel
2335 4917 2351 4954 :
2395 4898 2669 4956 Nullusne
2729 4910 2989 4972 praeterea
3032 4901 3129 4956 tibi
3186 4900 3332 4956 ﬁlius
3363 4901 3483 4956 est?

1893 4987 2110 5045 Pudore
2169 4990 2415 5047 suﬁ‘usus
2470 5003 2621 5063 pater
2656 5012 2669 5049 :
2704 4991 2881 5050 Unuzn
2947 4994 3237 5065 parvulum
3297 5003 3352 5050 et
3399 4994 3479 5048 vi-

935 5106 1124 5147 verum
1187 5104 1368 5162 regem
1426 5088 1652 5161 quaeris,
1706 5087 1752 5144 is
1808 5094 1989 5141 autem
2051 5085 2177 5142 vilis
2242 5097 2325 5143 est
2380 5089 2569 5158 opilio.
2627 5089 2802 5143 Homo
2852 5090 3161 5160 vilipendit,
3215 5097 3271 5143 at
3334 5089 3475 5144 Deus

210 5200 461 5249 coronat.
494 5188 618 5244 Non
645 5189 784 5245 enim
812 5196 867 5240 ut
922 5185 1055 5241 videt
1112 5184 1286 5251 homo,
1315 5185 1394 5240 sic
1434 5186 1572 5240 videt
1616 5182 1779 5238 Deus.
1812 5180 1981 5237 Homo
2022 5182 2209 5253 quippe
2242 5181 2379 5238 videt
2416 5184 2470 5237 in
2528 5183 2765 5252 faciem:
2808 5182 2947 5237 Deus
3016 5192 3192 5238 autem
3231 5185 3469 5236 intuetur

211 5306 305 5346 cor
340 5286 393 5360 (I
426 5286 555 5357 Reg.
585 5300 699 5357 xvt,
730 5285 807 5354 Ἰ).
852 5279 974 5338 Non
1018 5279 1165 5337 enim
1232 5278 1557 5335 obesitatem
1613 5276 1934 5348 quaerimus,
1989 5277 2084 5333 scd
2114 5275 2282 5330 animi
2316 5275 2498 5347 potius
2524 5276 2893 5332 nobilitatem.

285 5408 475 5463 Βούλει
504 5405 717 5479 μαθεῖν,
772 5405 871 5474 ὅση
900 5400 1009 5457 τῶν
1046 5398 1234 5471 ἱερέων
1272 5396 1476 5469 ὲστὶνή
1510 5396 1742 5468 δύναμις
1770 5413 1785 5463 ;

222 5503 505 5573 Ἐννόησον
567 5501 630 5554 τὸ
689 5498 994 5570 βάπτισμα,
1047 5494 1156 5551 τῶν
1225 5490 1645 5564 ἁμαρτημάτων
1690 5490 1790 5561 τὴν

208 5596 425 5667 ἄφεσιν,
450 5591 549 5666 τὴν
578 5590 871 5655 υἱοθεσίαν,
906 5588 978 5641 τά
1022 5584 1194 5659 μυρία
1242 5582 1445 5653 ἀγαθὰ,
1484 5581 1519 5637 ἃ
1554 5583 1641 5636 διά
1688 5584 1788 5656 τῆς

208 5688 507 5751 ἐπιθέσεως
534 5685 643 5739 τῶν
666 5683 868 5757 χειρῶν
896 5683 1105 5737 τούτων
1128 5697 1214 5734 σοι
1248 5677 1641 5750 παραγίνεται,
1694 5677 1787 5731 καὶ

208 5782 297 5840 διὰ
330 5781 429 5851 τῆς
451 5778 792 5848 ἐπικλήσεως
821 5777 920 5848 τῆς
950 5774 1057 5830 ὑπὸ
1093 5772 1304 5829 τούτων
1334 5788 1419 5824 σοι
1465 5770 1783 5842 γινομένης.

223 5875 362 5935 Ἀλλ’
419 5872 606 5945 ἐπειδὴ
650 5871 911 5945 ῥᾳθύμως
962 5871 1143 5934 αὐτοῖς
1207 5864 1649 5941 προσερχόμεθα,
1692 5867 1786 5922 καὶ

492 5975 757 6035 Pn‘noL
794 5970 913 6031 Gn.
934 5966 1112 6031 XCV.

1973 5398 2167 5470 Ejusd.
2194 5430 2264 5442 --
2298 5396 2391 5454 Vis
2423 5398 2569 5455 seire
2604 5406 2811 5471 quanta
2848 5397 3202 5454 sacerdotum
3241 5396 3481 5466 potentia

1897 5493 2006 5549 sit?
2032 5492 2369 5564 Baptismttm
2410 5493 2640 5564 inspice,
2690 5502 3039 5563 peccatorum
3076 5490 3481 5552 remissionem,

1896 5586 2270 5656 adoptionem,
2299 5593 2558 5641 sexcenta
2595 5584 2831 5655 denique
2858 5584 3001 5640 bona
3030 5598 3153 5653 qua:
3175 5597 3269 5652 per
3301 5580 3481 5651 impo-

1895 5681 2152 5736 sitionem
2198 5694 2455 5733 manuum
2505 5679 2774 5750 ipsorum,
2825 5690 2881 5737 et
2922 5696 3021 5752 per
3079 5676 3479 5733 invocationem

1894 5788 2059 5845 quam
2093 5780 2183 5829 tua
2219 5786 2385 5827 causa
2446 5770 2681 5838 faciunt,
2715 5772 2813 5829 tibi
2864 5776 3221 5845 contingunt:
3248 5770 3317 5826 At
3352 5768 3483 5840 quia

1899 5866 2240 5940 negligenter
2274 5865 2341 5922 ad
2377 5864 2547 5939 ipsos,
2577 5866 2881 5938 ignavoque
2910 5878 2964 5923 et
3006 5864 3259 5940 languido
3297 5862 3480 5920 animo

2940 5958 3007 6023 49
