4014 6302
515 294 651 366 1567

1673 298 1735 360 S.
1775 296 2094 361 JOANNIS
2133 295 2565 362 DAMASCENI

3649 299 3782 369 1548

510 413 854 484 accedimus,
899 421 1190 490 propterea
1241 413 1350 470 vita
1391 419 1578 472 nostra
1623 411 1874 470 funditus
1903 427 2080 484 eversa

2195 412 2533 487 ὴμελημένφ
2569 413 2838 488 λογισμῷ,
2882 404 2976 470 ’διΞι
3013 413 3169 470 τοῦτο
3207 413 3359 476 ἀπας
3392 415 3418 469 ό
3445 413 3565 487 βίος
3617 418 3778 492 ἠρῶ,

508 515 614 564 est.
1700 545 1702 547 .

584 598 777 675 Emi.
806 607 952 659 erat.
974 600 1032 657 in
1064 599 1357 657 discessum
1390 602 1553 672 epist.
1579 629 1654 642 ο-
1680 596 1738 655 Si
1775 598 2088 672 patriarcha

502 692 702 762 Iacob,
729 709 856 752 cum
880 695 1135 768 gregibus
1169 705 1451 768 praeesset,
1489 701 1544 752 et
1590 692 1830 767 pecudes
1855 693 2089 750 rationis

501 795 758 859 expertes
773 796 1048 860 pasceret,
1074 804 1138 845 ac
1165 787 1366 845 rationi
1391 786 1687 845 reddendae
1709 785 1921 845 homini
1946 787 2088 844 duu-

503 888 660 939 tasat
712 880 991 940 obnoxius
1045 890 1234 950 esset,
1297 890 1494 940 noctes
1552 889 1739 938 tamen
1801 881 2086 939 insomnes

502 973 864 1047 transigebat,
891 982 1172 1048 astusque
1191 981 1254 1045 et
1276 973 1516 1046 algores,
1540 981 1597 1030 et
1620 988 1814 1030 omnes
1840 973 1964 1031 cmli
1997 973 2086 1028 in-

499 1066 678 1139 jurias
707 1060 938 1139 ferebat,
961 1084 1030 1126 ne
1055 1068 1188 1141 quid
1221 1067 1328 1126 sibi
1351 1083 1422 1125 ex
1451 1065 1563 1124 illis
1592 1067 1798 1140 periret
1824 1086 1840 1126 :
1874 1074 2086 1140 quanto

502 1165 678 1236 magis
708 1178 827 1232 nos,
851 1164 942 1236 qui
993 1180 1103 1220 non
1128 1162 1332 1230 brutis,
1363 1162 1458 1219 sed
1485 1160 1865 1234 spiritualibus
1887 1161 2086 1219 ovibus

499 1256 851 1327 patiemur,
883 1273 986 1315 nec
1016 1255 1358 1324 hominibus,
1385 1255 1477 1313 sed
1513 1253 1625 1311 Deo
1659 1254 1929 1310 rationem
1955 1252 2085 1311 red-

497 1349 734 1408 dendam
768 1351 1065 1418 habemus,
1119 1349 1260 1407 nihil
1306 1349 1538 1406 omnino
1581 1348 1733 1422 quod
1785 1347 1853 1404 ad
1903 1346 2085 1420 gregis

499 1446 795 1504 utilitatem
824 1445 1096 1510 conferat,
1121 1443 1385 1516 defugere
1410 1458 1477 1500 ac
1496 1457 1759 1498 recusare
1776 1441 2039 1500 debemus
2065 1457 2081 1496 :

498 1543 592 1600 sed
645 1557 758 1615 quo
810 1555 944 1614 grex
994 1539 1101 1596 iste
1150 1538 1247 1595 illo
1295 1537 1496 1596 melior
1553 1541 1671 1603 est,
1719 1542 1774 1591 et
1830 1533 2082 1589 homines

497 1635 700 1701 brutis.
731 1648 796 1690 ac
827 1630 972 1689 Deus
1015 1628 1356 1696 hominibus,
1407 1628 1513 1684 hoc
1555 1642 1776 1700 quoque
1825 1627 2002 1695 majus
2028 1632 2084 1680 et

499 1727 878 1784 vehementius
934 1725 1176 1783 studium
1244 1731 1410 1796 atque
1461 1721 1799 1778 alacritatem
1861 1723 2082 1790 oportet

497 1822 775 1878 adbibere.

567 1913 711 1974 Ibid.
743 1946 815 1956 —
860 1910 1138 1985 Ejusmodi
1197 1916 1517 1966 sanctorum
1577 1905 1823 1962 virorum
1863 1903 2080 1963 viscera

487 2017 647 2075 sunt,
683 2008 964 2080 animique
1003 2005 1059 2061 in
1111 2005 1251 2061 ﬁlios
1301 1996 1622 2074 propensio,
1669 2006 1730 2054 ut
1764 2013 1890 2054 cum
1945 1997 2082 2070 ipsis

489 2105 635 2157 mori
673 2099 895 2167 dulcius
943 2112 1072 2156 esse
1130 2096 1390 2163 habeant,
1430 2109 1593 2166 quam
1649 2091 1768 2149 sine
1826 2089 1962 2164 ipsis
2001 2089 2083 2146 vi-

493 2211 644 2254 vere.

565 2290 740 2363 Ignat.
769 2301 836 2344 ετ
859 2288 1016 2358 epist.
1053 2284 1122 2341 ad
1149 2283 1369 2356 Smyrn.
1394 2312 1466 2325 -
1500 2280 1711 2338 Omnes
1759 2281 2078 2352 episcopum

495 2383 816 2458 sequimini.
835 2392 894 2439 ut
916 2379 1076 2438 Jesus
1094 2378 1350 2437 Christus
1373 2376 1620 2446 Patrem;
1647 2371 2076 2448 presbyterium,

496 2489 555 2534 ut
598 2477 924 2551 apostolos;
973 2474 1242 2531 diaconos
1294 2478 1476 2527 autem
1512 2467 1838 2526 revertimini
1872 2476 1930 2523 ut
1984 2464 2079 2521 Dei

495 2571 816 2630 mandatum
852 2567 1114 2626 ferentes.
1161 2562 1360 2621 Nullus
1399 2561 1520 2620 siue
1558 2561 1818 2634 episcopo
1869 2556 2078 2630 aliquid

495 2671 758 2737 operetur
774 2675 968 2718 eorum
997 2673 1120 2731 quae
1153 2654 1490 2714 conveniunt
1513 2652 1791 2710 Ecclesiae.
1820 2649 1892 2706 Ea
1923 2648 2080 2708 ﬁrma

495 2757 846 2820 Eucharistia
893 2762 1188 2812 censeatur
1233 2763 1359 2822 quae
1386 2748 1458 2804 ab
1517 2745 1798 2818 episcopis
1831 2744 1911 2799 tit.
1972 2740 2076 2798 Ubi

495 2851 788 2922 episcopus
819 2849 1156 2918 apparuerit,
1195 2843 1313 2902 illic
1345 2850 1401 2899 et
1431 2841 1589 2914 plebs
1611 2841 1701 2909 sit,
1721 2836 2082 2912 quemadmo-

496 2931 624 3000 dum
668 2943 762 2999 ubi
812 2941 1072 3018 Christus
1100 2946 1206 3004 est,
1254 2936 1369 2993 illic
1402 2941 1458 2990 et
1512 2931 1754 2989 Ecclesia
1785 2928 2077 2986 catholica.

496 3038 619 3094 Non
664 3044 752 3096 est
807 3033 1020 3090 licitum
1067 3031 1187 3090 sine
1232 3028 1499 3103 episcopo
1533 3039 1711 3097 neque
1772 3021 2075 3094 baptizare,

495 3144 675 3204 neque
716 3143 925 3201 agapen
977 3125 1159 3181 facere
1192 3141 1209 3181 :
1244 3120 1342 3179 sed
1376 3119 1519 3194 quod
1567 3118 1762 3189 utique
1799 3117 1917 3188 ipse
1948 3129 2076 3187 pro-

496 3175 891 3289 ba:erit,ohoc
917 3227 1004 3276 est
1034 3205 1164 3273 Deo.
1196 3175 1626 3288 beneplacitum.
1671 3175 1787 3278 .Qui
1820 3175 2076 3263 'hon'orat
2103 3175 2146 3234 θ

493 3317 840 3391 episcopum,
861 3329 894 3369 a
919 3312 1030 3370 Deo
1057 3311 1360 3366 honoratus
1384 3315 1506 3375 est;
1529 3304 1625 3377 qui
1656 3304 1801 3360 clam
1817 3301 2076 3373 episcOpo

496 3409 704 3483 aliquid
732 3406 886 3477 facit,
927 3403 1149 3461 diabolo
1177 3409 1399 3474 praestat
1419 3397 1766 3470 obsequium.

566 3503 730 3577 διδ
769 3499 964 3573 Ejud.
990 3498 1149 3570 epist.
1185 3495 1255 3550 ad
1283 3491 1571 3565 Polycarp.
1608 3487 1825 3563 Smyrn.
1850 3519 1920 3530 —-
1946 3490 2077 3544 Om-

496 3617 599 3659 nes
623 3605 887 3670 supporta
909 3635 924 3662 ,
949 3591 1228 3666 quomodo
1253 3600 1306 3651 et
1336 3599 1390 3647 te
1417 3588 1704 3645 Dominus.
1732 3587 1936 3643 Omnes
1960 3583 2078 3642 sui-

497 3696 580 3751 l'er
609 3695 666 3752 in
697 3690 994 3750 dilectione
1024 3707 1040 3743 :
1074 3685 1427 3743 orationibus
1468 3681 1710 3739 assiduis
1738 3694 1894 3736 vaca.
1943 3682 2074 3735 Am-

497 3789 726 3861 piiorem
751 3800 916 3859 quam
939 3781 1147 3839 habeas
1171 3776 1588 3851 intelligentiam
1611 3774 1852 3847 postula.
1873 3772 2073 3846 Vigila,

494 3883 720 3940 oculum
755 3893 865 3936 non
895 3875 1264 3934 dormientem
1298 3869 1614 3943 possidens.

568 3974 762 4048 Ejusd.
783 4003 852 4017 ——
869 3969 1127 4028 Omnium
1150 3964 1508 4039 aegritudines
1535 3967 1690 4034 porta
1712 4001 1728 4024 ,
1752 3960 1922 4017 veluti
1953 3973 2076 4030 per-

497 4074 676 4129 fectus
709 4067 936 4124 athleta.
960 4063 1067 4122 Ubi
1101 4061 1278 4133 major
1307 4060 1478 4116 fuerit
1507 4057 1684 4122 labor,
1714 4055 1790 4111 ibi
1819 4064 1873 4110 et
1899 4053 2074 4126 majus

500 4166 713 4221 lucrum
745 4171 852 4219 est.
893 4159 1078 4216 Bonos
1109 4153 1416 4228 discipulos
1461 4152 1511 4210 si
1559 4152 1792 4222 diligas,
1845 4163 1957 4205 non
1992 4157 2076 4203 est

490 4260 598 4319 tibi
631 4259 810 4330 gratia
837 4275 853 4325 ;
882 4255 1057 4327 magis
1089 4251 1174 4306 fac
1203 4259 1262 4305 ut
1289 4247 1740 4305 contumaciores
1765 4244 1819 4300 iu
1849 4243 2074 4300 lenitate

497 4353 789 4428 subjicias.
822 4348 937 4405 Non
974 4362 1138 4404 omne
1180 4345 1375 4400 vulnus
1406 4341 1598 4399 eodem
1639 4341 1942 4412 emplastro
1975 4352 2076 4395 cu-

492 4460 678 4507 ratur.
733 4442 1040 4504 Acredines
1092 4438 1514 4513 perfusionibus
1566 4436 1721 4493 sede.
1775 4432 2074 4507 Propterea

2191 507 2617 581 ἀνατέτραπται.

2261 600 2323 656 Ei
2354 603 2385 657 6
2415 601 2762 676 πατριάρχης
2825 600 3020 656 Ἰακὼϐ
3075 601 3414 677 θρεμμάτων
3464 600 3775 676 προεστὼς,

2191 695 2442 770 πρόϐατα
2466 695 2638 768 ἄλογα
2667 695 2902 768 βόσκων,
2938 696 3039 751 καὶ
3066 694 3344 772 ἀνθρώπῳ
3371 694 3583 770 μέλλων
3611 695 3777 750 εὐθύς

2187 809 2286 858 νας
2309 791 2534 857 διδόναι,
2573 788 2670 847 καὶ
2700 789 2902 854 νύκτας
2922 771 3470 864 ἀΰπνουςδιὴνυσεν.
3509 791 3605 846 καὶ
3635 789 3776 845 καύ-
3812 771 3814 776 ’

2191 902 2364 959 ματα,
2389 884 2487 940 καὶ
2515 883 2705 959 κρύος,
2738 884 2834 940 καὶ
2861 885 3046 941 πᾶσαν
3075 884 3257 959 ἀέρων
3296 884 3621 957 ἀνωμαλίαν
3648 883 3777 954 ἐφε-

2189 997 2306 1054 ρεν,
2348 980 2490 1037 ὥστε
2555 977 2724 1054 μηδὲν
2783 975 3198 1051 παραπολέσθαι
3259 977 3371 1034 τῶν
3432 977 3782 1053 θρεμμάτων

2190 1072 2438 1141 ἐκείνων,
2497 1071 2680 1145 πολλῷ
2707 1069 2910 1143 μᾶλλον
2940 1072 3093 1145 ἡμᾶς
3126 1070 3252 1138 τοὺς
3283 1071 3385 1125 οὐκ
3413 1069 3640 1141 ἀλόγοις
3678 1072 3780 1142 ιφ-

2189 1164 2455 1232 εστῶτας,
2489 1163 2629 1220 ἀλλά
2653 1163 3048 1236 πνευματικοῖς
3075 1159 3391 1235 προϐάτοις,
3419 1163 3516 1218 καὶ
3548 1162 3656 1217 οὐκ
3686 1148 3804 1217 av.‘

2189 1261 2448 1337 θρώποις,
2483 1261 2622 1318 ἀλλά
2651 1261 2729 1334 τῷ
2761 1259 2883 1334 Θεῷ
2918 1258 3218 1334 μέλλοντας
3248 1260 3350 1324 τάς
3375 1259 3607 1324 εὐθύνας
3638 1255 3779 1313 διδιό⁴

2187 1376 2299 1427 ναι,
2329 1357 2467 1432 πρὸς
2493 1357 2646 1416 οὐδὲν
2675 1359 2856 1412 ὀκνεῖν
2904 1357 3001 1412 καὶ
3030 1354 3362 1412 ἀναδύεσθαι
3383 1353 3490 1426 χρὴ
3539 1352 3653 1408 τῶν
3681 1351 3777 1407 δυο

2188 1452 2440 1526 νομένων
2487 1450 2768 1524 ὠφελῆσαι
2825 1449 2895 1507 τά
2930 1448 3160 1522 ποίμνια
3183 1464 3200 1478 ο
3235 1448 3352 1503 ἀλλ’
3389 1449 3516 1503 ὅσον
3543 1444 3777 1518 βελτίων

2187 1549 2324 1620 α’ύτη
2354 1548 2391 1618 ἡ
2422 1546 2626 1618 ποίμνη
2679 1544 2918 1616 ἐκείνης,
2965 1542 3062 1598 καὶ
3088 1541 3304 1612 ἀλόγων
3329 1540 3640 1613 ἀνθρωττοι,
3677 1538 3778 1593 καὶ

2187 1638 2491 1714 ἀνθρώπων
2524 1638 2677 1704 Θεὸς,
2702 1637 2846 1693 οὕτω
2865 1638 2960 1692 καὶ
2989 1636 3139 1709 ἡμᾶς
3160 1633 3351 1700 πλείω,
3386 1633 3481 1689 καὶ
3541 1631 3776 1704 σφοδρο-

2186 1734 2352 1807 τέραν
2406 1731 2506 1802 τὴν
2545 1729 2781 1805 σπουδὴν
2823 1727 2919 1784 καὶ
2963 1727 3064 1802 τὴν
3117 1725 3436 1800 προθυμίαν
3457 1724 3776 1780 ἐπιδείκνυ-

2116 1806 2156 1863 Β
2185 1806 2310 1883 σθαι
2341 1827 2471 1900 χρή.

2251 1920 2489 1976 Τοιαῦτα
2517 1917 2628 1975 τῶν
2652 1917 2826 1990 ἁγίων
2845 1915 2916 1971 τὰ
2943 1913 3252 1987 σπλάγχνα,
3283 1909 3473 1986 [ὥστε]
3504 1911 3603 1966 τὸν
3631 1910 3777 1984 μετά

2180 2017 2292 2075 τῶν
2315 2015 2524 2073 τέκνων
2545 2015 2776 2072 θάνατον
2803 2012 2903 2086 τῆς
2927 2011 3099 2086 χωρὶς
3141 2009 3324 2065 αὐτῶν
3367 2007 3516 2081 ζωῆς
3559 2005 3774 2076 γλυκύ-

2180 2128 2337 2183 τερον
2369 2109 2610 2184 νομίζειν

2252 2293 2461 2358 Πάντες
2486 2289 2565 2364 τῷ
2585 2291 2873 2360 ἐπισκόπῳ
2887 2286 3253 2356 ἀκολουθεῖτε,
3282 2285 3358 2352 ὡς
3395 2286 3601 2359 Ἰησοῦς
3632 2288 3775 2362 Χρι-

2182 2388 2305 2454 στὸς
2337 2387 2416 2460 τῷ
2467 2384 2663 2458 Πατρὶ,
2704 2383 2802 2440 καὶ
2846 2383 2926 2457 τῷ
2951 2380 3335 2458 πρεσϐυτερίῳ
3366 2380 3444 2446 ὡς
3474 2383 3588 2446 eoi;
3623 2383 3774 2436 ἀπο-

2182 2480 2424 2545 στόλοις·
2463 2481 2590 2544 τοὺς
2631 2478 2692 2533 δὲ
2751 2478 3033 2543 διακόνους
3080 2475 3441 2545 ὲντρέπεσθε,
3492 2475 3572 2541 ὡς
3621 2474 3774 2530 Θεοῦ

2180 2565 2405 2646 ἐντολὴν
2446 2571 2852 2638 διακονοῦντας.
2885 2570 3096 2643 Μηδεὶς
3136 2570 3308 2645 χωρὶς
3359 2570 3674 2625 ἐπισκόπου
3719 2587 3779 2624 τι

2179 2666 2476 2739 πρασσέτω
2525 2664 2634 2719 τῶν
2702 2662 3017 2738 ἀνηκόντων
3085 2663 3169 2728 είς
3233 2662 3334 2736 τὴν
3407 2660 3776 2734 Ἐκκλησίαν.

2193 2759 2405 2830 Ἐκείνη
2455 2757 2651 2833 βεϐαία
2701 2757 3025 2831 εὐχαριστία
3075 2755 3338 2829 ἡγείσθω,
3401 2757 3438 2828 ἡ
3497 2754 3609 2810 inab
3661 2752 3777 2808 τῶν

2180 2853 2495 2908 ἐπισκόπων
2534 2851 2688 2908 οὖσα.
2737 2851 2916 2906 Ὅπου
2956 2849 3023 2908 ἀν
3049 2850 3193 2921 φανῇ
3220 2852 3248 2905 δ
3273 2849 3598 2914 ιπίσκοπος,
3650 2850 3775 2904 tu!

2176 2944 2238 2999 τὸ
2265 2943 2471 3017 πλῆθος
2511 2943 2646 3016 ἤτω,
2681 2940 2873 3014 ὥσπερ
2923 2943 3060 2996 ὅπου
3107 2939 3176 2996 ἃν
3205 2943 3235 2996 δ
3271 2939 3533 3014 Χριστὸς,
3575 2941 3712 2994 ἐκεῖ
3739 2941 3774 3010 η

2178 3037 2442 3110 καθολικὴ
2476 3035 2794 3109 Ἐκκλησία.
2828 3035 2942 3090 Οὐκ
2969 3031 3094 3102 ὲξόν
3116 3037 3235 3091 ἑστι
3282 3035 3453 3109 χωρὶς
3490 3033 3588 3090 τοῦ
3638 3036 3775 3090 lm-

2183 3135 2391 3190 σκόπου
2424 3132 2550 3190 οὗτε
2606 3130 2913 3205 βαπτίζειν,
2942 3131 3069 3187 οὔτε
3115 3131 3342 3205 ἀγάπην
3380 3133 3587 3187 ποιεῖν’
3648 3133 3780 3188 ἀλλ’

2178 3229 2208 3283 ὃ
2243 3231 2311 3287 ἂν
2340 3231 2551 3296 ἐκεῖνος
2579 3229 2874 3302 δοκιμάσῃ,
2901 3227 3062 3284 τοῦτο
3078 3226 3161 3301 τῷ
3185 3224 3307 3300 Θεῷ
3341 3227 3674 3300 εὐάρεστον.
3714 3225 3778 3283 ὐ

2177 3324 2354 3396 τιμῶν
2405 3323 2733 3389 ἐπίσκοπον,
2773 3323 2882 3377 ὑπὸ
2934 3321 3073 3378 Θεοῦ
3121 3322 3456 3396 τετίμηται*
3495 3322 3529 3376 ἀ
3583 3320 3775 3394 λάθρα

2177 3417 2482 3472 ἐπισκόπου
2513 3416 2568 3470 τὶ
2601 3416 2886 3488 πράσσων,
2913 3415 2991 3489 τῷ
3016 3414 3254 3486 διαϐόλῳ
3283 3413 3560 3487 λατρεύει.

2249 3509 2468 3573 Πάντας
2517 3507 2760 3580 βάσταζε
2782 3550 2798 3576 ,
2832 3503 2908 3574 ὡς
2950 3508 3049 3563 καὶ
3083 3507 3144 3562 σὲ
3171 3510 3201 3563 ό
3238 3507 3465 3581 Κύριος.
3531 3507 3778 3562 Πάντων

2177 3599 2372 3673 ἀνέχου
2389 3601 2448 3655 ὲν
2469 3601 2698 3673 ἀγάπῃ·
2728 3602 3064 3675 προσευχαῖς
3093 3601 3328 3675 σχόλαζε
3359 3600 3771 3665 ἀδιαλείπτοις.

2177 3694 2340 3751 Δίτοῦ
2405 3693 2636 3752 σύνεσιν
2671 3695 2896 3751 πλείονα
2924 3691 2994 3771 ἧς
3031 3695 3201 3769 ἔχεις.
3255 3696 3295 3750 Γ
3302 3696 3556 3769 ρηγόρει,
3601 3695 3761 3752 ἀκοί-

2180 3808 2351 3864 μητον
2369 3791 2525 3865 ὄμμα
2558 3791 2917 3865 κεκτημένος.

2247 3975 2472 4029 Πάντων
2490 3973 2589 4038 τάς
2613 3973 2802 4038 νόσους
2829 3969 3069 4044 βάσταζε
3096 3969 3176 4036 ὡς
3200 3969 3408 4034 τέλειος
3431 3971 3462 4025 ό
3488 3967 3776 4044 ἀθλητής.

2179 4067 2360 4123 Ὅπου
2387 4066 2595 4122 πλείων
2624 4065 2815 4132 κόπος,
2842 4064 2987 4120 πολῦ
3007 4063 3222 4136 κέρδος.
3253 4061 3470 4130 Καλοὺς
3503 4062 3780 4136 μαθητάς

2178 4162 2274 4219 ἐὰν
2302 4159 2485 4233 φιλῇς,
2510 4160 2672 4233 χάρις
2693 4174 2779 4213 σοι
2813 4158 2917 4213 οὐκ
2963 4155 3122 4213 ἔσται
3158 4171 3174 4189 ⁶
3201 4154 3407 4228 μᾶλλον
3436 4155 3572 4221 τοὺς
3605 4155 3780 4210 ἀντει-

2180 4256 2478 4329 θεστίρους
2493 4256 2551 4309 ἐν
2568 4253 2837 4326 πραότητι
2851 4251 3145 4307 ύπότασσε.
3181 4249 3264 4318 OE
3295 4249 3408 4304 πᾶν
3435 4247 3677 4322 τραῦμα.
3706 4252 3774 4321 τῇ

2178 4351 2317 4425 αὐτῇ
2354 4348 2692 4423 ἑμπλάστρῳ
2735 4345 3129 4420 θεραπεύεται.
3171 4344 3312 4410 Τοὺς
3363 4343 3775 4416 παροξυσμοὺς

2179 4444 2478 4517 ἐμϐροχαῖς
2502 4442 2668 4496 παῦε.
2730 4440 2828 4496 Διά
2850 4437 3017 4495 τοῦτο
3052 4436 3319 4511 σαρκικδς
3349 4430 3420 4504 si,
3446 4438 3546 4492 καὶ
3599 4453 3780 4490 πνευ-

498 4558 666 4601 carne
701 4539 868 4598 simul
899 4545 955 4594 et
984 4536 1183 4609 spiritu
1218 4542 1446 4591 constas
1468 4574 1484 4600 ,
1515 4539 1575 4587 ut
1598 4545 1722 4601 qua:
1749 4529 2072 4601 conspectui

2195 4538 2432 4608 αατικὸς,
2457 4535 2548 4591 ίνα
2579 4539 2648 4590 τά
2674 4533 2984 4606 φαινόμενά
3031 4550 3116 4588 σοι
3143 4531 3226 4597 είς
3265 4530 3566 4605 πρόσωπον
3599 4530 3776 4584 κολα-

488 4650 594 4697 1uo
647 4634 937 4692 manifesta
987 4642 1157 4698 sunt,
1189 4627 1387 4686 blande
1416 4627 1667 4696 corrigas
1694 4641 1709 4691 ;
1741 4639 1862 4696 quae
1893 4637 2076 4678 autem

495 4739 782 4802 aspectum
813 4739 968 4783 tuum
999 4723 1246 4797 fugiunt,
1277 4730 1400 4794 pete
1436 4727 1494 4775 ut
1522 4718 1622 4775 tibi
1651 4723 1991 4788 retegantur,
2019 4721 2080 4771 ut

487 4825 552 4882 in
581 4825 737 4880 nullo
768 4820 1015 4878 deﬁcias.

563 4917 861 4974 Prmsulem
907 4921 1127 4986 oportet
1170 4911 1238 4967 ab
1274 4909 1424 4966 omni
1471 4905 1903 4976 reprehensione
1941 4902 2079 4959 alie-

481 5029 624 5066 num
659 5025 786 5068 esse
808 5051 825 5076 ,
857 5019 911 5065 et
942 5011 1109 5064 vitam
1136 5002 1631 5063 exercitationibus
1658 4999 1912 5058 excolere
1932 5039 1948 5065 ,
1976 5012 2079 5053 nec

494 5107 662 5162 ullius
697 5105 772 5161 rei
810 5119 932 5174 qua:
972 5102 1082 5158 Deo
1117 5107 1274 5172 grata
1308 5098 1379 5154 sit
1404 5142 1418 5160 ,
1459 5094 1703 5154 studium
1743 5091 2072 5163 praetermit-

496 5215 626 5260 tere.

569 5300 628 5353 S.
663 5297 927 5354 Athenas.
957 5326 1026 5336 —-—
1055 5293 1191 5347 Ante
1226 5290 1411 5345 omnia
1444 5292 1660 5358 oportet
1689 5280 1950 5339 Ecclesiae
1977 5280 2078 5334 mi-

496 5397 734 5448 nistrum
760 5391 828 5445 ab
859 5392 939 5445 ira
970 5389 1115 5444 alien
1129 5396 1218 5441 uni
1246 5400 1404 5448 esse;
1435 5398 1536 5438 nec
1560 5377 1950 5451 objurgatione
1977 5375 2076 5442 uti,

493 5485 592 5543 sed
626 5482 1014 5539 adhortatione
1044 5489 1098 5535 et
1127 5477 1543 5550 deprecatione.

562 5573 804 5648 Didymi.
830 5603 898 5616 -—
919 5571 1058 5627 Tum
1090 5570 1311 5626 demum
1349 5566 1545 5623 doctor
1576 5580 1691 5621 rem
1724 5561 1944 5619 coniicit
1965 5603 1980 5630 ,
2018 5559 2077 5615 ii-

493 5671 730 5741 demque
764 5667 1034 5739 loquendo
1066 5663 1426 5727 nanciscitur,
1455 5675 1582 5716 cum
1614 5661 1733 5732 ipse
1763 5660 1873 5715 vita
1901 5666 1958 5714 et
1986 5671 2076 5712 ac-

495 5763 740 5819 tionibus
772 5761 953 5817 crudit
991 5778 1004 5814 :
1031 5759 1332 5814 secundum
1369 5755 1496 5810 iilud
1533 5774 1544 5808 :
1577 5753 1656 5808 De
1683 5755 1752 5808 iis
1774 5767 1893 5824 qua:
1921 5750 2073 5820 carpit

496 5857 652 5914 Jews
687 5856 856 5910 facere
882 5865 926 5908 ει
962 5855 1145 5906 docere
1176 5851 1332 5916 (Act.
1369 5868 1420 5915 ι,
1457 5851 1479 5902 l
1513 5851 1549 5918 ).

2183 4631 2380 4704 κεύῃς·
2405 4630 2472 4686 τά
2502 4630 2560 4686 δὲ
2587 4629 2801 4702 ἀόρατα
2847 4627 2992 4682 αίτει
3042 4625 3134 4684 in
3186 4641 3271 4680 σοι
3316 4621 3645 4697 φανερωθῇ,
3683 4623 3775 4676 ἵνα

2185 4727 2414 4799 μηδενὸς
2431 4723 2618 4797 λείπῃ.

2254 4911 2376 4984 Χρὴ
2428 4910 2520 4966 τὸν
2563 4907 2891 4980 προεστῶτα
2954 4903 3322 4970 ἀνεπίληπτον
3374 4901 3617 4978 μελετᾷν
3675 4903 3767 4957 καε

2182 5004 2468 5060 ἀσκεῖσθαι
2496 5003 2628 5075 βίον,
2660 5003 2761 5057 καὶ
2789 5000 2958 5073 μηδὲν
3003 4997 3428 5056 ἀνεπιτήδευτον
3469 4996 3624 5066 ἔχειν
3661 4995 3772 5051 τῶν

2182 5101 2529 5173 ἀρεσκόντων
2549 5100 2690 5173 Θεῷ.

2255 5287 2345 5338 ἀεῖ
2382 5283 2473 5339 τὸν
2518 5281 2832 5353 λειτουργὸν
2873 5265 2974 5352 τῆς
3017 5277 3345 5352 Ἐκκλησίας
3397 5278 3503 5349 πρὸ
3542 5279 3767 5334 πάντων

2183 5376 2340 5441 ὲκτδς
2369 5375 2540 5448 ὀργῆς
2565 5371 2728 5439 εἶναι,
2765 5373 2860 5430 καὶ
2894 5370 2973 5445 μὴ
2991 5371 3382 5443 ἐπιπλήττειν,
3405 5370 3549 5428 ἀλλά
3579 5390 3766 5446 παρα-

2181 5472 2388 5530 καλεῖν.

2251 5565 2387 5619 Τότε
2449 5565 2604 5622 ἀνύει
2649 5565 2992 5632 διδάσκαλος,
3047 5565 3146 5621 καὶ
3195 5563 3513 5620 πιστεύεται
3562 5564 3764 5634 λέγων,

2178 5661 2307 5716 ὅταν
2338 5658 2431 5730 ἀφ’
2458 5653 2534 5716 ὧν
2555 5658 2784 5732 πράττει
2809 5661 3068 5733 παιδεύῃ,
3101 5659 3245 5716 κατά
3274 5659 3353 5725 τὸ,
3386 5651 3503 5714 Ἦν
3533 5657 3764 5728 ἤρξατο

2175 5757 2210 5808 ό
2252 5753 2492 5823 Ἰησοῦς
2522 5752 2724 5810 ποιεῖν
2749 5770 2814 5810 τε
2846 5755 2946 5811 καί
2977 5752 3314 5810 διδάσκειν.
