4014 6302
215 360 350 434 1549

1461 371 1701 435 SACRA
1740 372 1832 434 PA
1843 371 2184 434 RALLELA

3334 375 3474 443 1550

288 483 461 558 Ίερέα
484 483 766 559 φρόνησις,
823 486 920 542 καὶ
967 486 1120 558 βίος,
1177 487 1274 546 καὶ
1320 487 1573 563 εὐγένεια
1618 488 1782 548 ποιεῖ.

1959 487 2175 561 Evagrii
2203 486 2342 550 :.Al.
2381 486 2441 546 S.
2484 486 2625 545 Nili.
2651 521 2720 533 -—
2745 487 3106 550 sacerdotem
3137 493 3430 563 prudentia
3453 539 3468 559 .

208 574 370 648 Λάγῳ
428 576 530 650 μὲν
554 577 653 650 τὴν
688 567 908 653 ἀρετὴν
945 580 1189 650 δίδασκε,
1226 581 1376 655 ἔργῳ
1400 582 1460 640 δὲ
1487 583 1664 657 αὐτὴν
1686 584 1790 656 κή-

209 688 400 743 ρυσσε,
1029 739 1032 742 ,

289 764 642 836 Ἀλέξανδρος
686 766 975 841 πόρρωθεν
1033 769 1182 837 ἱδὼν,
1223 771 1286 826 τὸ
1332 773 1431 846 μὲν
1485 773 1694 845 πλῆθος
1731 778 1790 832 ἑν

207 857 437 924 λευκαῖς
477 858 692 932 ἐσθῆσι,
739 863 869 927 τοὺς
887 861 944 918 δὲ
985 864 1156 937 ἱερεῖς
1204 864 1561 940 προεστῶτας
1588 871 1648 924 ὲν
1669 874 1790 937 ταῖς

209 951 492 1023 βυσσίναις
531 955 734 1022 αὐτῶν,
790 956 885 1012 τδν
928 956 988 1013 δὲ
1048 961 1314 1034 ἀρχιερέα
1357 964 1418 1018 ὲν
1440 967 1508 1038 τῇ
1546 965 1791 1039 ὑακίνθῳ

206 1045 309 1100 καὶ
369 1048 656 1122 διαχρύσῳ
689 1051 875 1126 στολῇ,
907 1052 1005 1108 καλ⁹
1050 1054 1143 1108 ἐπὶ
1168 1056 1269 1129 τῆς
1301 1058 1549 1130 κεφαλῆς
1594 1059 1790 1133 ἔχοντα

207 1138 310 1212 τὴν
338 1140 588 1214 κίδαριν,
623 1144 716 1201 καὶ
742 1143 806 1200 τδ
830 1145 1067 1218 χρυσοῦν
1124 1149 1215 1205 ἐπ’
1252 1151 1425 1224 αὐτῆς
1476 1152 1710 1227 ἔλασμα,
1743 1151 1790 1228 ᾧ

203 1232 271 1288 τὸ
303 1233 399 1289 τοῦ
449 1235 590 1291 Θεοῦ
642 1237 816 1311 ὄνομα
864 1241 1202 1315 ἐγέγραπτο,
1253 1247 1573 1320 προσελθὼν
1627 1251 1790 1323 μόνος

205 1331 587 1403 προσεκύνησε
619 1333 681 1387 τὸ
715 1333 889 1407 ὄνομα
950 1337 1047 1392 καὶ
1085 1339 1178 1394 τὸν
1210 1341 1502 1416 ἀρχιερέα.
1563 1344 1789 1418 Παρμε-

203 1419 382 1486 νίονος
423 1421 482 1477 δὶ
546 1423 880 1496 πυθομένου,
925 1427 981 1482 τί
1028 1429 1092 1501 δή
1143 1448 1274 1487 ποτε
1330 1435 1786 1506 προσκυνούντων

201 1515 369 1570 αὑτὸν
387 1515 666 1583 ἁπάντων,
696 1519 863 1585 αὐτὸς
911 1525 1349 1597 προσκυνήσειεν
1373 1528 1469 1583 τὸν
1513 1529 1788 1587 Ἰουδαίων

198 1606 490 1679 ἀρχιερέα,
535 1611 612 1665 υύ
677 1611 889 1681 τοῦτον,
947 1610 1089 1684 εἷπε,
1157 1620 1562 1694 προσεκύνησα,
1608 1624 1702 1680 τὸν
1728 1626 1788 1680 δὲ

197 1695 336 1752 Θεόν
367 1713 382 1729 ⁸
413 1695 475 1756 οὗ
502 1701 602 1777 τὴν
635 1704 1052 1780 ἀρχιερωσύνην
1074 1702 1231 1776 οὗτος
1252 1713 1569 1786 τετίμηται.

197 1814 384 1874 ΤΙΤΔ.
406 1819 611 1923 11121-
639 1820 776 1923 ξζῖερὶ
799 1822 1509 1923 ἐπιῗκιξπωνμπονηριῖζὶν,
1539 1831 1638 1914 καί
1698 1832 1785 1903 μὴ
1820 1867 1860 1923 Β

399 1893 836 1959 φυλαττόντων
863 1897 969 1962 τὰς
994 1896 1256 1968 ἐντολὰς
1284 1893 1394 1956 to?)
1426 1902 1595 1960 Θεοῦ.

277 2000 296 2034 ι
335 1983 400 2037 υἱ
430 1983 597 2057 ἱερεῖς
621 1985 800 2042 αὐτῶν
820 1989 881 2043 ἐν
905 1989 1155 2065 ῥομφαίᾳ
1189 1991 1412 2050 ἔπεσαν.
1443 2013 1462 2048 ι

276 2185 297 2221 ι
327 2163 610 2241 Ἔκρυψαν
647 2172 696 2227 oi
723 2171 894 2246 ἱερεῖς
925 2173 1044 2231 ὁδὸν
1078 2176 1311 2251 Κυρίου.
1335 2198 1355 2233 ι

278 2371 299 2406 ι
331 2355 394 2410 Οἱ
422 2355 717 2430 ἡγούμενοι
748 2357 924 2432 αὐτῆς
985 2360 1124 2431 μετά
1176 2360 1365 2436 δώρων
1407 2363 1651 2436 ἔκριναν,
1691 2367 1789 2420 καὶ

196 2449 248 2501 οἱ
272 2449 438 2521 ἱερεῖς
488 2449 662 2522 αὐτῆς
715 2451 856 2524 μετά
908 2454 1107 2525 μισθοῦ
1157 2457 1546 2529 ἀπεκρίναντο,
1583 2459 1682 2514 καὶ
1732 2461 1782 2515 oi

201 2540 484 2613 προφῆται
531 2542 704 2615 αὐτῆς
751 2544 890 2615 μετὰ
935 2545 1205 2618 ἀργυρίου
1241 2548 1630 2619 ἐμαντεύοντο.
1666 2550 1782 2623 Οὐχ

201 2633 358 2702 ὑμῶν
384 2633 500 2687 ἐστι
531 2633 735 2704 γνῶναι
767 2639 964 2709 κρῖμα,
995 2639 1045 2692 οἱ
1070 2638 1354 2712 μισοῦντες
1391 2641 1462 2696 τὰ
1482 2641 1660 2709 καλά’,
1685 2644 1782 2700 καὶ

197 2723 492 2798 ζητοῦντες
523 2730 591 2783 τά
619 2731 855 2802 πονηρά.
895 2732 1263 2804 Ἀρπάζοντις
1293 2735 1364 2790 τὰ
1401 2734 1651 2808 δέρματα
1685 2737 1782 2792 αὐ-

199 2819 328 2884 τῶν,
365 2821 461 2876 καὶ
491 2822 589 2887 τὰς
612 2822 825 2895 σάρκας
862 2825 970 2879 ἀπὺ
992 2825 1103 2881 τῶν
1133 2827 1337 2883 ὀστέων
1385 2828 1585 2886 αὐτῶν.
1615 2848 1636 2884 ι

275 2933 294 2967 ι
317 2915 382 2970 Οἱ
410 2915 580 2989 ἱερεῖς
613 2917 786 2991 αὐτῆς
846 2917 1139 2992 βεϐηλοῢσι
1172 2921 1240 2976 τά
1277 2923 1430 2992 ἅγια,
1498 2925 1594 2979 καὶ
1649 2923 1781 2979 ἀσε-

195 3007 356 3063 6οὖσι
381 3009 574 3082 νόμον.
614 3030 634 3063 ι

275 3118 296 3152 ι
332 3092 404 3154 Ὦ
429 3101 479 3156 οἱ
507 3103 892 3175 ποιμαίνοντες
923 3107 1154 3178 μάταια,
1183 3107 1282 3162 καὶ
1310 3108 1359 3162 οἱ
1385 3108 1778 3164 καταλελοιπό-

1892 588 1946 635 et
1977 580 2135 648 vita,
2175 587 2230 637 et
2279 580 2594 654 ingenuitas
2647 597 2865 640 morum
2914 581 3151 642 faciunt.
3208 584 3474 646 Sermone

1897 677 2155 733 virtutem
2185 674 2363 742 doce;
2399 689 2570 749 Opere
2599 684 2787 734 autem
2812 691 2932 733 eam
2962 678 3228 750 praedica.

1960 767 2212 840 Josephi,
2243 769 2338 826 lib.
2364 786 2420 828 rt
2438 809 2458 837 ,
2487 786 2536 826 ο.
2573 770 2626 828 8.
2652 801 2722 815 --
2746 773 3062 831 Alexander
3092 775 3309 849 plebem
3337 777 3476 834 emi-

1892 853 1997 920 nus
2021 861 2274 920 candidis
2298 862 2550 920 indutam
2577 864 2827 923 vestibus
2854 868 3241 940 conspicatus,
3275 885 3464 929 sacer-

1889 954 2050 1014 dotes
2084 971 2218 1012 vero
2250 965 2308 1014 et
2336 956 2619 1015 antistites
2653 958 2898 1031 byssinis
2926 960 3200 1030 amictos,
3231 978 3298 1020 ac
3331 980 3473 1038 pon-

1891 1048 2096 1106 tiﬁcem
2128 1048 2434 1123 hyacintho
2467 1057 2634 1123 atque
2667 1066 2837 1110 aurea
2885 1050 3032 1112 stola
3080 1057 3344 1115 vestitum
3366 1100 3381 1126 ,
3419 1069 3475 1117 et

1891 1141 2076 1215 capite
2099 1141 2358 1210 cidarim,
2386 1159 2611 1202 auream
2632 1144 2917 1213 laminam,
2944 1148 2999 1203 in
3019 1164 3126 1221 qua
3151 1167 3352 1210 nomen
3381 1155 3475 1211 Dei

1888 1234 2227 1307 inscriptum
2253 1248 2436 1305 esset,
2464 1245 2774 1311 gestantem
2795 1283 2812 1309 ,
2840 1241 2996 1300 solus
3032 1245 3339 1314 accedens,
3374 1264 3475 1307 no-

1889 1344 2015 1386 men
2056 1329 2192 1387 illud
2229 1339 2286 1388 et
2323 1332 2638 1405 pontilicem
2679 1335 2955 1394 adoravit.
2995 1336 3333 1399 Sciscitante
3371 1359 3473 1399 au-

1890 1433 1998 1480 tem
2039 1422 2412 1481 Parmenione
2446 1426 2582 1498 quid
2617 1435 2806 1495 esset,
2849 1445 3012 1502 quam
3053 1433 3125 1488 ob
3163 1448 3278 1490 rem
3321 1435 3470 1507 ipse,

1887 1530 2011 1572 cum
2035 1516 2106 1573 ab
2129 1518 2390 1576 omnibus
2413 1519 2764 1590 adoraretur,
2789 1522 3101 1581 Judaaorum
3128 1535 3312 1585 tamen
3339 1546 3476 1601 pou-

1887 1607 2094 1664 titicem
2138 1609 2398 1667 adoraret
2444 1627 2458 1668 :
2506 1611 2626 1670 Non
2670 1630 2828 1681 eum,
2865 1616 3077 1690 inquit,
3116 1621 3211 1676 sed
3265 1621 3473 1692 Deum,

1887 1699 2050 1772 cujus
2079 1701 2171 1758 hic
2208 1701 2524 1763 sacerdotio
2549 1718 2782 1766 ornatus
2814 1722 2936 1779 est,
2971 1712 3220 1770 adoravi.
3494 1792 3498 1794 γ

1888 1811 2025 1874 ΤΙΤ.
2062 1816 2257 1874 XVIII.
2283 1851 2352 1862 —
2378 1820 2458 1905 De
2485 1823 2647 1905 matis
2677 1826 2938 1905 episcopis
2958 1868 2975 1892 ,
3003 1839 3054 1884 et
3085 1827 3188 1886 Dei
3213 1835 3473 1892 mmtdala

2380 1895 2597 1951 minime
2621 1895 2976 1975 seruantibus.

1959 1981 2114 2040 Ριαι.
2147 1999 2368 2052 uxvn,
2399 1984 2489 2041 64.
2518 2017 2587 2029 -
2617 2007 2637 2040 ι
2670 1989 3002 2053 Sacerdotes
3032 2009 3226 2055 eorum
3259 1999 3316 2056 in
3348 2002 3469 2074 gla-

1886 2077 1982 2135 dio
2011 2078 2357 2136 ceciderunt.
2387 2075 2422 2134 ι’

1963 2168 2096 2226 Osee
2121 2185 2197 2236 ιγ,
2230 2169 2282 2228 6.
2316 2201 2385 2215 --
2413 2190 2433 2228 ι
2469 2173 2902 2235 Absconderunt
2947 2181 3271 2241 sacerdotes
3325 2185 3468 2243 viam

1888 2262 2127 2322 Domini.
2163 2286 2184 2320 ι

1956 2355 2123 2416 Misit.
2167 2377 2227 2416 ιιι
2258 2403 2273 2430 ,
2317 2362 2375 2419 ll
2403 2403 2419 2430 ,
2462 2363 2515 2419 ι.
2544 2395 2620 2413 .-
2646 2382 2666 2419 ι
2701 2371 2876 2425 Duces
2911 2369 3033 2442 ejus
3063 2387 3190 2430 cum
3220 2378 3469 2434 muneri-

1886 2450 1990 2510 bus
2013 2451 2378 2525 judicabant,
2411 2464 2466 2514 et
2494 2460 2816 2517 sacerdotes
2850 2462 2974 2534 ejus
3005 2465 3062 2522 in
3095 2469 3351 2526 mercede
3382 2487 3471 2529 rc-

1885 2547 2250 2617 spondebant.
2273 2548 2394 2606 Non
2422 2559 2667 2607 vestrum
2695 2562 2781 2611 est
2809 2570 3146 2627 cognoscere
3166 2559 3468 2632 judicium,

1883 2639 1978 2713 qui
2001 2639 2132 2698 odio
2157 2642 2374 2701 habetis
2396 2643 2601 2702 bonum
2623 2687 2640 2713 ,
2664 2657 2719 2704 et
2739 2651 2988 2722 quaeritis
3011 2653 3178 2708 mala.
3198 2656 3468 2729 Diripien-

1883 2745 1967 2794 tes
2018 2738 2195 2810 pelles
2227 2754 2421 2796 eorum
2457 2740 2529 2798 ab
2561 2743 2675 2812 eis,
2709 2752 2765 2800 et
2800 2758 2998 2802 carnes
3032 2763 3222 2807 eorum
3254 2751 3324 2806 ab
3371 2767 3470 2809 us-

1883 2831 2039 2888 sibus
2066 2847 2284 2892 eorum.
2319 2853 2339 2888 ι

1951 2923 2113 2998 Sapit.
2145 2943 2245 2992 ιιι,
2272 2927 2328 2984 4.
2361 2961 2434 2973 -—
2467 2950 2484 2984 ι
2522 2928 2856 2992 Sacerdotes
2889 2935 3012 3007 ejus
3047 2939 3300 3010 polluunt
3332 2955 3464 2999 sau-

1884 3028 2004 3087 cta,
2040 3029 2095 3078 et
2126 3021 2292 3094 impie
2325 3033 2494 3096 agunt
2526 3026 2581 3080 in
2615 3026 2812 3100 legem.
2845 3047 2866 3082 ι

1951 3112 2117 3172 Zach.
2150 3133 2203 3172 xi
2225 3158 2240 3183 ,
2271 3118 2360 3187 l7,
2387 3118 2444 3176 9.
2470 3149 2539 3163 -υ
2568 3139 2587 3172 ι
2622 3118 2669 3178 0
2693 3123 2786 3194 qui
2817 3124 3048 3196 pascitis
3078 3143 3219 3185 vana
3239 3173 3254 3198 ,
3285 3141 3341 3188 et
3369 3136 3464 3207 qui

192 3211 294 3258 τες
322 3197 392 3266 τα
442 3195 716 3270 πρόϐαταί
776 3198 1027 3271 μάχαιρα
1080 3199 1177 3254 ἐπὶ
1230 3200 1520 3276 βραχίονος
1583 3203 1772 3258 αὐτοῦ.

1900 3207 2262 3282 lereliquistis
2312 3214 2482 3270 oves!
2545 3215 2763 3287 gladius
2815 3195 2901 3275 est
2952 3235 3121 3290 super
3171 3195 3463 3283 brachium

212 3286 354 3357 Ἐγὼ
388 3288 450 3341 οὐ
501 3291 776 3362 ποιμαίνω
823 3291 968 3363 ὑμᾶς
996 3311 1010 3324 ·
1035 3291 1098 3347 τὸ
1129 3292 1479 3366 ἀποθνῆσκον
1533 3296 1772 3367 ἀποθνη-

195 3381 398 3447 σκέτω,
423 3385 514 3436 καὶ
544 3383 607 3439 τὸ
642 3385 899 3440 ἐκλεῖπον
954 3385 1278 3453 ὲκλειπέτω,
1313 3387 1408 3443 καὶ
1432 3387 1500 3444 τὰ
1521 3389 1775 3445 κατάλοι-

193 3488 275 3527 πα
299 3475 758 3540 κατεσθιὲτωσαν,
787 3476 1024 3543 ἕκαστος
1043 3479 1143 3544 τὰς
1181 3479 1393 3552 σάρκας
1414 3480 1510 3535 τοῦ
1542 3481 1775 3555 πλησίον

193 3566 385 3623 αὐτοῦ.
429 3568 560 3624 Ἰδοὺ
607 3569 719 3638 ἐγὼ
749 3570 990 3644 ἐξεγερῶ
1034 3573 1269 3645 ποιμένα
1303 3574 1529 3646 ἄπειρον
1557 3575 1650 3630 ἐπὶ
1678 3575 1776 3649 τὴν

195 3659 333 3732 τῆν’
372 3660 432 3716 τὸ
458 3662 713 3717 ἐκλεῖπον
740 3664 841 3719 οὑκ
867 3665 1285 3738 ἐπιστρέφεται,
1343 3669 1439 3722 καὶ
1489 3668 1552 3723 τὸ
1582 3670 1776 3740 ἐσκορσ-

193 3754 465 3826 πισμένον
508 3755 569 3810 ού
601 3755 682 3829 μὴ
734 3757 978 3828 ἰάσηται,
1024 3759 1208 3815 καὶτὸ
1253 3760 1552 3833 ὀλόκληρον
1591 3762 1653 3816 ού
1700 3764 1774 3835 μὴ

196 3847 526 3922 κατευθύνῃ,
546 3851 728 3906 καὶτὰ
758 3852 898 3926 κρέα
948 3851 1059 3908 τῶν
1089 3855 1364 3910 ἐκλεκτῶν
1392 3856 1649 3927 φάγεται,
1678 3859 1774 3914 καὶ

191 3945 323 4006 τοὺς
341 3944 721 4016 ἀστραγάλους
756 3945 936 4000 αὐτῶν
975 3947 1290 4015 ἐκστρέφει.
1320 3967 1338 4001 ι

275 4056 295 4092 ι
345 4037 755 4110 Ἐπλανήοησαν
799 4040 886 4095 διά
909 4040 980 4095 τὰ
1001 4042 1219 4115 σίκερα,
1286 4045 1468 4115 ἱερεὺς
1526 4044 1621 4098 καὶ
1641 4062 1776 4118 προ-

196 4129 398 4202 φήτης.
459 4131 788 4202 Ἐξέστησαν
843 4134 934 4189 διά
959 4135 1048 4191 τὸν
1097 4130 1242 4192 οῖνον
1269 4153 1282 4168 ο
1313 4135 1636 4211 ἐσείσθησαν
1667 4137 1776 4212 ἀπὸ

195 4226 297 4297 τῆς
331 4226 504 4300 μέθης
539 4225 635 4282 τοῦ
657 4228 874 4299 σίκερα.
902 4249 922 4281 ι

273 4430 294 4464 ι
329 4404 403 4465 '0
422 4408 473 4465 oi
503 4412 765 4483 ποιμένες
786 4412 834 4468 οἱ
859 4412 1338 4483 διασκορπὶζοντες
1368 4407 1464 4469 καὶ
1505 4416 1775 4472 ἀπολοῦν-

1879 3305 2024 3375 ejus.
2063 3305 2178 3379 Ego
2209 3323 2316 3362 non
2351 3323 2575 3379 pascam
2610 3325 2708 3367 vos
2737 3329 2752 3368 :
2783 3311 2931 3384 quod
2964 3317 3224 3386 moritur,
3258 3323 3463 3380 moria-

1882 3407 1994 3464 tur,
2026 3407 2081 3454 et
2107 3400 2256 3470 quod
2288 3400 2477 3457 delicit
2496 3445 2512 3470 ,
2538 3402 2762 3459 deliciat
2781 3445 2796 3473 ,
2821 3413 2878 3462 ct
2920 3406 3131 3480 reliqua
3160 3410 3462 3483 devorent,

1883 3493 2268 3564 unusquisque
2312 3510 2512 3554 carnes
2553 3499 2790 3566 proximi
2824 3499 2935 3556 sui.
2981 3501 3122 3559 Ecce
3150 3519 3255 3576 ego
3283 3509 3464 3566 susci-

1882 3588 2008 3644 tabo
2040 3597 2313 3659 pastorem
2349 3591 2660 3662 imperitum
2697 3589 2864 3663 super
2892 3603 3097 3655 terram
3130 3618 3146 3657 :
3185 3602 3332 3673 quod
3370 3605 3466 3662 de-

1883 3682 2060 3748 !iciet,
2084 3699 2191 3738 non
2222 3692 2542 3750 convertet,
2566 3695 2620 3742 et
2653 3687 2797 3755 quod
2828 3689 3145 3761 dispersum
3177 3696 3318 3764 erit,
3354 3714 3463 3754 non

1885 3774 2145 3840 sanabit,
2181 3787 2236 3832 et
2270 3779 2544 3852 integrum
2580 3797 2692 3838 non
2722 3781 2921 3854 diriget
2951 3803 2965 3841 :
2999 3797 3052 3842 et
3106 3803 3305 3846 carnes
3349 3791 3463 3849 elc—

1883 3877 2101 3927 ctorum
2137 3871 2459 3941 devorabit,
2490 3883 2543 3931 et
2569 3875 2713 3934 talos
2740 3891 2934 3934 eorum
2966 3891 3265 3950 pervertet.
3297 3904 3318 3938 ι

1967 4052 2084 4108 lsa.
2115 4068 2321 4120 xsvm,
2350 4054 2405 4108 7.
2431 4084 2502 4096 --
2532 4072 2551 4107 ι
2587 4053 2924 4114 Erravcrunt
2957 4070 3179 4133 propter
3203 4080 3463 4126 siceram.

1884 4147 2155 4205 Sacerdos
2183 4158 2238 4204 et
2271 4148 2536 4221 propheta
2569 4147 2736 4222 516
2758 4151 3090 4210 exciderunt
3121 4169 3302 4216 mente
3334 4179 3463 4232 pro-

1882 4252 2004 4317 pter
2046 4241 2277 4298 vinum:
2313 4243 2711 4299 vacillaverunt
2761 4254 2989 4315 propter
3017 4249 3340 4310 ebrietatem
3383 4257 3465 4312 si-

1882 4349 2040 4393 εετω.
2073 4350 2098 4389 Ὁ

1952 4428 2153 4485 larem.
2183 4443 2356 4498 um,
2391 4430 2445 4485 Ι.
2472 4461 2540 4474 --
2564 4448 2583 4483 ι
2617 4428 2662 4487 0
2693 4440 2979 4502 pastores,
3013 4435 3105 4505 qui
3143 4436 3462 4512 dispergitis

193 4517 289 4565 τες
306 4501 375 4557 τά
405 4502 656 4575 πρόϐατα
687 4503 785 4574 τῆς
819 4503 1076 4577 ποίμνης.
1111 4507 1207 4561 Διὰ
1264 4505 1424 4563 τοῦτο
1469 4509 1597 4565 τάδε
1625 4510 1775 4581 λέγει

1900 4534 1936 4582 :t
1961 4524 2194 4597 perditis
2225 4538 2356 4582 oves
2389 4540 2629 4595 pascuae.
2675 4526 2802 4581 Ideo
2856 4528 2968 4583 haec
3013 4529 3146 4584 dicit
3194 4530 3461 4602 Dominus

195 4591 402 4663 Κύριος
435 4593 527 4646 ἐπὶ
568 4594 698 4657 τοὺς
753 4594 1017 4666 ποιμένας
1072 4599 1197 4662 τοὺς
1251 4600 1646 4670 ποιμαίνοντας
1679 4605 1776 4660 τὸν

1900 4591 2046 4690 super
2093 4626 2344 4690 pastores
2389 4591 2487 4690 qui
2537 4618 2772 4691 pascunt
2801 4623 3058 4692 populum
3091 4639 3271 4680 meum
3300 4599 3459 4684 {Vos

195 4686 327 4740 λαόν
359 4705 462 4757 μου
501 4703 515 4718 ’
564 4687 754 4758 Ὑμεῖς
806 4688 1225 4762 διεσκορπίσατε
1258 4693 1326 4746 τά
1352 4693 1606 4766 πρόϐατά
1645 4714 1774 4768 μου,

195 4781 295 4836 καὶ
321 4778 558 4846 ὶξώσατε
582 4781 744 4847 αὐτὰ,
785 4782 883 4837 καὶ
908 4782 1012 4838 οὐκ
1044 4783 1420 4856 ἐπεσκέψασθε
1447 4789 1608 4843 αὑτά.
1640 4788 1774 4846 Ἰδοὺ

195 4869 313 4944 ἐγὼ
367 4872 568 4929 ἑκδικῶ
613 4873 760 4946 ὑμᾶς
804 4872 949 4930 κατὰ
992 4875 1062 4931 τά
1107 4876 1323 4951 πονηρά
1366 4880 1773 4953 ἐπιτηδεύματα

197 4964 376 5038 ὑμῶν.
403 4985 421 5018 ι

274 5079 293 5112 ι
333 5059 586 5132 Πρόὸατα
645 5060 960 5117 ἀπολωλότα
1007 5063 1240 5136 ἐγενήθη
1291 5067 1319 5120 ὁ
1373 5064 1502 5133 λαός
1547 5083 1685 5139 μουο
1722 5071 1774 5123 οἱ

207 5154 581 5226 ποιμαίνοντες
610 5155 774 5211 αὑτὸν
801 5154 1008 5223 ἔξωσαν
1035 5159 1251 5226 αὐτοὺς,
1284 5161 1379 5216 ἐπὶ
1426 5160 1494 5216 τὰ
1515 5163 1636 5234 δρη,
1670 5164 1773 5218 άπ-

200 5251 513 5321 επλάνησαν
558 5248 777 5316 αὐτούς.
797 5270 817 5305 ι
1426 5302 1428 5304 τ

197 5361 200 5364 ’
276 5366 295 5397 ι
332 5347 396 5401 Oi
420 5343 796 5417 ἀφηγούμενοι
861 5346 1043 5401 αὐτῶν
1095 5345 1310 5412 λέοντες
1362 5349 1685 5423 ὠρυόμενοι,
1723 5353 1771 5406 οἱ

199 5440 535 5514 ἁρπάζοντες
596 5441 886 5512 ἅρπαγμα,
948 5440 1125 5511 ψυχὰς
1180 5443 1560 5509 κατεσθίοντες
1593 5445 1770 5498 ἐνδυ-

197 5536 442 5607 ναστείᾳ,
472 5536 566 5590 καὶ
591 5530 755 5608 τιμάς
792 5536 1164 5608 λαμϐάνοντες
1195 5539 1253 5589 ἐν
1281 5538 1482 5610 ἀδικίᾳ.
1515 5559 1532 5591 ι

273 5756 292 5789 ι
327 5737 437 5790 Καὶ
466 5737 631 5809 ἱερεῖς
675 5736 952 5809 ἠθέτησαν
980 5736 1145 5807 νόμον
1177 5753 1301 5806 μου,
1341 5737 1435 5791 καὶ
1474 5737 1772 5809 ἔϐεὗήλουν

197 5828 264 5882 τὰ
288 5828 419 5897 ἅγιά
456 5845 586 5899 μου·
621 5828 894 5898 ἀναμέσον
937 5827 1253 5898 ἀκαθάρτου
1289 5830 1382 5881 καὶ
1431 5829 1678 5901 καθαροῦ
1710 5833 1768 5885 ού

198 5921 522 5990 διέστελλον,
570 5923 666 5976 καὶ.
719 5921 1011 5994 ὲὸεὸήλουν
1057 5939 1124 5992 με
1159 5923 1217 5975 ἐν
1249 5921 1398 5993 μέσῳ
1449 5925 1650 5982 αὐτῶν.
1707 5927 1768 5980 Οἱ

1880 4710 2232 4783 dispersistis
2258 4727 2409 4778 oves,
2431 4722 2484 4770 et
2511 4713 2757 4785 ejecistis
2783 4731 2896 4780 eas,
2922 4731 3024 4771 nec
3053 4717 3319 4776 visitastis
3340 4737 3452 4780 eas.

1882 4803 2021 4861 Ecce
2051 4817 2152 4876 ego
2188 4806 2427 4863 ulciscar
2460 4822 2558 4863 vos
2581 4849 2595 4875 ,
2631 4816 2686 4863 ct
2721 4809 2864 4863 mala
2899 4810 3080 4865 studia
3113 4822 3320 4871 vestra.
3363 4835 3381 4868 ι

1945 5077 2144 5135 Jercm.
2187 5094 2252 5144 L,
2284 5078 2336 5132 ϐ.
2368 5111 2438 5121 --
2469 5100 2485 5132 ι
2522 5083 2763 5151 Populus
2815 5098 2969 5138 meus
3023 5084 3205 5142 faetus
3255 5096 3339 5143 est
3395 5103 3473 5144 ιιι·

1875 5188 2006 5230 oves
2038 5189 2158 5250 quas
2193 5175 2405 5245 periere
2439 5193 2453 5229 :
2490 5173 2584 5244 qui
2612 5162 2908 5245 pascebant
2937 5194 3083 5246 cum,
3119 5184 3451 5252 expulerunt

1873 5283 1973 5325 eos
2005 5268 2058 5323 in
2095 5276 2343 5332 montes,
2376 5283 2568 5324 errare
2603 5268 2854 5326 fecerunt
2884 5287 3001 5328 eos.
3039 5292 3057 5326 ι

1948 5359 2140 5414 Ειεείι.
2181 5375 2314 5424 xm,
2341 5359 2433 5416 25.
2459 5391 2528 5402 —
2553 5379 2571 5414 ι
2604 5361 2778 5417 DuCcs
2813 5365 2866 5418 in
2903 5366 3081 5420 medio
3113 5383 3303 5424 eorum
3339 5371 3458 5427 sic-.

1879 5463 1937 5508 ut
1980 5453 2171 5508 leones
2201 5455 2515 5523 rugientes,
2562 5455 2836 5524 rapientes
2893 5460 3184 5529 rapinam,
3236 5465 3451 5521 animas

1874 5548 2204 5603 devorantes
2237 5545 2290 5601 in
2324 5548 2595 5617 potentia,
2631 5557 2682 5604 et
2713 5551 2884 5619 pretia
2918 5554 3252 5625 accipientes
3284 5557 3340 5612 in
3373 5559 3452 5614 in-

1869 5642 2105 5712 iustitia.
2133 5665 2148 5696 ι

1949 5739 2093 5794 Ibid.
2130 5740 2322 5798 26-98.
2351 5776 2421 5784 --
2456 5763 2474 5794 ‹
2509 5743 2574 5798 Ει
2605 5743 2919 5799 sacerdotes
2952 5744 3165 5801 irritam
3199 5745 3452 5803 fecerunt

1877 5833 2048 5905 legem
2088 5851 2290 5900 meam,
2345 5847 2396 5892 et
2450 5838 2880 5910 profanavcrunt
2932 5841 3243 5896 sanctuaria
3273 5856 3441 5900 mea:

1878 5930 2020 5985 inter
2073 5929 2414 5989 inmundum
2467 5942 2520 5990 et
2569 5944 2816 5991 sanctum
2853 5950 2960 5990 non
2999 5934 3447 6006 distinguebant.
