4014 6302
516 350 645 417 1551

1660 353 1721 417 S.
1751 346 2075 416 IOANNIS
2112 343 2549 419 DAMASCENI

3642 348 3776 415 1552

502 486 553 531 ct
594 472 966 546 profanabant
1007 486 1094 529 me
1143 472 1198 529 in
1246 470 1427 529 medio
1476 469 1753 545 ipsorum.
1801 470 2086 542 Principes

2192 472 2454 546 ἄρχοντες
2510 471 2691 529 αὐτῶν
2725 473 2786 530 ἐν
2818 471 2969 546 μέσῳ
2997 473 3171 546 αὐτῆς
3190 473 3265 540 ὡς
3290 472 3474 541 λύκοι,
3500 468 3774 545 ἁρπάζον-

500 584 691 624 corum
724 568 779 624 in
813 567 994 625 medio
1023 566 1169 622 illius
1193 565 1359 639 quasi
1387 566 1499 638 lupi
1534 567 1811 640 rapientes
1841 564 2087 639 praedam

501 661 568 716 ad
597 658 987 717 effundendum
1021 657 1346 732 sanguinem
1366 696 1384 723 ,
1410 669 1467 715 ut
1492 674 1657 716 avare
1680 660 1838 716 lucra
1871 664 2087 715 secten-

502 764 591 808 tur
621 770 637 822 ;
672 761 726 809 et
757 752 1039 825 propheta:
1068 752 1189 824 ejus
1219 751 1496 809 liniebant
1524 767 1642 809 cos.
1681 769 1701 807 ι

574 845 766 903 Ezech.
798 862 1001 912 xxxiv,
1033 844 1193 901 2-10.
1216 876 1289 888 -
1315 864 1334 899 ι
1364 843 1493 901 Haec
1525 845 1662 902 dicit
1692 843 1961 902 Dominus
1994 862 2011 900 :
2038 841 2087 901 0

501 951 754 1012 pastores
779 935 1087 995 Jerusalem
1114 939 1129 994 l
1165 937 1417 1009 nunquid
1450 945 1687 1010 pascunt
1718 943 1970 1009 pastores
1998 934 2088 992 Je-

503 1034 746 1091 rusalem
782 1032 1160 1105 semetipsos?
1196 1047 1379 1089 nonne
1409 1046 1541 1088 oves
1576 1038 1884 1103 pascuntur
1916 1043 1947 1083 a
1986 1042 2087 1103 pa-

498 1124 793 1185 storibus?
826 1124 965 1183 Ecce
1012 1126 1098 1182 lac
1131 1124 1459 1191 comeditis,
1490 1134 1545 1180 et
1574 1123 1720 1180 lanis
1754 1106 2106 1194 operimini,’

502 1231 556 1278 et
586 1220 730 1294 quod
759 1234 1009 1277 crassum
1041 1227 1202 1288 erat,
1227 1217 1517 1286 occiditis,
1550 1225 1607 1274 et
1634 1232 1767 1275 oves
1794 1231 1942 1273 meas
1971 1231 2086 1273 non

501 1315 755 1387 pascitis.
810 1312 969 1381 Quod
1020 1311 1304 1370 infirmum
1357 1311 1497 1378 fuit,
1531 1326 1640 1368 non
1674 1308 2083 1373 confortastis;

500 1408 649 1481 quod
676 1407 938 1474 errabat,
975 1420 1085 1463 non
1115 1403 1463 1462 reduxistis:
1496 1412 1553 1460 et
1600 1402 1751 1475 quod
1804 1400 2085 1475 perierat,

500 1523 613 1562 non
639 1503 961 1580 quaesistis;
995 1500 1224 1573 etquod
1278 1499 1421 1557 forte
1470 1506 1628 1565 erat,
1670 1496 1947 1553 amisistis
1997 1496 2083 1553 la-

502 1600 657 1657 bore.
688 1597 754 1654 Et
782 1596 1045 1666 dispersa
1072 1601 1202 1652 sunt
1236 1608 1372 1650 oves
1404 1606 1543 1648 meae
1571 1606 1639 1649 eo
1672 1589 1821 1663 quod
1852 1604 1965 1646 non
1994 1603 2082 1645 es-

500 1700 624 1749 sent
654 1699 931 1763 pastores.
956 1686 1268 1745 Pascebant
1291 1693 1541 1759 pastores
1566 1684 1922 1756 semetipsos,
1951 1696 2087 1740 oves

502 1797 684 1842 autem
720 1798 872 1840 meas
921 1796 1033 1839 non
1081 1779 1406 1852 pascebant.
1447 1776 1753 1849 Propterea
1800 1789 1934 1832 ecce
1975 1773 2086 1845 ego

500 1893 667 1951 super
696 1886 951 1949 pastores
974 1914 991 1941 ,
1030 1882 1085 1930 et
1121 1887 1261 1952 oves
1286 1886 1437 1929 meas
1488 1870 1769 1942 requiram
1804 1868 1875 1927 de
1907 1869 2079 1925 mani-
2118 1856 2158 1912 Β

499 1974 605 2030 bus
629 1984 844 2028 eorum.
874 1986 895 2024 ι

572 2084 702 2155 Sap.
725 2099 813 2153 vt,
835 2082 872 2139 2
895 2098 1036 2156 seqq.
1057 2113 1127 2124 —
1146 2099 1167 2135 ι
1195 2079 1655 2152 Discite,judices
1678 2080 1872 2138 finium
1896 2088 2081 2148 terrae,

499 2177 763 2249 quoniam
790 2174 920 2231 data
941 2183 1029 2231 est
1052 2188 1084 2230 a
1107 2173 1341 2231 Domino
1368 2181 1612 2247 potestas
1636 2182 1845 2231 vestra.
1868 2172 1973 2240 Qui
1999 2172 2087 2229 in-

498 2268 801 2342 terrogabit
821 2282 990 2342 opera
1018 2274 1221 2335 vestra,
1242 2274 1298 2324 et
1317 2267 1682 2339 cogitationes
1705 2266 2080 2325 scrutabitur:

500 2363 789 2436 quoniam,
809 2375 937 2417 cum
961 2358 1203 2417 ministri
1232 2362 1433 2417 essetis
1460 2357 1614 2432 regni
1644 2358 1791 2416 illius
1809 2398 1827 2425 ,
1857 2373 1971 2415 non
1994 2372 2084 2416 re-

499 2468 589 2511 cte
607 2452 907 2527 judicastis
927 2495 944 2521 ,
970 2467 1074 2509 nec
1094 2450 1424 2509 custodistis
1450 2452 1619 2522 legem
1641 2491 1658 2518 ,
1686 2467 1863 2525 neque
1886 2465 2089 2507 secun-

499 2549 632 2605 dum
674 2548 1011 2605 voluntatem
1049 2544 1146 2602 Dei
1188 2545 1540 2602 ambulastis.
1574 2544 1860 2602 Horrende
1892 2554 1950 2602 et
1976 2546 2089 2602 cito

498 2644 783 2701 incumbet
801 2641 962 2699 vobis
988 2639 1288 2706 interitus;
1318 2640 1582 2712 quoniam
1608 2639 1886 2711 judicium
1913 2638 2091 2696 duris-

500 2736 702 2794 simum
734 2734 791 2791 in
818 2733 907 2791 his
934 2734 1029 2807 qui
1050 2743 1328 2806 praesunt,
1360 2733 1437 2789 fit.
1471 2732 1689 2803 Exiguo
1716 2734 1865 2789 enim
1890 2748 2088 2790 conce-

500 2832 649 2888 ditur
689 2829 1122 2888 misericordia:
1162 2834 1418 2899 potentes
1458 2836 1641 2883 autem
1683 2833 1942 2900 potenter
1973 2834 2088 2883 tor-

501 2932 686 2983 menta
738 2925 1045 2995 patientur.
1098 2920 1220 2978 Non
1271 2924 1419 2979 enim
1461 2921 1754 2979 subtrahet
1789 2935 2082 2994 personam

500 3019 767 3077 Dominus
794 3019 1081 3075 hominum
1102 3057 1119 3084 ,
1143 3032 1248 3073 nec
1276 3017 1560 3073 verebitur
1582 3016 2080 3089 magnitudinem.»

498 3112 565 3169 Et
595 3128 814 3169 rursum
840 3131 855 3167 :
881 3130 901 3165 ι
931 3110 1279 3167 Fortioribus
1313 3110 1512 3167 fortior
1540 3109 1712 3168 instat
1747 3109 2078 3167 cruciatio.i

2193 586 2286 634 τες
2334 567 2630 644 ἅρπαγμα,
2687 566 2781 625 τοῦ
2835 568 3027 641 ἐκχέαι
3073 562 3237 643 αἷμα,
3283 568 3439 632 ὅπως
3489 564 3776 635 πλεονεξίᾳ

2195 661 2597 719 πλεονεκτῶσιν
2629 675 2644 690 ·
2690 662 2787 719 καὶ
2819 662 2870 717 οῖ
2904 661 3182 738 προφῆται
3228 660 3402 735 αὐτῆς
3458 658 3777 731 ἀλείφοντες

2188 757 2408 823 αὐτούς.
2437 776 2458 811 ι

2269 870 2289 906 ι
2327 851 2469 908 Τάδε
2494 850 2646 923 λέγει
2673 851 2899 926 Κύριος·
2934 845 3012 907 *α
3026 852 3079 908 οί
3099 850 3356 924 ποιμένες
3398 843 3778 921 Ἰερουσαλήμι

2196 945 2271 1019 μὴ
2295 944 2585 1019 βόσκονσιν
2618 945 2673 1002 οι
2707 946 2973 1018 ποιμένες
3028 944 3297 1014 ἐαυτούς;
3336 942 3399 998 οὐ
3421 943 3493 999 τά
3521 939 3783 1015 πρόϐατα

2194 1036 2483 1109 βόσκουσιν
2501 1039 2554 1094 οῖ
2582 1039 2876 1113 ποιμένεςς
2911 1037 3046 1095 Ἰδοὺ
3074 1039 3137 1094 τὸ
3164 1040 3305 1109 γάλα
3330 1033 3653 1093 κατεσθίετε
3686 1034 3783 1089 καὶ

2190 1134 2261 1189 τά
2289 1133 2412 1205 ἔρια
2447 1133 2871 1207 περιϐάλλεσθε,
2910 1137 3009 1190 καὶ
3051 1134 3113 1190 τὸ
3148 1136 3297 1207 παχῦ
3345 1129 3649 1203 σφάζεσθε,
3688 1129 3785 1185 καὶ

2192 1223 2263 1280 τά
2285 1222 2537 1299 πρόϐατά
2600 1242 2703 1299 μου
2766 1225 2831 1281 οὔ
2889 1224 3140 1297 βόσκετε.
3195 1225 3269 1281 Τδ
3309 1222 3617 1298 ὴσθενηκδς
3681 1220 3786 1275 οὐκ

2195 1315 2549 1389 ἐνισχύσατε,
2602 1319 2784 1374 καὶτὸ
2818 1317 3179 1392 πλανώμενον
3227 1319 3327 1374 οὒκ
3376 1308 3805 1389 ἐπεστρέςατε,’

2194 1409 2291 1466 καὶ
2333 1409 2397 1466 τδ
2442 1411 2724 1478 ἀπολωλὸς
2771 1412 2874 1469 οὐκ
2917 1411 3251 1486 ἐζητήσατε,
3297 1413 3399 1467 καὶ
3436 1411 3503 1465 τδ
3557 1410 3786 1483 ἰσχυρὸν

2192 1504 2659 1578 κατειργάσασθε,
2684 1506 2779 1561 καὶ
2799 1506 3073 1580 διεσπάρη
3101 1506 3171 1560 τά
3199 1503 3452 1577 πρόϐατά
3477 1520 3584 1577 μου
3602 1502 3702 1557 διὰ
3725 1502 3786 1554 τὸ

2195 1601 2274 1673 μὴ
2317 1594 2462 1657 εἷναι
2500 1599 2795 1673 ποιμένας.
2830 1599 3098 1656 Ἔϐοσκον
3126 1598 3179 1654 oi
3219 1599 3480 1671 ποιμένες
3527 1596 3785 1657 ἑαυτοὺς.

2194 1694 2263 1750 τά
2290 1694 2350 1750 δὲ
2379 1693 2631 1768 πρόϐατά
2663 1711 2769 1768 μου
2809 1693 2914 1750 οὐκ
2941 1693 3191 1749 ἔϐοσκον.
3232 1692 3378 1748 Ἀντὶ
3416 1689 3615 1747 τούτου
3671 1688 3785 1744 ίδοὺ

2194 1787 2307 1858 ἐγὼ
2330 1787 2427 1844 ἐπὶ
2456 1788 2586 1854 τοὺς
2625 1787 2895 1859 ποιμένας
2939 1789 3038 1843 καὶ
3086 1784 3381 1861 ἐκζητήσω
3424 1785 3495 1842 τὰ
3522 1782 3787 1860 πρόϐατά

2187 1899 2293 1955 μου
2319 1882 2384 1936 ἐκ
2417 1880 2528 1936 τῶν
2558 1879 2763 1955 χειρῶν
2796 1879 2998 1936 αὐτῶν.
3023 1900 3041 1933 ι

2271 2107 2291 2142 ι
2333 2088 2556 2146 Μάθετε
2601 2090 2863 2147 δικασταὶ
2888 2090 3145 2163 περάτων
3174 2088 3274 2161 τῆς
3327 2088 3461 2161 γῆς,
3501 2088 3588 2144 ὅτι
3620 2088 3781 2161 ἐδόθη

2188 2182 2341 2254 παρὰ
2372 2181 2583 2255 Κυρίου
2611 2182 2646 2255 η
2681 2182 2949 2257 κράτησις
2985 2181 3163 2254 ὑμῶν.
3194 2182 3291 2246 ⁸ος
3318 2180 3569 2248 ἐξετάσει
3621 2182 3783 2253 ὑμῶν

2187 2275 2259 2330 τὰ
2285 2273 2443 2347 ἔργα,
2490 2275 2709 2340 καὶτὰς
2747 2275 2945 2347 βουλὰς
2980 2275 3342 2350 διερευνήσει,
3373 2276 3459 2331 ὅτι
3502 2276 3780 2349 ὑπηρέται

2186 2370 2344 2437 ὄντες
2388 2371 2488 2444 τῆς
2516 2368 2686 2427 αὐτοῦ
2744 2370 3042 2442 βασιλείας,
3096 2372 3199 2425 οὐκ
3253 2367 3515 2442 ἐκρίνατε
3572 2370 3780 2443 ὀρθῶς,

2187 2464 2312 2521 οὐδὲ
2341 2464 2646 2535 ἐφυλάξατε
2705 2463 2895 2536 νόμον,
2949 2462 3073 2519 οὐδὲ
3122 2462 3265 2518 κατὰ
3312 2464 3414 2536 τὴν
3448 2462 3649 2537 βουλὴν
3684 2463 3783 2519 τοῦ

2187 2557 2327 2615 Θεοῦ
2355 2557 2715 2632 ἐπορεύθητε.
2769 2555 3022 2631 Φρικτῶς
3054 2559 3147 2611 καὶ
3174 2558 3390 2629 ταχέως
3418 2558 3785 2628 ἐπιστήσεται

2191 2653 2321 2726 ὑμῖν
2368 2650 2615 2724 ὄλεθρος,
2655 2651 2743 2707 δτι
2800 2649 2982 2723 κρίσις
3023 2648 3302 2722 ἀπότομος
3346 2649 3417 2704 ἐν’
3435 2651 3555 2714 τοῖς
3608 2649 3789 2722 ὕπερ-

2190 2744 2376 2813 έχουσι
2418 2741 2651 2814 γίνεται.
2684 2740 2743 2797 '0
2772 2740 2884 2812 γὰρ
2934 2738 3221 2812 ἐλάχιστος
3246 2739 3604 2810 συγγνωστός
3636 2742 3789 2794 ἐστιν

2188 2835 2375 2900 ἐλέους
2403 2852 2417 2867 ·
2453 2832 2673 2889 δυνατοὶ
2700 2831 2759 2888 δὲ
2786 2830 3034 2895 δυνατῶς
3090 2830 3511 2905 ἐτασθήσονται.
3551 2831 3636 2886 Οὐ
3674 2832 3786 2903 γὰρ

2189 2928 2568 2985 ὑποστελεῖται
2630 2927 2978 3000 πρόσωπονό
3003 2924 3224 2982 πάντων
3284 2926 3591 2998 Δεσπότης,
3660 2927 3784 2981 οὐδὲ

2189 3024 2600 3098 ἐντραπήσεται
2665 3020 2921 3094 μέγεθος.
2953 3037 2976 3072 ι
3020 3020 3133 3075 Καὶ
3166 3019 3331 3075 πάλιν
3355 3034 3374 3054 ⁶
3417 3038 3440 3074 s
3463 3020 3590 3084 Τοῖς
3637 3038 3785 3095 κρα-

2188 3120 2363 3182 ταιοῖς
2392 3115 2591 3190 ισχυρὰ
2616 3113 2906 3185 ἐφίσταται
2926 3112 3142 3183 ἔρευνα.
3174 3130 3193 3166 I

570 3207 768 3265 Matth.
791 3224 928 3264 χχιιι
948 3248 963 3274 ,
991 3210 1013 3264 l
1056 3226 1199 3282 seqq.
1220 3241 1291 3252 —
1314 3207 1468 3264 Tunc
1484 3205 1650 3264 Jesus
1673 3206 1888 3263 locutus
1914 3217 1998 3262 est
2018 3205 2082 3262 ad

2260 3233 2281 3266 ι
2319 3212 2455 3267 Τότε
2494 3212 2523 3266 ό
2557 3208 2774 3283 Ἰησοῦς
2821 3207 3053 3280 ἐλάλησε
3100 3208 3216 3270 τοῖς
3267 3205 3452 3278 δχλοις
3501 3206 3599 3261 καὶ
3667 3209 3792 3271 τοῖς

498 3302 727 3370 turbas,
768 3309 824 3359 et
860 3301 928 3358 ad
965 3302 1278 3376 discipulos
1310 3318 1479 3369 suos,
1512 3302 1705 3358 dicens
1738 3322 1749 3356 :
1780 3297 1962 3372 Super
1991 3316 2083 3355 ca-

499 3397 746 3453 thedram
774 3396 947 3471 Moysi
976 3397 1243 3455 sederunt
1266 3396 1473 3453 SCI‘ibiB
1499 3405 1553 3453 et
1576 3394 1864 3452 Pharisaei.
1887 3393 2084 3451 Omnia

494 3506 630 3564 ergo
667 3506 1016 3563 qnzccunque
1053 3490 1298 3547 dixerint
1339 3488 1498 3546 vobis
1532 3503 1792 3555 servare,
1829 3496 2082 3555 servate;

498 3585 807 3644 secundum
841 3594 1027 3642 autem
1054 3600 1221 3658 opera
1247 3600 1438 3641 eorum
1461 3584 1633 3641 nolite
1661 3583 1862 3641 facere.
1891 3581 2087 3637 Dicunt

498 3682 684 3749 enim,
715 3687 772 3737 et
797 3696 907 3736 non
943 3679 1176 3736 faciunt.
1212 3679 1462 3752 Alligant
1497 3678 1645 3734 ettim
1685 3691 1854 3733 onera
1894 3675 2084 3748 gravia

498 3788 554 3835 et
580 3774 975 3849 importabilia,
1006 3782 1059 3832 et
1082 3774 1375 3846 imponunt
1412 3788 1476 3831 ea
1514 3773 1568 3828 in
1606 3772 1871 3828 humeros
1907 3769 2085 3825 homi-

498 3884 672 3935 num;
700 3866 875 3940 digito
903 3873 1089 3922 autem
1120 3879 1226 3922 suo
1254 3880 1366 3922 non
1395 3872 1619 3920 movent
1648 3878 1734 3918 ea.
1756 3859 1954 3917 Omnia
1983 3874 2085 3914 an-

498 3975 609 4018 tem
642 3976 809 4033 opera
844 3974 946 4018 sua
979 3958 1192 4014 faciunt
1227 3966 1286 4014 ut
1320 3958 1614 4013 videantur
1646 3957 1714 4012 ab
1741 3953 2082 4011 hominibus.

497 4056 744 4111 Dilatant
766 4053 915 4110 enim
956 4052 1299 4126 phylacteria
1333 4066 1455 4116 sua,
1487 4059 1543 4106 ct
1571 4048 1930 4121 magnificant
1966 4047 2086 4103 fim-

496 4151 649 4208 brias
678 4149 1131 4205 vestimentorum
1163 4161 1412 4203 suorum.
1447 4148 1646 4200 Amant
1678 4145 1841 4200 etiam
1875 4141 2086 4213 primos

497 4244 782 4301 recubitus
812 4242 869 4299 in
895 4241 1073 4298 caenis
1093 4281 1110 4305 ,
1136 4249 1191 4297 et
1220 4239 1429 4310 primas
1456 4238 1750 4294 cathedras
1776 4236 1831 4291 in
1860 4250 2089 4308 synago-

498 4340 605 4409 gis,
633 4349 688 4394 et
716 4336 1079 4392 salutationes
1108 4334 1161 4390 in
1196 4334 1336 4399 foro,
1368 4342 1421 4388 ct
1451 4332 1635 4388 vocari
1667 4330 1733 4386 ab
1762 4329 2087 4386 hominibus

499 4428 700 4486 Rabbi.
729 4427 841 4486 Vos
878 4435 1059 4483 autem
1099 4426 1265 4482 nolite
1294 4425 1479 4482 vocari
1515 4423 1715 4480 Rabbi.
1750 4420 1906 4478 Unus
1937 4420 2085 4478 enim

501 4534 586 4582 est
628 4523 889 4595 Magister
925 4529 1108 4579 vester
1140 4520 1447 4577 Christus:
1498 4533 1693 4575 omnes
1745 4526 1928 4572 autem
1988 4528 2085 4571 vos

502 4617 702 4674 fratres
726 4615 883 4672 estis.
912 4614 978 4669 Et
1006 4620 1219 4685 patrem
1243 4613 1413 4669 nolite
1433 4618 1677 4668 vestrum
1700 4608 1862 4681 517
1888 4623 2085 4665 vocare

503 4726 667 4781 super
705 4720 930 4766 terram.
975 4706 1132 4765 Unus
1164 4710 1311 4764 enim
1350 4716 1435 4764 est
1468 4704 1631 4761 Pater
1668 4715 1852 4761 vester
1890 4704 1985 4775 qui
2026 4703 2082 4757 in

502 4802 660 4859 cmlis
689 4808 795 4859 cst.
830 4799 933 4869 Qui
966 4809 1153 4858 autem
1190 4801 1366 4873 major
1392 4808 1475 4857 est
1506 4810 1749 4856 vestrum
1771 4842 1786 4867 ,
1820 4798 1895 4855 sit
1924 4797 2086 4853 mini-

503 4905 620 4953 ster
650 4902 854 4953 vester.
878 4895 984 4964 Qui
1009 4906 1195 4953 autem
1217 4912 1277 4954 se
1300 4894 1644 4957 exaltaverit,
1668 4892 2083 4960 humiliabitur;

502 4994 665 5066 etqui
690 5010 750 5051 se
768 4994 1168 5067 humiliaverit,
1190 4992 1547 5049 exaltabitur.
1568 4989 1659 5046 Va:
1676 4990 1855 5056 vobis,
1877 4990 2087 5045 Scriba:

504 5088 560 5143 ut
574 5087 837 5145 Pharisaei
858 5086 1182 5162 hypocrita,
1201 5087 1332 5159 quia
1351 5084 1643 5143 comeditis
1674 5085 1868 5141 domos
1892 5082 2085 5139 vidua-

508 5198 629 5236 rum
656 5224 672 5247 ,
716 5181 909 5254 longas
942 5182 1224 5237 orationes
1261 5181 1326 5235 ad
1366 5178 1794 5236 ostentationem
1840 5187 2081 5235 orantes.

505 5277 735 5348 Pmpter
769 5276 872 5333 hoc
918 5276 1198 5348 recipietis
1239 5275 1479 5346 amplius
1509 5274 1809 5345 judicium.
1844 5272 1938 5329 Vae
1982 5288 2084 5329 au-

505 5381 614 5428 tem
648 5372 823 5437 vobis,
852 5372 1059 5428 Scribe
1087 5379 1140 5428 et
1159 5369 1419 5425 Pharisaei
1445 5369 1767 5441 hypocritaa,
1789 5367 1914 5438 quia
1933 5369 2088 5423 clau-

507 5468 633 5521 ‘tlitis
659 5482 887 5537 regnum
921 5466 1219 5527 cmlorum;
1248 5478 1345 5519 vos
1376 5471 1556 5517 autem
1583 5477 1690 5517 non
1716 5462 1957 5524 intratis,
1984 5473 2085 5515 nec

506 5558 848 5614 introeuntes
882 5558 1066 5613 sumtis
1089 5557 1317 5613 intrare.
1342 5554 1435 5611 Vae
1458 5566 1642 5611 autem
1667 5555 1847 5619 vobis,
1874 5553 1965 5624 qui
1990 5552 2085 5607 de-

508 5652 723 5706 cimatis
754 5652 1055 5714 mentham,
1091 5658 1147 5705 et
1172 5649 1456 5715 anethum,
1490 5658 1544 5704 et
1574 5649 1883 5721 cyminum,
1911 5655 1966 5701 et
1996 5661 2083 5701 re-

506 5743 748 5815 liquistis
771 5759 892 5814 qnae
910 5744 1165 5816 graviora
1190 5753 1319 5799 sunt
1345 5742 1501 5814 legis.
1524 5740 1819 5813 judicium,
1842 5747 1894 5796 et
1919 5740 2082 5796 mise-

512 5836 823 5901 ricordiam,
850 5847 904 5892 et
937 5834 1097 5891 fidem
1136 5854 1149 5890 :
1181 5834 1498 5891 excolantes
1525 5836 1781 5901 culicem,
1807 5833 2079 5889 camelum

509 5936 688 5984 autem
720 5929 1104 5999 deglulicntcs.
1132 5927 1219 5985 Va:
1244 5937 1423 5985 autem
1448 5929 1624 5993 vobis,
1648 5928 1773 5999 quia
1800 5927 2081 5985 mundatis

2189 3305 2462 3378 μαθηταῖς
2480 3301 2669 3369 αὐτοῦ,
2694 3302 2871 3373 λέγων
2889 3318 2905 3335 ο
2935 3301 3062 3357 Ἐπὶ
3079 3299 3178 3368 τῆς
3201 3299 3484 3365 Μωῦσέως
3500 3298 3790 3372 καθέδρας

2186 3398 2450 3456 ἐκάθισαν
2481 3399 2533 3452 οἱ
2567 3396 2923 3470 Γραμματεῖς
2958 3395 3053 3451 καὶ
3098 3393 3408 3467 Φαρισαῖοι.
3457 3393 3655 3449 Πάντα
3689 3389 3791 3449 οὖν

2185 3494 2290 3549 ὅσα
2322 3493 2391 3549 ἂν
2417 3491 2652 3563 λέγωσιν
2702 3491 2835 3563 ὑμῖν
2893 3492 3108 3563 τηρεῖν,
3152 3487 3398 3563 τηρεῖτε,
3452 3490 3599 3543 κατὰ
3629 3490 3693 3545 δὲ
3717 3490 3792 3545 τὰ

2188 3589 2327 3662 ἔργα
2356 3586 2539 3642 αὐτῶν
2570 3584 2647 3657 μὴ
2682 3585 2914 3640 ποιεῖτε.
2962 3582 3202 3654 Λέγουσι
3256 3582 3392 3653 γὰρ,
3422 3582 3522 3636 καὶ
3558 3583 3627 3636 οὐ
3661 3599 3792 3637 ποι·

2181 3681 2329 3738 οὖσι.
2354 3678 2828 3753 Δεσμεύουσιγᾰρ
2851 3676 3051 3751 φορτία
3095 3674 3267 3749 βαρέα
3323 3675 3420 3731 καὶ
3460 3675 3796 3731 δυσϐάσταο

2186 3794 2314 3845 κτα,
2339 3774 2437 3832 καὶ
2454 3771 2798 3830 ἐπιτιθέασιν
2819 3772 2912 3827 ἐπὶ
2928 3770 3055 3837 τοὺς
3084 3769 3267 3841 ὤμους
3306 3770 3417 3825 τῶν
3437 3769 3791 3843 ἀνθρώπων,

2187 3869 2268 3940 τῷ
2300 3870 2358 3925 δὲ
2388 3865 2644 3939 δακτύλῳ
2685 3863 2867 3921 αὐτῶν
2903 3865 2966 3919 οὐ
2997 3863 3244 3919 κινοῦσιν
3295 3861 3457 3921 αὐτά.
3502 3863 3705 3918 Πάντα
3732 3862 3793 3917 δὲ

2188 3957 2256 4013 τὰ
2289 3956 2429 4028 ἔργα
2457 3954 2639 4010 αὐτῶν
2697 3953 2946 4010 ποιοῦσιν
2976 3955 3115 4026 πρὸς
3148 3953 3211 4009 τὸ
3238 3951 3503 4026 θεαθῆναι
3523 3954 3655 4018 τοῖς
3690 3954 3792 4009 άν-

2188 4050 2451 4124 θρώποις.
2509 4050 2850 4105 Πλατῦνουσι
2900 4050 3011 4123 γάρ
3047 4050 3117 4105 τὰ
3146 4048 3499 4122 φυλακτήρια
3569 4048 3789 4114 αὐτῶν,

2189 4146 2285 4200 καὶ
2321 4143 2684 4216 μεγαλύνουσι
2717 4143 2787 4199 τὰ
2813 4142 3105 4217 κράσπεδα
3127 4142 3236 4198 τῶν
3279 4142 3519 4215 ἱματίων
3568 4142 3788 4209 αὐτῶν,

2190 4239 2407 4312 φιλοῦσί
2442 4257 2502 4295 τε
2539 4240 2639 4305 τὰς
2691 4238 3097 4312 πρωτοκλισίας
3125 4238 3185 4293 ἐν
3208 4240 3324 4304 τοῖς
3363 4238 3641 4307 δείπνοις,
3696 4242 3793 4297 καὶ

2187 4334 2290 4399 τὰς
2344 4331 2808 4406 πρωτοκαθέδρας
2830 4333 2894 4386 ἐν
2930 4334 3054 4395 ταῖς
3086 4334 3452 4403 συναγωγαῖς,
3482 4332 3583 4388 καὶ
3656 4336 3797 4399 τοὺς

2190 4428 2519 4500 ἀσπασμοὺς
2543 4429 2603 4483 ἐν
2637 4431 2758 4493 ταῖς
2812 4427 3064 4498 ἀγοραῖς,
3092 4426 3187 4480 καὶ
3208 4423 3496 4480 καλεῖσθαι
3532 4426 3649 4481 ὕπὸ
3677 4428 3795 4481 τῶν

2189 4521 2496 4595 ἀνθρώπων
2535 4521 2747 4578 Ῥαϐϐί.
2781 4520 2973 4593 Ὑμεῖς
3006 4518 3066 4573 δέ
3102 4518 3177 4593 μὴ
3233 4518 3508 4592 κληθῆτε,
3556 4520 3792 4576 ⁸Ραϐδέ.

2192 4608 2289 4679 Εἷς
2319 4610 2429 4684 γὰρ
2455 4611 2610 4684 ὑμῶν
2636 4613 2785 4666 ἐστιν
2814 4613 2843 4665 ό
2872 4611 3193 4683 καθηγητὴς
3220 4611 3249 4663 ὁ
3274 4609 3537 4683 Χριστὸς,
3574 4611 3793 4675 πάντες

2188 4708 2247 4762 δὲ
2278 4708 2436 4778 ὑμεῖς
2490 4706 2709 4776 ἀδελφοί
2767 4708 2910 4762 ἐστε.
2978 4706 3090 4761 Καὶ
3138 4705 3350 4778 πατέρα
3395 4706 3469 4777 μὴ
3500 4705 3791 4776 καλέσητε

2189 4801 2344 4874 ὐμῶν
2401 4801 2498 4856 ἐπὶ
2550 4801 2654 4873 τῆς
2708 4801 2833 4873 γῆς.
2867 4795 2963 4865 Εἷς
3010 4800 3119 4871 γάρ
3178 4797 3591 4870 ἐστινόΠατηρ
3627 4798 3791 4871 ὑμῶν

2186 4894 2295 4949 ὁὲν
2314 4893 2585 4966 οὐρανοῖς.
2632 4890 2691 4945 Ὁ
2710 4888 2767 4945 δὲ
2807 4891 3012 4961 μείζων
3066 4891 3223 4961 ὑμῶν
3275 4888 3411 4943 ἔστω
3461 4887 3632 4957 ὑμῶν
3668 4890 3789 4945 διὰ·

2191 5004 2370 5053 κονος.
2431 4984 2623 5051 Ὅστις
2650 4986 2708 5040 δὲ
2742 4984 2947 5055 ὑψώσει
3001 4983 3216 5049 ἑαυτὸν,
3274 4982 3788 5054 ταπεινωθήσεται,

2187 5078 2282 5133 καὶ
2340 5078 2493 5139 ὅστις
2552 5078 2885 5132 ταπεινώσει
2939 5076 3161 5142 ἑαυτὸν,
3218 5073 3597 5147 ὑψωθήσεται.
3646 5078 3789 5130 Οὐαὶ

2188 5170 2340 5242 ὑμῖν,
2406 5170 2764 5241 Γραμματεῖς
2804 5168 2903 5223 καὶ
2949 5169 3238 5241 Φαρισαῖοι
3295 5166 3648 5236 ὑποκριταὶ,
3706 5167 3788 5219 ὅτι

2187 5262 2509 5318 κατεσθίετε
2534 5262 2637 5329 τὰς
2686 5262 2866 5327 οίκίας
2917 5260 3029 5315 τῶν
3075 5259 3281 5334 χηρῶν,
3342 5259 3437 5314 καὶ
3495 5260 3789 5332 προφάσει

2189 5355 2377 5427 μακρά
2405 5354 2836 5427 προσευχόμενοι
2866 5368 2883 5385 ο
2925 5352 3014 5406 διὰ
3041 5352 3201 5407 τοῦτο
3241 5349 3484 5425 λήψεσθε
3517 5351 3787 5425 περισσό-

2185 5467 2342 5522 τερον
2383 5452 2579 5521 κρῖμα.
2630 5448 2770 5503 υύαὶ
2796 5446 2851 5501 δὲ
2884 5446 3034 5518 ὑμῖν,
3081 5446 3435 5519 Γραμματεῖς
3476 5445 3577 5500 καὶ
3612 5446 3787 5518 Φαρι-

2189 5545 2330 5596 σαῖοι
2404 5540 2723 5613 ὑποκριταὶ,
2774 5540 2856 5594 ὅτι
2910 5538 3123 5594 κλείετε
3171 5537 3273 5610 τὴν
3314 5536 3604 5609 βασιλείαν
3675 5538 3784 5593 τῶν

2184 5634 2454 5707 οὐρανῶν,
2499 5635 2659 5705 ὑμεῖς
2691 5634 2751 5688 δὲ
2770 5633 2871 5689 οὐκ
2904 5632 3246 5707 εἰσέρχεσθε,
3283 5630 3407 5686 οὐδὲ
3428 5632 3563 5697 τοὺς
3594 5631 3782 5704 εἰσερ-

2184 5732 2451 5804 χομένους
2494 5728 2684 5799 ἀφίετε
2740 5727 2941 5783 ἐλθεῖν.
2973 5727 3108 5782 Οὐαὶ
3129 5726 3189 5782 δὲ
3211 5727 3358 5797 ὑμῖν,
3386 5725 3467 5780 δτι
3506 5724 3782 5779 ἀποδιω-

2185 5823 2343 5879 τοῦτε
2371 5824 2464 5876 τὸν
2506 5822 2798 5894 ἡδύοσμον,
2839 5823 2932 5877 καὶ
2955 5820 3017 5875 τὸ
3044 5818 3262 5889 ἄνηθον,
3290 5820 3389 5873 καὶ
3408 5818 3471 5872 τὸ
3513 5817 3776 5888 κύμινον,

2185 5922 2281 5975 καὶ
2305 5919 2558 5991 ἀφήκατε
2588 5919 2653 5972 τὰ
2682 5917 2962 5991 βαρύτερα
3002 5916 3097 5972 τοῦ
3152 5915 3342 5988 νόμου,
3400 5911 3505 5988 τὴν
3562 5913 3777 5986 κρξοτν,
