4014 6302
288 421 308 486 1
320 424 420 487 557

1552 426 1789 489 SACﬁA
1827 427 2291 490 PARALLELA.

3413 422 3552 488 1558

288 584 291 587 -
361 563 379 596 ι
429 543 635 601 Ὀπίσω
676 545 786 600 τῶν
829 545 1136 618 ἐπιθυμιῶν
1188 564 1285 602 σου
1337 547 1412 620 μὴ
1455 547 1717 619 πορεύου,
1772 547 1868 604 καὶ

2045 544 2216 603 Εοοίί.
2255 559 2410 611 xvm,
2445 545 2536 601 30.
2567 575 2622 587 -σι
2664 563 2682 598 ι
2715 542 2851 600 Post
2904 543 3392 615 concupiscentias
3427 551 3555 598 tuas

286 637 397 694 ἀπὸ
419 637 530 694 τῶν
560 637 800 709 όρέξεὼν
834 654 931 694 σου
962 638 1195 695 κωλύου.
1225 658 1244 692 ι

362 748 383 786 ι
422 730 774 804 Ῥεμσασμδς
833 730 1132 804 ἐπιθυμίας
1176 733 1496 806 μεταλλεύει
1555 732 1680 792 νοῦν
1729 733 1870 791 ἄκα-

292 839 409 879 κον.
450 842 472 878 ι

365 934 386 969 ι
425 916 522 982 ὀς
554 917 665 972 δάν»
685 915 770 991 ἴδη
798 918 1035 988 γυναῖκα
1061 919 1200 994 πρὸς
1218 921 1279 976 τδ
1301 922 1640 996 ἐπιθυμῆσαι
1674 923 1868 998 αὐτὴν,

288 1006 389 1080 ήδη
418 1006 738 1079 ἐμοίχευσεν
755 1007 925 1081 αὐτὴν
955 1013 1015 1066 ὲν
1036 1012 1102 1085 τῇ
1129 1013 1328 1086 καρδίᾳ
1351 1015 1541 1072 αὑτοῦ.
1573 1037 1592 1070 ι

365 1208 386 1243 ι
423 1189 539 1243 Πᾶν
566 1188 629 1243 τὺ
674 1189 735 1246 ἒν
780 1190 860 1262 τῷ
892 1190 1085 1264 κόσμῳ
1117 1193 1150 1267 ή
1199 1193 1464 1265 ἐπιθυμία
1493 1196 1594 1268 τῆς
1645 1198 1868 1269 σαρκὸς,

287 1282 383 1336 καὶ
406 1285 440 1354 ή
468 1282 736 1354 ἐπιθυμία
769 1283 880 1338 τῶν
907 1285 1226 1358 ὀφθαλμῶν,
1263 1289 1357 1343 καὶ
1385 1291 1419 1359 ή
1457 1289 1748 1356 ἀλαζονεία
1775 1291 1872 1346 τοῦ

289 1374 434 1446 βίου,
457 1377 491 1448 ἦ
519 1377 619 1430 οὐκ
646 1375 794 1432 ἔστιν
815 1378 882 1433 ὲκ
903 1377 998 1433 τοῦ
1035 1380 1270 1454 Πατρὸς,
1299 1382 1418 1438 ἀλλ’
1447 1383 1512 1439 ὲκ
1535 1383 1630 1440 τοῦ
1664 1385 1870 1457 κόσμου

287 1468 460 1523 ἐστίν.
501 1488 521 1523 ι

365 1582 384 1614 ι
429 1563 742 1635 Παρακαλῶ
768 1565 918 1639 ὑμᾶς
945 1567 1021 1632 ὡς
1067 1569 1375 1641 παροίκους
1421 1571 1517 1627 καὶ
1563 1573 1873 1646 παρεπιδή-

289 1671 428 1724 μους
472 1659 778 1732 ἀπέχεσθαι
816 1661 926 1715 τῶν
977 1662 1262 1734 σαρκικῶν
1299 1664 1632 1739 ἐπιθυμιῶν,
1668 1667 1873 1734 αἵτινες

285 1749 664 1820 πρωτεύονται
689 1753 831 1809 κατὰ
853 1753 955 1825 τῆς
981 1755 1178 1828 ψυχῆς.
1210 1775 1230 1809 ι

365 1861 386 1894 ι
430 1842 573 1914 Ἐγὼ
602 1844 632 1898 6
666 1843 999 1919 δημιουργὸς
1048 1848 1275 1916 ὲνέταξα
1305 1849 1384 1922 τῷ
1417 1851 1701 1924 πλάσματι
1745 1856 1869 1909 ἐπι-

1971 654 2043 696 ne
2079 639 2268 708 abeas,
2297 647 2354 696 et
2385 653 2416 694 a
2450 639 2740 696 voluntate
2771 646 2866 695 tua
2891 647 3163 700 avertere.
3204 657 3224 692 ι

2042 732 2169 803 Sap.
2206 750 2281 800 iv,
2311 734 2485 789 l2.—-
2523 752 2542 787 ι
2574 731 2836 806 Evagatio
2868 732 3342 805 concupiscentia
3379 742 3555 787 Iram.

1971 827 2081 885 i'ert
2105 836 2368 885 mentem.
2403 847 2426 883 ι
2712 844 2716 849 '

2042 919 2238 977 Matth.
2280 939 2336 990 ν,
2371 921 2466 978 28.
2493 954 2564 966 —
2596 939 2616 975 ι
2650 919 2845 979 Omnis
2894 921 2990 993 qui
3028 920 3228 977 viderit
3260 918 3552 974 mulierem

1973 1014 2042 1068 ad
2074 1013 2587 1085 concupiscendum
2615 1029 2763 1082 eam,
2800 1015 2918 1085 jam
2961 1014 3276 1070 nicechatus
3308 1017 3398 1068 est
3427 1024 3550 1066 eam

1971 1107 2028 1162 in
2060 1107 2229 1165 corde
2257 1123 2380 1165 suo.
2420 1128 2440 1164 ι

2041 1197 2069 1254 1
2104 1196 2271 1257 loan.
2323 1216 2386 1269 ll,
2416 1201 2502 1257 16.
2527 1233 2595 1245 -
2622 1220 2640 1254 ι
2672 1198 2847 1258 Omne
2886 1200 3032 1273 quod
3082 1199 3138 1255 in
3189 1195 3397 1254 mundo
3419 1201 3508 1252 est
3533 1231 3552 1262 .

1972 1302 2068 1348 aut
2097 1302 2185 1351 est
2217 1295 2677 1368 concupiscentia
2707 1295 2898 1352 carnis
2920 1335 2934 1362 ,
2969 1303 3060 1350 aut
3093 1288 3550 1362 concupiscentia

1971 1389 2300 1454 oculorum,
2361 1397 2455 1445 aut
2501 1389 2760 1464 superbia
2811 1390 2937 1446 vitae
2967 1431 2981 1455 ,
3017 1402 3142 1460 quae
3198 1401 3309 1442 non
3354 1393 3440 1442 est
3484 1399 3554 1440 ex

1974 1478 2139 1540 Patre
2162 1521 2179 1549 ,
2212 1482 2310 1540 sed
2333 1497 2401 1538 ex
2441 1483 2647 1539 mundo
2674 1490 2780 1540 est.
2817 1500 2836 1535 ι
3087 1540 3093 1544 ,
3578 1533 3585 1541 .

2043 1572 2075 1630 1
2101 1573 2252 1633 Petr.
2280 1591 2344 1642 ιι,
2372 1575 2462 1633 ll.
2485 1607 2556 1619 —
2584 1595 2602 1630 ι
2637 1574 2882 1633 Obsecro
2908 1591 3031 1641 vos,
3083 1582 3352 1645 tanquam
3384 1572 3554 1627 adve-

1971 1677 2075 1720 nas
2106 1673 2160 1721 et
2189 1668 2519 1741 peregrinos
2539 1711 2553 1734 ,
2584 1668 2869 1724 abstinere
2902 1682 2999 1722 vos
3039 1682 3070 1722 a
3103 1663 3429 1722 carnalibus
3460 1662 3556 1721 de-

1971 1758 2201 1835 sideriis
2222 1801 2236 1826 ,
2271 1775 2396 1830 quae
2427 1767 2675 1832 praesunt
2703 1760 2972 1816 adversus
3005 1758 3272 1813 animam.
3306 1775 3325 1810 ι

2045 1851 2102 1908 S.
2145 1852 2424 1925 Chrysost.
2455 1887 2525 1898 --
2549 1853 2663 1926 Ego
2697 1852 2882 1924 opifex
2916 1854 3184 1924 ﬁgmento
3220 1867 3343 1908 meo
3386 1866 3555 1923 appe-

285 1935 512 2007 θυμίαν,
539 1938 634 1992 καὶ
659 1915 803 1994 oft—c6
827 1915 1056 2010 φυσικὸν
1082 1943 1290 2014 κίνημα
1307 1915 1599 2001 aneane.
1625 1947 1702 2001 οὐ
1727 1947 1872 2018 λέγω

1989 1943 2134 2000 νὶιυῐη
2190 1915 2402 2014 indidi;
2442 1915 2785 2017 proindeque
2824 1915 3134 1999 naturalem
3185 1915 3554 2000 motum'mi-

253 2058 256 2059 ν
285 2030 435 2102 γάρ·
465 2031 579 2088 Οὐκ
604 2033 986 2106 ἐπιθυμήσεις.
1016 2037 1135 2090 Ούκ
1164 2037 1396 2094 άνασπῶ
1421 2040 1517 2094 τοῦ
1549 2040 1734 2108 καλῶς
1765 2061 1872 2111 φυ·

285 2122 576 2189 τευθέντος
599 2123 701 2196 τὴν
731 2125 912 2196 ῥίζαν,
943 2126 1079 2182 ἀλλὰ
1110 2128 1206 2183 τοῦ
1240 2129 1653 2203 προφθαρέντος
1699 2135 1870 2206 φυτοῦ

284 2217 359 2272 τὰ
387 2217 522 2273 νόθα
564 2217 787 2291 πρέμνα
827 2220 1094 2277 κλαδεύω.
1125 2221 1200 2277 Ού
1233 2224 1381 2296 λέγω
1423 2221 1516 2280 οὖν
1543 2226 1643 2299 τὴν
1683 2230 1873 2284 ἐπιθυ-

289 2309 426 2381 μίαν
455 2311 628 2385 αύτὴν
662 2312 908 2385 ἐξορίσαι
933 2315 1036 2386 τῆς
1073 2316 1277 2390 ψυχῆς,
1311 2317 1449 2374 ἀλλά
1499 2319 1596 2375 τοῦ
1631 2323 1872 2395 μαχικοῦ

285 2403 499 2468 πάθους
516 2404 618 2469 τὰς
652 2407 1022 2478 παραφυάδας
1047 2407 1130 2464 ἔτι
1160 2409 1566 2481 βλαστανούσας
1592 2415 1870 2472 ὲκκόπτω.

286 2498 387 2562 Τίς
418 2501 483 2571 τῇ
528 2499 670 2573 καλῇ
700 2501 914 2575 ἀρούρᾳ
943 2502 1160 2570 ζιζάνια
1203 2508 1605 2581 παρασπείρει;
1642 2513 1874 2584 Σπέρμα

285 2590 459 2645 καλὸν
504 2590 772 2664 ισπειραο
823 2592 992 2648 πόθεν
1035 2594 1146 2650 τῶν
1226 2596 1484 2662 ζιζανίων
1533 2603 1562 2655 6
1612 2602 1870 2675 δλεθροςς

283 2682 570 2756 ἔκτριψον,
610 2686 880 2759 πάτησον,
915 2688 1218 2758 ἀπόπνιξον
1247 2691 1310 2746 τὸ
1337 2694 1564 2767 σπέρμα
1604 2697 1667 2751 τδ
1701 2715 1872 2771 πονη-

287 2777 408 2848 ρδν.
465 2781 562 2835 καὶ
614 2781 678 2836 ού
723 2782 974 2849 πονέσεις
1023 2784 1391 2858 άδρυνομένου
1452 2789 1548 2843 τοῦ
1606 2790 1867 2857 ζιζανίου.

282 2870 416 2939 Πᾶς
460 2871 530 2926 δὲ
571 2873 641 2941 ὃς
686 2875 796 2931 ἐὰν
830 2876 1105 2948 ἐμϐλέψῃ
1153 2880 1398 2948 γυναικὶ
1437 2882 1590 2950 πρὸς
1618 2884 1685 2938 τὸ
1738 2885 1870 2940 ἑπι-

282 2962 559 3033 θυμῆσαι
593 2965 807 3037 αὐτὴν,
862 2967 982 3039 ἤδη
1017 2970 1377 3042 ἐμοίχευσεν
1431 2973 1630 3046 αὐτὴν
1686 2979 1757 3035 ἐν
1795 2979 1871 3051 τῇ

284 3056 506 3127 καρδίᾳ.
532 3059 739 3117 αυτοῦ.

362 3150 575 3225 Ὠσπερ
627 3151 707 3224 τῷ
763 3155 1012 3228 στρουθῷ
1040 3157 1149 3212 τῶν
1192 3159 1412 3232 πτερῶν
1465 3162 1661 3236 ὄφελος
1715 3168 1872 3225 οὐδὲν

281 3243 397 3298 ὑπὸ
414 3245 516 3316 τῆς
539 3246 784 3348 παγίδος.
795 3250 999 3348 ἁλόντι,
1014 3251 1141 3348 άλλῖ
1169 3253 1294 3326 είκῆ
1328 3257 1419 3310 καὶ
1452 3258 1634 3332 μάτην
1665 3263 1870 3334 πτερύ-
1895 3281 1945 3348 c

282 3352 479 3390 σεται·
507 3336 650 3392 οὕτω
699 3341 794 3394 καὶ
841 3341 936 3396 επὶ
969 3343 1082 3398 τῶν
1126 3343 1405 3417 λογισμῶν
1449 3350 1606 3408 οὐδὲν
1652 3354 1867 3425 ὄφελος,

280 3429 384 3484 ὲάν
413 3430 554 3485 κατὰ
587 3431 791 3504 κράτος
819 3435 925 3490 ύπὸ
951 3436 1054 3509 τῆς
1071 3442 1316 3515 πονηρᾶς
1343 3440 1643 3517 ἐπιθυμίας
1661 3449 1867 3520 ἁπλῶς,

279 3522 403 3616 ἀλλ’
433 3524 536 3578 ὅσα
575 3524 674 3616 ἐάν
727 3530 1054 3603 σκιρτήσῃς,
1105 3532 1300 3598 ἑάλως.
1336 3536 1439 3592 Διὰ
1485 3537 1647 3594 τοῦτο
1692 3544 1871 3616 πτερά

276 3613 400 3676 τοῖς
451 3614 773 3687 στρουθίοις,
833 3618 922 3673 ἵνα
966 3621 1186 3696 ἐκφύγῃ
1242 3625 1513 3693 παγίδας·
1566 3629 1654 3684 διά
1713 3613 1872 3689 τοῦτο

276 3703 538 3778 λογισμοὶ
568 3709 681 3774 τοῖς
717 3710 1052 3783 ἀνθρώποις,
1087 3702 1174 3772 ἵνα
1198 3717 1482 3788 ἐκφύγωσι
1510 3722 1579 3776 τά
1613 3725 1868 3801 ἁμαρτή-

282 3813 459 3872 ματα.

316 3914 505 3970 ΤΙΤΛ.
543 3916 678 3974 KA'.
719 3950 793 3962 --
836 3924 977 3992 "cpt
1029 3924 1330 3982 ἑκουσίων
1373 3933 1472 3988 καί
1525 3934 1838 3993 ἀκουσίων

837 3995 1297 4066 ἁμαρτημάτων.

360 4101 381 4137 ι
429 4083 555 4140 Ἐάν
609 4086 830 4159 πατάξῃ
861 4089 948 4152 τίς
998 4106 1143 4157 τινα,
1181 4093 1274 4145 καὶ
1328 4094 1603 4171 ἀποθάνῃ,
1653 4098 1874 4173 θανάτῳ

275 4174 659 4237 θανατούσθω.
687 4178 745 4234 '0
772 4181 831 4234 δὲ
859 4181 959 4253 ούχ
989 4183 1154 4250 ἑκὼν,
1185 4185 1304 4240 ἀλλ’
1331 4189 1360 4242 ό
1389 4187 1522 4254 Θεὸς
1553 4193 1873 4263 παρέδωκεν

276 4268 366 4331 είς
391 4268 492 4331 τὰς
522 4271 717 4342 χεῖρας
740 4273 930 4340 αὑτοῦ,
977 4273 1137 4331 δώσω
1166 4295 1249 4333 σοι
1293 4279 1479 4349 τόπον,
1516 4275 1580 4338 οὗ
1611 4285 1874 4356 φεύξεται

278 4359 401 4412 tne?
423 4361 452 4414 6
475 4361 768 4429 φονεύσας.
801 4382 819 4416 ι

362 4561 380 4594 ι
429 4541 670 4610 Ἐκεῖνος
705 4546 736 4600 6
776 4546 964 4615 δοῦλος
993 4550 1022 4603 ό
1068 4553 1232 4620 γνοὺς
1270 4553 1332 4610 τὸ
1371 4554 1584 4629 θέλημα
1630 4558 1726 4615 τοῦ
1774 4578 1874 4620 κυ-

1974 2037 2125 2093 nime
2153 2037 2444 2094 criminor.
2500 2036 2690 2109 Neque
2725 2037 2877 2092 enim
2930 2036 3077 2104 dico,
3119 2032 3242 2090 Non
3289 2035 3557 2104 concupi-

1975 2144 2121 2186 sees.
2152 2127 2274 2186 Non
2321 2129 2443 2203 eius
2495 2128 2646 2202 quod
2687 2137 2837 2187 recte
2893 2137 3076 2184 satum
3130 2126 3273 2194 fuit,
3311 2127 3556 2184 radicem

1976 2222 2198 2291 avello;
2229 2236 2422 2278 verum
2467 2220 2813 2278 adulterinas
2851 2227 3128 2290 corruptae
3163 2217 3356 2293 stirpis
3386 2217 3556 2272 libras

1972 2314 2120 2372 elido
2149 2327 2319 2388 atque
2348 2323 2598 2388 amputo.
2619 2315 2742 2371 Non
2773 2315 2879 2371 hoc
2912 2315 3039 2369 dico
3066 2321 3127 2368 ut
3156 2311 3558 2383 concupiscen-

1973 2410 2109 2465 tiam
2158 2410 2433 2481 erstirpes
2482 2424 2550 2466 ex
2607 2409 2832 2476 animo;
2883 2407 2981 2464 sed
3023 2407 3227 2479 spuria:
3246 2404 3558 2481 aﬂectiouis

1977 2503 2320 2573 pullulantes
2398 2502 2583 2560 adhuc
2658 2503 2908 2559 stolones
2988 2500 3279 2557 exscinde.
3355 2496 3558 2570 Ecquis

1974 2597 2201 2667 optima:
2245 2597 2433 2653 telluri
2492 2595 2703 2652 zizania
2754 2595 3051 2664 inspersit?
3090 2594 3304 2650 Bonum
3365 2605 3556 2647 semen

1978 2689 2271 2756 seminavi,
2318 2690 2469 2746 unde
2509 2688 2747 2746 exitiosa
2797 2688 3016 2744 zizania
3062 2684 3432 2759 prodierunt?
3460 2699 3560 2741 ex-

1977 2792 2128 2852 tere,
2185 2782 2484 2853 proculca.
2538 2780 2783 2855 ιιι-πίσσα
2823 2797 3013 2838 semen
3063 2779 3306 2843 malum,
3339 2785 3395 2833 et
3448 2790 3557 2831 non

1974 2878 2083 2933 erit
2113 2893 2214 2934 cur
2246 2875 2638 2934 crescentibus
2680 2875 2909 2933 zizaniis
2961 2875 3202 2930 labores.
3245 2872 3561 2941 Quicunque

1975 2972 2304 3041 conspexerit
2330 2971 2602 3026 mulierem
2631 2969 2701 3024 ad
2752 2965 3230 3038 concupiscendam
3275 2981 3414 3030 eam,
3432 2964 3554 3034 jam

1975 3065 2265 3121 merebatur
2295 3073 2374 3120 est
2409 3081 2526 3121 eum
2567 3065 2620 3118 in
2662 3061 2820 3119 corde
2855 3079 2952 3118 suo
2981 3061 3211 3134 (Matth.
3245 3077 3298 3124 v,
3323 3058 3454 3131 28).

2048 3156 2143 3214 Uti
2199 3172 2483 3230 passerem
2525 3157 2667 3214 nihil
2700 3172 2892 3229 penna:
2930 3155 3160 3226 juvant,
3201 3169 3328 3209 cum
3359 3153 3557 3224 laqueo

1975 3253 2319 3324 interceptus
2373 3261 2492 3318 est,
2530 3251 2626 3308 sed
2674 3249 2880 3306 frustra
2930 3256 3096 3321 atque
3148 3250 3432 3304 incassum
3463 3259 3560 3301 eas

1972 3347 2166 3420 gerit:
2221 3347 2296 3401 ita
2353 3359 2458 3401 nec
2523 3345 2626 3401 tibi
2687 3343 2992 3416 quidquam
3049 3342 3280 3413 prodest
3332 3339 3552 3396 ratione

1972 3439 2264 3511 praeditum
2311 3452 2481 3506 esse,
2547 3438 2613 3518 si.
2657 3437 2728 3494 ab
2785 3436 3037 3508 improba
3101 3432 3558 3506 concupiscentia

1973 3533 2351 3606 expugnaris;
2412 3531 2508 3590 sed
2576 3530 2988 3604 quantumlibet
3054 3529 3308 3593 saltites,
3359 3537 3560 3599 captus

1974 3635 2169 3684 tamen
2204 3627 2438 3684 teneris.
2484 3625 2619 3681 Eam
2651 3626 2724 3682 ob
2753 3640 2870 3681 rem
2908 3623 3230 3694 passeribus
3263 3622 3363 3678 ala:
3387 3631 3518 3679 sunt
3541 3665 3558 3692 ,

1973 3722 2180 3793 quibus
2233 3723 2468 3793 laqueos
2520 3722 2732 3786 vitent;
2786 3719 3000 3774 idcirco
3029 3717 3198 3775 etiam
3231 3716 3558 3773 hominibus

1973 3814 2124 3869 inest
2161 3813 2305 3869 ratio
2326 3855 2341 3882 ,
2370 3827 2480 3885 qua
2516 3819 2742 3886 peccata
2774 3810 3064 3884 effugiant.

1973 3925 2112 3985 ΤΙΤ.
2145 3926 2290 3985 XXI.
2339 3957 2410 3971 -ο
2445 3928 2522 3984 De
2570 3929 2803 3998 peccatis
2866 3945 2984 4000 qua:
3024 3937 3137 3985 tum
3173 3939 3392 4000 sponte,
3449 3938 3559 3985 tum

2451 4001 2616 4055 invite
2641 4000 3074 4055 committuntur.

2050 4090 2227 4148 Exod.
2287 4109 2401 4156 xxx,
2434 4093 2522 4147 l2.
2557 4124 2628 4135 -—
2663 4110 2683 4144 ι
2721 4091 2780 4147 Si
2818 4092 2947 4163 quis
2996 4092 3238 4163 aliquem
3265 4107 3558 4162 percusse-

1973 4185 2087 4253 rit,
2146 4187 2239 4257 qui
2299 4193 2554 4242 mortuus
2621 4184 2823 4251 fuerit,
2875 4192 3052 4240 morte
3109 4187 3399 4241 moriatur.
3451 4185 3557 4253 Qui

1974 4285 2160 4334 autem
2188 4293 2298 4334 non
2334 4289 2537 4349 sponte
2568 4321 2582 4346 ,
2638 4278 2735 4334 sed
2773 4293 2900 4334 cum
2932 4276 3078 4334 Deus
3108 4277 3400 4333 tradiderit
3430 4294 3556 4334 eum

1976 4370 2034 4426 in
2089 4385 2293 4445 manus
2334 4386 2510 4428 suas:
2563 4371 2710 4427 dabo
2760 4372 2810 4428 ci
2853 4371 3033 4428 locum
3060 4411 3075 4440 ,
3118 4387 3232 4443 quo
3263 4371 3437 4446 fugiat
3466 4373 3560 4430 ille

1975 4465 2070 4538 qui
2110 4465 2403 4521 occiderit.
2445 4482 2466 4518 ι

2050 4553 2182 4612 Luc.
2216 4572 2315 4622 xu,
2360 4553 2453 4610 47.
2483 4587 2552 4598 --
2582 4574 2604 4608 ι
2640 4555 2737 4611 llle
2797 4571 2993 4613 servus
3033 4557 3128 4627 qui
3163 4557 3423 4628 cognovit
3457 4575 3560 4614 vo-

289 4631 407 4704 ρίου
443 4634 632 4700 αὑτοῦ,
663 4637 758 4691 καὶ
790 4639 866 4710 μὴ
907 4643 1165 4713 ποιήσας,
1203 4645 1507 4718 δαρήσεται
1541 4651 1767 4719 πολλάς.
1809 4653 1870 4709 ὐ

1989 4657 2245 4706 .untatem
2276 4647 2489 4704 domini
2515 4647 2626 4717 sui,
2663 4656 2720 4706 ct
2753 4665 2860 4704 non
2887 4650 3041 4719 fecit,
3068 4651 3248 4724 plagis
3281 4653 3560 4724 vapulabit

282 4724 343 4778 δὲ
372 4725 448 4798 μὴ
480 4729 664 4798 γνοὺς,
697 4729 997 4804 δαρήσεται
1031 4734 1240 4806 ὀλίγας.
1277 4757 1296 4791 ι

365 4838 382 4872 ι
412 4819 588 4893 Χάριν
636 4821 749 4896 ἔχω
788 4823 867 4896 τῷ
910 4827 1352 4900 ἐνδύναμώσαντί
1382 4852 1450 4907 με
1493 4838 1739 4911 Χριστῷ,
1788 4841 1871 4896 ὅτι

289 4912 485 4967 πιστόν
511 4932 580 4984 με
615 4916 883 4986 ἡγήσατο,
920 4918 1151 4991 θέμενος
1190 4924 1269 4988 είς
1299 4927 1398 4998 τὴν
1452 4929 1732 4987 διακονίαν
1777 4933 1873 4987 τὸν

289 5005 557 5078 πρότερον
606 5007 736 5062 ὄντα
782 5009 1126 5084 βλάσφημον,
1154 5018 1249 5069 καὶ
1288 5017 1546 5092 διώκτην,
1587 5024 1683 5077 καὶ
1713 5023 1873 5095 ὑϐρι-

289 5097 460 5168 στήνο
491 5098 606 5152 ἀλλ’
635 5100 898 5174 ἠλεήθην,
919 5104 1002 5158 ὅτι
1033 5105 1246 5175 ἀγνοῶν
1267 5110 1501 5182 ἐποίησα
1528 5113 1588 5167 ὲν
1616 5116 1870 5188 ἀπιστίᾳ.

298 5189 774 5264 ἰ’περεπλεόνασε
811 5195 871 5250 δὲ
918 5198 951 5268 ή
991 5199 1149 5270 χάρις
1200 5201 1296 5254 τοῦ
1327 5204 1536 5276 Κυρίου
1586 5207 1731 5276 μετά
1779 5209 1872 5264 πί·-

291 5303 482 5353 στεως,
514 5289 611 5343 καὶ
637 5288 861 5362 ἀγάπης
887 5291 987 5364 τῆς
1016 5294 1076 5347 ὲν
1101 5294 1327 5366 Χριστῷ
1362 5299 1566 5370 Ἰησοῦ.
1599 5319 1619 5353 ι

358 5564 389 5601 4
423 5550 723 5618 Ἑκουσίως
752 5555 1183 5626 ἁμαρτανόντων
1212 5558 1372 5632 ήμῶν
1401 5562 1540 5632 μετὰ
1583 5561 1646 5617 τὺ
1686 5519 1897 5620 λαδεῖνῖ

287 5645 385 5716 τὴν
415 5646 712 5716 ἐπίγνωσιν
737 5649 839 5721 τῆς
877 5649 1159 5723 ἀληθείας,
1191 5652 1374 5709 οὐκέτι
1418 5657 1551 5727 περὶ
1582 5659 1870 5733 ἁμαρτιῶν

286 5735 643 5791 ἀπολείπεται
673 5739 854 5808 θυσία,
887 5740 1094 5816 φοϐερὰ
1135 5743 1192 5797 δέ
1244 5763 1328 5811 τις
1372 5747 1570 5821 ἐκδοχὴ
1610 5751 1867 5822 κρίσεως,

289 5828 384 5880 καὶ
433 5831 604 5899 πυρὸς
666 5833 828 5906 ζῆλος
877 5835 1080 5892 ἐσθίειν
1117 5838 1404 5909 μέλλοντος
1455 5842 1584 5908 τοὺς
1634 5843 1867 5900 ὑπεναν-

289 5920 456 5977 τίους.
495 5942 511 5974 ι

287 5937 456 5986 τιους.
495 5942 511 5974 ι

1975 4742 2184 4799 multis.
2218 4741 2322 4809 Qui
2348 4750 2530 4797 autem
2559 4756 2668 4798 non
2690 4743 2971 4814 cognovit,
3004 4744 3286 4814 vapulabit
3308 4747 3554 4819 paucis.-

2046 4831 2076 4888 1
2119 4832 2257 4889 Tim.
2296 4850 2332 4900 ι,
2366 4833 2550 4888 12-14.
2573 4865 2645 4875 -
2669 4852 2687 4888 ι
2719 4833 2941 4892 Gratias
2965 4851 3069 4910 ago
3099 4837 3150 4893 ei
3186 4837 3277 4908 qui
3311 4854 3400 4895 me
3426 4854 3560 4894 con-

1974 4925 2182 4994 l‘ortat,
2232 4926 2494 4993 Christo,
2543 4927 2676 4999 quia
2735 4927 2948 4985 ﬁdelem
3020 4945 3110 4985 me
3173 4931 3557 4999 existimavit,

1975 5036 2191 5094 ponens
2235 5021 2291 5076 in
2325 5022 2680 5089 ministerio,
2711 5023 2808 5094 qui
2856 5023 3012 5094 prius
3045 5023 3405 5096 blasphemus
3439 5024 3517 5081 fui
3539 5067 3558 5092 ,

1971 5120 2406 5185 etpcrsecutor,
2458 5123 2512 5171 et
2565 5116 3037 5186 contumeliosus;
3089 5116 3187 5174 sed
3233 5119 3556 5176 misericor-

1973 5204 2122 5261 diam
2176 5215 2516 5266 consecutus
2569 5225 2690 5266 sum
2717 5253 2733 5278 ,
2771 5212 2901 5281 quia
2936 5211 3209 5283 ignorans
3248 5211 3349 5267 ieci
3385 5213 3437 5268 in
3474 5213 3559 5269 in-

1975 5299 2328 5356 credulitate.
2363 5300 2862 5373 Superabundavit
2897 5311 3084 5359 autem
3124 5304 3304 5374 gratia
3337 5306 3556 5364 Domini

1974 5395 2151 5449 nostri
2182 5393 2317 5452 Jesu
2348 5395 2558 5453 Christi
2615 5412 2740 5455 cum
2776 5398 2882 5455 lide
2916 5405 2971 5455 et
3003 5397 3280 5455 cbaritate
3304 5401 3359 5456 in
3393 5402 3557 5458 Chri-

1974 5495 2063 5543 sto
2090 5484 2244 5543 Jesu.

2046 5576 2211 5634 Hebr.
2247 5595 2302 5645 ι,
2333 5578 2428 5635 26.
2455 5611 2525 5624 --
2558 5599 2577 5633 ι
2612 5579 2940 5641 Voluntartc
2975 5584 3339 5654 peccantibus
3391 5589 3554 5646 nobis

1974 5680 2098 5742 post
2134 5681 2419 5744 acceptam
2474 5675 2724 5732 notitiam
2760 5677 3047 5747 veritatis,
3077 5680 3192 5749 jam
3239 5697 3346 5737 non
3379 5684 3553 5738 relin-

1971 5761 2166 5830 quitur
2196 5777 2297 5832 pro
2330 5765 2573 5832 peccatis
2626 5767 2837 5831 hostia;
2875 5770 2968 5825 sed
3003 5772 3273 5830 terribilis
3299 5775 3550 5846 quaedam

1971 5855 2312 5924 caspcctatio
2340 5856 2534 5927 judicii
2557 5901 2570 5924 ,
2603 5868 2658 5915 et
2702 5860 2845 5932 ignis
2893 5866 3174 5923 aemulatio
3199 5911 3212 5935 ,
3245 5884 3368 5940 quae
3405 5883 3551 5924 con-

1973 5958 2261 6016 sumptura
2291 5958 2374 6008 est
2414 5952 2786 6012 adversarios.
2828 5973 2850 6010 ι
