4014 6302
554 376 689 443 1559

1739 379 1802 441 S.
1841 379 2160 445 JOANNIS
2198 383 2635 454 DAMASCENI

3680 397 3800 465 1560

616 494 778 568 520
810 493 868 551 S.
896 495 1070 552 Basil.
1115 495 1166 550 in
1207 498 1381 567 princ.
1418 495 1579 551 Prov.
1606 528 1671 536 —
1705 494 1943 551 Peccata
1997 512 2121 567 par-

2303 506 2429 562 Τῶν
2461 510 2908 586 ἁμαρτημάτων,
2954 514 3025 570 τὰ
3070 514 3167 586 μὲν
3201 514 3432 573 ἀκούσιά
3458 518 3629 584 ἐστιν,
3658 520 3723 573 τὰ
3750 521 3799 576 δὲ

544 586 642 641 tim
676 589 990 644 voluntaria
1044 605 1154 644 non
1216 597 1389 653 sunt,
1440 596 1495 645 ct
1536 589 1736 661 partim
1770 592 1839 645 ab
1874 590 2122 661 improba

542 682 829 738 voluntate
860 682 1320 754 proﬁciscuntur.
1362 680 1665 756 Fingamus
1690 683 1836 741 enim
1869 694 2122 755 stuprum

543 789 688 840 esse,
716 774 783 829 de
809 789 918 844 quo
950 774 1006 828 in
1029 774 1241 844 judicio
1271 774 1642 847 disceptetur,
1670 790 1736 832 ac
1765 777 1871 832 duo
1902 788 2081 833 scorta
2106 792 2121 828 :

542 867 777 922 alterum
837 874 1021 922 autem
1054 866 1245 923 lenoni
1300 868 1585 924 venditum
1609 910 1626 937 ,
1658 869 1802 924 baud
1838 878 2035 941 sponte
2065 874 2121 925 in

542 959 688 1012 malo
728 958 979 1023 haerere,
1018 966 1187 1031 atque
1235 959 1491 1033 corporis
1541 971 1811 1031 quaestum
1845 959 2126 1032 ﬂagitiosa

540 1051 767 1107 domino
820 1053 1112 1122 praebere;
1169 1053 1405 1109 alterum
1454 1067 1589 1108 vero
1618 1053 1927 1109 libidinosa:
1959 1054 2117 1111 volu-

543 1146 715 1215 ptati:
745 1160 917 1200 causa
952 1160 1078 1201 sese
1118 1145 1321 1202 sceleri
1353 1146 1727 1216 mancipasse.
1755 1145 1931 1202 Aliter
1953 1145 2126 1217 igitur

541 1254 667 1308 qua:
697 1238 870 1294 invite
920 1239 1061 1294 ﬁunt
1112 1241 1330 1294 veniam
1388 1249 1825 1310 consequuntur,
1878 1249 1933 1294 et
1965 1240 2127 1295 aliter

538 1346 664 1403 qua:
700 1330 954 1403 improbo
1000 1339 1056 1387 et
1108 1334 1382 1389 scelerato
1433 1333 1619 1390 animo
1651 1343 1942 1405 geruntur,
1985 1348 2122 1389 con-

538 1427 905 1481 demnantur.

610 1515 671 1572 S.
705 1513 966 1573 Clamant.
994 1548 1065 1559 --
1086 1517 1242 1585 Quod
1276 1516 1650 1575 voluntarium
1683 1536 1794 1576 non
1828 1529 1947 1591 est,
1975 1520 2127 1593 judi-

537 1612 627 1666 cio
659 1612 961 1668 obnoxium
996 1628 1109 1668 non
1139 1623 1246 1669 est.
1279 1612 1336 1670 ld
1365 1624 1551 1672 autem
1597 1616 1654 1671 in
1683 1615 1894 1689 duplici
1923 1632 2126 1688 genere

534 1714 623 1761 est
658 1725 670 1759 :
708 1705 941 1762 alterum
972 1706 1118 1762 enim
1151 1706 1465 1778 ignorantia
1498 1708 1586 1775 lit;
1612 1710 1852 1765 alterum
1880 1710 1958 1766 vi.

609 1797 853 1871 Didymi.
890 1798 1042 1854 —Si
1091 1800 1221 1870 quis
1284 1816 1382 1870 per
1430 1800 1836 1874 ignorationem
1895 1803 2125 1870 labitur,

2227 602 2335 657 ἀπὸ
2365 602 2593 676 γνώμης
2615 608 2861 680 πονηρᾶς
2892 606 3125 678 γίνεται.
3155 610 3524 683 Ὑποθώμεθα
3542 612 3653 685 γὰρ
3681 630 3800 686 πορ-

2227 696 2378 751 νείαν
2431 692 2665 753 εἶναιτὸ
2696 699 3043 773 κρινόμενον,
3098 700 3192 758 καὶ
3221 704 3431 777 πόρνας
3459 703 3590 759 δύο·
3638 705 3798 777 ἀλλ’ἢ

2231 789 2333 861 μὲν
2376 791 2734 866 πορνοϐοσκῷ
2772 795 3071 868 πραθεῖσα,
3104 796 3243 869 πρὸς
3280 796 3537 869 ἀνάγκην
3580 798 3727 853 ἐστὶν
3748 798 3799 851 ἐν

2226 881 2306 955 τῷ
2335 884 2515 956 κακῷ,
2550 885 2650 959 τὴν
2678 890 2745 941 ἐκ
2767 886 2862 942 τοῦ
2898 886 3158 960 σώματος
3182 889 3447 964 ίργασίαν
3475 888 3559 961 τῷ
3591 889 3801 962 πονηρῷ

2226 973 2468 1054 δεσπότῃ
2501 981 2857 1052 παρεχομένη
2877 998 2893 1014 ·
2925 983 2963 1057 η
2988 982 3046 1040 δὲ
3077 982 3170 1038 διὰ
3197 982 3295 1056 τὴν
3324 982 3523 1057 ἡδονὴν
3549 984 3800 1049 ἑκουσίως

2227 1070 2427 1145 ἑαυτὴν
2453 1072 2717 1128 ἐπιδοῦσα
2749 1077 2816 1148 τῇ
2837 1075 3104 1151 ἁμαρτίᾳ.
3133 1075 3345 1143 Ἄλλως
3367 1072 3459 1132 οὖν
3483 1076 3555 1131 τὰ
3581 1077 3799 1131 ἀκούσια

2226 1164 2489 1237 τυγχάνει
2549 1165 2909 1241 συγγνώμης,
2943 1169 3040 1225 καὶ
3076 1170 3254 1238 ἄλλως
3297 1171 3366 1228 τὰ
3410 1171 3477 1227 ικ
3532 1172 3801 1247 μοχθηρᾶς

2230 1257 2613 1332 προαιρέσεως
2653 1261 3068 1336 κατακρίνεται.

2302 1533 2376 1587 Τὸ
2409 1532 2669 1589 ἀκούσιον
2689 1534 2752 1589 οὐ
2783 1536 3050 1607 κρίνεται.
3084 1536 3274 1590 Διττδν
3302 1536 3356 1592 δὲ
3395 1536 3562 1593 τοῦτο
3580 1552 3595 1567 ·
3624 1535 3690 1591 τὺ
3716 1536 3806 1608 μιν

2226 1628 2511 1700 γινόμενον
2554 1629 2692 1699 μετὰ
2720 1630 2968 1698 ἀγνοίας,
2998 1629 3061 1684 τδ
3079 1629 3137 1685 δὲ
3165 1629 3236 1685 δι’
3263 1628 3535 1703 ἀνάγκην.

2296 1814 2359 1867 Ei
2406 1812 2625 1881 πρῶτον
2678 1813 2874 1884 ἀγνοίᾳ
2922 1812 3219 1880 σφάλλεταί
3251 1829 3360 1877 τις,
3397 1816 3454 1865 οὐ
3494 1807 3808 1874 κολαστέος,

536 1891 688 1946 hunc
711 1906 930 1962 aequum
965 1907 1075 1946 non
1105 1901 1192 1947 est
1228 1908 1392 1964 poena
1424 1893 1679 1948 multari.
1714 1892 1765 1951 Is
1806 1896 1953 1951 enim
1989 1911 2121 1967 sup-

2241 1869 2770 1960 ὲκείνουρκολαστὲου
2802 1869 2897 1959 τοῦ
2934 1869 3058 1959 καθ’
3090 1903 3205 1970 ’ἐξιν
3239 1869 3682 1978 ἁμαρτάνοντος.

536 1984 704 2052 plicio
756 1982 977 2040 demum
1027 1983 1168 2039 allici
1221 1985 1419 2051 debet,
1453 1986 1548 2056 qui
1595 1986 1765 2041 animi
1826 1986 2125 2044 affectione

539 2086 757 2152 peccat.

606 2174 839 2230 Peccata
869 2188 994 2245 quze
1024 2187 1138 2229 non
1170 2182 1370 2243 sponte
1412 2180 1834 2245 perpetrantur,
1867 2189 1994 2229 cum
2034 2177 2121 2232 lex

544 2268 662 2339 ipsa
700 2266 1019 2335 eondonat,
1056 2274 1172 2322 tum
1217 2265 1366 2323 Deus
1409 2268 1767 2334 dissimulat,
1804 2276 1863 2323 ut
1897 2269 1992 2340 qui
2028 2269 2125 2326 be-

543 2362 749 2433 nignus
781 2362 893 2426 sit,
931 2376 1043 2417 non
1076 2360 1360 2430 crudelis;
1415 2369 1470 2418 et
1499 2361 1817 2418 voluntaria
1850 2361 2120 2419 vindicat.

606 2546 882 2603 Philonis.
905 2574 977 2588 —-
997 2543 1119 2603 Non
1172 2546 1325 2603 velut
1356 2546 1613 2619 iniquum
1652 2555 1738 2604 est
1764 2556 1962 2619 sponte
1992 2562 2123 2618 pec-

533 2653 700 2705 care,
740 2638 819 2694 ita
848 2647 904 2695 et
936 2638 1111 2696 invite
1144 2654 1208 2695 ac
1238 2655 1340 2711 per
1372 2640 1745 2713 ignorantiam
1775 2640 2121 2712 delinquere,

534 2731 646 2788 hoc
687 2730 900 2803 justum
957 2732 1178 2789 censeri
1215 2732 1429 2791 debet:
1465 2748 1658 2791 verum
1712 2733 1823 2789 hoc
1877 2734 2120 2791 medium

532 2822 829 2897 quemdam
881 2821 1161 2896 justitiam
1226 2826 1373 2883 inter
1422 2836 1479 2883 et
1534 2826 1873 2898 iniustitiam
1934 2828 2122 2885 locum

534 2927 737 2975 tenet:
797 2918 947 2989 quod
980 2919 1204 2989 quidem
1243 2933 1274 2975 a
1324 2920 1615 2977 nonnullis
1653 2918 1978 2979 indiﬂ'erens
2008 2922 2120 2978 dici

533 3008 699 3066 solet.
752 3007 945 3081 Neque
992 3010 1139 3067 enim
1171 3019 1462 3083 peccatum
1498 3012 1671 3069 ullum
1715 3013 1947 3084 iustitiae
1978 3032 2120 3089 opus

534 3103 724 3159 fuerit.

2299 2173 2381 2227 Τὰ
2417 2172 2518 2243 μὲν
2551 2174 2789 2230 ἀκούσια
2835 2175 3211 2247 ἁμαρτήματα
3270 2177 3365 2231 καὶ
3399 2176 3566 2249 νόμος
3600 2195 3812 2251 συγκω-

2229 2267 2333 2337 ρεί,
2386 2268 2481 2321 καὶ
2523 2265 2658 2332 Θεὸς
2702 2270 2943 2341 παρορᾷ,
2985 2266 3374 2341 φιλάνθρωπος
3421 2270 3537 2337 ὢν,
3567 2273 3669 2327 καὶ
3720 2274 3813 2327 οὐκ

2226 2359 2464 2434 ἀπηνὴς,
2505 2361 2602 2415 καὶ
2628 2360 2739 2418 τῶν
2770 2363 3060 2429 ἑκουσίως.
3086 2361 3216 2437 [llic
3248 2364 3500 2436 quaedam
3530 2365 3742 2423 desunt
3761 2368 3811 2422 in

2225 2452 2483 2509 omnibus
2508 2451 2670 2508 codd.
2695 2449 2719 2524 1

2307 2547 2399 2611 Ὠς
2433 2545 2495 2600 τὸ
2529 2546 2800 2611 ἑκουσίως
2839 2545 3174 2620 ἁμαρτάνειν
3224 2547 3376 2607 ἐστὶν
3419 2546 3641 2614 ἄδικον,
3675 2552 3815 2605 οὕτω

2225 2641 2285 2697 τὸ
2319 2640 2593 2706 ἀκουσίως
2626 2641 2723 2697 καὶ
2776 2642 2898 2699 κατ’
2927 2642 3188 2709 ἄγνοιαν,
3230 2643 3334 2699 οὐκ
3372 2641 3542 2708 εὐθὺς
3581 2642 3815 2713 δίκαιον,

2222 2735 2361 2792 ἀλλά
2388 2733 2526 2808 ταχύ
2557 2752 2664 2790 που
2690 2735 2946 2809 μεθόριον
2976 2738 3204 2809 ἀμφοῖν,
3224 2736 3442 2793 δικαίου
3470 2737 3572 2793 καὶ
3602 2737 3815 2804 ἀδίκου,

2222 2830 2286 2884 τὸ
2332 2827 2441 2884 ὑπό
2498 2846 2664 2884 τινων
2711 2828 3046 2902 καλούμενον
3093 2830 3413 2904 ἀδιάφορον.
3475 2829 3814 2905 ’Δμάρτημα

2222 2923 2335 2998 γὰρ
2366 2924 2545 2989 οὐδὲν,
2575 2924 2737 2998 ἔργον
2763 2923 3135 2997 δικαιοσύνης.

603 3196 801 3267 Ejusd.
825 3230 899 3243 --
923 3197 986 3254 Ei
1018 3198 1241 3271 quidem
1268 3199 1365 3272 qui
1404 3215 1590 3257 rerum
1621 3201 1914 3258 meliorum
1948 3202 2108 3274 igno-

2296 3201 2388 3272 Τῷ
2444 3201 2545 3273 μὲν
2594 3202 2793 3274 ἀγνοίᾳ
2833 3197 2932 3254 τοῦ
2985 3198 3300 3271 κρείττονος
3356 3196 3813 3271 διαμαρτάνοντι,

530 3292 752 3349 ratione
784 3302 1010 3364 peccat,
1066 3294 1230 3350 venia
1281 3293 1644 3364 impertitur:
1699 3295 1799 3366 qui
1831 3302 2013 3353 autem
2052 3296 2122 3354 de

531 3383 803 3441 industria
865 3384 1113 3463 injustus
1172 3393 1289 3453 est,
1341 3385 1437 3443 ille
1515 3386 1880 3445 excusatione
1938 3397 2121 3458 caret,

528 3479 737 3553 quippe
776 3479 871 3552 qui
897 3480 1015 3552 jam
1058 3489 1189 3538 ante
1231 3491 1430 3554 captus
1461 3483 1537 3539 sit
1574 3482 1631 3538 in
1664 3481 1788 3542 foro
1823 3487 2125 3543 conscien-

532 3572 643 3629 tiae.

532 3682 676 3741 TIT.
706 3683 876 3763 XXI).
903 3717 981 3763 —-_
999 3685 1074 3742 De
1102 3686 1173 3743 iis
1200 3687 1294 3758 qui
1319 3697 1476 3763 grato
1500 3689 1681 3743 animo
1712 3698 1876 3746 sunt:
1903 3701 1957 3746 et
1981 3690 2124 3763 quod

823 3757 1190 3828 benefactores
1214 3757 1534 3828 ’prd'dicare
1575 3772 1835 3831 oporteat.

604 3934 728 3992 Jos.
754 3952 832 3998 vr.
857 3935 949 3992 22.
985 3969 1050 3978 —
1078 3954 1097 3990 ι
1135 3936 1365 3996 Duobus
1412 3938 1748 4009 juvenibus,
1801 3941 1898 4013 qui
1928 3943 2125 4015 explo-

536 4036 750 4085 ratores
796 4028 953 4089 missi
1015 4029 1269 4101 fuerant,
1324 4031 1464 4086 dixit
1491 4031 1703 4090 Jesus:
1758 4035 2121 4107 ingredimini

536 4124 760 4178 domum
802 4124 1088 4187 mulieris,
1142 4131 1197 4179 et
1235 4122 1455 4181 educite
1502 4141 1659 4193 eam,
1698 4138 1753 4184 et
1782 4130 1969 4185 omnia
1998 4146 2124 4201 quae

536 4217 691 4272 illius
724 4224 875 4272 sunt.
907 4214 974 4273 Et
1003 4216 1238 4287 ingressi
1273 4227 1442 4283 sunt,
1477 4227 1535 4274 et
1573 4219 1891 4278 eduxerunt
1927 4221 2121 4281 Rabab

533 4310 926 4376 meretricem,
962 4318 1017 4365 et
1048 4316 1262 4378 patrem
1287 4316 1343 4365 et
1364 4320 1595 4367 matrem
1632 4312 1758 4384 ejus
1784 4354 1797 4378 ,
1832 4324 1887 4371 et
1916 4315 2121 4373 fratres

534 4397 679 4467 eius.
722 4417 745 4453 ι

607 4490 761 4547 Ρεαί.
812 4507 1080 4559 Lxxxvm,
1110 4493 1161 4549 ί.
1188 4525 1257 4535 -
1282 4512 1304 4547 ι
1344 4492 1759 4553 Misericordias
1806 4508 1935 4557 tuas
1959 4542 1975 4569 ,
2010 4499 2117 4557 Do-

532 4584 682 4640 mine
706 4626 722 4651 ,
751 4584 805 4639 in
841 4592 1109 4641 mternum
1138 4588 1396 4644 cantabo.
1436 4607 1455 4642 ι

610 4678 762 4733 Psal.
809 4695 935 4746 cxv,
987 4680 1076 4734 i2.
1105 4681 1336 4746 --Quid
1389 4684 1695 4741 retribuam
1751 4686 1985 4743 Domino
2015 4703 2117 4759 pro

534 4772 798 4827 erunibus
828 4787 951 4843 quae
988 4773 1245 4829 retribuit
1277 4774 1487 4831 nobis?
1526 4796 1548 4832 ι

603 4864 759 4921 Psal.
804 4882 1026 4933 cruri,
1083 4869 1138 4923 5.
1171 4900 1245 4911 --
1273 4889 1295 4923 ι
1353 4868 1412 4926 Si
1442 4872 1658 4929 oblitus
1695 4872 1851 4929 {utero
1893 4875 1994 4938 tui.
2028 4874 2119 4932 Je-

534 4961 776 5015 rusalem
796 5002 811 5029 ,
840 4960 1108 5017 oblivioni
1139 4963 1302 5020 detur
1331 4965 1562 5023 dextera
1596 4983 1739 5023 mea.
1775 4986 1795 5021 ι

605 5051 738 5119 Sup.
775 5069 892 5121 vni,
923 5053 1025 5115 21.
1074 5084 1124 5099 -
1154 5076 1173 5110 ι
1211 5056 1529 5115 Prudentia:
1550 5068 1636 5115 est
1665 5059 1809 5116 scire
1844 5062 2004 5131 cujus
2030 5074 2116 5119 est

533 5152 761 5205 donum.
803 5168 823 5203 ι

606 5240 778 5299 Eccli.
817 5260 899 5311 ιιι,
936 5243 1026 5300 Si.
1058 5278 1125 5290 -
1154 5265 1175 5299 ι
1202 5243 1312 5314 Qui
1340 5246 1525 5304 reddit
1554 5249 1827 5321 gratiam,
1862 5250 2116 5307 meminit

2233 3292 2537 3366 συγγνώμη
2563 3291 2773 3348 δίδοται
2791 3308 2806 3324 ·
2830 3294 2860 3348 ὁ
2887 3290 2944 3346 δὲ
2986 3292 3046 3361 ἐξ
3075 3291 3388 3363 ἐπιστήμης
3420 3290 3657 3357 ἀδικῶν,
3683 3292 3813 3347 ἀπο-

2223 3386 2416 3457 λογίαν
2445 3386 2548 3441 οὐκ
2582 3385 2718 3458 ἔχει,
2765 3384 3135 3460 προεαλωκὼς
3170 3385 3232 3439 ἓν
3259 3382 3337 3455 τῷ
3365 3381 3461 3438 τοῦ
3505 3382 3813 3445 συνειδότος

2221 3476 2587 3553 δικαστηρίῳ.

2228 3680 2411 3737 ΤΙΤΛ.
2449 3679 2576 3733 KB’.
2600 3709 2673 3720 —-
2705 3677 2848 3751 Περὶ
2867 3677 3406 3751 βῦχαριστούντωγ
3440 3676 3549 3751 καί
3586 3678 3811 3749 sin-on

2297 3752 2685 3840 μρνούντων·
2726 3748 2827 3804 καί
2854 3748 2956 3803 ὅτι
2982 3749 3104 3821 χρὴ
3143 3749 3287 3818 τοὺς
3338 3748 3683 3818 εὐεργέτας
3710 3763 3812 3816 tu-

2290 3836 2573 3892 ρῡσσειν.

2302 3959 2323 3992 ι
2360 3940 2486 4005 Τοῖς
2517 3938 2613 3993 δύο
2650 3938 2963 4001 νεανίσκοις
2987 3938 3103 4002 τοῖς
3129 3935 3633 4008 κατασκοπήσασιν
3667 3928 3810 3987 εἶπεν

2237 4030 2447 4104 Ἰησοῦς
2470 4049 2485 4064 ο
2513 4031 2802 4087 Είσὲλθετε
2831 4032 2911 4096 είς
2931 4029 3031 4103 τὴν
3060 4029 3240 4085 οἰκίαν
3272 4030 3372 4102 τῆς
3399 4029 3698 4100 γυναικὸς,
3728 4027 3811 4083 καί

2223 4123 2485 4179 ἐκϐάλετε
2516 4122 2711 4199 αὐτὴν,
2739 4125 2838 4179 καὶ
2874 4123 3055 4178 πάντα
3081 4121 3153 4179 τὰ
3179 4123 3374 4195 αὐτῆς.
3398 4122 3507 4177 Καὶ
3534 4122 3808 4194 εἰσῆλθον,

2224 4213 2321 4267 καὶ
2352 4210 2625 4283 ἐξήγαγον
2668 4211 2769 4283 τὴν
2810 4211 2983 4266 Ῥαὰϐ
3010 4211 3110 4282 τὴν
3158 4212 3391 4285 πόρνην,
3421 4212 3521 4266 καὶ
3573 4213 3676 4267 τὸν
3717 4229 3806 4265 τα-

2223 4305 2382 4377 τέρα,
2410 4305 2504 4361 καὶ
2522 4304 2623 4378 τὴν
2653 4304 2890 4378 μητέρα,
2922 4306 3019 4360 καὶ
3046 4304 3175 4371 τοὺς
3204 4305 3470 4376 ἀδελφοὺς
3499 4305 3706 4377 αὐτῆς,
3724 4323 3742 4355 ι

2305 4509 2325 4544 ι
2366 4491 2447 4546 Τά
2480 4489 2608 4562 ἐλὲη
2644 4506 2761 4559 σου,
2795 4490 2993 4563 Κύριε,
3023 4489 3105 4552 εἰς
3133 4485 3225 4542 τὸν
3254 4487 3431 4542 αίῶνα
3460 4485 3696 4560 ᾄσομαι.
3720 4503 3742 4537 ι

2301 4696 2318 4729 ι
2350 4675 2418 4730 Τί
2453 4673 2825 4732 ἀνταποδώσω
2850 4674 2930 4748 τῷ
2955 4674 3149 4747 Κυρίῳ
3181 4673 3311 4749 περὶ
3340 4674 3563 4731 πάντων
3588 4665 3667 4730 ὧν
3688 4673 3803 4727 ἀντ-

2222 4770 2502 4825 απέδωκεν
2527 4769 2692 4839 ήμῖνς
2723 4786 2743 4822 ι
3476 4814 3483 4827 _.

2298 4883 2316 4916 ι
2362 4862 2491 4917 Ἐὰν
2523 4860 2877 4934 ὲπιλάθωμαί
2908 4878 3029 4920 σου.
3068 4856 3798 4935 Ἰερουσαλὴμίὲπιλησθιίη

2216 4961 2251 5030 η
2279 4955 2431 5023 δεξιά
2462 4974 2591 5028 μου.
2625 4976 2646 5009 ι

2298 5071 2317 5106 ι
2345 5051 2668 5125 Φρονήσεώς
2700 5052 2852 5107 ἐστιν
2891 5052 2987 5108 καὶ
3010 5050 3073 5105 τδ
3101 5050 3302 5106 εἰδέναι
3333 5050 3480 5117 τίνος
3501 5053 3537 5123 η
3566 5051 3749 5125 χάρις.
3776 5065 3794 5101 ι

2299 5253 2319 5285 ι
2362 5232 2424 5287 ’0
2456 5231 2848 5295 ἀνταποδιδοὺς
2875 5231 3127 5305 χάριτας.
3161 5230 3447 5304 μέμνηται
3462 5231 3547 5293 είς
3582 5230 3646 5285 τὸ
3672 5229 3796 5302 μετὰ

535 5338 589 5392 iu
626 5346 905 5408 posterum
933 5381 948 5405 ,
995 5346 1053 5395 et
1099 5337 1161 5397 in
1213 5352 1462 5416 tempore
1511 5360 1678 5402 casus
1736 5345 1825 5402 sui
1870 5344 2118 5402 inveniet

2241 5328 2419 5393 ταῦτα,
2449 5326 2545 5382 και)⁸
2592 5327 2652 5380 ἐν
2684 5326 2867 5399 καιρῷ
2899 5324 3163 5390 πτώσεως
3197 5322 3370 5380 αὐτοῦ
3404 5322 3637 5396 εὑρήσει
3682 5322 3796 5391 στῆ·

538 5430 965 5484 ﬁrmamentum.
997 5448 1017 5481 ι

610 5521 777 5577 Ισῖεοίί.
811 5538 944 5587 ml,
982 5524 1072 5581 18.
1099 5556 1166 5570 —-
1199 5545 1219 5579 ι
1250 5525 1494 5582 Gratiam
1544 5528 1788 5586 hominis
1817 5534 1975 5603 quasi
2018 5548 2116 5603 pu-

536 5620 725 5690 pillam
760 5632 1054 5674 conserva.
1092 5637 1113 5669 ι

606 5712 741 5767 Luc.
804 5727 839 5779 ι,
870 5711 959 5766 47.
996 5743 1061 5753 -
1090 5731 1108 5763 ι
1143 5710 1293 5765 Dixit
1332 5710 1504 5767 Maria
1533 5731 1547 5768 :
1580 5712 1895 5785 Magniﬁcat
1932 5716 2113 5772 anima

542 5820 654 5861 mea
695 5804 1009 5858 Dominum.
1046 5824 1065 5856 ι

612 5898 744 5953 Luc.
792 5913 923 5965 xvn,
986 5899 1055 5953 1‘2
1108 5916 1251 5971 seqq.
1285 5932 1351 5943 —-
1389 5920 1408 5955 ι
1447 5901 1512 5957 Et
1564 5902 1914 5976 ingrediente
1952 5919 2020 5963 co
2051 5906 2109 5961 in

2402 5460 2415 5474 .
2444 5440 2465 5472 ι

2402 5460 2415 5474 .
2444 5440 2465 5472 ι

2218 5439 2537 5586 ριζμζὶάριν
2569 5510 2863 5586 ἀνθρώπου
2899 5509 2977 5575 ώς
3008 5510 3180 5583 κόρην
3211 5510 3579 5583 συντήρησον.
3606 5528 3629 5562 ι

2302 5734 2322 5773 ι
2355 5710 2491 5770 Elim
2526 5713 2764 5786 Μαριάμ
2785 5730 2802 5745 ο
2833 5712 3142 5783 Μεγαλύνει
3181 5713 3212 5785 ἡ
3244 5711 3395 5784 ψυχή
3435 5728 3536 5785 μου
3568 5710 3663 5765 τὸν
3689 5705 3787 5764 Κύ-

2262 5829 2360 5867 ιον.
2392 5829 2412 5865 ³

2262 5829 2360 5867 ιον.
2392 5829 2412 5865 ι

2225 5828 2257 5885 ρ
2303 5924 2320 5955 ι
2357 5904 2757 5977 Εἰδερχομένου
2790 5894 2956 5957 αὖτοῦ
2996 5899 3078 5965 εἰς
3120 5896 3221 5970 τὴν
3269 5898 3447 5968 πόλιν,
3485 5898 3786 5968 ὑπήντησαν
