4014 6302
306 397 439 471 1561

1577 402 1817 465 SACRA
1855 402 2321 472 PABALLELA.

3429 416 3563 485 1562

304 526 456 601 αὑτῷ
486 525 618 582 δέκα
634 524 827 596 λεπροὶ
848 521 1061 593 ἄνδρες,
1085 519 1182 575 καὶ
1202 512 1344 593 ἦραν
1374 518 1558 592 φωνὴν
1585 518 1842 607 λέγοντες
1863 535 1878 552 ·

1990 522 2309 593 civitatem,
2358 540 2728 589 occurrerunt
2758 533 2806 589 ei
2849 535 3038 590 decem
3079 534 3181 589 viri
3234 535 3469 607 leprosi,
3508 546 3562 593 ct

316 620 495 691 Ἰησοῦ
549 611 852 681 ἐπιστάτα,
902 614 1128 685 ἐλέησον
1166 613 1339 684 ἡμᾶς.
1385 612 1498 667 Καὶ
1556 609 1681 666 ἰδὼν
1722 606 1881 666 εἶπεν

302 711 520 775 αὐτοῖς’
552 708 925 784 Πορευθέντες
952 705 1263 774 ἐπιδείξατε
1290 704 1521 769 ἑαυτοὺς
1554 705 1670 769 τοῖς
1696 703 1878 778 ἱερεῦ-

304 820 414 859 σιν.
462 802 574 859 Καὶ
622 805 680 859 έν
728 800 807 874 τῷ
854 800 1094 870 ὑπάγειν
1155 797 1362 863 αὐτοὺς
1412 797 1879 872 ἐκαθαρίσθησαν.

302 891 399 960 Εἷς
424 895 482 951 δὲ
518 896 577 964 ἐξ
609 893 811 960 αὑτῶν,
860 892 984 948 ἰδὼν
1024 894 1108 948 ὅτι
1161 891 1311 963 ἰάθη,
1355 891 1699 965 ὑπέστρεψεν
1744 890 1881 963 μετὰ

302 988 490 1060 φωνῆς
525 985 770 1059 μεγάλης
812 982 1054 1051 δοξάζων
1080 984 1172 1039 τὸν
1202 984 1358 1051 Θεὸν,
1392 984 1486 1038 καὶ
1536 984 1737 1039 ἔπεσεν
1785 985 1883 1040 ἐπὶ

302 1080 600 1152 πρόσωπον
635 1077 803 1134 αὑτοῦ
832 1077 1176 1150 εὐχαριστῶν
1204 1076 1359 1150 αὑτῷ
1379 1095 1397 1110 ο
1432 1079 1530 1132 καὶ
1576 1078 1742 1143 αὐτὸς
1772 1078 1881 1134 Σα-

306 1170 593 1243 μαρείτης.
636 1166 987 1240 ’Δποκριθεὶς
1014 1166 1073 1221 δὲ
1112 1168 1141 1219 δ
1175 1165 1388 1238 Ἰησοῦς
1422 1163 1579 1221 εἷπεν
1604 1183 1620 1200 ·
1659 1166 1800 1239 Οὐχὶ
1831 1169 1881 1223 ot

299 1264 433 1319 δέκα
475 1261 957 1335 ἒκαθαρίσθησαν;
997 1261 1050 1314 οἰ
1084 1259 1143 1314 δὲ
1187 1260 1345 1315 ἐννέα
1379 1259 1525 1327 ποῦς
1562 1259 1676 1333 Οὐχ
1720 1260 1883 1333 εὑρέ-

299 1352 478 1423 θησαν
520 1350 968 1424 ὑποστρέψαντες
1001 1349 1192 1404 δοῦναι
1220 1349 1382 1416 δόξαν
1424 1350 1506 1424 τῷ
1551 1351 1692 1424 Θεῷ,
1725 1353 1774 1407 εί
1804 1352 1882 1425 μὴ

297 1449 647 1520 δᾰλλογενὴς
671 1443 847 1515 οὗτος.
887 1448 1001 1505 Καὶ
1030 1444 1190 1503 εἶπεν
1235 1447 1428 1521 αὑτῷ·
1467 1446 1735 1513 Ἀναστὰς
1781 1464 1882 1502 πο-

298 1542 486 1617 ρεύου,
518 1544 555 1614 ἡ
582 1542 769 1607 πίστις
793 1558 888 1598 σου
918 1542 1164 1597 σέσωκέν
1197 1558 1278 1598 σε.
1320 1560 1340 1594 ι

372 1747 393 1781 ι
439 1728 529 1783 Ἑν
581 1725 747 1783 παντὶ
806 1725 1225 1798 εὐχαριστεῖτε·
1280 1724 1436 1779 τοῦτο
1503 1724 1616 1796 γὰρ
1669 1723 1885 1796 θέλημά

294 1820 444 1872 ἔστιν
468 1816 603 1872 Θεοῦ
633 1819 691 1871 ὲν
720 1815 940 1890 Χριστῷ
980 1814 1159 1886 Ἰησοῦ
1197 1817 1278 1881 εἰς
1307 1815 1456 1885 ὑμᾶς
1507 1834 1527 1867 ι

368 1995 668 2067 Πρέπουσα
699 1992 1010 2064 δοξολογίας
1049 1992 1334 2057 ὑπόθεσις,
1367 1994 1402 2065 ἡ
1438 1990 1547 2047 τῶν
1585 1990 1882 2063 εὑεργετττι

298 2090 489 2163 μάτων
514 2091 794 2160 διήγησις.

382 2181 785 2253 Ἀποδὼσωμεν
828 2181 1013 2237 τοίνυν
1044 2181 1142 2236 σὺν
1173 2181 1321 2252 τόκῳ
1354 2181 1414 2235 τὸ
1443 2179 1624 2253 χρέος,
1660 2179 1728 2234 ἂν
1774 2177 1884 2250 ἄρα

292 2276 553 2333 τοσοῦτον
582 2275 953 2349 εὐποροῦντες
985 2275 1265 2346 φανῶμεν.

292 2482 479 2539 ΤΙΤΛ.
506 2482 635 2537 Kl".
669 2512 738 2524 --
765 2479 907 2552 Περί
932 2478 1363 2552 ἐκδικήσεωςο-
1387 2478 1486 2534 καί
1525 2480 1605 2548 ὡς
1650 2479 1883 2549 ἀπηγόο

353 2570 575 2624 paveat
597 2552 693 2620 δίς
721 2550 859 2624 περὶ
887 2551 996 2608 τοῦ
1024 2550 1229 2617 αὐτοῦχ
1245 2550 1596 2622 πράγματος
1617 2552 1878 2617 εὐθύνας

359 2623 850 2694 εἰσπράττεσθαι.

368 2756 389 2791 ε
419 2738 536 2794 Οὐκ
562 2737 871 2809 εκδικήσεις
906 2738 990 2804 δὶς
1017 2735 1114 2792 ἰπὶ
1148 2734 1209 2790 τδ
1244 2736 1403 2792 αὑτό.
1434 2754 1457 2788 ι

365 2850 386 2885 ‹
419 2829 485 2886 Τί
512 2828 794 2901 λογίζὶσθε
827 2829 921 2886 ἐπὶ
954 2830 1048 2884 τὸν
1080 2828 1327 2902 Κύριον;
1362 2828 1687 2885 συντέλειαν
1715 2829 1881 2895 αὑτὸς

289 2922 539 2995 ποιήσει,
574 2922 669 2978 καὶ
702 2919 802 2977 οὑκ
838 2921 1120 2997 ἐκδικήσει
1146 2921 1229 2988 δἰς
1259 2923 1354 2977 ἐπὶ
1387 2922 1451 2975 τὸ
1490 2921 1627 2977 αὑτὸ
1666 2924 1725 2978 ἐν
1759 2920 1878 2976 θλί-

289 3011 408 3086 ψει.
442 3031 464 3068 ›

290 3129 475 3203 ΤΙΤΔ.
510 3132 639 3188 KA'.
663 3159 736 3173 --
786 3131 925 3202 Περί
965 3131 1298 3203 Αὲπικοίνων
1342 3129 1706 3203 πραγμάτων
1727 3144 1747 3203 '_
1777 3129 1878 3184 καί

1983 612 2307 674 levaverunt
2355 636 2545 680 vocem
2597 641 2785 695 suam,
2830 626 3117 687 dicentes:
3168 628 3299 687 Iesu
3356 646 3563 701 praece—

1983 716 2130 778 ptor,
2164 709 2433 769 miserere
2472 717 2671 782 nostri,
2703 726 2758 774 et
2804 719 2943 774 dixit
2973 721 3053 777 eis
3081 739 3095 776 :
3130 720 3207 776 Ite
3234 761 3251 786 ,
3292 728 3347 777 et
3377 731 3563 777 osten-

1981 796 2095 852 dite
2113 813 2211 857 vos
2236 803 2641 863 sacerdotibus.
2668 806 2734 862 Et
2763 824 2888 865 cum
2914 809 3091 875 irent,
3124 811 3372 866 mandati
3405 817 3561 867 sunt.

1985 888 2141 948 Unus
2173 901 2360 952 autem
2403 912 2468 952 ex
2516 898 2653 963 illis,
2685 910 2746 955 ut
2772 900 2913 956 vidit
2953 903 3085 973 quia
3114 914 3343 959 sanatus
3373 913 3561 971 esset,

1982 996 2274 1054 regressus
2308 994 2394 1042 est
2428 1004 2552 1044 cum
2589 1005 2724 1047 voce
2749 1006 2977 1063 magna,
3014 994 3331 1065 gloriﬁcaus
3366 994 3561 1062 Deum,

1983 1081 2038 1131 et
2096 1076 2298 1134 cecidit
2359 1079 2414 1134 in
2468 1078 2665 1138 faciem
2726 1092 2859 1140 ante
2935 1086 3102 1156 pedes
3154 1086 3295 1157 ejus,
3354 1088 3564 1158 gratias

1983 1180 2195 1238 agens:
2234 1178 2291 1226 et
2325 1171 2417 1228 hic
2465 1183 2588 1230 erat
2621 1175 3032 1235 Samaritanus.
3065 1178 3432 1251 Respondeas
3464 1197 3566 1237 au-

1983 1267 2094 1320 tem
2150 1259 2349 1330 Iesus,
2404 1267 2583 1324 dixit:
2640 1268 2834 1327 Nonne
2887 1273 3077 1329 decem
3115 1273 3367 1329 mundati
3392 1275 3567 1330 sunt?

1984 1362 2038 1410 et
2066 1370 2264 1413 novem
2294 1356 2388 1414 ubi
2418 1360 2587 1414 sunt?
2622 1359 2744 1417 Non
2774 1363 2980 1419 inventi
3008 1372 3140 1420 sunt
3169 1365 3263 1437 qui
3296 1366 3561 1431 redirent,

1983 1458 2039 1506 et
2075 1451 2275 1505 darent
2321 1452 2551 1523 gloriam
2604 1452 2717 1511 Deo
2744 1494 2762 1523 ,
2805 1456 2915 1511 nisi
2984 1457 3073 1514 hic
3128 1459 3460 1528 alienigena.
3498 1459 3566 1514 Et

1986 1540 2061 1597 ait
2094 1542 2173 1598 illi
2206 1561 2226 1599 :
2264 1542 2479 1616 Surge,
2508 1545 2687 1610 vade.
2733 1548 2865 1618 quia
2922 1548 3060 1606 lldes
3104 1559 3197 1606 tua
3245 1558 3298 1606 te
3347 1550 3561 1605 salvum

1985 1637 2138 1696 fecit.
2179 1656 2199 1691 ι

2057 1732 2214 1804 521
2272 1731 2301 1788 Ι
2354 1732 2537 1790 Thess.
2573 1750 2630 1799 v,
2663 1733 2841 1791 l7.-—-
2872 1756 2890 1789 ι
2923 1735 2982 1792 In
3036 1739 3295 1793 omnibus
3352 1740 3559 1809 gratias

1987 1829 2169 1900 agite:
2206 1830 2322 1885 haec
2357 1838 2441 1887 est
2470 1830 2615 1886 enim
2656 1831 2912 1885 voluntas
2947 1830 3041 1887 Dei
3085 1831 3139 1887 ln
3172 1832 3394 1889 Christo
3429 1831 3560 1889 Iesu

1987 1922 2042 1979 in
2072 1924 2250 1979 vobis.
2287 1944 2307 1978 ι

2056 2016 2119 2073 8.
2156 2017 2329 2074 Basil.
2359 2049 2431 2062 -
2451 2020 2767 2093 Cnngruum
2797 2018 3132 2077 laudationis
3174 2031 3562 2093 argumentum

1984 2122 2095 2179 est,
2125 2121 2485 2186 acceptorum
2525 2116 2924 2173 beneﬁciorum
2959 2116 3435 2171 commemoratio.

2054 2207 2115 2265 8.
2155 2206 2312 2279 Greg.
2341 2207 2488 2268 Naz.
2519 2219 2661 2266 orat.
2693 2211 2748 2265 in
2771 2209 2831 2265 8.
2862 2209 3025 2281 Cypr.
3055 2238 3125 2251 -ο
3155 2207 3409 2265 Debitum
3434 2224 3566 2280 ergo

1985 2314 2113 2355 cum
2172 2299 2369 2357 fenore
2423 2303 2849 2372 persolvamus;
2906 2302 2952 2357 si
2986 2310 3173 2357 tamen
3220 2308 3308 2357 sat
3347 2302 3565 2374 amplas

1983 2408 2115 2466 opes
2149 2394 2357 2452 habere
2388 2396 2752 2467 reperiantur.

1984 2506 2124 2565 'l'l'l‘.
2148 2501 2352 2579 XXIII.
2383 2538 2455 2551 -ι
2483 2506 2563 2563 De
2598 2508 2957 2565 vindicatione
2988 2525 3010 2565 :
3034 2517 3085 2564 et
3123 2506 3266 2579 quod
3295 2505 3361 2565 de
3389 2524 3446 2565 re
3475 2526 3567 2563 εσ-

2230 2578 2353 2637 dem
2397 2580 2477 2637 bis
2509 2596 2691 2652 pomus
2735 2583 2946 2653 exigere
2979 2596 3086 2638 non
3132 2578 3315 2637 liceat.

2055 2762 2215 2820 Deut.
2240 2794 2313 2805 —-
2338 2782 2361 2816 ‹
2400 2762 2521 2820 Non
2548 2764 2637 2819 bis
2665 2762 2975 2820 vindicabis
3006 2763 3063 2818 in
3092 2760 3360 2832 idipsum.
3398 2780 3421 2814 ο

2054 2854 2278 2912 ΝαΙιιιηι
2307 2872 2349 2923 ι,
2393 2857 2446 2913 9.
2480 2886 2551 2900 —-
2584 2874 2605 2909 ι
2646 2856 2789 2925 Quid
2839 2853 3104 2927 cogitatis
3142 2862 3339 2909 contra
3379 2852 3567 2908 Domi-

1981 2949 2741 3008 numYConsummationem
2779 2949 2901 3021 ipse
2945 2948 3148 3012 faciet,
3185 2957 3240 3005 et
3279 2963 3390 3004 non
3423 2946 3565 3004 ulci-

1982 3052 2173 3101 scetur
2210 3044 2295 3102 bis
2320 3044 2377 3101 in
2416 3043 2658 3118 idipsum
2688 3044 2746 3100 in
2783 3042 3171 3100 tribulatione.
3211 3061 3231 3096 ι

1985 3154 2123 3212 TlT.
2152 3154 2349 3230 XXIV.
2378 3187 2450 3230 -ς
2492 3156 2566 3213 De
2598 3158 2967 3230 communibus
3004 3157 3233 3230 negotiis
3260 3172 3297 3230 :7
3323 3156 3571 3227 quodque

358 3201 451 3301 (3t:
483 3203 602 3273 χρὴ
633 3200 881 3301 saetigeri
912 3201 988 3291 τὰ
1015 3204 1294 3301 earithqu
1325 3200 1682 3285 κάξαάλώγια,
1723 3201 1877 3258 διότι

2052 3200 2356 3283 communiri
2390 3228 2687 3285 diversoria
2722 3229 2940 3285 vitanda
2968 3200 3101 3299 sint:
3132 3200 3260 3301 quia
3280 3200 3402 3283 hi'nc
3431 3200 3567 3285 τῑὲω

357 3272 563 3344 μάχας
604 3272 703 3329 καὶ
736 3272 1089 3341 διαστάσεις
1119 3272 1585 3345 προξενοῦνται.

364 3402 386 3436 ι
420 3379 589 3438 Εἶπεν
630 3384 885 3458 ’Δόραάμ
903 3385 1043 3459 πρὸς
1071 3385 1224 3442 Λώτ·
1258 3387 1336 3459 μὴ
1377 3386 1521 3441 έστω
1558 3386 1711 3459 μάχη
1740 3387 1883 3442 ἀνα-

292 3476 463 3547 μίσον
490 3476 649 3550 ἐμοῦ,
684 3479 781 3533 καὶ
831 3478 1112 3551 ἁναμέσον
1146 3497 1265 3547 σου,
1311 3480 1411 3535 καὶ
1459 3481 1736 3551 ἁναμέσον
1770 3480 1882 3534 τῶν

289 3569 570 3641 ποιμένων
601 3588 725 3643 μου,
751 3572 846 3627 καὶ
875 3572 985 3627 τῶν
1024 3573 1305 3643 ποιμένων
1334 3591 1451 3639 σου,
1485 3574 1568 3628 ὅτι
1598 3572 1882 3645 ἄνθρωποι

289 3660 513 3732 ἀδελφοὶ
541 3665 709 3735 ἡμεῖς
736 3664 931 3736 ἐσμεν.
961 3660 1077 3719 Οὑκ
1108 3664 1220 3719 ἰδοὺ
1265 3666 1419 3720 πᾶσα
1456 3667 1490 3738 ἡ
1521 3668 1593 3738 γῆ
1633 3665 1881 3720 ἐναντίον

289 3754 389 3811 σού
419 3756 608 3821 ὲστινς
646 3756 1060 3832 Διαχωρίσθητι
1103 3759 1198 3813 ἀπ’
1229 3759 1391 3832 ἐμοῦ.
1434 3760 1499 3815 Εἰ
1532 3760 1599 3815 σὺ
1630 3761 1711 3824 εἰς
1754 3761 1880 3833 ἀρι-

288 3847 489 3922 στερὰ,
545 3848 659 3921 ἐγὼ
708 3852 790 3915 εἰς
839 3850 1032 3917 δεξιάο
1090 3852 1140 3905 εἰ
1192 3849 1256 3906 σὺ
1295 3852 1379 3918 εἰς
1422 3852 1593 3922 δεξιὰ,
1643 3851 1756 3923 ἐγὼ
1795 3853 1880 3919 εἰς

285 3942 578 4016 ἀριστερά.
607 3943 721 3999 Καὶ
759 3943 978 4016 ἐπάρας
1002 3943 1129 4000 Λὼτ
1156 3946 1291 4010 τοὺς
1327 3944 1645 4018 ὀφθαλμοὺς
1685 3946 1873 4015 αὑτοῦ,

287 4033 431 4092 εἶδεν
475 4035 578 4110 τὴν
624 4037 939 4111 περίχωρον
979 4037 1075 4092 τοῦ
1114 4036 1419 4111 Ἰορδάνου,
1474 4039 1562 4094 ὅτι
1608 4040 1759 4094 πᾶσα
1805 4035 1875 4113 ἦν

286 4128 644 4203 ποτιζομένῃ,
681 4129 790 4201 πρὸ
812 4127 910 4184 τοῦ
945 4130 1325 4203 καταστρέψαι
1361 4130 1455 4185 τὸν
1493 4130 1629 4186 Θεὸν
1664 4132 1875 4205 Σόδομα

285 4224 382 4276 καὶ
409 4221 694 4293 Γόμορρα,
724 4221 801 4284 ὠς
832 4221 1165 4293 παράδεισος
1194 4222 1289 4277 τοῦ
1317 4221 1480 4290 Θεοῦ,
1506 4224 1599 4278 καὶ
1632 4224 1709 4289 ὡς
1736 4226 1769 4296 ἡ
1798 4226 1873 4297 γῆ

281 4314 591 4383 Αἰγύπτου.
625 4314 737 4370 Καὶ
761 4315 1045 4384 ἐξελέξατο
1078 4316 1260 4389 ἐαυτῷ
1286 4316 1411 4373 Λὼτ
1430 4318 1531 4389 τὴν
1559 4319 1872 4392 περίχωρον

284 4406 381 4463 τοῦ
421 4405 714 4481 Ἰορδάνου,
742 4407 842 4463 καὶ
880 4410 1095 4482 ἀπῆρεν
1131 4409 1260 4465 Λὼτ
1297 4411 1406 4466 ἀπὸ
1444 4412 1745 4481 ἀνατολῶν,
1776 4415 1874 4471 καὶ

285 4498 690 4573 έχωρίσθησαν.
729 4518 751 4552 ι

2056 3309 2109 3354 et
2146 3300 2381 3355 dissidia
2405 3310 2720 3359 nascantur.

2058 3412 2188 3470 Gen.
2224 3430 2351 3481 xm,
2380 3414 2415 3471 8
2457 3432 2604 3488 seqq.
2632 3446 2704 3459 --
2732 3435 2752 3470 ι
2785 3414 2935 3472 Dixit
2979 3416 3257 3473 Abraham
3297 3417 3365 3474 ad
3410 3416 3512 3474 Lot
3547 3436 3562 3474 :

1981 3501 2061 3561 Ne
2089 3506 2200 3571 sit,
2230 3520 2462 3577 quaeso,
2504 3508 2755 3581 iurgium
2796 3509 2947 3564 inter
2982 3525 3069 3567 me
3106 3519 3161 3568 et
3205 3521 3295 3580 te,
3330 3518 3387 3569 et
3418 3512 3568 3569 inter

1980 3608 2236 3671 pastores
2268 3614 2422 3657 meos
2447 3607 2502 3657 et
2536 3610 2792 3672 pastores
2825 3611 2991 3659 tuos:
3048 3602 3250 3660 fratres
3290 3604 3439 3661 enim
3471 3600 3567 3662 su-

1982 3706 2130 3750 mus.
2158 3692 2244 3747 An
2286 3706 2399 3749 non
2442 3708 2574 3751 ecce
2606 3695 2867 3753 universa
2918 3707 3069 3754 terra
3115 3713 3300 3753 coram
3348 3706 3403 3754 te
3438 3698 3567 3756 est?

1978 3783 2196 3842 Recede
2220 3799 2251 3841 a
2281 3800 2392 3842 me.
2424 3784 2483 3841 Si
2526 3785 2597 3842 ad
2646 3788 2875 3844 sinistra
2904 3788 3034 3846 ieris
3055 3831 3072 3859 ,
3106 3803 3207 3862 ego
3238 3789 3304 3845 ad
3337 3791 3564 3847 dextera

1978 3879 2107 3949 ibo;
2140 3881 2187 3937 si
2235 3888 2297 3936 tu
2341 3880 2412 3937 ad
2459 3879 2686 3937 dextera
2714 3922 2731 3949 ,
2773 3897 2879 3954 ego
2919 3881 2988 3939 ad
3035 3883 3267 3940 sinistra
3312 3900 3563 3956 pergam.

1980 3973 2225 4031 Elevatis
2274 3975 2464 4047 itaque
2496 3974 2601 4031 Lot
2641 3975 2827 4033 oculis
2866 3977 3016 4044 suis,
3052 3977 3189 4033 vidit
3224 3992 3443 4033 omnem
3474 3993 3564 4033 rc.-

1975 4067 2197 4140 gionem
2246 4066 2533 4135 Iordanis,
2580 4069 2729 4141 quod
2777 4070 3043 4126 universa
3080 4070 3563 4141 irrigaretur,an-

1976 4165 2200 4230 tequam
2247 4159 2616 4217 subvertisset
2672 4160 2940 4216 Dominus
3005 4160 3300 4216 Sodomam
3353 4170 3409 4217 et
3447 4160 3561 4216 Go-

1976 4252 2255 4306 morrham
2280 4292 2298 4318 ,
2334 4253 2481 4308 sicut
2517 4251 2811 4324 paradisus
2842 4252 3058 4308 Domini
3082 4293 3097 4316 ,
3129 4260 3184 4309 et
3220 4251 3363 4310 sicut
3391 4251 3561 4326 Egy-

1975 4351 2123 4415 ptus.
2148 4345 2437 4417 Elegitque
2467 4346 2570 4402 sibi
2600 4344 2702 4402 Lot
2734 4346 3016 4416 regionem
3047 4346 3198 4402 circa
3226 4342 3553 4412 Iordanem,

1974 4446 2029 4496 ct
2059 4439 2293 4495 recessit
2316 4439 2389 4495 ab
2416 4439 2663 4507 oriente,
2696 4448 2751 4496 et
2777 4438 2943 4495 divisi
2976 4446 3108 4495 sunt
3132 4437 3203 4496 ab
3241 4439 3499 4497 invicem.
3535 4459 3554 4491 ι

361 4614 383 4648 ι
417 4595 689 4668 Κρεῖσσον
718 4595 890 4651 οἰκεῖν
911 4595 1007 4652 ἐπὶ
1031 4598 1238 4668 γωνίας
1266 4599 1561 4676 ὑπαίθρου,
1587 4599 1623 4674 ἦ
1652 4603 1711 4658 ὲν
1737 4600 1872 4676 οἴκῳ

2050 4611 2212 4669 Prov.
2248 4630 2366 4680 nt,
2396 4614 2470 4682 9;
2503 4631 2633 4680 xxv,
2660 4614 2751 4671 24.
2780 4646 2853 4658 -—
2886 4634 2905 4668 ι
2941 4614 3136 4671 Melius
3179 4622 3267 4671 est
3311 4614 3562 4671 habitare

284 4706 475 4745 κοινω.
514 4707 535 4741 1

361 4707 404 4743 ιν
460 4729 475 4744 .
514 4707 535 4741 ι

361 4800 382 4834 ι
408 4707 795 4858 ιιῖισχιιροτέριρ
820 4799 917 4837 σου
946 4784 1040 4839 καὶ
1085 4781 1469 4862 πλουσιωτιρῳ
1500 4806 1593 4844 σου
1636 4789 1714 4864 μὴ
1754 4807 1871 4846 κοικ-

282 4873 464 4931 νώνει.
513 4893 532 4928 ι

358 4966 612 5037 Ἐχουσιν
644 4968 701 5022 αἰ
740 4966 851 5025 τῶν
890 4968 1093 5023 κοινῶν
1132 4970 1448 5042 ἐπιμέλειαι
1493 4971 1666 5040 λαόὰς
1693 4973 1773 5038 εἰς
1806 4973 1871 5031 τδ

284 5057 630 5131 μεμφθῆναι.

280 5172 467 5229 ἸΊΤΛ.
498 5174 628 5230 KE’.
653 5203 725 5217 --
753 5174 898 5252 Περί
927 5174 1279 5252 εὐδοκιμίας
1297 5192 1311 5207 °
1349 5177 1439 5234 ὅτι
1469 5181 1663 5252 εὐχῆς
1689 5181 1869 5249 ἄξιον

840 5245 906 5300 τὸ
935 5248 1302 5315 κατόρθωμα.

356 5355 378 5390 ι
418 5334 541 5391 Ἐπὶ
575 5335 759 5409 μικρῷ
778 5335 876 5391 καὶ
908 5338 1132 5411 μεγάλῳ
1161 5342 1483 5417 εὑδοκιμίαν
1510 5343 1629 5415 ἔχε.
1659 5363 1681 5396 ι

355 5537 374 5571 ι
407 5518 719 5576 Σπούδασον
760 5522 994 5578 σεαυτὸν
1042 5524 1335 5597 εὐδόκιμον
1386 5531 1745 5603 παραστῆσαι
1783 5530 1863 5604 τῷ

277 5608 419 5684 Θεῷ,
456 5612 700 5686 ἐργάτην
726 5616 1179 5690 ἀνεπαίσχυντον.
1212 5637 1234 5672 ι

594 5792 776 5849 ΤΙΤΛ.
807 5792 951 5865 KQ".
980 5825 1047 5837 —-
1074 5798 1214 5869 Περί
1241 5800 1540 5874 ἐμπόρων.

350 5900 372 5935 ι
404 5881 576 5953 Μόλις
610 5884 873 5955 ἐξελεῖται
905 5888 1149 5965 ἔμπορος
1177 5893 1285 5949 ἀπὸ
1316 5896 1722 5973 πλημμελείας.
1758 5925 1779 5959 ι

1978 4708 2032 4763 in
2065 4710 2272 4779 angulo
2302 4708 2407 4764 sub
2435 4708 2550 4776 dio,
2590 4725 2753 4779 quam
2790 4710 2846 4765 in
2878 4712 3042 4766 domo
3068 4709 3372 4766 communi.
3410 4728 3431 4761 ι

2051 4799 2218 4856 Eccli.
2246 4818 2369 4866 xm,
2403 4804 2458 4858 2.
2479 4834 2549 4845 -
2573 4822 2592 4855 ι
2620 4801 2858 4859 Fortiori
2895 4812 2950 4860 et
2977 4803 3163 4860 ditiori
3190 4811 3243 4859 te
3268 4817 3337 4858 ne
3367 4801 3559 4858 socius

1977 4892 2173 4951 fueris.
2210 4915 2229 4948 ι

2052 4984 2265 5043 Habent
2283 4986 2662 5042 communium
2688 4987 3040 5059 negotiorum
3070 5004 3219 5044 curae
3254 4988 3556 5059 reprelicm

1975 5080 2153 5138 sionis
2177 5095 2367 5136 ansas.

1973 5196 2113 5255 TlT.
2142 5196 2311 5252 XXV.
2331 5224 2400 5270 -έ
2421 5196 2501 5254 De
2534 5200 2761 5253 nominis
2790 5196 3073 5270 splendore
3098 5215 3117 5253 :
3154 5208 3204 5254 et
3242 5196 3384 5270 quod
3413 5208 3551 5254 recte

2366 5269 2571 5337 factum
2610 5270 2784 5340 gloria
2814 5273 3031 5341 dignum
3064 5272 3159 5326 sit.
3256 5269 3261 5270 ν
3575 5276 3580 5281 ⁷

2040 5361 2210 5417 Eccli.
2246 5378 2401 5427 nix,
2424 5364 2517 5418 '50.
2539 5393 2611 5404 --
2637 5383 2656 5417 ι
2688 5365 2747 5419 lu
2776 5380 2947 5434 parva
2982 5374 3038 5423 et
3080 5380 3279 5437 magna
3306 5379 3387 5431 re,
3415 5380 3547 5421 rura

1974 5463 2031 5509 ut
2064 5456 2201 5511 bene
2221 5456 2438 5513 audias.
2476 5477 2497 5511 ι

2044 5547 2106 5604 ΙΙ
2135 5549 2274 5606 Tim.
2311 5565 2373 5616 ti,
2405 5551 2493 5607 15.
2519 5582 2589 5594 —-
2622 5571 2641 5604 ι
2674 5550 2927 5609 Sollicito
2959 5570 3094 5610 cura
3143 5558 3380 5627 teipsum
3415 5570 3543 5625 pro-

1968 5640 2205 5697 babilem
2260 5642 2522 5700 exhibere
2573 5645 2716 5710 Deo,
2772 5646 3178 5703 mercenarium
3236 5646 3545 5702 iucont‘usi—

1967 5732 2155 5789 bilem.
2190 5751 2212 5786 ι

2249 5823 2383 5883 ΤΙΤ.
2420 5825 2611 5885 XXVI.
2639 5859 2708 5871 -—-
2742 5829 2812 5887 De
2852 5833 3256 5889 mercatoribus.

2039 5911 2206 5972 Eccli.
2242 5946 2309 5958 -—-—
2344 5936 2363 5968 ι
2404 5914 2505 5973 Vix
2561 5929 2834 5979 mercator
2874 5924 3144 5997 eripietur
3193 5941 3222 5981 a
3263 5927 3518 5984 delicto.»
