4014 6302
436 307 570 411 1571

1622 341 1682 399 S.
1717 326 2039 404 JOANNIS
2075 334 2514 407 DAMASCENI

3559 339 3699 423 i572

435 459 663 512 tionem.
711 453 820 508 Ant
851 452 988 510 vade
1027 450 1095 507 ad
1127 464 1308 523 apem,
1342 439 1399 505 et
1428 447 1552 505 ride
1587 450 1850 519 quoniam
1873 459 2006 516 ope-

2124 449 2347 506 rrotetrat
2373 440 2818 528 τὴν-παράθεσιν.
2850 447 2922 517 Ἦ
2955 462 3253 538 πορεύθητι
3283 465 3420 539 πρὸς
3460 461 3561 539 την
3591 468 3694 540 pi-

435 568 577 608 τοι-ει
615 559 722 616 est,
753 564 1032 621 quamque
1079 548 1457 620 operationem
1498 561 1654 603 suam
1687 543 2007 616 praeclaram

436 648 635 703 faciat.
674 645 847 716 Cujus
909 645 1125 699 labores
1178 657 1337 713 reges
1384 649 1440 697 et
1493 641 1690 710 privati
1759 634 2011 692 sanitatis

432 755 603 796 causa
653 747 964 793 assumunt.
994 733 1388 790 Desiderabilis
1427 746 1560 788 vero
1612 729 1875 785 omnibus
1897 738 2005 791 est,

430 834 490 889 et
547 830 812 904 gloriosa,
875 828 1097 885 tametsi
1163 823 1368 896 alioqui
1458 822 1669 879 viribus
1723 817 2013 877 imbecillis

435 927 528 982 sit.
1921 925 1928 932 ”

509 1018 668 1075 Prov.
689 1033 820 1080 xxx,
836 1016 906 1072 2σί
923 1019 1134 1085 seqq.-’
1145 1033 1163 1066 ι
1175 1013 1422 1080 Quatuor
1435 1019 1566 1068 sunt
1588 1009 1814 1066 minima
1830 1017 2011 1077 terra,

435 1122 491 1168 et
521 1112 638 1184 ipsa
677 1120 806 1167 sunt
836 1109 1176 1181 sapientiora
1208 1105 1555 1178 sapientibus
1586 1122 1600 1158 :
1633 1104 1880 1161 formicae
1913 1117 2014 1175 po-

438 1205 607 1278 pulus
638 1202 909 1266 infirmus,
943 1209 998 1258 et
1055 1209 1324 1271 prteparat
1380 1198 1435 1252 in
1474 1205 1664 1252 aestate
1693 1195 1883 1252 cibum
1913 1213 1932 1252 :
1961 1203 2016 1251 et

438 1292 794 1366 chmrogrylli
835 1291 1074 1364 pepulus
1103 1290 1406 1355 invalidus,
1437 1288 1532 1358 qui
1565 1287 1810 1344 fecerunt
1836 1286 1891 1341 in
1918 1300 2015 1356 pr»

439 1389 544 1446 tris
610 1387 803 1444 domos
848 1400 1006 1440 suas.
1060 1382 1261 1454 Regem
1317 1383 1532 1437 locusta
1588 1394 1700 1435 non
1745 1380 1932 1448 habet,
1962 1387 2018 1433 et

441 1481 724 1537 turmatim
781 1477 1064 1550 egreditur
1092 1477 1158 1530 ad
1208 1477 1510 1546 iussionem
1547 1490 1715 1530 unam
1741 1489 1758 1541 ;
1787 1481 1843 1530 et
1870 1471 2017 1528 cala-

441 1576 596 1631 bntes
629 1574 882 1629 manilius
912 1573 1129 1634 nititur,
1170 1586 1234 1626 ac
1267 1566 1426 1625 facile
1482 1568 1722 1638 capitur,
1751 1575 1807 1622 et
1833 1576 2015 1621 tamen

443 1668 653 1724 habitat
684 1668 740 1720 in
792 1665 1191 1721 munitionibus
1244 1676 1460 1734 regum.
1514 1659 1648 1716 Tria
1707 1667 1841 1715 sunt
1897 1674 2019 1731 qua:

443 1763 580 1819 bene
601 1759 947 1832 gradiuntur,
972 1766 1028 1813 et
1082 1764 1344 1826 quartum
1379 1755 1524 1825 quod
1556 1763 1705 1810 recte
1735 1753 2013 1809 ambulat:

2109 540 2324 611 λισσαν,
2357 547 2452 601 καὶ
2481 548 2623 620 μάθε
2648 551 2731 607 δτι
2757 554 2983 625 ἐργάτις
3012 557 3129 612 ἐστί
3151 575 3164 588 '
3192 557 3291 631 τὴν
3325 556 3384 615 Gl
3428 561 3698 632 ἐργασίαν

2109 633 2186 698 ὡς
2217 637 2423 710 σεμνὴν
2451 643 2617 698 ποιεί.
2646 637 2756 709 της
2777 645 2906 713 τοὺς
2933 649 3128 714 πόνους
3157 648 3401 721 βασιλεῖς
3425 653 3533 708 καὶ·
3556 651 3698 706 ἰδιῶ-

2110 744 2201 812 ται
2230 729 2364 802 πρὸς
2381 731 2575 801 ὑγείαν
2603 738 3028 812 προσφέρονται.
3051 742 3282 815 Ποθεινὴ
3303 744 3364 800 δέ
3389 747 3510 800 ἐστι
3535 747 3695 808 πᾶσι,

2111 822 2208 876 καὶ
2245 823 2514 895 ἐπίδοξος,
2556 828 2761 905 καίπερ
2791 828 2928 889 οὖσα
2955 834 3012 889 ὲν
3041 833 3205 909 ῥώμῃ
3239 837 3497 912 ἀσθενής.
3526 856 3548 892 ι
3611 831 3618 858 ἶ

2190 1025 2210 1061 ι
2246 1007 2504 1081 Τέσσαρά
2529 1011 2679 1066 ἐστιν
2711 1013 2974 1086 ἐλάχιστα
3017 1015 3112 1072 ἐπὶ
3133 1017 3233 1092 τῆς
3259 1017 3400 1092 γῆς·
3421 1018 3598 1078 ταῦτα
3639 1021 3701 1076 δὲ

2112 1099 2232 1154 ἑστι
2254 1100 2540 1177 σοφώτερα
2556 1104 2668 1160 τῶν
2687 1104 2870 1177 σοφῶν
2889 1125 2903 1140 ’
2927 1109 2977 1164 οἰ
3003 1108 3315 1185 μύρμηκες,
3342 1107 3426 1180 οἷς
3452 1115 3526 1187 μή
3549 1115 3702 1168 ἐστιν

2117 1192 2305 1265 ἰσχὺς,
2339 1195 2436 1249 καὶ
2482 1196 2830 1270 ἐτοιμάζεται
2862 1199 3059 1275 θέρους
3094 1204 3195 1275 τὴν
3229 1206 3439 1279 τροφήν
3460 1223 3476 1238 ⁸
3521 1207 3618 1262 καὶ
3647 1209 3698 1261 οἰ

2113 1287 2490 1358 χοιρόγρυλλοι
2520 1289 2672 1358 ἔθνος
2701 1294 2802 1348 οὐκ
2824 1295 3066 1368 ἰσχυρὸν,
3091 1297 3139 1352 οἳ
3156 1299 3562 1372 ἐποιήσαντοέν
3592 1300 3700 1354 πέ-

2112 1380 2275 1454 τραις
2320 1383 2448 1448 τοὺς
2505 1384 2717 1441 ἑαυτῶν
2764 1387 2971 1453 οἴκους.
3045 1389 3427 1459 Ἀσασίλευτός
3479 1395 3630 1448 ἔστιν
3659 1396 3696 1465 ἠ

2114 1473 2298 1548 ἀκρὶς,
2321 1477 2677 1550 ὲκστρατεύει
2702 1480 2796 1552 ἀφ’
2817 1481 2939 1549 ἑνὸς
2967 1484 3374 1557 κελεύσματος·
3405 1489 3506 1544 καὶ
3533 1486 3699 1543 καλα-

2117 1567 2296 1642 6ὠτης
2317 1574 2506 1644 χερσὶν
2529 1575 2896 1650 ἐρειδόμενος,
2928 1578 3025 1634 καὶ
3065 1578 3335 1646 εὐάλωτος
3361 1580 3475 1649 ὣν,
3516 1600 3701 1638 κατοι-

2116 1666 2204 1717 κεῖ
2232 1667 2288 1719 ὲν
2334 1665 2658 1741 ὀχυρώμασι
2711 1671 2997 1744 βασιλέων.
3053 1674 3195 1748 Τρία
3243 1675 3459 1731 ἐστὶνᾶ
3493 1676 3700 1742 εύόδως

2121 1758 2464 1830 πορεύονται,
2520 1763 2614 1818 καὶ
2662 1763 2725 1817 τὸ
2767 1762 3029 1836 τέταρτον
3086 1767 3117 1820 δ
3165 1766 3349 1834 καλῶς
3395 1767 3698 1824 διαϐαίνειο

443 1856 660 1913 catulus
695 1855 868 1911 leonis
894 1851 1088 1908 fortior
1118 1851 1336 1914 bestiis,
1387 1865 1482 1920 (ιω
1519 1864 1627 1904 non
1685 1855 2016 1914 revertetur,

2124 1851 2359 1922 σκύμνος
2399 1853 2615 1921 λέοντος
2658 1858 3003 1930 ἰσχυρότερος
3047 1860 3283 1933 κτηνῶν,
3324 1861 3386 1926 ὃς
3425 1863 3527 1918 οὐκ
3561 1863 3702 1918 ἀπο-

444 1964 624 2019 neque
658 1946 1170 2020 pavebitbelluam;
1211 1951 1268 2000 et
1290 1941 1468 2013 gallus
1495 1942 1589 2014 qui
1615 1942 1755 1998 inter
1788 1939 2018 1998 feminas

443 2042 688 2100 ambulat
720 2042 924 2104 alacer,
956 2053 1019 2094 ae
1061 2038 1252 2094 haedus
1300 2037 1411 2092 dux
1447 2036 1649 2108 gregis.
1685 2056 1706 2089 ι

526 2228 584 2285 S.
631 2225 802 2282 Baril.
862 2222 1045 2279 floruit.
1077 2238 1107 2276 ν
1137 2222 1192 2277 in
1223 2219 1478 2276 Hexaem.
1525 2250 1596 2261 --
1622 2217 1816 2275 Cicuta
1845 2213 2018 2272 sturni

442 2327 765 2381 vescuntur,
808 2323 869 2371 et
900 2313 972 2370 ob
997 2321 1332 2369 structuram
1384 2311 1468 2367 sui
1512 2309 1787 2380 corporis,
1835 2307 2021 2378 perni-

442 2413 581 2467 ciem
629 2423 751 2464 eam
784 2421 907 2479 qua:
942 2420 1010 2462 ex
1045 2418 1259 2460 veneno
1315 2409 1691 2473 comparatur,
1729 2400 2016 2472 effugiunt.

446 2505 579 2560 Nam
634 2502 762 2574 quia
794 2510 985 2556 tenues
1027 2499 1232 2554 habent
1261 2498 1319 2553 in
1351 2495 1519 2551 corde
1556 2503 1793 2557 meatus,
1857 2493 2013 2565 prius

445 2597 501 2653 id
535 2597 684 2669 quod
734 2605 1024 2651 roraruut.
1063 2591 1388 2656 conﬁciunt,
1430 2604 1597 2662 quam
1631 2587 1900 2661 l'rigiditas
1950 2586 2017 2641 ad

443 2691 632 2746 vitalia
658 2697 925 2763 penetret.
958 2684 1272 2741 Eiteborum
1315 2692 1499 2739 autem
1535 2681 1885 2736 coturnicum
1914 2680 2020 2735 ali-

438 2781 626 2839 monia
649 2788 754 2845 est,
780 2791 840 2834 ut
866 2793 988 2850 qua:
1010 2775 1418 2847 temperamenti
1444 2775 1528 2831 sui
1554 2773 1912 2845 proprietate,
1933 2773 2020 2828 ni.

434 2875 522 2929 :ttii
547 2875 673 2930 hinc
702 2871 1020 2929 detrimenti
1057 2869 1410 2928 contrahant.
1451 2866 1596 2936 Quin
1646 2866 1763 2923 hate
1799 2879 2020 2936 quoque

439 2969 566 3039 ipsa
599 2964 760 3022 nobis
793 2965 1070 3020 interdum
1106 2964 1228 3019 usui
1265 2971 1414 3018 sunt.

519 3060 721 3116 "omit.
753 3060 806 3114 ’1.
833 3089 904 3102 --
938 3057 1156 3130 Vipera,
1192 3057 1467 3130 rcptilium
1501 3058 1746 3114 omnium
1783 3055 2016 3112 atrocis-

434 3155 671 3220 simum,
704 3151 768 3207 ad
799 3165 1054 3208 murmure
1074 3153 1301 3206 marium
1347 3151 1682 3206 connubium
1748 3149 2013 3212 occurrit,

448 3255 617 3316 atque
653 3243 819 3300 sibilo
856 3243 1091 3314 quodam
1119 3243 1465 3315 praesentiam
1491 3257 1644 3298 suam
1676 3240 2014 3312 signiﬁcans,

437 3339 518 3394 .ab
552 3339 680 3395 imis
723 3353 842 3394 eam
896 3336 1206 3408 gurgitibus
1233 3335 1299 3392 ad
1358 3350 1646 3392 venereum
1676 3334 2017 3405 cotnplexum

444 3441 627 3489 vocat.
691 3431 789 3486 illa
823 3440 1004 3486 autem
1062 3445 1268 3486 morem
1307 3429 1466 3500 gerit,
1498 3435 1696 3486 etcum
1740 3439 2017 3482 venenosa

446 3527 731 3583 animante
758 3524 1069 3594 copulatur.

522 3617 663 3674 Ibid.
702 3647 768 3658 ——
801 3614 942 3670 Sunt
972 3614 1136 3670 etiam
1166 3611 1415 3669 nonnulli
1446 3614 1624 3684 pisces
1656 3611 1747 3683 qui
1779 3608 2020 3682 peregri-

449 3721 676 3780 nantur,
724 3709 888 3782 526
914 3716 968 3764 et
989 3709 1140 3764 velut
1191 3707 1472 3762 communi
1503 3705 1742 3777 quodam
1799 3705 2020 3760 decreto

451 3807 505 3859 in
541 3815 761 3861 exteras
826 3800 1076 3873 regiones
1106 3798 1287 3863 missi,
1315 3813 1380 3855 ex
1409 3813 1518 3854 uno
1548 3797 1805 3854 condicto
1834 3797 2017 3851 cuncti

451 3898 612 3954 simul
647 3896 1095 3968 proficiscuntur.
1135 3889 1272 3946 Cum
1301 3892 1448 3946 enim
1477 3898 1688 3946 certum
1723 3899 1781 3945 et
1813 3891 2018 3945 consti-

449 4004 624 4048 tutum
649 3987 891 4062 pariendi
913 3996 1126 4057 tempus
1150 3983 1452 4055 appetierit,
1472 3983 1560 4039 alii
1581 3999 1646 4040 ex
1662 3982 1780 4038 aliis
1806 3983 2021 4040 sinibus

449 4088 813 4159 emigrantes,
876 4081 1157 4137 communi
1207 4078 1415 4135 scilicet
1465 4077 1583 4146 iege
1643 4077 1892 4144 excitati,
1950 4077 2020 4131 ad

453 4182 686 4236 Boreum
721 4193 872 4232 mare
897 4174 1257 4232 contendunt.
1310 4171 1381 4226 Ac
1405 4187 1515 4244 quo
1547 4181 1793 4241 tempore
1827 4186 2019 4226 ascen-

451 4278 608 4338 dunt,
642 4276 820 4344 pisces
845 4271 1031 4326 videas
1081 4267 1340 4322 torrentis
1371 4265 1547 4321 instar
1581 4266 1768 4321 unitos
1792 4265 2016 4336 congio-

454 4359 722 4437 batOsque
744 4380 774 4418 a
800 4361 1132 4434 Propontide
1166 4361 1232 4414 ad
1262 4358 1533 4414 Euxinum
1549 4372 1697 4413 mare
1718 4357 2014 4414 conﬂuere.

453 4462 587 4529 Quis
640 4471 803 4529 porro
850 4470 948 4511 eos
990 4452 1264 4526 impellit?
1300 4450 1445 4523 quod
1475 4449 1830 4521 imperatoris
1867 4465 2017 4523 man-

2121 1946 2432 2016 στρέφεται,
2454 1947 2576 2001 οὐδὲ
2607 1950 2955 2023 καταπτήσει
2983 1951 3214 2021 κτῆνος,
3245 1953 3342 2008 καὶ
3379 1953 3700 2025 ἀλεκτρυὼν

2119 2038 2515 2110 ἐμπεριπατῶν
2538 2041 2598 2096 ὲν
2622 2040 2870 2113 θηλείαις
2901 2041 3158 2116 εὔψυχος,
3188 2045 3281 2101 καὶ
3313 2046 3511 2117 τράγος
3531 2048 3702 2119 ἡγού-

2124 2147 2285 2202 μενος
2309 2132 2576 2187 αἰπολίου.
2615 2152 2633 2184 ι

2189 2221 2264 2276 Τὸ
2294 2222 2518 2278 κώνειον
2567 2227 2618 2280 οἱ
2672 2227 2850 2299 ψάρες
2893 2228 3214 2299 βόσκονται.
3249 2229 3336 2286 διὰ
3378 2232 3484 2306 τὴν
3525 2251 3703 2290 κατα-

2123 2317 2327 2389 σκευὴν
2354 2319 2448 2374 τοῦ
2483 2319 2737 2393 σώματος
2754 2321 2855 2395 τὴν
2876 2324 2941 2377 ἐκ
2967 2323 3065 2379 τοῦ
3105 2324 3441 2400 δηλητηρίου
3492 2327 3704 2401 βλάϐην

2119 2409 2626 2484 ἀποδιδράσκοντες.
2674 2416 2920 2483 Λεπτοῦς
2944 2419 3055 2489 γὰρ
3083 2419 3295 2491 ἔχοντες
3323 2421 3451 2486 τοὺς
3480 2423 3573 2478 ἐπὶ
3598 2423 3703 2497 τὴν

2120 2503 2350 2574 καρδίαν
2384 2503 2624 2578 πόρους,
2661 2507 2960 2579 φθάνουσιν
2997 2512 3410 2587 ἐκπέμψασθαι.
3446 2516 3699 2571 Ἑλλίϐο-

2122 2610 2217 2666 ρος
2248 2594 2306 2650 δὲ
2334 2595 2582 2669 ὀρτύγων
2631 2599 2749 2654 ἐστὶ
2794 2600 2990 2676 τροφὴ,
3042 2604 3267 2676 ἰδιότητι
3319 2607 3579 2679 κράσεως
3600 2609 3701 2679 τὴν

2123 2689 2328 2762 βλάϐην
2348 2691 2787 2764 ἀποφευγόντων.
2815 2696 2974 2753 Ἐστι
2993 2698 3051 2754 δὲ
3079 2699 3219 2756 αύτά
3244 2700 3415 2758 ταῦτα
3437 2703 3496 2759 ὲν
3520 2703 3705 2778 καιρῷ

2123 2801 2254 2839 ποτε
2284 2787 2379 2842 καλ⁸
2407 2786 2535 2861 ἡμῖν
2563 2788 2831 2863 χρήσιμα.

2197 3055 2416 3128 Ἔχιδνα
2449 3061 2510 3117 τὸ
2528 3061 2914 3134 χαλεπώτατον
2947 3067 3055 3121 τῶν
3084 3069 3330 3144 ἑρπετῶν
3357 3072 3493 3144 πρὸς
3521 3074 3710 3145 γάμον

2121 3150 2338 3225 ἀπαντᾷ
2367 3154 2466 3226 τῆς
2497 3156 2798 3224 θαλασσίας
2848 3161 3137 3235 μυραίνης,
3179 3166 3277 3219 καλ⁸
3317 3167 3573 3239 συριγμῷ
3599 3172 3703 3240 τὴν

2122 3247 2427 3318 παρουσίαν
2457 3251 2775 3322 σημήνασα,
2804 3251 3114 3312 ἐκκαλεῖται
3161 3259 3330 3330 αὐτὴν
3366 3262 3429 3315 ὲκ
3451 3262 3560 3316 τῶν
3600 3262 3702 3333 pu-

2122 3337 2228 3392 θῶν
2257 3341 2393 3411 πρὸς
2425 3346 2671 3416 γαμικὴν
2710 3347 3055 3422 συμπλοκήν.
3095 3352 3161 3404 Ἢ
3189 3351 3246 3407 δὲ
3271 3354 3562 3422 ὑπακούει,
3604 3355 3706 3414 καὶ

2119 3431 2339 3490 ἑνοῦται
2362 3435 2442 3508 τῷ
2476 3437 2686 3512 ἰοϐόλῳ.

2194 3612 2350 3676 Τινὲς
2364 3615 2536 3685 ἀποδη
2546 3618 2764 3688 μητικοί
2782 3617 2890 3674 τῶν
2921 3618 3140 3690 ἰχθύων,
3175 3622 3367 3698 ὥσπερ
3387 3625 3496 3680 ἀπὸ
3516 3630 3702 3685 κοινοῦ

2123 3703 2506 3780 βουλευτηρίου
2542 3709 2678 3780 πρὸς
2724 3711 2822 3784 τὴν
2870 3714 3168 3788 ὑπερορίαν
3216 3717 3582 3789 στελλόμενοι,
3605 3722 3704 3791 ὑφ’

2119 3799 2202 3852 ἑνὶ
2222 3800 2523 3874 συνθήματι
2547 3803 2746 3868 πάντες
2773 3807 3123 3880 ἀπαίρουσιν.
3172 3811 3425 3868 Ἐπειδὰν
3449 3815 3478 3866 ὁ
3507 3833 3706 3884 τεταγ-

2124 3891 2288 3963 μένος
2315 3896 2502 3966 καιρὸς
2524 3896 2625 3967 τῆς
2643 3899 2894 3970 κυήσεως
2922 3902 3410 3970 καταλάϐοι,άλλοι
3431 3909 3702 3976 αἰγιαλῶν

2121 3983 2337 4039 κόλπων
2380 3990 2746 4058 μεταστάντες
2772 4034 2787 4058 ,
2838 3992 2919 4066 τῷ
2967 3996 3132 4067 κοινῷ
3161 3998 3261 4070 τῆς
3299 3997 3515 4071 φύσεως
3545 4003 3708 4075 νόμῳ

2119 4076 2490 4149 διεγερθέντες
2520 4083 2612 4137 ἐ.πί
2637 4082 2736 4155 τὴν
2769 4084 3020 4160 βορεινὴν
3046 4089 3361 4160 ἐπείγονται
3387 4090 3698 4150 θάλασσαν.

2120 4170 2230 4263 καὶ
2278 4173 2407 4237 ῖδοις
2447 4175 2513 4229 ἂν
2541 4179 2681 4230 κατὰ
2725 4179 2817 4234 τὸν
2843 4182 3032 4253 καιρὸν
3059 4183 3160 4255 τῆς
3187 4185 3400 4253 ἀνόδου,
3426 4187 3620 4263 ὥσπερ
3642 4205 3703 4246 τι

2121 4262 2317 4334 ῥεῦμα,
2362 4267 2488 4329 τοὺς
2518 4268 2707 4338 ἰχθύας
2743 4273 3075 4344 ἡνωμένους,
3107 4278 3202 4332 καὶ
3233 4280 3298 4334 ἑκ
3317 4281 3418 4352 τῆς
3452 4262 3703 4354 Προπον-

2118 4357 2260 4421 τίδος
2287 4360 2377 4413 ἐπὶ
2405 4361 2495 4418 τὸν
2521 4361 2774 4428 Εὔξεινον
2811 4367 3052 4437 ῥέοντας.
3102 4371 3198 4435 Τίς
3232 4372 3263 4424 ὁ
3299 4374 3491 4444 κινῶν;
3543 4380 3697 4433 ποῖον

2120 4452 2446 4544 πρόσταγμα
2477 4454 2771 4524 βασιλέωςς
2801 4463 2928 4515 ποῖα
2952 4461 3299 4535 διατάγματα
3335 4469 3455 4522 κατ’
3483 4471 3695 4544 ἀγορὰν

451 4553 679 4609 datum?
721 4562 976 4620 quaenam
1025 4544 1204 4600 edicta
1229 4543 1283 4598 in
1330 4542 1448 4599 foro
1469 4557 1709 4611 expansa
1743 4541 2016 4612 praestitu-

2124 4543 2419 4643 ηπλωμενα
2462 4548 2642 4643 δηλοῖ;
2698 4555 2748 4606 oi
2795 4551 3148 4624 ξεναγοῦντες
3188 4558 3370 4629 τίνεςς
3419 4562 3553 4637 δρᾷς
3595 4541 3697 4637 τὴν

453 4657 565 4700 tum
607 4652 824 4712 tempus
855 4635 1203 4708 significant?
1231 4635 1456 4706 quinam
1498 4635 1634 4704 ipsis
1667 4643 1797 4690 sunt
1846 4632 2016 4690 duces

2124 4635 2272 4692 θείαν
2321 4640 2562 4707 διάταξιν
2609 4646 2787 4702 πάντα
2828 4647 3164 4719 πληροῦσαν,
3201 4656 3294 4709 καὶ
3316 4655 3404 4711 διὰ
3571 4632 3699 4730 σμί-

452 4735 700 4794 itineris?
725 4732 962 4788 Videsne
990 4728 1448 4800 quemadmodum
1479 4726 1664 4782 divina
1696 4727 2018 4784 constitutio

449 4830 630 4886 omnia
681 4828 930 4896 impleat,
979 4835 1036 4881 et
1068 4826 1152 4882 vel
1211 4839 1384 4897 usque
1434 4822 1503 4879 ad
1533 4824 1754 4879 minima
1784 4841 2019 4898 quaeque

452 4922 760 4999 pertineat?
810 4920 984 4978 Piscis
1034 4919 1136 4990 tegi
1169 4918 1262 4974 Dei
1323 4933 1432 4974 non
1464 4917 1804 4987 reluctatur;
1841 4927 1894 4976 et
1917 4934 2018 4974 nos

455 5016 700 5071 homines
734 5011 1071 5069 salutaribus
1093 5011 1328 5067 decretis
1357 5010 1734 5082 obtemperare
1763 5028 1870 5068 non
1899 5029 2019 5069 sus-

453 5112 712 5166 tinemus.
777 5109 858 5166 Ne
888 5110 993 5166 hoc
1051 5107 1274 5164 nomine
1301 5106 1479 5177 pisces
1525 5118 1864 5173 contenmas,
1891 5111 2017 5178 quia

452 5204 683 5261 rationis
709 5212 762 5260 et
807 5205 958 5259 vocis
989 5218 1092 5258 usu
1124 5210 1353 5258 carent:
1381 5215 1570 5256 verum
1626 5210 1808 5258 metue
1844 5218 1908 5257 ne
1931 5203 2016 5257 his

452 5313 669 5369 quoque
707 5298 972 5354 aratione
1030 5298 1260 5352 alienior
1317 5295 1574 5359 exsistas,
1603 5295 1695 5365 qui
1736 5295 2016 5357 Creatoris

449 5393 791 5461 jussionibus
854 5390 1183 5447 adversaris.
1241 5387 1382 5442 Audi
1431 5389 1631 5458 pisces,
1689 5405 1798 5443 non
1851 5380 2015 5445 voces

454 5486 848 5550 tantununodo,
889 5485 980 5540 sed
1029 5483 1199 5554 gestis
1225 5482 1593 5543 declarantes,
1649 5483 2012 5537 conservandi

453 5581 669 5648 generis
701 5595 865 5636 causa
915 5580 1129 5650 longam
1180 5579 1320 5632 hanc
1357 5577 1860 5648 peregrinationem
1886 5595 1916 5634 a
1957 5594 2018 5634 se

452 5675 675 5744 suscipi.
707 5675 930 5746 Propria
957 5672 1174 5744 quidem
1207 5686 1309 5726 vox
1342 5669 1476 5740 ipsis
1503 5671 1688 5738 deest;
1721 5681 1774 5726 at
1809 5683 2017 5728 natura:

451 5768 621 5838 legem
682 5768 906 5821 lirmiter
959 5765 1178 5820 inlisam
1217 5763 1453 5829 habent,
1516 5778 1638 5832 qua:
1695 5767 2016 5833 praescribat

448 5862 580 5933 quid
629 5861 895 5933 agendum
953 5860 1044 5917 sit.
1077 5857 1296 5924 Eamus,
1328 5855 1631 5929 .inquiunt,
1678 5861 1745 5914 ad
1783 5860 2013 5918 Boream

2121 4733 2400 4827 κροτάτων
2455 4736 2786 4809 διήκουσαν;
2854 4742 3007 4816 ίχθὺς
3065 4747 3165 4800 οὐκ
3209 4750 3485 4820 ἀντιλέγει
3543 4755 3697 4827 νόμῳ

2117 4822 2254 4879 Θεοῦ
2273 4867 2288 4892 ,
2314 4830 2407 4880 καὶ
2435 4830 2711 4901 ἄνθρωποι
2737 4837 3027 4908 σωτηρίων
3062 4840 3354 4913 δογμάτων
3384 4846 3486 4900 οὐκ
3505 4822 3696 4921 diis-xti-

2123 4920 2293 4990 μεθα;
2321 4925 2399 4995 μὴ
2430 4929 2762 4998 καταφρόνει
2790 4929 2897 4984 τῶν
2927 4931 3147 5003 ἰχθύων,
3185 4937 3373 5011 ἐπειδὴ
3397 4937 3570 5009 ἄλογα
3599 4920 3697 4997 καὶ

2116 5015 2309 5085 ἄφωνα
2344 5020 2623 5086 παντελῶς
2643 5035 2658 5052 ·
2690 5021 2826 5078 ἀλλά
2855 5025 3045 5093 φοϐοῦ,
3083 5028 3158 5100 μὴ
3198 5032 3294 5085 καὶ
3328 5033 3532 5088 τούτων
3568 5037 3696 5091 ἀλοο

2118 5108 2355 5183 γῶτερος
2383 5106 2470 5184 ᾗς.
2492 5115 2557 5184 τῇ
2587 5114 2824 5180 διατάξει
2845 5115 2941 5172 τοῦ
2957 5119 3260 5187 Κτίσαντος
3278 5127 3690 5198 ἀντιστάμενος.

2121 5201 2318 5290 :Axoue
2352 5203 2462 5259 τῶν
2489 5206 2704 5278 ἰχθύων,
2747 5214 3033 5286 μονονουχὶ
3063 5218 3248 5288 φωνὴν
3295 5220 3585 5290 ἀφιέντων,
3622 5225 3693 5278 δι’

2115 5288 2189 5348 ὧν
2219 5296 2485 5364 ποιοῦσιν,
2509 5300 2590 5353 ὅτι
2611 5302 2690 5364 εἰς
2709 5303 2969 5376 διαμονὴν
2993 5307 3086 5362 τοῦ
3112 5311 3325 5378 γένους,
3347 5288 3446 5385 τὴν
3470 5288 3690 5390 μακρὰν

2115 5390 2320 5459 ταύτην
2352 5393 2662 5465 ἀποδημίαν
2707 5398 3057 5471 στελλόμεθα.
3114 5403 3228 5458 Ούκ
3292 5407 3508 5478 ἔχουσιν
3559 5413 3689 5467 ἴδιον

2115 5481 2293 5578 λόγον,
2327 5485 2442 5539 ἀλλ’
2489 5487 2673 5559 ἔχουσι
2716 5491 2806 5545 τὸν
2834 5492 2935 5562 τῆς
2983 5496 3196 5562 φύσεως
3239 5499 3402 5570 νόμον
3455 5504 3690 5578 ἰσχυρῶς

2115 5574 2486 5649 ἐνιδρυμένον,
2515 5582 2607 5635 καὶ
2631 5581 2692 5635 τὸ
2714 5585 2986 5655 πρακτέον
3011 5588 3419 5649 ὑποδεικνύντα.
3455 5574 3689 5652 Βαδίσω-

2119 5687 2238 5741 μεν,
2285 5673 2486 5744 φησὶν,
2529 5677 2624 5732 ἐπὶ
2662 5675 2724 5732 τό
2760 5679 3001 5751 βορεινὸν
3047 5683 3301 5754 πέλαγος.
3351 5689 3690 5764 Γλυκύτερον

2118 5764 2224 5836 γὰρ
2250 5767 2349 5838 τῆς
2381 5767 2572 5838 λοιπῆς
2620 5770 2898 5846 θαλάσσης
2933 5775 3110 5831 ἐκεῖνο
3137 5779 3195 5833 τὸ
3234 5780 3399 5856 ὕδωρ,
3434 5785 3568 5839 διότι
3601 5789 3674 5841 ἐπ

2116 5861 2313 5931 ὀλίγων
2345 5864 2482 5936 αὐτῇ
2511 5865 2945 5940 προσδιατρίσων
2983 5872 3010 5925 ό
3036 5870 3220 5943 ἣλιος,
3254 5875 3356 5931 οὐκ
3387 5875 3572 5949 ἐξάγει
3597 5882 3689 5935 aito
