  <div class='ocr_page' id='page_1' title='image "/cluster/home/n/w/nwhite01/storage/ocr_20150623/95/mdp.39015004289776/798.png"; bbox 0 0 4014 6302; ppageno 0'>
   <div class='ocr_carea' id='block_1_1' title="bbox 277 333 412 400">
    <p class='ocr_par' dir='ltr' id='par_1_1' title="bbox 277 333 412 400">
     <span class='ocr_line' id='line_1_1' title="bbox 277 333 412 400; baseline 0.015 -2"><span class='ocrx_word' id='word_1_1' title='bbox 277 333 412 400; x_wconf 74' lang='grc'><strong>1573</strong></span> 
     </span>
    </p>
   </div>
   <div class='ocr_carea' id='block_1_2' title="bbox 1597 339 2343 408">
    <p class='ocr_par' dir='ltr' id='par_1_2' title="bbox 1597 339 2343 408">
     <span class='ocr_line' id='line_1_2' title="bbox 1597 339 2343 408; baseline 0.003 -5"><span class='ocrx_word' id='word_1_2' title='bbox 1597 339 1837 404; x_wconf 79' lang='lat' dir='ltr'><strong>SACRA</strong></span> <span class='ocrx_word' id='word_1_3' title='bbox 1875 340 2343 408; x_wconf 78' lang='lat' dir='ltr'><strong>PARALLELA.</strong></span> 
     </span>
    </p>
   </div>
   <div class='ocr_carea' id='block_1_3' title="bbox 3392 347 3538 420">
    <p class='ocr_par' dir='ltr' id='par_1_3' title="bbox 3392 347 3538 420">
     <span class='ocr_line' id='line_1_3' title="bbox 3392 347 3538 420; baseline 0.041 -6"><span class='ocrx_word' id='word_1_4' title='bbox 3392 347 3538 420; x_wconf 66' lang='grc'><strong>1574</strong></span> 
     </span>
    </p>
   </div>
   <div class='ocr_carea' id='block_1_4' title="bbox 273 447 1828 533">
    <p class='ocr_par' dir='ltr' id='par_1_4' title="bbox 273 447 1828 524">
     <span class='ocr_line' id='line_1_4' title="bbox 273 447 1828 524; baseline 0.003 -22"><span class='ocrx_word' id='word_1_5' title='bbox 273 447 366 520; x_wconf 78' lang='grc' dir='ltr'>τῆς</span> <span class='ocrx_word' id='word_1_6' title='bbox 394 447 516 504; x_wconf 78' lang='grc' dir='ltr'>ὅλον</span> <span class='ocrx_word' id='word_1_7' title='bbox 541 448 631 505; x_wconf 81' lang='grc' dir='ltr'><strong>διὰ</strong></span> <span class='ocrx_word' id='word_1_8' title='bbox 656 451 756 523; x_wconf 80' lang='grc' dir='ltr'>τῆς</span> <span class='ocrx_word' id='word_1_9' title='bbox 789 449 1010 517; x_wconf 76' lang='grc' dir='ltr'><strong>ἀκτῖνος</strong></span> <span class='ocrx_word' id='word_1_10' title='bbox 1035 450 1093 505; x_wconf 73' lang='lat' dir='ltr'><strong>rb</strong></span> <span class='ocrx_word' id='word_1_11' title='bbox 1128 449 1379 524; x_wconf 85' lang='grc' dir='ltr'>πότιμον.</span> <span class='ocrx_word' id='word_1_12' title='bbox 1412 448 1610 524; x_wconf 77' lang='grc' dir='ltr'>Χαίρει</span> <span class='ocrx_word' id='word_1_13' title='bbox 1643 449 1699 505; x_wconf 62' lang='grc' dir='ltr'>δὲ</span> <span class='ocrx_word' id='word_1_14' title='bbox 1727 451 1828 517; x_wconf 73' lang='grc' dir='ltr'>τοῖς</span> 
     </span>
    </p>
   </div>
   <div class='ocr_carea' id='block_1_5' title="bbox 1935 447 3530 533">
    <p class='ocr_par' dir='ltr' id='par_1_5' title="bbox 1944 448 3530 533">
     <span class='ocr_line' id='line_1_5' title="bbox 1944 448 3530 533; baseline 0.006 -26"><span class='ocrx_word' id='word_1_15' title='bbox 1944 450 2192 527; x_wconf 70' lang='lat' dir='ltr'><strong>pelagus.</strong></span> <span class='ocrx_word' id='word_1_16' title='bbox 2257 448 2483 510; x_wconf 77' lang='lat' dir='ltr'><strong>Dulcior</strong></span> <span class='ocrx_word' id='word_1_17' title='bbox 2556 451 2760 529; x_wconf 88' lang='lat' dir='ltr'><strong>quippe</strong></span> <span class='ocrx_word' id='word_1_18' title='bbox 2816 467 2958 527; x_wconf 83' lang='lat' dir='ltr'><strong>aqua</strong></span> <span class='ocrx_word' id='word_1_19' title='bbox 3009 455 3114 515; x_wconf 74' lang='lat' dir='ltr'><strong>ista</strong></span> <span class='ocrx_word' id='word_1_20' title='bbox 3168 464 3254 514; x_wconf 84' lang='lat' dir='ltr'><strong>est</strong></span> <span class='ocrx_word' id='word_1_21' title='bbox 3311 459 3530 533; x_wconf 80' lang='lat' dir='ltr'><strong>reliquo</strong></span> 
     </span>
    </p>
   </div>
   <div class='ocr_carea' id='block_1_6' title="bbox 275 543 1844 622">
    <p class='ocr_par' dir='ltr' id='par_1_6' title="bbox 275 543 1844 622">
     <span class='ocr_line' id='line_1_6' title="bbox 275 543 1844 622; baseline 0.001 -24"><span class='ocrx_word' id='word_1_22' title='bbox 275 543 495 612; x_wconf 73' lang='grc' dir='ltr'>γλυκέσι</span> <span class='ocrx_word' id='word_1_23' title='bbox 547 546 666 622; x_wconf 12' lang='grc' dir='ltr'>καὶ,</span> <span class='ocrx_word' id='word_1_24' title='bbox 691 548 760 603; x_wconf 81' lang='grc' dir='ltr'><strong>τά</strong></span> <span class='ocrx_word' id='word_1_25' title='bbox 807 547 1105 603; x_wconf 59' lang='lat' dir='ltr'><strong>timidoque“</strong></span> <span class='ocrx_word' id='word_1_26' title='bbox 1160 547 1288 603; x_wconf 79' lang='grc' dir='ltr'>ὅθεν</span> <span class='ocrx_word' id='word_1_27' title='bbox 1317 546 1410 603; x_wconf 77' lang='grc' dir='ltr'>καὶ</span> <span class='ocrx_word' id='word_1_28' title='bbox 1439 546 1535 601; x_wconf 69' lang='grc' dir='ltr'><strong>ἐπὶ</strong></span> <span class='ocrx_word' id='word_1_29' title='bbox 1560 546 1844 620; x_wconf 72' lang='grc' dir='ltr'>ποταμοὺς</span> 
     </span>
    </p>
   </div>
   <div class='ocr_carea' id='block_1_7' title="bbox 271 634 1845 716">
    <p class='ocr_par' dir='ltr' id='par_1_7' title="bbox 271 634 1845 716">
     <span class='ocr_line' id='line_1_7' title="bbox 271 634 1845 716; baseline 0.002 -25"><span class='ocrx_word' id='word_1_30' title='bbox 271 634 599 708; x_wconf 74' lang='grc' dir='ltr'>ἀνανήχεται</span> <span class='ocrx_word' id='word_1_31' title='bbox 625 640 906 706; x_wconf 85' lang='grc' dir='ltr'>πολλάκις,</span> <span class='ocrx_word' id='word_1_32' title='bbox 947 640 1042 695; x_wconf 76' lang='grc' dir='ltr'>καὶ</span> <span class='ocrx_word' id='word_1_33' title='bbox 1072 640 1359 716; x_wconf 76' lang='grc' dir='ltr'>πόρρωθεν</span> <span class='ocrx_word' id='word_1_34' title='bbox 1375 638 1655 712; x_wconf 78' lang='grc' dir='ltr'>θαλάσσης</span> <span class='ocrx_word' id='word_1_35' title='bbox 1679 639 1845 713; x_wconf 75' lang='grc' dir='ltr'>φέρε-</span> 
     </span>
    </p>
   </div>
   <div class='ocr_carea' id='block_1_8' title="bbox 276 730 1846 808">
    <p class='ocr_par' dir='ltr' id='par_1_8' title="bbox 276 730 1846 808">
     <span class='ocr_line' id='line_1_8' title="bbox 276 730 1846 808; baseline 0.004 -25"><span class='ocrx_word' id='word_1_36' title='bbox 276 745 379 788; x_wconf 83' lang='grc' dir='ltr'>ται.</span> <span class='ocrx_word' id='word_1_37' title='bbox 418 730 513 786; x_wconf 82' lang='grc' dir='ltr'>Ἕκ</span> <span class='ocrx_word' id='word_1_38' title='bbox 534 733 735 789; x_wconf 79' lang='grc' dir='ltr'>’τούτου</span> <span class='ocrx_word' id='word_1_39' title='bbox 769 734 1177 808; x_wconf 83' lang='grc' dir='ltr'>προτιμὼτερος</span> <span class='ocrx_word' id='word_1_40' title='bbox 1208 735 1394 802; x_wconf 74' lang='grc' dir='ltr'>αὐτοῖς</span> <span class='ocrx_word' id='word_1_41' title='bbox 1425 737 1454 790; x_wconf 89' lang='grc' dir='ltr'><strong>ὀ</strong></span> <span class='ocrx_word' id='word_1_42' title='bbox 1493 737 1696 800; x_wconf 80' lang='grc' dir='ltr'>Πόντος</span> <span class='ocrx_word' id='word_1_43' title='bbox 1730 734 1846 790; x_wconf 80' lang='grc' dir='ltr'>τῶν</span> 
     </span>
    </p>
   </div>
   <div class='ocr_carea' id='block_1_9' title="bbox 270 821 1846 903">
    <p class='ocr_par' dir='ltr' id='par_1_9' title="bbox 270 821 1846 903">
     <span class='ocr_line' id='line_1_9' title="bbox 270 821 1846 903; baseline 0.005 -27"><span class='ocrx_word' id='word_1_44' title='bbox 270 821 474 879; x_wconf 75' lang='grc' dir='ltr'>λοιπῶν</span> <span class='ocrx_word' id='word_1_45' title='bbox 502 825 620 881; x_wconf 75' lang='grc' dir='ltr'>ἑστι</span> <span class='ocrx_word' id='word_1_46' title='bbox 648 825 868 896; x_wconf 82' lang='grc' dir='ltr'>κόλπος,</span> <span class='ocrx_word' id='word_1_47' title='bbox 891 829 969 894; x_wconf 77' lang='grc' dir='ltr'>ὡς</span> <span class='ocrx_word' id='word_1_48' title='bbox 1000 830 1308 902; x_wconf 71' lang='grc' dir='ltr'>ἐπιτήδειος</span> <span class='ocrx_word' id='word_1_49' title='bbox 1336 830 1714 903; x_wconf 70' lang='grc' dir='ltr'>ἔναποκυῆσαι</span> <span class='ocrx_word' id='word_1_50' title='bbox 1745 827 1846 885; x_wconf 79' lang='grc' dir='ltr'>καὶ</span> 
     </span>
    </p>
   </div>
   <div class='ocr_carea' id='block_1_10' title="bbox 269 915 1844 993">
    <p class='ocr_par' dir='ltr' id='par_1_10' title="bbox 269 915 1844 993">
     <span class='ocr_line' id='line_1_10' title="bbox 269 915 1844 993; baseline 0.004 -24"><span class='ocrx_word' id='word_1_51' title='bbox 269 915 531 990; x_wconf 71' lang='grc' dir='ltr'>εκθρέψαι</span> <span class='ocrx_word' id='word_1_52' title='bbox 567 919 639 976; x_wconf 83' lang='grc' dir='ltr'><strong>τά</strong></span> <span class='ocrx_word' id='word_1_53' title='bbox 673 919 893 993; x_wconf 67' lang='grc' dir='ltr'>ἔγγονα.</span> <span class='ocrx_word' id='word_1_54' title='bbox 937 920 1192 979; x_wconf 76' lang='grc' dir='ltr'><strong>Ἐπειδὰν</strong></span> <span class='ocrx_word' id='word_1_55' title='bbox 1227 922 1287 979; x_wconf 66' lang='grc' dir='ltr'>δὲ</span> <span class='ocrx_word' id='word_1_56' title='bbox 1328 921 1400 978; x_wconf 76' lang='grc' dir='ltr'><strong>τά</strong></span> <span class='ocrx_word' id='word_1_57' title='bbox 1429 920 1844 993; x_wconf 68' lang='grc' dir='ltr'><strong>σπουδαζόμενα</strong></span> 
     </span>
    </p>
   </div>
   <div class='ocr_carea' id='block_1_11' title="bbox 266 1010 1846 1094">
    <p class='ocr_par' dir='ltr' id='par_1_11' title="bbox 266 1010 1846 1094">
     <span class='ocr_line' id='line_1_11' title="bbox 266 1010 1846 1094; baseline 0.002 -28"><span class='ocrx_word' id='word_1_58' title='bbox 266 1010 581 1081; x_wconf 82' lang='grc' dir='ltr'>ἀρκούντως</span> <span class='ocrx_word' id='word_1_59' title='bbox 608 1017 959 1094; x_wconf 75' lang='grc' dir='ltr'>ἐκπληρωθῇ,</span> <span class='ocrx_word' id='word_1_60' title='bbox 987 1017 1151 1075; x_wconf 85' lang='grc' dir='ltr'>πάλιν</span> <span class='ocrx_word' id='word_1_61' title='bbox 1177 1017 1453 1092; x_wconf 72' lang='grc' dir='ltr'>πανδημεὶ</span> <span class='ocrx_word' id='word_1_62' title='bbox 1476 1015 1678 1082; x_wconf 82' lang='grc' dir='ltr'>πάντες</span> <span class='ocrx_word' id='word_1_63' title='bbox 1707 1014 1846 1070; x_wconf 75' lang='grc' dir='ltr'>ὐπο-</span> 
     </span>
    </p>
   </div>
   <div class='ocr_carea' id='block_1_12' title="bbox 266 1105 1097 1178">
    <p class='ocr_par' dir='ltr' id='par_1_12' title="bbox 266 1105 1097 1178">
     <span class='ocr_line' id='line_1_12' title="bbox 266 1105 1097 1178; baseline 0.014 -20"><span class='ocrx_word' id='word_1_64' title='bbox 266 1105 594 1178; x_wconf 80' lang='grc' dir='ltr'>οτρέφουσιν</span> <span class='ocrx_word' id='word_1_65' title='bbox 627 1109 835 1170; x_wconf 72' lang='grc' dir='ltr'>οἴκαδε.</span> <span class='ocrx_word' id='word_1_66' title='bbox 1092 1140 1097 1145; x_wconf 89' lang='grc'><strong>-</strong></span> 
     </span>
    </p>
   </div>
   <div class='ocr_carea' id='block_1_13' title="bbox 1946 546 3524 619">
    <p class='ocr_par' dir='ltr' id='par_1_13' title="bbox 1946 546 3524 619">
     <span class='ocr_line' id='line_1_13' title="bbox 1946 546 3524 619; baseline 0.005 -15"><span class='ocrx_word' id='word_1_67' title='bbox 1946 546 2088 604; x_wconf 81' lang='lat' dir='ltr'><strong>mari</strong></span> <span class='ocrx_word' id='word_1_68' title='bbox 2124 562 2141 601; x_wconf 86' lang='lat'><strong>:</strong></span> <span class='ocrx_word' id='word_1_69' title='bbox 2175 548 2305 619; x_wconf 85' lang='lat' dir='ltr'><strong>quia</strong></span> <span class='ocrx_word' id='word_1_70' title='bbox 2327 547 2592 605; x_wconf 79' lang='lat' dir='ltr'><strong>nimirum</strong></span> <span class='ocrx_word' id='word_1_71' title='bbox 2619 549 2703 606; x_wconf 87' lang='lat' dir='ltr'><strong>sol</strong></span> <span class='ocrx_word' id='word_1_72' title='bbox 2729 547 2877 605; x_wconf 84' lang='lat' dir='ltr'><strong>haud</strong></span> <span class='ocrx_word' id='word_1_73' title='bbox 2907 550 3229 607; x_wconf 77' lang='lat' dir='ltr'><strong>diuturnam</strong></span> <span class='ocrx_word' id='word_1_74' title='bbox 3257 553 3372 611; x_wconf 90' lang='lat' dir='ltr'><strong>illic</strong></span> <span class='ocrx_word' id='word_1_75' title='bbox 3404 571 3524 613; x_wconf 88' lang='lat' dir='ltr'><strong>mo-</strong></span> 
     </span>
    </p>
   </div>
   <div class='ocr_carea' id='block_1_14' title="bbox 1948 640 3526 721">
    <p class='ocr_par' dir='ltr' id='par_1_14' title="bbox 1948 640 3526 721">
     <span class='ocr_line' id='line_1_14' title="bbox 1948 640 3526 721; baseline 0.006 -27"><span class='ocrx_word' id='word_1_76' title='bbox 1948 655 2068 696; x_wconf 91' lang='lat' dir='ltr'><strong>ram</strong></span> <span class='ocrx_word' id='word_1_77' title='bbox 2097 640 2363 720; x_wconf 81' lang='lat' dir='ltr'><strong>trahens,</strong></span> <span class='ocrx_word' id='word_1_78' title='bbox 2414 657 2512 715; x_wconf 88' lang='lat' dir='ltr'><strong>per</strong></span> <span class='ocrx_word' id='word_1_79' title='bbox 2557 642 2743 702; x_wconf 87' lang='lat' dir='ltr'><strong>radios</strong></span> <span class='ocrx_word' id='word_1_80' title='bbox 2772 658 2907 702; x_wconf 89' lang='lat' dir='ltr'><strong>suos</strong></span> <span class='ocrx_word' id='word_1_81' title='bbox 2940 660 3052 702; x_wconf 91' lang='lat' dir='ltr'><strong>non</strong></span> <span class='ocrx_word' id='word_1_82' title='bbox 3099 646 3154 702; x_wconf 90' lang='lat' dir='ltr'><strong>id</strong></span> <span class='ocrx_word' id='word_1_83' title='bbox 3194 664 3358 706; x_wconf 90' lang='lat' dir='ltr'><strong>omne</strong></span> <span class='ocrx_word' id='word_1_84' title='bbox 3381 649 3526 721; x_wconf 87' lang='lat' dir='ltr'><strong>quod</strong></span> 
     </span>
    </p>
   </div>
   <div class='ocr_carea' id='block_1_15' title="bbox 1944 734 3527 813">
    <p class='ocr_par' dir='ltr' id='par_1_15' title="bbox 1944 734 3527 813">
     <span class='ocr_line' id='line_1_15' title="bbox 1944 734 3527 813; baseline 0.004 -22"><span class='ocrx_word' id='word_1_85' title='bbox 1944 735 2109 794; x_wconf 82' lang='lat' dir='ltr'><strong>dulce</strong></span> <span class='ocrx_word' id='word_1_86' title='bbox 2137 743 2244 806; x_wconf 77' lang='lat' dir='ltr'><strong>est,</strong></span> <span class='ocrx_word' id='word_1_87' title='bbox 2294 734 2502 792; x_wconf 82' lang='lat' dir='ltr'><strong>educit.</strong></span> <span class='ocrx_word' id='word_1_88' title='bbox 2529 734 2697 808; x_wconf 78' lang='lat' dir='ltr'><strong>Atqui</strong></span> <span class='ocrx_word' id='word_1_89' title='bbox 2743 751 2805 792; x_wconf 91' lang='lat' dir='ltr'><strong>ea</strong></span> <span class='ocrx_word' id='word_1_90' title='bbox 2836 753 3056 810; x_wconf 87' lang='lat' dir='ltr'><strong>quoque</strong></span> <span class='ocrx_word' id='word_1_91' title='bbox 3076 739 3377 804; x_wconf 71' lang='lat' dir='ltr'><strong>animantia</strong></span> <span class='ocrx_word' id='word_1_92' title='bbox 3400 758 3527 813; x_wconf 66' lang='lat' dir='ltr'><strong>quae</strong></span> 
     </span>
    </p>
   </div>
   <div class='ocr_carea' id='block_1_16' title="bbox 1945 825 3524 904">
    <p class='ocr_par' dir='ltr' id='par_1_16' title="bbox 1945 825 3524 904">
     <span class='ocr_line' id='line_1_16' title="bbox 1945 825 3524 904; baseline 0.005 -21"><span class='ocrx_word' id='word_1_93' title='bbox 1945 825 2004 883; x_wconf 82' lang='lat' dir='ltr'><strong>in</strong></span> <span class='ocrx_word' id='word_1_94' title='bbox 2069 827 2207 883; x_wconf 85' lang='lat' dir='ltr'><strong>mari</strong></span> <span class='ocrx_word' id='word_1_95' title='bbox 2255 826 2486 902; x_wconf 69' lang='lat' dir='ltr'><strong>degunt,</strong></span> <span class='ocrx_word' id='word_1_96' title='bbox 2545 828 2806 886; x_wconf 84' lang='lat' dir='ltr'><strong>dulcibus</strong></span> <span class='ocrx_word' id='word_1_97' title='bbox 2847 831 3006 902; x_wconf 84' lang='lat' dir='ltr'><strong>aquis</strong></span> <span class='ocrx_word' id='word_1_98' title='bbox 3049 833 3323 904; x_wconf 77' lang='lat' dir='ltr'><strong>gaudent;</strong></span> <span class='ocrx_word' id='word_1_99' title='bbox 3381 834 3524 893; x_wconf 85' lang='lat' dir='ltr'><strong>unde</strong></span> 
     </span>
    </p>
   </div>
   <div class='ocr_carea' id='block_1_17' title="bbox 1943 917 3517 999">
    <p class='ocr_par' dir='ltr' id='par_1_17' title="bbox 1943 917 3517 999">
     <span class='ocr_line' id='line_1_17' title="bbox 1943 917 3517 999; baseline 0.004 -23"><span class='ocrx_word' id='word_1_100' title='bbox 1943 917 2111 976; x_wconf 86' lang='lat' dir='ltr'><strong>etiam</strong></span> <span class='ocrx_word' id='word_1_101' title='bbox 2156 918 2226 976; x_wconf 90' lang='lat' dir='ltr'><strong>ad</strong></span> <span class='ocrx_word' id='word_1_102' title='bbox 2279 919 2476 979; x_wconf 79' lang='lat' dir='ltr'><strong>ﬂuvios</strong></span> <span class='ocrx_word' id='word_1_103' title='bbox 2526 920 2845 991; x_wconf 84' lang='lat' dir='ltr'><strong>frequenter</strong></span> <span class='ocrx_word' id='word_1_104' title='bbox 2882 933 3134 994; x_wconf 84' lang='lat' dir='ltr'><strong>enatant,</strong></span> <span class='ocrx_word' id='word_1_105' title='bbox 3175 935 3231 984; x_wconf 89' lang='lat' dir='ltr'><strong>et</strong></span> <span class='ocrx_word' id='word_1_106' title='bbox 3270 929 3464 999; x_wconf 88' lang='lat' dir='ltr'><strong>procul</strong></span> <span class='ocrx_word' id='word_1_107' title='bbox 3491 945 3517 983; x_wconf 83' lang='lat' dir='ltr'><strong>a</strong></span> 
     </span>
    </p>
   </div>
   <div class='ocr_carea' id='block_1_18' title="bbox 1941 1011 3517 1095">
    <p class='ocr_par' dir='ltr' id='par_1_18' title="bbox 1941 1011 3517 1095">
     <span class='ocr_line' id='line_1_18' title="bbox 1941 1011 3517 1095; baseline 0.007 -27"><span class='ocrx_word' id='word_1_108' title='bbox 1941 1011 2084 1069; x_wconf 81' lang='lat' dir='ltr'><strong>mari</strong></span> <span class='ocrx_word' id='word_1_109' title='bbox 2113 1014 2387 1071; x_wconf 77' lang='lat' dir='ltr'><strong>feruntur.</strong></span> <span class='ocrx_word' id='word_1_110' title='bbox 2419 1015 2541 1083; x_wconf 82' lang='lat' dir='ltr'><strong>Quo</strong></span> <span class='ocrx_word' id='word_1_111' title='bbox 2570 1015 2630 1070; x_wconf 86' lang='lat' dir='ltr'><strong>lit</strong></span> <span class='ocrx_word' id='word_1_112' title='bbox 2666 1023 2725 1071; x_wconf 91' lang='lat' dir='ltr'><strong>ut</strong></span> <span class='ocrx_word' id='word_1_113' title='bbox 2751 1013 3044 1075; x_wconf 89' lang='lat' dir='ltr'><strong>Ponticum</strong></span> <span class='ocrx_word' id='word_1_114' title='bbox 3070 1021 3255 1077; x_wconf 88' lang='lat' dir='ltr'><strong>sinum</strong></span> <span class='ocrx_word' id='word_1_115' title='bbox 3291 1022 3517 1095; x_wconf 74' lang='lat' dir='ltr'><strong>reliquis</strong></span> 
     </span>
    </p>
   </div>
   <div class='ocr_carea' id='block_1_19' title="bbox 1940 1099 3518 1188">
    <p class='ocr_par' dir='ltr' id='par_1_19' title="bbox 1940 1099 3518 1188">
     <span class='ocr_line' id='line_1_19' title="bbox 1940 1099 3518 1188; baseline 0.004 -23"><span class='ocrx_word' id='word_1_116' title='bbox 1940 1106 2201 1166; x_wconf 85' lang='lat' dir='ltr'><strong>omnibus</strong></span> <span class='ocrx_word' id='word_1_117' title='bbox 2241 1115 2598 1181; x_wconf 86' lang='lat' dir='ltr'><strong>anteponant,</strong></span> <span class='ocrx_word' id='word_1_118' title='bbox 2627 1119 2686 1168; x_wconf 92' lang='lat' dir='ltr'><strong>ut</strong></span> <span class='ocrx_word' id='word_1_119' title='bbox 2716 1112 2807 1183; x_wconf 88' lang='lat' dir='ltr'><strong>qui</strong></span> <span class='ocrx_word' id='word_1_120' title='bbox 2870 1121 2984 1168; x_wconf 91' lang='lat' dir='ltr'><strong>tum</strong></span> <span class='ocrx_word' id='word_1_121' title='bbox 3021 1114 3088 1169; x_wconf 89' lang='lat' dir='ltr'><strong>ad</strong></span> <span class='ocrx_word' id='word_1_122' title='bbox 3124 1099 3518 1188; x_wconf 74' lang='lat' dir='ltr'><strong>procreandos,</strong></span> 
     </span>
    </p>
   </div>
   <div class='ocr_carea' id='block_1_20' title="bbox 265 1199 3518 1279">
    <p class='ocr_par' dir='ltr' id='par_1_20' title="bbox 265 1199 3518 1279">
     <span class='ocr_line' id='line_1_20' title="bbox 265 1199 3518 1279; baseline 0.003 -24"><span class='ocrx_word' id='word_1_123' title='bbox 265 1207 384 1256; x_wconf 89' lang='lat' dir='ltr'><strong>tum</strong></span> <span class='ocrx_word' id='word_1_124' title='bbox 413 1202 482 1257; x_wconf 89' lang='lat' dir='ltr'><strong>ad</strong></span> <span class='ocrx_word' id='word_1_125' title='bbox 502 1203 729 1261; x_wconf 82' lang='lat' dir='ltr'><strong>alendos</strong></span> <span class='ocrx_word' id='word_1_126' title='bbox 751 1204 894 1262; x_wconf 78' lang='lat' dir='ltr'><strong>fetus</strong></span> <span class='ocrx_word' id='word_1_127' title='bbox 920 1212 1085 1278; x_wconf 85' lang='lat' dir='ltr'><strong>aptus</strong></span> <span class='ocrx_word' id='word_1_128' title='bbox 1107 1204 1199 1265; x_wconf 82' lang='lat' dir='ltr'><strong>sit.</strong></span> <span class='ocrx_word' id='word_1_129' title='bbox 1238 1201 1341 1264; x_wconf 84' lang='lat' dir='ltr'><strong>Ubi</strong></span> <span class='ocrx_word' id='word_1_130' title='bbox 1369 1217 1499 1263; x_wconf 83' lang='lat' dir='ltr'><strong>vero</strong></span> <span class='ocrx_word' id='word_1_131' title='bbox 1519 1215 1586 1260; x_wconf 88' lang='lat' dir='ltr'><strong>eo</strong></span> <span class='ocrx_word' id='word_1_132' title='bbox 1607 1213 1836 1260; x_wconf 87' lang='lat' dir='ltr'><strong>munere</strong></span> <span class='ocrx_word' id='word_1_133' title='bbox 1860 1199 2025 1275; x_wconf 81' lang='lat' dir='ltr'><strong>cujus</strong></span> <span class='ocrx_word' id='word_1_134' title='bbox 2062 1200 2250 1259; x_wconf 85' lang='lat' dir='ltr'><strong>studio</strong></span> <span class='ocrx_word' id='word_1_135' title='bbox 2288 1203 2620 1260; x_wconf 87' lang='lat' dir='ltr'><strong>tenebantur</strong></span> <span class='ocrx_word' id='word_1_136' title='bbox 2680 1205 2956 1279; x_wconf 79' lang='lat' dir='ltr'><strong>perfuncti</strong></span> <span class='ocrx_word' id='word_1_137' title='bbox 3013 1217 3161 1274; x_wconf 89' lang='lat' dir='ltr'><strong>sunt,</strong></span> <span class='ocrx_word' id='word_1_138' title='bbox 3224 1207 3518 1272; x_wconf 77' lang='lat' dir='ltr'><strong>confertim</strong></span> 
     </span>
    </p>
   </div>
   <div class='ocr_carea' id='block_1_21' title="bbox 265 1296 1739 1358">
    <p class='ocr_par' dir='ltr' id='par_1_21' title="bbox 265 1296 1739 1358">
     <span class='ocr_line' id='line_1_21' title="bbox 265 1296 1739 1358; baseline 0.003 -4"><span class='ocrx_word' id='word_1_139' title='bbox 265 1311 457 1354; x_wconf 89' lang='lat' dir='ltr'><strong>omnes</strong></span> <span class='ocrx_word' id='word_1_140' title='bbox 488 1296 711 1354; x_wconf 88' lang='lat' dir='ltr'><strong>domum</strong></span> <span class='ocrx_word' id='word_1_141' title='bbox 749 1307 1118 1357; x_wconf 84' lang='lat' dir='ltr'><strong>revertuntur.</strong></span> <span class='ocrx_word' id='word_1_142' title='bbox 1231 1296 1236 1301; x_wconf 81' lang='grc'><strong>’</strong></span> <span class='ocrx_word' id='word_1_143' title='bbox 1737 1356 1739 1358; x_wconf 79' lang='lat'><strong>.</strong></span> 
     </span>
    </p>
   </div>
   <div class='ocr_carea' id='block_1_22' title="bbox 335 1389 1845 1468">
    <p class='ocr_par' dir='ltr' id='par_1_22' title="bbox 335 1389 1845 1468">
     <span class='ocr_line' id='line_1_22' title="bbox 335 1389 1845 1468; baseline -0.003 -19"><span class='ocrx_word' id='word_1_144' title='bbox 335 1396 606 1462; x_wconf 84' lang='grc' dir='ltr'>Ἤκουσα,</span> <span class='ocrx_word' id='word_1_145' title='bbox 637 1394 721 1450; x_wconf 86' lang='grc' dir='ltr'>ὅτι</span> <span class='ocrx_word' id='word_1_146' title='bbox 750 1393 1037 1460; x_wconf 80' lang='grc' dir='ltr'><strong>θαλάσσιος</strong></span> <span class='ocrx_word' id='word_1_147' title='bbox 1071 1395 1270 1468; x_wconf 74' lang='grc' dir='ltr'>ἐχῖνος,</span> <span class='ocrx_word' id='word_1_148' title='bbox 1310 1393 1372 1447; x_wconf 80' lang='grc' dir='ltr'>τὸ</span> <span class='ocrx_word' id='word_1_149' title='bbox 1409 1389 1606 1465; x_wconf 72' lang='grc' dir='ltr'>μικρὸν</span> <span class='ocrx_word' id='word_1_150' title='bbox 1638 1405 1845 1445; x_wconf 76' lang='grc' dir='ltr'>παντε-</span> 
     </span>
    </p>
   </div>
   <div class='ocr_carea' id='block_1_23' title="bbox 263 1485 1842 1563">
    <p class='ocr_par' dir='ltr' id='par_1_23' title="bbox 263 1485 1842 1563">
     <span class='ocr_line' id='line_1_23' title="bbox 263 1485 1842 1563; baseline -0.002 -20"><span class='ocrx_word' id='word_1_151' title='bbox 263 1486 370 1555; x_wconf 82' lang='grc' dir='ltr'><strong>λῶς</strong></span> <span class='ocrx_word' id='word_1_152' title='bbox 404 1488 498 1544; x_wconf 77' lang='grc' dir='ltr'>καὶ</span> <span class='ocrx_word' id='word_1_153' title='bbox 520 1488 990 1563; x_wconf 79' lang='grc' dir='ltr'>εὐκαταφρόνητον</span> <span class='ocrx_word' id='word_1_154' title='bbox 1017 1488 1176 1555; x_wconf 82' lang='grc' dir='ltr'>ζῶον,</span> <span class='ocrx_word' id='word_1_155' title='bbox 1225 1487 1544 1551; x_wconf 84' lang='grc' dir='ltr'>διδάσκαλος</span> <span class='ocrx_word' id='word_1_156' title='bbox 1580 1485 1842 1550; x_wconf 81' lang='grc' dir='ltr'><strong>πολλάκις</strong></span> 
     </span>
    </p>
   </div>
   <div class='ocr_carea' id='block_1_24' title="bbox 261 1579 1839 1655">
    <p class='ocr_par' dir='ltr' id='par_1_24' title="bbox 261 1579 1839 1655">
     <span class='ocr_line' id='line_1_24' title="bbox 261 1579 1839 1655; baseline 0 -21"><span class='ocrx_word' id='word_1_157' title='bbox 261 1581 508 1655; x_wconf 78' lang='grc' dir='ltr'><strong>γαλήνης</strong></span> <span class='ocrx_word' id='word_1_158' title='bbox 529 1582 623 1638; x_wconf 72' lang='grc' dir='ltr'>καὶ</span> <span class='ocrx_word' id='word_1_159' title='bbox 653 1581 916 1647; x_wconf 82' lang='grc' dir='ltr'><strong>κλύδωνος</strong></span> <span class='ocrx_word' id='word_1_160' title='bbox 935 1583 1050 1648; x_wconf 73' lang='grc' dir='ltr'>τοῖς</span> <span class='ocrx_word' id='word_1_161' title='bbox 1069 1581 1295 1637; x_wconf 76' lang='grc' dir='ltr'>πλέουσι</span> <span class='ocrx_word' id='word_1_162' title='bbox 1321 1581 1552 1651; x_wconf 85' lang='grc' dir='ltr'>γίνεται.</span> <span class='ocrx_word' id='word_1_163' title='bbox 1581 1580 1678 1644; x_wconf 91' lang='grc' dir='ltr'><strong>Ὃς</strong></span> <span class='ocrx_word' id='word_1_164' title='bbox 1707 1579 1839 1635; x_wconf 83' lang='grc' dir='ltr'>ὅταν</span> 
     </span>
    </p>
   </div>
   <div class='ocr_carea' id='block_1_25' title="bbox 2013 1358 3517 1465">
    <p class='ocr_par' dir='ltr' id='par_1_25' title="bbox 2013 1373 3517 1465">
     <span class='ocr_line' id='line_1_25' title="bbox 2013 1373 3517 1465; baseline 0.008 -27"><span class='ocrx_word' id='word_1_165' title='bbox 2013 1380 2159 1438; x_wconf 84' lang='lat' dir='ltr'><strong>Ibid.</strong></span> <span class='ocrx_word' id='word_1_166' title='bbox 2193 1413 2261 1429; x_wconf 89' lang='lat'><strong><em>—</em></strong></span> <span class='ocrx_word' id='word_1_167' title='bbox 2293 1380 2410 1440; x_wconf 81' lang='lat' dir='ltr'><strong>Hoc</strong></span> <span class='ocrx_word' id='word_1_168' title='bbox 2436 1384 2642 1454; x_wconf 86' lang='lat' dir='ltr'><strong>audivi,</strong></span> <span class='ocrx_word' id='word_1_169' title='bbox 2667 1373 2937 1443; x_wconf 85' lang='lat' dir='ltr'><strong>marinum</strong></span> <span class='ocrx_word' id='word_1_170' title='bbox 2953 1389 3232 1459; x_wconf 90' lang='lat' dir='ltr'><strong>ecbinum,</strong></span> <span class='ocrx_word' id='word_1_171' title='bbox 3259 1392 3517 1465; x_wconf 77' lang='lat' dir='ltr'><strong>exiguum</strong></span> 
     </span>
    </p>
   </div>
   <div class='ocr_carea' id='block_1_26' title="bbox 1939 1473 3515 1554">
    <p class='ocr_par' dir='ltr' id='par_1_26' title="bbox 1939 1473 3515 1554">
     <span class='ocr_line' id='line_1_26' title="bbox 1939 1473 3515 1554; baseline 0.008 -22"><span class='ocrx_word' id='word_1_172' title='bbox 1939 1473 2077 1532; x_wconf 88' lang='lat' dir='ltr'><strong>illud</strong></span> <span class='ocrx_word' id='word_1_173' title='bbox 2103 1490 2337 1547; x_wconf 84' lang='lat' dir='ltr'><strong>prorsus</strong></span> <span class='ocrx_word' id='word_1_174' title='bbox 2358 1485 2412 1532; x_wconf 88' lang='lat' dir='ltr'><strong>et</strong></span> <span class='ocrx_word' id='word_1_175' title='bbox 2437 1477 2708 1550; x_wconf 70' lang='lat' dir='ltr'><strong>abiectum</strong></span> <span class='ocrx_word' id='word_1_176' title='bbox 2741 1481 2970 1546; x_wconf 85' lang='lat' dir='ltr'><strong>animal,</strong></span> <span class='ocrx_word' id='word_1_177' title='bbox 3006 1483 3426 1554; x_wconf 85' lang='lat' dir='ltr'><strong>tranquillitatis</strong></span> <span class='ocrx_word' id='word_1_178' title='bbox 3460 1497 3515 1544; x_wconf 88' lang='lat' dir='ltr'><strong>et</strong></span> 
     </span>
    </p>
   </div>
   <div class='ocr_carea' id='block_1_27' title="bbox 1937 1568 3518 1651">
    <p class='ocr_par' dir='ltr' id='par_1_27' title="bbox 1937 1568 3518 1651">
     <span class='ocr_line' id='line_1_27' title="bbox 1937 1568 3518 1651; baseline 0.008 -29"><span class='ocrx_word' id='word_1_179' title='bbox 1937 1569 2281 1638; x_wconf 81' lang='lat' dir='ltr'><strong>tempestatis</strong></span> <span class='ocrx_word' id='word_1_180' title='bbox 2340 1568 2661 1639; x_wconf 81' lang='lat' dir='ltr'><strong>magistrum</strong></span> <span class='ocrx_word' id='word_1_181' title='bbox 2724 1585 2846 1626; x_wconf 85' lang='lat' dir='ltr'><strong>sese</strong></span> <span class='ocrx_word' id='word_1_182' title='bbox 2928 1573 3318 1643; x_wconf 74' lang='lat' dir='ltr'><strong>navigantibus</strong></span> <span class='ocrx_word' id='word_1_183' title='bbox 3372 1593 3518 1651; x_wconf 68' lang='lat' dir='ltr'><strong>saepe</strong></span> 
     </span>
    </p>
   </div>
   <div class='ocr_carea' id='block_1_28' title="bbox 262 1657 1828 1750">
    <p class='ocr_par' dir='ltr' id='par_1_28' title="bbox 262 1672 1828 1750">
     <span class='ocr_line' id='line_1_28' title="bbox 262 1672 1828 1750; baseline 0 -21"><span class='ocrx_word' id='word_1_184' title='bbox 262 1676 460 1750; x_wconf 76' lang='grc' dir='ltr'>προῖδῃ</span> <span class='ocrx_word' id='word_1_185' title='bbox 489 1676 732 1749; x_wconf 75' lang='grc' dir='ltr'>ταραχὴν</span> <span class='ocrx_word' id='word_1_186' title='bbox 760 1676 984 1748; x_wconf 80' lang='grc' dir='ltr'><strong>ἀνέμου,</strong></span> <span class='ocrx_word' id='word_1_187' title='bbox 1008 1674 1220 1749; x_wconf 82' lang='grc' dir='ltr'>ψηφίδα</span> <span class='ocrx_word' id='word_1_188' title='bbox 1259 1672 1382 1730; x_wconf 78' lang='grc' dir='ltr'>τινὰ</span> <span class='ocrx_word' id='word_1_189' title='bbox 1419 1673 1670 1729; x_wconf 78' lang='grc' dir='ltr'>ὑπελθὼν</span> <span class='ocrx_word' id='word_1_190' title='bbox 1709 1690 1828 1745; x_wconf 83' lang='grc' dir='ltr'>γεν-</span> 
     </span>
    </p>
   </div>
   <div class='ocr_carea' id='block_1_29' title="bbox 1935 1657 3512 1750">
    <p class='ocr_par' dir='ltr' id='par_1_29' title="bbox 1935 1657 3512 1742">
     <span class='ocr_line' id='line_1_29' title="bbox 1935 1657 3512 1742; baseline 0.01 -30"><span class='ocrx_word' id='word_1_191' title='bbox 1935 1657 2198 1730; x_wconf 65' lang='lat' dir='ltr'><strong>prmbere.</strong></span> <span class='ocrx_word' id='word_1_192' title='bbox 2229 1657 2364 1714; x_wconf 80' lang='lat' dir='ltr'><strong>Nam</strong></span> <span class='ocrx_word' id='word_1_193' title='bbox 2385 1674 2510 1716; x_wconf 91' lang='lat' dir='ltr'><strong>cum</strong></span> <span class='ocrx_word' id='word_1_194' title='bbox 2565 1669 2847 1717; x_wconf 88' lang='lat' dir='ltr'><strong>ventorum</strong></span> <span class='ocrx_word' id='word_1_195' title='bbox 2878 1665 3341 1736; x_wconf 85' lang='lat' dir='ltr'><strong>perturbationem</strong></span> <span class='ocrx_word' id='word_1_196' title='bbox 3385 1687 3512 1742; x_wconf 88' lang='lat' dir='ltr'><strong>pro-</strong></span> 
     </span>
    </p>
   </div>
   <div class='ocr_carea' id='block_1_30' title="bbox 260 1750 1828 1858">
    <p class='ocr_par' dir='ltr' id='par_1_30' title="bbox 260 1762 1828 1843">
     <span class='ocr_line' id='line_1_30' title="bbox 260 1762 1828 1843; baseline 0.001 -22"><span class='ocrx_word' id='word_1_197' title='bbox 260 1769 442 1832; x_wconf 90' lang='grc' dir='ltr'>ναίαν,</span> <span class='ocrx_word' id='word_1_198' title='bbox 466 1770 552 1824; x_wconf 76' lang='grc' dir='ltr'><strong>ιπ⁸</strong></span> <span class='ocrx_word' id='word_1_199' title='bbox 585 1768 726 1843; x_wconf 75' lang='grc' dir='ltr'>αὐτῇ</span> <span class='ocrx_word' id='word_1_200' title='bbox 741 1767 931 1840; x_wconf 81' lang='grc' dir='ltr'>ὥσπερ</span> <span class='ocrx_word' id='word_1_201' title='bbox 957 1768 1046 1822; x_wconf 68' lang='grc' dir='ltr'><strong>ἔπ’</strong></span> <span class='ocrx_word' id='word_1_202' title='bbox 1066 1766 1316 1840; x_wconf 80' lang='grc' dir='ltr'><strong>ἀγκύρας</strong></span> <span class='ocrx_word' id='word_1_203' title='bbox 1337 1765 1573 1838; x_wconf 72' lang='grc' dir='ltr'>βεϐαίως</span> <span class='ocrx_word' id='word_1_204' title='bbox 1592 1762 1828 1833; x_wconf 85' lang='grc' dir='ltr'>σαλεύει,</span> 
     </span>
    </p>
   </div>
   <div class='ocr_carea' id='block_1_31' title="bbox 1935 1750 3515 1858">
    <p class='ocr_par' dir='ltr' id='par_1_31' title="bbox 1935 1750 3515 1835">
     <span class='ocr_line' id='line_1_31' title="bbox 1935 1750 3515 1835; baseline 0.009 -28"><span class='ocrx_word' id='word_1_205' title='bbox 1935 1750 2115 1823; x_wconf 83' lang='lat' dir='ltr'><strong>spicit,</strong></span> <span class='ocrx_word' id='word_1_206' title='bbox 2165 1766 2382 1824; x_wconf 77' lang='lat' dir='ltr'><strong>gravem</strong></span> <span class='ocrx_word' id='word_1_207' title='bbox 2411 1761 2466 1809; x_wconf 90' lang='lat' dir='ltr'><strong>et</strong></span> <span class='ocrx_word' id='word_1_208' title='bbox 2494 1753 2752 1810; x_wconf 76' lang='lat' dir='ltr'><strong>eximium</strong></span> <span class='ocrx_word' id='word_1_209' title='bbox 2791 1756 3062 1813; x_wconf 88' lang='lat' dir='ltr'><strong>calculum</strong></span> <span class='ocrx_word' id='word_1_210' title='bbox 3085 1760 3236 1814; x_wconf 87' lang='lat' dir='ltr'><strong>subit</strong></span> <span class='ocrx_word' id='word_1_211' title='bbox 3258 1802 3274 1828; x_wconf 96' lang='lat'><strong>,</strong></span> <span class='ocrx_word' id='word_1_212' title='bbox 3323 1763 3377 1818; x_wconf 89' lang='lat' dir='ltr'><strong>in</strong></span> <span class='ocrx_word' id='word_1_213' title='bbox 3406 1779 3515 1835; x_wconf 90' lang='lat' dir='ltr'><strong>quo</strong></span> 
     </span>
    </p>
   </div>
   <div class='ocr_carea' id='block_1_32' title="bbox 259 1846 1828 1935">
    <p class='ocr_par' dir='ltr' id='par_1_32' title="bbox 259 1859 1828 1935">
     <span class='ocr_line' id='line_1_32' title="bbox 259 1859 1828 1935; baseline 0.001 -21"><span class='ocrx_word' id='word_1_214' title='bbox 259 1859 626 1934; x_wconf 67' lang='grc' dir='ltr'>κατεχόμενος</span> <span class='ocrx_word' id='word_1_215' title='bbox 650 1861 728 1934; x_wconf 79' lang='grc' dir='ltr'>τῷ</span> <span class='ocrx_word' id='word_1_216' title='bbox 751 1861 908 1935; x_wconf 84' lang='grc' dir='ltr'>βάρει</span> <span class='ocrx_word' id='word_1_217' title='bbox 936 1861 1074 1934; x_wconf 77' lang='grc' dir='ltr'>πρὸς</span> <span class='ocrx_word' id='word_1_218' title='bbox 1103 1861 1164 1916; x_wconf 86' lang='grc' dir='ltr'><strong>τὺ</strong></span> <span class='ocrx_word' id='word_1_219' title='bbox 1190 1861 1264 1933; x_wconf 78' lang='grc' dir='ltr'>μὴ</span> <span class='ocrx_word' id='word_1_220' title='bbox 1295 1860 1495 1934; x_wconf 80' lang='grc' dir='ltr'>ῥᾳδίως</span> <span class='ocrx_word' id='word_1_221' title='bbox 1513 1862 1628 1927; x_wconf 76' lang='grc' dir='ltr'>τοῖς</span> <span class='ocrx_word' id='word_1_222' title='bbox 1653 1859 1828 1931; x_wconf 81' lang='grc' dir='ltr'>κύμα·</span> 
     </span>
    </p>
   </div>
   <div class='ocr_carea' id='block_1_33' title="bbox 1935 1846 3514 1935">
    <p class='ocr_par' dir='ltr' id='par_1_33' title="bbox 1938 1846 3514 1928">
     <span class='ocr_line' id='line_1_33' title="bbox 1938 1846 3514 1928; baseline 0.009 -30"><span class='ocrx_word' id='word_1_223' title='bbox 1938 1859 2046 1900; x_wconf 87' lang='lat' dir='ltr'><strong>non</strong></span> <span class='ocrx_word' id='word_1_224' title='bbox 2074 1859 2237 1902; x_wconf 89' lang='lat' dir='ltr'><strong>secus</strong></span> <span class='ocrx_word' id='word_1_225' title='bbox 2266 1859 2332 1901; x_wconf 88' lang='lat' dir='ltr'><strong>ac</strong></span> <span class='ocrx_word' id='word_1_226' title='bbox 2365 1846 2420 1902; x_wconf 92' lang='lat' dir='ltr'><strong>in</strong></span> <span class='ocrx_word' id='word_1_227' title='bbox 2473 1846 2716 1903; x_wconf 86' lang='lat' dir='ltr'><strong>anchora</strong></span> <span class='ocrx_word' id='word_1_228' title='bbox 2743 1847 2866 1906; x_wconf 85' lang='lat' dir='ltr'><strong>sine</strong></span> <span class='ocrx_word' id='word_1_229' title='bbox 2892 1849 3218 1909; x_wconf 89' lang='lat' dir='ltr'><strong>discrimine</strong></span> <span class='ocrx_word' id='word_1_230' title='bbox 3245 1855 3360 1910; x_wconf 86' lang='lat' dir='ltr'><strong>ullo</strong></span> <span class='ocrx_word' id='word_1_231' title='bbox 3393 1859 3514 1928; x_wconf 71' lang='lat' dir='ltr'><strong>agi-</strong></span> 
     </span>
    </p>
   </div>
   <div class='ocr_carea' id='block_1_34' title="bbox 258 1937 1828 2029">
    <p class='ocr_par' dir='ltr' id='par_1_34' title="bbox 258 1953 1828 2029">
     <span class='ocr_line' id='line_1_34' title="bbox 258 1953 1828 2029; baseline -0.001 -18"><span class='ocrx_word' id='word_1_232' title='bbox 258 1973 346 2012; x_wconf 87' lang='grc' dir='ltr'><strong>σιν</strong></span> <span class='ocrx_word' id='word_1_233' title='bbox 369 1955 762 2029; x_wconf 82' lang='grc' dir='ltr'>ἀποσύρεσθαι.</span> <span class='ocrx_word' id='word_1_234' title='bbox 792 1956 964 2014; x_wconf 81' lang='grc' dir='ltr'>Τοῦτο</span> <span class='ocrx_word' id='word_1_235' title='bbox 990 1958 1119 2013; x_wconf 82' lang='grc' dir='ltr'>ὅταν</span> <span class='ocrx_word' id='word_1_236' title='bbox 1153 1957 1334 2013; x_wconf 75' lang='grc' dir='ltr'>ἴδωσιν</span> <span class='ocrx_word' id='word_1_237' title='bbox 1380 1957 1432 2011; x_wconf 80' lang='lat' dir='ltr'><strong>oi</strong></span> <span class='ocrx_word' id='word_1_238' title='bbox 1493 1955 1744 2012; x_wconf 62' lang='grc' dir='ltr'><strong>ναυτικοὶ⁵</strong></span> <span class='ocrx_word' id='word_1_239' title='bbox 1773 1953 1828 2011; x_wconf 69' lang='grc' dir='ltr'><strong>τὺ</strong></span> 
     </span>
    </p>
   </div>
   <div class='ocr_carea' id='block_1_35' title="bbox 1935 1937 3515 2029">
    <p class='ocr_par' dir='ltr' id='par_1_35' title="bbox 1937 1937 3515 2019">
     <span class='ocr_line' id='line_1_35' title="bbox 1937 1937 3515 2019; baseline 0.01 -27"><span class='ocrx_word' id='word_1_240' title='bbox 1937 1945 2086 1992; x_wconf 90' lang='lat' dir='ltr'><strong>tatur</strong></span> <span class='ocrx_word' id='word_1_241' title='bbox 2123 1955 2138 1992; x_wconf 91' lang='lat'><strong>:</strong></span> <span class='ocrx_word' id='word_1_242' title='bbox 2169 1937 2372 2011; x_wconf 88' lang='lat' dir='ltr'><strong>quippe</strong></span> <span class='ocrx_word' id='word_1_243' title='bbox 2407 1937 2504 2012; x_wconf 90' lang='lat' dir='ltr'><strong>qui</strong></span> <span class='ocrx_word' id='word_1_244' title='bbox 2531 1939 2708 2014; x_wconf 87' lang='lat' dir='ltr'><strong>lapilli</strong></span> <span class='ocrx_word' id='word_1_245' title='bbox 2729 1941 2873 1998; x_wconf 91' lang='lat' dir='ltr'><strong>mole</strong></span> <span class='ocrx_word' id='word_1_246' title='bbox 2896 1944 3186 2013; x_wconf 87' lang='lat' dir='ltr'><strong>retinetur,</strong></span> <span class='ocrx_word' id='word_1_247' title='bbox 3213 1948 3515 2019; x_wconf 84' lang='lat' dir='ltr'><strong>quominus</strong></span> 
     </span>
    </p>
   </div>
   <div class='ocr_carea' id='block_1_36' title="bbox 257 2029 1828 2122">
    <p class='ocr_par' dir='ltr' id='par_1_36' title="bbox 257 2045 1828 2122">
     <span class='ocr_line' id='line_1_36' title="bbox 257 2045 1828 2122; baseline -0.002 -19"><span class='ocrx_word' id='word_1_248' title='bbox 257 2051 504 2121; x_wconf 80' lang='grc' dir='ltr'>σημεῖον,</span> <span class='ocrx_word' id='word_1_249' title='bbox 550 2049 699 2104; x_wconf 78' lang='grc' dir='ltr'>ἴσασι</span> <span class='ocrx_word' id='word_1_250' title='bbox 743 2050 844 2122; x_wconf 84' lang='grc' dir='ltr'>τὴν</span> <span class='ocrx_word' id='word_1_251' title='bbox 889 2048 1350 2122; x_wconf 74' lang='grc' dir='ltr'>προσδοκωμένην</span> <span class='ocrx_word' id='word_1_252' title='bbox 1392 2045 1576 2119; x_wconf 85' lang='grc' dir='ltr'>βιαίαν</span> <span class='ocrx_word' id='word_1_253' title='bbox 1617 2046 1828 2118; x_wconf 83' lang='grc' dir='ltr'>κίνησιν</span> 
     </span>
    </p>
   </div>
   <div class='ocr_carea' id='block_1_37' title="bbox 1935 2029 3515 2122">
    <p class='ocr_par' dir='ltr' id='par_1_37' title="bbox 1936 2029 3515 2114">
     <span class='ocr_line' id='line_1_37' title="bbox 1936 2029 3515 2114; baseline 0.011 -28"><span class='ocrx_word' id='word_1_254' title='bbox 1936 2029 2160 2088; x_wconf 80' lang='lat' dir='ltr'><strong>facilea</strong></span> <span class='ocrx_word' id='word_1_255' title='bbox 2211 2031 2472 2091; x_wconf 83' lang='lat' dir='ltr'><strong>ﬂuctibus</strong></span> <span class='ocrx_word' id='word_1_256' title='bbox 2535 2034 2915 2094; x_wconf 83' lang='lat' dir='ltr'><strong>abstrahatur.</strong></span> <span class='ocrx_word' id='word_1_257' title='bbox 2963 2036 3118 2106; x_wconf 86' lang='lat' dir='ltr'><strong>Quod</strong></span> <span class='ocrx_word' id='word_1_258' title='bbox 3144 2041 3362 2114; x_wconf 78' lang='lat' dir='ltr'><strong>signum</strong></span> <span class='ocrx_word' id='word_1_259' title='bbox 3419 2045 3515 2103; x_wconf 85' lang='lat' dir='ltr'><strong>ubi</strong></span> 
     </span>
    </p>
   </div>
   <div class='ocr_carea' id='block_1_38' title="bbox 256 2138 637 2208">
    <p class='ocr_par' dir='ltr' id='par_1_38' title="bbox 256 2138 637 2208">
     <span class='ocr_line' id='line_1_38' title="bbox 256 2138 637 2208; baseline 0.008 -16"><span class='ocrx_word' id='word_1_260' title='bbox 256 2138 366 2194; x_wconf 81' lang='grc' dir='ltr'><strong>τῶν</strong></span> <span class='ocrx_word' id='word_1_261' title='bbox 400 2139 637 2208; x_wconf 77' lang='grc' dir='ltr'>ἀνέμων.</span> 
     </span>
    </p>
   </div>
   <div class='ocr_carea' id='block_1_39' title="bbox 335 2324 1829 2403">
    <p class='ocr_par' dir='ltr' id='par_1_39' title="bbox 335 2324 1829 2403">
     <span class='ocr_line' id='line_1_39' title="bbox 335 2324 1829 2403; baseline 0.001 -21"><span class='ocrx_word' id='word_1_262' title='bbox 335 2324 398 2382; x_wconf 86' lang='grc' dir='ltr'><strong>Ὀ</strong></span> <span class='ocrx_word' id='word_1_263' title='bbox 427 2328 688 2400; x_wconf 85' lang='grc' dir='ltr'>καρκῖνος</span> <span class='ocrx_word' id='word_1_264' title='bbox 731 2327 832 2401; x_wconf 83' lang='grc' dir='ltr'>τῆς</span> <span class='ocrx_word' id='word_1_265' title='bbox 884 2328 1086 2402; x_wconf 79' lang='grc' dir='ltr'>σαρκὸς</span> <span class='ocrx_word' id='word_1_266' title='bbox 1128 2327 1391 2403; x_wconf 76' lang='grc' dir='ltr'><strong>ἐπιθυμεῖ</strong></span> <span class='ocrx_word' id='word_1_267' title='bbox 1426 2331 1521 2388; x_wconf 80' lang='grc' dir='ltr'>τοῦ</span> <span class='ocrx_word' id='word_1_268' title='bbox 1581 2329 1829 2403; x_wconf 71' lang='grc' dir='ltr'>ὀστρέου,</span> 
     </span>
    </p>
   </div>
   <div class='ocr_carea' id='block_1_40' title="bbox 251 2420 1829 2497">
    <p class='ocr_par' dir='ltr' id='par_1_40' title="bbox 251 2420 1829 2497">
     <span class='ocr_line' id='line_1_40' title="bbox 251 2420 1829 2497; baseline -0.001 -20"><span class='ocrx_word' id='word_1_269' title='bbox 251 2420 390 2479; x_wconf 79' lang='grc' dir='ltr'>ἀλλὰ</span> <span class='ocrx_word' id='word_1_270' title='bbox 425 2421 734 2486; x_wconf 81' lang='grc' dir='ltr'>δυσάλωτος</span> <span class='ocrx_word' id='word_1_271' title='bbox 766 2423 801 2495; x_wconf 78' lang='grc' dir='ltr'><strong>ἡ</strong></span> <span class='ocrx_word' id='word_1_272' title='bbox 824 2422 968 2495; x_wconf 78' lang='grc' dir='ltr'>άγρα</span> <span class='ocrx_word' id='word_1_273' title='bbox 999 2421 1147 2495; x_wconf 82' lang='grc' dir='ltr'><strong>αὐτῷ</strong></span> <span class='ocrx_word' id='word_1_274' title='bbox 1170 2422 1259 2478; x_wconf 83' lang='grc' dir='ltr'><strong>διὰ</strong></span> <span class='ocrx_word' id='word_1_275' title='bbox 1277 2424 1378 2497; x_wconf 74' lang='grc' dir='ltr'>τὴν</span> <span class='ocrx_word' id='word_1_276' title='bbox 1414 2423 1710 2497; x_wconf 72' lang='grc' dir='ltr'>περιϐολὴν</span> <span class='ocrx_word' id='word_1_277' title='bbox 1734 2420 1829 2479; x_wconf 80' lang='grc' dir='ltr'>τοῦ</span> 
     </span>
    </p>
   </div>
   <div class='ocr_carea' id='block_1_41' title="bbox 251 2513 1831 2588">
    <p class='ocr_par' dir='ltr' id='par_1_41' title="bbox 251 2513 1831 2588">
     <span class='ocr_line' id='line_1_41' title="bbox 251 2513 1831 2588; baseline 0.001 -19"><span class='ocrx_word' id='word_1_278' title='bbox 251 2514 523 2588; x_wconf 76' lang='grc' dir='ltr'>ὀστράκου</span> <span class='ocrx_word' id='word_1_279' title='bbox 543 2513 775 2584; x_wconf 77' lang='grc' dir='ltr'>γίνεται.</span> <span class='ocrx_word' id='word_1_280' title='bbox 811 2514 1071 2588; x_wconf 74' lang='grc' dir='ltr'>Ἀρραγεῖ</span> <span class='ocrx_word' id='word_1_281' title='bbox 1097 2514 1207 2588; x_wconf 87' lang='grc' dir='ltr'><strong>γάρ</strong></span> <span class='ocrx_word' id='word_1_282' title='bbox 1231 2514 1386 2588; x_wconf 73' lang='grc' dir='ltr'>ἕρκει</span> <span class='ocrx_word' id='word_1_283' title='bbox 1409 2515 1473 2570; x_wconf 85' lang='grc' dir='ltr'>τὸ</span> <span class='ocrx_word' id='word_1_284' title='bbox 1505 2515 1712 2570; x_wconf 79' lang='grc' dir='ltr'>ἁπαλὸν</span> <span class='ocrx_word' id='word_1_285' title='bbox 1730 2515 1831 2583; x_wconf 81' lang='grc' dir='ltr'><strong>τῆς</strong></span> 
     </span>
    </p>
   </div>
   <div class='ocr_carea' id='block_1_42' title="bbox 253 2607 1830 2682">
    <p class='ocr_par' dir='ltr' id='par_1_42' title="bbox 253 2607 1830 2682">
     <span class='ocr_line' id='line_1_42' title="bbox 253 2607 1830 2682; baseline 0 -19"><span class='ocrx_word' id='word_1_286' title='bbox 253 2609 457 2681; x_wconf 82' lang='grc' dir='ltr'>σαρκὸς</span> <span class='ocrx_word' id='word_1_287' title='bbox 486 2609 522 2682; x_wconf 77' lang='grc' dir='ltr'><strong>ὴ</strong></span> <span class='ocrx_word' id='word_1_288' title='bbox 552 2607 715 2678; x_wconf 82' lang='grc' dir='ltr'>φύσις</span> <span class='ocrx_word' id='word_1_289' title='bbox 739 2607 1203 2681; x_wconf 80' lang='grc' dir='ltr'>κατησφαλίσατο.</span> <span class='ocrx_word' id='word_1_290' title='bbox 1245 2609 1335 2663; x_wconf 79' lang='grc' dir='ltr'><strong>Διὸ</strong></span> <span class='ocrx_word' id='word_1_291' title='bbox 1359 2611 1453 2664; x_wconf 67' lang='grc' dir='ltr'>καὶ</span> <span class='ocrx_word' id='word_1_292' title='bbox 1472 2608 1830 2680; x_wconf 84' lang='grc' dir='ltr'>ὀστρακόδερ-</span> 
     </span>
    </p>
   </div>
   <div class='ocr_carea' id='block_1_43' title="bbox 253 2700 1828 2774">
    <p class='ocr_par' dir='ltr' id='par_1_43' title="bbox 253 2700 1828 2774">
     <span class='ocr_line' id='line_1_43' title="bbox 253 2700 1828 2774; baseline 0.001 -19"><span class='ocrx_word' id='word_1_293' title='bbox 253 2717 357 2772; x_wconf 87' lang='grc' dir='ltr'>μον</span> <span class='ocrx_word' id='word_1_294' title='bbox 381 2702 839 2774; x_wconf 80' lang='grc' dir='ltr'>προσηγόρευται.</span> <span class='ocrx_word' id='word_1_295' title='bbox 869 2702 981 2756; x_wconf 67' lang='grc' dir='ltr'>Καὶ</span> <span class='ocrx_word' id='word_1_296' title='bbox 1001 2700 1193 2773; x_wconf 76' lang='grc' dir='ltr'>ἐπειδὴ</span> <span class='ocrx_word' id='word_1_297' title='bbox 1220 2700 1313 2754; x_wconf 86' lang='grc' dir='ltr'><strong>δύο</strong></span> <span class='ocrx_word' id='word_1_298' title='bbox 1333 2701 1648 2774; x_wconf 81' lang='grc' dir='ltr'>κοιλότητες</span> <span class='ocrx_word' id='word_1_299' title='bbox 1670 2701 1828 2772; x_wconf 83' lang='grc' dir='ltr'>ἀκρι-</span> 
     </span>
    </p>
   </div>
   <div class='ocr_carea' id='block_1_44' title="bbox 247 2790 1828 2866">
    <p class='ocr_par' dir='ltr' id='par_1_44' title="bbox 247 2790 1828 2866">
     <span class='ocr_line' id='line_1_44' title="bbox 247 2790 1828 2866; baseline -0.001 -18"><span class='ocrx_word' id='word_1_300' title='bbox 247 2793 364 2859; x_wconf 76' lang='grc' dir='ltr'><strong>ϐῶς</strong></span> <span class='ocrx_word' id='word_1_301' title='bbox 386 2792 646 2866; x_wconf 77' lang='grc' dir='ltr'>ἀλλήλαις</span> <span class='ocrx_word' id='word_1_302' title='bbox 673 2791 1162 2866; x_wconf 79' lang='grc' dir='ltr'>προσηρμοσμέναι</span> <span class='ocrx_word' id='word_1_303' title='bbox 1186 2790 1265 2865; x_wconf 82' lang='grc' dir='ltr'>τῷ</span> <span class='ocrx_word' id='word_1_304' title='bbox 1295 2791 1504 2865; x_wconf 83' lang='grc' dir='ltr'>ὀστρέῳ</span> <span class='ocrx_word' id='word_1_305' title='bbox 1524 2792 1828 2865; x_wconf 85' lang='grc' dir='ltr'>περιπτύσ-</span> 
     </span>
    </p>
   </div>
   <div class='ocr_carea' id='block_1_45' title="bbox 249 2885 1828 2960">
    <p class='ocr_par' dir='ltr' id='par_1_45' title="bbox 249 2885 1828 2960">
     <span class='ocr_line' id='line_1_45' title="bbox 249 2885 1828 2960; baseline -0.001 -17"><span class='ocrx_word' id='word_1_306' title='bbox 249 2904 457 2955; x_wconf 88' lang='grc' dir='ltr'>σονται,</span> <span class='ocrx_word' id='word_1_307' title='bbox 485 2887 802 2958; x_wconf 80' lang='grc' dir='ltr'>ἀναγκαίως</span> <span class='ocrx_word' id='word_1_308' title='bbox 823 2885 1102 2959; x_wconf 83' lang='grc' dir='ltr'>ἄπρακταί</span> <span class='ocrx_word' id='word_1_309' title='bbox 1131 2889 1271 2942; x_wconf 85' lang='grc' dir='ltr'>είσιν</span> <span class='ocrx_word' id='word_1_310' title='bbox 1299 2889 1354 2942; x_wconf 87' lang='grc' dir='ltr'><strong>αί</strong></span> <span class='ocrx_word' id='word_1_311' title='bbox 1381 2886 1546 2960; x_wconf 79' lang='grc' dir='ltr'>χηλαὶ</span> <span class='ocrx_word' id='word_1_312' title='bbox 1572 2886 1669 2942; x_wconf 84' lang='grc' dir='ltr'>τοῦ</span> <span class='ocrx_word' id='word_1_313' title='bbox 1694 2904 1828 2959; x_wconf 85' lang='grc' dir='ltr'>καρ-</span> 
     </span>
    </p>
   </div>
   <div class='ocr_carea' id='block_1_46' title="bbox 247 2975 1827 3053">
    <p class='ocr_par' dir='ltr' id='par_1_46' title="bbox 247 2975 1827 3053">
     <span class='ocr_line' id='line_1_46' title="bbox 247 2975 1827 3053; baseline 0 -18"><span class='ocrx_word' id='word_1_314' title='bbox 247 2979 422 3035; x_wconf 87' lang='grc' dir='ltr'>κίνου.</span> <span class='ocrx_word' id='word_1_315' title='bbox 451 2980 519 3035; x_wconf 82' lang='grc' dir='ltr'><strong>Τί</strong></span> <span class='ocrx_word' id='word_1_316' title='bbox 555 2975 649 3036; x_wconf 81' lang='grc' dir='ltr'>οὖν</span> <span class='ocrx_word' id='word_1_317' title='bbox 678 2982 856 3048; x_wconf 87' lang='grc' dir='ltr'>ποιεῖ;</span> <span class='ocrx_word' id='word_1_318' title='bbox 898 2981 1028 3035; x_wconf 80' lang='grc' dir='ltr'>ὅταν</span> <span class='ocrx_word' id='word_1_319' title='bbox 1058 2979 1144 3053; x_wconf 84' lang='grc' dir='ltr'><strong>ῐδῃ</strong></span> <span class='ocrx_word' id='word_1_320' title='bbox 1167 2980 1224 3034; x_wconf 80' lang='grc' dir='ltr'>ὲν</span> <span class='ocrx_word' id='word_1_321' title='bbox 1256 2979 1566 3052; x_wconf 79' lang='grc' dir='ltr'>ἀπηνέμοις</span> <span class='ocrx_word' id='word_1_322' title='bbox 1605 2979 1827 3053; x_wconf 79' lang='grc' dir='ltr'>χωρίοις</span> 
     </span>
    </p>
   </div>
   <div class='ocr_carea' id='block_1_47' title="bbox 247 3071 1826 3146">
    <p class='ocr_par' dir='ltr' id='par_1_47' title="bbox 247 3071 1826 3146">
     <span class='ocr_line' id='line_1_47' title="bbox 247 3071 1826 3146; baseline 0.003 -20"><span class='ocrx_word' id='word_1_323' title='bbox 247 3071 373 3144; x_wconf 80' lang='grc' dir='ltr'>μεθ’</span> <span class='ocrx_word' id='word_1_324' title='bbox 415 3071 613 3145; x_wconf 75' lang='grc' dir='ltr'>ἡδονῆς</span> <span class='ocrx_word' id='word_1_325' title='bbox 652 3071 1105 3145; x_wconf 84' lang='grc' dir='ltr'>διαθαλπόμενον,</span> <span class='ocrx_word' id='word_1_326' title='bbox 1150 3073 1249 3128; x_wconf 81' lang='grc' dir='ltr'>καὶ</span> <span class='ocrx_word' id='word_1_327' title='bbox 1291 3072 1432 3146; x_wconf 76' lang='grc' dir='ltr'>πρὸς</span> <span class='ocrx_word' id='word_1_328' title='bbox 1471 3072 1572 3139; x_wconf 83' lang='grc' dir='ltr'>τὰς</span> <span class='ocrx_word' id='word_1_329' title='bbox 1599 3073 1826 3140; x_wconf 76' lang='grc' dir='ltr'>ἀκτῖνας</span> 
     </span>
    </p>
   </div>
   <div class='ocr_carea' id='block_1_48' title="bbox 1934 2127 3516 2212">
    <p class='ocr_par' dir='ltr' id='par_1_48' title="bbox 1934 2127 3516 2212">
     <span class='ocr_line' id='line_1_48' title="bbox 1934 2127 3516 2212; baseline 0.009 -30"><span class='ocrx_word' id='word_1_330' title='bbox 1934 2132 2116 2183; x_wconf 63' lang='lat' dir='ltr'><strong>nautae</strong></span> <span class='ocrx_word' id='word_1_331' title='bbox 2138 2141 2496 2200; x_wconf 78' lang='lat' dir='ltr'><strong>perspexere.</strong></span> <span class='ocrx_word' id='word_1_332' title='bbox 2528 2127 2657 2185; x_wconf 85' lang='lat' dir='ltr'><strong>hinc</strong></span> <span class='ocrx_word' id='word_1_333' title='bbox 2677 2131 3022 2202; x_wconf 77' lang='lat' dir='ltr'><strong>exploratum</strong></span> <span class='ocrx_word' id='word_1_334' title='bbox 3051 2133 3257 2191; x_wconf 80' lang='lat' dir='ltr'><strong>habent</strong></span> <span class='ocrx_word' id='word_1_335' title='bbox 3320 2138 3516 2212; x_wconf 75' lang='lat' dir='ltr'><strong>ingen-</strong></span> 
     </span>
    </p>
   </div>
   <div class='ocr_carea' id='block_1_49' title="bbox 1933 2224 3182 2295">
    <p class='ocr_par' dir='ltr' id='par_1_49' title="bbox 1933 2224 3182 2295">
     <span class='ocr_line' id='line_1_49' title="bbox 1933 2224 3182 2295; baseline 0.01 -24"><span class='ocrx_word' id='word_1_336' title='bbox 1933 2227 2042 2275; x_wconf 86' lang='lat' dir='ltr'><strong>tem</strong></span> <span class='ocrx_word' id='word_1_337' title='bbox 2065 2227 2351 2277; x_wconf 83' lang='lat' dir='ltr'><strong>ventorum</strong></span> <span class='ocrx_word' id='word_1_338' title='bbox 2382 2224 2806 2279; x_wconf 88' lang='lat' dir='ltr'><strong>commotionem</strong></span> <span class='ocrx_word' id='word_1_339' title='bbox 2843 2224 3182 2295; x_wconf 86' lang='lat' dir='ltr'><strong>impendere.</strong></span> 
     </span>
    </p>
   </div>
   <div class='ocr_carea' id='block_1_50' title="bbox 2005 2311 3515 2392">
    <p class='ocr_par' dir='ltr' id='par_1_50' title="bbox 2005 2311 3515 2392">
     <span class='ocr_line' id='line_1_50' title="bbox 2005 2311 3515 2392; baseline 0.009 -23"><span class='ocrx_word' id='word_1_340' title='bbox 2005 2311 2149 2369; x_wconf 81' lang='lat' dir='ltr'><strong>Ibid.</strong></span> <span class='ocrx_word' id='word_1_341' title='bbox 2184 2346 2256 2358; x_wconf 83' lang='lat'><strong>--</strong></span> <span class='ocrx_word' id='word_1_342' title='bbox 2281 2313 2496 2372; x_wconf 85' lang='lat' dir='ltr'><strong>Cancer</strong></span> <span class='ocrx_word' id='word_1_343' title='bbox 2545 2317 2715 2373; x_wconf 87' lang='lat' dir='ltr'><strong>ostrei</strong></span> <span class='ocrx_word' id='word_1_344' title='bbox 2773 2330 2994 2374; x_wconf 88' lang='lat' dir='ltr'><strong>carnem</strong></span> <span class='ocrx_word' id='word_1_345' title='bbox 3026 2321 3250 2392; x_wconf 88' lang='lat' dir='ltr'><strong>appetit.</strong></span> <span class='ocrx_word' id='word_1_346' title='bbox 3312 2321 3515 2382; x_wconf 77' lang='lat' dir='ltr'><strong>Verum</strong></span> 
     </span>
    </p>
   </div>
   <div class='ocr_carea' id='block_1_51' title="bbox 1934 2406 3512 2485">
    <p class='ocr_par' dir='ltr' id='par_1_51' title="bbox 1934 2406 3512 2485">
     <span class='ocr_line' id='line_1_51' title="bbox 1934 2406 3512 2485; baseline 0.01 -25"><span class='ocrx_word' id='word_1_347' title='bbox 1934 2414 2098 2478; x_wconf 92' lang='lat' dir='ltr'><strong>captu</strong></span> <span class='ocrx_word' id='word_1_348' title='bbox 2146 2406 2390 2465; x_wconf 72' lang='lat' dir='ltr'><strong>difﬁcilis</strong></span> <span class='ocrx_word' id='word_1_349' title='bbox 2430 2409 2549 2465; x_wconf 62' lang='lat' dir='ltr'><strong>haec</strong></span> <span class='ocrx_word' id='word_1_350' title='bbox 2601 2410 2786 2481; x_wconf 71' lang='lat' dir='ltr'><strong>przeda</strong></span> <span class='ocrx_word' id='word_1_351' title='bbox 2829 2420 2915 2468; x_wconf 89' lang='lat' dir='ltr'><strong>est</strong></span> <span class='ocrx_word' id='word_1_352' title='bbox 2944 2425 3168 2485; x_wconf 87' lang='lat' dir='ltr'><strong>propter</strong></span> <span class='ocrx_word' id='word_1_353' title='bbox 3187 2423 3339 2472; x_wconf 68' lang='lat' dir='ltr'><strong>testae</strong></span> <span class='ocrx_word' id='word_1_354' title='bbox 3371 2417 3512 2475; x_wconf 82' lang='lat' dir='ltr'><strong>inte-</strong></span> 
     </span>
    </p>
   </div>
   <div class='ocr_carea' id='block_1_52' title="bbox 1932 2501 3513 2574">
    <p class='ocr_par' dir='ltr' id='par_1_52' title="bbox 1932 2501 3513 2574">
     <span class='ocr_line' id='line_1_52' title="bbox 1932 2501 3513 2574; baseline 0.008 -19"><span class='ocrx_word' id='word_1_355' title='bbox 1932 2509 2274 2574; x_wconf 78' lang='lat' dir='ltr'><strong>gumentum.</strong></span> <span class='ocrx_word' id='word_1_356' title='bbox 2353 2501 2561 2560; x_wconf 86' lang='lat' dir='ltr'><strong>Natura</strong></span> <span class='ocrx_word' id='word_1_357' title='bbox 2616 2505 2896 2574; x_wconf 89' lang='lat' dir='ltr'><strong>siquidem</strong></span> <span class='ocrx_word' id='word_1_358' title='bbox 2953 2509 3142 2563; x_wconf 87' lang='lat' dir='ltr'><strong>carnis</strong></span> <span class='ocrx_word' id='word_1_359' title='bbox 3222 2509 3513 2568; x_wconf 89' lang='lat' dir='ltr'><strong>mollitiem</strong></span> 
     </span>
    </p>
   </div>
   <div class='ocr_carea' id='block_1_53' title="bbox 1933 2596 3514 2677">
    <p class='ocr_par' dir='ltr' id='par_1_53' title="bbox 1933 2596 3514 2677">
     <span class='ocr_line' id='line_1_53' title="bbox 1933 2596 3514 2677; baseline 0.006 -26"><span class='ocrx_word' id='word_1_360' title='bbox 1933 2596 2090 2653; x_wconf 83' lang='lat' dir='ltr'><strong>ﬁrmo</strong></span> <span class='ocrx_word' id='word_1_361' title='bbox 2123 2598 2537 2670; x_wconf 80' lang='lat' dir='ltr'><strong>propugnaculo</strong></span> <span class='ocrx_word' id='word_1_362' title='bbox 2565 2598 2950 2655; x_wconf 88' lang='lat' dir='ltr'><strong>communivit.</strong></span> <span class='ocrx_word' id='word_1_363' title='bbox 2981 2598 3140 2657; x_wconf 85' lang='lat' dir='ltr'><strong>Unde</strong></span> <span class='ocrx_word' id='word_1_364' title='bbox 3168 2602 3270 2658; x_wconf 90' lang='lat' dir='ltr'><strong>hoc</strong></span> <span class='ocrx_word' id='word_1_365' title='bbox 3291 2620 3514 2677; x_wconf 88' lang='lat' dir='ltr'><strong>quoque</strong></span> 
     </span>
    </p>
   </div>
   <div class='ocr_carea' id='block_1_54' title="bbox 1931 2690 3513 2765">
    <p class='ocr_par' dir='ltr' id='par_1_54' title="bbox 1931 2690 3513 2765">
     <span class='ocr_line' id='line_1_54' title="bbox 1931 2690 3513 2765; baseline 0.008 -21"><span class='ocrx_word' id='word_1_366' title='bbox 1931 2690 2369 2763; x_wconf 81' lang='grc' dir='ltr'>ὀστρακόδερμον</span> <span class='ocrx_word' id='word_1_367' title='bbox 2418 2692 2744 2763; x_wconf 87' lang='lat' dir='ltr'><strong>appellatur.</strong></span> <span class='ocrx_word' id='word_1_368' title='bbox 2778 2693 2859 2749; x_wconf 80' lang='lat' dir='ltr'><strong>Ac</strong></span> <span class='ocrx_word' id='word_1_369' title='bbox 2913 2696 3174 2765; x_wconf 85' lang='lat' dir='ltr'><strong>quoniam</strong></span> <span class='ocrx_word' id='word_1_370' title='bbox 3210 2696 3332 2754; x_wconf 71' lang='lat' dir='ltr'><strong>dum</strong></span> <span class='ocrx_word' id='word_1_371' title='bbox 3363 2701 3513 2757; x_wconf 77' lang='lat' dir='ltr'><strong>cavi-</strong></span> 
     </span>
    </p>
   </div>
   <div class='ocr_carea' id='block_1_55' title="bbox 1932 2781 3512 2858">
    <p class='ocr_par' dir='ltr' id='par_1_55' title="bbox 1932 2781 3512 2858">
     <span class='ocr_line' id='line_1_55' title="bbox 1932 2781 3512 2858; baseline 0.008 -21"><span class='ocrx_word' id='word_1_372' title='bbox 1932 2790 2073 2839; x_wconf 85' lang='lat' dir='ltr'><strong>tates</strong></span> <span class='ocrx_word' id='word_1_373' title='bbox 2125 2781 2192 2838; x_wconf 90' lang='lat' dir='ltr'><strong>ad</strong></span> <span class='ocrx_word' id='word_1_374' title='bbox 2219 2783 2484 2840; x_wconf 82' lang='lat' dir='ltr'><strong>amussim</strong></span> <span class='ocrx_word' id='word_1_375' title='bbox 2513 2784 2746 2841; x_wconf 79' lang='lat' dir='ltr'><strong>invicem</strong></span> <span class='ocrx_word' id='word_1_376' title='bbox 2773 2794 3042 2858; x_wconf 68' lang='lat' dir='ltr'><strong>coaptata:</strong></span> <span class='ocrx_word' id='word_1_377' title='bbox 3073 2795 3314 2845; x_wconf 83' lang='lat' dir='ltr'><strong>ostreum</strong></span> <span class='ocrx_word' id='word_1_378' title='bbox 3355 2805 3512 2848; x_wconf 90' lang='lat' dir='ltr'><strong>com-</strong></span> 
     </span>
    </p>
   </div>
   <div class='ocr_carea' id='block_1_56' title="bbox 1934 2876 3514 2948">
    <p class='ocr_par' dir='ltr' id='par_1_56' title="bbox 1934 2876 3514 2948">
     <span class='ocr_line' id='line_1_56' title="bbox 1934 2876 3514 2948; baseline 0.008 -20"><span class='ocrx_word' id='word_1_379' title='bbox 1934 2876 2264 2948; x_wconf 88' lang='lat' dir='ltr'><strong>plectuntur,</strong></span> <span class='ocrx_word' id='word_1_380' title='bbox 2322 2876 2448 2932; x_wconf 85' lang='lat' dir='ltr'><strong>hinc</strong></span> <span class='ocrx_word' id='word_1_381' title='bbox 2476 2880 2785 2934; x_wconf 83' lang='lat' dir='ltr'><strong>necessario</strong></span> <span class='ocrx_word' id='word_1_382' title='bbox 2817 2879 2874 2933; x_wconf 86' lang='lat' dir='ltr'><strong>lit</strong></span> <span class='ocrx_word' id='word_1_383' title='bbox 2912 2887 2971 2933; x_wconf 89' lang='lat' dir='ltr'><strong>ut</strong></span> <span class='ocrx_word' id='word_1_384' title='bbox 3017 2881 3363 2938; x_wconf 72' lang='lat' dir='ltr'><strong>denticulata:</strong></span> <span class='ocrx_word' id='word_1_385' title='bbox 3379 2899 3514 2942; x_wconf 83' lang='lat' dir='ltr'><strong>can-</strong></span> 
     </span>
    </p>
   </div>
   <div class='ocr_carea' id='block_1_57' title="bbox 1930 2968 3510 3046">
    <p class='ocr_par' dir='ltr' id='par_1_57' title="bbox 1930 2968 3510 3046">
     <span class='ocr_line' id='line_1_57' title="bbox 1930 2968 3510 3046; baseline 0.005 -20"><span class='ocrx_word' id='word_1_386' title='bbox 1930 2971 2010 3027; x_wconf 90' lang='lat' dir='ltr'><strong>cri</strong></span> <span class='ocrx_word' id='word_1_387' title='bbox 2041 2969 2274 3043; x_wconf 81' lang='lat' dir='ltr'><strong>forcipes</strong></span> <span class='ocrx_word' id='word_1_388' title='bbox 2331 2968 2465 3027; x_wconf 89' lang='lat' dir='ltr'><strong>nihil</strong></span> <span class='ocrx_word' id='word_1_389' title='bbox 2497 2970 2722 3027; x_wconf 88' lang='lat' dir='ltr'><strong>omnino</strong></span> <span class='ocrx_word' id='word_1_390' title='bbox 2762 2972 3032 3029; x_wconf 77' lang='lat' dir='ltr'><strong>conﬁcere</strong></span> <span class='ocrx_word' id='word_1_391' title='bbox 3078 2974 3313 3046; x_wconf 85' lang='lat' dir='ltr'><strong>possint.</strong></span> <span class='ocrx_word' id='word_1_392' title='bbox 3367 2975 3510 3044; x_wconf 84' lang='lat' dir='ltr'><strong>Quid</strong></span> 
     </span>
    </p>
   </div>
   <div class='ocr_carea' id='block_1_58' title="bbox 1931 3063 3510 3140">
    <p class='ocr_par' dir='ltr' id='par_1_58' title="bbox 1931 3063 3510 3140">
     <span class='ocr_line' id='line_1_58' title="bbox 1931 3063 3510 3140; baseline 0.006 -21"><span class='ocrx_word' id='word_1_393' title='bbox 1931 3078 2064 3137; x_wconf 78' lang='lat' dir='ltr'><strong>ergo</strong></span> <span class='ocrx_word' id='word_1_394' title='bbox 2112 3064 2283 3121; x_wconf 79' lang='lat' dir='ltr'><strong>facit?</strong></span> <span class='ocrx_word' id='word_1_395' title='bbox 2309 3063 2446 3121; x_wconf 87' lang='lat' dir='ltr'><strong>Cum</strong></span> <span class='ocrx_word' id='word_1_396' title='bbox 2489 3072 2734 3122; x_wconf 89' lang='lat' dir='ltr'><strong>ostreum</strong></span> <span class='ocrx_word' id='word_1_397' title='bbox 2767 3067 2821 3122; x_wconf 89' lang='lat' dir='ltr'><strong>in</strong></span> <span class='ocrx_word' id='word_1_398' title='bbox 2856 3067 2924 3123; x_wconf 88' lang='lat' dir='ltr'><strong>iis</strong></span> <span class='ocrx_word' id='word_1_399' title='bbox 2951 3068 3086 3124; x_wconf 86' lang='lat' dir='ltr'><strong>locis</strong></span> <span class='ocrx_word' id='word_1_400' title='bbox 3116 3085 3240 3140; x_wconf 75' lang='lat' dir='ltr'><strong>quae</strong></span> <span class='ocrx_word' id='word_1_401' title='bbox 3276 3084 3308 3124; x_wconf 89' lang='lat' dir='ltr'><strong>a</strong></span> <span class='ocrx_word' id='word_1_402' title='bbox 3333 3072 3510 3129; x_wconf 73' lang='lat' dir='ltr'><strong>ventis</strong></span> 
     </span>
    </p>
   </div>
   <div class='ocr_carea' id='block_1_59' title="bbox 245 3157 1828 3240">
    <p class='ocr_par' dir='ltr' id='par_1_59' title="bbox 245 3164 1824 3240">
     <span class='ocr_line' id='line_1_59' title="bbox 245 3164 1824 3240; baseline 0.003 -20"><span class='ocrx_word' id='word_1_403' title='bbox 245 3164 343 3221; x_wconf 80' lang='grc' dir='ltr'>τοῦ</span> <span class='ocrx_word' id='word_1_404' title='bbox 370 3166 522 3240; x_wconf 82' lang='grc' dir='ltr'>ἡλίου</span> <span class='ocrx_word' id='word_1_405' title='bbox 540 3167 643 3233; x_wconf 80' lang='grc' dir='ltr'><strong>τὰς</strong></span> <span class='ocrx_word' id='word_1_406' title='bbox 669 3165 879 3240; x_wconf 85' lang='grc' dir='ltr'>πτύχας</span> <span class='ocrx_word' id='word_1_407' title='bbox 904 3164 1099 3222; x_wconf 77' lang='grc' dir='ltr'>ἑαυτοῦ</span> <span class='ocrx_word' id='word_1_408' title='bbox 1128 3164 1545 3236; x_wconf 83' lang='grc' dir='ltr'>διαπλώσαντα,</span> <span class='ocrx_word' id='word_1_409' title='bbox 1579 3169 1704 3224; x_wconf 81' lang='grc' dir='ltr'>τότε</span> <span class='ocrx_word' id='word_1_410' title='bbox 1725 3166 1824 3224; x_wconf 84' lang='grc' dir='ltr'>λά-</span> 
     </span>
    </p>
   </div>
   <div class='ocr_carea' id='block_1_60' title="bbox 1935 3157 3509 3240">
    <p class='ocr_par' dir='ltr' id='par_1_60' title="bbox 1935 3157 3509 3232">
     <span class='ocr_line' id='line_1_60' title="bbox 1935 3157 3509 3232; baseline 0.003 -18"><span class='ocrx_word' id='word_1_411' title='bbox 1935 3165 2142 3214; x_wconf 89' lang='lat' dir='ltr'><strong>remota</strong></span> <span class='ocrx_word' id='word_1_412' title='bbox 2190 3167 2342 3223; x_wconf 88' lang='lat' dir='ltr'><strong>sunt,</strong></span> <span class='ocrx_word' id='word_1_413' title='bbox 2374 3157 2748 3216; x_wconf 70' lang='lat' dir='ltr'><strong>ammnissime</strong></span> <span class='ocrx_word' id='word_1_414' title='bbox 2772 3174 2832 3215; x_wconf 89' lang='lat' dir='ltr'><strong>se</strong></span> <span class='ocrx_word' id='word_1_415' title='bbox 2865 3157 3071 3224; x_wconf 75' lang='lat' dir='ltr'><strong>fovere,</strong></span> <span class='ocrx_word' id='word_1_416' title='bbox 3111 3169 3280 3232; x_wconf 84' lang='lat' dir='ltr'><strong>atque</strong></span> <span class='ocrx_word' id='word_1_417' title='bbox 3309 3161 3380 3218; x_wconf 86' lang='lat' dir='ltr'><strong>ad</strong></span> <span class='ocrx_word' id='word_1_418' title='bbox 3411 3177 3509 3219; x_wconf 56' lang='lat' dir='ltr'><strong>so.</strong></span> 
     </span>
    </p>
   </div>
   <div class='ocr_carea' id='block_1_61' title="bbox 245 3260 1828 3338">
    <p class='ocr_par' dir='ltr' id='par_1_61' title="bbox 245 3260 1828 3338">
     <span class='ocr_line' id='line_1_61' title="bbox 245 3260 1828 3338; baseline 0.003 -23"><span class='ocrx_word' id='word_1_419' title='bbox 245 3261 354 3333; x_wconf 90' lang='grc' dir='ltr'><strong>θρα</strong></span> <span class='ocrx_word' id='word_1_420' title='bbox 375 3260 582 3334; x_wconf 82' lang='grc' dir='ltr'>ψηφίδα</span> <span class='ocrx_word' id='word_1_421' title='bbox 611 3261 986 3335; x_wconf 76' lang='grc' dir='ltr'>παρεμϐαλὼν</span> <span class='ocrx_word' id='word_1_422' title='bbox 1018 3263 1048 3318; x_wconf 87' lang='grc' dir='ltr'><strong>ὀ</strong></span> <span class='ocrx_word' id='word_1_423' title='bbox 1071 3264 1333 3338; x_wconf 76' lang='grc' dir='ltr'>καρκίνος</span> <span class='ocrx_word' id='word_1_424' title='bbox 1353 3303 1368 3329; x_wconf 92' lang='grc'><strong>,</strong></span> <span class='ocrx_word' id='word_1_425' title='bbox 1406 3263 1697 3318; x_wconf 81' lang='grc' dir='ltr'>διακωλύει</span> <span class='ocrx_word' id='word_1_426' title='bbox 1730 3263 1828 3338; x_wconf 78' lang='grc' dir='ltr'>τὴν</span> 
     </span>
    </p>
   </div>
   <div class='ocr_carea' id='block_1_62' title="bbox 248 3352 1829 3430">
    <p class='ocr_par' dir='ltr' id='par_1_62' title="bbox 248 3352 1829 3430">
     <span class='ocr_line' id='line_1_62' title="bbox 248 3352 1829 3430; baseline 0.001 -20"><span class='ocrx_word' id='word_1_427' title='bbox 248 3352 579 3428; x_wconf 79' lang='grc' dir='ltr'>σύμπτυξιν,</span> <span class='ocrx_word' id='word_1_428' title='bbox 603 3355 700 3411; x_wconf 80' lang='grc' dir='ltr'>καὶ</span> <span class='ocrx_word' id='word_1_429' title='bbox 731 3355 1046 3430; x_wconf 79' lang='grc' dir='ltr'>εὑρίσκεται</span> <span class='ocrx_word' id='word_1_430' title='bbox 1066 3356 1128 3411; x_wconf 79' lang='grc' dir='ltr'>τὸ</span> <span class='ocrx_word' id='word_1_431' title='bbox 1157 3354 1408 3412; x_wconf 65' lang='grc' dir='ltr'>ἐλλεῖπον</span> <span class='ocrx_word' id='word_1_432' title='bbox 1425 3357 1525 3429; x_wconf 81' lang='grc' dir='ltr'><strong>τῆς</strong></span> <span class='ocrx_word' id='word_1_433' title='bbox 1544 3355 1829 3430; x_wconf 81' lang='grc' dir='ltr'>δυνάμεως</span> 
     </span>
    </p>
   </div>
   <div class='ocr_carea' id='block_1_63' title="bbox 242 3447 1829 3522">
    <p class='ocr_par' dir='ltr' id='par_1_63' title="bbox 242 3447 1829 3522">
     <span class='ocr_line' id='line_1_63' title="bbox 242 3447 1829 3522; baseline 0.003 -20"><span class='ocrx_word' id='word_1_434' title='bbox 242 3448 334 3502; x_wconf 80' lang='grc' dir='ltr'>διὰ</span> <span class='ocrx_word' id='word_1_435' title='bbox 356 3448 454 3521; x_wconf 83' lang='grc' dir='ltr'>τῆς</span> <span class='ocrx_word' id='word_1_436' title='bbox 492 3447 736 3515; x_wconf 68' lang='grc' dir='ltr'>ἐπινοίας</span> <span class='ocrx_word' id='word_1_437' title='bbox 771 3451 1208 3522; x_wconf 86' lang='grc' dir='ltr'>περιγινόμενον.</span> <span class='ocrx_word' id='word_1_438' title='bbox 1250 3447 1403 3520; x_wconf 74' lang='grc' dir='ltr'>Αὕτη</span> <span class='ocrx_word' id='word_1_439' title='bbox 1461 3449 1495 3522; x_wconf 71' lang='grc' dir='ltr'><strong>ἡ</strong></span> <span class='ocrx_word' id='word_1_440' title='bbox 1524 3448 1692 3504; x_wconf 85' lang='grc' dir='ltr'>κακία</span> <span class='ocrx_word' id='word_1_441' title='bbox 1717 3448 1829 3506; x_wconf 82' lang='grc' dir='ltr'>τῶν</span> 
     </span>
    </p>
   </div>
   <div class='ocr_carea' id='block_1_64' title="bbox 245 3540 1480 3616">
    <p class='ocr_par' dir='ltr' id='par_1_64' title="bbox 245 3540 1480 3616">
     <span class='ocr_line' id='line_1_64' title="bbox 245 3540 1480 3616; baseline -0.001 -19"><span class='ocrx_word' id='word_1_442' title='bbox 245 3542 391 3615; x_wconf 81' lang='grc' dir='ltr'>μήτε</span> <span class='ocrx_word' id='word_1_443' title='bbox 418 3540 603 3612; x_wconf 85' lang='grc' dir='ltr'>λόγου,</span> <span class='ocrx_word' id='word_1_444' title='bbox 628 3543 774 3615; x_wconf 84' lang='grc' dir='ltr'>μήτε</span> <span class='ocrx_word' id='word_1_445' title='bbox 808 3542 997 3614; x_wconf 80' lang='grc' dir='ltr'>φωνῆς</span> <span class='ocrx_word' id='word_1_446' title='bbox 1025 3541 1383 3616; x_wconf 80' lang='grc' dir='ltr'>μετεχόντων.</span> <span class='ocrx_word' id='word_1_447' title='bbox 1477 3585 1480 3589; x_wconf 89' lang='grc'><strong>.</strong></span> 
     </span>
    </p>
   </div>
   <div class='ocr_carea' id='block_1_65' title="bbox 321 3722 1824 3800">
    <p class='ocr_par' dir='ltr' id='par_1_65' title="bbox 321 3722 1824 3800">
     <span class='ocr_line' id='line_1_65' title="bbox 321 3722 1824 3800; baseline 0 -20"><span class='ocrx_word' id='word_1_448' title='bbox 321 3723 435 3780; x_wconf 77' lang='grc' dir='ltr'><strong>οὐκ</strong></span> <span class='ocrx_word' id='word_1_449' title='bbox 456 3722 524 3780; x_wconf 74' lang='grc' dir='ltr'>ἂν</span> <span class='ocrx_word' id='word_1_450' title='bbox 547 3724 812 3799; x_wconf 81' lang='grc' dir='ltr'>παρέλθοι</span> <span class='ocrx_word' id='word_1_451' title='bbox 837 3742 928 3798; x_wconf 88' lang='grc' dir='ltr'><strong>μοι</strong></span> <span class='ocrx_word' id='word_1_452' title='bbox 945 3725 1008 3780; x_wconf 79' lang='grc' dir='ltr'>τὸ</span> <span class='ocrx_word' id='word_1_453' title='bbox 1034 3724 1131 3781; x_wconf 82' lang='grc' dir='ltr'><strong>τοῦ</strong></span> <span class='ocrx_word' id='word_1_454' title='bbox 1159 3724 1461 3791; x_wconf 87' lang='grc' dir='ltr'>πολύποδος</span> <span class='ocrx_word' id='word_1_455' title='bbox 1485 3725 1704 3800; x_wconf 82' lang='grc' dir='ltr'>δολερὸν</span> <span class='ocrx_word' id='word_1_456' title='bbox 1727 3726 1824 3781; x_wconf 78' lang='grc' dir='ltr'>καὶ</span> 
     </span>
    </p>
   </div>
   <div class='ocr_carea' id='block_1_66' title="bbox 245 3817 1828 3895">
    <p class='ocr_par' dir='ltr' id='par_1_66' title="bbox 245 3817 1828 3895">
     <span class='ocr_line' id='line_1_66' title="bbox 245 3817 1828 3895; baseline 0 -21"><span class='ocrx_word' id='word_1_457' title='bbox 245 3817 568 3886; x_wconf 75' lang='grc' dir='ltr'>ἐπίπλοκον,</span> <span class='ocrx_word' id='word_1_458' title='bbox 601 3819 630 3874; x_wconf 78' lang='grc' dir='ltr'><strong>ὃ</strong></span> <span class='ocrx_word' id='word_1_459' title='bbox 655 3818 817 3893; x_wconf 74' lang='grc' dir='ltr'>ὁποία</span> <span class='ocrx_word' id='word_1_460' title='bbox 861 3819 992 3875; x_wconf 78' lang='grc' dir='ltr'>ποτὲ</span> <span class='ocrx_word' id='word_1_461' title='bbox 1025 3818 1094 3875; x_wconf 82' lang='grc' dir='ltr'>ἂν</span> <span class='ocrx_word' id='word_1_462' title='bbox 1135 3819 1315 3894; x_wconf 79' lang='grc' dir='ltr'>πέτρᾳ.</span> <span class='ocrx_word' id='word_1_463' title='bbox 1362 3819 1700 3895; x_wconf 76' lang='grc' dir='ltr'>περιπλακῇ,</span> <span class='ocrx_word' id='word_1_464' title='bbox 1727 3821 1828 3893; x_wconf 81' lang='grc' dir='ltr'>τὴν</span> 
     </span>
    </p>
   </div>
   <div class='ocr_carea' id='block_1_67' title="bbox 245 3910 1826 3986">
    <p class='ocr_par' dir='ltr' id='par_1_67' title="bbox 245 3910 1826 3986">
     <span class='ocr_line' id='line_1_67' title="bbox 245 3910 1826 3986; baseline -0.001 -19"><span class='ocrx_word' id='word_1_465' title='bbox 245 3911 467 3984; x_wconf 67' lang='grc' dir='ltr'>ἐκείνης</span> <span class='ocrx_word' id='word_1_466' title='bbox 518 3910 781 3985; x_wconf 74' lang='grc' dir='ltr'>ὐ-πέχεται</span> <span class='ocrx_word' id='word_1_467' title='bbox 831 3911 1021 3986; x_wconf 84' lang='grc' dir='ltr'>χρόαν,</span> <span class='ocrx_word' id='word_1_468' title='bbox 1067 3911 1210 3967; x_wconf 82' lang='grc' dir='ltr'>ὥστε</span> <span class='ocrx_word' id='word_1_469' title='bbox 1265 3913 1394 3977; x_wconf 80' lang='grc' dir='ltr'>τοὺς</span> <span class='ocrx_word' id='word_1_470' title='bbox 1447 3912 1680 3977; x_wconf 83' lang='grc' dir='ltr'>πολλοὺς</span> <span class='ocrx_word' id='word_1_471' title='bbox 1715 3914 1826 3967; x_wconf 85' lang='grc' dir='ltr'>τῶν</span> 
     </span>
    </p>
   </div>
   <div class='ocr_carea' id='block_1_68' title="bbox 249 4004 1824 4080">
    <p class='ocr_par' dir='ltr' id='par_1_68' title="bbox 249 4004 1824 4080">
     <span class='ocr_line' id='line_1_68' title="bbox 249 4004 1824 4080; baseline -0.002 -16"><span class='ocrx_word' id='word_1_472' title='bbox 249 4006 450 4080; x_wconf 78' lang='grc' dir='ltr'>ἰχθύων</span> <span class='ocrx_word' id='word_1_473' title='bbox 483 4006 812 4080; x_wconf 83' lang='grc' dir='ltr'>άπροόπτως</span> <span class='ocrx_word' id='word_1_474' title='bbox 839 4006 1174 4079; x_wconf 69' lang='grc' dir='ltr'>νηχομένους</span> <span class='ocrx_word' id='word_1_475' title='bbox 1201 4004 1280 4079; x_wconf 83' lang='grc' dir='ltr'>τῷ</span> <span class='ocrx_word' id='word_1_476' title='bbox 1306 4005 1568 4061; x_wconf 89' lang='grc' dir='ltr'>πολύποδι</span> <span class='ocrx_word' id='word_1_477' title='bbox 1600 4006 1824 4078; x_wconf 84' lang='grc' dir='ltr'>περιπί-</span> 
     </span>
    </p>
   </div>
   <div class='ocr_carea' id='block_1_69' title="bbox 242 4098 1823 4176">
    <p class='ocr_par' dir='ltr' id='par_1_69' title="bbox 242 4098 1823 4176">
     <span class='ocr_line' id='line_1_69' title="bbox 242 4098 1823 4176; baseline -0.001 -19"><span class='ocrx_word' id='word_1_478' title='bbox 242 4117 426 4168; x_wconf 82' lang='grc' dir='ltr'>πτειν,</span> <span class='ocrx_word' id='word_1_479' title='bbox 444 4103 513 4176; x_wconf 82' lang='grc' dir='ltr'>τῇ</span> <span class='ocrx_word' id='word_1_480' title='bbox 541 4101 717 4176; x_wconf 75' lang='grc' dir='ltr'>πέτρᾳ</span> <span class='ocrx_word' id='word_1_481' title='bbox 747 4099 933 4174; x_wconf 78' lang='grc' dir='ltr'>δῆθεν,</span> <span class='ocrx_word' id='word_1_482' title='bbox 971 4098 1068 4156; x_wconf 76' lang='grc' dir='ltr'>καὶ</span> <span class='ocrx_word' id='word_1_483' title='bbox 1098 4099 1287 4172; x_wconf 76' lang='grc' dir='ltr'>ἕτερον</span> <span class='ocrx_word' id='word_1_484' title='bbox 1310 4098 1567 4169; x_wconf 76' lang='grc' dir='ltr'>γενέσθαι</span> <span class='ocrx_word' id='word_1_485' title='bbox 1597 4098 1823 4172; x_wconf 83' lang='grc' dir='ltr'>θήραμα</span> 
     </span>
    </p>
   </div>
   <div class='ocr_carea' id='block_1_70' title="bbox 239 4195 658 4269">
    <p class='ocr_par' dir='ltr' id='par_1_70' title="bbox 239 4195 658 4269">
     <span class='ocr_line' id='line_1_70' title="bbox 239 4195 658 4269; baseline 0.005 -17"><span class='ocrx_word' id='word_1_486' title='bbox 239 4195 324 4269; x_wconf 77' lang='grc' dir='ltr'><strong>τῷ</strong></span> <span class='ocrx_word' id='word_1_487' title='bbox 347 4195 658 4269; x_wconf 80' lang='grc' dir='ltr'>πανούργῳ.</span> 
     </span>
    </p>
   </div>
   <div class='ocr_carea' id='block_1_71' title="bbox 314 4284 1821 4363">
    <p class='ocr_par' dir='ltr' id='par_1_71' title="bbox 314 4284 1821 4363">
     <span class='ocr_line' id='line_1_71' title="bbox 314 4284 1821 4363; baseline -0.003 -17"><span class='ocrx_word' id='word_1_488' title='bbox 314 4288 526 4363; x_wconf 84' lang='grc' dir='ltr'>Γαῦρον</span> <span class='ocrx_word' id='word_1_489' title='bbox 566 4291 597 4345; x_wconf 83' lang='grc' dir='ltr'><strong>ὁ</strong></span> <span class='ocrx_word' id='word_1_490' title='bbox 636 4286 971 4361; x_wconf 82' lang='grc' dir='ltr'>ἀλεκτρυὼν,</span> <span class='ocrx_word' id='word_1_491' title='bbox 1015 4285 1308 4359; x_wconf 76' lang='grc' dir='ltr'>φιλόκαλον</span> <span class='ocrx_word' id='word_1_492' title='bbox 1351 4285 1383 4340; x_wconf 91' lang='grc' dir='ltr'><strong>ό</strong></span> <span class='ocrx_word' id='word_1_493' title='bbox 1422 4301 1588 4352; x_wconf 62' lang='lat' dir='ltr'><strong>tat-2;,</strong></span> <span class='ocrx_word' id='word_1_494' title='bbox 1627 4284 1821 4356; x_wconf 84' lang='grc' dir='ltr'>λάγνοι</span> 
     </span>
    </p>
   </div>
   <div class='ocr_carea' id='block_1_72' title="bbox 244 4376 1821 4456">
    <p class='ocr_par' dir='ltr' id='par_1_72' title="bbox 244 4376 1821 4456">
     <span class='ocr_line' id='line_1_72' title="bbox 244 4376 1821 4456; baseline -0.003 -17"><span class='ocrx_word' id='word_1_495' title='bbox 244 4381 593 4456; x_wconf 76' lang='grc' dir='ltr'>περιστεραὶ,</span> <span class='ocrx_word' id='word_1_496' title='bbox 623 4381 718 4450; x_wconf 73' lang='grc' dir='ltr'>καὶ</span> <span class='ocrx_word' id='word_1_497' title='bbox 766 4382 826 4438; x_wconf 78' lang='grc' dir='ltr'>αἱ</span> <span class='ocrx_word' id='word_1_498' title='bbox 871 4379 1190 4437; x_wconf 84' lang='grc' dir='ltr'>κατοικίδιοι</span> <span class='ocrx_word' id='word_1_499' title='bbox 1245 4376 1428 4452; x_wconf 84' lang='grc' dir='ltr'>δρνεις</span> <span class='ocrx_word' id='word_1_500' title='bbox 1481 4379 1576 4432; x_wconf 72' lang='grc' dir='ltr'><strong>ἐπὶ</strong></span> <span class='ocrx_word' id='word_1_501' title='bbox 1617 4379 1821 4445; x_wconf 76' lang='grc' dir='ltr'>παντὸς</span> 
     </span>
    </p>
   </div>
   <div class='ocr_carea' id='block_1_73' title="bbox 241 4470 1818 4550">
    <p class='ocr_par' dir='ltr' id='par_1_73' title="bbox 241 4470 1818 4550">
     <span class='ocr_line' id='line_1_73' title="bbox 241 4470 1818 4550; baseline -0.004 -16"><span class='ocrx_word' id='word_1_502' title='bbox 241 4476 441 4550; x_wconf 81' lang='grc' dir='ltr'>καιροῦ</span> <span class='ocrx_word' id='word_1_503' title='bbox 491 4475 554 4531; x_wconf 74' lang='grc' dir='ltr'>τὸ</span> <span class='ocrx_word' id='word_1_504' title='bbox 607 4473 962 4530; x_wconf 81' lang='grc' dir='ltr'>συνουσιακδν</span> <span class='ocrx_word' id='word_1_505' title='bbox 1000 4472 1249 4546; x_wconf 69' lang='grc' dir='ltr'>ἔχουσαιο</span> <span class='ocrx_word' id='word_1_506' title='bbox 1302 4470 1518 4544; x_wconf 76' lang='grc' dir='ltr'>δολερὸν</span> <span class='ocrx_word' id='word_1_507' title='bbox 1548 4470 1578 4526; x_wconf 88' lang='grc' dir='ltr'><strong>ό</strong></span> <span class='ocrx_word' id='word_1_508' title='bbox 1621 4472 1818 4545; x_wconf 73' lang='grc' dir='ltr'>πέρδιξ</span> 
     </span>
    </p>
   </div>
   <div class='ocr_carea' id='block_1_74' title="bbox 1933 3251 3506 3329">
    <p class='ocr_par' dir='ltr' id='par_1_74' title="bbox 1933 3251 3506 3329">
     <span class='ocr_line' id='line_1_74' title="bbox 1933 3251 3506 3329; baseline 0.004 -22"><span class='ocrx_word' id='word_1_509' title='bbox 1933 3251 1999 3307; x_wconf 90' lang='lat' dir='ltr'><strong>lis</strong></span> <span class='ocrx_word' id='word_1_510' title='bbox 2056 3251 2241 3308; x_wconf 89' lang='lat' dir='ltr'><strong>radios</strong></span> <span class='ocrx_word' id='word_1_511' title='bbox 2290 3251 2665 3308; x_wconf 82' lang='lat' dir='ltr'><strong>concavitates</strong></span> <span class='ocrx_word' id='word_1_512' title='bbox 2723 3267 2855 3309; x_wconf 86' lang='lat' dir='ltr'><strong>snas</strong></span> <span class='ocrx_word' id='word_1_513' title='bbox 2916 3255 3191 3326; x_wconf 78' lang='lat' dir='ltr'><strong>explicare</strong></span> <span class='ocrx_word' id='word_1_514' title='bbox 3220 3257 3506 3329; x_wconf 88' lang='lat' dir='ltr'><strong>perspicit,</strong></span> 
     </span>
    </p>
   </div>
   <div class='ocr_carea' id='block_1_75' title="bbox 1928 3341 3508 3416">
    <p class='ocr_par' dir='ltr' id='par_1_75' title="bbox 1928 3341 3508 3416">
     <span class='ocr_line' id='line_1_75' title="bbox 1928 3341 3508 3416; baseline 0.006 -19"><span class='ocrx_word' id='word_1_515' title='bbox 1928 3350 2043 3398; x_wconf 91' lang='lat' dir='ltr'><strong>tum</strong></span> <span class='ocrx_word' id='word_1_516' title='bbox 2081 3341 2273 3399; x_wconf 78' lang='lat' dir='ltr'><strong>furtim</strong></span> <span class='ocrx_word' id='word_1_517' title='bbox 2330 3342 2532 3415; x_wconf 87' lang='lat' dir='ltr'><strong>injecto</strong></span> <span class='ocrx_word' id='word_1_518' title='bbox 2555 3342 2772 3405; x_wconf 84' lang='lat' dir='ltr'><strong>calculo</strong></span> <span class='ocrx_word' id='word_1_519' title='bbox 2790 3344 3053 3416; x_wconf 83' lang='lat' dir='ltr'><strong>prohibet</strong></span> <span class='ocrx_word' id='word_1_520' title='bbox 3090 3361 3159 3402; x_wconf 90' lang='lat' dir='ltr'><strong>ne</strong></span> <span class='ocrx_word' id='word_1_521' title='bbox 3186 3362 3386 3405; x_wconf 81' lang='lat' dir='ltr'><strong>rursus</strong></span> <span class='ocrx_word' id='word_1_522' title='bbox 3409 3363 3508 3409; x_wconf 84' lang='lat' dir='ltr'><strong>eas</strong></span> 
     </span>
    </p>
   </div>
   <div class='ocr_carea' id='block_1_76' title="bbox 1927 3435 3507 3510">
    <p class='ocr_par' dir='ltr' id='par_1_76' title="bbox 1927 3435 3507 3510">
     <span class='ocr_line' id='line_1_76' title="bbox 1927 3435 3507 3510; baseline 0.004 -19"><span class='ocrx_word' id='word_1_523' title='bbox 1927 3435 2249 3508; x_wconf 83' lang='lat' dir='ltr'><strong>complicet,</strong></span> <span class='ocrx_word' id='word_1_524' title='bbox 2301 3444 2463 3508; x_wconf 89' lang='lat' dir='ltr'><strong>atque</strong></span> <span class='ocrx_word' id='word_1_525' title='bbox 2506 3436 2581 3493; x_wconf 86' lang='lat' dir='ltr'><strong>ita</strong></span> <span class='ocrx_word' id='word_1_526' title='bbox 2609 3436 2664 3495; x_wconf 88' lang='lat' dir='ltr'><strong>id</strong></span> <span class='ocrx_word' id='word_1_527' title='bbox 2705 3438 2851 3509; x_wconf 90' lang='lat' dir='ltr'><strong>quod</strong></span> <span class='ocrx_word' id='word_1_528' title='bbox 2902 3437 3115 3496; x_wconf 90' lang='lat' dir='ltr'><strong>viribus</strong></span> <span class='ocrx_word' id='word_1_529' title='bbox 3144 3440 3350 3510; x_wconf 83' lang='lat' dir='ltr'><strong>deerat,</strong></span> <span class='ocrx_word' id='word_1_530' title='bbox 3375 3442 3507 3498; x_wconf 85' lang='lat' dir='ltr'><strong>arti-</strong></span> 
     </span>
    </p>
   </div>
   <div class='ocr_carea' id='block_1_77' title="bbox 1927 3529 3507 3605">
    <p class='ocr_par' dir='ltr' id='par_1_77' title="bbox 1927 3529 3507 3605">
     <span class='ocr_line' id='line_1_77' title="bbox 1927 3529 3507 3605; baseline 0.006 -20"><span class='ocrx_word' id='word_1_531' title='bbox 1927 3530 2053 3586; x_wconf 81' lang='lat' dir='ltr'><strong>llcio</strong></span> <span class='ocrx_word' id='word_1_532' title='bbox 2108 3539 2273 3603; x_wconf 91' lang='lat' dir='ltr'><strong>atque</strong></span> <span class='ocrx_word' id='word_1_533' title='bbox 2327 3529 2611 3590; x_wconf 85' lang='lat' dir='ltr'><strong>industria</strong></span> <span class='ocrx_word' id='word_1_534' title='bbox 2651 3533 2958 3605; x_wconf 86' lang='lat' dir='ltr'><strong>suppletur.</strong></span> <span class='ocrx_word' id='word_1_535' title='bbox 2993 3533 3122 3590; x_wconf 71' lang='lat' dir='ltr'><strong>Haec</strong></span> <span class='ocrx_word' id='word_1_536' title='bbox 3172 3543 3258 3591; x_wconf 92' lang='lat' dir='ltr'><strong>est</strong></span> <span class='ocrx_word' id='word_1_537' title='bbox 3296 3537 3507 3594; x_wconf 84' lang='lat' dir='ltr'><strong>malitia</strong></span> 
     </span>
    </p>
   </div>
   <div class='ocr_carea' id='block_1_78' title="bbox 1925 3625 3288 3693">
    <p class='ocr_par' dir='ltr' id='par_1_78' title="bbox 1925 3625 3288 3693">
     <span class='ocr_line' id='line_1_78' title="bbox 1925 3625 3288 3693; baseline 0.006 -17"><span class='ocrx_word' id='word_1_538' title='bbox 1925 3636 2117 3677; x_wconf 91' lang='lat' dir='ltr'><strong>eorum</strong></span> <span class='ocrx_word' id='word_1_539' title='bbox 2139 3637 2261 3693; x_wconf 78' lang='lat' dir='ltr'><strong>quae</strong></span> <span class='ocrx_word' id='word_1_540' title='bbox 2290 3638 2392 3679; x_wconf 90' lang='lat' dir='ltr'><strong>nec</strong></span> <span class='ocrx_word' id='word_1_541' title='bbox 2415 3638 2603 3680; x_wconf 87' lang='lat' dir='ltr'><strong>vocem</strong></span> <span class='ocrx_word' id='word_1_542' title='bbox 2639 3639 2740 3680; x_wconf 88' lang='lat' dir='ltr'><strong>nec</strong></span> <span class='ocrx_word' id='word_1_543' title='bbox 2769 3625 3039 3683; x_wconf 85' lang='lat' dir='ltr'><strong>rationem</strong></span> <span class='ocrx_word' id='word_1_544' title='bbox 3066 3626 3288 3684; x_wconf 87' lang='lat' dir='ltr'><strong>habent.</strong></span> 
     </span>
    </p>
   </div>
   <div class='ocr_carea' id='block_1_79' title="bbox 1999 3713 3505 3798">
    <p class='ocr_par' dir='ltr' id='par_1_79' title="bbox 1999 3713 3505 3798">
     <span class='ocr_line' id='line_1_79' title="bbox 1999 3713 3505 3798; baseline 0.007 -29"><span class='ocrx_word' id='word_1_545' title='bbox 1999 3713 2197 3786; x_wconf 79' lang='lat' dir='ltr'><strong>Ejusd.</strong></span> <span class='ocrx_word' id='word_1_546' title='bbox 2229 3747 2299 3759; x_wconf 89' lang='lat'><strong><em>—</em></strong></span> <span class='ocrx_word' id='word_1_547' title='bbox 2332 3717 2446 3773; x_wconf 86' lang='lat' dir='ltr'><strong>Nec</strong></span> <span class='ocrx_word' id='word_1_548' title='bbox 2510 3733 2640 3774; x_wconf 86' lang='lat' dir='ltr'><strong>vero</strong></span> <span class='ocrx_word' id='word_1_549' title='bbox 2678 3725 2854 3774; x_wconf 88' lang='lat' dir='ltr'><strong>aslum</strong></span> <span class='ocrx_word' id='word_1_550' title='bbox 2902 3721 3307 3795; x_wconf 84' lang='lat' dir='ltr'><strong>versutiamque</strong></span> <span class='ocrx_word' id='word_1_551' title='bbox 3322 3723 3505 3798; x_wconf 77' lang='lat' dir='ltr'><strong>polypi</strong></span> 
     </span>
    </p>
   </div>
   <div class='ocr_carea' id='block_1_80' title="bbox 1926 3808 3507 3886">
    <p class='ocr_par' dir='ltr' id='par_1_80' title="bbox 1926 3808 3507 3886">
     <span class='ocr_line' id='line_1_80' title="bbox 1926 3808 3507 3886; baseline 0.006 -22"><span class='ocrx_word' id='word_1_552' title='bbox 1926 3808 2148 3868; x_wconf 89' lang='lat' dir='ltr'><strong>silentio</strong></span> <span class='ocrx_word' id='word_1_553' title='bbox 2171 3811 2516 3883; x_wconf 71' lang='lat' dir='ltr'><strong>praeteriero,</strong></span> <span class='ocrx_word' id='word_1_554' title='bbox 2539 3811 2632 3883; x_wconf 91' lang='lat' dir='ltr'><strong>qui</strong></span> <span class='ocrx_word' id='word_1_555' title='bbox 2662 3811 2731 3868; x_wconf 91' lang='lat' dir='ltr'><strong>ad</strong></span> <span class='ocrx_word' id='word_1_556' title='bbox 2763 3812 3135 3886; x_wconf 87' lang='lat' dir='ltr'><strong>quodcunque</strong></span> <span class='ocrx_word' id='word_1_557' title='bbox 3173 3831 3372 3872; x_wconf 82' lang='lat' dir='ltr'><strong>saxum</strong></span> <span class='ocrx_word' id='word_1_558' title='bbox 3408 3817 3507 3872; x_wconf 81' lang='lat' dir='ltr'><strong>ad-</strong></span> 
     </span>
    </p>
   </div>
   <div class='ocr_carea' id='block_1_81' title="bbox 1926 3899 3505 3979">
    <p class='ocr_par' dir='ltr' id='par_1_81' title="bbox 1926 3899 3505 3979">
     <span class='ocr_line' id='line_1_81' title="bbox 1926 3899 3505 3979; baseline 0.008 -23"><span class='ocrx_word' id='word_1_559' title='bbox 1926 3899 2169 3966; x_wconf 66' lang='lat' dir='ltr'><strong>hmserit,</strong></span> <span class='ocrx_word' id='word_1_560' title='bbox 2210 3902 2357 3960; x_wconf 85' lang='lat' dir='ltr'><strong>illius</strong></span> <span class='ocrx_word' id='word_1_561' title='bbox 2405 3905 2645 3961; x_wconf 86' lang='lat' dir='ltr'><strong>colorem</strong></span> <span class='ocrx_word' id='word_1_562' title='bbox 2691 3905 2864 3962; x_wconf 82' lang='lat' dir='ltr'><strong>subit.</strong></span> <span class='ocrx_word' id='word_1_563' title='bbox 2904 3905 2980 3962; x_wconf 78' lang='lat' dir='ltr'><strong>Ex</strong></span> <span class='ocrx_word' id='word_1_564' title='bbox 3017 3923 3126 3979; x_wconf 81' lang='lat' dir='ltr'><strong>quo</strong></span> <span class='ocrx_word' id='word_1_565' title='bbox 3161 3901 3394 3968; x_wconf 66' lang='lat' dir='ltr'><strong>edicitur</strong></span> <span class='ocrx_word' id='word_1_566' title='bbox 3445 3921 3505 3967; x_wconf 92' lang='lat' dir='ltr'><strong>ut</strong></span> 
     </span>
    </p>
   </div>
   <div class='ocr_carea' id='block_1_82' title="bbox 1927 3994 3505 4071">
    <p class='ocr_par' dir='ltr' id='par_1_82' title="bbox 1927 3994 3505 4071">
     <span class='ocr_line' id='line_1_82' title="bbox 1927 3994 3505 4071; baseline 0.006 -21"><span class='ocrx_word' id='word_1_567' title='bbox 1927 3995 2082 4051; x_wconf 88' lang='lat' dir='ltr'><strong>multi</strong></span> <span class='ocrx_word' id='word_1_568' title='bbox 2115 3994 2277 4069; x_wconf 74' lang='lat'><strong>527</strong></span> <span class='ocrx_word' id='word_1_569' title='bbox 2302 3997 2484 4069; x_wconf 85' lang='lat' dir='ltr'><strong>pisces</strong></span> <span class='ocrx_word' id='word_1_570' title='bbox 2507 3997 2805 4071; x_wconf 89' lang='lat' dir='ltr'><strong>improviso</strong></span> <span class='ocrx_word' id='word_1_571' title='bbox 2832 4008 3107 4068; x_wconf 85' lang='lat' dir='ltr'><strong>natantes,</strong></span> <span class='ocrx_word' id='word_1_572' title='bbox 3129 4003 3184 4058; x_wconf 90' lang='lat' dir='ltr'><strong>in</strong></span> <span class='ocrx_word' id='word_1_573' title='bbox 3213 4018 3339 4059; x_wconf 90' lang='lat' dir='ltr'><strong>eum</strong></span> <span class='ocrx_word' id='word_1_574' title='bbox 3381 4012 3505 4060; x_wconf 87' lang='lat' dir='ltr'><strong>tan-</strong></span> 
     </span>
    </p>
   </div>
   <div class='ocr_carea' id='block_1_83' title="bbox 1924 4089 3502 4169">
    <p class='ocr_par' dir='ltr' id='par_1_83' title="bbox 1924 4089 3502 4169">
     <span class='ocr_line' id='line_1_83' title="bbox 1924 4089 3502 4169; baseline 0.008 -27"><span class='ocrx_word' id='word_1_575' title='bbox 1924 4103 2088 4160; x_wconf 87' lang='lat' dir='ltr'><strong>quam</strong></span> <span class='ocrx_word' id='word_1_576' title='bbox 2115 4089 2171 4144; x_wconf 87' lang='lat' dir='ltr'><strong>in</strong></span> <span class='ocrx_word' id='word_1_577' title='bbox 2196 4105 2386 4146; x_wconf 74' lang='lat' dir='ltr'><strong>saxum</strong></span> <span class='ocrx_word' id='word_1_578' title='bbox 2418 4092 2687 4160; x_wconf 85' lang='lat' dir='ltr'><strong>incidant,</strong></span> <span class='ocrx_word' id='word_1_579' title='bbox 2713 4095 3119 4167; x_wconf 84' lang='lat' dir='ltr'><strong>veteratorique</strong></span> <span class='ocrx_word' id='word_1_580' title='bbox 3140 4097 3216 4153; x_wconf 91' lang='lat' dir='ltr'><strong>illi</strong></span> <span class='ocrx_word' id='word_1_581' title='bbox 3244 4097 3502 4169; x_wconf 87' lang='lat' dir='ltr'><strong>protinus</strong></span> 
     </span>
    </p>
   </div>
   <div class='ocr_carea' id='block_1_84' title="bbox 1925 4183 2498 4255">
    <p class='ocr_par' dir='ltr' id='par_1_84' title="bbox 1925 4183 2498 4255">
     <span class='ocr_line' id='line_1_84' title="bbox 1925 4183 2498 4255; baseline 0.003 -17"><span class='ocrx_word' id='word_1_582' title='bbox 1925 4184 1978 4238; x_wconf 92' lang='lat' dir='ltr'><strong>in</strong></span> <span class='ocrx_word' id='word_1_583' title='bbox 1993 4183 2239 4255; x_wconf 73' lang='lat' dir='ltr'><strong>praedam</strong></span> <span class='ocrx_word' id='word_1_584' title='bbox 2279 4183 2498 4242; x_wconf 87' lang='lat' dir='ltr'><strong>cedant.</strong></span> 
     </span>
    </p>
   </div>
   <div class='ocr_carea' id='block_1_85' title="bbox 1998 4275 3494 4356">
    <p class='ocr_par' dir='ltr' id='par_1_85' title="bbox 1998 4275 3494 4356">
     <span class='ocr_line' id='line_1_85' title="bbox 1998 4275 3494 4356; baseline 0.006 -24"><span class='ocrx_word' id='word_1_585' title='bbox 1998 4275 2191 4346; x_wconf 75' lang='lat' dir='ltr'><strong>Ejurd.</strong></span> <span class='ocrx_word' id='word_1_586' title='bbox 2214 4275 2401 4332; x_wconf 71' lang='lat' dir='ltr'><strong>homil.</strong></span> <span class='ocrx_word' id='word_1_587' title='bbox 2434 4276 2490 4333; x_wconf 87' lang='lat'><strong>8.</strong></span> <span class='ocrx_word' id='word_1_588' title='bbox 2514 4307 2584 4320; x_wconf 91' lang='lat'><strong>--</strong></span> <span class='ocrx_word' id='word_1_589' title='bbox 2607 4277 2853 4349; x_wconf 85' lang='lat' dir='ltr'><strong>Superbe</strong></span> <span class='ocrx_word' id='word_1_590' title='bbox 2876 4278 3052 4350; x_wconf 75' lang='lat' dir='ltr'><strong>gallus</strong></span> <span class='ocrx_word' id='word_1_591' title='bbox 3095 4279 3348 4353; x_wconf 76' lang='lat' dir='ltr'><strong>graditur</strong></span> <span class='ocrx_word' id='word_1_592' title='bbox 3372 4284 3494 4356; x_wconf 77' lang='lat' dir='ltr'><strong>gal-</strong></span> 
     </span>
    </p>
   </div>
   <div class='ocr_carea' id='block_1_86' title="bbox 1924 4370 3500 4446">
    <p class='ocr_par' dir='ltr' id='par_1_86' title="bbox 1924 4370 3500 4446">
     <span class='ocr_line' id='line_1_86' title="bbox 1924 4370 3500 4446; baseline 0.004 -18"><span class='ocrx_word' id='word_1_593' title='bbox 1924 4373 2192 4440; x_wconf 84' lang='lat' dir='ltr'><strong>iinaceus,</strong></span> <span class='ocrx_word' id='word_1_594' title='bbox 2244 4370 2466 4429; x_wconf 83' lang='lat' dir='ltr'><strong>decoris</strong></span> <span class='ocrx_word' id='word_1_595' title='bbox 2517 4381 2605 4428; x_wconf 88' lang='lat' dir='ltr'><strong>est</strong></span> <span class='ocrx_word' id='word_1_596' title='bbox 2635 4373 2924 4428; x_wconf 88' lang='lat' dir='ltr'><strong>studiosus</strong></span> <span class='ocrx_word' id='word_1_597' title='bbox 2964 4388 3128 4446; x_wconf 82' lang='lat' dir='ltr'><strong>pavo,</strong></span> <span class='ocrx_word' id='word_1_598' title='bbox 3165 4375 3383 4433; x_wconf 83' lang='lat' dir='ltr'><strong>salaces</strong></span> <span class='ocrx_word' id='word_1_599' title='bbox 3405 4393 3500 4433; x_wconf 90' lang='lat' dir='ltr'><strong>co-</strong></span> 
     </span>
    </p>
   </div>
   <div class='ocr_carea' id='block_1_87' title="bbox 1927 4465 3495 4539">
    <p class='ocr_par' dir='ltr' id='par_1_87' title="bbox 1927 4465 3495 4539">
     <span class='ocr_line' id='line_1_87' title="bbox 1927 4465 3495 4539; baseline 0.002 -15"><span class='ocrx_word' id='word_1_600' title='bbox 1927 4468 2128 4524; x_wconf 73' lang='lat' dir='ltr'><strong>lumba</strong></span> <span class='ocrx_word' id='word_1_601' title='bbox 2189 4481 2255 4523; x_wconf 87' lang='lat' dir='ltr'><strong>ac</strong></span> <span class='ocrx_word' id='word_1_602' title='bbox 2279 4467 2601 4524; x_wconf 77' lang='lat' dir='ltr'><strong>domestica:</strong></span> <span class='ocrx_word' id='word_1_603' title='bbox 2630 4465 2906 4532; x_wconf 64' lang='lat' dir='ltr'><strong>volucres,</strong></span> <span class='ocrx_word' id='word_1_604' title='bbox 2943 4478 3002 4524; x_wconf 89' lang='lat' dir='ltr'><strong>ut</strong></span> <span class='ocrx_word' id='word_1_605' title='bbox 3030 4484 3150 4539; x_wconf 65' lang='lat' dir='ltr'><strong>quae</strong></span> <span class='ocrx_word' id='word_1_606' title='bbox 3169 4473 3321 4528; x_wconf 86' lang='lat' dir='ltr'><strong>omni</strong></span> <span class='ocrx_word' id='word_1_607' title='bbox 3353 4483 3495 4529; x_wconf 86' lang='lat' dir='ltr'><strong>tem-</strong></span> 
     </span>
    </p>
   </div>
   <div class='ocr_carea' id='block_1_88' title="bbox 244 4561 1828 4644">
    <p class='ocr_par' dir='ltr' id='par_1_88' title="bbox 244 4565 1822 4644">
     <span class='ocr_line' id='line_1_88' title="bbox 244 4565 1822 4644; baseline -0.003 -16"><span class='ocrx_word' id='word_1_608' title='bbox 244 4570 343 4628; x_wconf 78' lang='grc' dir='ltr'>καὶ</span> <span class='ocrx_word' id='word_1_609' title='bbox 374 4569 696 4644; x_wconf 82' lang='grc' dir='ltr'>ζηλότυπον,</span> <span class='ocrx_word' id='word_1_610' title='bbox 731 4569 1055 4642; x_wconf 87' lang='grc' dir='ltr'>κακούργως</span> <span class='ocrx_word' id='word_1_611' title='bbox 1089 4567 1461 4641; x_wconf 77' lang='grc' dir='ltr'>συμπράττων</span> <span class='ocrx_word' id='word_1_612' title='bbox 1491 4568 1606 4632; x_wconf 84' lang='grc' dir='ltr'>τοῖς</span> <span class='ocrx_word' id='word_1_613' title='bbox 1630 4565 1822 4640; x_wconf 79' lang='grc' dir='ltr'>θηρευο</span> 
     </span>
    </p>
   </div>
   <div class='ocr_carea' id='block_1_89' title="bbox 1935 4561 3496 4644">
    <p class='ocr_par' dir='ltr' id='par_1_89' title="bbox 1935 4561 3496 4641">
     <span class='ocr_line' id='line_1_89' title="bbox 1935 4561 3496 4641; baseline 0.002 -21"><span class='ocrx_word' id='word_1_614' title='bbox 1935 4577 2054 4633; x_wconf 77' lang='lat' dir='ltr'><strong>pore</strong></span> <span class='ocrx_word' id='word_1_615' title='bbox 2087 4561 2365 4635; x_wconf 83' lang='lat' dir='ltr'><strong>proclives</strong></span> <span class='ocrx_word' id='word_1_616' title='bbox 2400 4561 2453 4617; x_wconf 87' lang='lat' dir='ltr'><strong>in</strong></span> <span class='ocrx_word' id='word_1_617' title='bbox 2491 4577 2744 4619; x_wconf 89' lang='lat' dir='ltr'><strong>venerem</strong></span> <span class='ocrx_word' id='word_1_618' title='bbox 2765 4563 2911 4632; x_wconf 89' lang='lat' dir='ltr'><strong>sint;</strong></span> <span class='ocrx_word' id='word_1_619' title='bbox 2940 4565 3142 4621; x_wconf 87' lang='lat' dir='ltr'><strong>callida</strong></span> <span class='ocrx_word' id='word_1_620' title='bbox 3163 4573 3219 4622; x_wconf 89' lang='lat' dir='ltr'><strong>et</strong></span> <span class='ocrx_word' id='word_1_621' title='bbox 3245 4568 3496 4641; x_wconf 79' lang='lat' dir='ltr'><strong>zelotypa</strong></span> 
     </span>
    </p>
   </div>
   <div class='ocr_carea' id='block_1_90' title="bbox 239 4661 886 4737">
    <p class='ocr_par' dir='ltr' id='par_1_90' title="bbox 239 4661 886 4737">
     <span class='ocr_line' id='line_1_90' title="bbox 239 4661 886 4737; baseline 0.003 -19"><span class='ocrx_word' id='word_1_622' title='bbox 239 4665 363 4729; x_wconf 71' lang='grc' dir='ltr'>ταῖς</span> <span class='ocrx_word' id='word_1_623' title='bbox 389 4664 528 4737; x_wconf 77' lang='grc' dir='ltr'>πρὸς</span> <span class='ocrx_word' id='word_1_624' title='bbox 555 4661 656 4737; x_wconf 77' lang='grc' dir='ltr'>τὴν</span> <span class='ocrx_word' id='word_1_625' title='bbox 686 4662 886 4736; x_wconf 79' lang='grc' dir='ltr'>ἄγραν.</span> 
     </span>
    </p>
   </div>
   <div class='ocr_carea' id='block_1_91' title="bbox 312 4841 1822 4918">
    <p class='ocr_par' dir='ltr' id='par_1_91' title="bbox 312 4841 1822 4918">
     <span class='ocr_line' id='line_1_91' title="bbox 312 4841 1822 4918; baseline -0.002 -15"><span class='ocrx_word' id='word_1_626' title='bbox 312 4845 439 4903; x_wconf 85' lang='grc' dir='ltr'>Τῶν</span> <span class='ocrx_word' id='word_1_627' title='bbox 474 4841 746 4918; x_wconf 81' lang='grc' dir='ltr'>μελισσῶν</span> <span class='ocrx_word' id='word_1_628' title='bbox 775 4842 929 4916; x_wconf 80' lang='grc' dir='ltr'>κοινὴ</span> <span class='ocrx_word' id='word_1_629' title='bbox 961 4843 1061 4915; x_wconf 83' lang='grc' dir='ltr'>μὲν</span> <span class='ocrx_word' id='word_1_630' title='bbox 1103 4846 1138 4917; x_wconf 81' lang='grc' dir='ltr'><strong>ὴ</strong></span> <span class='ocrx_word' id='word_1_631' title='bbox 1196 4845 1430 4917; x_wconf 78' lang='grc' dir='ltr'>οἴκησις,</span> <span class='ocrx_word' id='word_1_632' title='bbox 1482 4845 1718 4918; x_wconf 67' lang='grc' dir='ltr'>ὶργασία</span> <span class='ocrx_word' id='word_1_633' title='bbox 1762 4844 1822 4900; x_wconf 80' lang='grc' dir='ltr'>δὲ</span> 
     </span>
    </p>
   </div>
   <div class='ocr_carea' id='block_1_92' title="bbox 240 4936 1821 5011">
    <p class='ocr_par' dir='ltr' id='par_1_92' title="bbox 240 4936 1821 5011">
     <span class='ocr_line' id='line_1_92' title="bbox 240 4936 1821 5011; baseline -0.004 -12"><span class='ocrx_word' id='word_1_634' title='bbox 240 4942 462 4999; x_wconf 86' lang='grc' dir='ltr'>πάντων</span> <span class='ocrx_word' id='word_1_635' title='bbox 508 4939 634 5011; x_wconf 85' lang='grc' dir='ltr'>μία·</span> <span class='ocrx_word' id='word_1_636' title='bbox 682 4937 781 4993; x_wconf 70' lang='grc' dir='ltr'>καὶ</span> <span class='ocrx_word' id='word_1_637' title='bbox 805 4936 868 4992; x_wconf 78' lang='grc' dir='ltr'>τὸ</span> <span class='ocrx_word' id='word_1_638' title='bbox 899 4938 1154 5008; x_wconf 75' lang='grc' dir='ltr'>μέγιστον</span> <span class='ocrx_word' id='word_1_639' title='bbox 1193 4939 1274 4992; x_wconf 85' lang='grc' dir='ltr'>ὅτι</span> <span class='ocrx_word' id='word_1_640' title='bbox 1313 4938 1420 4994; x_wconf 74' lang='grc' dir='ltr'><strong>ὑπὸ</strong></span> <span class='ocrx_word' id='word_1_641' title='bbox 1469 4937 1683 5010; x_wconf 78' lang='grc' dir='ltr'>βασιλεῖ</span> <span class='ocrx_word' id='word_1_642' title='bbox 1723 4938 1821 4995; x_wconf 78' lang='grc' dir='ltr'>καὶ</span> 
     </span>
    </p>
   </div>
   <div class='ocr_carea' id='block_1_93' title="bbox 237 5030 1810 5110">
    <p class='ocr_par' dir='ltr' id='par_1_93' title="bbox 237 5030 1810 5110">
     <span class='ocr_line' id='line_1_93' title="bbox 237 5030 1810 5110; baseline -0.004 -16"><span class='ocrx_word' id='word_1_643' title='bbox 237 5037 454 5110; x_wconf 65' lang='grc' dir='ltr'>ἐξάρχω</span> <span class='ocrx_word' id='word_1_644' title='bbox 477 5032 590 5090; x_wconf 71' lang='grc' dir='ltr'>τινὶ</span> <span class='ocrx_word' id='word_1_645' title='bbox 627 5030 739 5088; x_wconf 82' lang='grc' dir='ltr'>τῶν</span> <span class='ocrx_word' id='word_1_646' title='bbox 783 5031 960 5106; x_wconf 75' lang='grc' dir='ltr'>ἔργων</span> <span class='ocrx_word' id='word_1_647' title='bbox 996 5031 1279 5100; x_wconf 73' lang='grc' dir='ltr'>ἅπτονται,</span> <span class='ocrx_word' id='word_1_648' title='bbox 1306 5033 1368 5086; x_wconf 84' lang='grc' dir='ltr'>οὐ</span> <span class='ocrx_word' id='word_1_649' title='bbox 1400 5033 1668 5105; x_wconf 85' lang='grc' dir='ltr'>πρότερον</span> <span class='ocrx_word' id='word_1_650' title='bbox 1707 5052 1810 5088; x_wconf 89' lang='grc' dir='ltr'>κα-</span> 
     </span>
    </p>
   </div>
   <div class='ocr_carea' id='block_1_94' title="bbox 238 5126 1815 5204">
    <p class='ocr_par' dir='ltr' id='par_1_94' title="bbox 238 5126 1815 5204">
     <span class='ocr_line' id='line_1_94' title="bbox 238 5126 1815 5204; baseline -0.003 -16"><span class='ocrx_word' id='word_1_651' title='bbox 238 5132 588 5204; x_wconf 80' lang='grc' dir='ltr'>ταδεχόμενοι</span> <span class='ocrx_word' id='word_1_652' title='bbox 650 5129 744 5184; x_wconf 69' lang='grc' dir='ltr'><strong>ἐπὶ</strong></span> <span class='ocrx_word' id='word_1_653' title='bbox 804 5129 930 5192; x_wconf 83' lang='grc' dir='ltr'>τοὺς</span> <span class='ocrx_word' id='word_1_654' title='bbox 972 5126 1244 5197; x_wconf 83' lang='grc' dir='ltr'>λειμῶνας</span> <span class='ocrx_word' id='word_1_655' title='bbox 1298 5127 1494 5194; x_wconf 65' lang='grc' dir='ltr'>ἐλθεῖν,</span> <span class='ocrx_word' id='word_1_656' title='bbox 1561 5129 1693 5200; x_wconf 76' lang='grc' dir='ltr'>πρὶν</span> <span class='ocrx_word' id='word_1_657' title='bbox 1746 5129 1815 5184; x_wconf 85' lang='grc' dir='ltr'>ἂν</span> 
     </span>
    </p>
   </div>
   <div class='ocr_carea' id='block_1_95' title="bbox 241 5221 1817 5296">
    <p class='ocr_par' dir='ltr' id='par_1_95' title="bbox 241 5221 1817 5296">
     <span class='ocr_line' id='line_1_95' title="bbox 241 5221 1817 5296; baseline -0.002 -15"><span class='ocrx_word' id='word_1_658' title='bbox 241 5228 424 5284; x_wconf 75' lang='grc' dir='ltr'>ἴδωσιν</span> <span class='ocrx_word' id='word_1_659' title='bbox 454 5223 798 5296; x_wconf 76' lang='grc' dir='ltr'>κατάρξαντα</span> <span class='ocrx_word' id='word_1_660' title='bbox 834 5223 926 5278; x_wconf 73' lang='grc' dir='ltr'>τὸν</span> <span class='ocrx_word' id='word_1_661' title='bbox 971 5221 1196 5294; x_wconf 79' lang='grc' dir='ltr'>βασιλέα</span> <span class='ocrx_word' id='word_1_662' title='bbox 1241 5222 1338 5296; x_wconf 83' lang='grc' dir='ltr'>τῆς</span> <span class='ocrx_word' id='word_1_663' title='bbox 1384 5223 1658 5296; x_wconf 80' lang='grc' dir='ltr'>πτήσεως.</span> <span class='ocrx_word' id='word_1_664' title='bbox 1703 5222 1817 5278; x_wconf 70' lang='grc' dir='ltr'><strong>Καὶ</strong></span> 
     </span>
    </p>
   </div>
   <div class='ocr_carea' id='block_1_96' title="bbox 235 5313 1814 5388">
    <p class='ocr_par' dir='ltr' id='par_1_96' title="bbox 235 5313 1814 5388">
     <span class='ocr_line' id='line_1_96' title="bbox 235 5313 1814 5388; baseline -0.005 -13"><span class='ocrx_word' id='word_1_665' title='bbox 235 5319 387 5374; x_wconf 69' lang='grc' dir='ltr'>ἔστιν</span> <span class='ocrx_word' id='word_1_666' title='bbox 425 5319 619 5383; x_wconf 76' lang='grc' dir='ltr'>αὐταῖς</span> <span class='ocrx_word' id='word_1_667' title='bbox 651 5315 711 5371; x_wconf 84' lang='grc' dir='ltr'>οὐ</span> <span class='ocrx_word' id='word_1_668' title='bbox 743 5315 1170 5388; x_wconf 84' lang='grc' dir='ltr'>χειροτόνητοςό</span> <span class='ocrx_word' id='word_1_669' title='bbox 1215 5313 1501 5386; x_wconf 74' lang='grc' dir='ltr'><strong>βασιλεύς⁸</strong></span> <span class='ocrx_word' id='word_1_670' title='bbox 1553 5315 1814 5380; x_wconf 84' lang='grc' dir='ltr'>πολλάκις</span> 
     </span>
    </p>
   </div>
   <div class='ocr_carea' id='block_1_97' title="bbox 241 5409 1814 5485">
    <p class='ocr_par' dir='ltr' id='par_1_97' title="bbox 241 5409 1814 5485">
     <span class='ocr_line' id='line_1_97' title="bbox 241 5409 1814 5485; baseline -0.003 -19"><span class='ocrx_word' id='word_1_671' title='bbox 241 5413 350 5484; x_wconf 80' lang='grc' dir='ltr'><strong>γὰρ</strong></span> <span class='ocrx_word' id='word_1_672' title='bbox 379 5411 476 5468; x_wconf 71' lang='grc' dir='ltr'><strong>καὶ</strong></span> <span class='ocrx_word' id='word_1_673' title='bbox 513 5409 754 5485; x_wconf 78' lang='grc' dir='ltr'>ἀκρασία</span> <span class='ocrx_word' id='word_1_674' title='bbox 780 5423 806 5452; x_wconf 83' lang='grc' dir='ltr'>ι</span> <span class='ocrx_word' id='word_1_675' title='bbox 843 5409 1020 5481; x_wconf 79' lang='grc' dir='ltr'>δήμου</span> <span class='ocrx_word' id='word_1_676' title='bbox 1062 5409 1156 5465; x_wconf 82' lang='grc' dir='ltr'>τὸν</span> <span class='ocrx_word' id='word_1_677' title='bbox 1187 5410 1461 5482; x_wconf 77' lang='grc' dir='ltr'>χείριστον</span> <span class='ocrx_word' id='word_1_678' title='bbox 1507 5409 1589 5470; x_wconf 84' lang='grc' dir='ltr'><strong>είς</strong></span> <span class='ocrx_word' id='word_1_679' title='bbox 1637 5409 1814 5480; x_wconf 77' lang='grc' dir='ltr'>ἀρχὴν</span> 
     </span>
    </p>
   </div>
   <div class='ocr_carea' id='block_1_98' title="bbox 241 5496 1814 5575">
    <p class='ocr_par' dir='ltr' id='par_1_98' title="bbox 241 5496 1814 5575">
     <span class='ocr_line' id='line_1_98' title="bbox 241 5496 1814 5575; baseline -0.002 -16"><span class='ocrx_word' id='word_1_680' title='bbox 241 5505 649 5575; x_wconf 75' lang='grc' dir='ltr'>προεστήσατοο</span> <span class='ocrx_word' id='word_1_681' title='bbox 682 5498 804 5557; x_wconf 75' lang='grc' dir='ltr'>οὐδὲ</span> <span class='ocrx_word' id='word_1_682' title='bbox 853 5501 1144 5573; x_wconf 79' lang='grc' dir='ltr'>κληρωτὴν</span> <span class='ocrx_word' id='word_1_683' title='bbox 1173 5500 1310 5572; x_wconf 67' lang='grc' dir='ltr'>ἔχων</span> <span class='ocrx_word' id='word_1_684' title='bbox 1359 5500 1460 5574; x_wconf 84' lang='grc' dir='ltr'>τὴν</span> <span class='ocrx_word' id='word_1_685' title='bbox 1512 5496 1764 5566; x_wconf 74' lang='grc' dir='ltr'>ἐξουσίαν</span> <span class='ocrx_word' id='word_1_686' title='bbox 1797 5518 1814 5535; x_wconf 68' lang='grc' dir='ltr'><strong>τ</strong></span> 
     </span>
    </p>
   </div>
   <div class='ocr_carea' id='block_1_99' title="bbox 239 5591 1811 5669">
    <p class='ocr_par' dir='ltr' id='par_1_99' title="bbox 239 5591 1811 5669">
     <span class='ocr_line' id='line_1_99' title="bbox 239 5591 1811 5669; baseline -0.001 -20"><span class='ocrx_word' id='word_1_687' title='bbox 239 5595 423 5666; x_wconf 72' lang='grc' dir='ltr'>ιλογοι</span> <span class='ocrx_word' id='word_1_688' title='bbox 459 5594 568 5665; x_wconf 87' lang='grc' dir='ltr'>γὰρ</span> <span class='ocrx_word' id='word_1_689' title='bbox 600 5598 655 5651; x_wconf 85' lang='grc' dir='ltr'>αῑ</span> <span class='ocrx_word' id='word_1_690' title='bbox 691 5595 974 5669; x_wconf 85' lang='grc' dir='ltr'>συντυχίαι</span> <span class='ocrx_word' id='word_1_691' title='bbox 1015 5594 1124 5650; x_wconf 86' lang='grc' dir='ltr'><strong>τῶν</strong></span> <span class='ocrx_word' id='word_1_692' title='bbox 1153 5593 1392 5667; x_wconf 78' lang='grc' dir='ltr'>κλήρων,</span> <span class='ocrx_word' id='word_1_693' title='bbox 1423 5592 1519 5648; x_wconf 73' lang='grc' dir='ltr'><strong>ἐπὶ</strong></span> <span class='ocrx_word' id='word_1_694' title='bbox 1547 5591 1638 5648; x_wconf 71' lang='grc' dir='ltr'>τὸν</span> <span class='ocrx_word' id='word_1_695' title='bbox 1672 5591 1811 5649; x_wconf 86' lang='grc' dir='ltr'>πάν-</span> 
     </span>
    </p>
   </div>
   <div class='ocr_carea' id='block_1_100' title="bbox 1923 4656 2649 4730">
    <p class='ocr_par' dir='ltr' id='par_1_100' title="bbox 1923 4656 2649 4730">
     <span class='ocr_line' id='line_1_100' title="bbox 1923 4656 2649 4730; baseline 0.004 -18"><span class='ocrx_word' id='word_1_696' title='bbox 1923 4656 2136 4730; x_wconf 81' lang='lat' dir='ltr'><strong>perdix,</strong></span> <span class='ocrx_word' id='word_1_697' title='bbox 2191 4669 2316 4728; x_wconf 70' lang='lat' dir='ltr'><strong>qua:</strong></span> <span class='ocrx_word' id='word_1_698' title='bbox 2413 4657 2649 4715; x_wconf 88' lang='lat' dir='ltr'><strong>subdole</strong></span> 
     </span>
    </p>
   </div>
   <div class='ocr_carea' id='block_1_101' title="bbox 1920 4752 2386 4826">
    <p class='ocr_par' dir='ltr' id='par_1_101' title="bbox 1920 4752 2386 4826">
     <span class='ocr_line' id='line_1_101' title="bbox 1920 4752 2386 4826; baseline -0.002 -17"><span class='ocrx_word' id='word_1_699' title='bbox 1920 4752 2161 4826; x_wconf 65' lang='lat' dir='ltr'><strong>praedam</strong></span> <span class='ocrx_word' id='word_1_700' title='bbox 2203 4759 2386 4810; x_wconf 83' lang='lat' dir='ltr'><strong>navet.</strong></span> 
     </span>
    </p>
   </div>
   <div class='ocr_carea' id='block_1_102' title="bbox 1986 4845 3497 4918">
    <p class='ocr_par' dir='ltr' id='par_1_102' title="bbox 1986 4845 3497 4918">
     <span class='ocr_line' id='line_1_102' title="bbox 1986 4845 3497 4918; baseline 0.003 -15"><span class='ocrx_word' id='word_1_701' title='bbox 1986 4846 2293 4904; x_wconf 89' lang='lat' dir='ltr'><strong>Commune</strong></span> <span class='ocrx_word' id='word_1_702' title='bbox 2365 4845 2565 4918; x_wconf 87' lang='lat' dir='ltr'><strong>apibus</strong></span> <span class='ocrx_word' id='word_1_703' title='bbox 2607 4846 2952 4904; x_wconf 90' lang='lat' dir='ltr'><strong>domicilium</strong></span> <span class='ocrx_word' id='word_1_704' title='bbox 3007 4857 3115 4918; x_wconf 86' lang='lat' dir='ltr'><strong>est,</strong></span> <span class='ocrx_word' id='word_1_705' title='bbox 3180 4852 3497 4908; x_wconf 87' lang='lat' dir='ltr'><strong>communis</strong></span> 
     </span>
    </p>
   </div>
   <div class='ocr_carea' id='block_1_103' title="bbox 1919 4940 3491 5013">
    <p class='ocr_par' dir='ltr' id='par_1_103' title="bbox 1919 4940 3491 5013">
     <span class='ocr_line' id='line_1_103' title="bbox 1919 4940 3491 5013; baseline 0.003 -16"><span class='ocrx_word' id='word_1_706' title='bbox 1919 4942 2166 4998; x_wconf 85' lang='lat' dir='ltr'><strong>omnium</strong></span> <span class='ocrx_word' id='word_1_707' title='bbox 2225 4941 2413 5009; x_wconf 89' lang='lat' dir='ltr'><strong>labor;</strong></span> <span class='ocrx_word' id='word_1_708' title='bbox 2450 4940 2715 5013; x_wconf 85' lang='lat' dir='ltr'><strong>quodque</strong></span> <span class='ocrx_word' id='word_1_709' title='bbox 2765 4943 3013 4999; x_wconf 91' lang='lat' dir='ltr'><strong>omnium</strong></span> <span class='ocrx_word' id='word_1_710' title='bbox 3064 4946 3364 5001; x_wconf 79' lang='lat' dir='ltr'><strong>maximum</strong></span> <span class='ocrx_word' id='word_1_711' title='bbox 3388 4956 3491 5010; x_wconf 89' lang='lat' dir='ltr'><strong>est.</strong></span> 
     </span>
    </p>
   </div>
   <div class='ocr_carea' id='block_1_104' title="bbox 1922 5038 3494 5114">
    <p class='ocr_par' dir='ltr' id='par_1_104' title="bbox 1922 5038 3494 5114">
     <span class='ocr_line' id='line_1_104' title="bbox 1922 5038 3494 5114; baseline 0.004 -19"><span class='ocrx_word' id='word_1_712' title='bbox 1922 5038 2023 5095; x_wconf 85' lang='lat' dir='ltr'><strong>sub</strong></span> <span class='ocrx_word' id='word_1_713' title='bbox 2062 5052 2173 5093; x_wconf 91' lang='lat' dir='ltr'><strong>uno</strong></span> <span class='ocrx_word' id='word_1_714' title='bbox 2200 5053 2327 5110; x_wconf 81' lang='lat' dir='ltr'><strong>rege</strong></span> <span class='ocrx_word' id='word_1_715' title='bbox 2352 5046 2403 5092; x_wconf 91' lang='lat' dir='ltr'><strong>et</strong></span> <span class='ocrx_word' id='word_1_716' title='bbox 2434 5039 2688 5110; x_wconf 83' lang='lat' dir='ltr'><strong>principe</strong></span> <span class='ocrx_word' id='word_1_717' title='bbox 2728 5054 2926 5111; x_wconf 84' lang='lat' dir='ltr'><strong>operas</strong></span> <span class='ocrx_word' id='word_1_718' title='bbox 2956 5051 3277 5112; x_wconf 88' lang='lat' dir='ltr'><strong>capessunt.</strong></span> <span class='ocrx_word' id='word_1_719' title='bbox 3310 5039 3494 5114; x_wconf 83' lang='lat' dir='ltr'><strong>Neque</strong></span> 
     </span>
    </p>
   </div>
   <div class='ocr_carea' id='block_1_105' title="bbox 1920 5129 3490 5208">
    <p class='ocr_par' dir='ltr' id='par_1_105' title="bbox 1920 5129 3490 5208">
     <span class='ocr_line' id='line_1_105' title="bbox 1920 5129 3490 5208; baseline 0.003 -21"><span class='ocrx_word' id='word_1_720' title='bbox 1920 5130 2066 5187; x_wconf 92' lang='lat' dir='ltr'><strong>enim</strong></span> <span class='ocrx_word' id='word_1_721' title='bbox 2104 5129 2259 5201; x_wconf 88' lang='lat' dir='ltr'><strong>prius</strong></span> <span class='ocrx_word' id='word_1_722' title='bbox 2305 5129 2372 5185; x_wconf 89' lang='lat' dir='ltr'><strong>ad</strong></span> <span class='ocrx_word' id='word_1_723' title='bbox 2415 5140 2574 5200; x_wconf 85' lang='lat' dir='ltr'><strong>prata</strong></span> <span class='ocrx_word' id='word_1_724' title='bbox 2604 5147 2666 5188; x_wconf 90' lang='lat' dir='ltr'><strong>se</strong></span> <span class='ocrx_word' id='word_1_725' title='bbox 2695 5133 2951 5189; x_wconf 80' lang='lat' dir='ltr'><strong>conferre</strong></span> <span class='ocrx_word' id='word_1_726' title='bbox 2976 5134 3275 5200; x_wconf 83' lang='lat' dir='ltr'><strong>sustinent,</strong></span> <span class='ocrx_word' id='word_1_727' title='bbox 3323 5151 3490 5208; x_wconf 85' lang='lat' dir='ltr'><strong>quant</strong></span> 
     </span>
    </p>
   </div>
   <div class='ocr_carea' id='block_1_106' title="bbox 1919 5223 3490 5298">
    <p class='ocr_par' dir='ltr' id='par_1_106' title="bbox 1919 5223 3490 5298">
     <span class='ocr_line' id='line_1_106' title="bbox 1919 5223 3490 5298; baseline 0.005 -21"><span class='ocrx_word' id='word_1_728' title='bbox 1919 5238 2102 5294; x_wconf 75' lang='lat' dir='ltr'><strong>regem</strong></span> <span class='ocrx_word' id='word_1_729' title='bbox 2153 5223 2404 5281; x_wconf 85' lang='lat' dir='ltr'><strong>avolasse</strong></span> <span class='ocrx_word' id='word_1_730' title='bbox 2458 5224 2718 5283; x_wconf 85' lang='lat' dir='ltr'><strong>viderint.</strong></span> <span class='ocrx_word' id='word_1_731' title='bbox 2744 5223 2856 5282; x_wconf 87' lang='lat' dir='ltr'><strong>Nec</strong></span> <span class='ocrx_word' id='word_1_732' title='bbox 2901 5241 3033 5283; x_wconf 91' lang='lat' dir='ltr'><strong>vero</strong></span> <span class='ocrx_word' id='word_1_733' title='bbox 3075 5226 3218 5298; x_wconf 84' lang='lat' dir='ltr'><strong>apud</strong></span> <span class='ocrx_word' id='word_1_734' title='bbox 3244 5242 3339 5284; x_wconf 89' lang='lat' dir='ltr'><strong>eas</strong></span> <span class='ocrx_word' id='word_1_735' title='bbox 3373 5226 3490 5285; x_wconf 82' lang='lat' dir='ltr'><strong>suf-</strong></span> 
     </span>
    </p>
   </div>
   <div class='ocr_carea' id='block_1_107' title="bbox 1921 5315 3491 5393">
    <p class='ocr_par' dir='ltr' id='par_1_107' title="bbox 1921 5315 3491 5393">
     <span class='ocr_line' id='line_1_107' title="bbox 1921 5315 3491 5393; baseline 0.003 -22"><span class='ocrx_word' id='word_1_736' title='bbox 1921 5315 2112 5388; x_wconf 74' lang='lat' dir='ltr'><strong>fragiis</strong></span> <span class='ocrx_word' id='word_1_737' title='bbox 2141 5332 2234 5374; x_wconf 73' lang='lat' dir='ltr'><strong>rex</strong></span> <span class='ocrx_word' id='word_1_738' title='bbox 2273 5327 2495 5375; x_wconf 87' lang='lat' dir='ltr'><strong>creatur</strong></span> <span class='ocrx_word' id='word_1_739' title='bbox 2526 5318 2875 5392; x_wconf 79' lang='lat' dir='ltr'><strong>(frequenter</strong></span> <span class='ocrx_word' id='word_1_740' title='bbox 2913 5320 3058 5376; x_wconf 91' lang='lat' dir='ltr'><strong>enim</strong></span> <span class='ocrx_word' id='word_1_741' title='bbox 3093 5320 3276 5393; x_wconf 87' lang='lat' dir='ltr'><strong>populi</strong></span> <span class='ocrx_word' id='word_1_742' title='bbox 3304 5335 3491 5376; x_wconf 80' lang='lat' dir='ltr'><strong>vecor-</strong></span> 
     </span>
    </p>
   </div>
   <div class='ocr_carea' id='block_1_108' title="bbox 1923 5405 3491 5484">
    <p class='ocr_par' dir='ltr' id='par_1_108' title="bbox 1923 5405 3491 5484">
     <span class='ocr_line' id='line_1_108' title="bbox 1923 5405 3491 5484; baseline 0.004 -21"><span class='ocrx_word' id='word_1_743' title='bbox 1923 5407 2013 5463; x_wconf 85' lang='lat' dir='ltr'><strong>dia</strong></span> <span class='ocrx_word' id='word_1_744' title='bbox 2043 5409 2244 5466; x_wconf 87' lang='lat' dir='ltr'><strong>l‘actnm</strong></span> <span class='ocrx_word' id='word_1_745' title='bbox 2273 5421 2358 5468; x_wconf 81' lang='lat' dir='ltr'><strong>est</strong></span> <span class='ocrx_word' id='word_1_746' title='bbox 2397 5418 2457 5466; x_wconf 91' lang='lat' dir='ltr'><strong>ut</strong></span> <span class='ocrx_word' id='word_1_747' title='bbox 2487 5411 2582 5484; x_wconf 86' lang='lat' dir='ltr'><strong>qui</strong></span> <span class='ocrx_word' id='word_1_748' title='bbox 2619 5413 2896 5482; x_wconf 88' lang='lat' dir='ltr'><strong>pessimus</strong></span> <span class='ocrx_word' id='word_1_749' title='bbox 2920 5423 3066 5472; x_wconf 89' lang='lat' dir='ltr'><strong>esset</strong></span> <span class='ocrx_word' id='word_1_750' title='bbox 3096 5414 3163 5468; x_wconf 87' lang='lat' dir='ltr'><strong>ad</strong></span> <span class='ocrx_word' id='word_1_751' title='bbox 3195 5405 3491 5484; x_wconf 75' lang='lat' dir='ltr'><strong>imperium</strong></span> 
     </span>
    </p>
   </div>
   <div class='ocr_carea' id='block_1_109' title="bbox 1922 5503 3494 5578">
    <p class='ocr_par' dir='ltr' id='par_1_109' title="bbox 1922 5503 3494 5578">
     <span class='ocr_line' id='line_1_109' title="bbox 1922 5503 3494 5578; baseline 0.001 -21"><span class='ocrx_word' id='word_1_752' title='bbox 1922 5503 2353 5574; x_wconf 84' lang='lat' dir='ltr'><strong>ascisceretur),</strong></span> <span class='ocrx_word' id='word_1_753' title='bbox 2401 5518 2503 5560; x_wconf 88' lang='lat' dir='ltr'><strong>nec</strong></span> <span class='ocrx_word' id='word_1_754' title='bbox 2540 5519 2739 5560; x_wconf 90' lang='lat' dir='ltr'><strong>rursus</strong></span> <span class='ocrx_word' id='word_1_755' title='bbox 2775 5505 2974 5561; x_wconf 87' lang='lat' dir='ltr'><strong>sortito</strong></span> <span class='ocrx_word' id='word_1_756' title='bbox 3007 5504 3300 5578; x_wconf 85' lang='lat' dir='ltr'><strong>imperium</strong></span> <span class='ocrx_word' id='word_1_757' title='bbox 3343 5505 3494 5562; x_wconf 80' lang='lat' dir='ltr'><strong>obti-</strong></span> 
     </span>
    </p>
   </div>
   <div class='ocr_carea' id='block_1_110' title="bbox 1922 5595 3494 5669">
    <p class='ocr_par' dir='ltr' id='par_1_110' title="bbox 1922 5595 3494 5669">
     <span class='ocr_line' id='line_1_110' title="bbox 1922 5595 3494 5669; baseline 0.003 -19"><span class='ocrx_word' id='word_1_758' title='bbox 1922 5602 2015 5656; x_wconf 84' lang='lat' dir='ltr'><strong>net</strong></span> <span class='ocrx_word' id='word_1_759' title='bbox 2065 5595 2128 5666; x_wconf 72' lang='grc' dir='ltr'>(ε</span> <span class='ocrx_word' id='word_1_760' title='bbox 2149 5597 2362 5653; x_wconf 79' lang='lat' dir='ltr'><strong>ratione</strong></span> <span class='ocrx_word' id='word_1_761' title='bbox 2387 5597 2588 5668; x_wconf 88' lang='lat' dir='ltr'><strong>quippe</strong></span> <span class='ocrx_word' id='word_1_762' title='bbox 2623 5596 2800 5654; x_wconf 84' lang='lat' dir='ltr'><strong>aliena</strong></span> <span class='ocrx_word' id='word_1_763' title='bbox 2828 5604 2958 5653; x_wconf 89' lang='lat' dir='ltr'><strong>sunt</strong></span> <span class='ocrx_word' id='word_1_764' title='bbox 3010 5611 3132 5669; x_wconf 78' lang='lat' dir='ltr'><strong>quae</strong></span> <span class='ocrx_word' id='word_1_765' title='bbox 3163 5604 3311 5653; x_wconf 85' lang='lat' dir='ltr'><strong>sorte</strong></span> <span class='ocrx_word' id='word_1_766' title='bbox 3351 5609 3494 5654; x_wconf 73' lang='lat' dir='ltr'><strong>con-</strong></span> 
     </span>
    </p>
   </div>
   <div class='ocr_carea' id='block_1_111' title="bbox 2734 4658 3495 4733">
    <p class='ocr_par' dir='ltr' id='par_1_111' title="bbox 2734 4658 3495 4733">
     <span class='ocr_line' id='line_1_111' title="bbox 2734 4658 3495 4733; baseline 0.007 -20"><span class='ocrx_word' id='word_1_767' title='bbox 2734 4658 3093 4716; x_wconf 86' lang='lat' dir='ltr'><strong>venatoribus</strong></span> <span class='ocrx_word' id='word_1_768' title='bbox 3145 4675 3371 4733; x_wconf 87' lang='lat' dir='ltr'><strong>operam</strong></span> <span class='ocrx_word' id='word_1_769' title='bbox 3424 4662 3495 4718; x_wconf 84' lang='lat' dir='ltr'><strong>ad</strong></span> 
     </span>
    </p>
   </div>
   <div class='ocr_carea' id='block_1_112' title="bbox 1544 5769 2226 5832">
    <p class='ocr_par' dir='ltr' id='par_1_112' title="bbox 1544 5769 2226 5832">
     <span class='ocr_line' id='line_1_112' title="bbox 1544 5769 2226 5832; baseline 0.001 -1"><span class='ocrx_word' id='word_1_770' title='bbox 1544 5769 1780 5831; x_wconf 71' lang='grc' dir='ltr'>νΑιιιιΕ</span> <span class='ocrx_word' id='word_1_771' title='bbox 1815 5769 2226 5832; x_wconf 60' lang='grc' dir='ltr'>ιεοτιοπεε.</span> 
     </span>
    </p>
   </div>
   <div class='ocr_carea' id='block_1_113' title="bbox 316 5871 1012 5943">
    <p class='ocr_par' dir='ltr' id='par_1_113' title="bbox 316 5871 1012 5943">
     <span class='ocr_line' id='line_1_113' title="bbox 316 5871 1012 5943; baseline -0.001 -15"><span class='ocrx_word' id='word_1_772' title='bbox 316 5884 343 5918; x_wconf 79' lang='grc' dir='ltr'>ι</span> <span class='ocrx_word' id='word_1_773' title='bbox 368 5871 507 5930; x_wconf 87' lang='lat' dir='ltr'><strong>Edit.</strong></span> <span class='ocrx_word' id='word_1_774' title='bbox 534 5871 741 5939; x_wconf 83' lang='lat' dir='ltr'><strong>Basilii,</strong></span> <span class='ocrx_word' id='word_1_775' title='bbox 773 5873 1012 5943; x_wconf 80' lang='grc' dir='ltr'>ἀκρισία.</span> 
     </span>
    </p>
   </div>
  </div>
