4014 6302
494 330 631 392 1575

1649 324 1712 386 S.
1750 320 2071 387 JOANNIS
2093 319 2525 391 DAMASCENI

3620 314 3758 382 1516

490 448 730 512 tingunt,
762 447 822 494 ut
842 452 962 510 ane
984 452 1090 493 non
1117 451 1248 493 raro
1273 438 1322 493 ei
1352 437 1444 508 qui
1479 436 1729 494 omnium
1753 446 2065 511 postremus

2169 452 2278 490 των
2305 436 2532 510 ἔσχατον
2565 432 2824 498 πολλάκις
2854 432 2915 488 τὸ
2944 430 3146 505 κράτος
3178 430 3409 505 ἀκρισίᾳ
3442 429 3714 503 φέρουσαι
3736 447 3751 464 ν

486 541 592 598 est,
641 532 933 601 imperium
987 530 1227 600 tradat),
1290 545 1391 586 nec
1418 529 1663 601 denique
1687 539 1916 601 paterna
1947 544 2069 586 suc-

486 628 739 683 cessione
796 634 852 681 et
905 624 1229 681 haereditate
1288 624 1453 695 regiis
1524 623 1729 680 insidet
1796 623 1963 695 (nam
2012 624 2068 679 hi

487 731 709 787 quoque
768 716 841 771 ob
868 715 1062 771 luxum
1106 724 1162 770 et
1191 714 1625 772 assentationem
1659 723 1718 769 ut
1767 713 2068 784 plurimum

489 810 676 864 stolidi
735 808 1031 879 omnisque
1056 808 1284 863 virtutis
1315 807 1489 879 ignari
1532 806 1876 874 exsistunt),
1914 801 2013 860 sed
2041 817 2070 855 ἰ

488 909 682 955 natura
707 900 1001 970 primatum
1021 898 1207 955 habet.
1233 897 1499 965 Quamvis
1521 898 1667 952 enim
1696 910 1794 951 rex
1817 894 2069 950 aculeum

486 991 710 1057 habeat,
768 1007 835 1048 eo
902 1000 1085 1047 tamen
1140 989 1206 1044 ad
1239 990 1545 1045 vindictam
1604 988 1835 1044 minime
1868 987 2067 1043 utitur.

487 1086 727 1143 Audiaut
759 1084 1084 1151 Christiani,
1117 1082 1322 1155 quibus
1380 1081 1732 1138 interdicitur
1766 1094 1835 1136 ne
1862 1079 2067 1134 malum

486 1194 585 1252 pro
635 1178 781 1235 malo
830 1177 1084 1238 reddant,
1142 1177 1237 1232 sed
1272 1177 1499 1230 vincant
1552 1174 1608 1230 in
1653 1175 1799 1229 bono
1863 1173 2069 1230 malum

485 1271 699 1340 (Rom.
746 1288 847 1336 ιιι,
883 1270 947 1325 21
978 1270 1022 1342 ).
1050 1268 1348 1326 lmitamini
1371 1268 1427 1323 id
1460 1267 1605 1339 quod
1639 1269 1757 1339 apis
1788 1267 2070 1339 peculiare

482 1376 591 1433 est,
644 1366 909 1422 nimirum
965 1365 1111 1436 quod
1168 1364 1311 1420 citra
1356 1364 1508 1433 regis
1562 1362 1853 1434 imperium
1930 1362 2070 1419 nihil

483 1457 784 1530 quidquam
837 1455 1156 1513 detrimenti
1208 1465 1453 1527 praestet,
1488 1468 1586 1509 nec
1609 1453 1825 1511 alienos
1852 1452 2068 1510 fructus

481 1550 871 1607 labefactando
937 1548 1091 1606 favos
1148 1546 1378 1605 condat.
1412 1545 1558 1614 Quin
1609 1562 1711 1603 nec
1742 1547 1811 1603 ad
1872 1561 2068 1604 omnes

482 1640 646 1697 ﬂores
698 1640 1016 1711 promiscue
1068 1639 1313 1704 accedit.
1376 1647 1432 1694 et
1473 1638 1541 1694 ad
1581 1653 1722 1711 quos
1745 1640 2065 1705 accesserit,

483 1733 577 1789 ubi
634 1742 899 1803 quantum
936 1731 1005 1787 ad
1057 1747 1199 1803 opus
1234 1741 1429 1802 aptum
1477 1731 1570 1799 sit,
1640 1731 1965 1802 sumpserit,
2010 1731 2066 1787 id

2168 529 2290 584 οὐδὲ
2307 529 2373 585 ὲκ
2392 528 2666 601 πατρικῆς
2681 526 2933 600 διαδοχῆς
2946 530 3061 589 τοῖς
3075 525 3369 601 βασιλείοις
3385 524 3747 596 ἐγκαθεζόμεο

2167 641 2259 689 νος
2278 641 2291 654 ·
2310 623 2533 695 καὶγὰρ
2547 615 2695 678 οὗτοι
2722 622 3041 677 ἀπαίδευτοι
3059 621 3151 677 καὶ
3172 619 3409 694 ἀμαθεῖς
3430 619 3616 691 πάσης
3630 618 3765 692 ape.

2166 718 2265 788 τῆς
2284 716 2374 773 διὰ
2400 717 2613 790 τρυφὴν
2640 718 2734 772 καὶ
2766 715 3058 773 κολακείαν
3082 716 3157 781 ὡς
3188 715 3260 770 τὰ
3281 713 3456 769 πολλὰ
3480 712 3752 784 γίνονται·

2166 806 2284 862 ἀλλ’
2338 809 2403 862 ὲκ
2462 808 2677 879 φύσεως
2716 807 2855 878 έχων
2902 806 2970 861 τὸ
3011 806 3157 862 κατά
3201 806 3422 862 παντων
3461 814 3752 877 πρωτεῖον.

2170 900 2329 957 Ἐστι
2352 901 2453 974 μὲν
2480 902 2591 972 γὰρ
2610 899 2690 973 τῷ
2720 899 2932 973 βασιλεῖ
2958 900 3209 972 κέντρον,
3236 899 3350 954 ἀλλ’
3385 899 3447 952 οὐ
3482 898 3756 969 κέχρηται

2165 992 2345 1064 τούτῳ
2386 992 2523 1067 πρὸς
2549 991 2789 1064 ἄμυναν.
2827 990 3204 1046 Ἀκουέτωσαν
3233 992 3284 1044 οἱ
3306 989 3649 1061 Χριστιανοὶ,
3674 981 3756 1051 οἷς

2168 1085 2505 1159 πρόσταγμά
2534 1090 2671 1152 ἐστι,
2703 1086 2875 1142 κακὸν
2907 1086 3033 1141 ἀντὶ
3064 1084 3234 1140 κακοῦ
3274 1084 3471 1158 μηδενὶ
3505 1080 3755 1138 ἀποδιδό-

2167 1199 2279 1250 ναι,
2305 1180 2444 1236 ἀλλά
2470 1183 2628 1254 νικᾷν
2658 1182 2716 1236 ὲν
2747 1180 2826 1253 τῷ
2855 1180 3049 1252 ἀγαθῷ
3087 1178 3148 1234 τὺ
3200 1179 3390 1236 κακόν.
3418 1175 3758 1250 Μιμήσασθε

2166 1272 2269 1343 τῆς
2306 1271 2577 1344 μελίσσης
2606 1272 2666 1326 τὸ
2702 1270 3040 1344 ἰδιότροπονο
3068 1270 3153 1327 ὅτι
3198 1268 3293 1324 τοῦ
3334 1267 3602 1339 βασιλέως
3631 1268 3758 1339 δίχα

2164 1367 2321 1422 οὐδὲν
2383 1365 2778 1439 λυμαινομένη,
2840 1365 2962 1419 οὐδὲ
3012 1363 3228 1435 καρπὸν
3293 1362 3580 1435 ἀλλότριον
3633 1360 3756 1416 δια-

2171 1459 2492 1532 φθείρουσα,
2527 1458 2596 1514 τὰ
2620 1460 2789 1531 κηρία
2841 1459 3247 1531 συμπήγνυσιν.
3283 1452 3455 1513 Λῦται
3514 1455 3573 1510 δὲ
3629 1454 3757 1510 οὔτε

2169 1554 2344 1609 ἅπασι
2378 1556 2492 1619 τοῖς
2538 1554 2759 1610 ἄνθεσιν
2808 1552 3211 1624 παραπλησίως
3262 1553 3614 1624 ἐπέρχονται,
3659 1549 3758 1604 καὶ

2167 1641 2250 1711 οἷς
2278 1645 2346 1701 ἂν
2374 1647 2402 1687 ι»
2433 1645 2739 1716 ἐπιτήδειον
2772 1645 2908 1717 πρὸς
2939 1643 3036 1717 τὴν
3078 1643 3343 1715 ἐργασίαν
3376 1641 3665 1705 λαϐοῦσαι,
3696 1639 3759 1696 τδ

2168 1739 2355 1794 λοιπὸν
2381 1739 2596 1812 χαίρειν
2626 1738 2864 1809 ἀφῆκαν.
2909 1737 3015 1792 Τὸν
3050 1737 3151 1809 μὲν
3177 1736 3351 1811 κηρὸν
3372 1735 3482 1793 ἀπὺ
3515 1736 3629 1790 τῶν
3661 1737 3757 1791 ἀν-

481 1824 630 1897 quod
658 1824 942 1880 residuum
971 1832 1058 1881 est
1081 1826 1261 1879 valere
1290 1824 1473 1895 jubet.
1516 1824 1595 1880 Ae
1627 1840 1811 1880 ceram
1834 1825 2065 1896 quidem

2172 1833 2280 1889 θῶν
2306 1832 2557 1906 φανερῶς
2592 1830 2926 1904 συναγείρει,
2957 1831 3016 1886 τὸ
3046 1831 3103 1885 δὲ
3138 1829 3264 1903 μέλι
3294 1829 3394 1902 τὴν
3427 1828 3757 1902 δροσοειδῶς

479 1934 511 1974 ε
538 1917 770 1973 ﬂoribus
804 1919 987 1988 palam
1021 1917 1234 1989 colligit
1273 1934 1287 1971 :
1318 1920 1427 1973 mel
1464 1926 1674 1983 autem,
1716 1918 1821 1976 hoc
1842 1927 1928 1975 est
1963 1919 2069 1975 hu.

480 2026 691 2067 morem
746 2027 873 2067 eum
935 2012 1031 2082 qui
1081 2012 1226 2068 roris
1284 2012 1460 2067 instar
1508 2011 1738 2069 tioribus
1779 2012 2068 2086 inspersns

479 2112 590 2170 est,
643 2112 940 2159 attractum
988 2118 1085 2159 ore
1118 2105 1449 2160 cellularum
1478 2105 1925 2162 concavitatibus
1958 2105 2066 2162 im-

480 2196 669 2251 mittit.
714 2197 791 2250 Ae
831 2194 1063 2267 proinde
1092 2196 1375 2252 humidum
1425 2212 1649 2269 quoque
1674 2197 1912 2270 primum
1942 2208 2063 2267 est;

481 2298 610 2362 post
646 2302 855 2355 autem.
910 2291 1003 2347 ubi
1039 2292 1303 2363 temporis
1335 2309 1631 2366 progressu
1683 2305 1899 2351 coctum
1959 2304 2065 2362 est,

482 2384 551 2439 ad
577 2386 818 2440 nativam
864 2386 1275 2442 concretionem
1307 2401 1376 2442 ac
1408 2387 1757 2444 dulcedinem
1792 2403 1951 2444 suam
1978 2404 2069 2446 re-

481 2476 583 2532 dit.
638 2476 711 2531 Ea
755 2492 924 2549 porro
958 2485 1081 2533 arte
1134 2488 1189 2533 et
1235 2477 1418 2534 studio
1458 2479 1638 2535 mellis
1685 2482 2065 2551 promptuaria

478 2568 745 2637 elaborat,
784 2576 842 2624 ut
871 2568 1193 2642 frequentes
1223 2577 1392 2642 atque
1436 2572 1674 2627 invicem
1709 2573 2064 2631 cohaerentes

480 2660 750 2717 cavitales
780 2670 1058 2729 exstruat,
1092 2679 1206 2735 quo
1244 2663 1491 2720 densitas
1515 2664 1609 2720 illa
1644 2672 1850 2720 mutua:
1879 2682 2065 2723 rerum

480 2747 839 2803 minimarum
890 2751 1263 2823 colligationis
1293 2767 1434 2824 opus
1482 2758 1809 2812 universum
1842 2748 2067 2813 susten-

480 2848 561 2895 tet
593 2849 648 2893 et
703 2839 915 2898 fulciat.
953 2842 1409 2915 Uniuscujusque
1437 2847 1583 2901 enim
1644 2847 1847 2904 cellula
1882 2848 2065 2904 utrin-

478 2948 588 3004 que
638 2934 901 2999 coha'ret.
957 2937 1113 2992 tenui
1167 2939 1237 2993 ab
1285 2938 1393 2993 alia
1452 2949 1611 3011 septo
1665 2940 1942 3014 dirempta
2008 2951 2065 2998 et

477 3025 757 3097 copulata.
787 3026 931 3094 Quin
960 3037 1017 3085 et
1048 3028 1273 3100 distegre
1306 3032 1663 3103 tristegmque
1682 3032 1881 3090 fistulae
1906 3047 2061 3102 sunt,

2170 1926 2526 1999 ἐσπαρμένην
2560 1924 2737 1979 νοτίδα
2796 1927 2910 1985 τοῖς
2960 1923 3179 1980 ἄνθεσιν
3214 1922 3645 1994 ἐπισπασαμένη
3680 1920 3758 1993 τῷ

2172 2020 2421 2093 στόματι,
2444 2019 2652 2091 ταύτην
2684 2020 2805 2083 ταῖς
2837 2018 3114 2091 κοιλότησι
3140 2018 3251 2073 τῶν
3280 2018 3490 2090 κηρίων
3520 2016 3754 2088 ἐνίησιν.

2171 2115 2334 2171 Ὅθεν
2364 2114 2457 2169 καὶ
2502 2113 2671 2185 ὑγρὸν
2721 2114 2871 2186 παρὰ
2909 2114 3008 2187 τὴν
3039 2112 3265 2188 πρώτην
3298 2113 3449 2167 ἐστίν
3469 2128 3482 2143 ι
3528 2106 3651 2166 εἶτα
3679 2109 3757 2180 τῷ

2169 2208 2346 2283 χρόνῳ
2382 2208 2726 2280 συμπεφθὲν,
2761 2208 2899 2281 πρὸς
2949 2208 3047 2282 τὴν
3103 2208 3312 2263 οἰκείαν
3364 2208 3626 2262 σύστασιν
3659 2206 3757 2261 καὶ

2171 2303 2362 2376 ἡδονὴν
2410 2302 2794 2375 ἐπανέρχεται.
2832 2300 2989 2358 Οὕτω
3032 2301 3089 2357 δὲ
3141 2302 3321 2372 σοφῶς
3363 2299 3755 2372 φιλοτεχνοῦσα

2166 2394 2267 2460 τὰς
2320 2393 2605 2466 ἀποθήκας
2658 2393 2754 2450 τοῦ
2809 2393 3046 2465 μέλιτος,
3090 2394 3171 2459 εἰς
3218 2391 3415 2447 λεπτὸν
3452 2391 3624 2463 ὑμένα
3661 2390 3757 2444 τὸν

2168 2490 2338 2562 κηρὸν
2393 2488 2730 2554 διατείνασα,
2783 2487 2999 2553 πυκνὰς
3043 2487 3140 2542 καὶ
3193 2488 3439 2557 συνεχεῖς
3492 2484 3757 2556 ἀλλήλαις

2169 2582 2544 2654 συνοικοδομεῖ
2573 2580 2672 2644 τὰς
2702 2580 3044 2650 κοιλότητας,
3073 2577 3151 2645 ὡς
3176 2578 3239 2633 τὺ
3279 2578 3483 2633 πυκνὸν
3512 2579 3613 2648 τῆς
3640 2577 3758 2630 τῶν

2170 2675 2513 2748 μικροτάτων
2553 2675 2691 2747 πρὸς
2748 2673 2953 2746 ἄλληλα
2990 2674 3191 2739 δέσεως
3228 2672 3463 2746 ἔρεισμα
3493 2671 3758 2742 γενέσθαι

2164 2769 2243 2841 τῷ
2286 2767 2471 2824 παντί.
2516 2769 2755 2840 Ἐκάστη
2802 2771 2912 2840 γὰρ
2958 2768 3194 2842 φρεάτια
3227 2778 3277 2834 ε,
3327 2768 3428 2839 τῆς
3481 2766 3756 2838 ἑκατέρας

2164 2864 2350 2935 ἔχεται
2374 2878 2391 2893 ο
2420 2861 2604 2933 λεπτῷ
2638 2863 2746 2932 γὰρ
2793 2862 2936 2933 πρὸς
2965 2860 3139 2933 αὐτῆς
3171 2860 3496 2933 διισταμένη
3528 2877 3589 2914 τε
3613 2858 3754 2932 ὁμοῦ

2165 2958 2260 3013 καὶ
2309 2957 2696 3030 συναπτομένη
2748 2958 2829 3027 τῷ
2878 2955 3282 3028 διαφράγματι.
3314 2956 3552 3010 Ἔπειτα
3576 2954 3755 3027 διόρο-

2166 3070 2255 3122 φοι
2285 3055 2382 3109 καὶ
2412 3053 2695 3126 τριόροφοι
2725 3050 2985 3123 σύριγγες
3010 3051 3175 3106 αὐταὶ
3195 3048 3457 3122 ἀλλήλαις
3478 3050 3765 3122 ἐπῳκοδόο

480 3128 647 3189 atqne
684 3120 805 3175 alia:
861 3136 1031 3193 supra
1063 3122 1201 3179 alias
1236 3124 1539 3180 aediﬁcatae.
1581 3125 1861 3182 Caverunt
1908 3130 2059 3185 enim

2167 3120 2387 3219 μηνται.
2435 3120 2811 3214 Ἐφθλάξαντο-
2858 3120 2967 3218 γάρ
3007 3144 3137 3217 μίαν
3168 3120 3396 3216 ποιῆσαι
3445 3120 3763 3216 διαμπερὲς

477 3228 549 3269 ne
597 3212 933 3283 perforatam
984 3216 1248 3287 utrinque
1324 3217 1624 3276 cavitatem
1686 3211 1955 3286 facerent,
1990 3239 2061 3281 ne

478 3305 676 3363 humor
737 3308 1007 3379 gravitate
1039 3325 1145 3365 sua
1208 3312 1361 3367 foras
1406 3311 1774 3371 dilaberetur.
1838 3316 2061 3388 Inspice

475 3416 589 3471 quo
626 3413 787 3473 pacto
836 3406 1154 3474 geometriae
1186 3404 1539 3463 inventiones
1583 3408 1730 3464 velut
1762 3410 1946 3466 obiter
1969 3426 2063 3469 sa-

478 3496 824 3567 pientissima
877 3499 997 3567 apis
1030 3509 1391 3569 exsequatur.
1448 3501 1776 3573 Sexangula:
1810 3509 1958 3560 enim
2006 3513 2062 3563 et

475 3586 810 3657 aquilaterae
876 3597 1010 3644 sunt
1074 3605 1269 3644 omnes
1304 3589 1558 3646 favorum
1610 3593 1829 3660 ﬁstulae,
1868 3611 1969 3652 nec
2003 3596 2058 3652 in

476 3687 693 3737 rectum
750 3680 869 3735 aliae
898 3680 1024 3737 aliis
1046 3679 1396 3749 incumbunt,
1422 3698 1492 3738 ne
1520 3683 1645 3739 imae
1674 3695 1864 3755 partes
1897 3687 2062 3746 labo-

476 3781 620 3836 rent,
651 3773 908 3829 inanibus
922 3782 1221 3844 coaptatae;
1251 3790 1440 3830 verum
1467 3777 2064 3845 sexanguloruminl'e-

476 3864 688 3917 riorum
721 3861 1287 3934 angulil‘undamenti
1335 3871 1393 3919 et
1422 3864 1724 3920 eoluminis
1758 3864 1876 3921 luco
1902 3875 2056 3935 sunt,

2163 3238 2261 3310 τὴν
2288 3237 2600 3309 κοιλότητα,
2636 3239 2720 3293 ἵνα
2764 3238 2841 3311 μὴ
2885 3236 2964 3311 τῷ
2995 3238 3157 3312 βάρει
3204 3238 3267 3292 τὸ
3308 3238 3477 3311 ὑγρὸν
3523 3239 3665 3310 πρὸς
3686 3240 3760 3294 τὰ

2161 3332 2320 3397 ἐκτὸς
2350 3332 2637 3405 διαπίπτῃ.
2685 3332 2988 3404 Κατάμαθε
3018 3332 3137 3398 πῶς
3160 3332 3229 3387 τὰ
3262 3335 3363 3405 τῆς
3396 3332 3757 3404 γεωμετρίας

2162 3425 2443 3497 εὑρέματα
2492 3426 2748 3498 πάρεργά
2793 3426 2910 3480 ὲστι
2946 3424 3048 3497 τῆς
3089 3426 3406 3498 σοφωτάτης
3458 3425 3756 3499 μελίσσης.

2175 3516 2471 3585 Ἐξάγωνοι
2504 3518 2616 3590 γὰρ
2659 3518 2834 3571 πᾶσαι
2862 3517 2959 3572 καὶ
2983 3516 3297 3589 ίσόπλευροι
3324 3517 3434 3572 τῶν
3461 3518 3679 3591 κηρίων
3698 3522 3759 3575 αί

2163 3608 2576 3681 σύριγγες,‹οὐκ
2607 3612 2693 3665 ἐπ’
2719 3610 2939 3673 εὐθείας
2966 3609 3059 3666 ἀλ)
3071 3611 3215 3684 ήλων
3255 3613 3757 3684 κατεπεκείμεναι,

2162 3704 2251 3759 ἵνα
2298 3704 2373 3776 μὴ
2403 3706 2655 3775 κάμωσιν
2689 3704 2743 3759 οἱ
2790 3704 3068 3776 πυθμένες
3105 3708 3219 3770 τοῖς
3261 3705 3533 3770 διακένοις
3574 3708 3755 3779 ἐφηρ-

2163 3794 2445 3865 μοσμένοι,
2484 3794 2599 3849 ἀλλ’
2650 3797 2707 3849 ai
2751 3796 2945 3866 γωνίαι
2995 3796 3104 3851 τῶν
3154 3797 3402 3852 κάτωθεν
3454 3797 3757 3868 ἑξάγωνοι,

2162 3886 2363 3957 βάθρον
2396 3888 2490 3941 καὶ
2523 3887 2761 3960 ἔρεισμα
2800 3891 2922 3953 ταῖς
2967 3890 3077 3944 τῶν
3127 3890 3543 3963 ὑπερκειμένων
3574 3893 3756 3962 ἐστὶν,

474 3972 585 4026 quo
646 3966 771 4011 tuto
819 3971 945 4026 qua:
981 3970 1147 4026 supra
1179 3968 1308 4012 sunt
1362 3958 1606 4029 pondera
1660 3960 1980 4029 sustollant,
2005 3970 2060 4018 et

2166 3980 2231 4043 ὡς
2260 3978 2523 4050 ἀσφαλῶς
2727 3981 2910 4034 αὐτῶν
2960 3958 3318 4053 μετεωρίζειν
3344 3958 3417 4037 τὰ
3442 3982 3609 4055 βάρη,
3656 3958 3755 4038 καί

473 4049 731 4120 privatim
785 4049 842 4105 in
881 4064 1216 4122 unaquaque
1259 4050 1499 4108 eavitate
1531 4051 1730 4110 humor
1762 4055 2056 4112 continea-

2166 4049 2471 4137 ἰδιαζόντως
2491 4049 2701 4147 ἑκάστη
2734 4049 3006 4145 κοιλότητι
3043 4074 3104 4129 τὸ
3126 4049 3293 4147 όγρὸν
3323 4049 3751 4148 ἐγκατέχεσθαι.

479 4153 592 4197 tur.

548 4235 742 4306 Ejusd.
775 4267 844 4277 -η-
876 4235 1110 4303 Quinam
1144 4252 1275 4294 vero
1310 4238 1487 4294 ﬁatut
1514 4255 1684 4311 grues
1709 4243 1897 4299 noctis
1922 4242 2059 4315 vigi-

2227 4258 2351 4322 Πῶς
2380 4258 2477 4329 μὲν
2507 4261 2564 4314 αἱ
2593 4260 2815 4331 γέρανοι
2859 4258 2959 4326 τὰς
2995 4263 3053 4316 έν
3094 4263 3160 4333 τῇ
3191 4262 3351 4315 νυκτὶ
3381 4263 3750 4335 προφυλακὰς

476 4333 581 4389 lias
613 4331 857 4386 vicissim
896 4331 1241 4403 suscipiant;
1291 4341 1484 4403 utque,
1519 4333 1648 4389 dum
1675 4345 1888 4393 caetera:
1916 4337 2053 4394 dor-

2166 4352 2598 4426 ἑκπεριστροφῆς
2624 4351 2977 4426 ὑποδέχονται
2997 4370 3013 4420 ;
3035 4331 3206 4409 καλαί
3237 4355 3339 4425 μὲν
3363 4331 3747 4419 καθεῦδουσιν,

477 4426 675 4485 miunt.
708 4439 816 4479 una
845 4423 899 4478 in
930 4424 1118 4478 orbem
1148 4425 1507 4493 circumiens,
1538 4443 1812 4484 summam
1832 4430 1903 4485 iis
1929 4447 2055 4502 qua:

2166 4446 2273 4518 ἡδὲ
2306 4423 2506 4519 *κύκλῳ
2539 4423 2852 4519 περιιοῦσα,
2909 4448 3093 4504 πᾶσαν
3142 4423 3336 4511 αὐταῖς
3375 4448 3435 4502 ὲν
3478 4448 3562 4519 τῷ
3580 4448 3752 4521 ,ὕπνῳ

476 4520 712 4588 quietem
741 4527 981 4588 captant,
1011 4519 1365 4575 secoritatem
1407 4521 1694 4591 praebeat?
1724 4522 1851 4578 Haec
1889 4540 2053 4597 porro

2166 4539 2459 4611 παρέχεται
2496 4538 2597 4613 τὴν
2631 4540 2969 4610 ἀσφάλειαν;
3002 4535 3123 4596 εἶτα
3145 4538 3240 4595 τοῦ
3269 4538 3465 4613 καιροῦ
3498 4541 3604 4613 τῆς
3633 4560 3750 4610 φυ-

478 4612 642 4681 528
673 4621 1028 4681 posteaquam
1082 4610 1441 4665 excubiarum
1482 4627 1705 4667 munere
1764 4614 2055 4684 perfuncta

2166 4610 2327 4701 λακῆς
2361 4610 2763 4705 πληρουμένου,
2787 4632 2822 4705 ἡ
2855 4634 2953 4704 μὲν
2981 4633 3227 4705 βοήσασα
3257 4610 3394 4706 πρὸς
3612 4639 3749 4710 τρέο

474 4714 584 4767 est,
604 4704 753 4758 edito
782 4702 1025 4758 clamore
1060 4701 1125 4757 ad
1157 4718 1415 4758 somnum
1443 4718 1502 4758 se
1532 4705 1840 4773 convertit;
1878 4706 2055 4763 altera

2166 4740 2339 4790 κεται,
2367 4725 2400 4797 ἠ
2512 4701 2611 4796 τὴν
2632 4701 2886 4797 διαδοχὴν
2915 4701 3209 4798 δεξαμένη,
3340 4726 3532 4798 ἔτυχεν
3562 4701 3748 4800 ἀστρα-

475 4810 655 4852 autem
687 4798 734 4851 ei
766 4796 1098 4862 succedens,
1129 4796 1377 4851 eamdem
1408 4810 1516 4866 qua
1553 4797 1714 4852 modo
1762 4798 2055 4855 fruebatur

2166 4817 2319 4881 tsiag,
2352 4818 2674 4873 ἀντέδωκεν.
2708 4817 2928 4889 Ταύτην
2964 4819 3059 4873 καὶ
3088 4819 3147 4872 ὲν
3176 4822 3243 4891 τῇ
3285 4821 3481 4892 πτήσει
3507 4820 3611 4893 τὴν
3643 4822 3738 4876 sb-

477 4891 832 4949 sccuritatem
900 4889 1004 4960 ipsi
1059 4889 1333 4960 rependit.
1397 4888 1540 4956 Quin
1616 4890 1761 4945 hanc
1829 4906 2054 4963 quoque

2166 4909 2340 4975 ταξίαν
2394 4912 2640 4981 κατόψει.
2699 4888 2924 4965 Ἀλλοτε
2986 4911 3095 4983 γὰρ
3162 4888 3296 4985 ἄλλη
3370 4888 3469 4984 τὴν
3512 4888 3746 4985 ὁδηγίαν

477 4986 531 5038 in
563 5000 750 5038 earum
786 4983 966 5037 volatu
1015 4982 1365 5053 disciplinam
1403 4983 1725 5054 perspicies.
1757 4983 1909 5040 Alias
1969 4995 2053 5041 et-

2166 5001 2479 5073 5ιαδὲχεται,
2528 5003 2622 5058 καὶ
2665 5004 2862 5059 τακτόν
2900 5020 3022 5059 τινα
3057 4982 3251 5075 χρόνον
3284 4982 3743 5079 *προκαθηγησα-

472 5081 619 5133 enim
650 5078 754 5131 alia
822 5076 1055 5131 ducendi
1108 5076 1343 5146 agminis
1406 5076 1745 5146 provinciam
1794 5078 2051 5150 suscipit,

2166 5097 2292 5166 μένη
2334 5096 2431 5165 τῆς
2466 5097 2739 5165 πτήσεως,
2771 5098 2852 5160 εἰς
2878 5096 2939 5149 τὸ
2963 5098 3194 5152 κατόπιν
3239 5076 3635 5170 περιελθοῦσα,
3672 5104 3738 5172 τῇ

473 5186 707 5241 cumque
730 5177 884 5223 certo
911 5168 1179 5238 temporis
1204 5167 1384 5237 spatio
1410 5175 1540 5221 ante
1574 5174 1806 5223 caeteras
1833 5169 2052 5225 velave-

2166 5186 2283 5255 μετ’
2304 5188 2474 5258 αὐτὴν
2506 5186 2604 5258 τὴν
2643 5188 2940 5258 ἡγεμονίαν
2970 5190 3068 5261 τῆς
3096 5189 3219 5244 ὀδοῦ
3244 5167 3604 5263 παραδὲδωσι.

477 5264 569 5324 rit.
632 5271 747 5317 tum
796 5274 938 5316 retro
993 5277 1052 5316 se
1120 5259 1389 5322 referens,
1444 5261 1492 5314 ei
1524 5274 1647 5330 quae
1705 5275 1763 5316 se
1800 5262 2052 5332 sequitur

473 5357 710 5412 ducendi
740 5372 945 5411 munus
979 5355 1286 5411 contradit.

544 5450 689 5507 Ibid.
755 5481 787 5492 --
834 5450 989 5517 Quod
1060 5466 1191 5504 vero
1230 5448 1295 5502 ad
1353 5447 1605 5503 ciconias
1676 5448 1893 5513 attinet,
1936 5465 2046 5505 non

2227 5454 2298 5508 Τὸ
2340 5455 2395 5509 δὲ
2440 5456 2547 5510 τῶν
2579 5456 2868 5529 πελαργῶν
2901 5434 3053 5515 οὐδὲν
3097 5462 3285 5535 πόρρω
3318 5464 3430 5518 ἐστὶ
3468 5465 3737 5532 συνέσεως

474 5544 765 5600 admodum
822 5544 887 5598 ad
948 5544 1313 5599 animantium
1406 5541 1620 5597 ratione
1686 5542 2047 5612 prmditorum

2166 5545 2379 5616 λογικῆς
2398 5561 2412 5577 ο
2440 5544 2583 5601 οὕτω
2617 5548 2715 5619 μὲν
2742 5547 2836 5604 οὖν
2858 5551 3001 5605 κατά
3030 5550 3124 5608 ἕνα
3158 5554 3347 5627 καιρὸν
3368 5555 3581 5623 πάντας
3610 5559 3735 5614 tm-

1752 5699 1987 5755 VARUE
2038 5701 2331 5762 LECTION
2341 5706 2445 5764 ES.

542 5816 571 5859 ι
600 5816 764 5889 Lego,
788 5820 879 5872 καὶ
905 5819 931 5872 δ
952 5818 1013 5874 iv
1043 5814 1098 5886 ἦ.
1130 5819 1285 5875 Deest
1316 5818 1427 5873 haec
1458 5817 1715 5887 periodus
1749 5819 1804 5875 in
1836 5820 2024 5876 editis.
2101 5832 2124 5863 ο
2158 5822 2305 5880 Edit.
2340 5829 2583 5901 φρεατίς.
2622 5830 2704 5885 Al.
2740 5834 3023 5901 φρεατεία.
