3904 6260
179 264 265 333 549
1304 261 1391 324 IN
1432 261 1672 325 EPIST.
1714 262 1816 323 AD
1875 262 2259 326 ROMANOS.

3319 278 3426 341 550

173 378 285 429 ὅταν
310 373 448 444 πρὸς
485 368 567 443 τῷ
606 368 750 424 τέλει
791 367 872 442 τῷ
924 367 1126 442 δρόμου
1176 369 1459 449 γίνωνται,
1509 370 1607 426 καὶ
1657 374 1721 443 τῇ

1849 386 1945 443 {ne
1989 386 2251 429 cursores
2298 370 2512 429 faciunt
2556 374 2698 439 :ubi
2751 377 2818 434 ad
2881 380 3145 439 curriculi
3201 394 3425 457 metam,

170 462 251 519 τοῦ
294 461 545 535 βραδείου
573 461 754 534 λήψει,
786 461 910 516 τότε
941 462 1315 518 διανίστανται
1340 464 1625 534 μειζόνως.

232 662 251 695 ι
294 642 354 698 Ἦ
377 642 471 711 νὺξ
494 641 821 715 προέκοψεν,
854 644 888 715 ὴ
916 642 973 697 δὲ
1004 642 1190 717 ἡμέρα
1206 645 1458 719 ἧγγικεν.

225 821 425 877 Οὐκοῦν
457 823 505 875 εί
559 822 699 895 αὕτη
760 824 857 894 μὲιν
919 823 1191 895 τελευτᾷ,
1253 824 1441 896 ἐκείνη
1476 824 1533 880 δὲ
1563 840 1733 896 παραο

1841 465 2135 538 braviique
2161 465 2573 538 perceptionem
2605 470 2899 542 accedunt,
2949 483 3080 532 tunc
3111 477 3287 549 magis
3327 493 3427 535 ex-

1839 556 2110 613 citantur.

1912 649 2083 708 Vens.
2116 651 2205 707 12.
2248 671 2268 705 ι
2303 651 2425 709 Nox
2474 655 2779 727 praecessit,
2816 655 2937 713 dies
2985 667 3170 713 autem
3226 675 3429 732 appro-

1838 741 2146 814 pinquavit.
2182 762 2202 797 ι

1908 833 1967 891 Si
1999 851 2134 908 ergo
2162 836 2257 893 illa
2293 836 2505 906 ﬁnitur,
2544 847 2600 894 et
2630 838 2736 895 ista
2772 840 3028 909 advenit,
3078 842 3271 914 hujus,
3312 859 3422 899 non

161 916 375 983 γίνεται,
403 915 472 971 τὰ
500 902 721 988 ἐκείνης
765 916 1101 989 πράττωμεν
1148 917 1357 986 λοιπὸν,
1389 916 1465 994 μὴ
1508 918 1578 973 τὰ
1604 918 1721 973 ταύ-

1849 927 1989 985 illius
2025 929 2271 987 actiones
2313 930 2579 1003 deinceps
2610 930 2902 989 faciamus.

162 1026 270 1083 της-

225 1122 244 1155 ι
286 1100 647 1174 Ἀποθώμεθα
676 1098 865 1187 οὖν,ςτᾲ
898 1101 1038 1174 ἔργα
1066 1101 1165 1157 τοῦ
1206 1105 1456 1173 σκότους,
1500 1105 1598 1161 καὶ
1643 1105 1732 1161 ὲν-

156 1194 435 1267 δυσὼμεθα
459 1195 517 1250 δὲ
546 1192 619 1250 τὰ
646 1179 787 1259 ὅπλα
812 1179 907 1248 τοῦ
935 1194 1136 1266 φωτός.
1165 1214 1185 1250 ι

229 1287 659 1360 Ἀπαλλαγῶμεν
682 1286 792 1343 τῶν
818 1286 1116 1361 ὀνειράτων
1143 1287 1241 1343 τοῦ
1274 1289 1546 1362 παρόντος
1587 1289 1727 1363 βίου,

154 1384 333 1455 φησίν·
369 1382 525 1437 οὐδὲν
556 1381 666 1453 γὰρ
702 1379 813 1436 τῶν
852 1383 912 1437 ὲν
940 1382 1179 1457 ὀνείροις
1221 1384 1633 1457 φαντασμάτων
1659 1383 1729 1440 τὰ

152 1478 267 1549 τῇδε
298 1476 623 1546 διαφέρουσι
653 1476 983 1548 πράγματα.

221 1589 237 1621 ι
274 1572 354 1633 Ως
381 1572 441 1623 ἐν
470 1571 659 1642 ἡμέρᾳ
684 1569 1045 1641 εὐσχημόνως
1068 1564 1488 1642 περιπατῶμεν.
1516 1590 1537 1625 ι

214 1666 322 1717 υυκ
378 1659 523 1729 εἷπε,
562 1663 957 1732 περιπατεῖτε,
994 1659 1166 1729 ἀλλά,
1223 1663 1723 1735 περιπατήσωμεν

1906 1104 2011 1179 51
2056 1126 2075 1160 ι
2107 1107 2452 1180 Abjiciamus
2500 1124 2633 1182 ergo
2691 1124 2858 1183 Opera
2915 1112 3319 1180 tenebrarum,
3361 1117 3430 1171 'et

1835 1201 2142 1258 induamur
2166 1218 2329 1260 arma
2360 1204 2526 1261 lueis.
2558 1223 2579 1260 ι

1841 1355 1845 1360 λ
1903 1291 2247 1363 Eximamur,
2304 1295 2524 1369 inquit,
2585 1311 2615 1351 a
2662 1300 2954 1373 praesentis
2995 1300 3121 1357 vitae
3168 1302 3423 1357 somniis.

1832 1381 2011 1458 Hujus
2040 1386 2246 1459 quippe
2278 1388 2500 1461 negotia
2549 1403 2905 1461 nequaquam
2961 1393 3029 1448 ab
3080 1393 3150 1449 iis
3204 1408 3326 1466 quae
3370 1395 3427 1449 in

1833 1478 2067 1538 somniis
2093 1480 2436 1548 obveniant,
2473 1480 2819 1553 discrepant.
2910 1551 2913 1554 ν

1902 1572 2091 1632 Vens.
2118 1575 2209 1632 i5.
2241 1593 2261 1630 ι
2295 1575 2371 1633 Ut
2402 1574 2459 1631 in
2491 1575 2581 1633 die
2612 1576 2845 1635 honeste
2873 1578 3246 1637 ambulemus.
3278 1601 3297 1634 ι

1899 1664 2020 1723 Non
2053 1666 2233 1736 dixit,
2266 1669 2586 1737 ambulate,
2619 1670 2713 1726 sed
2747 1670 3075 1726 ambulemus
3100 1713 3113 1738 ,
3146 1680 3206 1726 ut
3237 1686 3425 1743 repre-

151 1759 279 1811 ῶστε
315 1754 609 1828 ἀνεπαχθῆ
661 1754 886 1826 ποιῆσαι
930 1756 1026 1810 καὶ
1078 1755 1292 1827 κούφην
1342 1756 1444 1829 τὴν
1495 1757 1721 1828 ἐπίπλη-

1849 1762 2159 1819 mensionem
2191 1762 2424 1819 minimc
2452 1778 2676 1836 gravem
2713 1772 2769 1820 et
2799 1765 3108 1823 molestiam
3145 1765 3363 1823 reddat.

151 1851 244 1917 ξιν.

215 1963 232 1994 ι
262 1943 352 2015 Μὴ
387 1944 604 2013 κώμοις
671 1944 767 1998 καὶ
808 1942 1018 2016 μέθαις,
1056 1944 1132 2015 μη
1185 1943 1395 2009 κοίταις
1433 1944 1529 1998 καὶ
1562 1943 1726 1998 ἀσελ-

150 2051 329 2105 γειαις.
369 2055 390 2089 ι

211 2128 280 2182 ῡὺ
316 2130 379 2182 τὸ
415 2130 599 2182 πίνειν
646 2129 874 2193 κωλύει,
900 2127 1041 2184 ἀλλά
1084 2128 1146 2183 τδ
1176 2128 1470 2209 ἀμέτρως⁸
1510 2128 1633 2184 οὐδὲ
1668 2116 1728 2183 τὸ

148 2222 430 2276 ἀπολαύειν
458 2210 631 2287 οῐνου,
668 2221 812 2278 ἀλλά
842 2222 904 2277 τὸ
961 2223 1041 2295 μὴ
1068 2222 1211 2294 μετά
1242 2223 1563 2295 παροινίας,
1603 2222 1725 2283 οὐδὲ

147 2318 199 2371 τὸ
226 2318 524 2389 μίγνυσθαι
564 2316 813 2388 γυναιξὶν
846 2318 1084 2388 ἀναιρεῖ,
1121 2316 1261 2372 ἀλλά
1289 2317 1351 2372 τὸ
1379 2317 1688 2391 πορνεύειν.

214 2424 232 2461 ι
268 2410 361 2480 Μὴ
398 2408 540 2483 ἔριδι
580 2410 676 2463 καὶ
700 2407 851 2481 ζήλῳ
872 2424 887 2439 ν
920 2406 1039 2465 ἀλλ’
1068 2407 1363 2464 ἐνδύσασθε
1392 2400 1483 2461 τὸν
1519 2409 1727 2483 Κύριον

157 2503 354 2575 Ἰησοῦν
388 2502 656 2576 Χριστόν.
690 2522 708 2555 ι

206 2594 369 2650 Οὐδὲν
400 2596 517 2665 γὰρ
551 2593 696 2649 οὕτω
749 2594 1091 2665 φιλονεικίαν
1132 2596 1369 2653 ἀνάπτει
1417 2597 1513 2652 καὶ
1557 2594 1726 2669 ὀργὴν

145 2691 369 2756 ἰκκαίει,
400 2689 484 2753 ὡς
516 2688 659 2767 μέθη
690 2691 783 2744 καὶ
815 2691 1104 2763 παροινία.
1130 2692 1230 2748 Διὰ
1269 2690 1429 2746 τοῦτο
1458 2691 1726 2767 πρότερον

142 2782 323 2850 εἰπὼν,
361 2784 469 2853 Μὴ
518 2766 737 2853 κώμοις
788 2788 889 2837 καὶ
929 2786 1163 2854 μέθαις,
1214 2783 1302 2855 μὴ
1353 2766 1725 2852 κοίταιςνκαί

142 2879 505 2952 ἀσελγείαις,
538 2877 815 2949 ἐπήγαγε,
843 2876 930 2946 μὴ
962 2876 1113 2948 ἔριδι
1141 2878 1241 2932 καὶ
1264 2876 1441 2948 ζήλῳ.

208 3075 225 3110 ι
252 3057 357 3112 Καὶ
398 3055 509 3129 τῆς
541 3056 745 3130 σαρκὸς
780 3055 1043 3130 πρόνοιαν
1076 3059 1153 3132 μὴ
1202 3059 1447 3125 ποιεῖσθε
1478 3061 1559 3125 εἰς
1601 3061 1722 3116 ἑπι-

142 3149 351 3223 θυμίαν.
379 3174 399 3203 ο

204 3240 419 3316 Ὠσπερ
467 3244 581 3316 γὰρ
613 3240 675 3298 ού
705 3241 767 3298 τὸ
812 3242 995 3300 πίνειν
1024 3242 1322 3309 ἐκώλυσεν,
1355 3243 1494 3298 ἀλλά
1521 3244 1581 3298 τδ
1625 3262 1725 3317 με-

146 3332 301 3402 θύειν,
328 3336 514 3402 οὖτως
540 3337 664 3392 οὐδὲ
703 3335 768 3417 {rb
802 3341 1058 3413 προνοεῖν
1088 3341 1187 3410 τῆς
1226 3340 1452 3409 σαρκὸς,
1486 3340 1626 3393 ἁ).λά
1664 3338 1727 3393 τὸ

144 3431 220 3497 εις
239 3430 587 3506 ἐπιθυμίας,
606 3424 724 3486 οἷον
752 3431 817 3485 τδ
838 3432 938 3503 τὴν
968 3432 1161 3504 χρείαν
1190 3432 1541 3506 ὑπερόαἰνον.
1573 3432 1727 3487 Ἐπεὶ

144 3522 213 3577 ὅτι
241 3541 303 3594 τε
336 3526 598 3600 προνοεῖν
621 3524 790 3597 αὐτῆς
812 3522 1027 3579 κελεύει
1052 3524 1327 3599 Τιμοθέῳ,
1348 3526 1543 3603 ςρησίν·¹
1570 3526 1725 3582 Ὀλι-

146 3632 214 3685 γῳ
237 3616 381 3685 οῖνφ
404 3616 536 3689 χ,ρῶ
562 3617 658 3672 διὰ
685 3615 795 3687 tor
827 3617 1147 3687 στόμαχόν
1185 3632 1305 3675 σου
1339 3620 1443 3673 καὶ·
1474 3618 1579 3686 τὰς
1609 3634 1723 3675 πυ·

149 3705 280 3775 κνάς
306 3724 428 3775 σου
456 3707 807 3775 ἀσθενείας.
846 3707 1059 3763 Οὐκοῦν
1089 3709 1228 3782 πρὸς
1268 3709 1455 3781 ὑγείαν
1481 3711 1722 3783 προνόει,

147 3800 284 3872 φησὶ,
318 3801 395 3874 μὴ
444 3800 589 3873 πρὸς
614 3790 935 3871 ἀσέλγειαν.
963 3799 1099 3855 Οὐδὲ
1138 3800 1249 3875 γὰρ
1278 3803 1364 3874 εἴη
1400 3804 1557 3857 τοῦτο
1586 3805 1725 3877 πρό-

144 3909 246 3950 νοια
274 3895 491 3962 λοιπὸν,
520 3893 762 3967 ὁπηνίκα
798 3893 899 3968 τὴν
931 3894 1109 3966 φλόγα
1141 3886 1604 3972 ἀνάπτηςάύτῆς,
1629 3900 1725 3955 καὶ

144 3985 371 4061 χαλεπὴν
406 3986 512 4063 τὴν
534 3988 770 4059 κάμινον
799 3990 984 4063 ποιῇς.

724 4202 980 4271 ΚΕΦΔΔ.
1029 4216 1132 4271 IA'.

214 4346 231 4381 ι
252 4328 355 4395 Τὸν
386 4329 467 4393 δὲ⁵
492 4328 828 4385 ἀσθενοῦντα
874 4334 941 4403 τῇ
976 4330 1162 4405 πίστει
1201 4332 1717 4406 προσλαμδάνεσθε,

146 4420 212 4495 μὴ
253 4426 332 4489 εἰς
378 4421 688 4493 διακρίσεις
737 4424 1132 4500 διαλογισμῶν.
1171 4429 1269 4493 ’ος
1319 4428 1419 4499 μὲν
1470 4428 1718 4483 πιστεύει

145 4521 322 4587 φαγεῖν
351 4520 536 4575 πάντα
558 4535 573 4551 ·
602 4521 632 4575 ὁ
659 4520 717 4574 δὲ
746 4520 993 4577 ἀσθενῶν
1023 4522 1234 4596 λάχανα
1259 4523 1451 4579 ἐσθίει.
1484 4544 1503 4577 ι

206 4707 394 4763 Πολλοὶ
447 4709 558 4764 τῶν
609 4708 671 4777 ἐξ
708 4711 982 4767 Ἰουδαίων
1013 4716 1486 4779 πεπιστευκότων,
1537 4721 1613 4769 ἐτι
1652 4721 1719 4789 τῇ

145 4796 229 4851 τοῦ
258 4800 426 4874 νόμου
458 4794 820 4875 κατεχόμενοι
870 4806 1178 4879 συνειδήσει
1214 4809 1351 4880 μετά
1381 4809 1477 4880 τὴν
1512 4810 1715 4887 πίστιν,

146 4891 242 4945 τῶν
279 4894 589 4969 βρωμάτων
622 4898 925 4967 ἐφύλαττον
965 4901 1067 4976 τὴν
1109 4904 1521 4976 παρατήρησιν,
1565 4904 1719 4958 οὔπω

148 4983 467 5061 θαρροῦντες
497 4992 707 5049 τέλειον
736 4995 1049 5066 ἀποστῆναι
1076 4998 1169 5052 τοῦ
1204 4999 1392 5070 νόμου,
1424 4995 1547 5054 εἶτα
1573 5002 1716 5057 ὥστε

150 5079 237 5153 μὴ..
251 5084 506 5151 γενέσθαι
526 5086 841 5159 εύφὼρατοι
864 5089 976 5145 τῶν
1007 5092 1233 5164 χοιρίων
1257 5094 1590 5166 ἀπεχόμενοι
1621 5096 1719 5167 μό-

147 5186 247 5240 νον,
278 5177 496 5232 πάντων
530 5178 659 5251 ἑξῆς
690 5180 983 5251 ἀπείχοντο
1016 5183 1217 5253 κρεῶν,
1260 5186 1356 5239 καὶ
1386 5185 1575 5257 ἤσθιον
1617 5186 1715 5243 λά-

145 5279 292 5333 χανα,
318 5269 407 5324 ἴνα
432 5273 664 5343 νηστεία
694 5274 897 5344 μᾶλλον
926 5270 1067 5332 εἶναι
1094 5278 1248 5351 δοκῇ,
1280 5279 1417 5333 ἀλλὰ
1451 5279 1527 5351 μὴ
1551 5281 1717 5353 νόμου

149 5360 520 5431 παρατήρησις
536 5380 549 5394 ο
578 5363 765 5443 ἕτεροι
783 5366 841 5422 δὲ
866 5369 1031 5427 πάλιν
1052 5364 1194 5441 ἦσαν
1212 5368 1539 5443 τελειότεροι
1564 5372 1719 5427 οὐδὲν

148 5449 345 5505 τοιοῦτο
373 5457 845 5529 παρατηροῦντες,
868 5461 919 5515 οἳ
952 5462 1166 5528 τούτοις
1189 5467 1300 5528 τοῖς
1332 5466 1717 5539 παρατηροῦσι

150 5538 389 5615 φορτικοὶ
415 5555 508 5604 καὶ
536 5555 796 5625 ἐπαχθεῖς
832 5557 1096 5623 ἐγίνοντο,
1129 5560 1485 5627 ὁνειδιζοντες
1517 5538 1613 5621 καὶ
1637 5564 1717 5628 είς

214 5742 263 5780 ³⁸
291 5744 314 5801 ι
338 5740 480 5813 Tim.
510 5770 562 5817 γ,
593 5752 681 5812 i5.

1905 1958 1924 1993 ι
1955 1939 2075 1998 Non
2117 1942 2173 1999 in
2209 1945 2722 2003 comessationibus
2761 1955 2817 2003 et
2868 1948 3240 2007 ebrietatibus
3264 1991 3281 2018 ,
3312 1966 3426 2012 non

1830 2033 1885 2090 in
1921 2035 2211 2094 cubilibus
2244 2046 2301 2093 et
2332 2037 2722 2111 impudicitiis.
2756 2058 2776 2093 ι

1898 2124 2019 2183 Non
2057 2128 2316 2199 prohibet
2348 2127 2578 2197 bibere,
2612 2130 2709 2187 sed
2747 2130 2895 2186 ultra
2928 2130 3153 2188 modum
3182 2131 3417 2190 bibere:

1829 2231 1939 2273 non
1973 2219 2101 2275 vino
2135 2220 2250 2284 uti,
2286 2220 2384 2277 sed
2413 2220 2672 2278 ebrietati
2702 2222 3037 2297 indulgere:
3074 2240 3254 2297 neque
3283 2240 3421 2299 con-

1830 2314 2025 2369 cubitu
2058 2329 2182 2371 cum
2213 2316 2486 2372 uxoribus
2522 2316 2845 2387 interdicit,
2878 2319 2975 2376 sed
3009 2321 3369 2378 scortatione.

1906 2424 1926 2459 ι
1956 2405 2073 2463 Non
2111 2408 2164 2463 in
2195 2410 2553 2467 contentione
2580 2420 2635 2467 et
2667 2411 3022 2469 aemulatione
3048 2430 3063 2469 :
3094 2412 3289 2486 [Vens
3326 2414 3418 2489 ll]

1828 2498 1925 2555 sed
1963 2498 2259 2555 induimini
2294 2500 2586 2556 Dominum
2620 2499 2809 2559 Jesum
2840 2503 3154 2579 Christum.
3191 2524 3209 2558 ι

1896 2590 2045 2647 Nihil
2074 2592 2277 2666 quippe
2313 2595 2395 2650 sic
2424 2595 2580 2651 rixas
2612 2595 2819 2652 excitat
2856 2607 2911 2654 et
2946 2598 3085 2653 iram
3125 2599 3421 2668 accendit,

1816 2699 1893 2749 ac
1916 2684 2158 2742 ebrietas
2180 2694 2236 2741 et
2260 2684 2585 2743 vinolentia.
2609 2688 2984 2756 Quamobrem
3016 2706 3142 2747 cum
3176 2702 3306 2747 ante
3332 2694 3421 2749 di-

1828 2775 2009 2832 xerit:
2042 2774 2166 2831 Non
2195 2777 2251 2833 in
2279 2780 2751 2836 comessationibus
2771 2824 2787 2849 ,
2825 2798 2930 2840 non
2963 2783 3019 2837 in
3049 2784 3420 2839 contui-itione

1826 2878 1877 2929 et
1909 2870 2297 2941 impudicitiis,
2338 2870 2666 2944 subjunxit,
2719 2890 2824 2930 non
2871 2875 2927 2930 in
2981 2878 3317 2933 contentione
3369 2887 3419 2933 et

1828 2962 2194 3019 wmulatione.

1907 3072 1927 3106 ι
1958 3051 2025 3110 Ει
2060 3054 2250 3113 carnis
2281 3070 2468 3113 curam
2499 3072 2572 3115 ne
2602 3056 2856 3118 feceritis
2886 3060 2941 3116 in
2972 3060 3288 3119 desideriis.
3321 3080 3347 3118 ι

1902 3236 2382 3304 Quemadmodum
2436 3239 2585 3296 enim
2628 3239 2777 3297 baud
2832 3242 3007 3299 vetuit
3056 3242 3285 3313 bibere,
3321 3246 3420 3303 sed

1830 3329 2093 3387 inebriari
2124 3348 2138 3385 :
2175 3331 2257 3386 sic
2290 3346 2472 3399 neque
2504 3333 2692 3391 carnis
2728 3349 2921 3390 curam
2951 3335 3111 3407 jubet
3142 3336 3418 3408 abjicere,

1827 3421 1922 3476 sed
1955 3418 2171 3475 addidit
2214 3420 2271 3475 in
2311 3421 2631 3479 desideriis:
2663 3425 2847 3495 qualis
2881 3435 2967 3483 est
2998 3443 3125 3485 cum
3164 3444 3421 3487 necessa-

1828 3514 1946 3569 rius
1990 3526 2127 3569 usus
2174 3512 2481 3569 exeeditur.
2538 3513 2740 3571 Verum
2789 3518 3074 3576 enimvero
3125 3520 3419 3579 Timotheo

1828 3607 2081 3682 pracipit
2114 3624 2304 3665 curam
2335 3609 2483 3666 illius
2513 3627 2709 3682 gerere
2735 3632 2749 3668 :
2784 3612 3026 3680 Modico,
3055 3616 3270 3688 inquit,
3300 3620 3418 3675 vino

1828 3710 1979 3773 utere
2007 3712 2223 3771 propter
2256 3703 2590 3756 stomachum
2622 3711 2770 3758 tuum
2793 3744 2808 3771 ,
2843 3714 2893 3759 et
2948 3705 3246 3775 frequentes
3294 3719 3415 3762 tuas

1826 3794 2170 3865 inﬁrmitates
2209 3794 2277 3851 ³⁸.
2306 3792 2511 3850 Curam
2545 3795 2715 3867 igitur
2748 3798 3000 3868 corporis
3032 3799 3237 3856 habeas
3269 3800 3417 3855 sani-

1828 3875 1959 3946 tatis
1991 3904 2125 3960 ergo
2145 3930 2160 3957 ,
2194 3903 2307 3943 non
2337 3888 2715 3961 impudicitiae.
2747 3889 2934 3963 Neque
2960 3892 3105 3948 enim
3136 3894 3258 3965 ejus
3285 3908 3413 3949 cura

1826 3984 2217 4043 sollicitudove
2245 3983 2451 4053 fuerit,
2488 3985 2531 4041 si
2570 3984 2847 4042 flammam
2878 3986 2934 4042 in
2960 3988 3288 4045 ea'aeeedas
3310 4028 3325 4054 ,
3362 4001 3416 4048 et

1818 4079 2102 4136 caminum
2135 4092 2357 4148 gravem
2390 4088 2443 4134 et
2472 4076 2735 4135 infestum
2764 4079 3037 4138 instruas.

2435 4215 2591 4273 CAP.
2631 4214 2767 4274 XIV.

1898 4337 2064 4397 Vrsas.
2106 4340 2129 4393 1
2158 4377 2174 4404 ,
2202 4337 2258 4394 2.
2292 4356 2311 4391 ι
2341 4336 2621 4394 lnlirmum
2652 4342 2840 4390 autent
2869 4331 2925 4387 in
2958 4330 3067 4388 fide
3101 4332 3368 4395 assumite
3394 4372 3411 4400 ,

1752 4466 1799 4521 Β
1826 4445 1935 4485 non
1976 4432 2030 4485 in
2066 4427 2578 4501 disceptationibus
2621 4424 3053 4495 cogitationum.
3097 4423 3253 4480 Alius
3288 4426 3413 4492 qui-

1827 4524 1948 4580 dem
1987 4521 2161 4577 credit
2193 4521 2529 4577 manducare
2558 4519 2785 4576 omnia:
2816 4516 2910 4584 qui
2942 4524 3125 4572 autem
3159 4519 3414 4573 inhrmus

1824 4625 1909 4675 est
1930 4661 1944 4684 ,
1978 4605 2099 4672 olus
2129 4614 2443 4670 manducet.
2475 4634 2493 4666 ι

1896 4710 2052 4765 Multi
2080 4708 2392 4765 Judaeorum
2422 4707 2515 4780 qui
2541 4706 2929 4773 crediderant,
2957 4720 3081 4762 cum
3114 4706 3249 4777 legis
3278 4721 3412 4761 con-

1826 4805 2064 4862 scientia
2095 4803 2493 4859 distincrcntur
2518 4801 2699 4857 adhuc
2720 4845 2733 4870 ,
2766 4800 2992 4855 tametsi
3020 4798 3182 4855 tidem
3214 4814 3409 4857 susce-

1822 4906 2022 4970 perant
2056 4897 2227 4951 nihilo
2267 4896 2452 4951 secius
2486 4894 2735 4949 ciborum
2770 4892 3090 4964 religionem
3128 4904 3183 4948 et
3218 4893 3409 4949 obser-

1826 4993 2103 5050 vationem
2152 4988 2578 5054 custodiebant,
2633 4988 2729 5058 qui
2786 4986 3023 5042 necdum
3078 4985 3341 5041 auderent
3376 5001 3407 5040 a

1826 5091 1943 5161 lege
1973 5088 2195 5159 penitus
2228 5085 2563 5141 desciscere.
2597 5081 2804 5138 Deinde
2839 5097 2973 5137 vero
3003 5096 3071 5136 ne
3108 5080 3414 5150 deprehen-

1826 5184 2090 5240 derentur
2124 5178 2169 5235 si
2197 5178 2357 5236 suilla
2392 5177 2661 5232 duntaxat
2691 5190 2858 5231 carne
2887 5174 3265 5238 abstinerent,
3295 5186 3412 5226 om-

1819 5275 1983 5331 nibus
2032 5272 2258 5345 perinde
2306 5269 2414 5325 sibi
2466 5266 2908 5326 interdicebant.
2968 5264 3214 5319 oleribus
3273 5264 3406 5318 solis

1817 5368 2139 5425 victitantes
2160 5405 2176 5431 ,
2214 5378 2327 5435 quo
2352 5362 2609 5433 jejunare
2635 5360 2820 5431 potius
2857 5366 3203 5430 putarentur,
3242 5372 3405 5428 quant

1818 5459 2195 5521 observationi
2243 5458 2379 5529 legis
2425 5454 2629 5511 addicti
2684 5469 2827 5511 esse.
2872 5453 2976 5508 Alii
3018 5467 3239 5508 rursum
3280 5466 3409 5510 cum

1816 5555 2175 5631 perfectiores
2221 5564 2450 5621 essent,
2486 5549 2624 5607 nihil
2675 5548 2783 5608 tale
2838 5546 3109 5607 curabant
3161 5564 3174 5602 :
3224 5558 3415 5605 verum
