3904 6260
503 374 608 437 559

1686 366 1746 429 S.
1777 366 2096 430 JOANNIS
2131 366 2557 430 DAMASCENI
3621 360 3713 424 5ῧο

500 487 745 543 lulirmos
802 482 939 538 ferre
984 481 1214 548 debere,
1241 479 1365 536 illos
1395 478 1606 537 scilicet
1633 481 1726 552 qui
1762 496 1828 536 ex
1861 478 2065 536 Judaeis

2194 480 2469 537 ιουδαίων.
2521 476 2739 549 Ἐπειδὴ
2769 476 2878 549 γὰρ
2938 474 3143 548 σφᾶδρα
3171 471 3399 529 ἐκείνων
3423 469 3608 546 ἥψατο,
3637 473 3716 526 ἵνα

499 589 646 632 sunt.
683 574 816 631 Nam
855 575 983 644 quia
1028 574 1212 629 aerius
1251 587 1346 628 eos
1394 572 1818 644 perstrinxerat,
1867 586 1934 628 ne
1979 570 2063 624 id-

498 669 646 722 circo
707 665 937 720 nimium
992 663 1085 718 alii
1140 662 1518 729 efferrentur,
1569 659 1771 717 fastum
1817 663 2063 734 ipsorum

508 757 838 830 comprimit.
885 754 1087 810 Iudaeis
1108 754 1276 821 enim,
1313 752 1453 809 facta
1471 753 1720 824 patribus
1750 751 2065 825 promissio-

498 868 587 927 ne,
615 863 875 906 concessa
911 847 1050 904 dona
1069 847 1341 914 ostendit;
1376 845 1636 916 gentibus
1666 858 1796 900 vero
1821 841 1939 898 sola
1963 840 2065 898 mi-

497 942 798 1000 sericordia
826 950 884 997 et
911 939 1281 996 humanitate.
1328 938 1507 998 Porro
1551 937 1817 993 honorare
1871 933 2066 1000 Deum,

498 1037 638 1091 idem
677 1041 764 1090 est
799 1049 862 1090 ac
901 1030 1187 1104 conjungi,
1224 1030 1395 1096 uniri,
1444 1028 1777 1086 unanimiter
1823 1026 2065 1092 laudare,

501 1128 855 1184 infirmiorem
891 1126 1055 1190 ferre,
1096 1126 1328 1180 tractum
1377 1122 1686 1180 membrum
1735 1134 1848 1176 non
1891 1117 2069 1189 negli-

509 1236 655 1292 gere.
696 1219 966 1288 Quocirca
997 1217 1274 1289 complura
1305 1216 1458 1272 addit
1496 1213 1834 1279 testimonia,
1865 1211 2068 1286 quibus

503 1314 821 1384 comprobet
851 1318 1104 1382 oportere
1147 1309 1272 1365 illos
1297 1309 1392 1380 qui
1427 1323 1495 1363 ex
1536 1306 1742 1362 Iudaeis
1775 1313 1905 1360 sunt
1937 1318 2067 1359 cum

497 1402 793 1474 gentilibus
825 1401 1091 1473 copulari.
1122 1399 1334 1455 Cuncta
1380 1407 1563 1454 autem
1599 1393 1914 1452 testimonia
1950 1392 2070 1449 hac

498 1494 744 1561 adducit,
785 1502 843 1549 ut
881 1502 994 1550 tum
1041 1494 1194 1548 illum
1247 1491 1339 1563 qui
1387 1505 1452 1546 ex
1502 1485 1708 1544 Judwis
1748 1485 2065 1551 crediderit,

497 1596 813 1661 compescat
856 1602 925 1642 ne
972 1585 1276 1656 superbiat,
1310 1581 1530 1654 quando
1564 1579 1848 1653 propheta:
1876 1591 2069 1633 omnes

484 1675 719 1747 eosqui
773 1691 840 1732 ex
885 1674 1144 1746 gentibus
1182 1680 1312 1729 sunt
1359 1670 1662 1738 advocent;
1713 1680 1828 1724 tum
1883 1665 2068 1738 gentili

498 1767 730 1824 suadeat
768 1765 1015 1823 modeste
1057 1780 1241 1837 agere,
1271 1764 1571 1822 ostendens
1622 1761 1805 1833 ipsum
1863 1758 2066 1832 majori

497 1878 620 1919 esse
650 1860 824 1934 gratia
847 1859 1170 1931 obligatum.

570 1951 740 2009 Vens.
776 1952 861 2008 ιι.
903 1969 923 2004 ι
970 1951 1170 2007 Certus
1219 1963 1342 2005 sum
1393 1955 1578 2022 autem
1606 1987 1622 2013 ,
1680 1945 1881 2001 fratres
1932 1942 2062 2008 mei,

497 2057 552 2100 et
602 2060 704 2115 ego
768 2045 838 2100 de
888 2042 1065 2109 vobis,
1117 2042 1378 2114 quoniam
1436 2047 1493 2098 ct
1553 2038 1660 2111 ipsi
1732 2035 1876 2109 pleni
1930 2034 2065 2093 estis

499 2138 762 2194 bonitate.
806 2154 828 2190 ι

570 2229 625 2284 ω
657 2236 763 2289 est.
791 2242 891 2299 ego
914 2227 1032 2296 ipse
1061 2223 1158 2297 qui
1191 2221 1416 2293 increpo
1446 2229 1502 2278 et
1523 2235 1717 2292 arguo.
1749 2247 1820 2260 --
1845 2217 1926 2275 Ita
1973 2232 2066 2273 vo-

500 2329 586 2378 cat
613 2323 870 2377 virtutem
903 2317 1019 2375 suis
1046 2316 1292 2373 numeris
1321 2316 1620 2386 integrann.

572 2434 593 2467 ι
624 2414 831 2487 liepleti
855 2413 1002 2469 omni
1026 2409 1280 2476 scientia,
1305 2406 1382 2463 ita
1404 2415 1464 2463 ut
1487 2402 1717 2478 possitis
1740 2403 2066 2460 alterutrum

502 2522 745 2564 monere.
786 2523 806 2560 ι

561 2600 839 2666 Quoniam
892 2595 1063 2667 aliqui
1123 2600 1291 2660 sunt,
1333 2589 1583 2650 benevoli.
1638 2588 1899 2662 quidem,
1958 2602 2069 2659 quo

500 2701 657 2764 pacto
692 2699 874 2747 autem
911 2689 1114 2760 optima
1144 2702 1207 2743 re
1236 2685 1312 2742 sit
1336 2683 1602 2742 utendum
1630 2681 1966 2739 nescientes.

577 2779 738 2836 Vens.
786 2778 872 2848 l5,
929 2777 1021 2834 16.
1068 2795 1090 2829 ι
1125 2773 1405 2851 Audacius
1443 2785 1626 2829 autem
1657 2770 1856 2841 scripsi
1892 2769 2068 2835 vobis,

501 2875 741 2939 fratres,
792 2887 861 2927 ex
921 2875 1110 2944 parte,
1173 2878 1439 2940 tanquam
1485 2866 1540 2922 in
1599 2862 1925 2921 memoriam
1967 2875 2072 2919 vos

499 2967 771 3023 reducens
820 2973 1046 3036 propter
1088 2959 1345 3034 gratiam,
1389 2972 1512 3031 qua
1565 2956 1694 3013 data
1739 2962 1828 3012 est
1872 2954 2008 3011 mihi
2037 2969 2072 3011 ι

501 3059 633 3125 Deo,
681 3067 738 3112 ut
794 3057 896 3112 sim
945 3054 1198 3110 minister
1241 3051 1451 3108 Christi
1490 3047 1624 3105 Jesu
1678 3048 1735 3102 in
1792 3045 2072 3118 gentibus,

499 3161 689 3208 sancte
712 3149 1100 3206 administrans
1122 3143 1476 3215 Evangelium
1501 3140 1616 3195 Dei.
1657 3158 1678 3193 ο

569 3244 770 3300 lterum
791 3242 859 3299 de
882 3241 1052 3296 animi
1075 3237 1404 3295 demissione
1427 3234 1694 3306 loquitur.
1725 3230 1840 3289 Hoc
1865 3230 2068 3304 quippe

501 3338 611 3394 illis
647 3337 702 3392 in
738 3335 928 3407 primis
955 3330 1330 3389 necessarium
1360 3334 1502 3384 erat.

569 3429 680 3502 56
724 3445 742 3479 ι
774 3425 845 3482 Ut
875 3424 967 3480 ﬂat
1010 3422 1216 3478 oblatio
1256 3420 1503 3493 gentium
1537 3425 1785 3490 accepta,
1817 3412 2069 3471 sanctiﬁ-

501 3531 620 3578 cata
644 3523 700 3576 in
738 3519 948 3591 Spiritu
985 3524 1199 3573 sancto.
1234 3533 1253 3567 ι

561 3611 684 3669 lloc
715 3621 825 3676 est,
859 3618 920 3664 ut
957 3611 1151 3664 animae
1179 3621 1369 3664 eorum
1406 3619 1546 3677 quos
1571 3601 1788 3670 erudio,
1827 3608 2068 3670 acceptae

503 3709 634 3762 sint.
683 3703 803 3760 Non
853 3702 998 3758 enim
1051 3715 1300 3772 eousque
1349 3697 1496 3755 Deus
1545 3711 1630 3752 me
1681 3695 1956 3767 provexit,
2009 3701 2072 3747 ut

503 3801 828 3860 honoraret,
858 3803 1128 3867 quantum
1158 3800 1217 3846 ut
1251 3790 1417 3846 vestri
1457 3801 1649 3844 curam
1681 3794 1920 3858 gereret.
1952 3783 2069 3840 Cte-

501 3902 677 3947 ternm
726 3885 1002 3959 quomodo
1046 3883 1252 3940 oblatio
1303 3888 1534 3952 accepta
1601 3879 1673 3934 sit
1726 3879 1782 3933 in
1851 3876 2062 3947 Spiritu

500 3991 719 4046 sancto,
751 3980 859 4036 nisi
893 3977 1118 4048 quando
1148 3983 1344 4048 praeter
1382 3973 1540 4028 [idem
1589 3970 1900 4041 spiritualis
1926 3984 2067 4040 quo-

499 4091 606 4146 que
634 4075 761 4128 vitae
788 4071 1054 4127 rationem
1078 4066 1483 4141 persequimur,
1511 4063 1588 4118 uti
1617 4075 1944 4117 concessum
1967 4075 2071 4117 no-

504 4170 585 4224 bis
618 4165 884 4239 Spiritum
925 4171 1229 4218 teneamus.

568 4258 738 4314 νεεδ.
766 4257 853 4312 17.
892 4274 912 4308 ι
953 4253 1140 4309 Habeo
1167 4251 1332 4324 igitur
1354 4247 1584 4319 gloriam
1615 4247 1669 4302 in
1693 4245 1916 4301 Christo
1936 4243 2066 4300 Jesu

501 4354 567 4410 ad
593 4353 787 4408 Deum.
825 4367 846 4402 ο

570 4443 711 4512 Quia
760 4438 914 4494 valde
944 4434 1187 4507 seipsum
1217 4429 1463 4495 demisit,
1489 4440 1799 4484 sermonem
1838 4439 2061 4480 rursum

2166 574 2246 647 μὴ
2278 573 2500 636 τούτους
2525 572 2703 642 ἐπάρῃ
2764 569 2948 634 τοῦτο,
2998 567 3356 623 καταστέλλει
3403 564 3578 622 αὐτῶν
3627 564 3716 636 τὴν

2165 665 2447 722 ἀπόνοιαν.
2488 663 2752 727 Ἐκείνοις
2782 662 2881 735 μὲν
2911 659 3097 732 γάρὲξ
3130 657 3460 728 ἐπαγγελίας
3488 655 3719 726 πατέρων

2164 757 2403 813 δείκνυσι
2457 756 2709 827 διδόμενα
2764 753 2834 810 τὰ
2882 753 3095 824 ἀγαθά·
3141 753 3256 817 τοῖς
3296 752 3353 806 δὲ
3387 749 3449 815 ἐξ
3473 745 3636 804 ὶθνῶν
3666 747 3722 812 ἐξ

2167 849 2318 904 ὶλέου
2345 847 2442 902 καὶ
2471 845 2879 918 φιλανθρωπίας
2905 843 3093 916 μόνης.
3127 843 3199 897 Τὸ
3227 842 3306 908 δὲ,
3347 839 3610 905 δοξὰζὶιν
3628 839 3724 892 τὸν

2169 942 2339 1008 Θεὸν,
2368 940 2529 995 τοῦτὸ
2554 941 2692 1004 ἐστι,
2727 938 2789 993 τδ
2831 936 3125 1009 συνῆφθαι,
3149 932 3213 990 τὸ
3239 931 3502 1007 ἡνῶσθαι,
3531 931 3590 984 τὸ
3611 933 3724 1002 ὀμο-

2169 1033 2406 1105 θυμαδὸν
2437 1031 2732 1104 εὐφημεῖν,
2764 1030 2829 1083 τὸ
2859 1027 3155 1102 βαστάζειν
3183 1025 3275 1080 τὸν
3329 1022 3722 1097 ἀσθενέστερον,

2164 1128 2229 1182 τὸ
2258 1125 2333 1199 μὴ
2380 1125 2642 1197 περιορᾷω
2697 1118 3186 1196 ἀπορρηγνύμενον
3219 1119 3278 1172 τὸ
3310 1117 3492 1189 μέλος.
3528 1114 3616 1169 Διδ
3640 1113 3726 1168 καὶ

2171 1214 2480 1291 μαρτυρίας
2531 1211 2728 1281 ἐπάγει
2766 1210 2994 1275 πολλὰς,
3025 1209 3092 1263 δι’
3115 1201 3191 1264 ὧν
3245 1206 3516 1262 δείκνυσιν
3543 1204 3624 1259 ὃτι
3654 1203 3729 1255 δεῖ

2170 1306 2441 1381 συνῆφθαι
2501 1304 2629 1369 τοὺς
2662 1303 2722 1370 ἐξ
2757 1291 3035 1358 Ἰουδαίων
3066 1302 3178 1364 τοῖς
3207 1298 3268 1365 ἐξ
3304 1296 3492 1352 ἐθνῶν.
3524 1293 3728 1356 Ταύτας

2167 1401 2224 1456 δὲ
2253 1400 2431 1464 πάσας
2455 1396 2696 1468 παράγει
2725 1395 2825 1459 τὰς
2871 1392 3204 1466 μαρτυρίας,
3243 1387 3381 1463 ὁμοῦ
3430 1389 3528 1443 καὶ
3562 1387 3651 1441 τὸν
3676 1384 3730 1451 ἐξ

2179 1490 2448 1550 Ἰουδαίων
2473 1485 2874 1550 καταστέλλων,
2905 1484 2994 1540 ἵνα
3014 1483 3092 1556 μὴ
3129 1482 3438 1555 ιπαίρηται,
3467 1480 3576 1534 τῶν
3605 1494 3730 1549 προ⁴

2168 1584 2358 1659 φητῶν
2409 1583 2628 1638 πάντων
2671 1579 2982 1637 καλούντων
3024 1576 3244 1641 αὐτοὺς,
3292 1574 3421 1638 τοὺς
3468 1572 3530 1640 te
3569 1570 3732 1627 ἐθνῶν

2168 1695 2337 1752 φημι,
2361 1673 2565 1730 καὶτὸν
2595 1672 2656 1740 ἐξ
2688 1671 2858 1726 ὲθνῶν
2889 1670 3054 1743 πείσῃ
3082 1666 3412 1741 μετριάζειν,
3443 1662 3538 1717 τοῦ
3571 1662 3730 1728 δεῖξαι

2169 1766 2412 1833 πλείονος
2432 1762 2735 1820 ὑπεύθυνον
2765 1762 2896 1820 θντα
2924 1762 3172 1836 χάριτος.

2242 1967 2262 2002 ι
2297 1947 2607 2019 Πέπεισμαι
2634 1942 2713 2012 δὲ,
2753 1939 2974 2014 ἀδελφοί
3006 1955 3133 2013 μου,
3161 1937 3258 1994 καὶ
3285 1935 3449 2000 αὐτὸς
3474 1933 3584 2004 ἐγὼ
3610 1930 3731 2000 περὶ

2167 2040 2342 2115 ύμῶν,
2376 2039 2459 2094 ὅτι
2479 2039 2574 2093 καὶ
2595 2036 2750 2093 αὑτοὶ
2773 2033 2966 2110 μεστοί
2999 2033 3124 2088 ἐστε
3153 2027 3537 2101 ἀγαθωσύνης.
3575 2045 3595 2079 ι

2235 2215 2552 2282 Τουτέστιν,
2585 2214 2614 2268 ὀ
2647 2210 2919 2284 ἐπιτιμῶν
2957 2210 3056 2266 καὶ
3086 2206 3355 2279 ἐγκαλῶν.
3391 2233 3463 2247 —-
3483 2206 3596 2277 Τὴν
3619 2202 3733 2258 ΰλὸο

2167 2312 2269 2380 κλη
2279 2327 2370 2383 ρον
2398 2309 2607 2383 ἀρετὴν
2630 2305 2773 2362 οὕτω
2797 2303 2976 2360 καλεῖ.

2242 2423 2262 2457 ι
2298 2400 2732 2473 Πεπληρωμένοι
2765 2398 2946 2471 πάσης
2975 2393 3078 2466 τῆς
3121 2392 3376 2464 γνώσεως
3396 2432 3413 2459 ,
3451 2390 3733 2463 δυνάμενοι

2166 2496 2266 2551 καὶ
2295 2493 2561 2566 ἀλλήλους
2593 2491 2888 2546 νουθετεῖν.
2930 2506 2952 2541 ι

2255 2586 2470 2657 Ἐπειδὴ
2495 2584 2600 2637 εἰσί
2628 2599 2772 2646 τινες
2806 2579 3157 2652 φιλόστοργοι
3179 2574 3303 2650 μὶν,
3331 2575 3433 2630 οὐκ
3457 2572 3662 2636 ειδότες
3685 2571 3736 2627 δὲ

2170 2678 2247 2754 τῷ
2285 2677 2572 2753 πράγματι
2594 2673 2908 2748 χρήσασθαι
2931 2671 3103 2744 καλῷ.

2247 2792 2267 2827 ι
2308 2769 2734 2844 Τολμηρότερον
2779 2767 2838 2820 δὲ
2890 2764 3105 2838 ἔγραψα
3155 2762 3312 2836 ύμῖν,
3359 2757 3606 2829 ἀδελφοὶ,
3639 2754 3738 2810 ὰπὺ

2174 2864 2398 2940 μέρους,
2461 2862 2538 2928 ῶς
2593 2857 3103 2931 ἐπαναμιμνήσκων
3131 2854 3411 2940 ὑμᾶςδια
3450 2851 3551 2920 τὴν
3586 2851 3738 2923 χάριν

2293 2951 2542 3012 δοθεῖσάν
2568 2968 2662 3026 μοι
2696 2949 2806 3007 ἀπὸ
2856 2947 2952 3004 τοῦ
2985 2947 3122 3002 Θεοῦ
3155 2949 3236 3012 είς
3277 2937 3340 3002 τὸ
3368 2939 3508 2999 εἷναί
3537 2959 3606 3014 με
3636 2941 3739 2995 λει⁶

2171 3048 2403 3122 τουργδν
2429 3046 2668 3120 Χριστοῦ
2707 3041 2884 3116 Ἰησοῦ
2944 3041 3024 3106 είς
3053 3040 3123 3097 τὰ
3171 3039 3321 3111 ἔθνη,
3357 3033 3740 3110 ίερουργοῦντα

2172 3143 2233 3199 τδ
2259 3140 2594 3212 Εὐαγγέλιον
2623 3135 2718 3193 τοῦ
2740 3135 2896 3190 Θεοῦ.
2932 3153 2952 3191 ι

2242 3234 2412 3292 Πάλιν
2437 3231 2510 3287 τὰ
2533 3230 2632 3302 τῆς
2659 3227 3160 3303 ταπεινοφροσύνης
3184 3222 3349 3297 φησιν
3376 3238 3391 3256 ο
3425 3220 3620 3277 τούτου
3640 3219 3738 3290 γὰρ

2171 3325 2410 3398 μάλιστα
2439 3323 2549 3380 ἔδει
2573 3325 2781 3388 αὐτοῖς.

2245 3437 2267 3472 ι
2303 3419 2424 3473 Ἵνα
2447 3417 2671 3488 γένηται
2727 3413 2763 3486 ἠ
2816 3410 3104 3484 προσφορὰ
3139 3408 3248 3462 τῶν
3296 3405 3468 3462 ἐθνῶν
3512 3403 3740 3477 εύπρόσ-

2167 3513 2383 3578 ὃεκτος,
2413 3507 2728 3582 ἡγιασμένη
2756 3506 2814 3561 ιν
2852 3503 3135 3576 Πνεύματι
3159 3500 3318 3574 ἁγίῳ.
3350 3518 3372 3554 ο

2239 3603 2572 3669 Τουτὲστιν,
2634 3601 2691 3655 αἱ
2746 3599 2921 3673 ψυχαὶ
2992 3596 3102 3653 τῶν
3157 3593 3606 3666 διδασκομένων,
3661 3592 3741 3646 ἵνα

2168 3697 2454 3770 δεχθῶσιν.
2487 3695 2562 3750 Ob
2595 3695 2703 3766 γὰρ
2732 3694 2833 3765 ἐμὲ
2882 3689 3141 3746 τοσοῦτον
3177 3688 3360 3760 τιμῶν
3393 3688 3424 3744 ὀ
3478 3685 3636 3752 Θεὸς,
3669 3687 3740 3747 εἰς

2167 3790 2327 3848 τοῦτο
2349 3792 2578 3862 ἢγαγεν,
2608 3788 2733 3842 ὅσον
2767 3785 2922 3857 ὑμῶν
2953 3784 3270 3855 κηδόμενος.
3298 3780 3421 3845 Πῶς
3448 3780 3504 3834 δὲ
3535 3782 3740 3849 γένοιτο

2169 3883 2566 3953 εὐπρόσδεκτος
2600 3881 2659 3934 ὲν
2702 3877 2984 3950 Πνεύματι
3018 3874 3182 3948 ἁγίῳ,
3230 3871 3347 3928 ἀλλ’
3378 3871 3412 3944 ἢ
3453 3871 3587 3926 ὅταν
3614 3871 3737 3940 ἡμῖν

2168 3975 2307 4047 πρὸς
2342 3976 2409 4046 τῇ
2460 3971 2643 4028 πίστει
2696 3970 2796 4024 καὶ
2847 3965 3092 4021 πολιτεία
3152 3963 3524 4038 προσγένηται
3578 3979 3735 4016 πνευ-

2170 4069 2421 4139 ματικὴ,
2494 4063 2582 4119 ἵνα
2635 4061 2961 4133 κατέχωμεν
3028 4058 3091 4114 τὸ
3161 4056 3389 4129 Πνεῦμα
3475 4055 3540 4110 τὸ
3585 4052 3735 4112 δοθὲν

2253 4180 2338 4225 ιν;

2253 4180 2338 4225 ιν;

2168 4163 2264 4308 ᾑμ(
2299 4253 2448 4323 Ἕχω
2478 4245 2572 4307 οῦν
2596 4249 2864 4320 καύχησιν
2907 4246 2967 4302 ὲν
3002 4245 3223 4321 Χριστῷ
3262 4241 3440 4317 Ἰησοῦ
3478 4243 3618 4317 πρὸς
3650 4241 3736 4299 τὸν

2164 4346 2322 4402 Θεὸν.
2362 4364 2383 4399 ι

2255 4437 2472 4510 Ἐπειδὴ
2496 4436 2696 4509 σφόδρα
2726 4434 2918 4490 ἑαυτὸν
2946 4431 3334 4498 ἐταπείνωσεν,
3386 4429 3553 4484 πάλιν
3583 4427 3735 4482 ἐπαίρ-

502 4534 704 4591 attollit
740 4550 753 4587 :
788 4529 935 4602 quod
965 4528 1206 4600 ipsorum
1239 4538 1408 4579 causa
1441 4519 1594 4586 facit,
1629 4534 1695 4575 ne
1730 4517 2056 4589 contempti-

2194 4549 2256 4586 m
2294 4531 2384 4586 τὸν
2407 4528 2567 4599 λόγον
2587 4547 2603 4561 ο
2641 4528 2736 4583 καὶ
2791 4525 2948 4581 τοῦτο
2974 4525 3117 4598 ὑπὲρ
3143 4521 3368 4579 ἐκείνων
3385 4521 3574 4590 ποιῶν,
3599 4519 3737 4574 ὥστε

503 4629 628 4685 bilis
652 4640 775 4682 esse
803 4621 1079 4678 videatur.

573 4722 736 4778 Vens.
773 4718 856 4784 t8,
896 4717 984 4773 l9.
1026 4733 1045 4767 ι
1080 4711 1198 4769 Non
1243 4710 1389 4767 enim
1431 4707 1611 4766 audeo
1656 4704 1868 4777 aliquid
1913 4702 2068 4775 loqui

495 4831 711 4879 eorum,
749 4826 871 4883 quae
906 4824 1005 4880 per
1037 4821 1122 4861 me
1155 4820 1265 4860 non
1303 4801 1492 4859 effecit
1537 4799 1794 4856 Christus
1841 4796 1897 4853 in
1934 4796 2067 4852 obe-

503 4909 713 4966 dientia
772 4903 1019 4975 gentium
1079 4897 1246 4954 verbo
1293 4903 1350 4951 ct
1402 4890 1602 4960 factis;
1639 4889 1695 4945 in
1731 4889 1936 4944 virtute
1989 4887 2069 4943 si-

502 5016 736 5072 gnorum
801 5005 855 5053 et
921 4991 1345 5066 prodigiorum,
1415 4988 1470 5042 in
1551 4985 1755 5040 virtute
1828 4979 2070 5051 Spiritus

505 5096 621 5152 Dei.
689 5112 709 5146 ι

573 5187 761 5257 Neque
810 5180 957 5238 enim
1013 5178 1196 5234 dicere
1256 5174 1552 5246 quisquam
1616 5169 1810 5240 possit,
1869 5163 2068 5236 inquit,

506 5295 712 5337 meram
767 5273 1194 5332 ostentationem
1243 5284 1366 5324 esse
1415 5265 1580 5320 verba
1636 5276 1778 5317 mea.
1838 5258 2068 5315 Possum

506 5373 707 5431 etenim
739 5364 1105 5424 ordinationis
1137 5377 1272 5417 mea:
1306 5361 1463 5431 signa
1491 5364 1823 5412 monstrare.

669 5462 744 5516 lta
798 5468 858 5513 ut
914 5459 982 5512 ab
1033 5455 1338 5511 Jerusalem
1402 5463 1498 5519 per
1544 5446 1861 5510 circuitum,
1897 5457 2073 5514 usque

506 5560 572 5614 ad
629 5555 901 5628 Illyricum
993 5547 1319 5620 repleverim
1400 5541 1757 5613 Evangelium
1841 5536 2070 5597 Christi.

498 5651 698 5726 .lVEBs.
755 5645 871 5718 20].
928 5641 1167 5699 Ambitio
1219 5649 1404 5696 autem
1445 5651 1567 5691 mea
1603 5634 1702 5690 fuit
1739 5641 1800 5688 ut
1836 5647 2073 5704 evange-

509 5750 752 5804 lizarcm.
798 5761 818 5797 ι

579 5837 848 5893 Ριοςεηεει
874 5841 992 5887 tum
1042 5829 1316 5894 civitates,
1346 5836 1460 5882 tum
1499 5822 1772 5895 regiones,
1812 5835 1921 5875 non
1973 5834 2067 5875 cas

2175 4625 2250 4696 μὴ
2276 4622 2402 4694 δόξῃ
2425 4620 2908 4690 εὐκαταφρόνητος
2932 4616 3095 4672 εἶναι.

2245 4737 2263 4769 ι
2300 4719 2371 4771 Oti
2402 4716 2510 4789 γὰρ
2533 4716 2788 4787 τολμησιυ
2820 4732 2872 4769 τι
2915 4713 3099 4768 λαλεῖν
3136 4706 3212 4766 ὢν
3245 4711 3308 4766 ού
3341 4709 3738 4782 κατειργάσατο

2170 4811 2404 4884 Χριστὸς
2433 4809 2500 4863 δι’
2532 4807 2667 4880 ἐμοῦ
2692 4809 2766 4870 el;
2799 4806 3046 4876 ὑπακοὴν
3076 4804 3250 4859 ἐθνῶν
3269 4804 3414 4876 λόγῳ
3443 4805 3540 4859 καὶ
3571 4804 3735 4875 ἔργῳ,

2169 4908 2228 4961 ὲν
2254 4905 2482 4974 δυνάμει
2517 4901 2759 4974 σημείων
2789 4900 2883 4954 καὶ
2914 4897 3182 4969 τεράτων,
3215 4895 3273 4952 ιν
3295 4894 3532 4968 δυνάμει
3565 4894 3734 4950 Ilvati-

2173 5015 2343 5072 ματος
2377 4995 2532 5050 Θεοῦ.

2242 5175 2409 5230 Ούδὲν
2435 5174 2542 5246 γὰρ
2576 5173 2641 5227 ἂν
2669 5170 2781 5243 ἔχοι
2845 5189 2929 5236 τις
2961 5173 3159 5235 εἰπεῖν,
3199 5172 3388 5244 φησιν,
3423 5172 3506 5226 ὅτι
3530 5169 3735 5241 κόμπος

2174 5283 2279 5338 μου
2311 5267 2376 5320 τὰ
2405 5268 2649 5339 ῥήματα.
2685 5264 2798 5335 Τῆς
2824 5264 2933 5338 γὰρ
2987 5263 3323 5336 χειροτονίας
3371 5280 3473 5336 μου
3509 5261 3614 5334 εχω
3637 5261 3740 5314 δεῖ-

2173 5355 2259 5425 ξαι
2288 5358 2357 5413 τὰ
2385 5359 2684 5431 τεκμήρια.

2246 5469 2266 5504 ι
2300 5451 2461 5504 Ὥστε
2495 5467 2561 5522 με
2592 5450 2702 5507 ἀπὸ
2718 5447 3075 5521 Ἰερουσαλὴμ
3103 5448 3198 5503 καὶ
3225 5445 3413 5520 κύκλῳ
3447 5446 3606 5520 μέχρι
3640 5444 3730 5499 τοῦ

2182 5542 2479 5614 Ἰλλυρικοῦ
2539 5540 2964 5614 πεπληρωκέναι
3001 5542 3062 5594 τὸ
3120 5540 3453 5609 Εύαγγὲλιον
3476 5540 3569 5594 τοῦ
3602 5540 3706 5608 Χρι

2172 5635 2328 5692 στοῦ·
2362 5636 2535 5702 οὕτως
2579 5636 2639 5691 δὲ
2703 5633 3157 5707 φιλοτιμούμενον
3201 5632 3666 5704 εὐαγγελίζεσθαι.
3704 5647 3722 5679 ι

2255 5817 2504 5892 Ἀριθμεῖ
2529 5819 2620 5874 καὶ
2655 5815 2835 5882 πόλεις
2869 5818 2960 5871 καὶ
3001 5814 3206 5888 χώρας,
3239 5814 3299 5870 ού
3331 5814 3429 5880 τὰς
3468 5810 3568 5869 ὑπὸ
3599 5810 3724 5863 Ῥω-
