3874 6262
172 347 257 412 585
1257 344 1336 406 IN
1375 344 1613 407 EPIST.
1644 344 1745 406 AD
1775 342 2144 409 CORINTH.
2165 345 2217 406 Ι.

3192 408 3195 411 λ
3264 346 3397 406 5813³

165 472 272 529 νηνο
290 455 401 510 ὅταν
427 450 598 516 ούδεὶς
623 452 733 527 πρὸ
759 455 919 527 ἡμῶν
947 452 1117 527 ἔμαθε
1143 454 1253 509 τῶν
1281 455 1393 511 ἄνω
1414 455 1697 528 δυνάμεων

1822 462 1953 521 :rat,
1984 471 2114 511 cum
2157 454 2476 512 cmiestium
2520 454 2796 533 pvirtutum
2855 451 3008 507 nulla
3041 452 3363 525 mysterium

166 549 213 603 τὸ
224 548 505 620 μυστήριον.

221 659 240 693 ι
277 639 368 694 Ἦν
398 637 568 703 οὐδεὶς
610 638 725 694 τῶν
771 639 1048 712 ἀρχόντων
1089 637 1188 695 τοῦ
1242 640 1440 705 αἰῶνος
1493 640 1687 696 τούτου

162 734 378 805 ἔγνωκεν,
415 734 461 788 εί
483 732 595 805 γὰρ
629 732 897 803 εγνωσαν,
924 733 1026 790 οὐκ
1080 734 1147 789 ἂν
1186 734 1279 789 τὸν
1331 733 1537 806 Κύριον
1586 734 1690 806 τῆς

159 828 288 901 δόξης
308 826 668 898 ἐσταύρωσαν.
707 842 728 878 ι

214 920 419 977 Πιλᾶτον
443 919 537 974 καὶ
573 917 823 993 Ἡρώδην
844 917 979 991 φησι
998 934 1013 949 ·
1048 918 1178 991 περὶ
1205 917 1305 991 μὲν
1331 916 1443 991 γὰρ
1466 916 1562 972 τοῦ
1592 920 1693 973 Πι-

156 1014 291 1069 λάτου
315 1013 344 1085 ή
367 1011 549 1085 Γραφὴ
582 1012 752 1082 λέγει,
771 1012 855 1066 ὅτι
876 1011 979 1065 οὐκ
1000 1010 1137 1083 ᾔδει.
1165 1009 1328 1074 Εἰκὸς
1348 1010 1406 1065 δὲ
1441 1010 1576 1082 μηδὲ
1600 1010 1691 1065 τδν

165 1102 382 1177 Ἡρώδην
409 1104 642 1159 εἰδέναι·
666 1104 718 1160 εί
758 1102 818 1156 δὲ
867 1102 963 1157 καὶ
1000 1102 1130 1174 περὶ
1161 1101 1275 1157 τῶν
1310 1101 1581 1159 Ἰουδαίων
1608 1118 1691 1167 τις

157 1196 378 1269 εἰρῆσθαι
415 1196 581 1264 εἴποι,
623 1195 724 1251 οὐκ
768 1196 836 1251 ἀν
874 1194 1133 1267 ἁμάρτοι.
1173 1188 1453 1266 οὐδὲγὰρ
1494 1194 1693 1249 ἐκεῖνοι

154 1290 384 1360 ίγνωσαν.
446 1287 550 1342 Τδν
604 1288 842 1361 Χριστὸν
883 1287 1130 1359 ἔγνωσαν
1157 1286 1288 1360 γὰρ,
1330 1286 1467 1342 ἀλλά
1500 1286 1562 1341 οὐ
1591 1285 1692 1358 τὴν

158 1385 206 1438 ἐν
235 1382 368 1455 αὐτῷ
394 1381 469 1456 τῷ
499 1383 786 1457 πράγματι
832 1381 1181 1454 οἰκονομίαν·
1224 1378 1336 1437 οἷόν
1360 1398 1416 1435 τι
1436 1380 1690 1461 ὲδούλετο

150 1475 175 1527 6
207 1474 411 1539 θάνατος
469 1476 567 1528 καί
612 1476 642 1528 6
686 1473 949 1547 σταυρὸς,
1000 1475 1103 1529 οὐκ
1137 1474 1356 1548 ᾔδεσαν.
1402 1472 1503 1529 Διά
1538 1472 1694 1528 τοῦτο

152 1569 231 1623 οὐκ
256 1569 447 1638 ἔλεγεν,
479 1569 565 1623 ὅτι
600 1570 723 1623 Οὐκ
762 1567 1001 1623 οίδασιν
1015 1563 1144 1637 ἐμέο
1185 1566 1302 1622 ἀλλ’
1336 1567 1459 1621 οὐκ
1493 1565 1695 1621 οιδασι

150 1662 197 1716 τί
239 1661 499 1717 ποιοῦσι·
537 1661 787 1717 τουτέστι
818 1659 919 1733 τὴν
946 1658 1263 1731 οἰκονομίαν
1307 1659 1411 1732 τὴν
1436 1656 1697 1729 τελουμέο

150 1772 244 1828 νην,
286 1756 374 1811 καὶ
416 1756 476 1810 τὸ
527 1755 828 1829 μυστήριον
879 1752 1187 1825 ἀγνοοῦσιν.
1224 1752 1301 1808 Ού
1335 1754 1445 1825 γὰρ
1484 1752 1693 1815 οἴδασιν

147 1849 211 1902 ὃτι
234 1846 397 1914 οὕτως
422 1847 538 1919 ἔχει
554 1847 767 1919 λάμψαι
786 1849 815 1903 6
836 1846 1089 1918 σταυρὸς.
1114 1846 1211 1900 καὶ
1242 1846 1344 1916 τῆς
1365 1844 1691 1916 οἰκουμένης

148 1940 334 1995 ίσεσθαι
356 1941 619 2013 σωτηρία,
665 1938 861 2010 καὶτῷ
886 1938 1006 2011 Θεῷ
1029 1937 1170 2011 πρὸς
1204 1938 1334 2002 τοὺς
1367 1934 1691 2008 ἀνθρώπους

146 2032 443 2105 καταλλαγῇ.
476 2033 769 2104 Εὐκαίρως
812 2032 870 2086 δὲ
917 2034 1138 2101 Κύριον
1165 2030 1363 2099 ’δόξης
1408 2029 1691 2095 ἐκάλεσεν,

146 2121 301 2177 ἐπειδὴ
315 2123 343 2177 6
367 2122 603 2195 σταυρὸς
623 2121 841 2189 ἀδοξίας
868 2116 1013 2177 εἶναι
1035 2122 1198 2176 δοκεῖ.

204 2315 221 2349 ι
256 2296 409 2351 Ἀλλὰ
437 2295 626 2362 καθὼς
653 2297 970 2370 γέγραπται
988 2315 1001 2329 ·
1034 2297 1071 2353 ἃ
1101 2298 1381 2371 ὀφθαλμὸς
1406 2298 1507 2354 ούκ
1532 2294 1691 2368 εἶδεν,

143 2385 219 2439 καὶ
244 2381 330 2450 οὖς
362 2386 465 2441 ούκ
522 2386 777 2457 ἤκουσεν,
823 2386 918 2441 καὶ
980 2385 1078 2441 ἐπὶ
1129 2386 1354 2460 καρδίαν
1404 2385 1692 2460 ἀνθρώπου

143 2477 224 2530 οὐκ
254 2477 438 2552 ἀνέϐη,
467 2477 508 2534 ά
548 2478 847 2553 ἡτοίμασεν
894 2480 926 2534 6
960 2479 1096 2546 Θεδς
1122 2482 1235 2546 τοῖς
1276 2480 1563 2550 ἀγαπῶσιν
1590 2480 1694 2535 αύ-

142 2568 235 2624 τόν.
277 2587 297 2622 ε

197 2658 368 2714 Εἰπὼν
396 2659 530 2732 περὶ
576 2657 677 2715 τοῦ
725 2659 963 2737 σταυροῦ
1005 2662 1099 2719 καὶ
1128 2662 1225 2719 τοῦ
1265 2661 1697 2736 σταυρωθὰτος,

142 2750 385 2809 δείκνυσιν
425 2756 493 2811 ὲκ
541 2753 851 2828 μαρτυρίας
877 2751 968 2812 οἷα
997 2756 1355 2812 ἀποκείσεται
1379 2758 1495 2823 τοῖς
1531 2756 1699 2815 αὐτὸν

143 2847 400 2915 ἐγνωκόσι,
436 2848 539 2903 καὶ
592 2846 959 2919 δμολογήσασι
1012 2847 1239 2923 Κύριον.
1287 2848 1460 2927 Αὐτὸν
1500 2848 1564 2904 δι’
1599 2842 1701 2907 ζτδν

144 2938 320 3013 Κύριον
348 2942 449 3014 τῆς
480 2941 646 3013 δόξης
674 2943 844 3015 φημὶ,
874 2942 966 2997 τὸν
985 2942 1423 3016 ἐσταυρωμένον.

203 3138 222 3175 ι
258 3122 418 3196 Ἦμιν
443 3121 504 3179 δὲ
528 3122 559 3178 6
586 3121 721 3189 Θεδς
754 3120 1104 3196 ἀπεκάλυψεν
1133 3120 1223 3179 διὰ
1251 3120 1348 3177 τοῦ
1374 3122 1699 3197 Πνεύματος

147 3229 309 3271 αυτου.
343 3232 363 3269 ὓ

198 3304 264 3359 οὐ
284 3303 374 3361 διά
395 3304 499 3378 τῆς
522 3303 727 3371 ἔξωθεν
758 3304 979 3377 σοφίας
1010 3303 1128 3378 ἅμα
1169 3304 1227 3361 δὶ
1250 3305 1346 3361 καὶ
1373 3305 1437 3362 τὺ
1467 3304 1699 3379 μέγεθος

144 3396 350 3453 δείκνυσι
372 3399 478 3471 τῆς
511 3400 597 3465 είς
618 3400 769 3471 ἡμᾶς
791 3398 979 3470 τιμῆς,
1016 3398 1079 3453 τὸ
1116 3399 1209 3453 διὰ
1250 3396 1345 3453 τοῦ
1380 3398 1698 3469 Πνεῦματος

146 3489 281 3545 αὑτοῦ
321 3492 541 3564 μαθεῖν.
596 3492 660 3546 Ei
722 3491 800 3564 μὴ
845 3491 958 3563 γὰρ
996 3491 1060 3545 τὸ
1100 3490 1328 3563 Πνεῦμα
1364 3492 1425 3547 τὸ
1474 3490 1702 3547 ὲπιστά·

148 3598 280 3650 μενον
324 3584 399 3643 τά
446 3586 744 3661 ἀπόρρητα
782 3583 881 3640 τοῦ
915 3584 1052 3640 Θεοῦ
1092 3585 1470 3659 ἀπεκάλυψεν,
1496 3586 1600 3640 οὐκ
1632 3585 1700 3641 ἂν

149 3675 415 3750 ἒμάθομεν.
786 3678 789 3681 ’

200 3789 216 3821 ι
242 3772 313 3825 Τδ
337 3774 462 3845 γάρ
483 3769 711 3844 Πνεῦμα
745 3772 923 3826 πάντα
967 3773 1183 3843 ἐρευνᾷ,
1216 3761 1310 3827 καὶ
1338 3772 1403 3825 τὰ
1427 3771 1567 3844 βάθη
1603 3771 1698 3826 τοῦ

153 3859 277 3917 θεοῦ.
318 3881 339 3917 ι

196 3956 301 4011 Οὐκ
327 3957 581 4027 ἀγνοίας,
617 3955 731 4011 ἀλλ’
770 3936 1035 4028 ἀκριϐοῦς
1084 3955 1339 4024 γνώσεως
1370 3954 1607 4010 ἐνταῦθα
1638 3954 1703 4009 τὸ

145 4042 346 4119 ὲρευνᾷν
377 4045 749 4101 ἐνδεικτικόν·
807 4044 979 4116 ταύτῃ
1010 4043 1121 4117 γὰρ
1170 4047 1237 4115 τῇ
1283 4042 1425 4108 λέξει
1482 4045 1575 4099 καὶ
1608 4044 1703 4098 ἐπὶ

143 4134 217 4188 τοῦ
257 4137 474 4211 Πατρδς
522 4137 793 4209 κέχρηται
851 4136 1027 4206 λέγων
1050 4150 1065 4167 ⁸
1106 4137 1160 4191 Ὁ
1192 4135 1260 4191 δὲ
1301 4136 1565 4204 ἐρευνῶν
1593 4136 1702 4205 τὰς

142 4228 383 4298 καρδίας.

204 4343 222 4377 ι
253 4325 350 4390 Τίς
386 4323 502 4397 γὰρ
546 4317 689 4379 οἶδεν
738 4321 1044 4395 ἀνθρώπων
1070 4321 1138 4376 τὰ
1178 4321 1491 4395 ἀνθρώπου,
1527 4323 1575 4377 εί
1626 4323 1702 4395 μὴ

141 4412 192 4465 τὸ
217 4415 427 4487 πνεῦμα
450 4414 551 4468 τοῦ
588 4404 877 4486 ἀνθρώπου
913 4414 973 4467 τὸ
1008 4415 1066 4468 ὲν
1087 4413 1275 4485 αὒτῷ;
1304 4413 1479 4477 οὕτως
1505 4416 1601 4468 καὶ
1634 4415 1705 4470 τὰ

142 4505 219 4558 τοῦ
250 4507 383 4563 Θεοῦ
408 4508 591 4573 οὐδεὶς
623 4507 886 4577 ἔγνωκεν,
909 4509 959 4560 si
985 4508 1060 4578 μὴ
1083 4507 1145 4562 τὸ
1172 4507 1395 4579 Πνεῦμα
1422 4506 1518 4562 τοῦ
1540 4506 1700 4564 Θεοῦ.

151 4601 327 4672 Ἡμεῖς
357 4604 417 4660 δὲ
447 4604 514 4658 οὐ
542 4602 606 4657 τδ
638 4600 854 4674 πνεῦμα
886 4599 981 4654 τοῦ
1006 4601 1213 4672 κόσμου
1243 4600 1536 4672 ἐλάϐομεν,
1566 4600 1703 4655 ἀλλὰ

142 4698 193 4749 τὸ
215 4698 433 4769 Πνεῦμα
451 4698 519 4752 τὸ
542 4698 611 4753 ἐι
633 4695 726 4751 τοῦ
755 4694 915 4763 Θεοῦ,
946 4694 1035 4748 ἵνα
1072 4693 1304 4765 εἴδωμεν
1349 4694 1421 4748 τά
1460 4694 1567 4748 ὑπὸ
1608 4692 1703 4749 τοῦ

144 4788 264 4844 Θεοῦ
299 4790 635 4863 χαρισθέντα
666 4790 819 4861 ἡμῖν.

204 4885 349 4955 Τάχα
399 4884 536 4957 περὶ
580 4883 680 4953 τῆς
730 4881 826 4937 τοῦ
875 4882 1192 4954 Πνεύματος
1234 4881 1489 4950 γνώσεως
1533 4880 1707 4951 λέγει,

145 4974 342 5044 δεικνὺς
368 4982 452 5034 ὅτι
481 4978 657 5043 οὕτως
690 4974 859 5043 ἐξισοῖ
880 4987 902 5017 ο
932 4977 1065 5048 πρὸς
1088 4977 1186 5047 τὴν
1204 4964 1305 5029 ’τοῦ
1328 4976 1461 5029 Θεοῦ
1487 4975 1705 5045 γνῶσιν,

145 5069 211 5134 ὡς
238 5073 269 5142 ἠ
298 5072 593 5143 ἀνθρώπου
623 5070 825 5141 γνῶσις
864 5071 1001 5141 αὐτὴ
1038 5070 1177 5142 πρὸς
1204 5070 1427 5139 ἑαυτήν.

216 5184 235 5218 ι
269 5168 333 5220 ’Δ
361 5166 460 5220 καὶ⁵
484 5164 782 5236 λαλοῦμεν,
828 5164 930 5218 οὐκ
972 5165 1029 5217 ὲν
1071 5162 1339 5225 διδακτοῖς
1364 5160 1712 5233 ἀνθρωπίνης

150 5258 326 5327 σοφίας
346 5259 550 5329 λόγοις,
571 5257 685 5313 ἀλλ’
708 5258 767 5312 ιν
792 5256 1119 5319 διδακτικοῖς
1140 5254 1473 5324 Πνεύματος.
1510 5273 1529 5305 ι

214 5437 488 5495 Δείκνυσιν
522 5440 605 5495 ὅτι
632 5437 811 5494 πάντα
836 5437 1043 5491 ἐκεῖθεν
1068 5437 1389 5508 ἐμάνθανεν.

1792 549 1849 606 id
1880 559 2006 606 ante
2035 564 2136 618 nos
2168 547 2482 605 didicisset.

1866 638 2033 697 Vsus.
2066 638 2121 695 8.
2162 660 2179 693 ι
2208 640 2383 709 Quam
2418 654 2581 696 nemo
2622 637 2937 711 principum
2982 636 3147 708 hujus
3178 635 3364 691 saeculi

1792 733 2081 806 cognovit;
2126 733 2173 788 si
2195 733 2342 788 enim
2384 730 2802 803 cognovissent,
2848 744 3130 801 nunquam
3179 727 3367 783 Domiv

1793 837 1923 879 num
1958 822 2150 895 gloriae
2179 822 2609 878 cruciﬁxisseut.
2649 839 2668 872 ›

1864 916 2105 973 Pilatum
2136 924 2191 973 et
2216 914 2486 972 Herodem
2520 913 2739 972 annuit.
2779 912 2856 970 De
2889 912 3064 970 Pilato
3092 912 3365 984 siquidem

1790 1008 2083 1081 Scriptura
2128 1008 2285 1075 dicit,
2334 1008 2482 1081 quod
2539 1024 2651 1064 non
2684 1008 2919 1063 noverit.
2951 1004 3065 1064 Sed
3099 1017 3151 1063 et
3184 1008 3367 1064 credi-

1792 1103 1901 1158 bile
1930 1090 2029 1157 est'
2070 1119 2253 1175 neque
2298 1102 2572 1159 Herodem
2624 1101 2868 1157 novisse.
2926 1101 3025 1156 Sin
3073 1116 3207 1157 vero
3236 1102 3365 1172 quis

1792 1201 2008 1250 asserat
2057 1193 2126 1251 de
2170 1193 2371 1251 Iudaeis
2425 1195 2531 1250 hoc
2584 1194 2961 1265 pronuntiari,
3021 1193 3167 1248 haud
3231 1208 3366 1251 sane

1791 1286 2159 1344 aberraverit.
2198 1286 2333 1342 Nam
2366 1302 2544 1358 neque
2570 1286 2649 1340 illi
2678 1294 3090 1356 cognoverunt:
3117 1287 3210 1356 qui
3240 1288 3365 1357 qui-

1790 1378 1914 1434 dem
1972 1380 2201 1435 tametsi
2247 1379 2530 1436 Christum
2595 1387 3015 1450 cogitaverunt,
3080 1392 3363 1451 peractam

1791 1480 1977 1526 tamen
2038 1471 2513 1543 dispensationem
2558 1472 2844 1538 nescicre;
2902 1483 3031 1544 puta
3068 1473 3199 1543 quid
3258 1474 3365 1528 sibi

1792 1562 1993 1620 vellent
2020 1580 2167 1620 mors
2226 1572 2282 1619 et
2310 1578 2447 1620 crux
2482 1564 2647 1620 illius.
2678 1563 2837 1623 Unde
2866 1579 2973 1619 non
3009 1565 3189 1619 aiebat
3226 1584 3239 1619 :
3282 1565 3368 1619 Me

1793 1672 1898 1710 non
1960 1665 2215 1712 nouerunt
2265 1657 2342 1724 “;
2375 1657 2508 1715 sed:
2547 1654 2804 1712 Nesciunt
2859 1659 2984 1729 quid
3011 1657 3221 1727 faciunt
3276 1658 3365 1711 "z

1798 1743 1906 1800 hoc
1960 1752 2069 1814 est,
2098 1747 2359 1817 ignorant
2416 1762 2647 1819 prorsus
2713 1747 3188 1817 dispensationem
3245 1763 3370 1818 quae

1721 1828 2237 1904 Bconsummatur,
2301 1846 2593 1911 totumque
2644 1839 2992 1912 mysterium.
3053 1839 3171 1895 Non
3219 1841 3369 1896 enim

1800 1930 1991 1987 sciunt
2024 1929 2140 1989 fore
2170 1939 2232 1987 ut
2258 1948 2395 1988 crux
2428 1932 2502 1987 ita
2536 1930 2764 2005 fulgeat,
2801 1940 2863 1986 ut
2895 1947 2991 2002 per
3021 1947 3140 1987 eam
3178 1933 3369 1990 mundi

1800 2022 1955 2081 salus
2004 2034 2277 2096 patretur,
2329 2040 2395 2082 ac
2446 2025 2703 2082 homines
2750 2023 3178 2080 reconcilientur
3236 2021 3367 2083 Deo.

1800 2117 2069 2190 Apprime
2105 2134 2237 2176 vero
2267 2118 2555 2175 Dominum
2587 2118 2774 2190 gloria
2816 2118 3183 2188 nuncupavit,
3239 2120 3370 2189 quia

1802 2224 1937 2266 crus
1968 2210 2285 2283 ignominia:
2312 2213 2533 2284 signum
2567 2210 2921 2267 censebatur.

1874 2299 2043 2361 Vsus.
2072 2303 2131 2359 9.
2170 2320 2192 2357 ι
2225 2302 2329 2361 Sed
2357 2304 2504 2362 sicut
2527 2304 2795 2377 scriptum
2833 2312 2916 2360 est
2943 2321 2958 2359 :
2984 2303 3142 2372 Quod
3173 2306 3373 2363 oculus

1802 2408 1914 2452 non
1953 2394 2117 2462 vidit,
2156 2411 2258 2452 nec
2286 2397 2440 2453 auris
2470 2396 2698 2463 audivit,
2750 2412 2855 2453 nec
2905 2397 2961 2453 in
3002 2411 3100 2452 cor
3128 2399 3372 2457 hominis

1801 2487 2077 2553 ascendit,
2113 2502 2238 2559 quae
2283 2487 2613 2559 prmparavit
2671 2485 2818 2546 Deus
2872 2489 2940 2545 iis
2998 2489 3091 2561 qui
3136 2489 3373 2563 diligunt

1802 2576 1981 2633 illum.
2010 2597 2030 2631 ι

1871 2669 2171 2745 Postquam
2214 2673 2436 2731 locutus
2474 2674 2658 2751 estde
2687 2675 2854 2733 cr’uce
2883 2687 2939 2733 et
2973 2679 3042 2737 de
3080 2681 3370 2749 cruciﬁxo,

1802 2764 2131 2821 testimonio
2176 2766 2453 2834 ostendit,
2506 2778 2715 2839 quanta
2746 2772 2985 2840 reposita
3022 2776 3134 2829 sint
3173 2774 3245 2831 iis
3278 2777 3374 2846 qui

1802 2853 2090 2912 Christum
2125 2866 2422 2924 noverunt,
2474 2859 2732 2931 huncqne
2761 2859 3053 2919 Dominum
3086 2880 3212 2922 esse
3246 2883 3374 2938 pru-

1803 2948 2052 3007 iltentur.
2104 2948 2265 3007 Hunc
2311 2960 2491 3009 autem
2526 2952 2654 3009 dico
2698 2954 2990 3013 Dominum
3025 2959 3234 3032 glorias,
3277 2963 3375 3034 qui

1803 3039 2037 3099 sufﬁxus
2073 3049 2159 3099 est
2187 3043 2365 3097 cruci.

1874 3131 2044 3189 Vsus.
2102 3132 2190 3189 £0.
2225 3152 2244 3185 ε
2297 3131 2474 3190 Nobis
2525 3144 2709 3192 autem
2762 3139 3029 3196 revelavit
3090 3138 3233 3198 i‘.us
3278 3157 3377 3212 per

1804 3225 2072 3298 Spiritum
2104 3241 2285 3282 suum.
2313 3245 2332 3279 ι

1874 3316 1994 3373 Non
2034 3333 2131 3390 per
2165 3317 2496 3389 sapientiam
2537 3323 2909 3394 peregrinam;
2953 3324 3227 3383 Caeterum
3260 3344 3370 3386 una

1807 3410 1989 3482 palam
2027 3410 2256 3466 exhibet
2314 3411 2545 3468 honoris
2596 3402 3058 3484 magnitudinem,
3093 3430 3374 3491 quatenus

1806 3502 2073 3556 nimirum
2105 3515 2137 3556 a
2177 3500 2390 3571 Spiritu
2421 3502 2602 3557 edocti
2638 3516 2853 3561 sumus.
2903 3504 3020 3563 Nisi
3054 3511 3200 3566 enim
3243 3512 3377 3582 Spi.

1806 3596 1945 3650 ritus
2002 3594 2091 3650 cui
2142 3602 2429 3665 perspecta
2485 3603 2611 3649 sunt
2648 3609 2849 3652 arcana
2892 3598 3013 3666 Dei,
3053 3604 3374 3668 revelasset,

1805 3699 2090 3755 nunquam
2125 3685 2529 3741 didicissemus.

1876 3777 1991 3849 σε
2052 3795 2071 3828 ε
2112 3774 2350 3848 Spiritus
2403 3776 2549 3831 enim
2598 3779 2786 3835 omnia
2845 3790 3150 3849 scrutatur,
3210 3785 3374 3841 etiam

1806 3870 2083 3942 profunda
2106 3870 2221 3926 Dei.
2243 3859 2280 3926 ὀ

1877 3970 1997 4027 Hoc
2026 3971 2082 4025 in
2116 3970 2254 4034 loco,
2301 3974 2572 4036 scrutari,
2622 3987 2731 4028 non
2773 3971 3377 4043 ignorantimn-innuit,

1813 4063 1911 4119 sed
1946 4070 2261 4120 accuratam
2310 4067 2683 4137 cognitionem
2728 4065 2955 4121 indicat.
3012 4064 3146 4121 Nam
3183 4075 3237 4123 et
3271 4068 3377 4122 ista

1812 4169 1943 4211 voce
1981 4154 2156 4210 utitur
2187 4154 2468 4227 loquendo
2509 4157 2578 4212 de
2615 4155 2779 4213 Patre
2814 4178 2826 4213 :
2866 4156 2990 4229 Ipse
3024 4167 3199 4213 autem
3223 4175 3379 4214 scru-

1810 4253 1961 4300 tatur
1993 4243 2158 4300 corda
2183 4245 2252 4300 ⁸⁸⁸.

1882 4336 2046 4393 Vsus.
2076 4338 2164 4399 Η.
2200 4338 2289 4393 12.
2352 4358 2372 4391 ε
2422 4338 2559 4405 Quis
2614 4341 2763 4396 enim
2798 4340 3084 4397 hominum
3123 4342 3229 4399 scit
3256 4359 3381 4413 qua:

1810 4437 1943 4486 sunt
1976 4428 2239 4494 hominis,
2282 4430 2394 4485 nisi
2447 4430 2675 4500 spiritus
2723 4430 2986 4497 hominis,
3034 4431 3129 4504 qui
3168 4432 3222 4486 in
3260 4435 3381 4503 ipso

1808 4519 1948 4576 est?
2000 4520 2073 4573 ita
2105 4532 2160 4573 et
2215 4534 2337 4589 quae
2372 4519 2464 4575 Dei
2504 4529 2657 4585 sunt,
2716 4535 2879 4575 nemo
2932 4521 3208 4593 cognovit,
3270 4524 3380 4578 nisi

1813 4611 2054 4683 Spiritus
2084 4610 2203 4667 Dei.
2224 4610 2337 4669 Nos
2361 4620 2545 4668 autem
2575 4628 2685 4681 non
2714 4614 2969 4683 spiritum
2999 4615 3162 4685 hujus
3191 4617 3385 4672 mundi
3433 4664 3439 4671 .

1810 4704 2156 4775 accepimus,
2187 4704 2283 4761 sed
2320 4706 2583 4777 Spiritum
2614 4708 2709 4777 qui
2745 4723 2809 4762 ex
2848 4708 2957 4762 Deo
2980 4720 3103 4766 est:
3142 4718 3201 4765 ut
3228 4713 3380 4767 scia-

1812 4811 1938 4852 mus
1967 4811 2087 4867 quae
2116 4812 2148 4851 a
2188 4795 2298 4853 Deo
2328 4796 2530 4853 donata
2562 4809 2692 4854 sunt
2720 4800 2897 4855 nobis.
2930 4820 2949 4852 ι

1886 4887 2159 4958 Loquitur
2196 4889 2266 4946 de
2301 4887 2547 4961 Spiritus
2585 4893 2842 4955 scientia,
2884 4894 3230 4952 ostendendo
3259 4911 3378 4951 eam

1812 4999 2105 5057 exaequare
2145 4986 2434 5041 scientiam
2489 4986 2612 5053 Dei,
2666 4988 2810 5043 sicut
2860 4990 3093 5045 scientia
3140 4989 3379 5046 hominis

1816 5078 2094 5133 hominem
2126 5078 2304 5148 ipsum
2336 5088 2608 5150 exatquat.

1887 5166 2055 5225 Vens.
2115 5170 2202 5224 15.
2256 5190 2274 5221 ε
2313 5171 2445 5237 Qum.
2485 5181 2539 5227 et
2568 5173 2870 5243 loquimur,
2922 5190 3034 5229 non
3087 5174 3143 5229 in
3199 5175 3381 5231 doctis

1815 5261 2071 5317 humanae
2120 5261 2410 5332 sapientiae
2464 5262 2670 5327 verbis,
2733 5262 2827 5319 sed
2864 5264 2918 5319 in
2966 5263 3218 5319 doctrina
3260 5262 3379 5334 Spi-

1818 5351 1980 5406 ritus.
2017 5370 2035 5402 ι

1886 5442 2141 5499 Ostendit
2170 5460 2229 5500 se
2259 5444 2459 5500 exinde
2486 5445 2671 5500 omnia
2711 5444 3003 5504 didicisse.

219 5620 261 5653 “
286 5620 439 5675 Joan.
468 5634 587 5685 ιη,
612 5618 667 5675 3.
741 5617 789 5651 “
817 5617 949 5675 Luc.
992 5634 1147 5685 uin,
1179 5617 1267 5673 54.
1340 5615 1385 5646 ⁸⁸
1422 5613 1579 5669 Rom.
1614 5630 1736 5682 vm,
1770 5616 1863 5671 ει.

1438 5730 1667 5788 VARIE
1700 5731 2098 5792 LECTIONES.

225 5838 248 5869 ε
270 5829 713 5903 Chrysostomus,
739 5826 1003 5896 ἐξισάζει.

432 5925 704 5986 ΡΑτιιοῐ..
748 5925 863 5986 Gn.
910 5922 1086 5985 XCV.

2956 5919 3027 5980 19
