3904 6260
623 389 720 458 591

1804 385 1866 446 S.
1897 383 2219 448 JOANNIS
2257 384 2686 449 DAMASCENI
3732 394 3816 462 592

615 518 834 562 onmem
884 501 1244 574 asperitatem
1317 497 1558 563 auferat,
1607 509 1746 554 neve
1799 505 2184 562 succenseam,

2295 495 2467 569 δνομα
2499 497 2733 569 τίθησιν.
2758 497 3061 574 περιαιρῶν
3089 499 3268 557 πᾶσαν
3290 501 3613 576 τραχύτητα,
3641 505 3724 561 καὶ
3738 509 3820 563 οὐκ

615 611 774 654 ευυιη
817 598 933 667 ipse
964 609 1163 650 nomen
1197 592 1374 665 ponit.
1409 590 1546 647 Nam
1581 591 1628 647 si
1663 589 1872 646 Paulus
1897 589 2037 644 nihil
2071 595 2180 654 est,

615 705 793 760 neque
825 686 1166 761 indignatur,
1199 685 1371 742 multo
1395 682 1582 742 minus
1617 690 1836 758 oportet
1866 696 1964 738 eos
1989 679 2042 737 id
2069 695 2184 736 mo-

616 779 749 834 leste
785 777 949 833 ferre.

689 870 850 928 Vens.
885 871 938 925 5.
967 889 988 922 ι
1012 869 1248 925 tliuistri
1281 883 1377 940 per
1407 882 1550 940 quos
1583 865 1921 924 credidistis.
1957 886 1978 918 ι

682 965 741 1022 Si
777 977 908 1036 ergo
956 963 1186 1018 alterius
1233 959 1473 1016 ministri
1523 959 1681 1024 estis,
1714 959 1916 1030 inquit,
1948 973 2049 1014 cur
2079 955 2184 1026 ipsi

588 1058 772 1114 'vobis
819 1057 1138 1127 dignitatem
1180 1052 1498 1118 vindicatis,
1535 1061 1596 1107 ut
1625 1060 1814 1107 vestro
1863 1051 1932 1108 de
1961 1051 2186 1108 nomine

612 1146 916 1218 discipulos
942 1144 1307 1216 nuncupetis?

685 1257 707 1294 ι
740 1239 808 1295 Ει
841 1240 1142 1310 unicuique
1168 1237 1316 1294 sicut
1349 1235 1618 1292 Dominus
1646 1233 1816 1290 dedit.
1862 1254 1882 1288 ι

681 1330 949 1405 Exiguum
983 1329 1150 1399 istud,
1207 1330 1404 1400 inquit,
1452 1327 1883 1399 haudquaquam
1939 1343 1970 1381 a
2026 1325 2186 1383 nobis

614 1425 748 1495 ipsis
809 1423 1101 1486 habemus,
1145 1419 1241 1477 sed
1271 1435 1302 1476 a
1338 1419 1450 1474 Deo
1483 1417 1577 1492 qui
1625 1431 1830 1474 munus
1861 1413 2126 1486 iniunxit.

685 1513 933 1573 Vens.6.
984 1531 1003 1566 ι
1055 1511 1167 1584 Ego
1208 1510 1475 1579 plantavi,
1520 1507 1715 1578 Apollo
1753 1507 1981 1579 rigavit;
2037 1503 2185 1562 Deus

613 1619 793 1665 autem
828 1609 1225 1663 incrementum
1261 1603 1433 1658 dedit.
1465 1621 1482 1653 ι

685 1699 801 1757 [loc
831 1706 942 1764 est,
976 1711 1078 1768 ego
1106 1696 1318 1768 primus
1370 1694 1600 1750 verbum
1651 1693 1918 1749 seminari
1945 1711 1960 1748 :
1992 1691 2185 1762 Apollo

614 1805 791 1848 autem
823 1804 1041 1861 operam
1097 1803 1250 1843 suam
1296 1787 1501 1857 posuit,
1548 1800 1616 1841 ne
1661 1783 2057 1840 tentationibus
2101 1797 2188 1839 se.

642 1887 786 1942 mina
821 1891 1154 1940 arescerent.
1193 1879 1392 1934 Totum
1415 1887 1595 1933 autem
1628 1876 1722 1932 Dei
1756 1893 1894 1947 opus
1926 1875 2045 1930 fuit.

688 2058 854 2115 Vens.
882 2058 936 2112 7.
975 2077 994 2111 ι
1028 2059 1214 2128 Itaque
1245 2070 1424 2126 neque
1457 2056 1549 2126 qui
1593 2055 1804 2126 plantat
1842 2065 1927 2111 est
1951 2055 2182 2124 aliquid,

615 2169 794 2224 neque
821 2151 914 2224 qui
943 2150 1105 2223 rigat,
1144 2147 1239 2205 sed
1271 2147 1364 2218 qui
1392 2149 1789 2203 incrementum
1816 2147 1934 2214 dat,
1969 2147 2133 2204 Deus.
2163 2167 2182 2202 ι

687 2241 844 2310 Vide,
873 2257 1090 2317 quasso,
1123 2240 1404 2313 quomodo
1458 2254 1554 2295 eos
1611 2239 1889 2296 admonet.
1939 2238 2185 2295 Primum

615 2337 838 2408 quidem
899 2335 1135 2407 prepria:
1192 2347 1445 2404 personae
1495 2339 1873 2400 contemptum
1907 2333 2184 2400 praestitit.

614 2428 757 2496 Quid
790 2427 934 2484 enim
967 2435 1053 2483 est
1086 2425 1335 2483 Paulus?
1367 2424 1569 2496 inquit.
1619 2423 1824 2480 Deinde
1849 2439 1981 2480 vero
2013 2431 2186 2482 totum

616 2521 672 2576 in
703 2519 873 2576 Deum
905 2517 1096 2584 refert,
1126 2534 1156 2573 a
1188 2531 1296 2589 quo
1329 2517 1518 2572 omnia
1551 2531 1818 2574 concessa
1845 2524 2000 2573 sunt.

687 2611 853 2668 Vsus.
907 2611 961 2667 8.
1023 2629 1042 2664 ι
1099 2609 1206 2677 Qui
1257 2619 1439 2666 autem
1489 2611 1722 2682 plantat,
1770 2619 1824 2666 et
1872 2611 1968 2682 qui
2021 2609 2185 2683 rigat,

615 2721 784 2761 unum
824 2707 975 2761 Sunt.
1016 2721 1036 2757 ι

686 2799 870 2854 Altera
927 2811 1145 2854 rursum
1193 2793 1441 2852 inductio
1471 2795 1539 2851 ad
1577 2809 1771 2851 eorum
1807 2795 2186 2860 curationem;

614 2911 679 2951 ex
723 2908 834 2964 quo
890 2891 1037 2946 aliud
1091 2892 1322 2962 insuper
1372 2888 1626 2956 coniicit;
1674 2897 1808 2960 puta
1852 2903 1921 2944 ne
1953 2903 2080 2958 erga
2108 2888 2191 2942 in-

613 2988 790 3042 vicem
869 2984 1164 3056 superhius
1242 2982 1572 3039 efferantur:
1635 2981 1743 3038 hoc
1790 2995 1958 3052 porro
2017 2993 2188 3035 unum

617 3077 823 3141 sciant,
866 3075 1000 3130 nihil
1035 3090 1092 3131 se
1146 3088 1310 3146 posse
1362 3081 1650 3146 praestare,
1695 3071 1750 3128 ni
1804 3070 1949 3127 Deus
2008 3071 2190 3126 incre-

2287 588 2390 644 ἐῶν
2414 589 2737 663 ὀργισθῆναι
2766 591 2905 664 πρὸς
2936 591 3007 646 τὰ
3052 592 3343 665 λεγόμενα.
3395 594 3458 648 Ei
3501 595 3606 667 γὰρ
3642 596 3820 661 Παῦλος

2285 681 2441 736 οὐδέν
2470 684 2609 746 ἐστι,
2653 683 2749 737 καὶ
2796 684 2897 739 οὐκ
2936 684 3256 755 ἠγανάκτει,
3283 684 3464 758 πολλῷ
3489 686 3679 758 μᾶλλον
3703 689 3821 744 ἐκείο

2285 792 2408 840 νους
2440 775 2810 848 δυσχεραίνειν
2845 777 2946 831 οὐκ
2981 778 3169 850 ἐχρῆν.

2363 885 2383 918 ‹
2415 866 2662 921 Διάκονοι
2692 867 2762 923 δι’
2793 861 2870 923 ὧν
2917 869 3304 926 ἐπιστεύσατε.
3350 889 3369 924 ι

2357 957 2422 1013 Εί
2468 959 2650 1014 τοίνυν
2688 959 2860 1033 ἑτέρῳ
2899 961 3215 1026 διακονεῖτε,
3246 962 3400 1036 φησι,
3431 962 3547 1028 πῶς
3573 961 3710 1018 αὐτοὶ
3747 961 3822 1033 τὴν

2284 1045 2445 1115 ἀξίαν
2473 1049 2769 1121 ἁρπάξετε,
2793 1050 2888 1106 καὶ
2918 1051 3016 1124 τὴν
3045 1053 3418 1128 προσηγορίαν
3446 1056 3558 1121 τοῖς
3587 1053 3820 1126 μαθηταῖς

2284 1141 2381 1212 ἀφ’
2405 1143 2614 1196 ἑαυτῶν
2643 1145 2814 1200 δίδοτε
2838 1163 2852 1212 ;

2364 1253 2384 1286 ι
2418 1235 2528 1288 Καὶ
2557 1234 2770 1307 ἑκάστῳ
2791 1236 2865 1300 ὡς
2893 1238 2922 1290 ό
2961 1237 3164 1310 Κύριος
3189 1238 3406 1294 Εδωκεν.
3454 1258 3474 1291 ι

2359 1323 2491 1377 Οὐδέ
2517 1322 2696 1392 τοῦτο,
2728 1325 2915 1397 φησὶν,
2938 1326 2998 1380 τὺ
3026 1327 3224 1400 μικρὸν
3247 1327 3381 1400 παρ’
3403 1327 3611 1383 ἑαυτῶν
3635 1326 3822 1401 ἔχομεν,

2287 1413 2424 1469 ἀλλὰ
2452 1415 2605 1485 παρὰ
2635 1414 2728 1469 τοῦ
2763 1416 2898 1470 Θεοῦ
2931 1416 3025 1471 τοῦ
3057 1417 3483 1490 ἐγχειρίζοντος.

2365 1527 2385 1561 ι
2441 1509 2582 1578 Ἐγὼ
2603 1509 2898 1580 ἐφύτευσα,
2947 1509 3217 1576 Ἀπολλὼς
3249 1509 3522 1580 ἐπότισεν,
3542 1510 3653 1566 ἀλλ’
3679 1511 3822 1575 όΘεδς

2286 1600 2542 1674 ηὔξανεν.
2582 1621 2601 1654 ι

2357 1691 2646 1759 Τουτέστι,
2675 1694 2890 1763 πρῶτος
2920 1691 3221 1748 κατέϐαλον
3263 1693 3355 1747 τὸν
3389 1693 3549 1762 λόγον
3567 1734 3584 1762 ,
3617 1693 3742 1749 ὥστε
3771 1695 3824 1765 μὴ

2288 1781 2622 1854 ξηρανθῆναι
2650 1784 2764 1847 τοῖς
2790 1784 3113 1855 πειρασμοῖς
3152 1785 3222 1839 τὰ
3250 1783 3563 1857 σπέρματα.
3595 1784 3822 1848 Ἀπολλὼς

2220 1855 2260 1912 Β
2290 1873 2357 1928 τὰ
2399 1873 2529 1946 παρ’
2565 1874 2761 1929 ἑαυτοῦ
2803 1874 3160 1948 προσέθηκεν.
3188 1876 3262 1933 Τὸ
3307 1855 3371 1930 δὲή
3411 1877 3522 1932 πᾶν
3574 1877 3664 1931 τοῦ
3718 1876 3823 1930 Θεοῦ

2287 1967 2535 2038 γέγονεν.

2365 2081 2384 2113 ι
2422 2062 2589 2116 Ὥστε
2626 2059 2748 2116 οὔτε
2794 2064 2823 2116 ό
2859 2064 3105 2132 φυτεύων
3146 2063 3260 2118 ἐστί
3289 2080 3362 2129 τι,
3389 2062 3518 2120 οὔτε
3552 2065 3582 2119 ό
3611 2062 3823 2129 ποτίζων,

2285 2154 2400 2211 ἀλλ’
2435 2156 2463 2208 ὁ
2484 2153 2733 2224 αὐξάνων
2768 2155 2923 2220 Θεός.
2965 2176 2985 2209 ›

2361 2247 2502 2318 Ὅρα
2527 2248 2646 2310 πῶς
2674 2249 2872 2312 αὐτοὺς
2901 2250 3341 2322 παραμυθεῖται·
3375 2249 3595 2322 πρῶτον
3626 2247 3717 2322 μιν
3753 2247 3824 2318 τὴν

2287 2341 2381 2395 ἐπὶ
2434 2340 2528 2395 τοῦ
2575 2343 2778 2395 οίκείου
2838 2341 3132 2413 προσώπου
3196 2343 3463 2415 προσάγει
3513 2343 3616 2414 τὴν
3656 2341 3824 2409 ἐξουδέ-

2287 2445 2472 2485 νωσινο
2503 2431 2601 2494 Τίς
2629 2428 2736 2504 γὰρ
2766 2434 2883 2486 ἐστι
2914 2432 3122 2497 Παῦλος
3149 2450 3166 2501 ;
3193 2437 3378 2506 φησιν’
3410 2433 3672 2506 Δεύτερον
3694 2433 3743 2488 δὲ
3768 2430 3825 2503 τῷ

2287 2522 2349 2578 τὺ
2384 2525 2491 2577 πᾶν
2514 2509 2788 2578 ἀναθεῖναι
2817 2524 2892 2597 τῷ
2932 2524 3001 2579 τὰ
3037 2527 3212 2582 πάντα
3234 2526 3492 2583 δεδωκότι
3519 2527 3656 2600 Θεῷ.

2367 2633 2386 2667 ι
2434 2613 2492 2669 '0
2522 2617 2770 2686 φυτεύων
2805 2617 2862 2672 δὲ
2893 2617 2984 2672 καὶ
3009 2619 3037 2672 ό
3060 2619 3295 2685 ποτίζων
3323 2619 3383 2673 ἐν
3405 2621 3567 2676 εἰσιν.
3601 2639 3622 2672 ι

2367 2796 2574 2868 Ἕτερα
2620 2795 2884 2869 ἐπαγωγὴ
2935 2795 3095 2851 πάλιν
3145 2797 3282 2870 πρὸς
3322 2798 3621 2870 θεραπείαν
3649 2797 3822 2853 αὐτῶν

2289 2886 2376 2940 διὰ
2401 2887 2462 2941 δέ
2487 2887 2677 2941 τούτου
2707 2886 2800 2942 καὶ
2821 2887 3007 2960 ἕτερον
3036 2889 3461 2955 κατασκευάζει,
3511 2890 3575 2945 τὸ
3612 2890 3682 2964 μὴ
3703 2888 3824 2943 ἐπαί-

2295 2979 2485 3050 ρεσθαι
2515 2979 2637 3034 κατ’
2664 2981 2940 3052 ἀλλήλων
2969 2978 3029 3035 ἓν
3057 2979 3115 3034 δέ
3136 2979 3333 3034 ειδέναι
3353 2983 3580 3051 αὐτοὺς,
3609 2983 3668 3037 τὸ
3695 2980 3823 3054 μηδὲν

2289 3067 2551 3124 δύνασθαι
2581 3069 2704 3124 ἄνευ
2742 3067 2835 3125 τοῦ
2872 3068 3126 3136 αὔξοντος
3163 3068 3322 3126 Θεοῦ.
3357 3071 3535 3126 Τοῦτο
3572 3073 3628 3127 δέ
3671 3070 3822 3134 εἰπὼν,

615 3156 858 3226 mentum
916 3166 1152 3223 dederit.
1213 3167 1425 3235 Quibus
1477 3166 1661 3222 verbis
1698 3178 1878 3236 neque
1924 3163 2050 3220 illos
2087 3161 2182 3234 qui

2291 3160 2415 3216 οὔτε
2445 3163 2570 3226 τοὺς
2602 3161 2773 3218 πολλὰ
2802 3163 3110 3234 κάμνοντας
3133 3163 3346 3236 ἀφῆκεν
3379 3161 3823 3235 κατεξανίστασθαι

616 3263 846 3317 multum
908 3260 1248 3324 laborarent,
1294 3259 1549 3330 permisit
1607 3256 1947 3312 insolescere
1989 3253 2184 3310 adver-

2211 3208 2260 3274 ο

2287 3253 2398 3310 τῶν
2422 3255 2490 3310 τὰ
2513 3255 2769 3311 ἐλάττονα
2793 3258 3203 3330 ἐργασαμένων,
3231 3255 3355 3312 οὕτε
3374 3258 3600 3332 ἐτέρους
3623 3260 3688 3315 τὰ
3706 3258 3822 3314 ἐλάτ-

618 3369 716 3409 sus
752 3367 848 3410 cos
881 3351 974 3423 qui
1005 3353 1218 3409 minora
1250 3359 1553 3424 patrarent,
1591 3363 1770 3420 neque
1805 3363 2024 3405 rursum
2049 3348 2184 3406 istos

2290 3362 2441 3412 τονα,
2472 3348 2585 3411 τοῖς
2605 3349 2677 3402 τὰ
2707 3349 2929 3420 μείζονα
2959 3351 3196 3421 φθονεῖν.

619 3447 731 3504 illis
771 3445 1036 3501 invidere.

692 3538 1136 3610 «Unusquisque
1167 3546 1344 3593 autem
1383 3534 1659 3606 propriam
1701 3533 2010 3592 mercedem
2044 3527 2192 3590 acci-

618 3630 732 3702 piet
759 3629 1063 3686 secundum
1100 3643 1260 3684 suum
1292 3628 1552 3682 laborem.
1588 3646 1606 3680 ›

687 3719 826 3789 Quia
866 3734 998 3775 vero
1038 3719 1327 3790 segniores
1373 3716 1545 3772 futuri
1578 3726 1761 3783 erant,
1793 3718 1842 3772 si
1869 3717 2190 3772 existimas-

618 3823 745 3871 sent
790 3813 931 3870 nihil
968 3822 1169 3869 cuncta
1221 3807 1449 3876 referre,
1498 3810 1614 3866 sive
1647 3810 1758 3867 illis
1795 3809 1897 3880 qui
1931 3810 2189 3878 multum,

620 3905 741 3959 sive
793 3902 977 3958 minus
1026 3901 1370 3963 laborarent;
1410 3898 1642 3956 observa
1673 3900 1946 3971 quomodo
1985 3900 2037 3956 id
2067 3915 2192 3957 cor-

619 3994 786 4059 rexit,
811 3991 1030 4060 dicens,
1066 4005 1518 4061 unumquemque
1563 3992 1843 4063 propriam
1877 3991 2187 4048 mercedem

620 4094 973 4158 accepturum
1003 4083 1312 4141 secundum
1351 4100 1511 4140 suum
1553 4084 1819 4152 laborem,
1866 4099 1930 4141 ac
1955 4085 2002 4141 si
2038 4084 2189 4141 dice-

620 4188 738 4235 ret:
768 4178 844 4236 Ne
879 4179 1077 4234 timeas
1103 4179 1252 4249 quod
1283 4175 1542 4243 dixerim,
1572 4193 1743 4232 unum
1795 4187 1926 4235 sunt
1958 4196 1972 4232 :
2011 4191 2189 4249 quan-

617 4273 908 4344 doquidem
955 4280 1224 4342 quantum
1268 4269 1332 4324 ad
1377 4269 1597 4326 labores
1641 4285 1752 4326 non
1811 4279 1941 4326 sunt
1990 4285 2187 4326 unum.

616 4364 712 4421 Dei
747 4365 1017 4436 siquidem
1051 4378 1190 4434 opus
1225 4362 1434 4417 faciunt
1462 4380 1475 4417 :
1509 4361 1603 4418 sed
1638 4364 2024 4434 unusquisque
2053 4376 2186 4434 pro-

616 4460 795 4530 priam
852 4456 1158 4512 mercedem
1217 4455 1450 4526 accipiet
1500 4453 1808 4510 secundum
1884 4471 2045 4511 suum
2104 4458 2187 4510 ia-

616 4552 826 4606 borcm.

686 4662 849 4719 Vsus.
880 4663 934 4719 9.
971 4681 988 4713 ι
1028 4661 1122 4718 Dei
1163 4664 1311 4718 enim
1339 4675 1530 4716 sumus
1559 4659 1858 4728 adjutores.
1895 4679 1913 4711 τ

688 4773 794 4831 Eos
827 4774 1003 4830 adhuc
1052 4775 1283 4830 leviores
1325 4782 1377 4827 et
1439 4773 1734 4826 alacriores
1773 4771 1970 4837 reddit,
2010 4771 2186 4844 majo-

617 4882 839 4937 remque
875 4866 1124 4922 ardorem
1158 4867 1360 4920 excitat
1391 4863 1678 4934 operaudi.

691 5000 708 5032 ε
746 4979 838 5034 Dei
876 4979 1217 5050 agricultura
1250 4978 1386 5034 estis
1418 4996 1430 5031 :
1468 4976 1557 5031 Dei
1611 4975 1908 5032 mdiﬁcatio
1953 4979 2106 5033 estis.
2161 4995 2180 5029 ι

685 5093 786 5162 71
821 5090 940 5146 Non
996 5093 1064 5147 ab
1106 5092 1172 5148 iis
1233 5091 1325 5161 qui
1369 5107 1470 5146 vos
1518 5090 1798 5155 excolunt,
1839 5092 1932 5147 sed
1984 5106 2014 5145 a
2077 5091 2187 5147 Deo

616 5197 734 5258 ipso
768 5181 1194 5252 appellationem
1241 5181 1496 5251 accipere
1531 5195 1631 5250 par
1668 5190 1776 5234 est.
1821 5179 2008 5252 Neque
2037 5182 2183 5238 enim

613 5285 744 5344 ager
779 5273 848 5328 de
881 5273 1102 5328 nomine
1139 5272 1394 5343 agricolas
1450 5279 1705 5337 vocatur,
1756 5273 1851 5327 sed
1885 5271 1951 5328 de
1984 5274 2185 5343 patris-

573 5437 577 5440 _
615 5365 874 5419 familias.
913 5363 1384 5430 Quemadmodum
1421 5363 1586 5418 etiam
1614 5360 1909 5418 aediﬁcium
1947 5381 2055 5419 non
2099 5381 2185 5421 ar-

613 5455 801 5518 t'tﬂcis,
839 5455 935 5510 sed
984 5456 1188 5510 domini
1221 5466 1329 5512 est.
1385 5453 1442 5509 Si
1476 5463 1659 5510 autem
1697 5454 1987 5511 :edilicatio
2025 5458 2184 5527 estis,

628 5561 969 5618 nequaquam
1000 5549 1331 5605 hazcdestru'i
1364 5549 1561 5604 debet:
1603 5549 1807 5620 alioqui
1845 5564 1952 5604 non
1992 5555 2187 5609 essetis

613 5638 929 5694 aedilicium.
962 5639 1032 5692 At
1061 5639 1106 5697 si
1140 5639 1427 5695 aediﬁcium
1474 5639 1632 5704 estis,
1673 5641 1975 5696 cavendum
2009 5651 2092 5697 est
2121 5659 2187 5700 ne

612 5729 1019 5801 distrahamini,
1084 5732 1178 5790 sed
1225 5745 1336 5788 uno
1386 5735 1701 5788 concordia:
1757 5741 1916 5804 septo
1967 5738 2186 5790 munia-

614 5837 770 5881 nunt.

2209 4575 2266 4638 D

2365 3547 2384 3580 ι
2426 3528 2696 3596 Ἕκαστος
2739 3531 2798 3586 δὲ
2842 3532 2932 3589 τὸν
2966 3531 3096 3589 ἴδιον
3127 3535 3321 3607 μισθὸν
3347 3535 3587 3609 λήψεται
3614 3537 3738 3592 κατέ
3761 3534 3820 3587 τὸν

2292 3619 2423 3676 ἴδιον
2445 3621 2634 3678 κόπον.
2672 3643 2691 3676 ι

2371 3713 2590 3788 Ἐπειδὴ
2640 3715 2796 3770 τοῦτο
2851 3718 3257 3792 ῥᾳθυμοτέρως
3316 3720 3534 3786 ἐποίει,
3585 3720 3648 3776 sb
3691 3719 3826 3774 πάντα

2291 3807 2459 3879 μηδὲν
2484 3805 2625 3863 εἶναι
2646 3809 2987 3882 νομίζεσθαι,
3035 3813 3164 3877 τοὺς
3214 3812 3387 3868 πολλὰ
3441 3814 3712 3888 καμόντας
3757 3809 3826 3867 καὶ

2287 3900 2416 3964 τοὺς
2442 3901 2670 3970 ἐλάττω,
2709 3903 2810 3973 ὅρα
2845 3903 2964 3966 πῶς
2993 3904 3124 3959 αὐτὸ
3167 3904 3521 3978 διωρθώσατο
3559 3906 3749 3963 είπών·
3772 3902 3825 3963 ὡς

2286 3989 2520 4057 ἕκαστος
2555 3993 2688 4049 ῐδιον
2724 3994 2916 4066 μισθὸν
2945 3995 3177 4071 λήψεται
3209 3999 3352 4055 κατὰ
3382 3999 3478 4055 τὸν
3524 4001 3651 4055 ίδιον
3677 3999 3825 4058 κόπον.

2285 4081 2362 4146 ὡς
2396 4085 2444 4136 εἶ
2496 4083 2686 4154 ἔλεγε·
2737 4089 2831 4160 Μὴ
2879 4090 3045 4160 φούοῦ
3093 4094 3177 4147 ὅτι
3222 4087 3394 4160 εἷπον,
3426 4092 3532 4148 Ἐν
3558 4093 3707 4157 εἰσιν,
3734 4089 3826 4143 ἐπεὶ

2287 4171 2468 4225 πόνων
2487 4173 2675 4228 ἕνεκεν
2701 4176 2803 4231 οὐκ
2826 4178 2966 4233 είσὶν
2991 4181 3069 4236 ἐν.
3101 4183 3175 4238 Τὸ
3205 4183 3313 4256 γὰρ
3337 4182 3476 4238 Θεοῦ
3504 4184 3665 4257 ἔργον
3697 4184 3826 4254 ἔργα·

2285 4262 2507 4336 ξόμενοί
2535 4269 2690 4334 εἰσιν,
2720 4270 2836 4324 ἀλλ’
2863 4273 3094 4342 ἕκαστος
3122 4276 3211 4333 τδν
3245 4277 3374 4333 ίδιον
3416 4276 3612 4350 μισθὸν
3637 4276 3826 4348 λήψεται

2290 4357 2429 4412 κατά
2457 4358 2550 4411 τὸν
2578 4359 2708 4416 ἴδιον
2736 4363 2926 4420 κόπον.

2364 4690 2382 4724 ι
2413 4670 2546 4724 Θεοῦ
2575 4671 2683 4744 γάρ
2714 4673 2880 4746 ἐσμεν
2905 4677 3175 4747 συνεργοί.
3219 4697 3237 4730 ι

2359 4785 2523 4839 Πλέον
2550 4785 2743 4851 αὐτοὺς
2773 4785 2854 4840 ἐτι
2883 4789 3268 4860 ἐπεκούφισεν,
3305 4792 3398 4846 καὶ
3448 4795 3529 4859 εἰς
3576 4795 3728 4848 πόθον
3755 4788 3822 4844 τοῦ

2287 4877 2623 4948 ἐργάσασθαι
2655 4879 2945 4951 ἀνήγαγεν.

2367 5009 2386 5042 ι
2424 4990 2557 5045 Θεοῦ
2584 4994 2866 5062 γεώργιον,
2891 4993 3025 5046 Θεοῦ
3053 4995 3308 5067 οἰκοδομή
3336 4996 3480 5052 ἐστε.
3527 5017 3547 5050 ι

2360 5105 2470 5158 Οὐκ
2509 5101 2600 5158 οὖν
2637 5105 2744 5158 άπὸ
2791 5106 2898 5159 τῶν
2934 5107 3318 5178 γεωργούντων
3372 5112 3536 5182 ὑμᾶς,
3568 5110 3699 5166 ἀλλὰ
3741 5108 3820 5161 ἀπὸ

2287 5195 2380 5250 τοῦ
2410 5195 2545 5250 Θεοῦ
2573 5198 2850 5251 καλεῖσθαι
2878 5199 3106 5253 δίκαιον.
3139 5200 3215 5255 Οὐ
3232 5201 3340 5272 γὰρ
3363 5202 3534 5274 ἀγρὸς
3565 5203 3657 5258 τοῦ
3678 5217 3818 5273 γεωρ⁸

2287 5288 2382 5358 γοῦ
2417 5288 2681 5355 καλεῖται,
2706 5289 2842 5342 ἀλλὰ
2893 5289 2988 5343 τοῦ
3022 5291 3418 5346 οἰκοδεσπότου·
3446 5294 3634 5366 ὥσπερ
3664 5292 3817 5364 ἀμέλει

2287 5383 2380 5433 καὶ
2407 5383 2437 5450 ἡ
2463 5380 2734 5453 οἰκοδομὴ,
2769 5383 2828 5436 οὐ
2853 5380 2943 5436 τοῦ
2984 5383 3243 5453 τεχνίτου,
3275 5383 3412 5438 ἀλλὰ
3463 5386 3558 5440 τοῦ
3601 5383 3817 5440 δεσπότου

2287 5475 2453 5529 ἐστίν.
2486 5475 2546 5528 Εἰ
2578 5475 2632 5528 δὲ
2664 5475 2918 5547 οἰκοδομή
2944 5479 3089 5542 ἐστε,
3137 5479 3198 5531 ού
3229 5478 3333 5551 χρὴ
3354 5479 3696 5543 διασπᾶσθαι,
3723 5477 3818 5531 ἐπεὶ

2287 5567 2384 5620 ούκ
2411 5565 2476 5619 ἂν
2507 5566 2652 5637 εἴητε
2683 5568 2961 5640 οἰκοδομή·
3020 5569 3114 5622 καὶ
3147 5571 3196 5621 εί
3235 5569 3496 5640 γεώργιον
3545 5573 3684 5634 ἐστε,
3707 5571 3816 5623 διαι-

2289 5658 2498 5729 ρεῖσθαι
2528 5659 2589 5710 οὑ
2624 5659 2751 5730 χρὴ,
2807 5658 2920 5713 ἀλλ’
2973 5661 3053 5714 ἑνὶ
3102 5662 3340 5736 φραγμῷ
3367 5663 3428 5721 τὸ
3477 5664 3576 5737 τῆς
3603 5661 3817 5736 ὁμονοίας

2285 5749 2636 5820 τειχίζεσθαι.
