3904 6260
129 261 216 329 593
1202 268 1284 329 IN
1325 269 1563 330 EPIST.
1605 270 1704 329 AD
1737 268 2096 330 CORINTH.
2136 270 2186 329 Ι.

3235 271 3340 336 594

185 399 203 433 ι
232 376 377 435 Κατά
411 379 508 452 τὴν
542 379 702 454 χάριν
731 381 824 436 τοῦ
855 383 988 437 Θεοῦ
1017 382 1116 455 τὴν
1145 384 1394 441 δοθεῖσάν
1427 403 1543 457 μοι,
1591 385 1667 451 ὡς

1846 383 2012 443 Vens.
2052 385 2138 441 10.
2178 405 2196 438 ι
2241 384 2554 443 Secundum
2610 387 2843 458 gratiam
2891 388 2986 444 Dei
3043 403 3165 461 qua:
3213 389 3340 445 data

125 470 260 542 σοφὸς
284 471 614 544 ἁρχιτέκτων
649 473 903 546 θεμέλιον
941 476 1182 532 τέθεικα.
1218 498 1236 530 ι

176 647 328 730 Σοφὸν
358 648 553 704 ιαυτδν
601 650 840 707 ἐνταῦθα
870 653 1026 707 καλεῖ
1077 656 1179 709 οὐκ
1208 658 1474 729 ἐπαίρων,
1528 658 1667 716 ἀλλὰ

120 737 260 794 τύπον
283 737 474 794 ἑαυτὸν
515 739 716 806 διδοὺς,
744 743 839 797 καὶ
865 745 1080 810 δεικνὺς
1109 747 1192 800 ὄτι
1235 747 1391 802 τοῦτό
1419 750 1535 804 ἐστι
1573 768 1666 805 σο-

117 832 223 900 φοῦ,
247 832 299 885 τὸ
326 832 423 887 ἕνα
444 833 619 889 θεῖναι
645 834 916 908 θεμέλιον.
951 837 1096 911 Ὅρα
1120 839 1251 909 γοῦν
1284 841 1401 907 πῶς
1442 843 1666 916 μετριά-

116 921 397 987 ζει.Είπὼν
428 924 540 998 γὰρ
573 926 737 980 αὑτὸν
797 929 985 998 σοφὸν,
1037 932 1136 985 οὐκ
1198 931 1412 1004 ἀφῆκεν
1467 933 1664 990 ἑαυτοῦ

119 1013 256 1069 τοῦτο
280 1011 436 1082 εἶναι,
466 1018 587 1074 ἀλλ’
614 1020 735 1075 ὅλον
790 1022 983 1077 ἑαυτὸν
1013 1023 1276 1097 πρότερον
1309 1027 1530 1093 ἀναθεὶς
1589 1027 1667 1100 τῷ

117 1105 235 1178 Θεῷ,
261 1109 377 1162 τότε
409 1109 585 1177 οὕτως
617 1113 872 1170 ἐκάλεσεν
905 1117 1278 1187 σοφόν-Κατὰ
1292 1118 1402 1191 γὰρ
1423 1119 1538 1191 τὴν
1561 1119 1669 1192 χά-

115 1215 195 1267 ριν
220 1200 381 1271 Θεοῦ,
406 1203 714 1276 φησὶν,τὴν
730 1205 1015 1264 δοθεῖσάν
1045 1227 1170 1281 μοι.

184 1399 201 1432 ι
240 1379 430 1445 Ἄλλος
480 1380 540 1437 δὲ
594 1385 962 1452 ιποικοδομετ.
1025 1389 1294 1458 Ἕκαστος
1333 1391 1392 1448 δὲ
1425 1392 1671 1467 βλεπέτω

113 1471 215 1535 1ch
241 1473 595 1547 ἐποικοδομεῖ.
632 1496 654 1530 ι

186 1562 439 1621 Ἐνταῦθα
470 1565 663 1624 λοιπὸν
703 1571 783 1635 είς
810 1569 904 1627 τὸν
935 1571 1064 1645 περὶ
1108 1575 1209 1648 τῆς
1253 1576 1532 1644 πολιτείας
1571 1579 1672 1634 αὐ·

115 1657 224 1719 τοὺς
245 1656 498 1725 ἐμϐάλλει
520 1659 727 1730 ἀγῶνα,
770 1662 959 1738 ἐπειδὴ
990 1667 1230 1740 συνῆψεν
1275 1669 1426 1736 ἅπαξ
1459 1671 1555 1728 καὶ
1610 1672 1672 1729 ἓν

115 1748 366 1818 ιποίησεν.

181 1859 197 1892 ι
229 1840 484 1913 Θεμέλιον
544 1844 656 1916 γὰρ
706 1845 864 1900 ἄλλον
907 1847 1084 1914 οὐδεὶς
1111 1850 1335 1908 δύναται
1391 1856 1542 1928 παρὰ
1571 1855 1666 1911 τὸν

113 1929 338 2003 κείμενον
357 1934 551 2005 θεῖναι,
583 1935 641 2001 ὃς
662 1937 779 1992 ἐστι
818 1938 1052 2011 Χριστὸς
1089 1941 1315 2015 Ἰησοῦς.
1360 1963 1378 1997 ι

176 2122 237 2177 Ὃ
255 2123 400 2194 λέγει
429 2125 673 2182 τοιοῦτόν
726 2128 868 2183 ἐστι’
899 2129 1256 2203 Κατὴγγειλα
1288 2134 1380 2190 τὸν
1408 2137 1663 2210 Χριστόν·

113 2217 454 2289 παραδέδωκα
499 2219 632 2291 ὑμῖν
655 2221 748 2276 τδν
780 2222 1052 2295 θεμέλιον·
1084 2230 1340 2284 σκοπεῖτε
1379 2231 1495 2295 πῶς
1523 2233 1669 2288 οἰκο-

112 2304 320 2377 δομεῖτε·
339 2310 418 2384 μὴ
430 2312 745 2379 κενοδόξως,
769 2316 844 2389 μὴ
872 2319 1009 2392 πρὸς
1035 2319 1354 2394 ἀνθρώπους
1377 2323 1668 2380 ἀποσπῶν-

113 2412 190 2462 τες
210 2399 333 2463 τοὺς
354 2401 625 2474 μαθητάς.
663 2405 758 2476 Μὴ
785 2406 964 2461 τοίνυν
986 2409 1344 2481 προσέχωμεν
1363 2411 1485 2477 ταῖς
1517 2410 1671 2484 αίρέ-

115 2505 234 2545 σεσι.
252 2493 541 2563 Θεμέλιον
572 2495 682 2570 γὰρ
730 2496 929 2556 ἄλλον
948 2499 1150 2569 οὐδεὶς
1179 2501 1429 2558 δύναται
1482 2503 1670 2559 θεῖναι

115 2582 252 2651 παρὰ
275 2584 384 2640 τὸν
417 2587 717 2658 κείμενον.
756 2590 879 2646 Ἐπὶ
903 2589 1098 2648 τοῦτου
1123 2593 1182 2649 δὲ
1213 2594 1416 2666 μᾶλλον
1445 2596 1672 2651 ἐποικο-

114 2671 364 2749 δομῶμεν,
403 2679 501 2734 καὶ
527 2677 607 2746 ὡς
631 2680 884 2754 θεμελίου
908 2683 1182 2758 ἐχώμεθα.

179 2893 195 2925 ι
228 2874 288 2929 Et
314 2875 372 2932 δέ
424 2894 510 2943 τις
538 2878 886 2953 ἐποικοδομεῖ
928 2883 1021 2939 ἐπὶ
1069 2885 1159 2940 τὸν
1187 2885 1436 2958 θεμέλιον
1463 2887 1672 2957 τοῦτον,

115 2967 335 3058 γρυσίον,
366 2969 652 3043 ἀργύριον,
675 2971 857 3040 λίθους
878 2974 1112 3048 τιμίους,
1149 2976 1299 3045 ξύλα,
1332 2979 1545 3054 χόρτον,
1578 2999 1678 3058 ἔα-

116 3053 295 3130 λάμην.
342 3079 362 3113 ι

1767 488 1853 536 est
1909 479 2068 547 mihi,
2134 487 2194 536 ut
2250 480 2473 552 sapiens
2534 482 2874 537 architectus
2924 480 3340 540 fundamentum

1768 573 1950 644 posui.
1989 591 2008 625 r

1842 662 2096 735 Seipsum
2167 665 2272 721 hoc
2333 666 2390 721 in
2446 667 2568 720 loco
2640 668 2945 737 sapientem
3017 666 3171 734 dicit,
3232 681 3342 722 non

1767 757 2161 813 ostentationis
2198 760 2352 830 ergo,
2386 758 2479 813 sed
2524 765 2584 812 ut
2622 772 2744 814 sese
2783 757 3022 829 praebeat
3055 759 3109 812 in
3155 772 3345 814 exem-

1769 851 1943 920 plum,
1976 850 2344 920 ostendatque
2373 849 2640 922 sapientis
2670 864 2794 907 esse
2819 865 2988 905 unum
3014 849 3197 920 jacere
3221 849 3347 904 fun-

1769 941 2112 998 damentum.
2149 941 2364 999 Videsis
2398 958 2563 1013 quam
2595 939 2842 999 modeste
2881 956 2940 998 se
2979 950 3153 1012 gerat.
3188 939 3345 996 Post-

1769 1049 1933 1106 quam
2007 1033 2155 1088 enim
2223 1048 2284 1090 se
2352 1035 2661 1106 sapientem
2725 1031 2889 1102 dixit,
2939 1030 3043 1089 hoc
3091 1031 3176 1088 sui
3223 1047 3347 1088 esse

1769 1124 1974 1190 noluit,
2019 1123 2140 1186 sed.
2200 1124 2327 1194 quia
2371 1140 2432 1180 se
2481 1130 2656 1178 totum
2690 1123 2845 1194 prius
2888 1121 2997 1176 Deo
3036 1119 3343 1186 dediderat,

1768 1214 1898 1272 hinc
1930 1230 1990 1270 se
2039 1214 2340 1286 sapientem
2402 1213 2638 1270 vocavit.
2687 1212 2777 1270 Ait
2825 1212 2997 1276 enim,
3053 1210 3340 1267 secundum

1769 1307 2003 1379 gratiam
2036 1321 2152 1378 qua:
2182 1305 2314 1362 data
2346 1313 2422 1362 est
2455 1304 2605 1360 mihi.

1847 1415 1866 1449 ι
1901 1397 2058 1453 Alius
2097 1404 2279 1452 autem
2335 1395 2767 1468 superaediiicat.
2820 1390 3219 1464 Unusquisque
3249 1406 3349 1447 au-

1773 1498 1883 1545 tem
1923 1489 2106 1544 videat
2139 1487 2413 1560 quomodo
2441 1487 2860 1560 supermdiﬂcet.
2890 1503 2908 1538 ι

1793 1581 1947 1636 ,τηε
1971 1580 2083 1653 jam
2118 1580 2242 1636 illos
2279 1579 2345 1636 ad
2378 1579 2741 1637 instituendas
2773 1578 2900 1634 vita
2935 1581 3216 1632 certamen
3255 1573 3344 1628 in-

1772 1673 1967 1730 ducit:
2022 1673 2474 1745 quandoquidem
2520 1687 2618 1729 eos
2669 1671 2840 1729 semel
2883 1668 3265 1740 conjuuxerat,
3293 1675 3348 1720 et

1697 1747 1740 1809 Β
1769 1781 1939 1821 unum
1971 1779 2097 1822 esse
2135 1763 2363 1822 fecerat.

1836 1856 2004 1916 Vens.
2053 1858 2144 1915 ll.
2195 1878 2216 1913 ι
2265 1858 2705 1917 Fundamentum
2750 1862 2939 1913 autem
2992 1856 3140 1912 aliud
3184 1869 3348 1912 nemo

1766 1959 1948 2023 potest
1983 1967 2207 2024 ponere,
2242 1960 2441 2024 prater
2487 1952 2543 2008 id
2577 1951 2723 2023 quod
2763 1949 3008 2022 positum
3051 1958 3172 2018 est,
3200 1949 3348 2019 quod

1766 2052 1851 2102 est
1897 2043 2149 2101 Christus
2177 2042 2362 2103 Iesus.
2406 2062 2426 2097 ι
2693 2109 2695 2111 ι

1833 2135 1992 2204 Quod
2043 2137 2139 2204 ait,
2192 2136 2342 2194 hunc
2391 2137 2561 2196 habet
2609 2151 2878 2197 sensum:
2933 2135 3219 2205 Christum
3251 2154 3352 2196 an-

1769 2227 2048 2294 nuntiavi,
2105 2227 2525 2284 fundamentum
2600 2229 2758 2286 vobis
2827 2228 3092 2303 praebui:
3169 2229 3352 2288 videte

1768 2319 2052 2392 quomodo
2079 2319 2406 2388 mditicetis;
2448 2335 2561 2376 non
2594 2320 2662 2376 ad
2691 2321 2915 2378 inanem
2947 2320 3205 2395 gloriam,
3237 2336 3348 2378 non

1769 2413 2078 2486 discipulos
2120 2429 2316 2471 versus
2366 2412 2621 2472 homines
2667 2413 3039 2473 detrahendo.
3067 2413 3148 2470 Ne
3179 2414 3351 2487 igitur

1771 2507 2076 2565 baresibus
2130 2507 2375 2562 animum
2472 2507 2848 2566 attendamus.
2917 2505 3352 2564 Fundamentum

1771 2598 1911 2653 enim
1945 2612 2098 2651 nemo
2130 2595 2281 2650 aliud
2311 2605 2479 2668 potest
2531 2613 2742 2665 ponere,
2794 2604 2991 2668 prater
3014 2595 3071 2662 id
3097 2597 3238 2668 quod
3256 2613 3353 2668 po-

1772 2690 1932 2745 situm
1963 2697 2060 2745 est.
2101 2688 2472 2756 Quamobrem
2494 2705 2662 2762 super
2694 2689 2832 2745 illud
2857 2696 3236 2758 exstruamus,
3262 2689 3346 2746 ei-

1772 2798 1880 2854 que
1918 2781 2086 2838 veluti
2122 2781 2483 2838 fundamento
2516 2783 2912 2839 inbazreamus.

1776 2950 1779 2954 ι
1845 2874 2016 2932 Vens.
2050 2874 2140 2930 12.
2189 2893 2208 2926 ι
2258 2873 2316 2930 Si
2347 2873 2477 2946 quis
2516 2882 2700 2930 autem
2743 2872 3154 2946 supermditicat
3185 2887 3355 2944 super

1775 2966 2199 3025 fundamentum
2274 2966 2404 3034 erc,
2467 2981 2688 3033 aurum,
2769 2975 3088 3039 argentum,
3141 2964 3352 3036 lapides

1775 3058 2066 3131 pretiosos,
2099 3058 2270 3129 ligna,
2304 3055 2517 3124 fenum,
2549 3055 2836 3128 stipulam.
2878 3073 2900 3108 ι

173 3149 266 3204 Τδν
290 3152 392 3224 μὲν
423 3151 674 3226 θεμέλιον
709 3156 959 3226 φανερῶς
987 3155 1160 3224 οὕτως
1189 3159 1454 3231 ἐδήλωσεν
1479 3159 1671 3229 εἰπὼν,

1843 3149 2280 3206 Fundamentum
2308 3147 2530 3220 quidem
2563 3147 2646 3204 sic
2672 3145 2962 3219 perspicue
2991 3144 3348 3218 signiﬁcavit,

117 3240 228 3295 ὅτιό
265 3245 506 3310 Χριστός
532 3248 704 3303 ἐστιν.
744 3247 808 3303 Ἦ
840 3248 897 3302 δὲ
921 3250 1180 3323 οίκοδομὴ
1227 3252 1386 3325 δῆλον
1412 3255 1497 3307 ὅτι
1543 3254 1676 3326 περὶ

118 3332 345 3402 πράξεων
411 3336 626 3410 εἴρηται
658 3338 898 3408 ἀγαθῶν.
923 3341 998 3395 Τὸ
1025 3341 1082 3395 δὲ
1116 3343 1371 3415 διάφορον
1420 3344 1520 3416 τῆς
1543 3344 1675 3417 ὕλης

119 3423 204 3478 τῶν
237 3429 787 3503 ἑποικοδομουμένων
813 3433 908 3505 τὴν
941 3432 1195 3506 πολυειδῆ
1225 3437 1542 3509 προαίρεσιν
1565 3437 1675 3494 τῶν

121 3516 482 3591 ἐργαζομένων
507 3522 786 3592 σημαίνει,
816 3525 1006 3599 ἐπειδὴ
1037 3526 1086 3580 oi
1117 3527 1216 3597 μὲν
1246 3528 1674 3601 σπουδαιότεροι,

120 3608 155 3659 οἱ
180 3608 228 3662 δὲ
254 3610 623 3683 ρᾳθυμύτεροί
650 3614 807 3667 είσινο
863 3615 959 3669 καὶ
982 3618 1032 3668 οἱ
1063 3617 1165 3686 μὲν
1193 3616 1595 3690 ἀκριὸἐστεροι,
1623 3620 1676 3674 oi.

120 3698 626 3778 δὲκαταδεέστεροιυ
683 3706 778 3762 καὶ
827 3709 877 3762 οί
909 3709 1009 3779 μὲν
1051 3710 1122 3766 τὰ
1167 3711 1397 3775 ἐλάττω,
1441 3714 1490 3770 oi
1525 3713 1675 3770 δὲτὰ

126 3791 318 3860 μείζονα
345 3795 700 3867 κατορθοῦσυ
745 3798 838 3852 καὶ
861 3791 910 3853 ei
953 3801 1054 3872 μὲν
1106 3801 1491 3874 χαλεπώτερα,
1539 3804 1589 3858 oi
1617 3804 1677 3860 δὲ

125 3880 353 3941 ίλὰττονα
388 3886 827 3961 πλημμελοῦσιν.

179 4017 198 4049 ι
230 3999 500 4056 Ἐκάστου
522 4000 584 4056 τὸ
632 4000 793 4074 ἔργον
843 4003 1074 4076 φανερὸν
1119 4008 1426 4077 γενήσεται.
1475 4006 1540 4062 Ἦ
1569 4008 1676 4081 γὰρ

118 4091 274 4166 ἡμέρα
327 4095 600 4168 δηλώσει,
637 4096 723 4151 ὅτι
775 4097 836 4151 ὲν
864 4099 996 4172 πυρὶ
1049 4099 1518 4169 ἀποκαλύπτεται,
1580 4103 1678 4160 καὶ

119 4183 327 4244 ἑκάστου
386 4190 451 4246 τὸ
513 4191 676 4262 ἔργον
701 4231 718 4260 ,
757 4192 942 4247 ὁποῖόν
994 4194 1180 4261 ἐστιν,
1219 4193 1279 4248 τὸ
1310 4193 1421 4283 πῦρ
1448 4193 1677 4268 δοκιμα-

119 4293 204 4331 στι.
235 4300 252 4332 1

187 4396 312 4451 ’Λπὺ
341 4397 452 4452 τῶν
497 4398 798 4470 μελλόντων
819 4398 1018 4464 αὐτοὺς
1046 4399 1222 4468 φοϐεῖ,
1251 4399 1350 4472 τὴν
1375 4400 1433 4455 δὲ
1462 4401 1678 4473 ἡμέραν

1776 3242 1972 3300 dicens
2001 3242 2139 3298 illud
2184 3257 2310 3299 esse
2355 3239 2658 3298 Christum.
2721 3239 3166 3298 Aldiiicationem
3218 3253 3352 3297 vero

1775 3337 1844 3395 de
1875 3337 2138 3410 operibus
2165 3336 2335 3394 bonis
2361 3351 2485 3394 esse
2521 3334 2724 3391 dictam
2778 3334 2969 3408 liquet.
3020 3335 3352 3393 Discrimine

1775 3445 1907 3486 vero
1943 3430 2192 3486 materia:
2221 3444 2416 3486 eorum
2468 3443 2591 3501 quae
2636 3427 3000 3496 aediﬁcantur,
3033 3428 3352 3484 multimoda

1776 3519 2124 3591 operantium
2183 3521 2441 3577 voluntas
2507 3518 2872 3593 significatur.
2927 3519 3202 3588 Quoniam
3259 3519 3350 3574 alii

1777 3615 2146 3672 studiosiores
2212 3621 2368 3681 sunt,
2426 3614 2519 3670 alii
2596 3614 2912 3685 segniores;
2975 3620 3353 3669 accuratiores

1775 3706 1891 3772 alii,
1953 3707 2041 3762 alii
2098 3706 2446 3764 deteriores:
2499 3715 2666 3777 atque
2696 3703 2790 3760 alii
2843 3704 3082 3770 minora,
3140 3704 3352 3774 majora

1776 3800 1870 3856 alii
1904 3807 2200 3870 praestant;
2232 3799 2327 3856 alii
2362 3798 2606 3871 denique
2636 3797 3012 3871 gravioribus,
3041 3796 3354 3854 levioribus

1776 3900 2011 3963 peccant
2043 3891 2162 3947 alii.
3356 3908 3361 3913 ·

1848 4004 2017 4063 Vsns.
2077 4005 2165 4061 l5.
2220 4025 2238 4058 ι
2291 4004 2746 4078 Uniuscujusque
2799 4019 2941 4078 opus
2996 4002 3349 4061 manifestum

1776 4101 1904 4156 erit.
1950 4101 2078 4158 Dies
2128 4101 2277 4157 enim
2323 4099 2541 4156 Domini
2583 4097 2913 4164 declarabit,
2970 4097 3097 4169 quia
3130 4096 3182 4152 in
3227 4096 3353 4168 igne

1777 4191 2162 4250 revelabitur:
2215 4200 2270 4250 et
2333 4192 2772 4264 uniuscujusque
2819 4205 2964 4263 opus
3020 4188 3162 4262 ignis
3229 4203 3354 4260 pro—

1776 4284 1953 4342 habit.

1845 4401 1891 4455 Α
1944 4400 2146 4458 futuris
2200 4415 2298 4458 eos
2346 4400 2585 4469 territat,
2637 4399 2971 4457 mentionem
3013 4397 3221 4454 faciens
3245 4397 3353 4454 diei

120 4485 280 4550 αὐτοῖς
308 4486 529 4559 ἐκείνην
555 4487 776 4559 μηνύων
817 4489 917 4560 τὴν
959 4488 1217 4572 φοϐερᾲν,
1264 4490 1362 4562 τὴν
1404 4489 1500 4544 τοῦ
1530 4491 1673 4546 θείου

1787 4495 2044 4552 terribilis
2099 4494 2274 4550 divini
2313 4493 2532 4565 judicii,
2597 4492 2820 4565 quando
2870 4490 3060 4566 judice
3127 4491 3354 4550 sedente

119 4574 505 4650 δικαιωτηρίου,
541 4579 664 4635 καθ’
694 4580 761 4654 ἢν
789 4580 1158 4653 καθεζομένου
1186 4582 1281 4636 τοῦ
1327 4581 1539 4655 κριτοῦ,
1583 4602 1673 4639 πο-

1787 4586 1982 4645 lluvius
2010 4588 2154 4660 ignis
2180 4603 2384 4644 coram
2414 4602 2480 4643 eo
2511 4584 2744 4658 profluet
2771 4586 2844 4642 ".

119 4669 270 4739 ταμδς
307 4671 620 4744 ἔμπροσθεν
648 4670 813 4728 αὑτοῦ
852 4673 1024 4728 εἴλκει
1054 4675 1247 4746 πυρός.

187 4804 204 4834 ι
236 4785 301 4839 Et
319 4802 467 4851 τινος
493 4787 555 4841 τὸ
587 4785 747 4859 ἔργον
773 4787 930 4861 μέν-ῃ,
960 4789 990 4844 δ
1010 4790 1452 4862 ἐπῳκοδόμησεν,
1486 4791 1678 4862 μισθὸν

122 4873 348 4946 λήψεται.
393 4879 460 4933 Εἰ
478 4896 624 4944 τινος
643 4881 706 4934 τὸ
733 4882 894 4953 ἔργον
929 4883 1360 4954 κατακαήσεται,
1395 4883 1679 4957 ζημιωθή-

126 4976 255 5017 σεται
266 5006 278 5020 .
310 4985 330 5018 )

186 5074 246 5126 Ὃ
261 5075 405 5146 λέγει
441 5079 682 5136 τοιοῦτόν
713 5081 849 5136 ἐστι’
878 5083 933 5136 εί
955 5101 1040 5149 τις
1066 5086 1238 5140 κακὸν
1265 5087 1378 5156 βίον
1400 5088 1513 5161 ἔχει
1543 5090 1680 5159 μετὰ

126 5164 339 5232 πίστεως
365 5170 554 5242 ὀρθῆς,
581 5171 1106 5240 προσέσεται“αὐτοῦ
1132 5180 1164 5250 ἡ
1189 5179 1372 5244 πίστις
1400 5183 1478 5243 εἰς
1507 5180 1570 5234 τὸ
1606 5181 1680 5252 μὴ

127 5252 450 5325 κολάζεσθαι,
478 5261 571 5316 τοῦ
621 5261 786 5334 ἔργου
816 5268 1274 5340 κατακαιομένου.
1315 5269 1388 5324 Τὸ
1411 5269 1469 5323 δὲ
1502 5285 1680 5324 κατα-

127 5345 418 5418 καήσεται,
468 5355 769 5422 τουτέστιν,
823 5359 925 5413 οὐκ
955 5359 1091 5415 οίσει
1131 5361 1224 5417 τοῦ
1259 5362 1429 5436 πυρὸς
1455 5362 1556 5433 τὴν
1585 5362 1679 5433 ρὑ

131 5453 244 5505 μην.
272 5441 384 5496 ἀλλ’
405 5445 593 5518 ῶσπερ
613 5450 668 5504 εί
704 5467 790 5514 τις
835 5454 1012 5525 χρυσᾶ
1039 5455 1178 5509 ὅπλα
1208 5455 1346 5526 ἔχων
1367 5454 1555 5528 διέλθῃ
1581 5469 1679 5508 πο-

131 5528 284 5597 ταμὸν
329 5534 522 5608 πυρὸς,
553 5539 908 5616 φαιδρότερον
933 5544 1222 5602 διαϐαίνει.
1277 5545 1339 5600 Ei
1373 5547 1428 5601 δὲ
1487 5546 1676 5618 χόρτον

194 5707 234 5740 ⁸⁷
264 5708 509 5781 Dan.vr:,
535 5716 621 5771 l0.

1854 4787 2021 4844 Vens.
2051 4789 2139 4842 η.
2177 4805 2196 4841 ι
2234 4785 2294 4843 Si
2324 4788 2486 4859 cujus
2516 4801 2656 4858 opus
2682 4786 2968 4853 manserit,
2989 4786 3138 4859 quod
3161 4801 3355 4858 super-

1782 4880 2095 4947 azdiﬁcavit,
2127 4880 2436 4945 mercedem
2477 4881 2736 4951 accipiet.
2777 4878 2834 4936 Si
2896 4880 3056 4952 cujus
3096 4894 3236 4953 Opus
3262 4894 3354 4936 ar-

1783 4972 1940 5038 serit,
1983 4973 2374 5030 detrimentum
2419 4973 2675 5043 patietur.
2712 4991 2730 5025 ι

1848 5083 2056 5142 Horum
2092 5085 2387 5140 verborum
2421 5085 2796 5157 significantia
2828 5085 2943 5142 haec
2977 5095 3063 5141 est
3098 5105 3112 5140 :
3147 5085 3192 5140 si
3230 5085 3353 5156 quis

1776 5193 1901 5253 cum
1930 5185 2078 5233 recta
2105 5177 2210 5232 fide
2237 5192 2461 5246 pravam
2491 5178 2655 5230 vitam
2696 5177 2942 5246 duxerit,
2991 5176 3124 5237 fides
3159 5177 3208 5232 ei
3241 5192 3354 5232 non

1777 5270 2042 5339 proderit,
2090 5279 2151 5324 ut
2217 5285 2328 5324 non
2392 5269 2623 5325 ardente
2682 5284 2847 5340 opere
2903 5286 3005 5328 suo
3065 5269 3348 5340 puniatur.

1780 5362 1935 5430 Quod
1967 5379 2131 5432 porro
2163 5364 2260 5429 ait,
2292 5364 2509 5428 arserit,
2537 5363 2682 5418 idem
2712 5371 2797 5419 est
2840 5380 2927 5430 ac,
2969 5377 3081 5418 non
3126 5360 3232 5434 72
3268 5361 3350 5418 fe-

1783 5465 1868 5510 ret
1892 5455 2035 5526 ignis
2059 5457 2362 5526 impetum:
2399 5454 2495 5510 sed
2528 5455 2676 5510 velut
2714 5455 2758 5511 si
2795 5455 2920 5526 quis
2958 5455 3144 5511 aureis
3180 5453 3351 5509 armis

1783 5547 2010 5603 indutus
2039 5544 2238 5602 ﬂumen
2273 5545 2416 5619 ignis
2465 5536 2728 5618 trajiciat,
2765 5543 3107 5618 splendidior
3133 5539 3352 5614 egredi-
