3904 6260
206 296 284 363 σοι
1282 305 1366 367 ΙΝ
1405 305 1644 367 EPIST.
1682 306 1748 365 Α]

1865 302 2182 370 ORINTH.
2222 310 2274 372 Ι.

265 424 281 458 ι
316 406 440 478 Ἤδη
464 408 854 480 κεκορεσμένοι
881 408 1138 486 icti-1561;
1160 412 1554 483 ἐπλουτήσατε.
1597 429 1616 462 ι

255 586 432 652 Καλῶς
473 588 564 653 τὸ,
593 589 732 660 ἤδη,
765 591 871 645 ἀπὸ
918 593 1013 646 τοῦ
1037 593 1229 664 χρόνου
1255 590 1474 654 δεικνὺς
1526 587 1589 643 τὸ
1608 586 1740 642 ἀπί-

196 681 332 737 θανον
358 682 553 748 αὐτῶν,
586 684 799 756 καὶτὴν
833 686 1096 758 ἀνάλογον
1137 688 1334 760 οἴησιν.

258 872 275 904 ι
301 853 478 924 Χωρὶς
511 854 666 926 ἡμῶν
695 855 1104 912 ἐϐασιλεύσατε·
1132 860 1228 912 καὶ
1251 858 1440 928 ὄφελόν
1464 877 1527 931 γε
1556 859 1743 916 ἐϐασι-

189 944 416 1009 λεύσατε,
448 948 533 1000 ἵνα
551 949 642 1001 καὶ
661 951 823 1019 ἡμεῖς
847 951 975 1021 ὑμῖν
1007 953 1552 1026 συμϐασιλεύσωμεν.
1586 955 1740 1010 Δοκῶ

190 1038 299 1110 γὰρ,
329 1038 356 1091 ό
379 1038 510 1104 Θεὸς
537 1041 684 1113 ἡμᾶς
706 1042 1040 1108 ἀποστόλους
1068 1044 1327 1115 ἐσχάτους
1363 1046 1644 1116 ἀπέδειξεν
1665 1046 1742 1112 ὡς

188 1128 563 1196 ιπιθανατίους.
591 1150 611 1185 ι

245 1223 565 1293 Βουλόμενος
596 1225 778 1280 αὐτῶν
817 1227 1064 1283 καθελεῖν
1117 1230 1212 1286 τὸν
1237 1231 1425 1302 τῦφον,
1456 1232 1552 1288 καὶ
1572 1233 1741 1299 δεῖξαι

187 1314 257 1370 ὅτι
281 1317 368 1370 ἐπὶ
391 1317 601 1382 τούτοις
625 1319 685 1372 οὐ
719 1321 878 1389 μόνον
902 1322 966 1376 οὒ
998 1323 1453 1392 καλλωπίζεσθαι,
1490 1325 1627 1380 ἀλλὰ
1648 1326 1742 1381 καὶ

187 1408 519 1480 αἰσχύνεσθαι
541 1410 666 1483 χρὴ,
712 1413 930 1485 πρῶτον
980 1416 1080 1486 μὲν
1105 1418 1304 1483 αὐτοὺς
1351 1418 1601 1473 καταιδεῖ
1639 1417 1741 1488 τῷ,

190 1492 323 1571 Ἠδη
352 1506 774 1576 κεκορεσμένοι
799 1507 959 1563 ἐστέ.
992 1509 1131 1565 Νυνὶ
1148 1511 1205 1565 δὲ
1223 1510 1400 1581 λέγων
1419 1511 1603 1580 πάλιν,
1623 1514 1743 1566 Χω-

184 1593 264 1662 ρίς
315 1595 485 1666 ἡμῶν
537 1600 991 1668 ἐϐασιλεύσατε,
1049 1602 1290 1658 τοιοῦτόν
1343 1622 1397 1660 τι
1463 1605 1738 1676 σημαίνει·

183 1687 342 1758 Λέγω,
367 1691 552 1762 φησὶν,
568 1691 649 1747 δτι
679 1694 707 1746 ό
732 1691 922 1765 παρὼν
952 1696 1159 1768 καιρὸς,
1178 1696 1238 1750 οὐ
1262 1695 1452 1769 τιμῆς,
1474 1698 1535 1752 οὐ
1557 1696 1738 1771 δόξης,

183 1772 249 1834 ὧν
273 1780 427 1853 ὑμεῖς
450 1781 774 1850 ἀπολαύετε,
819 1783 955 1840 ἀλλά
989 1785 1085 1840 καὶ
1127 1786 1441 1859 ὑϐρίζεσθαι
1472 1786 1568 1842 καὶ
1611 1785 1741 1841 διώ·

181 1872 378 1939 κεσθαι,
404 1873 551 1946 ειπερ
580 1875 742 1945 ἡμεῖς
769 1875 1069 1949 πάσχομεν.
1107 1876 1170 1932 El
1201 1877 1258 1931 δὲ
1283 1877 1382 1949 οὐχ
1414 1877 1588 1944 οὕτως
1605 1876 1742 1951 ἔχει,

181 1962 305 2018 ἀλλά
337 1965 446 2019 τῶν
483 1966 729 2037 ἀμοιόῶν
773 1969 803 2020 ό
843 1969 1035 2042 καιρὸς
1088 1962 1268 2038 οὗτος,
1320 1971 1475 2042 ὑμεῖς
1542 1972 1640 2042 μὲν
1693 1975 1744 2026 οῖ

184 2055 429 2129 μαθηταὶ,
468 2060 565 2113 καὶ
588 2058 977 2115 ἐϐασιλεύσατε
1009 2061 1213 2117 λοιπόνο
1249 2065 1407 2136 ἡμεῖς
1431 2063 1488 2117 δὲ
1532 2065 1580 2117 οἱ
1603 2064 1746 2118 mea-

182 2148 379 2237 σκαλοι,
431 2151 526 2205 καὶ
554 2151 661 2222 πρὸ
702 2153 922 2207 πάντων
959 2153 1269 2224 ὀφείλοντες
1315 2155 1502 2211 λαϐεῖν
1534 2156 1627 2210 τὸν
1657 2175 1750 2228 μι-

179 2240 312 2307 σθὸν,
343 2242 407 2298 οὐ
443 2242 606 2315 μόνον
651 2243 804 2316 ὑμῶν
833 2245 1056 2317 ἔσχατοι
1083 2249 1422 2320 γεγόναμεν,
1480 2247 1616 2304 ἀλλά
1653 2249 1748 2303 καὶ

180 2330 629 2402 ὦςὲπιθανάτιοι,
689 2337 933 2392 τουτέστι
971 2340 1253 2395 κατάδικοι
1277 2381 1291 2405 ,
1324 2339 1501 2396 διόλου
1542 2341 1598 2395 ἐν
1629 2342 1745 2395 ἀτι-

182 2425 324 2494 μίαις
353 2429 446 2482 καὶ
472 2429 742 2493 κινδύνοις
770 2430 864 2485 καὶ
892 2430 1038 2504 λιμῷ
1083 2431 1365 2502 διάγομεν.
1419 2432 1748 2504 Ὑϐριζόμε-

181 2519 252 2572 νοί
270 2536 347 2585 τε,
373 2519 455 2588 ὡς
497 2522 675 2593 μωροὶ
703 2523 1184 2596 κατελαυνόμενοι,
1220 2525 1317 2580 καὶ
1369 2525 1440 2580 τὰ
1471 2525 1748 2596 ἀνήκεστα

181 2610 556 2683 ὑπομενοντες.
585 2615 773 2670 Ταῦτα
805 2617 863 2671 δὲ
902 2616 1110 2688 ἔλεγεν,
1137 2618 1225 2673 ἵνα
1274 2617 1475 2682 αὐτοὺς
1535 2621 1599 2672 ἐκ
1627 2618 1749 2672 τού-

176 2718 275 2756 των
306 2707 517 2782 ποιήσῃ
538 2707 788 2776 συνιδεῖν,
805 2708 889 2763 ὅτι
913 2710 982 2764 τά
1007 2709 1119 2764 τῶν
1139 2709 1453 2765 ἀποστόλων
1476 2709 1748 2780 ὀφείλουσι

178 2795 385 2868 ζηλοῦν,
414 2802 548 2866 τοὺς
579 2800 880 2869 κινδύνους,
927 2803 1022 2857 καὶ
1069 2804 1168 2867 τὰς
1202 2801 1413 2876 ὕϐρεις,
1445 2802 1506 2857 οὐ
1543 2801 1642 2868 τὰς
1666 2821 1752 2857 τι-

179 2889 274 2959 μὰς
299 2893 393 2946 καὶ
423 2893 526 2960 τάς
545 2894 726 2962 δόξας.
757 2896 834 2952 Οὐ
855 2895 965 2972 γὰρ
991 2897 1199 2964 ἐκεῖνα,
1219 2897 1354 2953 ἀλλά
1383 2897 1558 2954 ταῦτα
1581 2898 1747 2952 ἀπαι-

176 2983 250 3037 τεῖ
273 2983 334 3038 τὸ
363 2986 658 3060 κήρυγμα.

239 3319 259 3355 ι
295 3299 422 3356 ὀτι
455 3299 689 3373 θέατρον
714 3296 1055 3374 ἐγενήθημεν
1085 3296 1162 3372 τῷ
1189 3297 1400 3372 κόσμῳ,
1433 3295 1531 3354 καὶ
1563 3296 1744 3370 ἀγγέ-

173 3394 291 3466 λοις,
323 3397 424 3453 καὶ
454 3392 792 3467 ἀνθρώποις.
836 3412 854 3446 ι

232 3512 347 3568 υῦκ
374 3509 440 3567 ὲν
478 3511 583 3583 μιᾷ
611 3508 790 3576 πόλει,
813 3506 1002 3579 φησὶν,
1035 3505 1068 3576 ἢ
1103 3506 1164 3559 ὲν
1195 3504 1353 3577 μέρει
1416 3503 1519 3576 τῆς
1560 3505 1746 3558 οἰκου-

173 3603 331 3676 μένης
372 3602 560 3658 ταῦτα
620 3600 929 3671 πάσχομεν,
983 3596 1123 3652 ἀλλά
1175 3597 1455 3668 πανταχοῦ
1507 3596 1602 3650 καὶ
1657 3597 1749 3651 ἐπὶ

172 3696 402 3751 πάντων.
438 3694 519 3749 Τὸ
546 3692 629 3761 δὶ,
654 3692 750 3747 καὶ
776 3689 1074 3764 ἀγγέλοις,
1105 3689 1265 3745 τοῦτό
1288 3693 1406 3746 ἐστι
1439 3690 1747 3763 δηλοῦντος,

169 3787 236 3854 ὡς
263 3789 333 3844 τά
371 3786 545 3860 ἡμῶν
593 3784 945 3856 παλαίσματα
990 3782 1216 3838 τοιαῦτα
1238 3823 1254 3849 ,
1283 3783 1362 3846 ὡς
1388 3783 1482 3839 καὶ
1511 3782 1613 3853 τῆς
1649 3784 1752 3852 ἀγ-

168 3883 388 3952 γελικῆς
441 3880 580 3945 θέας
612 3879 742 3945 ἀξια
792 3874 955 3935 εἶναι.
997 3878 1142 3951 Ὅρα
1172 3877 1232 3933 δὲ
1261 3877 1382 3942 πῶς
1441 3877 1636 3933 ἑαυτὸν
1659 3877 1750 3944 ἐξ·

171 3957 430 4040 ευτελίζει
469 3989 485 4005 ·
524 3971 645 4035 πῶς
691 3971 837 4044 μέγα
884 3969 1158 4026 δείκνυσιν
1189 3984 1204 3999 '
1245 3969 1341 4038 ἀφ’
1374 3961 1522 4025 twn
1551 3969 1752 4024 ἐκεῖνοι

174 4067 306 4138 μέγα
359 4065 613 4139 φρονῶσι
646 4081 662 4095 ο
703 4064 824 4130 πῶς
877 4063 1073 4126 αὐτοὺς
1135 4059 1378 4128 εὐτελεῖς
1436 4060 1750 4131 ἀποφαίνει.

180 4161 395 4234 Ἐπειδὴ
432 4159 549 4232 γὰρ
573 4159 637 4212 τὸ
670 4157 890 4231 μωροὺς
918 4153 1058 4212 εἶναι
1082 4155 1177 4212 τοῦ
1229 4155 1533 4229 φρονίμους
1562 4154 1752 4226 φαίνεσ-

174 4253 310 4320 σθαι,
336 4254 439 4308 καὶ
467 4251 536 4307 τὸ
563 4251 813 4315 ἀσθενεῖς
837 4245 976 4305 εἶναι
1029 4248 1126 4305 τοῦ
1178 4248 1437 4322 ἰσχυροὺς
1483 4247 1750 4319 γίνεσθαι,

175 4342 258 4396 καὶ
280 4342 341 4396 τὸ
371 4343 614 4414 ἀτίμους
635 4335 776 4396 εἶναι
805 4340 900 4396 τοῦ
947 4340 1188 4408 ἐνδόξους
1245 4339 1477 4412 ὁρᾶσθαι
1535 4341 1753 4395 εὐτελέ-

3325 305 3430 369 602

1769 414 1814 471 Α
1917 410 2086 469 Vens.
2116 417 2170 470 8.
2210 433 2228 466 ι
2265 413 2385 471 Jam
2435 413 2665 472 saturati
2714 417 2872 480 estis,
2911 411 3022 483 jam
3064 411 3260 468 divites
3298 412 3429 470 facti

1846 504 2006 562 estis.
2046 525 2065 558 ι

1919 598 2188 669 Apposite
2215 610 2398 655 autem
2441 599 2535 664 ait,
2558 599 2699 668 jam,
2755 612 2785 652 α
2832 602 3081 666 tempore
3109 591 3429 660 ostendens,

1846 705 2026 760 neque
2077 691 2379 747 verisimile
2428 692 2561 746 illud
2621 705 2766 758 esse,
2813 703 2916 744 nec
2945 685 3324 742 rationabilem
3361 685 3430 741 de

1847 783 1972 841 istis
2002 783 2350 853 opinionem.

1921 896 1942 930 ι
1978 877 2106 933 Sine
2125 878 2283 932 nobis
2315 875 2604 947 regnastis.
2643 872 2710 929 Et
2738 873 2946 928 utinam
2981 871 3247 943 regnetis,
3281 878 3344 924 ut
3371 877 3428 924 et

1848 985 1949 1026 nos
1977 970 2261 1026 vobiscum
2278 985 2565 1040 regnemus
2589 968 2600 1020 l
2635 965 2823 1042 [νειιε.
2845 963 2928 1037 9.]
2953 965 3085 1018 Puto
3102 965 3247 1018 enim
3278 963 3427 1033 quod

1849 1063 1992 1119 Deus
2017 1079 2118 1119 nos
2162 1065 2444 1135 apostolos
2479 1061 2817 1117 novissimos
2873 1057 3116 1114 ostendit
3164 1065 3426 1127 tanquam

1847 1156 2016 1212 morti
2044 1155 2365 1211 destinatos.
2394 1174 2413 1209 ι

1917 1248 2056 1304 Cum
2117 1247 2321 1303 fastum
2366 1261 2556 1303 eorum
2610 1242 2921 1316 deprimere
2968 1242 3341 1317 proposuerit,
3375 1251 3428 1298 et

1848 1342 2142 1397 ostendere
2181 1341 2376 1395 horum
2413 1354 2581 1394 causa
2611 1336 2958 1410 gloriandum
2996 1354 3102 1392 non
3145 1351 3302 1402 esse,
3333 1337 3427 1392 sed

1851 1431 2029 1502 magis
2076 1431 2558 1498 erubescendum;
2610 1432 2846 1501 primum
2902 1428 3123 1499 quidem
3177 1444 3274 1484 eos
3325 1444 3428 1500 pu-

1848 1526 1980 1583 dore
2008 1525 2296 1590 suﬂundit,
2329 1524 2595 1580 dicendo:
2631 1520 2755 1576 lam
2803 1522 3039 1577 saturati
3085 1522 3234 1576 estis.
3269 1520 3429 1576 lteru-

1849 1635 1955 1692 que
1994 1635 2142 1675 nunc
2187 1620 2318 1674 dum
2347 1618 2478 1673 “ait:
2536 1616 2667 1672 Sine
2715 1618 2864 1671 nobis
2914 1616 3198 1684 regnaslis,
3237 1614 3429 1669 consi-

1849 1713 1979 1768 mile
2007 1711 2290 1785 quidpiam
2325 1712 2410 1766 his
2457 1711 2646 1766 verbis
2678 1709 3065 1781 signilicatur:
3112 1707 3243 1762 Dico
3291 1711 3427 1778 quod

1849 1814 2049 1876 lernpus
2082 1804 2229 1859 breve
2270 1813 2385 1867 est;
2444 1818 2557 1858 non
2598 1813 2816 1874 tempus
2860 1801 3114 1866 honoris,
3163 1815 3273 1855 non
3313 1801 3429 1869 glo-

1849 1901 1966 1964 ria),
2007 1898 2209 1969 ﬁnibus
2260 1912 2356 1953 vos
2413 1895 2681 1960 fruimini,
2725 1894 2822 1951 sed
2885 1902 2998 1949 tum
3059 1892 3427 1956 contumeliae,

1847 1995 1962 2043 tum
2013 1986 2454 2058 persecutionis;
2510 2000 2634 2056 quae
2677 1985 2898 2056 quidem
2951 1998 3056 2039 nos
3101 1983 3426 2038 toleramus.

1851 2076 1908 2134 Si
1939 2078 2085 2134 enim
2123 2093 2211 2133 res
2239 2078 2313 2132 ita
2347 2091 2407 2134 se
2432 2090 2541 2131 non
2576 2074 2762 2138 habet,
2793 2074 2887 2129 sed
2921 2072 3425 2130 remunerationum

1850 2185 2069 2242 tempus
2121 2171 2298 2236 adest,
2344 2184 2444 2225 vos
2501 2166 2749 2239 quidem,
2802 2167 2894 2238 qui
2951 2165 3210 2237 discipuli
3264 2163 3425 2232 estis,

1845 2280 2078 2334 regnum
2123 2261 2446 2320 obtinuistis
2473 2261 2672 2330 modo;
2708 2276 2811 2317 nos
2845 2267 3053 2324 autem,
3101 2259 3193 2329 qui
3237 2273 3428 2314 sumus

1851 2356 2129 2427 magistri,
2173 2354 2378 2426 quique
2412 2369 2525 2425 prie
2564 2353 2783 2416 caeteris
2819 2352 3128 2408 mercedem
3177 2351 3430 2425 accipere

1849 2448 2212 2512 debebamus,
2267 2463 2377 2502 non
2443 2449 2624 2503 solum
2676 2446 2972 2503 novissimi
3004 2453 3249 2501 vestrmn
3299 2443 3430 2498 facti

1849 2557 2065 2608 sumus,
2102 2540 2195 2595 sed
2240 2547 2296 2595 et
2334 2539 2440 2610 '75
2468 2548 2730 2610 tanquam
2776 2539 2939 2593 morti
2976 2537 3277 2600 destinati,
3309 2535 3428 2592 sive

1849 2633 2137 2699 damnati;
2184 2631 2238 2688 in
2276 2631 2614 2703 opprobriis,
2653 2640 2705 2688 et
2738 2632 3023 2703 periculis,
3046 2639 3102 2686 et
3131 2631 3274 2684 fame
3307 2644 3428 2702 per-

1849 2736 2012 2800 petuo
2062 2740 2371 2782 versamur.
2434 2722 2756 2797 lgnominiis
2798 2724 3087 2788 afﬁciatur,
3155 2733 3420 2792 tanquam

1850 2819 2029 2876 insani
2065 2819 2341 2890 pellimur,
2376 2825 2430 2874 et
2476 2817 2850 2873 ineluctabilis
2911 2817 3269 2872 sustinemus.
3309 2814 3433 2871 Haec

1848 2926 2014 2982 porro
2040 2910 2244 2975 aiebat,
2278 2917 2339 2964 ut
2375 2909 2501 2964 illos
2539 2917 2918 2964 commoneret
2956 2905 3262 2961 aemulanda
3295 2919 3420 2960 esse

1848 3002 2228 3073 apostolorum
2281 3000 2553 3064 facinora,
2609 3000 2873 3071 pericula,
2917 3008 2974 3056 et
3025 2998 3281 3070 injurias,
3320 3011 3432 3052 non

1774 3123 1818 3186 ο
1851 3095 2113 3150 honorem
2155 3105 2208 3151 et
2250 3093 2504 3166 gloriam.
2547 3093 2874 3150 Praedicatio
2935 3092 3209 3165 siquidem
3253 3088 3436 3145 Evan-

1853 3187 2004 3260 gelii,
2025 3202 2136 3243 non
2169 3187 2284 3243 haec
2314 3186 2409 3244 sed
2438 3187 2527 3243 illa
2557 3187 2824 3260 postulat.
2867 3247 2870 3250 ,

1929 3316 1950 3351 ι
1992 3296 2130 3365 Quia
2166 3298 2538 3369 spectaculum
2579 3297 2707 3354 facti
2737 3313 2937 3357 sumus
2977 3299 3203 3367 mundo,
3235 3308 3293 3355 et
3331 3314 3434 3355 au-

1852 3393 2013 3467 gelis,
2052 3403 2107 3448 et
2150 3392 2491 3447 hominibus.
2525 3411 2544 3443 ι

1929 3505 2046 3562 Non
2075 3506 2128 3560 in
2159 3521 2264 3561 una
2306 3505 2552 3570 civitate,
2599 3512 2693 3560 aut
2731 3503 2786 3562 in
2817 3504 3055 3576 quadam
3082 3504 3236 3561 orbis
3277 3516 3434 3578 parte

1856 3599 1973 3655 haec
2028 3598 2308 3670 patimur;
2356 3598 2449 3655 sed
2483 3597 2686 3668 ubique
2726 3598 2975 3655 locorum
3023 3607 3078 3655 et
3116 3598 3280 3654 nullis
3319 3613 3432 3654 non

1855 3694 1924 3750 de
1959 3692 2167 3748 causis.
2193 3690 2365 3747 Porro
2393 3689 2596 3762 angelis
2629 3691 2726 3759 ait,
2763 3690 3129 3764 significando
3162 3690 3432 3762 ejusmodi

1855 3801 1981 3843 esse
2018 3794 2212 3841 nostra
2262 3784 2591 3849 certamina,
2650 3793 2710 3838 ut
2756 3783 3078 3856 angelorum
3119 3783 3282 3858 digna
3320 3785 3433 3841 sint
3544 3849 3546 3851 ν

1857 3887 2103 3951 aspectu.
2156 3875 2379 3932 Videsis
2438 3885 2622 3932 autem
2679 3875 2960 3948 quomodo
3011 3878 3253 3949 seipsum
3286 3884 3434 3932 exte-

1858 3981 2014 4038 nuat,
2070 3981 2124 4030 et
2169 3975 2450 4041 quomodo
2505 3985 2729 4026 rursum
2793 3970 2977 4042 magni
3040 3969 3209 4025 facit:
3257 3970 3312 4024 in
3344 3967 3434 4023 his

1858 4075 2043 4122 autem
2081 4065 2338 4135 aquibus
2391 4064 2470 4119 illi
2510 4061 2902 4128 efferebantur,
2938 4077 3050 4134 quo
3105 4071 3264 4134 pacto
3297 4062 3432 4117 viles

1860 4158 2010 4230 ipsos
2041 4157 2306 4214 ostendit.
2347 4155 2481 4210 Nam
2513 4156 2644 4228 quia
2691 4155 2961 4212 humilius
2992 4162 3045 4211 et
3081 4153 3246 4210 vilius
3278 4154 3433 4210 vide-

1860 4262 1948 4307 tur
1969 4266 2092 4307 esse
2131 4252 2331 4306 stultos
2380 4264 2542 4319 quam
2594 4249 2891 4318 prudentes
2939 4247 3152 4313 haberi,
3184 4262 3284 4302 nec
3317 4263 3424 4302 non

1859 4342 2108 4398 infirmos
2139 4357 2261 4396 esse
2294 4356 2458 4411 quam
2497 4337 2667 4397 fortes
2711 4340 2852 4408 ﬁeri,
2887 4351 2940 4396 et
2976 4339 3245 4410 inglorios
3270 4354 3430 4407 quam

182 4449 364 4505 στερον
415 4429 566 4489 εἶναι
624 4432 776 4487 δοκεῖ
803 4449 819 4465 ο
864 4435 956 4487 καὶ
1017 4434 1084 4488 τὰ
1139 4434 1238 4504 μὲν
1290 4435 1519 4499 ἐκείνοις
1570 4436 1748 4507 μέλλει

1864 4436 2070 4489 honore
2099 4439 2155 4488 et
2186 4434 2360 4503 gloria
2387 4440 2616 4489 ornatos
2642 4429 2819 4488 videri
2844 4450 2858 4485 :
2893 4440 3061 4500 atque
3089 4430 3180 4485 illa
3212 4429 3430 4500 quidem

181 4498 400 4592 ῥίπτειν,
436 4527 510 4581 τὰ
526 4525 584 4580 δὲ
612 4527 776 4590 αὐτὸς
795 4498 1161 4592 κατεδέξατος
1189 4526 1462 4582 δείκνυσιν
1483 4498 1748 4583 δτίταῦτσ

1864 4529 1912 4582 in
1946 4541 2045 4581 eos
2095 4507 2407 4596 réjecturus
2457 4534 2598 4589 erat,
2635 4524 2750 4579 haec
2800 4538 2928 4580 vero
2963 4522 3083 4594 ipse
3113 4522 3219 4578 sibi
3251 4522 3429 4576 vindi-

174 4618 389 4673 ἐκείνων
443 4616 681 4689 ἀμείνω,
729 4619 784 4670 εῖ
810 4633 875 4688 γε
915 4617 1005 4671 διὰ
1058 4617 1233 4672 ταῦτα
1264 4618 1339 4690 μὴ
1373 4619 1531 4689 μόνον
1548 4619 1756 4690 ἀνερώ-

177 4721 306 4771 πων,
334 4707 480 4762 ἀλλὰ
514 4707 612 4762 καὶ
649 4707 810 4761 αὐτὸν
840 4706 948 4762 τῶν
976 4707 1224 4775 ἀγγέλων
1256 4707 1345 4761 τὸν
1399 4709 1570 4780 δῆμον
1624 4709 1759 4782 πρὸς

176 4795 266 4868 τὴν
299 4798 434 4854 θέαν
461 4798 800 4871 ἐπέστρεψεν
830 4799 929 4870 τὴν
956 4798 1185 4855 ἑαυτῶν.

248 5015 267 5047 ε
288 4997 490 5067 Ἡμεῖς
526 4996 701 5067 μωροὶ
753 4995 842 5049 διὰ
875 4997 1128 5066 Χριστὸν,
1154 4997 1312 5069 ὑμεῖς
1333 5000 1388 5053 δὲ
1412 5001 1666 5072 φρόνιμοι
1699 5004 1757 5055 ἐν

179 5087 414 5158 Χριστῷ.
479 5088 674 5159 Ἡμεῖς
701 5088 969 5161 ἀσθενεῖς,
996 5091 1153 5161 ὑμεῖς
1185 5090 1241 5144 δὲ
1264 5090 1351 5158 ξσχ
1378 5092 1520 5163 υροί.
1564 5092 1756 5163 Ὑμεῖς

180 5176 370 5244 ενδοξοι
391 5220 409 5245 ,
441 5179 609 5248 ἡμεῖς
644 5178 702 5232 δὲ
733 5177 940 5248 ἄτιμοι.
971 5181 1136 5251 ’Δχρι
1163 5181 1267 5253 τῆς
1312 5184 1437 5253 ἄρτι
1477 5183 1631 5258 ὥρας
1663 5189 1756 5242 καὶ

181 5270 478 5342 πεινῶμεν,
537 5272 634 5324 καὶ
687 5270 971 5342 διψῶμεν,
1005 5273 1100 5326 καὶ
1148 5275 1602 5344 γυμνητεύομεν,
1665 5282 1758 5334 καὶ

183 5360 610 5436 κολαφιζόμεθα,
647 5363 745 5418 καὶ
768 5363 1136 5437 ἀστατοῦμεν,
1178 5367 1277 5421 καὶ
1331 5368 1634 5440 κοπιῶμεν,
1668 5371 1755 5443 ἐρ-

184 5455 483 5526 γαζόμενοι
508 5457 631 5522 ταῖς
663 5453 824 5521 ἰδίαις
856 5457 1068 5530 χερσίν.
1100 5477 1120 5512 ι

249 5566 418 5624 Πάλιν
445 5568 550 5624 καὶ
584 5567 746 5624 τοῦτο
791 5571 1161 5642 ὲντρεπτικῶς
1188 5570 1340 5630 εἶπεν
1375 5594 1387 5607 ο
1431 5577 1617 5651 ἐπειδὴ
1647 5581 1755 5651 γὰρ

187 5657 336 5714 αὐτοὶ
398 5661 505 5729 μὲν
551 5662 845 5718 ἐτύπτοντο
896 5665 992 5718 καὶ
1054 5667 1418 5737 ἠτιμάζοντο,
1478 5673 1675 5725 ἐκεῖνοι
1698 5674 1755 5727 δὲ

190 5747 455 5822 ιτιμῶντο
501 5751 593 5809 καὶ
621 5755 776 5824 σοφοὶ
835 5755 1240 5825 ὕπωπτεύοντο,
1302 5760 1415 5824 πῶς
1466 5761 1563 5829 ἔνι,
1596 5767 1755 5834 φησὶ,

1859 4622 2115 4682 caverat;
2168 4613 2378 4669 idcirco
2435 4614 2624 4668 isthtec
2670 4614 2778 4671 illis
2816 4614 3031 4685 potiora
3053 4628 3181 4668 esse
3206 4613 3429 4678 evincit,

1860 4709 1990 4781 quia
2036 4715 2261 4779 propter
2299 4707 2430 4767 ista.
2474 4721 2584 4762 non
2640 4706 2924 4760 hominum
2981 4715 3216 4772 tantum,
3256 4705 3349 4763 sed
3379 4715 3428 4762 et

1862 4800 2183 4871 angelorum
2243 4799 2654 4853 multitudinem
2701 4798 2764 4852 ad
2799 4798 2883 4854 sui
2917 4813 3259 4869 suorumque
3309 4812 3432 4868 spe-

1861 4894 2140 4950 ctaculum
2173 4892 2471 4948 convertit.

1932 5005 2097 5062 Vsus.
2164 5007 2344 5060 10-12.
2412 5023 2430 5056 ι
2484 5003 2596 5059 Nos
2647 5003 2800 5057 stulti
2857 5011 3081 5073 prepter
3125 5004 3433 5070 Christum,

1859 5115 1961 5154 vos
2001 5108 2182 5153 autem
2215 5098 2513 5169 prudentes
2550 5098 2603 5151 in
2630 5095 2853 5151 Christo
2888 5114 2901 5150 :
2931 5111 3031 5150 nos
3063 5095 3285 5160 infirmi,
3329 5111 3427 5150 vos

1862 5199 2044 5246 autem
2095 5192 2266 5245 fortes
2322 5204 2470 5244 :nos
2501 5186 2793 5258 ignobiles,
2838 5200 2932 5241 vos
2969 5186 3201 5242 nobiles.
3244 5187 3434 5257 Usque

1860 5285 1915 5340 in
1969 5285 2109 5338 hanc
2151 5285 2341 5349 horam
2391 5291 2444 5336 et
2473 5282 2773 5344 esurimus,
2819 5287 2873 5337 et
2917 5279 3161 5347 sitimus,
3204 5289 3258 5336 et
3301 5279 3432 5337 nudi

1863 5393 2077 5442 sumus,
2109 5385 2165 5430 et
2197 5375 2442 5444 colaphis
2476 5373 2763 5438 credimur,
2803 5380 2859 5428 et
2895 5372 3186 5428 instabiles
3216 5389 3432 5441 sumus,

1858 5475 1915 5523 et
1947 5468 2260 5522 laboramus
2293 5471 2584 5536 operantes
2614 5463 2870 5519 manibus
2904 5463 3134 5520 nostris.
3173 5482 3193 5515 ι

1932 5579 2048 5636 Hoc
2082 5581 2248 5635 etiam
2277 5579 2436 5644 dixit,
2469 5586 2528 5632 ut
2563 5592 2660 5632 eos
2701 5574 3076 5646 pudefaceret.
3118 5575 3254 5632 Cum
3283 5576 3432 5631 enim

1861 5671 1954 5724 alii
2007 5670 2225 5739 quidem
2275 5668 2534 5737 vapulent
2585 5678 2639 5722 et
2688 5677 3138 5731 contemnuntur,
3174 5667 3266 5721 alii
3299 5682 3432 5722 vero

1861 5761 2162 5817 honoribus
2230 5771 2555 5832 augeantur,
2613 5770 2663 5816 et
2724 5760 3002 5831 sapientes
3059 5759 3432 5828 aestimentur;
