3904 6260
439 269 546 339 607

1617 275 1678 337 S.
1718 274 1957 339 ΙΟΑΝΝ
1963 275 2035 336 IS
2072 275 2503 337 DAMASCENI

3582 270 3676 340 608

446 387 521 444 sit
560 387 797 444 crimen.
822 388 1147 455 Commune,
1196 390 1447 462 inquam.
1480 405 1590 446 non
1616 391 1798 462 quoad
1831 406 2031 464 pecca-

2158 391 2189 443 ὲ
2214 390 2317 445 οὐκ
2348 390 2443 444 ὲπὶ
2481 387 2559 461 τῷ
2586 389 2951 463 ἁμαρτήματι
2978 389 3139 457 λέγω,
3195 387 3312 443 ἀλλ’
3348 387 3436 444 ἐπὶ
3457 390 3521 462 τῇ
3546 389 3678 446 διδα-

448 489 587 545 tum,
647 479 743 537 sed
787 482 969 553 quoad
1029 481 1360 537 doctrinam.
1397 480 1727 554 Quanquam
1769 499 1879 540 non
1922 484 2026 540 hoc

450 570 782 636 enuntiavit,
842 572 937 626 sed
974 570 1029 626 in
1080 571 1264 627 medio
1296 571 1543 640 reliquit,
1575 580 1648 626 .ut
1672 573 1849 641 magis
1896 571 2030 628 feri-

450 673 550 719 ret.
584 662 737 719 Unus
778 666 970 735 utique
996 665 1279 721 doctorum
1309 673 1431 719 erat
1455 665 1706 722 incestus
1739 665 1850 721 ille.

526 776 545 807 σ
572 754 637 810 Et
668 772 773 811 nun
803 757 987 827 potius
1045 758 1258 813 luctum
1289 756 1589 825 habuistis,
1616 763 1677 813 ut
1715 757 1939 815 tollatur
1963 757 2032 818 de

452 849 632 904 modio
659 858 902 905 vestrum
931 851 1025 922 qui
1056 850 1163 905 hoc
1191 865 1331 921 opus
1366 849 1521 906 fecit.
1553 870 1573 905 ι

524 942 800 1009 Quoniam
836 942 892 999 in
915 959 1207 1001 commune
1233 958 1437 1016 corpus
1466 942 1728 1001 Ecclesia:
1741 960 2031 1017 progressa

452 1042 539 1091 est
570 1035 912 1103 criminatio,
967 1035 1169 1108 inquit.
1199 1022 1392 1108 Neque
1425 1035 1588 1103 dixit,
1619 1044 1675 1093 et
1701 1052 1813 1095 non
1842 1039 2031 1111 potius

453 1128 697 1199 ejecistis
730 1149 744 1186 :
779 1130 873 1186 sed
897 1130 1116 1187 sicutin
1150 1131 1346 1188 morbo
1380 1129 1573 1202 aliquo
1599 1139 1657 1187 et
1678 1140 1856 1202 peste,
1876 1132 2033 1191 luctu

454 1237 593 1295 opus
622 1239 744 1280 esse
776 1226 1174 1295 pronuntiavit.

525 1314 694 1371 Vens.
737 1317 792 1371 5.
821 1334 841 1369 ι
892 1316 1006 1389 Ego
1052 1319 1277 1391 quidem
1318 1324 1476 1381 velut
1527 1325 1729 1383 absens
1775 1335 2031 1394 corpore.

453 1419 701 1476 praesens
735 1415 917 1464 autem
954 1410 1173 1480 spiritu.
1224 1430 1245 1465 ι

522 1494 715 1568 Neque
737 1512 1061 1570 exspectare
1094 1504 1395 1563 adventum
1424 1523 1584 1565 suum
1633 1508 1813 1580 jubet,
1842 1520 1944 1564 nec
1974 1521 2036 1563 se

455 1603 687 1658 prorsus
720 1593 1048 1661 praestolari,
1078 1603 1138 1651 ut
1170 1600 1447 1671 negotium
1475 1609 1610 1657 tunc
1635 1608 1865 1671 agatur;
1910 1598 2029 1664 sed,

456 1681 624 1737 veluti
660 1685 832 1754 pestis
860 1686 1049 1756 aliqua
1090 1692 1284 1760 procul
1340 1703 1488 1748 esset
1528 1693 1687 1763 prius
1737 1692 2032 1765 abigenda,

455 1788 578 1843 quae
618 1791 715 1845 per
794 1783 971 1833 totum
1012 1794 1213 1851 corpus
1247 1793 1515 1856 serperet,
1549 1798 1810 1841 coercere
1851 1787 2037 1843 scelus

456 1874 738 1935 properat.
797 1866 955 1926 Unde
982 1880 1034 1926 et
1065 1874 1358 1947 subjungit
1392 1893 1407 1931 :
1442 1873 1569 1932 lam
1609 1876 1853 1948 iudicavi
1910 1888 2035 1934 tan—

455 1973 615 2029 quam
640 1976 894 2031 prwsens.
924 1962 980 2019 Id
1008 1966 1155 2036 quod
1184 1967 1343 2033 dixit,
1372 1984 1482 2025 non
1535 1970 1700 2026 modo
1732 1979 1792 2026 ut
1819 1985 1917 2029 eos
1942 1986 2040 2027 ur-

455 2059 610 2121 geret
662 2052 729 2108 ad
787 2054 1073 2112 ferendam
1108 2059 1487 2119 damnationis
1546 2064 1903 2131 sententiam,
1943 2073 2038 2121 aut

456 2145 605 2201 aliud
634 2146 767 2219 quid
796 2148 938 2206 inire
963 2152 1187 2208 consilii
1222 2153 1465 2222 sineret;
1495 2155 1592 2212 sed
1618 2156 1782 2211 etiam
1823 2166 1883 2212 ut
1924 2164 2037 2213 ter-

454 2235 674 2301 ritaret,
707 2247 969 2310 tanquam
1025 2242 1133 2299 sibi
1168 2252 1458 2317 perspecta
1487 2254 1680 2304 essent
1731 2248 1948 2315 futura,
1984 2256 2041 2305 et

455 2342 803 2405 quaecunque
830 2330 1043 2402 judicio
1069 2336 1367 2394 sancienda
1399 2347 1581 2394 erant.
1631 2338 1769 2396 Nam
1800 2347 1855 2398 et
1881 2340 1933 2397 id
1959 2340 2040 2398 si-

458 2420 711 2490 gniﬁcat,
760 2441 874 2481 esse
919 2439 1231 2498 praesentem
1292 2431 1491 2501 spiritu
1520 2446 1540 2487 :
1567 2433 2036 2504 quemadmodum

454 2512 687 2570 Elisaeus
733 2532 973 2587 praesens
1003 2520 1179 2577 luerat
1196 2521 1369 2589 Giezi,
1404 2539 1530 2579 cum
1558 2525 1767 2585 diceret
1796 2543 1812 2582 :
1849 2526 2040 2587 Nouus

455 2619 551 2659 cor
577 2621 748 2661 meum
780 2616 950 2663 tecum
969 2610 1059 2666 ”?

532 2693 698 2753 Vsus.
761 2700 819 2761 4.
861 2699 913 2756 5.
961 2720 979 2754 ι
1017 2700 1139 2758 Jam
1190 2703 1440 2776 judicavi
1490 2718 1551 2764 ut
1602 2724 1849 2781 presens
1906 2727 2036 2769 eum

2132 482 2330 556 σκαλίᾳ
2354 486 2423 555 τῇ
2459 486 2592 555 παρ’
2638 483 2871 538 ἐκείνου.
2903 483 2965 537 Εί
2994 482 3092 537 καὶ
3130 481 3229 552 οὐχ
3258 480 3430 546 οὕτως
3458 482 3677 554 εἴρηκεν,

2129 575 2266 632 ἀλλὰ
2288 576 2500 647 ἀφῆκεν
2526 575 2660 631 αὐτὸ
2696 575 3013 649 μέσον,ἴνα
3053 574 3234 648 πλήξῃ
3289 572 3561 647 μειζόνως.
3598 569 3681 641 Εἷς

2130 669 2189 724 δὲ
2218 669 2327 723 τῶν
2356 668 2694 725 διδασκάλων
2724 668 3029 743 πορνεύσας
3054 663 3144 741 ἦν.

2209 783 2228 818 ι
2262 764 2375 818 Καὶ
2425 763 2547 835 οὐχὶ
2605 764 2808 835 μᾶλλον
2857 762 3219 834 ἐπενθήσατε,
3273 762 3362 817 ἵνα
3406 762 3600 836 ἐξαρθῇ
3628 764 3687 819 ἐκ

2135 857 2303 932 μέσου
2331 858 2487 930 ὑμῶν
2514 859 2544 913 ὁ
2566 857 2628 913 τὸ
2658 857 2821 930 ἔργον
2850 855 3005 912 τοῦτο
3032 858 3283 930 ποιήσας.
3304 874 3325 909 ι

2204 950 2327 1007 Ὅτι
2354 952 2434 1017 είς
2457 951 2521 1007 τδ
2544 950 2751 1018 κοινὸν,
2793 950 2929 1021 φησι
2948 988 2965 1015 ,
3028 952 3129 1022 τῆς
3169 948 3495 1021 Ἐκκλησίας
3524 950 3556 1021 ἡ
3585 950 3690 1006 δια-

2134 1037 2267 1112 ϐολὴ
2318 1040 2733 1114 προεχώρησεν.
2764 1038 2878 1095 Kal
2933 1038 3035 1093 οὐκ
3094 1033 3249 1093 εἶπεν
3278 1054 3295 1072 ⁸
3322 1038 3449 1110 οὐχὶ
3506 1040 3693 1111 μᾶλλον

2133 1130 2445 1198 εξεσάλετε,
2477 1131 2595 1187 ἀλλ’
2624 1130 2702 1197 ὠς
2734 1129 2832 1185 επὶ
2859 1130 3021 1185 νόσου
3046 1131 3190 1197 τινὸς
3216 1132 3313 1186 καὶ
3359 1131 3547 1205 λοιμοῦ
3577 1131 3695 1187 πίνη

2137 1220 2264 1287 θους
2292 1222 2485 1294 χρείαν
2510 1224 2838 1297 πεποίηκεν.

2212 1328 2233 1364 ι
2286 1309 2428 1381 Ἐγὼ
2456 1312 2557 1384 μὲν
2585 1313 2696 1384 γὰρ
2718 1313 2795 1377 ὡς
2826 1311 3022 1387 παρὼν
3040 1310 3120 1384 τῷ
3150 1308 3391 1385 σώματι,
3440 1313 3697 1385 παρὼνᾶ

2121 1392 2214 1475 ’τῷ
2241 1401 2538 1476 πνεύματι.
2574 1421 2594 1456 ι

2206 1496 2321 1551 Οὐκ
2343 1496 2633 1568 ἀναμεῖναι
2666 1494 2834 1552 αὑτοῦ
2856 1496 2957 1569 τὴν
3014 1502 3325 1573 παρουσίαν
3374 1503 3559 1575 φησιν,
3586 1501 3695 1558 om

2137 1586 2463 1655 ικδέξασθαι
2504 1587 2687 1655 αὐτὸν,
2747 1589 2845 1643 καὶ
2901 1589 3022 1647 τότε
3067 1593 3325 1667 πρᾶξαιλο
3353 1594 3479 1649 ἀλλ’
3523 1592 3698 1669 ὥσπερ

2135 1678 2257 1733 τινὰ
2277 1677 2464 1750 λοιμὸν
2495 1678 2824 1735 ἀπελαύνειν
2878 1679 3110 1753 μέλλων,
3165 1682 3357 1757 πρὶνή
3389 1684 3698 1757 διαδοθῆναι

2134 1768 2217 1833 είς
2247 1768 2308 1823 τὸ
2337 1768 2525 1825 λοιπὸν
2562 1772 2723 1843 σῶμα
2763 1772 3047 1842 ἐπείγεται
3107 1778 3432 1849 κατασχεῖν.
3487 1778 3578 1834 Διδ
3612 1780 3699 1834 καὶ

2137 1860 2338 1931 ἐπάγει
2364 1861 2538 1932 λέγων
2570 1880 2588 1895 ο
2617 1864 2768 1933 Ἤδη
2800 1864 3049 1936 κέκρικα
3066 1866 3149 1936 ὡς
3178 1868 3405 1939 παρών.
3461 1870 3631 1926 Τοῦτο
3648 1871 3701 1928 δὶ

2136 1950 2326 2025 ἔλεγεν
2355 1954 2418 2010 οὐ
2457 1954 2621 2023 μόνον
2644 1957 2993 2027 κατεπείγων
3019 1959 3221 2025 αὐτοὺς
3249 1962 3332 2025 τις
3365 1961 3469 2035 τήν
3506 1962 3705 2035 ἀπόφα-

2138 2065 2246 2117 σιν,
2276 2050 2374 2104 καὶ
2398 2050 2500 2105 οὐκ
2538 2051 2699 2121 ἀφεὶς
2722 2051 2907 2108 sum
2953 2051 3370 2125 βουλεύσασθαι,
3437 2055 3573 2112 ἀλλὰ
3621 2059 3705 2115 καὶ

2138 2141 2341 2214 φοϐῶν,
2370 2143 2447 2208 ὡς
2479 2142 2639 2209 είδὼς
2664 2145 2735 2199 τὰ
2763 2146 2888 2201 ἐκεῖ
2912 2148 3262 2220 γενησόμενα
3302 2149 3401 2205 καὶ
3464 2148 3707 2224 κριθησό-

2141 2251 2301 2307 μενα.
2333 2233 2505 2291 Τοῦτο
2532 2236 2643 2309 γάρ
2677 2238 2795 2291 ἐστι
2838 2241 3101 2311 παρεῖναι
3121 2239 3201 2313 τῷ
3224 2241 3502 2314 πνεύματι
3531 2241 3706 2315 ὥσπερ

2136 2329 2168 2382 ὁ
2203 2326 2508 2393 Ἐλισσαῖος
2540 2330 2721 2402 παρῆν
2751 2330 2830 2404 τῷ
2860 2331 3050 2407 nam,
3103 2334 3200 2390 καὶ
3251 2333 3447 2407 ελεγεν
3475 2351 3493 2369 ⁸
3513 2336 3703 2410 οὐχίή

2137 2420 2352 2492 καρδία
2364 2440 2482 2494 μου
2496 2424 2648 2494 μετὰ
2671 2424 2789 2479 σοῦ
2810 2440 2835 2490 ;
3002 2464 3003 2467 η

2215 2710 2236 2746 ι
2271 2693 2408 2763 Ἤδη
2436 2691 2672 2765 κέκρικα
2704 2692 2782 2758 ὡς
2808 2691 3002 2767 παρὼν
3050 2693 3144 2748 τὸν
3174 2692 3352 2761 οὕτως
3399 2693 3564 2751 τοῦτο
3584 2710 3708 2750 κατα

457 2788 553 2861 qni
589 2791 673 2846 sic
696 2803 963 2862 operatus
988 2805 1095 2863 est,
1126 2797 1182 2857 in
1213 2802 1440 2858 nomine
1462 2801 1877 2863 Domininostri
1903 2804 2037 2865 Jesu

2158 2786 2534 2857 εργασάμενον,
2564 2786 2624 2839 ὲν
2653 2784 2733 2857 τῷ
2768 2785 2998 2857 ὀνόματι
3025 2785 3121 2841 τοῦ
3161 2786 3371 2857 Κυρίου
3402 2786 3568 2859 ήμῶν
3610 2786 3706 2857 ’1η-

454 2879 661 2938 Christi
696 2884 1043 2959 congregatis
1078 2890 1236 2948 vobis
1272 2900 1328 2950 et
1362 2909 1486 2951 meo
1515 2896 1738 2969 spiritu,
1768 2914 1895 2957 cum
1926 2900 2037 2957 vir-

2158 2876 2235 2933 τοῦ
2266 2878 2502 2950 Χριστοῦ
2536 2878 2915 2951 συναχθέντων
2954 2877 3111 2951 ὑμῶν
3127 2880 3224 2934 καὶ
3245 2875 3345 2934 τοῦ
3371 2878 3517 2952 ἐμοῦ
3551 2877 3699 2934 Uvae:

454 2979 573 3084 inte
596 2973 815 3033 Domini
845 2982 1019 3037 nostri
1047 2980 1181 3039 Jesu
1203 2984 1431 3055 Christi,
1468 2990 1688 3048 tradere
1714 2991 2032 3063 huiusmodi

2158 2985 2345 3037 ιατος,
2401 2970 2502 3025 σὺν
2533 2973 2600 3043 τῇ
2649 2972 2879 3045 δυνάμει
2939 2970 3037 3025 τοῦ
3102 2972 3311 3055 Κυρίου
3345 2973 3513 3046 ήμῶν
3547 2970 3709 3047 Ἰησοῦ

457 3062 696 3124 Satanae.
729 3089 749 3122 ι
1794 3062 1801 3063 ί
2063 3062 2107 3084 ’⁸⁵
2140 3063 2404 3136 Χριστοῦ,
2433 3063 2778 3135 παραδοῦναι
2805 3063 2901 3119 τὸν
2932 3064 3179 3121 τοιοῦτον
3200 3064 3282 3139 τῷ
3310 3066 3583 3140 Σατανᾷ.ι

525 3154 647 3213 Non
672 3158 807 3215 sinit
834 3176 930 3219 eos
966 3162 1113 3219 aliud
1137 3166 1419 3238 quidpiam
1443 3172 1813 3231 comminisci.
1845 3175 2037 3248 Siqui-

2208 3154 2326 3211 Οὐκ
2354 3155 2582 3228 ἀφίησιν
2602 3157 2805 3221 αὐτοὺς
2829 3157 3021 3231 ἕτερον
3044 3175 3099 3212 τι
3135 3158 3413 3230 ἐννοῆσαι.
3447 3158 3562 3214 Καὶ
3612 3157 3711 3230 γὰρ

454 3247 580 3304 dein
610 3253 943 3311 sententiam
976 3258 1079 3313 tuli
1102 3270 1159 3314 ut
1188 3277 1459 3332 praesens,
1492 3264 1697 3338 inquit.
1737 3247 1946 3328 Deinde
1970 3287 2037 3329 ne

2158 3248 2410 3322 ιξήνεγκα
2445 3249 2545 3322 τὴν
2592 3250 2900 3321 ἀπόφασιν,
2923 3251 3000 3317 ὡς
3034 3249 3227 3324 παρὼν
3248 3264 3272 3317 ,’
3330 3251 3522 3325 φησίν.
3580 3248 3704 3307 εἶτα

458 3342 572 3415 78
620 3346 846 3402 nimiam
878 3348 982 3404 sibi
1024 3365 1287 3425 arrogare
1331 3358 1718 3416 auctoritatem
1760 3361 2036 3430 videatur,

2158 3342 2231 3400 ἤια
2254 3343 2330 3416 μὴ
2359 3344 2486 3417 δόξῃ
2515 3344 2687 3417 πολλή
2712 3340 2854 3401 εῖναι
2880 3347 2915 3415 ἡ
2948 3345 3263 3409 αὐθεντεία,
3300 3344 3405 3418 δρα
3458 3346 3579 3411 πῶς
3606 3361 3711 3401 κοι-

456 3434 693 3492 observa
758 3441 1039 3509 quomodo
1089 3444 1241 3515 ipsos
1275 3458 1496 3520 quoque
1533 3450 1753 3520 judicio
1809 3452 2037 3510 ferendo

2158 3438 2343 3503 οωνοὺς
2396 3438 2492 3494 καὶ
2536 3438 2735 3504 αὐτοὺς
2799 3440 2947 3494 ποιεῖ
2994 3437 3092 3493 τοῦ
3150 3438 3465 3511 κρίματος,
3531 3436 3710 3502 εἰπὼν,

457 3526 642 3583 socios
688 3528 897 3601 allegit,
952 3532 1082 3589 dum
1128 3536 1249 3590 ait:
1284 3535 1631 3611 Congregatis
1654 3542 1821 3599 vobis.
1853 3541 1922 3600 In
1945 3561 2037 3600 no-

2158 3532 2573 3599 Ευναχθέντων
2624 3530 2813 3603 ὑμῶν.
2847 3530 2922 3585 Τὸ
2951 3529 3030 3597 δὲ,
3057 3530 3128 3586 ἐν
3153 3531 3405 3602 ὀνόματι
3441 3531 3553 3588 τοῦ
3603 3533 3711 3587 Κυ-

458 3616 601 3674 mine
634 3618 891 3688 Domini;
917 3623 1024 3681 hoc
1054 3636 1157 3697 est,
1181 3630 1272 3699 qui
1299 3631 1503 3690 Christi
1537 3636 1751 3692 nomini
1778 3636 2037 3708 iniuriam

2158 3626 2274 3680 που
2297 3624 2486 3693 ἡμῶν,
2511 3627 2784 3691 τουτέστι,
2812 3625 2903 3679 τὸν
2924 3626 3007 3689 εἰς
3033 3624 3096 3679 τὸ
3123 3623 3297 3694 δνομα
3326 3622 3427 3680 τοῦ
3485 3619 3713 3698 Χριστοῦ

458 3707 612 3774 fecit,
648 3713 742 3783 qui
781 3724 1078 3787 postquam
1112 3718 1292 3778 factus
1326 3730 1413 3777 est
1469 3724 1673 3795 ﬁdelis,
1712 3707 1894 3799 eoque
1934 3742 2041 3785 no-

457 3801 607 3858 mine
628 3806 959 3876 appellatus,
990 3811 1122 3866 talia
1153 3821 1377 3883 patrare
1418 3832 1529 3872 non
1562 3818 1857 3887 dubitavit,
1890 3823 2041 3883 hunc

458 3895 663 3952 tradite
711 3896 948 3958 Satanae.
985 3902 1246 3974 Apprime
1279 3922 1411 3964 vero
1456 3910 1663 3967 tradere
1702 3912 1925 3971 Saturne
1949 3917 2038 3974 di-

458 3986 563 4047 xit.
603 4002 713 4043 non
742 3998 948 4059 autem,
1008 3993 1236 4066 dedere;
1278 4000 1439 4070 quasi
1480 4004 1837 4073 aperiensilli
1866 4011 2042 4079 pceni-

460 4079 648 4136 tentia:
699 4081 931 4151 januas.
980 4085 1280 4159 Praeterea,
1342 4095 1650 4164 hujusmodi
1735 4100 2037 4171 hominem,

461 4186 565 4228 ceu
597 4174 821 4234 minime
855 4179 1202 4239 tolerandum
1231 4193 1291 4241 ut
1334 4188 1421 4243 vel
1454 4191 1680 4250 nomine
1714 4195 1912 4254 saltem
1939 4197 2039 4256 de-

462 4268 737 4338 signetur.

2140 3716 2614 3787 ἑνυὸρίσαντα,τὸν
2634 3716 2769 3790 μετὰ
2786 3716 2846 3770 τὸ
2859 3716 3111 3787 γενέσθαι
3126 3716 3315 3771 πιστὸν
3326 3718 3423 3773 καὶ
3439 3717 3619 3773 ἒπὼνυ
3626 3730 3714 3788 μον

2138 3806 2357 3881 ικείνης
2375 3809 2472 3880 τῆς
2493 3809 2887 3882 προσηγορίας,
2903 3808 3127 3864 τοιαῦτα
3141 3810 3517 3881 τολμήσαντα,
3534 3808 3709 3865 τοῦτον

2141 3901 2411 3973 παράδοτε
2451 3901 2531 3973 τῷ
2562 3902 2793 3975 Σατανᾷ.
2838 3898 2914 3957 Εὖ
2944 3902 3001 3957 δὲ
3028 3902 3124 3958 καὶ
3161 3902 3223 3956 τὸ
3246 3902 3623 3971 παραδοῦναι
3644 3901 3714 3970 τῷ

2140 3991 2416 4063 Σατανᾷ,
2475 3993 2614 4049 ἀλλά
2674 3995 2750 4068 μὴ
2795 3995 3083 4061 ἐκδοῦναι,
3152 3995 3228 4060 ὡς
3281 3997 3523 4067 ἀνοίγων
3578 3995 3717 4071 αὐτῷ

2139 4088 2237 4159 τῆς
2278 4089 2563 4159 μετανοίας
2618 4090 2718 4153 τὰς
2775 4086 2966 4160 θύρας.
3011 4087 3122 4141 Καὶ
3182 4087 3345 4142 πάλιν
3382 4087 3501 4143 τὸν⁹
3533 4087 3715 4145 τοιοῦ-

2139 4197 2269 4247 τον,
2292 4181 2367 4246 ὡς
2386 4182 2459 4253 μὴ
2508 4181 2833 4253 ἀνεχόμενον
2865 4180 3002 4254 μηδὲ
3035 4180 3130 4252 τῆς
3153 4180 3532 4254 προσηγορίας
3561 4178 3715 4237 αὑτοῦ

2145 4273 2540 4346 μνημονεῦσαι.

535 4359 651 4419 Hoc
679 4373 786 4428 est,
821 4366 1130 4423 secundum
1190 4368 1360 4428 Deum
1387 4390 1402 4428 :
1426 4374 1667 4433 humana
1695 4394 2037 4456 nequaquam

2210 4368 2490 4431 Τουτὲστι,
2531 4366 2673 4421 κατὰ
2698 4366 2833 4421 Θεόν
2854 4384 2869 4400 ·
2900 4368 2977 4440 μὴ
3002 4367 3324 4441 ἀνθρωπίνῃ
3352 4368 3717 4441 κατεχόμενον

464 4454 726 4524 opinione
756 4458 1012 4529 occupati
1042 4475 1058 4515 :
1087 4461 1207 4519 sive
1245 4466 1468 4522 nomine
1498 4467 1651 4526 illius
1684 4487 1781 4529 vos
1818 4454 1926 4531 una
1945 4492 2040 4535 co-

464 4556 626 4617 gente
655 4547 720 4602 ad
766 4548 819 4604 id
850 4552 1011 4623 cujus
1060 4553 1239 4623 gratia
1271 4558 1435 4613 modo
1469 4562 1799 4620 convenitis.

540 4634 792 4706 Seipsum
817 4640 1020 4718 iterum
1058 4652 1438 4713 reprzesentat,
1471 4648 1549 4703 uti
1580 4653 2044 4723 quandojudices

465 4729 745 4790 steterint,
788 4726 939 4781 velut
1000 4744 1060 4785 se
1096 4740 1367 4801 praesente
1398 4736 1481 4790 sic
1522 4752 1647 4793 eum
1683 4740 2042 4813 abscindant,

464 4814 765 4884 nullusque
827 4818 1024 4874 audeat
1054 4821 1229 4877 'venia
1280 4824 1508 4895 dignum
1556 4845 1811 4898 censere,
1855 4836 2038 4893 sciens

465 4922 531 4961 ea
589 4924 713 4979 quae
802 4910 1038 4968 dicenda
1097 4928 1248 4981 sunt,
1314 4917 1487 4977 Paulo
1546 4923 1655 4995 ipsi
1748 4940 2054 5001 perspecta,

468 5000 522 5056 fo
530 5015 607 5055 re.

540 5094 599 5149 ιιι
629 5102 738 5161 est,
762 5098 845 5153 vel
867 5098 1120 5158 Christus
1151 5111 1356 5161 tantam
1387 5106 1546 5163 nobis
1567 5109 1759 5181 largiri
1781 5114 2039 5172 virtutem

470 5192 673 5255 potest,
728 5198 787 5242 ut
841 5189 1119 5248 hominem
1179 5196 1403 5253 diabolo
1432 5202 1652 5256 tradere
1705 5204 2036 5273 possimus:

472 5284 555 5339 vel
584 5297 642 5341 ut
673 5287 791 5359 ipse
809 5305 1028 5361 quoque
1067 5294 1354 5351 nobiscum
1386 5307 1581 5354 contra
1602 5298 1757 5356 illum
1786 5301 1892 5359 fert
1917 5318 2045 5361 sen-

472 5376 723 5433 tentiam.

547 5466 649 5521 «ln
682 5468 961 5525 interitum
1013 5473 1227 5541 carnis,
1260 5485 1318 5531 ut
1363 5479 1595 5549 spiritus
1646 5483 1835 5543 salvus
1870 5486 1944 5542 sit
1988 5486 2042 5543 in

473 5559 561 5615 die
584 5557 801 5615 Domini
832 5562 1004 5619 nostri
1041 5562 1171 5624 Jesu
1216 5566 1442 5628 Christi.
1474 5591 1499 5649 t

538 5758 581 5794 ³³
609 5755 675 5812 ιν
697 5755 829 5830 Reg.
848 5773 902 5826 ν,
924 5758 1014 5818 26.

2148 4459 2437 4531 ὑπολήψει,
2460 4460 2630 4531 ήγουν
2660 4458 2824 4515 αὐτοῦ
2844 4458 2936 4514 τοῦ
2964 4459 3233 4532 ὀνόματος
3263 4460 3409 4532 ὑμᾶς
3443 4462 3718 4532 συλλέγονο

2146 4570 2237 4617 τος
2261 4551 2403 4623 ὑπὲρ
2432 4552 2495 4607 οὖ
2526 4551 2871 4625 συνέρχεσθε.

2219 4638 2297 4698 Αὗ
2357 4643 2520 4697 πάλιν
2552 4640 2853 4713 ἐπέστησεν
2886 4642 3073 4707 αὐτοῖς
3118 4642 3335 4711 ἑαυτὸν,
3367 4644 3462 4698 ἴνα
3494 4644 3623 4699 ὅταν
3648 4642 3718 4697 δι-

2150 4734 2411 4799 κάζωσιν,
2439 4734 2514 4798 ὡς
2547 4733 2715 4788 αὑτοῦ
2747 4733 3035 4803 παρόντος,
3091 4733 3263 4799 οὕτως
3310 4733 3477 4790 αὐτὸν
3531 4732 3721 4789 ἀποτέ-

2151 4844 2323 4899 μωσι,
2351 4826 2443 4879 καὶ
2480 4824 2667 4895 μηδεὶς
2700 4822 2947 4897 τολμήσῃ
2978 4824 3313 4896 συγγνώμης
3347 4825 3517 4880 αὐτὸν
3565 4823 3717 4894 ἀξιῶο

2151 4937 2262 4986 σαι,
2297 4918 2453 4981 εἰδὼς
2498 4918 2577 4972 ὅτι
2624 4916 2835 4981 Παῦλος
2856 4917 3063 4971 εἵσεται
3086 4916 3151 4971 τὰ
3180 4916 3477 4989 λεγόμενα.

2216 5102 2544 5167 Τουτέστιν,
2592 5100 2651 5155 '0
2695 5099 2933 5171 Χριστὸς
2986 5097 3213 5154 δύναται
3270 5089 3551 5171 τοιαύτην¹
3595 5100 3719 5171 ήμίν

2147 5198 2307 5270 χάριν
2334 5195 2552 5257 διδόναι,
2572 5193 2647 5258 ὡς
2672 5192 2933 5249 δύνασθαι
2976 5191 3056 5265 τῷ
3082 5192 3316 5263 διαὸόλῳ
3342 5192 3712 5264 παραδιδόναισ

2148 5292 2183 5364 ἢ
2210 5293 2292 5347 ὅτι
2323 5289 2435 5343 Καὶ
2468 5286 2631 5352 αὐτὸς
2654 5284 2779 5359 μεθ’
2807 5283 2966 5357 ήμῶν
2995 5286 3117 5339 κατ’
3143 5282 3311 5339 αὐτοῦ
3342 5285 3567 5355 ἐπαίρει
3623 5286 3715 5355 τήν

2149 5382 2349 5455 ψῆφονο

2245 5494 2262 5527 ι
2293 5476 2389 5539 Εἰς
2458 5472 2682 5545 ὄλεθρον
2754 5470 2855 5541 τῆς
2913 5468 3165 5543 σαρκὸς,
3207 5469 3299 5525 ἴνα
3368 5467 3433 5522 τὸ
3504 5467 3715 5537 πνεῦμα

2153 5568 2301 5640 σωθῇ
2330 5568 2387 5623 ὲν
2420 5569 2487 5641 τῇ
2528 5564 2712 5640 ἡμέρᾳ
2773 5562 2869 5619 τοῦ
2913 5563 3121 5636 Κυρίου
3171 5561 3331 5637 ήμῶν
3367 5558 3548 5633 Ἰησοῦ
3590 5559 3716 5633 Χριο

2155 5679 2304 5719 στου.
2333 5679 2353 5712 >
