3904 6260
194 398 286 467 609

1298 388 1382 452 IN
1405 386 1642 450 EPIST.
1669 387 1770 447 AD
1805 385 2167 452 CURINTH.
2209 388 2259 452 Ι.

3313 393 3422 458 διο

256 509 364 562 ἰνα
401 502 640 578 μαστίξῃ
670 500 834 558 αὑτὸν
897 499 1048 556 ἕλκει
1078 493 1302 570 πονηρῷ
1331 497 1366 568 ἦ
1401 495 1542 563 νόσῳ
1566 492 1748 562 ἑτέρᾳ·

1929 490 2017 548 Uti
2064 509 2261 566 nempe
2311 494 2587 566 percutiat
2631 509 2755 552 eum
2783 495 2969 552 ulcere
3029 498 3294 568 pessimo,
3327 509 3424 557 aut

195 600 275 654 καὶ
296 597 422 652 αὐτὸ
445 598 502 652 δὲ
531 595 691 651 τοῦτο
715 594 792 666 τῷ
817 592 936 664 Θεῷ
963 589 1151 646 δοκοῦν
1211 588 1448 660 ἐγένετο,
1483 587 1626 639 ὥστε
1651 601 1742 636 κο-

192 690 434 757 λάζεσθαι
476 686 645 743 αὐτοῦ
700 685 797 758 τὴν
840 685 1036 754 σάρκα.
1070 681 1294 752 Ἐπειδὴ
1334 678 1444 749 γὰρ
1493 677 1603 732 ἀπὸ
1656 677 1752 746 τῆς

193 778 379 854 σαρκὸς
403 779 460 833 αι
493 776 780 849 ἐπιθυμίαι
817 776 1117 837 τίκτονται,
1165 770 1335 841 αὐτὴν
1380 767 1622 831 κολάζει,
1663 766 1753 820 ἵνα

190 871 242 927 τὸ
265 869 478 942 πνεῦμα
501 867 676 940 σωθῇ,
700 867 821 922 ἀλλ’
843 869 901 924 ὲν
923 864 1109 936 ἐκείνῃ
1125 865 1192 934 τῇ
1219 861 1422 933 ἡμέρᾳ,
1449 859 1629 922 καλῶς
1659 857 1756 911 αύ-

188 964 302 1027 τοὺς
331 961 424 1016 καὶ
452 961 723 1032 εὐκαίρως
777 958 879 1029 τῆς
912 956 1127 1030 ἡμέρας
1174 953 1388 1023 ἐκείνης
1442 950 1756 1022 ἀναμιμνή-

191 1072 343 1120 σκων,
372 1053 464 1109 ἵνα
489 1052 589 1109 καὶ⁵
609 1052 764 1108 αὐτοὶ
819 1047 1232 1122 προθυμότερον
1271 1043 1498 1098 ἔλθωσιν
1533 1044 1628 1096 ἐπὶ
1653 1042 1755 1113 τὴν

191 1144 444 1216 ἰατρείαν.
497 1143 637 1214 Ἤδη
672 1142 730 1197 δὲ
755 1143 846 1197 καὶ
882 1126 1100 1212 νόμους’
1135 1137 1386 1209 φαίνεται
1419 1134 1498 1205 τῷ
1523 1133 1755 1204 διαϐόλῳ

187 1236 363 1302 τιθεὶς,
388 1236 492 1290 οὐκ
523 1235 688 1304 ἀφεὶς
745 1233 909 1288 αὑτὸν
967 1230 1280 1304 περαιτέρω
1338 1228 1609 1301 προϐῆναι
1639 1245 1653 1260 ·
1679 1228 1754 1293 ὼς

187 1329 274 1383 καὶ
300 1327 430 1391 Geo;
458 1327 606 1399 αύτῴ
636 1327 878 1400 περὶτοῦ
907 1326 1029 1382 Ἰὼϐ
1059 1325 1214 1396 ἔλεγε
1242 1341 1255 1354 ·
1286 1322 1462 1393 Πλὴν
1507 1323 1618 1392 τῆς
1645 1327 1758 1394 ψυο

186 1421 292 1493 κῆς
305 1421 492 1476 αὑτοῦ
516 1420 597 1491 μὴ
627 1419 774 1491 ἅψαι

253 1533 272 1567 ι
308 1515 381 1569 Οὐ
420 1514 587 1570 καλὸν
614 1515 677 1569 τὸ
710 1513 975 1585 καύχημα
1003 1510 1180 1584 ὑμῶν.
1211 1530 1230 1563 ι

263 1607 492 1676 Ἐπάγει
519 1605 684 1660 πάλιν
715 1606 1038 1677 ἐπιτίμησιν
1063 1605 1198 1678 πρὸς
1243 1602 1488 1670 ἐκείνους
1534 1605 1757 1658 ἀποτειο

187 1699 424 1770 νόμενος,
473 1699 716 1764 δεικνὺς,
745 1699 828 1752 ὅτι
874 1700 1069 1752 ἐκείνοι
1115 1697 1281 1769 μέχρι
1340 1695 1436 1751 τοῦ
1485 1695 1754 1768 παρόντος

185 1792 277 1847 οὐκ
299 1793 489 1847 είασαν
521 1790 683 1848 αὐτὸν
718 1791 1070 1864 μετανοῆσαι,
1100 1789 1444 1862 καυχώμενοι
1468 1789 1552 1843 ἐπ’
1577 1787 1746 1859 αὐτῷ.

256 1989 275 2025 ι
307 1970 423 2026 Ούκ
449 1970 628 2025 οἴδατε
662 1969 746 2025 ὅτι
777 1969 950 2042 μικρὰ
982 1967 1130 2042 ζύμη
1173 1969 1291 2023 ὅλον
1321 1967 1381 2023 τὸ
1407 1966 1638 2041 φύραμα
1672 1969 1756 2034 ζυ-

187 2062 290 2134 μοῖ.
319 2080 339 2114 ι

247 2155 406 2226 Δηλοτ
426 2155 520 2211 διὰ
565 2154 778 2223 τούτου,
808 2153 883 2219 ὡς
904 2154 1006 2208 οὐκ
1067 2153 1280 2210 ἐκείνου
1324 2154 1638 2226 φειδόμενος
1668 2153 1760 2224 μό·

185 2265 267 2303 νον
306 2247 467 2302 τοῦτο
505 2248 673 2312 ποιεί,
718 2244 858 2300 ἀλλὰ
896 2245 993 2300 καὶ
1047 2245 1227 2300 αύτῶν
1260 2246 1487 2302 τούτων.
1529 2247 1757 2318 Ὅμοιον

183 2341 233 2395 δὲ
254 2341 328 2406 ὡς
359 2341 408 2394 εί
432 2339 611 2410 λόγον
648 2340 713 2395 Et
747 2338 844 2395 καὶ
899 2337 1108 2393 ἐκείνου
1149 2337 1210 2391 τὸ
1240 2340 1565 2410 ἁμάρτημα,
1620 2338 1757 2394 ἀλλά

183 2432 550 2505 ἀμελούμενον
598 2429 826 2486 δύναταί
849 2447 910 2484 τε
949 2431 1042 2484 καλ⁵
1073 2429 1134 2484 τὸ
1157 2429 1344 2484 λοιπὸν
1389 2431 1487 2502 τῆς
1529 2431 1758 2504 Ἐκκλη-

186 2527 294 2591 σίας
319 2525 482 2598 σῶμα
511 2527 880 2599 λυμήνασθαι.
929 2527 1097 2581 Ὅταν
1129 2525 1239 2598 γὰρ
1260 2527 1288 2579 ὁ
1317 2526 1531 2598 πρῶτος
1575 2528 1757 2598 ἁμαρο

183 2615 281 2671 τὼν
335 2619 412 2690 μὴ
459 2616 538 2689 δῷ
570 2618 749 2688 δίκην,
813 2615 1024 2691 ταχέως
1071 2618 1167 2671 καὶ
1210 2617 1390 2688 ἕτεροι
1429 2616 1498 2671 τὰ
1533 2616 1758 2673 τοιαῦτα

185 2709 590 2780 πλημμελοῦσι.

254 2821 272 2854 ι
309 2801 518 2856 Ἐκκαθ
529 2801 699 2874 ἀρατε
726 2796 820 2856 οὗν
843 2802 941 2873 τὴν
965 2800 1198 2857 παλαιὰν
1223 2799 1422 2874 ζύμην.
1451 2819 1471 2856 ι

247 2893 562 2959 Τουτέστιν,
586 2893 678 2949 τὸν
707 2895 946 2967 πονηρὸν
976 2891 1183 2949 τοῦτον.
1220 2893 1442 2950 Μᾶλλον
1465 2891 1522 2971 δε
1543 2890 1604 2946 ού
1628 2891 1758 2965 περὶ

184 2985 377 3038 τούτου
422 2985 586 3059 μόνον
630 2987 816 3056 φησιν,
876 2984 1012 3039 ἀλλὰ
1062 2987 1158 3041 καλ⁵
1205 2984 1398 3045 ἄλλους
1443 2987 1756 3042 αἰνίττεται.

183 3075 261 3132 οὐ
293 3080 402 3150 γὰρ
437 3077 669 3149 πορνεία
697 3077 854 3148 μόνον
877 3075 1083 3130 παλαιὰ
1115 3074 1298 3147 ζύμη,
1328 3076 1465 3132 ἀλλὰ
1494 3077 1586 3132 καὶ
1610 3079 1757 3134 πᾶσα

187 3171 364 3225 κακία.
391 3172 510 3227 Καὶ
538 3170 638 3225 οὐκ
659 3165 803 3236 εἷπε,
828 3170 1138 3243 Καθάρατε,
1163 3169 1318 3237 ἀλλὰ,
1336 3169 1754 3241 Ἔκκιίθαρατεο
1780 3196 1827 3260 c

197 3262 410 3329 ὅέστιν,
456 3261 599 3333 μετὰ
630 3262 917 3334 ἀκριϐείας
948 3261 1258 3334 καθάρατε,
1288 3262 1429 3317 ὥστε
1462 3262 1598 3336 μηδὲ
1646 3262 1758 3318 λεί-

185 3353 366 3422 ψανον,
399 3353 542 3427 μηδὲ
582 3354 753 3410 σκιὰν
792 3351 930 3410 εἶναι
961 3354 1236 3428 τοιαύτην.

251 3551 270 3587 ι
299 3535 424 3591 Ἵνα.
451 3529 556 3607 ἦτε
585 3533 705 3590 νέον
733 3533 987 3606 φύραμα,
1016 3534 1200 3600 καθώς
1231 3536 1354 3590 ἐστε
1380 3536 1601 3608 ἄζυμοι.
1627 3553 1648 3590 ι

245 3624 406 3696 Δηλοτ
457 3624 560 3680 καὶ
603 3625 859 3696 ἐμφαίνει
887 3625 950 3679 ού
1005 3625 1210 3698 σφόδρα
1261 3625 1471 3681 πολλῶν
1526 3624 1759 3700 κρατοῦ-

185 3734 275 3771 σαν
298 3717 398 3791 τὴν
424 3720 649 3773 κακίαν.
677 3718 741 3772 Et
773 3717 830 3772 δὲ
863 3717 1036 3788 λέγει.
1092 3719 1297 3787 Καθὼς
1348 3718 1490 3774 ἐστε
1523 3717 1751 3791 ἄζυμοι,

184 3810 237 3864 ού
269 3811 432 3865 τοῦτο
447 3808 602 3877 λέγει
623 3810 706 3863 ὃτι
733 3811 934 3875 πάντες
960 3805 1100 3883 ἦσαν
1120 3810 1372 3884 καθαροὶ,
1402 3811 1538 3866 ἀλλὰ
1561 3810 1756 3878 Καθὼς

172 3901 376 3972 πρέπει
397 3895 543 3955 εἶναι
573 3899 738 3972 ὑμᾶς.

250 4035 270 4069 ι
305 4017 417 4073 Καὶ
445 4017 559 4088 γὰρ
581 4019 641 4071 τὸ
663 4014 856 4089 Πάσχα
879 4017 1036 4088 ἡμῶν
1063 4016 1205 4090 ὑπὲρ
1230 4017 1390 4089 ημῶν
1419 4017 1586 4089 ὲτύθη
1615 4019 1756 4090 Χρι-

186 4109 322 4178 nec,
359 4109 508 4166 ὥστε
545 4110 916 4182 ἑορτάζωμεν,
962 4112 1036 4181 μὴ
1065 4113 1122 4166 ιν
1166 4109 1316 4184 ζύμῃ
1363 4111 1587 4184 παλαιᾷ,
1621 4113 1757 4185 μηδὲ

187 4199 238 4254 ἐν
259 4199 407 4278 ζύμῃ
444 4202 648 4266 κακίας
679 4205 774 4258 καὶ
813 4202 1101 4274 πονηρίας,
1127 4202 1245 4258 ἀλλ’
1269 4205 1327 4256 ὲν
1366 4201 1595 4274 ἀζύμοις
1623 4203 1758 4257 εἱλι-

189 4293 422 4364 κρινείας
452 4293 551 4348 καὶ
581 4292 864 4365 ἀληθείας.
885 4294 1140 4366 Ἔγραψα
1169 4295 1295 4363 ὑμῖν
1323 4293 1381 4347 ὲν
1404 4297 1471 4366 τῇ
1499 4296 1755 4369 ἐπιστολῇ

192 4385 260 4457 μὴ
291 4385 802 4458 συναναμίγνυσθαι
851 4387 1091 4459 πόρνοις.
1141 4387 1252 4440 Καὶ
1289 4386 1348 4440 οὐ
1393 4387 1614 4450 πάντως
1644 4389 1757 4454 τοῖς

1850 583 1960 639 alio
2010 587 2227 642 morbo.
2282 586 2460 657 Atque
2505 587 2609 643 hoc
2642 589 2826 658 ipsum
2867 587 2977 644 Deo
3003 592 3263 660 placitum
3297 592 3422 659 fuit,

1853 685 1914 731 ut
1961 676 2084 748 ejus
2105 694 2234 733 caro
2270 680 2630 752 plecteretur.
2667 679 2805 735 Nam
2836 681 2963 752 quia
2986 699 3050 738 ex
3075 697 3242 739 carne
3262 688 3423 756 cupi-

1851 765 2059 824 ditates
2098 770 2426 840 gignuntur,
2459 771 2600 825 hanc
2632 771 2788 843 punit
2819 786 2930 843 quo
2970 773 3159 830 salvus
3195 776 3424 847 spiritus

1855 858 1966 914 fiat.
1990 859 2261 917 Caeterum
2298 864 2351 918 in
2387 878 2452 919 ea
2502 864 2593 919 die
2629 875 2776 920 recte
2812 881 3040 936 prorsus
3089 877 3144 923 et
3175 872 3426 939 apposite

1855 954 2178 1010 memoriam
2227 956 2309 1011 eis
2356 955 2624 1025 perfricat
2676 958 2827 1014 illius
2887 959 2997 1014 diei
3027 961 3242 1029 futurae,
3273 974 3332 1018 ut
3369 971 3425 1020 et

1852 1045 1957 1116 ipsi
1989 1045 2249 1104 libentius
2275 1049 2690 1120 promptiusque
2727 1049 2996 1106 medelam
3030 1051 3276 1108 afferant.
3299 1052 3422 1108 Jam

1853 1154 1987 1194 vero
2017 1141 2237 1197 diabolo
2260 1142 2410 1214 leges
2433 1152 2680 1200 statuere
2707 1145 2948 1211 videtur,
2978 1161 3142 1217 quem
3173 1163 3272 1202 nec
3304 1164 3422 1217 per-

1855 1233 2036 1289 mittat
2085 1235 2326 1294 ulterius
2376 1238 2716 1306 procedere;
2754 1256 2863 1309 quo
2891 1239 3054 1311 plane
3089 1241 3255 1296 modo
3281 1241 3423 1299 Deus

1846 1320 1915 1376 de
1942 1321 2066 1388 Job,
2098 1325 2280 1380 aiebat
2307 1343 2324 1383 :
2362 1326 2732 1385 Verumtamen
2761 1333 2995 1387 animum
3029 1336 3176 1392 illius
3207 1353 3271 1393 ne
3297 1339 3419 1394 leti-

1848 1411 1984 1480 geris
2021 1411 2089 1467 “.

1929 1507 2096 1565 Vens.
2129 1509 2184 1563 6.
2227 1529 2246 1563 ι
2274 1508 2394 1566 Non
2432 1519 2516 1567 est
2543 1511 2688 1568 bona
2717 1512 2975 1585 gloriatio
3009 1525 3217 1570 vestra.
3256 1533 3277 1568 ι

1927 1600 2225 1675 Subjungit
2257 1603 2454 1658 ilerum
2507 1605 2962 1676 increpationem,
3016 1622 3322 1663 sermonem
3356 1608 3424 1663 ad

1856 1694 1980 1750 illos
2029 1696 2331 1751 extendens
2383 1711 2522 1768 quos
2556 1698 2796 1753 declarat
2848 1699 2902 1752 in
2936 1713 3101 1754 causa
3138 1699 3329 1765 fuisse,
3365 1710 3427 1756 ut

1855 1801 1981 1842 eum
2012 1801 2120 1842 non
2157 1789 2468 1859 paeniteret,
2505 1803 2630 1843 cum
2669 1799 2894 1861 pr0pter
2917 1791 3095 1862 ipsum
3123 1791 3426 1862 gloriaren-

1860 1887 1975 1934 tur.

1934 1991 1952 2024 ι
1983 1970 2217 2028 Nescitis
2261 1973 2391 2044 quia
2416 1972 2689 2031 modicum
2724 1971 3050 2030 fermentum
3085 1981 3251 2031 totam
3284 1990 3425 2030 mas-

1859 2081 1976 2123 sam
2009 2067 2339 2136 corrumpit.
2377 2083 2396 2118 ι

1932 2158 2030 2214 His
2065 2157 2248 2213 verbis
2275 2158 2544 2225 declarat,
2576 2174 2688 2214 non
2723 2158 2886 2213 modo
2917 2173 2978 2214 se
3008 2157 3086 2212 illi
3115 2157 3424 2230 indulgere,

1859 2254 1957 2308 sed
1986 2261 2040 2307 et
2063 2250 2144 2306 eis
2174 2250 2329 2322 ipsis.
2358 2248 2521 2305 Velut
2543 2252 2589 2306 si
2613 2250 2822 2305 diceret
2850 2265 2864 2302 :
2900 2247 3140 2304 Tametsi
3167 2248 3257 2304 ille
3274 2250 3428 2305 solus

1857 2349 2148 2416 peccatum
2204 2342 2466 2409 admisit,
2497 2349 2735 2398 attamen
2788 2342 2834 2397 si
2883 2341 3214 2412 negligatur,
3251 2349 3427 2396 totum

1857 2435 2123 2507 deinceps
2191 2433 2452 2491 Ecclesiae
2521 2432 2858 2489 labefactare
2937 2446 3141 2504 corpus
3223 2439 3426 2503 potest.

1857 2527 2138 2596 Quantum
2195 2526 2348 2583 enim
2400 2525 2489 2582 ille
2540 2525 2634 2596 qui
2671 2527 2884 2596 primus
2916 2525 3246 2595 peccaverit,
3277 2524 3425 2579 haud

1859 2633 2054 2689 pinnas
2110 2615 2457 2689 persolverit,
2498 2613 2591 2670 alii
2621 2613 2809 2670 statim
2853 2613 3217 2670 consimiliter
3253 2613 3430 2670 delin-

1857 2718 2058 2782 quunL

1931 2801 2095 2855 Vsus.
2134 2798 2188 2854 7.
2227 2817 2248 2850 ι
2285 2798 2598 2872 Expurgate
2621 2806 2779 2854 vetus
2809 2796 3158 2853 fermentum.
3193 2815 3213 2850 ι

1929 2894 1987 2951 Id
2011 2900 2118 2959 est,
2150 2892 2300 2948 hunc
2354 2892 2674 2949 scelestum.
2740 2889 2836 2946 Vel
2869 2890 3052 2962 potius
3081 2904 3192 2945 non
3221 2889 3291 2945 de
3325 2889 3430 2947 hoc

1859 2987 2243 3045 tantummodo
2270 2985 2536 3058 loquitur,
2571 2985 2667 3040 sed
2698 2992 2754 3039 et
2783 2984 2923 3040 alios
2947 2982 3154 3039 innuit.
3184 2980 3307 3038 Non
3336 2997 3430 3037 so-

1860 3079 1974 3144 lum
2009 3077 2151 3134 enim
2181 3077 2510 3134 fermentum
2543 3084 2700 3132 vetus
2722 3084 2808 3132 est
2835 3073 3237 3140 scortatio,sed
3264 3073 3428 3128 etiam

1861 3170 2044 3226 omnis
2069 3168 2334 3240 nequitia.
2359 3165 2550 3240 Neque
2566 3168 2706 3223 dixit
2742 3182 2758 3220 :
2790 3174 3041 3238 purgate,
3074 3165 3195 3230 sed,
3226 3180 3428 3234 expur-

1856 3271 2022 3337 gate;
2045 3261 2193 3332 quod
2242 3261 2386 3316 idem
2439 3270 2524 3316 est
2553 3275 2642 3324 ac,
2675 3260 2967 3332 diligenter
3016 3259 3336 3325 emundate,
3367 3267 3428 3314 ut

1859 3373 1929 3414 ne
1955 3353 2086 3427 quid
2114 3353 2388 3425 reliquum
2422 3351 2720 3426 ejusmodi,
2776 3367 2957 3424 neque
2999 3353 3084 3408 vel
3115 3352 3308 3409 umbra
3330 3368 3428 3409 su-

1857 3443 2054 3516 persit.
2959 3492 2962 3496 ,
3046 3445 3049 3447 ’

1933 3557 1952 3590 ι
1977 3535 2048 3593 Ut
2075 3537 2201 3594 sitis
2252 3552 2394 3593 nova
2451 3535 2798 3606 conspersio,
2837 3535 2975 3594 sicut
3005 3538 3139 3594 estis
3167 3541 3366 3610 azymi.
3403 3558 3422 3593 ι

1928 3629 2185 3687 Deciarat
2211 3638 2266 3686 et
2296 3629 2475 3702 palam
2508 3636 2766 3692 testatur,
2810 3629 2956 3685 hanc
2979 3632 3246 3686 malitiam
3282 3633 3425 3702 apud

1857 3722 2060 3780 multos
2085 3730 2392 3796 grassatam
2419 3735 2526 3776 non
2558 3737 2703 3777 esse.
2737 3719 2980 3777 Tametsi
3011 3737 3138 3778 vero
3168 3723 3264 3786 ait,
3289 3726 3426 3777 sicut

1854 3815 1981 3872 estis
2013 3813 2214 3886 azymi,
2249 3814 2355 3869 hoc
2384 3827 2493 3866 non
2525 3811 2744 3879 annuit,
2810 3827 3004 3869 omnes
3034 3829 3157 3870 esse
3189 3817 3440 3882 mundos,

1857 3908 1979 3975 sed,
2009 3904 2471 3978 quemadmodum
2501 3920 2598 3962 vos
2613 3921 2738 3962 esse
2768 3920 2936 3977 puros
2957 3904 3137 3962 decet.

1928 4023 2037 4096 79
2074 4041 2095 4076 ι
2127 4020 2340 4076 Etenim
2370 4019 2578 4076 Pascha
2615 4026 2861 4075 nostrum
2905 4033 3004 4089 pro
3035 4019 3195 4075 nobis
3226 4019 3424 4075 ἰηιωο-

1856 4116 2002 4171 latus
2030 4121 2114 4170 est
2139 4110 2418 4168 Christus.
2447 4107 2643 4184 [νεεδ.
2679 4108 2862 4184 8-10.]
2896 4110 3087 4182 Itaque
3133 4109 3423 4181 epulamur

1856 4222 1963 4263 non
1997 4207 2052 4262 in
2074 4204 2348 4262 fermento
2379 4205 2572 4272 veteri,
2605 4219 2783 4274 neque
2814 4205 2868 4260 in
2898 4202 3174 4260 fermento
3198 4205 3424 4262 malitia:

1837 4309 1911 4370 ,et
1941 4297 2222 4370 nequitiae,
2263 4296 2359 4352 sed
2386 4297 2440 4351 in
2473 4296 2680 4368 azymis
2706 4295 3042 4352 sinceritatis
3067 4306 3120 4353 et
3151 4296 3421 4352 veritatis.

1858 4390 2067 4463 Scripsi
2097 4390 2253 4445 vobis
2278 4391 2333 4444 in
2362 4389 2596 4460 epistola
2625 4404 2694 4446 ne
2729 4387 3201 4444 cominiseeamini
3247 4388 3426 4444 forni-

192 4478 400 4552 πόρνοις
430 4478 529 4534 τοῦ
575 4479 785 4550 κόσμου
834 4479 1048 4546 τούτου,
1080 4479 1114 4550 η
1146 4482 1261 4543 τοῖς
1317 4480 1686 4548 πλεονέκταις,
1720 4480 1754 4552 ἢ

1870 4483 2020 4538 :ariis
2047 4499 2061 4536 :
2093 4496 2201 4538 non
2237 4482 2461 4553 penitus
2499 4480 2814 4536 fornicariis
2863 4481 3026 4549 hujus
3058 4482 3266 4548 mundi,
3327 4492 3425 4538 aut

196 4570 445 4643 ἃρπαξιν,
481 4571 514 4646 η
549 4572 990 4642 εἰδωλολάτραις.
1027 4591 1047 4625 ι

255 4686 373 4742 Τῶν
398 4687 731 4759 εὐεργεσιῶν
754 4687 914 4742 πάλιν
937 4687 1337 4757 ἀναμιμνήσκει
1355 4685 1571 4751 αὐτούς.
1598 4686 1753 4757 Ἐορο

195 4773 286 4845 τῆς
306 4777 434 4851 γὰρ,
464 4780 650 4849 φησὶν,
678 4779 919 4850 ό.παρὼν
949 4779 1159 4848 καιρός.
1183 4777 1281 4832 Διά
1311 4777 1364 4831 τί
1389 4778 1444 4831 δὲ
1471 4777 1630 4832 πάλιν
1655 4780 1753 4849 τὴν

198 4866 360 4994 ζέμην
412 4871 603 4939 καλεῖ,
660 4872 692 4944 ἢ
745 4872 833 4927 διὰ
882 4872 944 4926 τὸ
994 4873 1087 4926 τὸν
1125 4871 1278 4942 ἡμῶν
1339 4870 1454 4940 βίον
1513 4869 1751 4926 τοιοῦτον

198 4973 356 5026 sunt;

263 5090 280 5122 ι
311 5073 463 5127 Ἐπεὶ
507 5075 769 5144 ὠφείλετε
803 5076 910 5147 ἄρα
944 5075 1038 5129 τοῦ
1098 5075 1303 5146 κόσμου
1348 5075 1602 5140 ἐξελθεῖν.
1637 5075 1750 5128 Νῦν

198 5161 247 5215 δὲ
269 5163 478 5236 ἔγραψα
513 5166 659 5237 ὑμῖν,
696 5169 770 5239 μὴ
804 5168 1324 5238 συναναμίγνυσθαι,
1359 5170 1452 5223 ἐάν
1482 5186 1564 5231 τις
1598 5169 1752 5222 ἀδελο

200 5257 287 5322 φὺς
312 5259 737 5332 ὀνομαζόμενος,
773 5259 806 5332 ἢ
845 5263 1062 5334 πόρνος,
1099 5262 1131 5334 ἢ
1173 5262 1522 5330 πλεονέκτης
1559 5281 1574 5312 ι

266 5475 379 5530 ἰνα
406 5477 517 5549 γὰρ
553 5478 630 5551 μὴ
662 5477 1003 5550 νομίσαντες,
1026 5481 1108 5533 ὅτι
1133 5480 1208 5542 ὼς
1243 5480 1614 5550 ἀτελεστέροις
1651 5480 1749 5533 αύ-

204 5567 302 5630 tot;
332 5567 487 5622 τοῦτο
515 5572 614 5624 οὐκ
636 5567 920 5637 ἐπέταξεν,
949 5571 1042 5626 καὶ
1074 5571 1149 5636 ὡς
1187 5571 1382 5626 τέλειοι
1415 5572 1574 5642 δῆθεν
1597 5572 1752 5625 αὐτοὶ

206 5658 394 5725 πρᾶξαι
436 5662 865 5735 ἐπιχειρήσουσι,
901 5663 1176 5721 δείκνυσιν
1227 5665 1309 5718 ὅτι
1354 5665 1479 5719 οὐδὲ
1533 5664 1753 5720 δύναται

272 5826 434 5892 “iob
490 5853 551 5905 ιι.
579 5837 634 5895 6.

1777 4549 1831 4610 Β
1859 4581 2064 4647 avaris,
2095 4586 2190 4633 aut
2212 4573 2524 4649 rapacibus,
2555 4585 2649 4632 aut
2688 4576 2854 4632 idolis
2881 4577 3276 4634 servientibus.
3316 4597 3336 4631 ι

1928 4693 2054 4748 Illos
2082 4690 2280 4747 iterum
2333 4687 2727 4744 beneficiorum
2760 4687 3038 4743 admonet.
3089 4687 3424 4747 Festivitatis

1857 4783 2006 4841 enim
2039 4789 2093 4838 et
2115 4781 2262 4850 epuli
2289 4787 2509 4848 tempus
2535 4788 2642 4845 est,
2683 4778 2886 4848 inquit.
2919 4777 3096 4835 Eccur
3136 4796 3268 4837 vero
3301 4798 3426 4836 rur-

1859 4893 1978 4935 Sum
2015 4877 2349 4931 fermentum
2389 4873 2659 4938 nominat,
2687 4872 2791 4928 nisi
2821 4873 2969 4942 quod
3005 4873 3275 4943 ejusmodi
3312 4875 3416 4930 rita

1857 4979 2042 5024 nostra
2069 4968 2139 5023 sit
2163 4965 2185 5018 ἲ

1934 5102 1951 5136 ι
2009 5080 2222 5150 Alioqui
2285 5078 2600 5134 debueratis
2654 5078 2719 5133 de
2779 5078 2884 5134 hoc
2932 5080 3136 5134 mundo
3192 5082 3418 5137 exiissc.

1855 5174 2052 5249 [νεεδ.
2088 5169 2199 5244 1L]
2224 5169 2378 5225 Nunc
2406 5178 2586 5225 autem
2647 5170 2846 5238 Scripsi
2888 5169 3068 5231 vobis,
3118 5185 3226 5224 non
3272 5185 3422 5225 com-

1860 5267 2106 5332 misceri,
2141 5264 2186 5320 si
2221 5263 2266 5319 is
2304 5263 2398 5334 qui
2434 5261 2602 5316 frater
2632 5261 2964 5326 nominatur,
2989 5269 3072 5316 est
3103 5259 3419 5330 fornicator,

1854 5373 1951 5418 aut
1983 5374 2200 5414 avarus.
2241 5375 2259 5408 )

1929 5471 2007 5527 Ne
2035 5468 2439 5531 existimarent,
2467 5466 2570 5521 hoc
2609 5465 2713 5521 sibi
2746 5467 2894 5521 velut
2923 5463 3424 5536 imperfectioribus

1857 5566 1929 5622 ab
1983 5565 2104 5635 ipso
2143 5574 2252 5615 non
2313 5557 2483 5613 fuisse
2540 5565 2895 5628 praceptum,
2954 5556 3097 5625 quod
3160 5565 3424 5627 tanquam

1859 5655 2091 5729 perfecti
2125 5661 2390 5726 praestare
2419 5647 2873 5723 aggrederentur,
2909 5647 3152 5706 ostendit
3181 5651 3425 5706 nullate-
