3940 6264
479 286 597 354 615

1688 309 1745 371 5.
1776 308 2097 371 JOANNIS
2122 308 2554 373 DAMASCENI

3650 300 3752 368 616

565 423 774 496 Duplex
801 425 1035 489 crimen.
1055 425 1204 497 quod
1230 422 1440 495 iudicio
1468 419 1831 486 contendant,
1850 427 1904 476 et
1926 418 2064 490 quod

2247 420 2501 477 Διπλοῦν,
2529 420 2590 475 τὸ
2624 419 2897 493 ἔγκλημα,
2938 420 3020 475 ὅτι
3053 419 3149 474 καὶ
3186 416 3461 491 κρίνεται,
3512 416 3611 473 καὶ
3658 417 3749 471 int

493 516 639 588 apud
666 516 939 574 inﬁdeles.

576 626 595 659 ι
644 606 821 664 Nolite
855 622 1088 665 errare:
1124 624 1301 680 neque
1324 606 1638 671 fornicarii,
1682 620 1859 677 neque
1908 604 2076 661 idolis

492 698 817 767 servientes,
854 716 1033 771 neque
1085 700 1325 757 adulteri
1354 698 1546 773 [νεεδ.
1585 698 1695 772 10],
1728 714 1908 769 neque
1933 698 2077 753 mol-

493 789 596 855 les.
632 806 811 863 neque
841 793 1215 848 masculorum
1240 793 1663 860 concubitores,
1693 806 1875 862 neque
1900 788 2076 855 avari,

494 898 679 951 neque
710 882 917 941 fures.)

558 972 661 1031 Hic
693 978 965 1048 quosdam
1030 978 1213 1032 innuit
1245 977 1341 1049 qui
1372 978 1622 1035 dicerent
1656 974 1708 1031 id
1737 973 1882 1046 quod
1929 988 2078 1030 nunc

492 1069 881 1135 multidicnnt,
930 1070 1225 1142 benignum
1257 1086 1383 1129 esse
1427 1071 1598 1126 Deum
1621 1080 1677 1126 et
1715 1070 1943 1131 bonum,
1980 1083 2079 1124 ne-

489 1172 600 1229 que
665 1160 856 1217 ulcisci
916 1170 1162 1232 peccata.
1229 1160 1445 1217 Idcirco
1501 1159 1828 1228 ait,Notite
1870 1173 2075 1214 errare.

489 1249 732 1308 Extremi
778 1252 980 1323 quippe
1028 1254 1240 1309 erroris
1270 1252 1436 1308 fuerit
1462 1260 1516 1308 et
1543 1251 1905 1324 deceptionis,
1938 1252 2072 1307 dum

487 1342 695 1411 Optima
734 1354 1053 1414 sperantur,
1091 1344 1367 1398 contraria
1388 1344 1668 1413 consequi.

573 1451 593 1486 ι
624 1431 812 1505 Neque
832 1434 1065 1501 ebriosi,
1100 1451 1287 1506 neque
1308 1436 1787 1506 maledici,neque
1817 1449 2076 1506 rapaces.

488 1542 719 1597 regnum
739 1526 831 1581 Dei
867 1527 1256 1597 possidebunt.
1284 1526 1482 1600 [ναις.
1517 1527 1606 1583 il.
1640 1526 1661 1601 ]
1696 1527 1761 1583 Et
1792 1528 1911 1583 haec
1940 1528 2070 1599 qui-

488 1617 615 1672 dem
642 1617 833 1673 fuistis
868 1637 885 1673 :
916 1617 1011 1674 sed
1040 1619 1213 1674 abluti
1234 1619 1375 1675 estis
1399 1659 1418 1687 ,
1441 1618 1537 1675 sed
1556 1616 1889 1682 sanetineau
1912 1618 2067 1681 estis.

488 1708 893 1779 sedjustitlcati
921 1716 1053 1765 estis
1079 1711 1136 1765 in
1185 1710 1410 1765 nomine
1464 1708 1685 1766 Domini
1713 1710 1887 1765 nostri
1937 1706 2069 1765 Jesu

489 1799 723 1863 Christi,
764 1807 818 1853 et
851 1799 904 1853 in
942 1797 1158 1870 Spiritu
1196 1800 1291 1855 Dei
1329 1800 1531 1855 nostri.
1575 1818 1594 1852 ι

560 1889 723 1961 Atqui
759 1898 1008 1945 extrema
1043 1901 1266 1960 peccata
1314 1892 1426 1946 haec
1464 1898 1620 1953 sunt,
1653 1905 1779 1946 cum
1813 1889 2074 1954 ebrietas.

2398 532 2448 569 ν.

2398 532 2448 569 ν.

2176 514 2395 677 ἀπέ
2430 606 2707 661 πλανᾶσθε
2732 622 2744 635 ο
2776 605 2901 659 οὔτε
2938 605 3150 677 πόρνοι,
3180 602 3306 658 οὔτε
3342 599 3751 671 εἰδωλολάτραι,

2175 699 2303 763 οὔτε
2334 702 2536 772 μοιχοὶ,
2558 700 2684 753 οὔτε
2731 699 2987 771 μαλακοὶ,
3032 697 3161 753 οὕτε
3192 696 3597 771 ἀρσενοκοῖται,
3631 692 3755 748 οὔτε

2178 792 2530 859 πλεονέκται,
2558 792 2681 848 οὔτε
2713 794 2965 848 κλέπται.
2993 810 3013 845 ι

2259 969 2529 1026 Ἐνταῦθα
2558 969 2856 1025 αίνίττεταί
2887 985 3041 1031 τινας
3074 967 3338 1037 λέγοντας
3364 966 3510 1040 άπερ
3534 965 3633 1023 καὶ
3656 966 3751 1022 νῦν

2174 1062 2427 1133 λέγουσιν
2450 1063 2502 1118 οί
2534 1062 2743 1128 πολλοὶ,
2783 1062 2869 1117 δτι
2906 1060 3292 1133 φιλάνθρωπος
3323 1058 3400 1113 ὣν
3427 1062 3458 1115 ὁ
3496 1059 3634 1124 Θεὸς
3658 1060 3755 1114 καὶ

2174 1156 2406 1226 ἀγαθὸς,
2438 1156 2541 1210 οὐκ
2594 1154 2960 1228 άπεξίρχεται
2997 1155 3112 1217 τοῖς
3160 1152 3622 1226 πλημμελημασι.
3667 1150 3756 1206 an

2175 1248 2331 1319 φησι,
2385 1246 2485 1316 Μὴ
2532 1245 2873 1303 πλανᾶσθε.
2934 1246 3151 1318 Πλάνης
3207 1246 3317 1317 γὰρ
3372 1244 3612 1318 ἐσχάτης
3663 1244 3757 1300 καὶ

2179 1342 2420 1413 ἀπάτης,
2450 1340 2776 1405 ἐλπίσαντας
2808 1340 3024 1413 χρηστά
3048 1339 3159 1394 τῶν
3189 1339 3450 1395 ἐναντίων
3476 1340 3687 1410 τυχεῖν.

2252 1450 2271 1487 ι
2297 1433 2434 1490 Οὔτε
2482 1434 2729 1506 μέθυσοι,
2764 1433 2827 1487 οὐ
2867 1433 3125 1505 λοίδοροι,
3164 1432 3264 1504 οὺχ
3307 1431 3560 1503 ιρπαγες
3605 1429 3754 1501 βασι-

2174 1526 2326 1581 λείαν
2354 1526 2450 1580 τοῦ
2482 1525 2619 1580 Θεοῦ
2647 1526 2709 1579 οὐ
2745 1525 3240 1597 κληρονομήσουσι.
3268 1524 3379 1580 Καὶ
3401 1524 3580 1581 ταῦτά
3609 1540 3754 1587 τινες

2174 1614 2313 1691 ἦτε,
2362 1618 2499 1674 ἀλλὰ
2538 1618 2939 1681 ἀπελούσασθε,
2972 1617 3111 1673 ἀλλὰ
3160 1617 3518 1689 ἐδικαιώθητε
3567 1619 3628 1671 ἐν
3673 1615 3748 1684 τῷ

2172 1710 2398 1783 ὀνόματι
2425 1709 2520 1765 τοῦ
2554 1711 2761 1782 Κυρίου
2805 1709 2981 1779 Ἰησοῦ
3017 1710 3113 1765 καὶ
3138 1711 3197 1766 ιν
3234 1707 3313 1781 τῷ
3347 1707 3630 1781 Πνεύματι
3652 1706 3745 1761 τοῦ

2102 1782 2148 1842 Β
2176 1800 2314 1858 Θεοῦ
2343 1802 2521 1874 ἡμῶν.
2559 1822 2577 1855 ι

2248 1896 2358 1951 Καὶ
2396 1896 2572 1957 ταῦτα
2598 1893 2708 1949 τῶν
2750 1893 2997 1966 ἐσχάτων
3038 1891 3455 1964 ἁμαρτημάτων
3484 1892 3659 1955 ἐστὶν,
3692 1887 3749 1944 τδ

488 1991 605 2037 tum
651 1982 1066 2039 maledicentia.
1098 1982 1235 2038 Nam
1261 1984 1521 2041 Christus
1552 1984 1707 2039 illum
1738 1983 1951 2038 addixit
1982 1999 2064 2054 ge

2185 1985 2273 2057 τῆς
2300 1985 2475 2057 μέθης
2499 1986 2595 2041 καὶ
2622 1985 2685 2039 τὸ
2713 1978 2813 2058 τῆς
2847 1985 3137 2056 λοιδορίας.
3162 1985 3273 2039 Καὶ
3298 1986 3409 2056 γὰρ
3438 1984 3536 2038 καὶ
3563 1986 3595 2039 δ
3622 1984 3751 2054 Χρι-

490 2076 687 2131 heuure
710 2074 1041 2145 quifratrem
1076 2076 1303 2131 stultum
1348 2079 1623 2134 vocaverit
1644 2076 1689 2108 “
1723 2089 1813 2133 :et
1845 2077 2064 2147 populat

2185 2078 2303 2142 στδς
2342 2079 2435 2133 τὸν
2488 2077 2797 2134 καλέσαντα
2842 2077 2934 2131 τὸν
2976 2075 3207 2148 ἀδελφὸν
3258 2076 3425 2131 αὐτοῦ
3460 2076 3647 2149 μωρὸν
3682 2077 3745 2148 τῇ

487 2164 804 2221 Iudaeorum
834 2180 899 2221 ex
924 2166 1193 2223 ebrietate
1215 2169 1270 2222 in
1292 2169 1501 2223 cultum
1526 2168 1804 2224 idolorum
1826 2168 2064 2223 declina-

2185 2170 2368 2244 γεέννῃ
2430 2169 2845 2241 παραδέδωκεν
2906 2172 3001 2225 καὶ
3066 2171 3098 2226 ὁ
3144 2166 3255 2223 τῶν
3297 2168 3567 2223 Ἰουδαίων
3624 2166 3746 2233 λαὸς

490 2260 570 2313 vit
609 2257 674 2311 ".
2178 2264 2469 2336 μεθυσθεὶς
2493 2265 2579 2328 είς
2612 2262 3060 2335 είδωλολατρείαν
3089 2261 3381 2330 ἐξέκλινεν.

560 2348 819 2415 Peusate,
843 2351 1045 2423 inquit,
1082 2351 1439 2410 humanitatis
1483 2355 1577 2411 Dei
1610 2352 2064 2425 magnitudinem.

2259 2357 2601 2426 Ἐννοήσατε,
2626 2358 2815 2426 φησιν,
2845 2355 2944 2428 τῆς
2975 2353 3389 2426 φιλανθρωπίας
3411 2351 3474 2408 τὸ
3499 2350 3745 2424 μέγεθος.

488 2440 608 2499 Non
623 2446 797 2499 solum
815 2443 960 2499 enim
977 2445 1215 2516 peccatis
1228 2447 1562 2512 nosexemit,
1578 2461 1765 2502 verum
1783 2454 1834 2500 et
1852 2457 2064 2505 sanctos

2185 2447 2253 2505 ῡὺ
2287 2447 2397 2521 γὰρ
2445 2447 2556 2502 τῶν
2606 2447 3024 2521 ἁμαρτημάτων
3052 2438 3367 2519 ἀπήλλαξεν
3399 2446 3583 2519 μόνον,
3613 2445 3746 2499 em

487 2542 543 2592 et
560 2536 744 2608 iustos
774 2534 923 2592 fecit.
957 2535 1085 2594 Hae
1113 2538 1212 2605 ait,
1240 2549 1301 2593 ut
1320 2554 1415 2595 eos
1444 2538 1655 2611 pudore
1677 2538 1981 2595 suﬁ‘undat.

562 2713 731 2773 Vsus.
783 2715 873 2772 i2.
911 2737 929 2769 ι
966 2715 1162 2772 Omnia
1188 2715 1322 2773 mibi
1350 2716 1538 2782 licent,
1589 2716 1687 2774 sed
1729 2733 1839 2774 non
1887 2716 2071 2774 omnia

495 2809 815 2880 expediunt.
851 2827 873 2863 ι

556 2900 795 2959 Gulosos
827 2900 917 2957 hic
952 2899 1182 2956 iudicat.
1206 2898 1344 2956 Nam
1364 2901 1495 2972 quia
1517 2902 1806 2974 proposuit
1835 2902 1889 2958 in
1913 2917 2070 2960 scoro

486 3003 721 3052 tatorem
756 2994 963 3058 invehi,
1005 2997 1278 3050 scortatio
1303 3004 1488 3049 autem
1516 3009 1583 3051 ex
1612 2994 1834 3051 deliciis
1854 3002 1909 3051 et
1935 2995 2068 3067 gula

490 3088 769 3160 gignitur;
804 3102 921 3143 eam
961 3086 1032 3143 ob
1070 3102 1295 3145 causam
1327 3086 1479 3144 istud
1511 3088 1702 3144 vitium
1738 3088 1943 3146 acriter
1970 3104 2061 3145 re-

494 3179 796 3247 prehendit.
852 3179 1021 3245 Quasi
1070 3178 1258 3235 dicat:
1289 3178 1579 3236 comedere
1617 3178 1829 3235 licitum
1854 3188 1981 3245 est;
2013 3190 2071 3235 at

489 3286 601 3326 non
632 3272 1089 3342 intemperanter.

564 3380 582 3413 ι
610 3360 807 3416 Omnia
840 3361 974 3415 mihi
996 3362 1163 3417 licent
1187 3377 1203 3428 ,
1230 3358 1325 3417 sed
1356 3361 1459 3417 sub
1486 3360 1695 3417 nullius
1727 3361 1946 3435 redigar
1973 3379 2071 3435 po-

490 3462 712 3509 testate.
751 3472 771 3504 ι

560 3545 660 3601 Hic
688 3544 871 3601 verbis
918 3544 1187 3611 declarat,
1214 3558 1324 3600 non
1353 3544 1531 3600 solum
1568 3560 1675 3600 non
1704 3545 1961 3616 expedire
1990 3560 2060 3602 ea

491 3652 611 3708 qua
646 3639 704 3694 in
760 3643 1031 3709 potestate
1062 3645 1252 3690 nostra
1283 3646 1415 3691 sunt
1479 3634 1685 3702 facere,
1717 3636 1809 3691 sed
1843 3651 1910 3691 ne
1962 3637 2070 3692 hoc

489 3730 708 3801 quidem
731 3745 851 3785 esse
882 3729 1198 3800 potestatis,
1233 3743 1421 3785 verum
1458 3728 1758 3784 servitutis.
1815 3726 1882 3785 Ut
1911 3738 2067 3801 puta,

490 3837 661 3895 penes
693 3830 747 3879 te
769 3830 855 3879 est
878 3821 1069 3878 edere:
1086 3828 1418 3892 potestatem
1443 3820 1589 3877 hanc
1615 3837 1797 3886 serva,
1819 3837 1922 3877 nec
1938 3821 2070 3879 απε-

488 3914 688 3974 etionis
705 3914 867 3972 istius
882 3928 1080 3970 servus
1100 3914 1218 3970 (ias.
1234 3912 1369 3968 Nam
1388 3914 1480 3986 qui
1502 3929 1565 3968 ea
1591 3916 1765 3969 utitur
1783 3914 1849 3970 ad
1876 3930 2068 3972 neces-

489 4009 734 4074 sitatem,
759 4009 807 4065 is
825 4008 1080 4063 dominus
1102 4019 1189 4063 est
1206 4007 1377 4063 illius.
1406 4005 1510 4074 Qui
1537 4023 1665 4065 vero
1688 4010 2069 4080 temperantiae

489 4102 713 4158 modum
761 4100 1003 4169 excedit,
1054 4100 1146 4155 hic
1198 4099 1437 4171 amplius
1466 4099 1579 4170 jam
1637 4100 1897 4157 dominus
1958 4116 2067 4156 non

488 4204 601 4259 est,
641 4194 736 4251 sed
773 4209 971 4251 servus
1034 4192 1292 4257 elIicitur,
1334 4194 1458 4265 gula
1499 4193 1847 4264 tyrannidem
1884 4195 1941 4250 in
1981 4195 2068 4266 ip.

488 4305 611 4345 sum
634 4296 946 4343 exercente.
984 4284 1148 4341 Vides
1168 4286 1450 4357 quomodo
1483 4286 1636 4341 illum
1666 4288 1761 4358 qui
1794 4297 2066 4359 potestate

487 4381 692 4452 pollere
720 4394 779 4435 se
807 4386 982 4450 putat,
1007 4378 1111 4434 sub
1138 4386 1413 4449 potestate
1454 4394 1582 4435 esse
1614 4381 1874 4435 ostendit.
1904 4380 2059 4436 Solet

2173 2541 2269 2596 καὶ
2291 2540 2545 2612 ἡγίασεν,
2575 2540 2673 2594 καὶ
2701 2538 3044 2597 ἐδικαίωσεν.
3079 2537 3267 2593 Ταῦτα
3305 2536 3365 2593 δι
3406 2532 3587 2605 εἷπεν,
3616 2535 3744 2608 σφύ-

2171 2635 2273 2708 δρα
2301 2633 2561 2706 ἐντρέψαι
2586 2632 2932 2705 βουλόμενος.

2249 2743 2269 2780 ι
2306 2725 2495 2781 Πάντα
2526 2743 2620 2798 μοι
2646 2724 2877 2793 ἔξεστιν,
2897 2723 3015 2779 ἀλλ’
3037 2723 3097 2779 οὗ
3121 2723 3304 2780 πάντα
3335 2721 3629 2797 συμφέρει.
3650 2740 3672 2775 ε

2230 2906 2382 2972 Τοὺς
2408 2906 2751 2979 λαιμάργους
2778 2905 3017 2962 ἐνταῦθα
3046 2904 3365 2963 αίνίττεται.
3395 2905 3617 2976 Ἐπειδὴ
3637 2902 3746 2978 γὰρ

2174 3002 2358 3076 μέλλει
2396 3002 2490 3055 ἐπὶ
2532 3004 2626 3055 τὸν
2660 2999 3074 3073 πεπορνευκότα
3116 2998 3406 3071 φέρεσθαι,
3437 3002 3472 3070 η
3517 2999 3581 3054 δέ
3610 3015 3747 3071 mp.

2170 3093 2289 3150 νεία
2314 3093 2423 3148 άπὸ
2444 3096 2657 3166 τρυφῆς
2690 3094 2785 3147 καὶ
2812 3091 3169 3165 λαιμαργίας,
3192 3091 3385 3145 τούτου
3423 3092 3586 3163 χάριν
3620 3106 3749 3161 σφο-

2172 3185 2316 3259 δρῶς
2342 3185 2562 3253 κολάζει
2586 3186 2648 3239 τὸ
2674 3185 2863 3249 πάθος.
2895 3185 3122 3256 Ὅμοιον
3147 3184 3205 3239 δέ
3238 3184 3314 3249 ὡς
3349 3184 3399 3237 εί
3428 3182 3746 3253 λέγοι.Ἔξ-

2172 3294 2291 3333 εστι
2335 3280 2529 3348 φαγεῖν
2554 3279 2738 3350 φησὶν,
2763 3277 2899 3333 ἀλλὰ
2929 3276 3004 3349 μὴ
3037 3276 3175 3347 μετὰ
3216 3276 3479 3341 ἀσωτίας.

2248 3391 2268 3425 ι
2293 3373 2483 3428 Πάντα
2510 3392 2600 3445 μοι
2624 3371 2826 3439 ἔξεστι,
2853 3371 2970 3426 ἀλλ’
2996 3371 3099 3425 οὐκ
3118 3368 3231 3441 ἐγὼ
3250 3369 3746 3443 ἐξουσιασθήσομαι

2174 3465 2280 3521 ὓπό
2302 3483 2468 3530 τινος.
2495 3485 2513 3519 ι

2242 3558 2340 3613 Διὰ
2368 3558 2561 3613 τούτου
2588 3557 2884 3620 δείκνυσιν,
2910 3555 2994 3609 ὅτι
3024 3554 3095 3609 τὰ
3125 3554 3183 3609 ἐν
3212 3552 3433 3627 ἐξουσία
3458 3556 3656 3619 ποιεῖν,
3683 3553 3744 3608 οὐ

2176 3649 2334 3722 μόνον
2359 3649 2420 3703 οὐ
2452 3648 2744 3719 συμφέρει,
2778 3644 2896 3700 ἀλλ’
2940 3645 3061 3701 οὺδέ
3113 3644 3336 3710 ἐξουσία
3389 3645 3560 3712 ἐστὶν,
3609 3644 3745 3702 am

2169 3743 2387 3800 δουλεία
2408 3759 2422 3773 ο
2481 3738 2593 3796 οἷον
2624 3741 2814 3814 κύριος
2846 3734 2899 3794 sl
2934 3738 3029 3795 τοῦ
3084 3741 3279 3809 φαγεῖν
3300 3754 3316 3770 ο
3373 3735 3569 3792 οὐκοῦν
3615 3738 3743 3808 μένε

2170 3835 2366 3907 κύριος
2402 3833 2500 3899 ὢν,
2533 3835 2629 3888 καὶ
2681 3832 2876 3887 σκόπει
2908 3830 2985 3903 μὴ
3023 3832 3160 3905 γένῃ
3185 3830 3371 3896 δοῦλος
3422 3829 3617 3885 τούτου
3645 3828 3739 3885 τοῦ

2172 3926 2401 3990 πάθους.
2446 3926 2506 3981 '0
2535 3925 2634 3998 μὲν
2659 3924 2769 3996 γὰρ
2798 3926 2878 3989 είς
2915 3923 3034 3978 δίον
3067 3920 3219 3995 αὐτῷ
3246 3922 3611 3995 κεχρημένος,
3645 3923 3745 3978 αὑ-

2168 4020 2262 4084 τὸς
2294 4018 2462 4074 αὐτοῦ
2489 4018 2683 4091 κύριός
2710 4020 2878 4074 ἐστιν.
2926 4016 2985 4071 '0
3016 4017 3075 4071 δέ
3105 4019 3187 4082 εις
3235 4016 3509 4089 ἀμετρίαν
3557 4013 3738 4081 ἐξιὼν,

2167 4112 2356 4168 οὐκέτι
2398 4113 2516 4166 ἐστὶ
2542 4110 2752 4184 κύριος,
2785 4110 2921 4165 ἀλλὰ
2953 4108 3138 4175 δοῦλος
3176 4108 3344 4165 αὐτοῦ
3376 4106 3611 4176 γίνεται,
3639 4107 3740 4179 τῆς

2167 4202 2507 4274 ἀδδηφαγίας
2536 4201 2595 4256 ἐν
2628 4201 2777 4273 αὺτῷ
2810 4200 3206 4273 τυραννούσης.
3234 4200 3337 4255 Ἴδε
3369 4198 3487 4263 πῶς
3529 4186 3625 4254 τδν
3652 4215 3740 4255 νο·-

2172 4294 2400 4367 μίζοντα
2440 4294 2693 4361 ἐξουσίαν
2720 4292 2884 4364 ἔχειν,
2913 4292 3111 4359 ἔδειξεν
3158 4292 3250 4347 ὑπ’
3302 4292 3551 4359 ἐξουσίαν
3587 4292 3738 4349 ὄντα.

2166 4384 2339 4441 Τοῦτο
2361 4385 2469 4454 γὰρ
2491 4384 2610 4449 ἔθος
2637 4384 2784 4456 αὐτῷ
2821 4385 2909 4439 ἀεὶ
2928 4386 3008 4449 είς
3027 4384 3089 4438 τὸ
3114 4384 3357 4439 ἐναντίον
3382 4386 3739 4457 περιτρεπειν

487 4472 634 4527 enim
667 4470 883 4540 objecta
919 4469 973 4523 in
998 4469 1341 4523 contrarium
1377 4481 1713 4539 retorquere.
1747 4470 1907 4537 Quod
1941 4472 2064 4541 qui-

2185 4476 2491 4540 ίντιθέσεις.
2523 4476 2725 4531 Σκόπει
2756 4474 2815 4529 δέ
2836 4491 2851 4509 ·
2880 4474 3110 4529 ἐκείνων
3145 4473 3372 4538 ἕκαστος
3400 4473 3587 4545 ἔλεγεν
3605 4513 3621 4537 ,
3650 4475 3737 4541 εξ.

486 4563 609 4619 dem
639 4563 898 4617 observes
924 4561 1103 4615 velim.
1142 4557 1533 4631 Unusquisque
1583 4561 1802 4617 illorum
1837 4562 2057 4618 aiebat:

484 4656 612 4712 licet
642 4655 775 4710 mihi
807 4654 1020 4709 deliciis
1047 4653 1355 4725 indulgere.
1380 4655 1500 4725 Ipse
1527 4670 1677 4716 vero.
1713 4670 2058 4724 nequaquam

484 4750 541 4807 id
574 4749 731 4811 facis,
762 4747 960 4817 inquit,
993 4763 1093 4802 ceu
1130 4748 1341 4817 integra
1393 4762 1558 4817 penes
1593 4756 1645 4802 te
1678 4756 1921 4817 potestas
1954 4747 2060 4804 hu—

480 4844 572 4914 jus
613 4853 868 4908 maneat;
900 4842 994 4897 sed
1027 4856 1148 4895 cum
1184 4842 1299 4909 ipse
1323 4841 1451 4895 huic
1485 4841 1743 4910 potestati
1776 4840 1853 4897 sis
1882 4842 2060 4896 obno-

486 4939 630 4993 xius.
672 4934 789 4991 Non
825 4936 967 4989 enim
1001 4935 1212 4990 ventris
1241 4944 1564 5005 potestatem
1604 4933 1796 5000 habes,
1838 4935 2059 5011 quando

483 5030 911 5094 intemperanter
928 5026 1077 5094 agis:
1103 5027 1234 5095 quin
1266 5027 1447 5095 potius
1466 5028 1727 5095 potestati
1754 5027 1905 5082 illius
1923 5027 2060 5082 sub-

481 5109 692 5179 iiceris.
736 5115 847 5171 Hoc
874 5126 1052 5171 autem
1087 5117 1154 5171 de
1178 5117 1429 5187 pecuniis
1455 5132 1694 5189 quoque,
1718 5121 1895 5189 deque
1929 5120 2058 5176 aliis

484 5212 650 5266 rebus
681 5209 793 5266 dici
834 5210 1028 5279 possit.

556 5300 719 5358 Vsus.
758 5302 849 5357 15.
884 5321 901 5354 ι
943 5302 1081 5358 Esca
1112 5304 1313 5367 ventri,
1344 5312 1397 5359 et
1430 5313 1619 5361 venter
1649 5307 1815 5363 escis.
1854 5326 1874 5359 ›

561 5474 805 5529 Ventrem
840 5474 991 5539 istic,
1023 5492 1133 5532 non
1162 5476 1343 5532 alvum
1366 5488 1553 5545 vocat,
1588 5481 1682 5535 sed
1714 5482 1894 5551 gulam
1942 5500 1954 5537 :
1995 5492 2055 5536 ut

486 5568 703 5640 quando
731 5568 864 5624 dicit
912 5586 925 5623 :
960 5570 1201 5637 Quorum
1230 5571 1373 5625 Deus
1420 5583 1597 5629 venter
1621 5587 1699 5629 est
1734 5577 1801 5644 ",
1837 5590 1943 5630 non
1984 5575 2052 5630 de

2167 4564 2285 4619 εστί
2327 4581 2416 4635 μοι
2455 4565 2685 4634 τρυφᾷν.
2728 4560 2893 4627 Αὐτὸς
2940 4563 2995 4617 δὲ
3026 4562 3226 4635 φησίν·
3260 4563 3372 4635 υύχ
3400 4562 3575 4629 οὕτως
3608 4563 3737 4618 αὐτὸ

2168 4659 2342 4721 ποιεῖς
2375 4656 2450 4722 ὡς
2472 4655 2721 4721 ἐξουσίαν
2751 4655 2889 4727 ἔχων
2929 4654 3117 4720 αὐτοῦ,
3150 4654 3264 4710 ἀλλ’
3300 4656 3379 4721 ὡς
3409 4656 3575 4721 αὐτὸς
3603 4658 3734 4712 ὑπο·

2166 4748 2417 4819 κείμενος
2448 4750 2513 4820 τῇ
2559 4747 2777 4818 ἐξουσία
2818 4747 3011 4819 ταύτῃ.
3048 4749 3122 4802 Οὐ
3157 4748 3267 4820 γὰρ
3304 4749 3449 4820 ἔχεις
3490 4748 3733 4817 ἐξουσίαν

2166 4840 2264 4913 τῆς
2289 4841 2549 4913 γαστρὸς,
2587 4841 2691 4905 ἕως
2712 4841 2781 4896 ἂν
2808 4841 3020 4905 ἄσωτος
3048 4837 3097 4894 εί
3115 4860 3131 4872 ·
3178 4841 3315 4897 άλλά
3349 4842 3488 4912 αὕτη
3511 4859 3607 4896 σου
3637 4844 3730 4911 τὴν

2168 4935 2416 5000 ἐξουσίαν
2464 4935 2595 5007 ἔχει.
2621 4934 2792 4987 Τοῦτο
2831 4935 2887 4988 δὲ
2921 4936 3017 4989 καὶ
3056 4935 3149 4990 ἐπὶ
3180 4937 3477 5007 χρημάτων
3514 4936 3605 4990 καὶ
3642 4935 3731 4989 ἐπὶ

2164 5027 2273 5081 τῶν
2296 5028 2474 5082 ἄλλων
2509 5028 2654 5082 ἐστιν
2692 5030 2889 5081 είπεῖν.

2242 5318 2258 5349 ι
2293 5298 2372 5351 Τὰ
2428 5297 2692 5371 βρώματα
2720 5300 2785 5371 τῇ
2817 5299 3013 5372 κοιλίᾳ,
3042 5299 3135 5353 καὶ
3165 5300 3196 5369 ἡ
3236 5298 3413 5352 κοιλία
3451 5301 3561 5363 τοῖς

2166 5410 2323 5461 μασι.
2355 5412 2372 5443 ›

2233 5487 2481 5539 [fodiar
2508 5486 2765 5551 ἐνταῦθα,
2800 5488 2858 5540 οὗ
2891 5487 2990 5556 τὴν
3030 5485 3292 5556 γαστέρα,
3322 5485 3457 5539 ἀλλὰ
3498 5486 3595 5557 τὴν
3622 5501 3717 5554 γα·

2164 5578 2533 5650 στριμαργίαν
2578 5581 2777 5650 φησιν,
2806 5579 2881 5644 ὡς
2915 5579 3040 5633 ὅταν
3092 5578 3259 5653 λέγῃ·
3292 5570 3406 5632 *Ων
3452 5580 3484 5632 ό
3511 5576 3647 5642 Θεὸς
3685 5574 3719 5641 ἡ

554 5774 599 5806 "
638 5771 830 5829 Matth.
859 5790 913 5843 ν,
945 5773 1036 5829 22.
1115 5776 1157 5809 ⁸⁸
1184 5775 1353 5833 Exod.
1404 5793 1581 5847 axxn,
1614 5778 1667 5837 6.
1742 5780 1783 5813 "
1813 5778 2047 5850 Philipp.
2087 5778 2276 5845 "1,19.
