3940 6264
524 322 623 391 631

1725 337 1784 398 S.
1823 335 2146 399 JOANNIS
2184 338 2622 401 DAMASCENI

3672 342 3767 410 632

526 434 658 492 Nam
704 448 757 495 ct
790 440 1077 499 hominum
1106 461 1282 518 genus
1329 463 1426 519 per
1454 448 1632 521 ipsum
1666 466 1732 506 ex
1771 450 1947 506 nihilo
1973 466 2102 521 pro»

2221 452 2368 507 ιύτοῦ
2385 452 2496 525 γὰρ
2511 453 2608 507 καὶ
2627 454 2694 507 ἐκ
2717 449 2812 509 τοῦ
2838 452 2916 525 μὴ
2926 453 3078 519 ὄντος
3098 450 3357 526 παρήχθη
3383 452 3445 507 τδ
3462 452 3567 509 τῶν
3578 453 3769 528 ἀνθρώ-

525 529 749 588 ductum
783 532 911 601 fuit,
944 545 1109 608 atque
1138 540 1208 595 ab
1236 555 1423 597 errore
1459 542 1531 599 ad
1555 542 1838 599 veritatem
1880 558 2108 599 revoca-

528 632 645 679 tum
672 637 778 683 est.
807 626 1049 703 ideoque
1080 630 1197 687 haec
1228 634 1524 705 particula,
1547 650 1615 690 ea:
1649 652 1775 708 quo,
1821 635 2107 695 Christum

525 734 639 774 non
685 719 950 776 excludit.
990 721 1070 780 Ex
1106 723 1230 796 ipso
1272 725 1420 781 enim
1457 741 1553 798 per
1583 727 1867 784 Christqu
1897 722 2108 784 co‘nditi

526 828 739 869 sumus.
788 812 891 881 Qui
943 831 1044 873 nec
1076 819 1301 875 nomina
1330 828 1591 891 tanquam
1624 822 1927 893 unicuique
1959 832 2111 879 sorte

526 904 826 961 distributa
854 905 1070 977 divisit,
1104 910 1234 967 dum
1261 912 1400 968 Filio
1430 914 1653 985 quidem
1680 929 1890 982 vocem,
1924 913 2110 969 Domi-

526 1012 650 1062 nus,
692 996 842 1054 Patri
892 1015 1021 1057 vero
1052 1016 1275 1069 nomen,
1325 1004 1491 1071 Deus,
1535 1005 1811 1063 attribuit.
1865 1003 1999 1061 Nam
2052 1017 2111 1063 et

528 1085 817 1159 Scriptura
835 1088 1156 1162 frequenter
1176 1093 1319 1150 solet
1344 1111 1407 1150 ea
1439 1103 1781 1167 permutare,
1809 1096 2110 1167 utquaudo

527 1178 644 1235 ait:
683 1178 831 1237 Dixit
881 1181 1143 1241 Dominus
1197 1185 1568 1243 Dominomeo
1611 1188 1680 1242 ".
1729 1188 1797 1243 Et
1844 1204 2107 1245 rursum:

528 1271 822 1342 Propterea
880 1278 1033 1331 unxit
1088 1287 1138 1335 te
1190 1278 1356 1347 Deus,
1402 1280 1547 1338 Deus
1601 1290 1723 1336 tuus
1761 1282 1833 1338 ⁷³.
1885 1280 1992 1338 Et:
2024 1281 2113 1337 Ex

527 1366 713 1434 quibus
768 1366 1014 1424 Christus
1063 1371 1354 1427 secundum
1401 1390 1638 1441 carnem,
1688 1374 1782 1446 qui
1832 1382 1914 1431 est
1956 1391 2112 1447 super

529 1460 711 1513 omnia
751 1458 891 1516 Deus
934 1462 1003 1516 ".
1038 1464 1223 1536 Atque
1250 1464 1438 1522 multis
1477 1466 1534 1522 in
1568 1467 1712 1525 locis
1755 1467 1958 1526 videris
1994 1468 2112 1525 haec

528 1553 749 1608 nomina
774 1555 1157 1611 transmutari.
1191 1555 1349 1624 Quod
1377 1558 1427 1614 si
1453 1566 1709 1630 quaerunt
1729 1559 1920 1632 aliqui,
1943 1576 2110 1633 quam

526 1642 599 1698 ob
635 1658 862 1701 causam
909 1662 1029 1709 non,
1057 1650 1370 1706 meminerit
1414 1649 1697 1723 Spiritus:
1745 1652 1855 1709 hoc
1888 1668 1991 1709 nos
2027 1668 2115 1709 re-

528 1737 948 1807 sponderimus,
1002 1758 1128 1798 eum
1180 1743 1250 1800 ad
1302 1744 1544 1801 cultores
1605 1746 1884 1802 idolorum
1942 1745 2110 1802 verba

2210 563 2329 601 πων
2350 544 2529 615 γένος,
2550 544 2647 601 καὶ
2672 545 2783 601 ἀπὸ
2813 545 3025 618 πλάνης
3045 547 3127 611 εἰς
3173 543 3439 618 ἀλήθειαν
3472 546 3732 618 ἐπανῆλθε
3750 563 3765 580 ·

2209 639 2353 696 ὥστε
2376 640 2458 707 τὸ,
2489 641 2557 707 ἐξ
2585 634 2686 708 οὗ,
2713 639 2875 696 τοῦτο
2917 641 3018 696 οὐκ
3047 640 3163 696 ἔστι
3189 634 3360 713 χωρὶς
3402 638 3498 695 τοῦ
3526 640 3767 713 Χριστοῦ.

2224 732 2316 800 Ἐξ
2340 732 2509 789 αὐτοῦ
2551 730 2663 805 γὰρ
2688 731 2783 789 διὰ
2824 732 2923 788 τοῦ
2970 732 3210 806 Χριστοῦ
3250 731 3769 806 ὲδημιουργήθημεν.

2210 826 2287 882 Οὐ
2323 825 2430 899 μὴν
2462 826 2583 881 οὐδὲ
2600 824 2669 881 τὰ
2690 824 2931 900 ὀνόματα
2950 824 3026 889 ὡς
3043 824 3549 898 ἁποκεκληρωμένα
3573 824 3771 891 διεῖλεν,

2206 916 2291 990 τῷ
2323 917 2424 990 μὲν
2448 917 2566 990 Υἱῷ
2590 918 2653 972 τὸ
2681 918 2902 988 Κύριος
2926 958 2943 985 ,
2976 915 3057 989 τῷ
3078 917 3136 970 δὲ
3157 917 3335 989 Πατρὶ
3361 916 3424 970 τδ
3450 916 3598 983 Θεὸς
3621 931 3773 988 προσ-

2211 1010 2432 1081 νείμας.
2463 1005 2623 1065 Οῐδεν
2674 1010 2787 1082 γὰρ
2847 1009 2989 1065 αὐτά
3032 1010 3130 1064 καὶ
3163 1007 3518 1065 ἐναλλάττειν
3537 1010 3572 1080 ἡ
3599 1008 3776 1081 Γραφὴ

2214 1102 2497 1171 πολλάκις,
2526 1102 2601 1166 ὡς
2632 1103 2761 1157 ὅταν
2784 1100 2940 1173 λέγῃ·
2970 1096 3155 1157 Εἶπεν
3184 1102 3220 1155 ὁ
3240 1099 3458 1168 Κύριος
3490 1096 3574 1166 τῷ
3600 1099 3778 1169 Κυρίῳ

2208 1213 2349 1266 μου.
2397 1194 2509 1249 Kal.
2544 1194 2710 1249 πάλιν
2734 1210 2750 1225 ·
2784 1194 2889 1248 Διὰ
2935 1192 3119 1248 τοῦτο
3153 1189 3369 1262 εχρωέ
3402 1207 3478 1246 σε
3499 1192 3534 1246 ὁ
3561 1189 3720 1257 Θεὸς,
3749 1193 3777 1247 ό

2219 1292 2365 1358 Θεός
2383 1308 2522 1346 σου.
2563 1289 2674 1347 Καί
2700 1306 2716 1320 ·
2758 1288 2863 1354 Ἐξ
2903 1283 2977 1343 οὗ
3000 1284 3261 1358 Χριστὸς
3279 1286 3350 1340 τὸ
3382 1280 3537 1340 κατὰ
3574 1282 3775 1353 σάρκα.

2213 1385 2247 1439 ό
2279 1379 2369 1438 ὢν
2401 1381 2501 1437 ἐπὶ
2558 1380 2802 1436 πάντων
2840 1378 3005 1445 Oeric.
3057 1376 3171 1431 Καὶ
3220 1373 3493 1448 πολλαχοῦ
3554 1373 3621 1430 ἂν
3661 1371 3780 1436 ἴδοις

2212 1474 2388 1530 ταῦτα
2418 1472 2815 1547 μεταϐαίνοντα
2848 1470 2919 1527 τὰ
2946 1470 3211 1543 ὀνόματα.
3233 1467 3297 1551 El
3321 1467 3378 1522 δέ
3397 1482 3545 1532 τινες
3564 1465 3778 1533 λέγοιεν,

2212 1566 2374 1632 Τίνος
2401 1566 2589 1622 ἕνεκεν
2622 1564 2940 1638 Πνεῦματος
2984 1564 3089 1620 οὐκ
3122 1560 3577 1636 ὲμνημόνευσενς
3617 1560 3777 1613 ἐκεῖνο

2214 1660 2281 1717 ἂν
2317 1660 2590 1733 εἴποιμεν,
2614 1660 2694 1715 ὅτι
2728 1660 2869 1732 πρὸς
2924 1656 3317 1729 είδω).ολάτρας
3353 1649 3425 1725 ἦν
3450 1654 3483 1709 θ
3512 1652 3670 1723 λόγος
3694 1650 3781 1706 αὑ-

2213 1751 2314 1824 τῷ,
2344 1752 2443 1807 καὶ
2466 1753 2596 1823 περὶ
2622 1750 2769 1806 θεῶν
2805 1748 3020 1805 πολλῶν
3044 1749 3075 1803 ὀ
3102 1745 3275 1819 ἀγὼν,
3314 1745 3411 1803 καὶ
3439 1743 3573 1816 περὶ
3593 1741 3781 1814 κυρίων

531 1830 737 1898 facere,
761 1842 926 1904 atque
947 1833 1018 1890 de
1049 1832 1159 1891 diis
1189 1836 1462 1907 pluribus,
1492 1838 1676 1915 deque
1700 1836 1943 1895 dominis
1969 1839 2108 1895 mul-

2221 1809 2430 1902 πολλῶν
2448 1861 2466 1889 ε
2498 1809 2579 1901 δὶδ
2621 1844 2718 1900 καὶ
2741 1841 2878 1899 Θεὸν
2896 1842 2991 1897 τὸν
3011 1809 3236 1913 Πατέρα
3259 1809 3456 1905 ἐίπὼν,
3483 1809 3691 1909 κύριον
3705 1837 3784 1888 τὸν

530 1924 602 1981 tis
628 1924 951 2001 disputare.
989 1928 1361 1995 Quamobrem
1409 1941 1700 2005 postquam
1735 1948 1904 1989 unum
1935 1932 2108 1990 Deum

528 2013 746 2071 Patrem
782 2018 946 2084 dixit,
978 2017 1179 2076 Filium
1211 2019 1506 2078 Dominum
1537 2024 1855 2095 appellavit.
1885 2023 1945 2080 Si
1976 2039 2109 2097 ergo

524 2106 747 2165 Patrem
779 2126 891 2167 una
916 2126 1045 2168 cum
1085 2113 1228 2169 Filio
1264 2130 1413 2172 nunc
1440 2131 1613 2174 ausus
1646 2134 1757 2173 non
1793 2127 1879 2174 est
1916 2116 2109 2174 Domi-

527 2218 658 2256 num
699 2203 999 2275 appellare,
1028 2221 1098 2263 ne
1127 2208 1271 2278 apud
1300 2208 1428 2266 illos
1468 2209 1523 2265 in
1548 2209 1929 2283 suspicionem
1958 2212 2115 2269 veni-

525 2302 610 2350 ret
641 2298 799 2366 quasi
832 2298 975 2356 duos
1048 2300 1303 2358 dominos
1352 2302 1603 2371 diceret;
1653 2320 1835 2375 neque
1885 2321 2109 2362 rursum

524 2385 728 2447 Filium
754 2404 864 2445 una
903 2405 1030 2447 cum
1058 2389 1223 2449 Patre
1248 2392 1420 2451 Deum
1451 2410 1671 2462 vocare,
1700 2412 1769 2452 ne
1793 2395 1936 2454 duos
1964 2396 2111 2453 adir-

527 2495 681 2538 mare
723 2484 855 2540 deos
888 2472 1220 2556 putaretur:
1246 2487 1379 2558 quid
1411 2488 1659 2559 miraris,
1691 2490 1740 2547 si
1767 2506 1883 2546 non
1911 2491 2114 2548 memi-

523 2574 607 2629 nit
658 2574 942 2647 Spiritus?
989 2576 1129 2634 Nam
1180 2579 1454 2640 adversus
1503 2582 1631 2641 illos
1682 2592 1816 2641 tunc
1859 2583 2111 2642 decerta-

525 2668 640 2735 bat,
701 2668 1027 2742 volebatque
1074 2674 1395 2742 ostendere,
1452 2676 1603 2750 apud
1660 2692 1762 2735 nos
1812 2692 1925 2734 non
1983 2694 2108 2736 esse

523 2760 757 2819 deorum
819 2764 1255 2824 multitudinem.
1311 2766 1615 2840 Propterea
1663 2785 1896 2841 vocem,
1966 2789 2107 2828 unus

523 2854 748 2912 assidue
800 2858 1022 2926 retinet,
1078 2860 1325 2917 dicens:
1362 2858 1568 2918 Nullus
1623 2871 1705 2918 est
1765 2863 1936 2935 Deus,
1997 2866 2104 2920 nisi

2217 1941 2348 1996 Υίδν
2377 1938 2660 1996 ἐκάλεσεν.
2700 1938 2766 1993 El
2799 1934 2982 1991 τοίνυν
3026 1934 3124 1989 τδν
3148 1931 3372 2003 Πατέρα
3395 1931 3498 1986 οὐκ
3530 1921 3783 1998 ἐτόλμησε

2217 2033 2447 2089 καλέσαι
2468 2031 2673 2105 Κύριον
2699 2029 2797 2085 νῦν
2821 2028 2963 2102 μετὰ
2999 2026 3095 2083 τοῦ
3129 2023 3285 2094 Υίοῢ,
3313 2024 3403 2081 ἵνα
3432 2020 3510 2095 μὴ
3543 2021 3639 2075 δύο
3668 2016 3785 2089 παρ’

2217 2127 2452 2192 ἐκείνοις
2485 2123 2865 2196 ὑποπτεύηται
2890 2121 3073 2190 λέγειν
3105 2119 3331 2192 κυρίους
3350 2133 3364 2149 ο
3397 2114 3521 2170 οὐδὲ
3557 2113 3649 2168 τὸν
3672 2112 3784 2166 Υιὺν

2213 2220 2349 2275 Θεὸν
2385 2217 2526 2291 μετὰ
2558 2215 2655 2272 τοῦ
2685 2214 2926 2286 Πατρδς,
2958 2214 3047 2268 ἵνα
3070 2210 3148 2284 μὴ
3177 2209 3272 2265 δύο
3298 2208 3485 2280 λέγειν
3508 2204 3785 2277 νομίζηται

2213 2312 2393 2376 θεοὺς,
2448 2309 2507 2366 τί
2563 2308 2893 2380 θαυμάζεις,
2926 2308 2976 2360 εί
3022 2303 3121 2361 τοῦ
3147 2301 3469 2375 Πνεῦματος
3503 2298 3608 2354 οὐκ
3635 2298 3781 2367 itm;-

2214 2403 2485 2477 μόνευσες
2512 2401 2655 2474 πρὸς
2682 2400 2795 2472 γὰρ
2817 2396 3062 2462 ἐκείνους
3091 2391 3162 2467 ἦν
3216 2394 3357 2459 τέως
3389 2391 3542 2464 αὐτῷ
3572 2392 3600 2445 δ
3628 2387 3784 2459 ἀγὼν.

2211 2495 2309 2552 καί⁹
2332 2494 2395 2548 τδ
2422 2490 2596 2559 δεῖξαι
2642 2492 2729 2546 ὃτι
2782 2488 2886 2545 οὐκ
2907 2487 3028 2543 ἔστι
3057 2484 3327 2543 πολυθεη
3353 2484 3486 2554 παρ’
3517 2483 3672 2555 ἡμῖν.
3707 2479 3786 2533 Διὸ

2213 2588 2276 2644 τδ
2323 2583 2415 2655 εἷς
2446 2584 2689 2658 συνεχῶς
2715 2582 2944 2656 κατέχει
2985 2580 3185 2651 λέγων·
3213 2577 3426 2645 οὐδεὶς
3460 2575 3610 2641 Θεὸς
3636 2576 3682 2629 ει
3709 2570 3785 2643 μὴ

2213 2674 2326 2748 εἷς.
2357 2678 2469 2734 Καὶ
2491 2676 2690 2733 πάλιν
2750 2674 2927 2745 Ἡμῖν
2964 2666 3055 2740 εἷς
3110 2670 3276 2739 Θεὸς,
3307 2667 3410 2725 καί
3439 2662 3530 2733 εἷς
3562 2666 3784 2733 Κύριος.

2215 2769 2383 2825 Ὅθεν
2413 2768 2573 2843 δῆλον
2600 2768 2685 2823 ὅτι
2713 2764 3032 2838 φειδόμενος
3058 2763 3158 2835 τῆς
3184 2760 3476 2827 ἀσθενείας
3499 2758 3613 2814 τῶν
3639 2757 3786 2811 ἀκου-

2209 2862 2402 2929 όντων,
2440 2859 2615 2935 ταύτῃ
2634 2859 2910 2933 ἐχρήσατο
2938 2859 3007 2929 τῇ
3039 2855 3334 2927 διασκευῇ.

522 2962 683 3006 unus.
714 2947 782 3004 Et
812 2949 1037 3018 iterum,
1068 2950 1241 3008 Nobis
1272 2969 1409 3011 unus
1441 2953 1585 3011 Deus
1608 2962 1712 3022 est,
1746 2964 1799 3012 et
1829 2973 1971 3012 tutus
1985 2956 2271 3013 Dominus.
2314 2959 2397 3012 Ex
2453 2970 2566 3029 quo
2595 2952 2952 3011 manifestum
3014 2958 3100 3007 est
3167 2963 3320 3016 eum,
3384 2956 3445 3004 ut
3515 2938 3784 3002 imbecilli-

522 3042 623 3098 tati
657 3053 917 3115 parceret
961 3044 1317 3117 auditorum,
1360 3051 1465 3105 hac
1511 3050 1778 3124 loquendi
1824 3054 2113 3113 structura
2148 3070 2311 3111 usum
2341 3069 2486 3111 esse.

599 3156 620 3190 ι
660 3136 895 3206 Quidam
920 3147 1106 3199 autem
1133 3145 1544 3204 consuetudine
1571 3146 1731 3203 idoli.
1780 3166 1802 3201 ι

591 3228 783 3302 Neque
808 3231 934 3290 illos
960 3233 1140 3305 palam
1169 3236 1440 3305 declarat,
1466 3254 1534 3296 ne
1561 3238 1759 3308 feriat;
1790 3256 1970 3312 neque
1989 3256 2108 3299 om-

524 3324 657 3380 nino
682 3329 1060 3396 praetercurrit
1087 3345 1103 3383 :
1136 3329 1233 3387 sed
1266 3328 1550 3389 indeﬁnite
1587 3332 1925 3389 mentionem
1955 3334 2107 3405 ipso-

524 3429 648 3470 rum
686 3415 840 3472 facit.

599 3522 621 3556 s
664 3503 849 3577 Usque
876 3523 1026 3563 nunc
1063 3508 1219 3580 quasi
1246 3507 1554 3583 idolothyta
1581 3510 1937 3570 manducant.
1976 3533 2001 3567 ι

594 3596 801 3654 Eadem
829 3614 937 3669 qua
966 3598 1125 3670 prius
1159 3608 1361 3655 mente.

598 3707 620 3742 s
655 3687 723 3743 Et
758 3690 1103 3747 conscientia
1138 3693 1409 3761 ipsorum,
1443 3708 1570 3751 cum
1605 3693 1678 3750 sit
1710 3693 1950 3763 inﬁrma,
1984 3697 2105 3766 pol-

525 3780 714 3838 luitur.
752 3802 776 3836 ι

596 3873 738 3942 Quia
774 3876 1016 3932 nondum
1064 3876 1211 3934 valet
1261 3893 1324 3934 ea
1376 3878 1681 3949 despicere,
1734 3894 1837 3937 nec
1882 3880 2108 3937 omnino

523 3970 778 4027 deridere
808 3990 825 4027 ι
858 3971 954 4051 sed
984 3972 1165 4029 adhuc
1209 3972 1453 4031 haesitat.
1488 3975 1763 4032 Caeterum
1821 3990 2103 4047 nusquam

524 4069 831 4120 orationem
883 4064 1031 4121 sistit
1075 4065 1224 4120 circa
1280 4074 1535 4121 naturam
1580 4067 1662 4123 rei
1694 4085 1708 4123 :
1740 4066 1834 4124 sed
1885 4082 2110 4125 sursum

525 4159 787 4215 deorsum
841 4160 1095 4214 versatur
1142 4159 1291 4216 circa
1338 4158 1759 4219 conscientiam
1817 4161 1967 4218 illius
2013 4160 2107 4234 qui

526 4252 841 4324 participat.
885 4250 1117 4308 Veretur
1148 4252 1299 4307 enim
1331 4269 1399 4310 ne
1436 4252 1721 4309 inﬁrmum
1751 4254 1955 4311 volens.
1976 4270 2105 4311 cor-

524 4345 727 4417 rigere,
789 4344 988 4401 fortem
1044 4346 1318 4412 verberet,
1374 4348 1636 4419 huncque
1675 4347 1911 4405 subinde
1952 4348 2106 4405 inﬁr-

525 4455 673 4495 mttm
706 4438 919 4495 reddat.
1442 4452 1445 4455 ·

2135 3154 2184 3219 c
2288 3169 2309 3205 ε
2341 3151 2501 3215 Τινὲς
2521 3149 2581 3205 δὲ
2608 3151 2677 3222 τῇ
2715 3146 2979 3221 συνηθείᾳ
3002 3135 3098 3202 τοῦ
3128 3144 3370 3202 εἰδώλου.
3403 3162 3423 3195 s

2285 3242 2426 3300 Οὔτε
2479 3241 2815 3298 ὲκκαλύπτει
2871 3238 3070 3304 αὐτοὺς
3116 3237 3328 3308 σαφῶς,
3359 3235 3445 3290 ἵνα
3468 3232 3546 3309 μὴ
3577 3230 3744 3302 πλήξῃ
3765 3267 3784 3296 ο

2214 3334 2342 3390 οὕτε
2363 3336 2705 3409 παρατρέχει
2747 3330 3005 3400 καθόλου,
3039 3329 3158 3385 ἀλλ’
3198 3328 3472 3402 ἀορίστως
3499 3324 3679 3381 αὐτῶν
3704 3324 3787 3397 μὲ-

2216 3446 2443 3503 μνηται.
3006 3450 3012 3455 ·

2291 3539 2313 3574 s
2352 3520 2502 3586 Ἕως
2521 3516 2648 3592 ἄρτι
2676 3518 2753 3585 ὡς
2777 3516 3109 3573 είδωλὸθυτα
3138 3514 3438 3571 ἐσθίουσιν.
3463 3533 3484 3567 s

2286 3612 2449 3669 Μετὰ
2470 3609 2747 3682 τοσαύτης
2762 3607 3007 3675 διανοίας
3046 3607 3167 3680 μεθ’
3204 3601 3273 3681 ἧς
3310 3606 3373 3662 τὸ
3405 3606 3694 3685 πρότερον.

2295 3720 2314 3753 t
2356 3700 2467 3758 Καὶ
2514 3700 2552 3771 η
2613 3698 2923 3772 συνείδησις
2969 3698 3151 3754 αὐτῶν
3187 3695 3423 3769 ἀσθενὴς
3473 3690 3611 3752 οὖσα
3638 3691 3787 3765 μολύ-

2215 3811 2343 3848 νετα
2352 3812 2388 3849 ι.
2420 3813 2441 3847 ι

2288 3888 2520 3943 Οὐδέπω
2565 3885 2846 3960 δυναμένη
2890 3883 3335 3958 καταφρονῆσαι,
3376 3873 3499 3965 οὐδε
3525 3877 3788 3949 ,καθάπαξ

2216 3983 2399 4038 αὐτῶν
2444 3982 2843 4053 καταγελᾶσαι,
2892 3980 3015 4036 ἀλλ’
3043 3980 3236 4052 ὥσπερ
3253 3977 3669 4051 διακρινομένη.
3692 3974 3789 4028 Οὐ-

2216 4073 2389 4148 δαμοῠ
2414 4073 2473 4129 δὲ
2507 4074 2645 4146 περὶ
2672 4072 2773 4143 τὴν
2799 4069 2963 4142 φύσιν
3012 4070 3110 4126 τοῦ
3140 4070 3470 4145 πράγματος
3508 4068 3601 4123 τὸν
3644 4066 3789 4135 λόγον

2217 4166 2453 4241 ἵστησιν,
2508 4165 2647 4222 ἀλλὰ
2694 4166 2807 4222 ἄνω
2840 4166 2936 4221 καὶ
2973 4164 3128 4221 κάτω
3179 4162 3309 4237 περὶ
3341 4161 3677 4224 τδισυνειδδς
3704 4157 3789 4213 τοῦ

2219 4259 2621 4334 μεταλαϐόντος
2675 4259 2994 4333 στρέφεται.
3058 4257 3276 4314 Δέδοικε
3506 4256 3582 4353 μη
3610 4252 3789 4353 Diluti:

2215 4353 2515 4429 διορθῶσαι
2534 4352 2627 4407 τὸν
2652 4352 2878 4423 ἀσθενῆ,
2897 4350 3082 4425 πλήξῃ
3108 4350 3200 4405 τὸν
3221 4341 3462 4421 ἰσχυρὸν,
3485 4348 3582 4402 καὶ
3598 4341 3789 4413 ἀσθενῆ

2217 4447 2312 4501 καὶ
2339 4443 2529 4501 τοῦτον
2563 4442 2889 4515 ἐργάσηται.

596 4533 764 4592 Vens.
819 4533 875 4590 8'.
932 4553 950 4586 ε
992 4532 1131 4589 Esca
1177 4543 1359 4589 autem
1396 4548 1495 4589 vos
1546 4547 1655 4589 non
1695 4536 2108 4591 commendabit

2292 4557 2312 4587 σ
2353 4535 2562 4609 Βρῶμα
2583 4533 2639 4588 δὲ
2666 4536 2815 4608 ὑμᾶς
2844 4536 2907 4590 οὐ
2938 4535 3286 4608 παραστήσει
3318 4532 3397 4607 τῷ
3417 4532 3560 4606 Θεῷ.
3595 4552 3615 4615 ι

524 4622 658 4681 Deo.
696 4645 715 4678 ι

599 4718 713 4790 s9
766 4716 899 4773 Vide
953 4714 1232 4787 quomodo
1266 4715 1462 4771 borum
1502 4732 1701 4773 rursus
1733 4730 2105 4789 arrogantiam

525 4810 799 4875 deprimit.
851 4811 1020 4879 Quasi
1057 4810 1519 4867 dicat:Tatnetsi
1563 4811 1752 4867 nullus
1803 4812 1965 4869 laesus
2001 4822 2108 4879 est,

530 4920 628 4961 nec
658 4904 766 4959 ulla
799 4904 929 4961 inde
960 4905 1201 4977 proximi
1236 4904 1812 4977 perversiocontigit,
1863 4915 2109 4963 attamen

530 5014 596 5054 ne
620 4997 701 5055 sic
726 4996 952 5069 quidem
987 4998 1040 5053 id
1066 4998 1252 5054 facere
1278 4998 1590 5069 oportebat.
1618 4997 1733 5054 Hoc
1754 4999 1901 5054 enim
1921 5010 2006 5055 est
2031 5001 2113 5055 in-

528 5107 752 5149 cassunt
793 5092 1070 5148 laborare.
1103 5091 1239 5147 Nam
1287 5092 1381 5163 qui
1422 5092 1635 5147 audivit
1671 5092 1909 5148 alterum
1961 5093 2106 5157 laedi,

529 5187 648 5255 ipse
671 5191 855 5240 autem
883 5186 1089 5257 alioqui
1112 5184 1365 5241 nonnihil
1392 5185 1541 5255 capit
1570 5185 1735 5251 lucri,
1763 5184 1911 5241 haud
1946 5188 2105 5243 valde

528 5289 687 5333 curat
720 5278 1003 5333 abstinere
1037 5294 1052 5331 :
1097 5279 1195 5333 sed
1232 5287 1363 5331 tunc
1398 5291 1635 5347 prorsus
1687 5278 1913 5349 quando
1957 5280 2103 5335 didi-

530 5372 693 5435 cerit,
770 5370 907 5425 nihil
945 5385 1005 5425 se
1038 5384 1101 5424 ea
1139 5386 1198 5425 re
1234 5370 1439 5439 juvari.
1492 5368 1766 5434 Quacirea
1799 5371 1876 5427 ait
1907 5390 1919 5425 :
1974 5371 2111 5427 Esca

530 5479 625 5517 nos
666 5478 769 5516 non
800 5457 1188 5515 commendabit
1223 5459 1350 5514 Deo.

607 5574 626 5605 ε
665 5553 856 5625 Neque
890 5554 1037 5608 enim
1073 5553 1119 5607 si
1157 5570 1265 5609 non
1320 5554 1880 5619 manducaverimus,
1915 5554 2109 5609 delict-

532 5664 671 5703 Illlll'.
720 5666 737 5699 θ

597 5829 637 5860 ⁷⁸
676 5826 822 5883 Psal.
850 5842 959 5894 clx,
997 5826 1045 5881 l.
1122 5825 1164 5857 "
1195 5824 1334 5881 Psal.
1379 5839 1523 5893 suv,
1552 5825 1605 5881 8.

1712 5825 1757 5859 "
1796 5824 1955 5880 llont.
1984 5839 2054 5889 ιχ,
2082 5823 2135 5879 5.

2290 4720 2431 4789 Ὅρα
2461 4716 2582 4783 πῶς
2621 4714 2784 4772 πάλιν
2805 4715 2987 4772 αὐτῶν
3022 4714 3274 4770 καθεῖλεν
3308 4714 3369 4768 τὸ
3398 4714 3652 4785 φρόνημα
3670 4729 3685 4744 ·
3706 4712 3784 4767 λέ-

2215 4829 2352 4882 γων,
2388 4812 2473 4865 ὃτι
2494 4810 2545 4864 ει
2578 4811 2674 4866 καί
2705 4808 2900 4881 μηδεὶς
2940 4808 3264 4874 ἐϐλάπτετο,
3306 4806 3443 4880 μηδὲ
3473 4808 3507 4877 ἡ
3541 4805 3632 4861 τοῦ
3658 4804 3789 4876 πλη-

2219 4906 2334 4961 σίον
2402 4904 2616 4978 προσῆν
2676 4897 3002 4975 διαστροφὴ,
3082 4898 3205 4955 οὐδὲ
3257 4899 3434 4964 οὕτως
3484 4898 3592 4960 ἔδει
3635 4897 3787 4952 τοῦτο

2220 4996 2395 5051 ποιεῖν
2421 5010 2436 5027 ⁸
2472 4993 2861 5066 ματαιοπονεῖν
2886 4991 2995 5064 γὰρ
3022 4990 3179 5045 τοῦτό
3205 4991 3356 5046 ἐστιν
3374 5004 3391 5021 ⁸
3428 4989 3459 5043 δ
3494 4988 3600 5061 γὰρ
3629 4985 3787 5043 ἀκού-

2218 5108 2317 5154 σας
2344 5089 2427 5143 ὃτι
2453 5087 2753 5159 βλάπτεται
2777 5085 2876 5158 μὲν
2899 5086 3113 5156 ἕτερος,
3154 5083 3316 5150 αὐτὸς
3338 5083 3397 5137 δὲ
3423 5081 3537 5155 ἔχει
3569 5100 3621 5137 τι
3660 5081 3783 5152 κέρ-

2214 5184 2323 5247 δος,
2376 5183 2439 5236 οὐ
2494 5180 2704 5253 σφόδρα
2758 5178 3083 5250 ἀφίσταται,
3111 5176 3249 5235 ἀλλὰ
3270 5177 3395 5233 τότε
3422 5175 3641 5250 μᾶλλον,
3664 5177 3784 5229 ὅταν

2220 5276 2369 5350 μάθῃ
2397 5277 2480 5330 ὅτι
2510 5274 2677 5338 αὐτὸς
2739 5272 2894 5329 οὐδὲν.
2937 5271 3232 5342 ὠφελεῖται
3288 5271 3355 5327 tu
3408 5269 3505 5325 τοῦ
3535 5268 3782 5342 πράγμα-

2216 5384 2327 5431 τος.
2364 5365 2464 5420 Διὰ
2490 5364 2652 5419 τοῦτό
2699 5380 2865 5437 φησιν
2885 5379 2899 5392 ·
2932 5360 3144 5433 Βρῶμα
3186 5360 3347 5433 ὑμᾶς
3382 5362 3454 5417 οὐ
3487 5355 3781 5431 παραστή-

2215 5475 2309 5513 σει
2334 5455 2413 5523 τῷ
2439 5456 2583 5523 θεῷ.

2293 5571 2313 5604 r
2342 5550 2477 5606 Οὔτε
2512 5550 2641 5623 γὰρ,
2678 5550 2772 5607 ἐὰν
2800 5551 3086 5623 φάγωμεν,
3125 5547 3521 5625 ὑστερούμεθα.
3557 5564 3575 5601 ι
