3940 6264
230 363 326 428 637

1368 376 1451 436 ΙΝ
1494 378 1730 470 EPIST.
1766 382 1866 440 AD
1904 381 2262 445 CORINTH.
2308 386 2356 447 Ι.

3368 392 3484 454 638

289 468 374 545 Μὴ
394 472 450 539 ἐξ
477 471 831 545 ἀνθρωπίνων
870 476 1030 547 μόνον
1073 482 1534 553 παραδειγμάτων
1577 468 1776 559 ἰσχυρί-

1955 489 2219 565 Nunquid
2262 496 2522 553 humanis
2570 496 2843 553 duntaxat
2887 499 3158 572 exemplis
3198 502 3307 561 hoc
3339 516 3473 557 con-

227 567 417 630 ζθμαη

323 584 378 621 αι
402 584 417 596 ·

284 584 320 713 εἴ
343 608 463 715 ’ότι
484 661 686 733 ὁιρείλει
704 664 791 718 ἐπ’
822 664 998 719 ἐλπίδι
1028 668 1057 718 ό
1081 667 1350 739 ἀροτριῶν
1377 672 1659 744 ἀροτριᾷν,
1686 674 1781 727 καὶ

1884 583 2085 640 ﬁrmo?

1950 676 2370 748 91cQuoniam
2413 681 2575 738 debet
2624 682 2679 737 in
2724 698 2821 752 spe
2852 685 2948 756 qui
2988 694 3133 753 arat,
3179 699 3371 754 arare;
3416 698 3469 741 et

223 755 249 805 ὸ
273 746 441 807 ἀλοῶν
471 756 570 826 τῆς
609 755 823 821 ἐλπίδος
855 758 1023 826 αὐτοῦ
1056 761 1308 844 μετέχειν
1343 763 1433 816 ἐπ’
1470 765 1665 820 ἐλπίδι.
1702 752 1776 834 fit

1901 772 1975 842 lui
2002 773 2246 841 triturat,
2269 790 2418 846 spem
2440 776 2561 845 ejus
2578 746 2911 847 participare
2940 778 2995 832 in
3018 794 3136 849 spe.
3162 775 3353 851 [Vens
3378 781 3467 835 Η.

223 850 375 917 ἡμεῖς
410 848 537 919 ύμῖν
579 848 649 904 τὰ
700 854 1046 924 πνευματικὰ
1103 855 1463 929 ἐσπείραμεν,
1531 859 1673 927 μέγα
1732 860 1776 911 εί

1901 862 1996 937 l2.]
2026 862 2205 921 Si‘nos
2227 866 2381 922 vobis
2417 867 2727 938 spiritualia
2762 848 3183 934 seminavimus,
3212 885 3469 941 magnum

222 941 375 1008 ἡμεῖς
404 941 561 1013 ὑμῶν
611 942 680 996 τὰ
725 946 967 1016 σαρκικά
1020 947 1347 1019 θερίσομεν;
1404 949 1464 1003 Εἰ
1498 951 1647 1005 ἄλλοι
1684 953 1783 1021 τῆς

223 1034 461 1099 ἐξουσίας
490 1036 646 1105 ὑμῶν
682 1038 995 1109 μετέχουσι,
1029 1042 1093 1093 ού
1125 1042 1326 1112 μᾶλλον
1352 1045 1553 1114 ἡμεῖςς
1591 1064 1610 1095 ι

286 1126 393 1203 Τῆς
423 1126 725 1200 μελλούσης
757 1128 929 1198 λέγει.

290 1236 307 1268 ι
352 1204 493 1272 Ἀλλ’
539 1220 641 1274 οὐκ
677 1223 1030 1292 ἐχρησάμεθα
1058 1228 1121 1294 τῇ
1165 1225 1387 1296 ἐξουσίᾳ
1428 1225 1619 1297 ταύτῃ,
1650 1225 1784 1279 ἀλλὰ

222 1311 391 1363 πάντα
417 1311 708 1381 στέγομεν,
738 1312 828 1367 ἵνα
864 1313 938 1384 μὴ
986 1317 1228 1386 ἐκκοπὴν
1276 1333 1397 1369 τινα
1440 1316 1672 1386 δίδωμεν
1708 1316 1786 1387 τῷ

220 1400 525 1470 Εὐαγγελίῳ
550 1402 646 1457 τοῦ
680 1405 940 1477 Χριστοῦ.
965 1425 985 1459 ι

284 1494 600 1563 Τουτέστιν,
637 1499 738 1551 οὐκ
771 1498 1064 1571 ἐλάϐομεν.

290 1606 305 1636 ι
342 1587 458 1640 Οὐκ
485 1588 663 1644 οἴδατε
699 1589 781 1644 ὅτι
807 1593 857 1644 ei
905 1592 974 1645 τὰ
1018 1594 1141 1665 ἱερὰ
1181 1594 1559 1668 ἐργαζόμενοι,
1601 1598 1665 1650 ἐκ
1691 1596 1783 1651 τοῦ

220 1678 355 1747 ίεροῦ
388 1678 662 1734 ἐσθίουσιν
684 1698 700 1748 ;
733 1700 753 1734 ι

289 1771 419 1825 ’Δπο
449 1770 545 1826 τοῦ
586 1772 753 1845 νόμου
780 1775 844 1829 τὸ
871 1775 1019 1847 ἔχειν
1045 1775 1302 1842 ἐξουσίαν
1329 1776 1632 1850 λαμϐάνειν
1665 1780 1786 1833 ἑπι-

1882 964 1967 1011 est
2000 955 2047 1011 si
2079 972 2181 1013 nos
2212 960 2455 1013 carnalia
2476 968 2656 1015 vestra
2682 960 2986 1017 metamus?
3022 960 3079 1015 Si
3104 960 3195 1016 alii
3228 967 3471 1031 potesta-

1885 1049 1959 1104 tis
1984 1058 2181 1106 vestra:
2211 1052 2509 1121 participes
2539 1062 2689 1119 sunt,
2721 1067 2892 1121 quare
2918 1068 3028 1107 non
3056 1050 3244 1122 potius
3272 1050 3415 1105 nos?
3443 1069 3461 1100 ι

1956 1139 2117 1213 Spem
2159 1142 2357 1198 futurae
2388 1145 2513 1199 vitae
2546 1145 2644 1198 ait.

1962 1251 1982 1284 ι
2025 1231 2131 1287 Sed
2167 1248 2276 1288 non
2323 1234 2405 1290 usi
2439 1249 2632 1290 sumus
2660 1236 2766 1290 hac
2799 1242 3071 1306 potestate
3110 1252 3128 1292 :
3159 1234 3466 1291 sed-omnia

1886 1325 2246 1390 sustinemus,
2277 1342 2344 1381 ne
2370 1327 2514 1397 quod
2540 1326 2930 1383 oﬂ'endiculum
2964 1327 3157 1383 demus
3174 1325 3469 1398 Evangelia

1887 1415 2118 1471 Christi.
2161 1436 2181 1469 ι

1957 1508 2013 1563 ld
2046 1518 2152 1573 est,
2180 1526 2290 1564 non
2323 1511 2657 1582 accepimus.

1957 1601 2123 1659 Vsus.
2158 1603 2245 1669 15,
2280 1604 2367 1659 14.
2429 1622 2448 1654 ι
2486 1602 3016 1673 Nescitisquoniam
3058 1600 3150 1675 qui
3187 1616 3345 1659 sacra
3388 1599 3459 1654 fa-

1889 1698 2066 1761 ciunt,
2096 1696 2163 1751 de
2197 1698 2444 1751 sacrario
2480 1697 2796 1752 comedunt.
2828 1716 2848 1751 ι

1962 1784 2256 1856 Postquam
2297 1801 2326 1839 a
2368 1786 2485 1857 lege
2517 1783 2920 1841 demonstravit
2962 1783 3167 1840 habere
3215 1798 3275 1841 se
3313 1790 3467 1853 pote-

214 1860 541 1945 δεξάμενος,
578 1838 877 1939 μεταφέρει
901 1838 997 1923 ῐᾷξὺν
1028 1838 1188 1938 λόγον
1211 1870 1309 1923 καὶ
1340 1838 1423 1934 εἰς
1444 1869 1507 1924 τὸ
1532 1870 1776 1940 Εὐαγγέ-

1901 1886 2087 1934 slatem
2118 1878 2446 1949 accipiendi,
2478 1892 2785 1933 sermonem
2821 1875 3084 1933 transfert
3122 1875 3187 1931 ad
3222 1873 3466 1945 Evange-

214 1956 337 2026 λιον,
366 1960 463 2015 καὶ
492 1962 557 2015 ἐκ
579 1962 771 2017 τούτου
796 1964 961 2019 αὐτὸν
989 1965 1379 2037 ίσχυροποιῶν.
1406 1960 1480 2021 Εὖ
1502 1966 1559 2021 δέ
1581 1984 1594 1997 ’
1625 1967 1688 2021 τὸ
1710 1968 1787 2039 μὴ

214 2052 379 2135 εἰπεῖν
425 2054 491 2108 ἐκ
524 2054 634 2119 τῶν
684 2057 1107 2128 προσφερόντων
1142 2054 1540 2129 λαμϐάνουσιν,
1575 2059 1693 2115 ἀλλ’
1723 2062 1788 2113 ὲκ

212 2144 299 2198 τοῦ
345 2146 497 2219 ἱεροῦ
526 2145 822 2216 ἐσθίουσιν,
850 2151 941 2204 ἵνα
982 2151 1123 2221 μήτε
1153 2151 1202 2204 οἱ
1230 2150 1606 2223 λαμϐάνοντες
1641 2153 1788 2207 ὀνει-

211 2236 477 2313 ὁίζωνται,
523 2242 666 2312 μήτε
688 2244 735 2296 οἱ
767 2226 1101 2314 παρέχοντες
1131 2242 1494 2313 ὲπαίρωνται.

279 2330 299 2384 ἀ
334 2333 398 2389 Oi
430 2332 515 2405 τῷ
547 2333 920 2407 θυσιαστηρίῳ
970 2331 1423 2407 παρεδρεύοντες,
1478 2336 1557 2407 τῷ
1593 2335 1786 2390 θυσια-

212 2423 409 2495 στηρίῳ
445 2427 901 2498 συμμερίζονται.
945 2425 1133 2491 οὕτως
1167 2428 1262 2482 καὶ
1295 2426 1324 2480 ὁ
1349 2426 1557 2500 Κύριος
1605 2426 1788 2482 διέτα-

211 2516 293 2581 ξεν
324 2521 436 2585 τοῖς
476 2518 818 2589 Εὐαγγέλιον
871 2521 1328 2592 καταγγέλλουσι,
1364 2522 1428 2575 ὲκ
1472 2519 1566 2575 τοῦ
1600 2521 1785 2589 Εὐαγ-
1813 2575 1825 2587 ,

209 2610 380 2678 τελίου
416 2613 543 2685 ζῇν.
585 2631 605 2665 ι

270 2703 348 2757 Τὰ
376 2695 490 2777 γὰρ
530 2705 962 2778 προσενεχθέντα
1012 2704 1200 2760 οὐκέτι
1232 2704 1423 2759 λοιπδν
1470 2704 1581 2758 τῶν
1612 2720 1786 2777 προσ-

208 2797 531 2866 ενεγκάντων
555 2792 721 2869 ἦσαν,
752 2786 891 2855 ἀλλὰ
917 2798 1024 2855 τοῦ
1052 2798 1197 2871 ἱεροῦ
1228 2799 1322 2854 καὶ
1349 2797 1446 2853 τοῦ
1479 2796 1773 2869 θυσιαστη-

210 2888 337 2955 ρίου.
365 2888 440 2942 Τδ
467 2888 528 2942 δὲ
558 2882 1037 2967 συμμερίζονται,
1062 2894 1125 2948 οὗ
1157 2894 1257 2967 τὴν
1281 2894 1341 2962 ἐξ
1372 2894 1489 2949 ἴσου
1516 2894 1784 2965 διανομὴν

208 2976 365 3050 δηλοῖ,
389 2980 530 3036 ἀλλά
556 2963 761 3061 ’ἐξ
785 2984 1012 3056 ὀφειλῆς
1041 2963 1329 3059 διδομένην
1372 2989 1561 3051 αὐτοῖς
1600 2963 1783 3063 παρα·-

213 3072 429 3141 μυθίαν.
473 3106 486 3146 ς
521 3138 527 3143 ἢ
681 3118 685 3122 .

1889 1971 2050 2035 lium,
2082 1969 2226 2025 unde
2254 1980 2309 2026 et
2348 1970 2526 2042 ipsum
2559 1970 2871 2026 confirmat.
2904 1970 3165 2041 Apprime
3192 1984 3322 2024 vero
3356 1984 3463 2023 non

1888 2066 1966 2120 ait
1987 2081 2081 2121 eos
2114 2064 2184 2121 ab
2214 2064 2282 2121 iis
2302 2065 2393 2135 qui
2420 2062 2658 2120 oiferunt
2686 2063 2957 2133 accipere,
2990 2060 3191 2128 sed,de
3216 2076 3273 2114 re
3306 2075 3463 2115 sacra

1886 2158 2211 2226 comedere;
2253 2164 2316 2213 ut
2349 2173 2524 2229 neque
2558 2157 2665 2212 illis
2691 2156 2783 2227 qui
2820 2153 3061 2210 oiferunt
3095 2154 3149 2209 id
3178 2154 3313 2209 vitio
3341 2168 3467 2207 ver-

1886 2261 2059 2320 tatur,
2085 2268 2265 2324 neque
2303 2251 2397 2321 qui
2437 2250 2689 2305 tribuunt
2717 2248 3037 2305 eil'erantur.

1963 2365 1982 2399 ι
2024 2345 2129 2413 Qui
2168 2345 2328 2399 altari
2361 2343 2697 2405 deserviunt,
2734 2356 2859 2396 eum
2902 2326 3071 2394 altari
3106 2337 3463 2410 participant.

1884 2437 1962 2493 Ita
1994 2446 2047 2494 et
2071 2437 2335 2495 Dominus
2357 2434 2634 2491 ordinavit
2657 2434 2725 2490 iis
2751 2432 2842 2504 qui
2869 2431 3223 2504 Evangelium
3258 2445 3469 2487 annun-

1884 2532 2048 2599 tiant,
2090 2531 2157 2586 de
2190 2528 2481 2601 Evangelio
2507 2527 2716 2583 vivere.
2752 2542 2773 2577 ι

1954 2707 2091 2764 Nam
2123 2722 2245 2779 qua:
2284 2700 2465 2763 oblata
2496 2713 2678 2771 erant,
2729 2720 2840 2761 non
2884 2706 2999 2775 jam
3052 2704 3121 2759 ad
3172 2703 3464 2771 atterentes

1884 2801 2255 2873 pertinebant,
2291 2800 2384 2855 sed
2431 2798 2500 2853 ad
2541 2797 2801 2871 templum
2834 2803 2890 2852 et
2924 2798 3117 2852 altare.
3170 2796 3464 2879 llludau-

1883 2902 2014 2961 tem,
2046 2908 2154 2949 una
2181 2892 2526 2962 participant,
2558 2907 2668 2947 non
2698 2890 2959 2965 azqualem
2991 2890 3203 2945 indicat
3235 2889 3463 2959 partici-

1884 2988 2184 3062 pationem,
2217 2986 2311 3042 sed
2362 2986 2799 3041 consolationem
2842 2997 2966 3057 quae
2998 2998 3066 3039 ex
3113 2981 3303 3039 debito
3351 2981 3462 3037 illis

1882 3079 2226 3134 adhibeatur.

260 3185 293 3219 σι
332 3156 477 3238 Έγῶ
495 3154 556 3222 δὲ
580 3166 642 3221 οὐ
669 3154 947 3241 iam“:
966 3167 1142 3224 οὐδενὶ
1166 3169 1395 3228 τούτων.
1422 3173 1538 3228 Οὐκ
1562 3173 1776 3247 ἔγραψα

1957 3167 2126 3226 Vens.
2159 3168 2247 3223 l5.
2300 3187 2319 3221 ι
2358 3168 2470 3239 Ego
2510 3176 2693 3223 autem
2740 3165 2892 3222 nullo
2923 3166 3122 3221 horum
3151 3179 3285 3221 usus
3313 3178 3459 3219 sum.

206 3259 254 3313 δὲ
277 3260 470 3326 ταῦτα,
502 3260 595 3315 ἵνα
622 3259 797 3325 οὕτως
826 3261 1052 3335 γένηται
1082 3264 1143 3317 ἑν
1179 3263 1324 3334 ἐμοί.
1368 3284 1388 3317 ι

269 3352 498 3425 Ὅμοιον
526 3351 604 3428 ᾡς
625 3355 674 3406 εί
704 3336 881 3421 λέγοι,
932 3353 1147 3411 πολλῶν
1184 3372 1275 3426 μοι
1313 3358 1780 3430 παραδειγμάτων

208 3442 552 3519 Μρεχάντων
581 3440 833 3507 ἐξουσίαν
856 3442 950 3497 τοῦ
976 3444 1338 3516 στρατιώτου,
1372 3447 1470 3502 τοῦ
1504 3448 1776 3521 γεωργοῦ,

207 3533 293 3587 τοῦ
314 3535 595 3607 ποιμένος,
627 3536 738 3591 τῶν
764 3537 1095 3603 ἀποστόλων,
1127 3539 1223 3597 τοῦ
1256 3542 1447 3614 νόμου,
1489 3542 1599 3596 τῶν
1647 3544 1781 3617 παρ’

207 3626 353 3697 ἡμῶν
383 3629 465 3692 είς
503 3626 654 3699 ὑμᾶς
674 3630 1008 3701 γενομένων,
1036 3630 1147 3687 τῶν
1183 3632 1318 3705 παρ’
1346 3633 1507 3706 ἡμῶν
1539 3635 1620 3699 εἰς
1652 3636 1779 3702 τοὺς

208 3718 412 3787 ἄλλους,
440 3723 559 3777 τῶν
592 3722 807 3796 ἱερέων,
842 3724 936 3803 τοῦ
968 3727 1398 3799 προστάγματος
1420 3728 1515 3783 τοῦ
1543 3729 1776 3803 Κυρίου,

206 3811 374 3869 οὐδενὶ
419 3814 633 3870 τούτων
689 3816 757 3873 ἂν
806 3817 1068 3891 ἐπείσθην
1113 3816 1195 3884 εἰς
1248 3820 1309 3875 τδ
1335 3820 1641 3877 καταλῦσαι
1688 3822 1781 3877 τὸν

208 3907 431 3978 ἐμαυτοῦ
461 3908 657 3980 νόμον,
689 3910 787 3964 καὶ
815 3909 1030 3965 λαϐεῖν.

275 4022 294 4055 ι
326 4003 510 4059 Καλὸν
539 4004 653 4077 γάρ
674 4020 767 4075 μοι
799 4003 1000 4077 μᾶλλον
1023 3988 1341 4073 ἀποθανεῖν,
1368 4007 1405 4075 ἢ
1422 4008 1485 4063 τὺ
1514 4008 1692 4082 καύχη
1702 4009 1780 4080 μά

209 4111 321 4164 μου,
361 4096 450 4151 ἵνα
478 4114 569 4160 τις
590 4095 829 4171 κενώσει.
876 4117 895 4149 ι

258 4188 547 4265 λΑίροῦμαι
574 4188 797 4255 μᾶλλον,
833 4189 1031 4269 φησὶν,
1061 4189 1359 4246 ἀποθανεῖν
1382 4191 1551 4264 λιμῷ,
1586 4193 1619 4266 ἢ
1652 4194 1779 4249 τού-

204 4294 302 4333 των
331 4280 783 4353 ἀποστερηθῆναι
834 4282 944 4335 τῶν
992 4283 1295 4352 στεφάνων.
1346 4278 1419 4338 Εὖ
1450 4285 1528 4351 δὲ,
1586 4285 1779 4341 καὶτὸ

209 4372 475 4443 καύχημα
501 4374 703 4439 είπεῖν,
732 4374 825 4426 καὶ
857 4372 933 4445 μὴ
955 4373 1048 4428 τὸν
1078 4374 1282 4430 σκοπὸν
1308 4376 1341 4448 ἢ
1371 4377 1434 4430 τὸ
1473 4377 1635 4443 δόξαν
1675 4396 1773 4433 κα-

206 4461 309 4529 λόν,
338 4465 453 4523 Ἵνα
485 4465 597 4536 γὰρ
644 4466 719 4537 μή
769 4482 854 4532 τις
904 4466 1062 4539 λέγῃ,
1087 4467 1171 4521 ὅτι
1215 4470 1363 4527 ποιεῖ
1394 4467 1497 4542 μὲν
1526 4469 1679 4535 αὐτὸ,
1711 4470 1773 4524 οὐ

1886 3263 2003 3320 Non
2039 3271 2221 3319 autem
2250 3262 2448 3331 scripsi
2480 3261 2595 3315 haec
2624 3260 2698 3315 ita
2729 3266 2787 3313 ut
2822 3260 2953 3313 ﬂant
2980 3258 3033 3312 in
3061 3272 3167 3313 me.
3204 3274 3224 3308 ι

1950 3354 2030 3411 Ac
2062 3354 2109 3412 si
2132 3354 2379 3410 diceret:
2415 3350 2549 3407 Cum
2588 3352 2745 3421 plura
2776 3350 2910 3408 mihi
2945 3348 3191 3419 exempla
3225 3346 3459 3415 faculta-

1883 3462 1991 3505 tem
2024 3450 2166 3504 hane
2212 3454 2498 3509 asserant;
2530 3451 2659 3515 puta
2697 3442 2911 3508 militis,
2960 3441 3244 3512 agricolae,
3277 3449 3462 3511 pasto-

1881 3543 1980 3609 ris,
2006 3541 2402 3613 apostolorum,
2442 3554 2511 3593 ex
2553 3538 2691 3609 lege,
2721 3550 2786 3593 ex
2816 3536 2885 3591 iis
2912 3550 3033 3607 quae
3071 3550 3174 3591 nos
3202 3548 3333 3605 erga
3362 3546 3461 3589 vos

1880 3634 2261 3706 praestitimus,
2301 3645 2531 3703 quaeque
2558 3646 2656 3685 vos
2678 3627 2997 3687 Contulistis
3026 3626 3169 3692 aliis,
3200 3624 3460 3682 sacerdo-

1882 3735 1996 3782 tum
2033 3728 2185 3794 item,
2218 3726 2329 3779 imo
2352 3731 2407 3780 et
2438 3722 2754 3777 mandatum
2792 3718 3046 3785 Domini;
3079 3716 3219 3773 nihil
3258 3716 3457 3771 horum

1880 3834 1971 3874 me
1999 3817 2242 3889 pellexit,
2278 3823 2338 3869 ut
2371 3829 2534 3885 quam
2568 3812 2703 3869 mihi
2738 3813 2911 3883 legem
2948 3810 3249 3882 prtestitui,
3283 3810 3460 3865 viola-

1880 3926 2022 3977 rem,
2058 3917 2112 3965 et
2145 3907 2351 3979 aliquid
2382 3908 2715 3977 acciperem.

1956 4022 1976 4055 ε
2010 4003 2223 4056 Bonum
2270 4006 2357 4055 est
2402 4000 2547 4054 enim
2600 3996 2735 4051 mihi
2766 3997 2939 4068 magis
2974 3997 3136 4063 mori,
3194 4012 3357 4069 quam
3399 4006 3458 4053 ut

1878 4094 2107 4165 gloriam
2144 4106 2321 4147 meam
2344 4091 2469 4161 quis
2502 4095 2747 4145 evaeuet.
2782 4106 2804 4140 ι

1950 4186 2116 4242 Fame
2146 4186 2331 4257 potius
2380 4183 2605 4239 interire
2636 4182 2914 4255 elegerim,
2964 4180 3164 4252 inquit,
3200 4197 3366 4255 quam
3398 4191 3455 4238 ut

1880 4278 2100 4335 coronis
2135 4278 2257 4332 istis
2304 4274 2595 4331 excidam»
2640 4272 2783 4330 Bene
2816 4288 2967 4339 vero,
3005 4275 3257 4346 gloriam,
3292 4276 3451 4337 dixit.

1878 4385 1988 4426 non
2015 4385 2143 4426 vero
2181 4368 2363 4435 ﬁnem,
2391 4384 2493 4425 nec
2527 4366 2672 4439 quod
2704 4367 2809 4423 sibi
2843 4369 3018 4425 visum
3050 4377 3195 4425 esset
3223 4364 3445 4429 bonum.

1877 4464 1955 4535 Ne
1992 4463 2139 4520 enim
2168 4462 2439 4533 quispiam
2470 4460 2702 4527 diceret,
2740 4475 2865 4517 eum
2899 4461 3007 4517 hoc
3035 4462 3256 4533 quidem
3294 4465 3455 4520 modo

206 4556 397 4631 χαίρων
426 4558 510 4621 δὲ,
543 4558 681 4612 ἀλλὰ
711 4558 913 4613 στένων
951 4560 1044 4621 καὶ
1076 4560 1426 4631 ὀδυνάμενος,
1453 4561 1647 4617 τούτου
1672 4563 1773 4634 χά-

1901 4574 1939 4614 ιο
1977 4572 2189 4629 gerere,
2230 4563 2286 4610 at
2319 4570 2425 4610 non
2458 4554 2619 4610 hilari
2678 4553 2885 4620 animo,
2930 4554 3027 4611 sed
3078 4562 3346 4610 mmrente
3401 4566 3455 4612 et

211 4661 285 4713 ριν
304 4648 403 4718 τὴν
453 4648 764 4725 ύπερόολὴν
792 4648 893 4720 τῆς
929 4651 1105 4721 χαρᾶς
1137 4651 1308 4717 δεῖξαι
1348 4652 1538 4721 θέλων,
1579 4654 1673 4707 καὶ
1710 4653 1771 4707 τὸ

213 4737 433 4810 μέγεθος
456 4745 559 4814 τῆς
588 4741 919 4813 προθυμίας,
946 4742 1212 4815 καύχημα
1235 4743 1296 4797 τὺ
1329 4747 1563 4817 πρᾶγμα
1588 4747 1766 4801 καλεῖ.

280 4920 399 4976 ’ὢν
426 4921 539 4993 γὰρ
571 4922 1038 4994 εὐαγγελίζωμαι,
1069 4922 1170 4977 οὐκ
1205 4923 1319 4990 ἔστι
1358 4941 1447 4993 μοι
1481 4924 1766 4997 καύχημω

214 5011 410 5087 ἀνάγκη
450 5015 564 5085 γάρ
608 5032 698 5084 μοι
735 5015 1204 5070 ἑπίκειται.θύαὶ
1237 5015 1294 5069 δέ
1342 5017 1433 5087 μοί
1463 5019 1631 5081 ἐστιν,
1668 5019 1765 5072 ἐὰν

216 5103 280 5173 μὴ
305 5105 759 5177 εὐαγγελίζωμαι.
800 5125 819 5158 ι
1158 5174 1159 5177 η

272 5196 431 5252 Τοῦτό
462 5215 647 5268 φησιν,
671 5199 769 5270 οὐχ
804 5200 880 5262 ὡς
926 5198 1177 5271 μείζονος
1212 5199 1365 5263 ὄντος
1408 5200 1499 5253 τοῦ
1533 5204 1765 5273 εὐαγγε-

213 5283 466 5353 λίσασθαι,
500 5289 900 5358 τοῦιᾲδάπανον
932 5288 1108 5343 θεῖναι
1152 5290 1213 5343 τὸ
1258 5291 1602 5359 εὐαγγέλιον,
1650 5294 1765 5348 ἀλλ’

214 5377 278 5442 ὡς
302 5379 561 5452 ἑτέρωθεν
586 5380 799 5453 ἔχοντος
822 5380 883 5435 τὸ
904 5380 1086 5436 πλέον.
1120 5377 1265 5449 Οὲον,
1297 5384 1378 5436 ὅτι
1402 5383 1462 5437 τὸ
1487 5385 1589 5454 μέν
1609 5388 1760 5441 ἐστιν

216 5472 494 5547 ἐπίταγμα,
526 5477 585 5531 τὸ
614 5476 667 5543 δὲ
699 5477 796 5549 τῆς
820 5477 965 5547 ἐμῆς
998 5475 1375 5546 προαιρέσεως
1403 5478 1757 5552 κατόρθωμα.

221 5557 280 5611 ’Δ
312 5561 406 5631 μὶν
428 5564 542 5635 γὰρ
574 5564 713 5637 ύπὲρ
738 5563 863 5636 ιτήν
905 5563 1127 5636 ἐντολὴν
1152 5560 1393 5633 γίνεται,
1441 5567 1610 5623 πολὺν
1649 5570 1763 5640 ἔχει

224 5652 429 5723 μισθὸι·
462 5656 498 5710 ὃ.
526 5657 582 5710 δὲ
611 5659 669 5717 ὲν
703 5658 923 5729 ἐντολῆς
950 5659 1124 5726 τάξει,
1176 5659 1239 5713 οὐ
1283 5660 1561 5717 τοσοῦτον.
1595 5664 1758 5721 Ὥστε

222 5745 345 5799 κατὰ
376 5748 529 5803 τοῦτό
560 5736 746 5822 φησιν,
781 5750 843 5806 τό
866 5749 941 5823 μὴ
986 5750 1288 5822 λαμϐάνειν
1324 5740 1418 5808 τοῦ
1476 5758 1757 5828 εύαγγελὶα

225 5834 398 5890 οαοθαι
447 5838 602 5895 πλέον
641 5836 779 5897 εἶναι
810 5842 910 5895 ούκ
945 5841 1109 5915 αὐτὴν
1142 5843 1235 5897 τοῦ
1292 5845 1614 5919 πράγματος
1647 5851 1746 5915 τὴν

1878 4648 2258 4723 gemebunda;
2296 4649 2507 4703 idcirco
2555 4655 2615 4702 ut
2662 4648 2840 4719 gaudii
2882 4647 2969 4704 sui
3010 4646 3451 4722 exsuperantiam

1878 4751 1934 4798 et
1962 4741 2389 4814 magnitudinem
2420 4739 2723 4795 alacritatis
2756 4739 2935 4809 palam
2971 4739 3157 4808 faciat,
3184 4756 3297 4796 rem
3333 4734 3450 4812 glo-

1878 4835 1974 4891 riae
2004 4833 2228 4889 nomine
2258 4838 2559 4902 nuncupat.
2668 4816 2673 4821 ⁷

1952 4926 2113 4981 Vens.
2147 4922 2232 4979 16.
2268 4942 2286 4975 ι
2309 4922 2447 4978 Nam
2475 4924 2522 4979 si
2561 4923 3032 4996 evangelizavero,
3065 4938 3176 4980 non
3196 4931 3281 4980 est
3318 4924 3450 4979 mihi

1877 5018 2073 5089 gloria.
2107 5015 2422 5073 Necessitas
2462 5015 2611 5071 enim
2655 5016 2790 5070 mihi
2821 5015 3111 5071 incumbit.
3143 5015 3235 5073 Vae
3266 5025 3447 5081 autem

1877 5108 2008 5163 mihi
2041 5109 2088 5164 si
2120 5122 2229 5163 non
2258 5106 2731 5179 evangelizavero.
2758 5125 2781 5157 η»

1948 5202 2064 5258 Hoc
2128 5202 2240 5269 ait,
2309 5216 2418 5255 non
2474 5202 2632 5271 quasi
2691 5201 2871 5271 majus
2932 5200 3143 5270 aliquid
3194 5201 3267 5256 sit
3330 5201 3448 5256 sine

1876 5306 2097 5367 sumptu
2128 5294 2455 5365 praedicare,
2490 5308 2655 5365 quam
2680 5291 3066 5364 evangelizare
3108 5310 3121 5347 :
3164 5293 3263 5349 sed
3303 5295 3444 5363 quod

1876 5392 2010 5448 illud
2062 5388 2283 5443 aliunde
2330 5386 2566 5456 amplius
2616 5386 2825 5458 aliquid
2865 5385 3047 5445 habet.
3081 5382 3457 5457 V.gr.,.illud

1876 5485 2096 5556 quidem
2152 5487 2483 5554 praaceptum
2513 5486 2628 5545 est;
2680 5479 2782 5539 hoc
2807 5494 2945 5543 vero
2983 5493 3117 5537 mea:
3150 5480 3447 5547 voluntatis

1874 5585 1957 5632 est
2012 5572 2271 5629 oﬂicium.
2324 5571 2456 5625 Nam
2514 5584 2635 5641 qua:
2690 5583 2855 5639 supra
2906 5578 3241 5639 praeceptum
3287 5569 3441 5635 ﬁunt,

1876 5679 2125 5735 inriguam
2166 5662 2367 5717 habent
2411 5660 2717 5716 mercedem
2765 5678 2778 5714 :
2824 5674 2945 5731 qua:
2974 5668 3153 5716 autem
3192 5674 3445 5731 exprm-

1876 5766 2054 5828 eeptu,
2082 5761 2420 5813 nontantam
2451 5771 2465 5807 :
2496 5753 2742 5822 adeoque
2772 5751 3070 5807 secundum
3102 5752 3242 5807 lianc
3274 5753 3441 5806 ratio-

1876 5866 2023 5919 nem,
2055 5847 2251 5919 inquit,
2298 5844 2435 5901 nihil
2471 5840 2597 5900 inde
2641 5844 2891 5916 accipere
2922 5843 3098 5915 majus
3131 5852 3235 5913 est,
3278 5859 3441 5916 quam
