3940 6264
272 349 372 412 641
1409 348 1492 410 ΙΝ
1533 346 1772 410 EPIST.
1800 351 1830 405 Α

1948 347 2297 421 ZORlNTH.
2332 347 2383 407 Ι.
3404 351 3517 418 6ιὲ

270 456 411 527 αὑτῷ
438 457 737 528 γενομένην
780 455 917 528 πρὸς
976 455 1296 524 Ἀθηναίους
1338 455 1696 520 αἰνίττεσθαι,
1733 454 1828 511 καὶ⁴

1948 458 2042 512 ιὶηε
2077 459 2191 527 lege
2218 466 2394 521 erant,
2429 466 2682 528 tanquam
2727 455 2839 512 sine
2889 456 3002 527 lege
3051 474 3240 526 essem,
3289 461 3522 519 innuere

269 546 460 613 λέγειν,
510 543 640 610 Τοῖς
673 545 920 615 ἀνόμοις
954 544 1036 612 ὡς
1078 545 1325 614 ἄνομος.
1365 545 1478 599 Καὶ
1512 544 1601 602 ἵνα
1635 547 1830 618 μήτις

1948 564 2255 606 sermonem
2295 566 2458 621 quem
2505 549 2573 605 ad
2622 548 2988 606 Athenienses
3041 553 3332 610 occasione
3377 557 3521 612 tituli

268 636 453 706 νομίσῃ
479 632 786 706 μεταϐολὴν
812 629 954 688 εἶναι
973 633 1036 688 τὺ
1061 636 1317 707 πρᾶγμα.
1344 636 1444 706 Μὴ
1492 635 1580 693 ὢν
1606 637 1830 709 ἄνομος

1948 657 2042 696 me
2107 639 2361 713 inscripti
2426 641 2697 699 habuerat
2726 643 2795 698 ".
2851 641 3061 699 Deinde
3117 660 3188 700 ne
3240 646 3518 717 quispiam

270 726 432 791 Θεοῦ,
458 726 596 782 ἀλλ’
622 726 878 797 ἔννομος
902 725 1190 796 Χριστοῦ.

340 1019 359 1052 ι
403 1001 523 1054 Ἵνα
571 1000 822 1074 κερδήσω
868 1000 1124 1072 ἀνόμους.
1168 999 1471 1074 Ἓγενὸμην
1506 1001 1621 1065 τοῖς
1666 999 1832 1056 ἀσθε-

268 1093 407 1148 νέσιν
439 1092 515 1157 ὡς
537 1091 793 1165 ἀσθενὴς,
829 1092 918 1147 ἵνα
945 1092 1074 1159 τοὺς
1107 1091 1360 1157 ἀσθενεῖς
1391 1093 1671 1165 κερδήσω.
1711 1111 1731 1144 ι

332 1269 442 1340 Τὴν
464 1268 646 1323 αἰτίαν
672 1267 774 1340 τῆς
807 1266 1270 1338 συγκαταϐάσεως
1298 1267 1471 1338 λέγει.

337 1469 357 1502 ι
394 1451 523 1517 Τοῖς
561 1449 726 1506 πᾶσιν
755 1449 955 1522 γέγονα
982 1450 1051 1504 τά
1079 1451 1278 1518 πάντα,
1308 1450 1398 1507 ἵνα
1438 1451 1659 1517 πάντως
1682 1452 1835 1518 τινὰς

268 1544 442 1600 σώσω.
483 1562 504 1597 ι

333 1638 450 1691 Ἵνα
478 1636 557 1710 μὴ
579 1635 700 1692 καθ’
729 1637 965 1693 ἕκαστον
1001 1638 1177 1709 λέγων
1206 1638 1481 1712 διατρίϐῃ,
1515 1639 1596 1712 τῷ
1626 1638 1833 1711 γενικῷ

264 1731 455 1802 χρῆται
483 1729 734 1802 ὀνόματι.

1932 734 2298 801 existimaret,
2334 734 2438 791 hoc
2465 749 2590 792 esse
2621 733 2908 791 sententiae
2951 739 3312 801 mutationem
3335 777 3352 802 ,
3388 738 3522 794 sub-

1927 827 2120 900 junxit
2148 844 2160 880 :
2193 824 2327 881 Cum
2369 827 2482 882 sine
2520 828 2630 900 lege
2665 825 2761 881 Dei
2802 842 2906 880 non
2934 843 3121 894 essem,
3162 829 3256 884 sed
3298 830 3353 884 in
3406 831 3514 903 iege

1932 932 2104 972 essem
2135 915 2360 973 Christi.

2009 1024 2029 1055 ι
2072 1002 2144 1059 Ut
2165 1004 2546 1063 lucrifacerem
2573 1022 2668 1063 eos
2685 1008 2778 1077 qui
2809 1008 2930 1066 sine
2957 1010 3076 1082 lege
3098 1019 3278 1066 erant.
3310 1008 3518 1067 Factus

1935 1109 2057 1150 sum
2103 1095 2358 1164 inﬁrmis,
2392 1098 2543 1154 velut
2588 1099 2860 1169 inﬁrmus,
2903 1110 2964 1157 ut
2992 1101 3244 1158 inﬁrmos
3283 1102 3518 1159 lucriiao

1935 1197 2145 1239 cerem.
2171 1202 2189 1236 ι

2002 1274 2116 1348 93
2155 1275 2394 1332 Causam
2437 1277 2592 1335 aﬁ‘ert
2624 1294 2722 1333 cur
2761 1279 2841 1335 sic
2875 1280 3226 1352 indulgenter
3261 1283 3386 1339 illos
3420 1283 3518 1338 ha-

1935 1367 2140 1425 buerit.

2014 1479 2032 1512 ι
2075 1457 2346 1517 Omnibus
2376 1460 2561 1516 omnia
2605 1461 2786 1517 factus
2817 1479 2958 1527 sum,
2995 1472 3054 1519 ut
3092 1464 3315 1520 omnino
3347 1483 3518 1537 quos-

1936 1550 2064 1606 dam
2097 1548 2334 1604 facerem
2366 1548 2570 1606 salvos.
2608 1570 2628 1602 ι

2007 1641 2088 1698 Ne
2126 1641 2341 1712 singula
2375 1641 2753 1713 percensendo
2809 1651 3022 1712 tempus
3075 1653 3232 1709 terat,
3270 1647 3513 1716 generali

1938 1735 2165 1792 nomine
2195 1736 2389 1790 utitur.

337 1843 356 1876 ι
391 1822 567 1877 Τοῦτο
599 1823 664 1888 δὲ,
694 1823 830 1877 ποιῶ
860 1823 949 1879 διά
971 1824 1034 1879 τὸ
1075 1824 1434 1895 Εὐαγγέλιον,
1475 1825 1567 1880 ἵνα
1608 1841 1830 1895 συγκοι-

2012 1846 2032 1880 ι
2081 1827 2194 1883 iioc
2226 1835 2414 1882 autem
2447 1826 2595 1883 facio
2628 1834 2853 1900 propter
2891 1827 3270 1901 Evangelium,
3299 1840 3360 1886 ut
3396 1846 3518 1903 par-

264 1913 423 1979 νωνδς
448 1912 620 1968 αὐτοῦ
645 1914 890 1986 γένωμαι
909 1957 921 1969 .
974 1934 994 1968 ι

328 2005 660 2072 Τουτέστιν,
701 2007 789 2062 ἵνα
829 2006 966 2072 δόξω
1014 2023 1066 2060 τι
1116 2005 1272 2078 κάγὼ
1326 2009 1830 2080 συνεισενηνοχέναι

262 2099 493 2166 οἴκοθεν,
531 2098 628 2152 καὶ
662 2099 917 2170 μετασχῶ
955 2099 1067 2153 τῶν
1106 2099 1489 2172 ἀποκειμένων
1547 2101 1830 2171 στεφάνων

263 2194 369 2254 τοῖς
384 2194 623 2256 πιστοῖς.
640 2192 852 2264 Ὥσπερ
873 2192 983 2266 γάρ
1008 2191 1214 2262 ἔλεγεν,
1238 2194 1307 2247 ἐκ
1334 2193 1440 2248 τοῦ
1461 2195 1832 2264 Εὑαγγελίου

263 2282 383 2352 ζῇν,
411 2284 692 2338 τουτέστιν
740 2286 805 2338 ὲκ
859 2283 968 2338 τῶν
997 2286 1383 2350 πιστευόντων,
1414 2283 1589 2349 οὕτως
1625 2288 1720 2339 καὶ
1746 2286 1832 2338 ὲν·-

261 2373 430 2428 ταῦθα
455 2415 471 2440 ,
524 2376 939 2445 συγκοινωνὸς
972 2375 1227 2445 γένωμαι
1285 2375 1394 2430 τοῦ
1435 2365 1830 2447 Εὐαγηέλίοὺ,

265 2468 346 2521 ἴνα
378 2466 595 2540 δυνηοῶ
625 2470 952 2540 κοινωνῆσαι
977 2472 1091 2534 τοῖς
1129 2467 1234 2541 [ὲν]
1269 2469 1348 2540 τῷ
1392 2469 1711 2540 Εὑαγγελεῳ
1737 2486 1835 2523 nec

263 2561 601 2616 πιστευκόσι.
658 2561 830 2616 Τοῦτο
870 2561 928 2615 δὲ
966 2562 1061 2616 καὶ
1097 2562 1606 2634 ταπεινοφροσύνης
1651 2561 1831 2633 μεγά-

263 2652 356 2724 λης
382 2652 644 2721 ἐπίδειξιν
682 2652 814 2723 ἔχει.
849 2651 987 2706 Ἕνα
1012 2653 1122 2726 γὰρ
1151 2655 1260 2709 τῶν
1294 2654 1506 2709 πολλῶν
1533 2655 1726 2710 ἑαυτὸν
1752 2654 1834 2709 τί·

265 2745 404 2816 θησι,
429 2745 655 2801 πάντων
675 2745 860 2800 πλεῖον
895 2744 1126 2817 καμών;

333 2965 352 2999 ι
394 2948 512 3002 Οὐκ
534 2948 736 3014 οἴδατε,
771 2948 853 3001 ὅτι
880 2948 930 3001 oi
963 2948 1020 3002 ἐν
1053 2948 1250 3022 σταδίῳ
1287 2949 1597 3021 τρέχοντες,
1628 2949 1834 3016 πάντες

266 3041 360 3111 μὲν
385 3043 700 3115 τρέχουσιν,
732 3037 812 3106 εἷς
841 3042 897 3096 δὲ
936 3042 1204 3114 λαμϐάνει
1233 3042 1296 3097 τδ
1335 3042 1618 3117 βραϐεῖον;
1647 3043 1833 3105 Οὕτως

260 3136 502 3207 τρέχετε,
530 3135 621 3189 ἵνα
650 3121 1018 3206 καταλάϐήτε.
1053 3155 1073 3189 ι

327 3248 518 3315 Δείεας
549 3249 633 3303 ὅτι
663 3249 799 3321 πολὺ
826 3249 1100 3322 χρήσιμον
1130 3252 1193 3304 τὸ
1224 3250 1704 3319 συγκαταϐαίνειν,
1736 3249 1835 3305 καὶ⁵

261 3340 416 3396 τοῦτο
434 3344 470 3414 ἡ
494 3342 647 3414 ἄκρα
675 3343 972 3414 τελειότης,
995 3342 1444 3416 πληκτικὼτερον
1465 3343 1628 3398 πάλιν
1653 3341 1834 3400 αὐτῶν

263 3433 605 3491 καθάπτεται
639 3436 1029 3507 αἰνιττόμενος,
1064 3437 1148 3491 ὅτι
1190 3437 1348 3491 τοῦτο
1393 3437 1456 3491 τὸ
1491 3436 1621 3510 παρ’
1651 3435 1836 3490 αὐτῶν

262 3525 545 3597 γινόμενον
581 3527 679 3581 καὶ
711 3526 902 3582 δοκοῦν
952 3523 1092 3582 εἶναι
1139 3528 1437 3601 τελειότης,
1472 3526 1834 3600 ματαιοπονξα

259 3619 376 3672 ἐστὶ
411 3620 670 3690 περιττή.
737 3619 879 3673 Ἀλλ’
911 3622 972 3674 οὐ
1006 3619 1156 3690 λέγει
1200 3619 1345 3675 οὕτω
1382 3619 1590 3690 σαφῶς,
1640 3620 1726 3674 ἵνα
1755 3617 1833 3691 μὴ

260 3710 705 3783 ἀπαισχυνθῶσιν
727 3727 740 3742 ”
779 3711 848 3766 δι’
874 3705 948 3766 ὧν
997 3713 1054 3766 δὲ
1084 3712 1508 3779 κατασκευάζει,
1555 3710 1715 3765 τοῦτο
1737 3710 1834 3780 δη·-

257 3797 372 3852 λοῖ·
420 3801 485 3856 τὸ
511 3799 572 3854 δὲ
609 3798 808 3869 λέγειν,
862 3803 944 3857 ὅτι
971 3796 1053 3865 εἷς
1091 3802 1156 3855 ἐκ
1209 3801 1424 3856 πάντων
1469 3799 1740 3871 λαμϐάνει
1770 3799 1832 3852 τὸ

263 3892 534 3963 βραϐεῖον,
583 3893 683 3966 οὐχ
721 3893 940 3958 ὡς’ἑνὸς
984 3893 1276 3964 μέλλοντος
1323 3891 1595 3958 σώζεσθαι
1643 3892 1829 3963 μόνον,

258 3983 370 4038 ἀλλ’
399 3983 478 4048 ὡς
533 3983 739 4058 πολλὴν
776 3983 1102 4054 ὀφειλόντων
1142 3985 1683 4057 ήμῶν-..εἰσενεγκεῖν
1732 3982 1832 4056 τὴν

262 4078 524 4150 σπουδήν.
554 4075 770 4147 Ὠσπερ
794 4078 904 4148 γὰρ
928 4079 1044 4131 ἐκεῖ
1081 4075 1293 4132 πολλῶν
1326 4075 1628 4132 καθιόντων
1661 4077 1746 4141 εἰς
1772 4075 1832 4129 τὸ

263 4167 472 4222 στάδιον
507 4168 570 4222 οὐ
613 4167 1004 4238 στεφανοῦνται
1045 4167 1252 4232 πολλοὶ,
1285 4168 1405 4223 ἀλλ’
1433 4169 1515 4233 εἰς
1541 4167 1641 4222 ἕνα
1666 4165 1828 4238 περί-

261 4275 450 4315 σταται
471 4276 488 4289 ·
525 4258 624 4314 καὶ
651 4259 754 4312 οὐκ
783 4259 946 4332 ἀρκεῖ
969 4260 1032 4313 τὸ
1065 4259 1314 4315 καθιέναι
1355 4262 1438 4326 εἰς
1484 4260 1578 4316 τὸν
1619 4259 1827 4329 ἀγῶνα,

259 4350 376 4404 οὐδὲ
403 4349 467 4405 τδ
490 4349 817 4421 ἀλείψασθαι
844 4352 940 4406 καὶ
961 4351 1248 4407 παλαῖσαιο
1272 4349 1416 4406 οὓτω
1438 4351 1533 4407 καὶ
1563 4348 1795 4404 ἐνταῦθα
1810 4388 1825 4413 ,

1933 1923 2111 1992 ticeps
2136 1920 2259 1992 ejus
2286 1918 2514 1976 elﬁciar.
2547 1937 2566 1972 ι

2003 2013 2058 2068 id
2092 2023 2198 2077 est,
2227 2019 2285 2065 ut
2315 2011 2524 2082 aliquid
2549 2025 2615 2067 ex
2647 2027 2736 2067 me
2763 2011 2881 2083 ipse
2907 2013 3282 2072 contribuisse
3301 2017 3510 2084 videar,

1934 2114 1987 2163 et
2006 2120 2234 2162 consors
2254 2102 2457 2160 eiiiciar
2475 2118 2804 2159 coronarum
2833 2121 2954 2174 quae
2982 2106 3230 2164 ﬁdelibus
3263 2111 3516 2178 repositas

1936 2206 2086 2255 sunt.
2124 2198 2260 2252 Nam
2308 2196 2766 2267 quemadmodum
2816 2197 3062 2265 dicebat,
3121 2216 3187 2254 ex
3233 2200 3516 2273 Evangelia

1934 2291 2120 2354 vivere,
2159 2290 2265 2345 hoc
2289 2295 2374 2346 est
2414 2288 2482 2344 de
2534 2289 2772 2344 fideliqu
2826 2287 3212 2359 facultatibus;
3263 2293 3337 2346 ita
3374 2304 3429 2349 et
3461 2295 3515 2348 in

1935 2380 2040 2435 hoc
2071 2381 2211 2445 loco,
2257 2388 2316 2434 ut
2345 2381 2606 2448 particeps
2647 2379 2843 2450 efﬁciar
2877 2379 3177 2451 Evangelii,
3235 2384 3377 2439 idem
3432 2393 3516 2441 est

1936 2481 2117 2544 atque,
2153 2479 2212 2526 ut
2247 2473 2454 2542 possim
2496 2473 2838 2528 consortium
2871 2471 3074 2530 habere
3129 2490 3254 2530 cum
3304 2476 3376 2531 iis
3417 2478 3515 2548 qui

1935 2566 2290 2622 crediderunt
2315 2565 2633 2636 Erangelio.
2666 2563 2781 2620 Hoc
2813 2581 2941 2621 vero
2975 2567 3104 2621 alta:
3129 2568 3294 2622 etiam
3335 2567 3518 2624 humi-

1935 2660 2106 2714 litatis
2162 2667 2543 2731 argumentum
2583 2657 2818 2728 praefert.
2865 2658 2982 2714 Etsi
3040 2660 3182 2715 enim
3219 2661 3342 2731 plus
3388 2661 3514 2716 aliis

1934 2752 2304 2818 laboraverat,
2333 2767 2392 2807 se
2420 2750 2783 2808 nihilominus
2802 2761 3060 2824 tanquam
3090 2768 3258 2807 unum
3279 2753 3512 2825 aliquem

1937 2845 2004 2901 de
2031 2845 2197 2918 vulgo
2233 2846 2408 2916 ponit.

2007 2960 2174 3016 Vens.
2207 2959 2297 3016 24.
2337 2977 2357 3012 ι
2395 2957 2651 3029 Nescitis,
2683 2958 2826 3031 quod
2856 2959 2893 3015 ii
2920 2961 3012 3031 qui
3058 2961 3114 3015 in
3163 2958 3347 3016 stadio
3383 2972 3512 3013 cur-

1938 3061 2088 3118 runt,
2137 3067 2331 3108 omnes
2373 3051 2597 3123 quidem
2645 3062 2912 3117 currunt,
2961 3052 3058 3107 sed
3106 3068 3250 3106 unus
3310 3051 3512 3121 accipit

1862 3158 1903 3216 c
1935 3148 2223 3208 bravium?
2252 3145 2344 3202 Sic
2384 3145 2611 3211 currite,
2646 3152 2704 3200 ut
2737 3143 3239 3215 comprehendatis.
3277 3164 3294 3196 ι

2005 3260 2304 3332 Postquam
2337 3258 2582 3315 ostendit
2625 3257 3024 3329 indulgentiam
3076 3257 3372 3312 admodum
3404 3255 3512 3311 uti-

1934 3353 2039 3410 lem
2095 3368 2241 3416 esse,
2296 3351 2430 3422 quin
2481 3357 2537 3406 et
2591 3347 2944 3420 perfectionis
3002 3363 3126 3404 esse
3180 3348 3459 3426 fastigium
3490 3388 3506 3408 .

1935 3445 2186 3517 asperius
2218 3459 2437 3500 rursum
2461 3457 2557 3498 eos
2588 3441 2930 3513 perstringit,
2967 3440 3127 3511 quasi
3165 3439 3218 3494 id
3243 3439 3388 3510 quod
3432 3440 3508 3494 illi

1934 3538 2236 3605 faciebant,
2271 3538 2529 3609 quodque
2569 3533 2834 3606 perfectio
2882 3549 3003 3590 esse
3052 3533 3364 3601 videbatur,
3411 3549 3506 3589 su-

1933 3633 2175 3704 perﬂuus
2219 3631 2380 3688 labor
2433 3631 2748 3686 exsisteret.
2791 3627 3119 3699 Quanquam
3173 3626 3277 3682 hoc
3321 3635 3509 3696 aperte

1934 3742 2044 3783 non
2092 3727 2246 3791 dicit,
2291 3740 2362 3781 ne
2415 3723 2627 3794 pudore
2668 3721 3058 3777 suii'undantur
3100 3737 3112 3775 :
3162 3731 3418 3775 creterqu
3453 3719 3506 3772 id

1933 3817 2290 3875 manifestum
2326 3816 2384 3871 ﬁt
2418 3830 2481 3871 ex
2517 3814 2719 3886 quibus
2761 3814 2867 3868 hoc
2912 3813 3135 3869 evincit.
3169 3810 3324 3878 Quod
3376 3825 3508 3864 vero

1931 3912 2028 3976 ait,
2057 3924 2229 3964 unum
2259 3923 2328 3964 ex
2365 3907 2627 3962 omnibus
2665 3905 2918 3975 accipere
2947 3902 3223 3966 bravium,
3267 3901 3375 3956 non
3405 3900 3508 3954 hoc

1933 4000 2205 4071 signiﬁcat
2239 4013 2408 4053 unum
2468 3998 2740 4052 duntaxat
2769 3994 2982 4052 salvum
3017 3992 3153 4058 fore,
3197 3992 3288 4048 sed
3337 3991 3505 4046 multa

1931 4109 2070 4165 Opus
2092 4107 2218 4149 esse
2247 4089 2550 4162 diligentia.
2583 4087 2721 4142 Nam
2766 4088 2914 4144 sicut
2945 4087 3133 4142 multis
3173 4085 3228 4140 in
3277 4100 3504 4139 arenam

1930 4181 2418 4247 descendentibus,
2452 4181 2597 4238 haud
2645 4181 2803 4238 multi
2865 4190 3226 4242 coronantur,
3277 4177 3371 4233 sed
3413 4175 3505 4231 uui

1932 4277 2216 4348 praemium
2251 4275 2550 4342 tribuitur;
2581 4275 2713 4346 quin
2742 4288 2847 4330 nec
2871 4274 3007 4329 satis
3030 4279 3114 4327 est
3136 4269 3201 4325 ad
3225 4264 3504 4326 certamen

1928 4365 2288 4430 descendere,
2321 4379 2497 4435 neque
2524 4366 2653 4434 ungi
2692 4372 2747 4420 et
2791 4363 2985 4419 luctari
3022 4379 3040 4419 :
3074 4361 3156 4417 sic
3189 4370 3243 4416 et
3277 4360 3330 4414 in
3364 4375 3504 4429 prae-

261 4441 358 4497 οὑκ
395 4443 562 4515 ἀρκεῖ
597 4441 664 4498 τὸ
720 4441 1032 4507 πιστεῦσαι,
1054 4441 1152 4498 καὶ
1184 4442 1260 4507 ὡς
1307 4442 1498 4514 ἔτυχεν
1556 4439 1830 4512 ἀγωνίσα-

1948 4457 2072 4514 senti
2103 4471 2212 4512 non
2247 4456 2446 4512 suﬁicit
2466 4455 2713 4522 credere,
2745 4471 2846 4511 nec
2861 4453 3058 4526 quovis
3077 4452 3240 4507 modo
3261 4460 3504 4516 certare;

264 4533 403 4602 σθαι,
443 4533 564 4589 ἀλλ’
591 4531 659 4589 ἂν
694 4534 768 4606 μὴ
809 4533 952 4589 οὕτω
979 4535 1296 4606 δράμωμεν,
1341 4534 1484 4589 ὥστε
1522 4535 1686 4606 μέχρι
1731 4531 1828 4586 τοῦ

264 4624 446 4692 τέλους
474 4625 751 4698 ἀλήπτους
781 4626 1009 4690 ἑαυτοὺς
1041 4628 1366 4698 παρασχεῖν,
1405 4626 1501 4680 καὶ
1538 4626 1710 4693 ἐγγὺς
1739 4641 1831 4693 γε·

264 4719 443 4774 νέσθαι
467 4719 564 4774 τοῦ
593 4719 870 4792 βραϐειου,
894 4719 1046 4773 οὐδὲν
1069 4719 1200 4790 ἡμῖν
1229 4717 1382 4771 ἔσται
1410 4717 1590 4772 πλέον.
1627 4717 1691 4771 Ei
1720 4716 1830 4788 γὰρ

265 4811 356 4865 καὶ
386 4812 590 4866 τέλειον
619 4810 860 4884 νομίζεις
903 4812 1097 4865 σαυτὸν
1143 4811 1284 4865 κατὰ
1322 4811 1422 4883 τὴν
1446 4811 1666 4879 γνῶσιν,
1713 4809 1830 4863 ἀλλ’

266 4902 409 4958 οιπω
431 4903 524 4958 τοῦ
557 4903 758 4966 παντὸς
791 4904 1060 4958 ὲπελάϐου
1090 4919 1104 4936 ’
1147 4903 1284 4974 ὅπερ
1317 4903 1688 4972 αἰνιττόμενος
1712 4901 1828 4954 ἕλε-

266 5011 374 5062 γεν,
401 4996 500 5050 ἵνα
540 4997 932 5065 καταλάϐητε.

333 5129 352 5162 ι
399 5110 604 5175 uaeas
660 5111 689 5164 ὁ
744 5110 1147 5181 ἀγωνιζόμενος
1183 5112 1362 5164 πάντα
1407 5108 1823 5182 ἐγκρατεύεται.

279 5200 496 5257 Ἐκεῖνοι
525 5203 648 5274 μὲν,
684 5201 771 5256 ἵνα
794 5202 1034 5274 φθαρτὸν
1057 5203 1322 5274 στέφανον
1348 5202 1590 5257 λάϐωσιν
1617 5218 1633 5235 ⁸
1664 5203 1828 5272 ἡμεῖς

271 5292 342 5360 δὲ,
366 5294 746 5367 ἀδιάφθαρτος).
783 5313 802 5347 ι

335 5409 399 5463 Τί
426 5411 562 5479 ἔστι,
585 5411 655 5465 τὰ
678 5410 878 5466 πάντα
898 5410 1314 5478 ἐγκρατεύεται
1337 5426 1356 5474 ;
1381 5408 1516 5478 Οὐχὶ
1547 5407 1701 5460 τοῦδε
1729 5407 1827 5475 μὲν

273 5498 544 5571 ἀπέχεται,
580 5502 753 5574 ἑτέρῳ
789 5501 846 5556 δὲ
885 5501 1266 5573 διαμαρτάνει,
1306 5502 1444 5558 ἀλλὰ
1477 5501 1574 5554 καὶ
1601 5517 1829 5570 γαστρι-

283 5592 504 5663 μαργίας
550 5593 642 5648 καὶ
668 5594 864 5666 μέθης,
890 5596 986 5650 καὶ
1019 5600 1235 5652 πάντων
1268 5595 1452 5659 ἁπλῶς
1493 5595 1686 5665 κρατεῖ
1714 5593 1826 5647 τῶν

1933 4548 2051 4613 sed,
2087 4547 2192 4603 nisi
2229 4548 2309 4602 sic
2343 4562 2631 4603 curramus
2657 4555 2719 4602 ut
2743 4548 2812 4602 ad
2847 4546 3007 4602 finem
3032 4559 3208 4615 usque
3233 4543 3372 4599 nihil
3397 4558 3506 4614 quo

1932 4651 2224 4698 teneamur
2276 4641 2631 4711 objiciamus,
2674 4647 2839 4711 atque
2891 4639 2956 4694 ad
3003 4637 3506 4693 braviumacceda-

1933 4747 2074 4794 mus,
2112 4731 2249 4786 nihil
2291 4731 2420 4786 inde
2463 4732 2698 4801 amplius
2729 4729 3117 4800 percipiemus.
3146 4727 3506 4793 Quantumvis

1931 4827 2076 4880 enim
2113 4832 2165 4879 te
2200 4824 2498 4894 perfectum
2523 4839 2647 4878 esse
2674 4821 2900 4879 scientia
2927 4820 3224 4890 putaveris,
3263 4818 3503 4874 nondum

1933 4923 2113 4968 tamen
2151 4921 2320 4968 totum
2377 4919 2664 4968 assecutus
2706 4927 2790 4967 es.
2840 4910 2898 4966 id
2942 4910 3084 4981 quod
3135 4910 3394 4965 iunucbat
3423 4909 3505 4963 di-

1932 5008 2126 5067 cendo,
2165 5016 2218 5059 ut
2254 5005 2727 5070 comprehrndatis.

2005 5119 2168 5173 Vens.
2200 5119 2289 5174 ‘25.
2330 5138 2347 5169 ι
2382 5117 2570 5172 Omnis
2587 5123 2766 5172 autem
2793 5115 2886 5187 qui
2919 5116 2972 5170 in
2997 5127 3167 5184 agone
3199 5112 3502 5175 contendit,

1931 5210 1999 5264 ab
2033 5211 2289 5265 omnibus
2331 5225 2390 5266 se
2428 5208 2684 5264 abstinet.
2717 5208 2800 5263 illi
2830 5208 3047 5276 quidem
3074 5214 3133 5260 ut
3167 5203 3504 5274 corruptibi-

1931 5303 2034 5358 lem
2068 5317 2328 5358 coronam
2363 5302 2660 5372 accipiant,
2693 5314 2795 5355 nos
2827 5307 3009 5353 autem
3041 5300 3441 5366 incorruptam.
3477 5315 3494 5348 ι

2007 5414 2146 5480 Quid
2185 5414 2289 5468 hoc
2335 5422 2441 5478 est,
2479 5413 2542 5466 ab
2589 5412 2829 5466 omnibus
2863 5427 2919 5466 se
2970 5409 3239 5464 abstinet?
3274 5406 3392 5462 Non
3437 5408 3506 5461 ab

1935 5509 2027 5562 illo
2063 5508 2283 5580 quidem
2320 5506 2583 5571 abstinet,
2634 5514 2798 5575 atque
2847 5504 3022 5560 altero
3065 5502 3372 5571 delinquit;
3411 5500 3505 5556 sed

1936 5600 2136 5670 gulam,
2175 5598 2521 5665 ebrietatem,
2548 5607 2602 5652 et
2640 5611 2832 5653 omnes
2867 5611 3089 5667 prorsus
3120 5590 3348 5648 aﬁ‘ectus
3371 5605 3503 5645 con-
