3940 6264
475 284 584 355 663

1587 301 1663 367 s.
1704 304 2024 371 JOANNIS
2061 307 2494 380 DAMASCENI
3611 317 3706 384 664

545 405 602 464 id
626 417 712 466 est
742 408 808 466 ad
847 413 1208 486 supplicium,
1235 415 1544 475 Ecclesiam
1576 420 1878 482 allicientes
1913 439 2026 496 pro

2222 431 2536 505 Τουτέστιν,
2562 438 2645 505 είς
2668 438 2892 497 κόλασιν
2914 440 3010 495 καὶ
3039 440 3332 514 τιμωρίαν,
3361 438 3459 510 τὴν
3491 437 3706 507 Ἐκκλη-

473 499 595 568 bro,
635 512 690 557 et
712 502 939 560 fratrem
994 507 1226 578 pudore.
1273 507 1483 578 Idcirco
1508 511 1656 567 enim
1695 516 2040 584 convenitis,

474 590 676 658 inquit,
712 599 771 645 ut
798 592 1030 649 invicem
1067 610 1180 653 uno
1233 597 1457 655 vinculo
1490 601 1843 673 colligemini.
1886 605 2042 672 Quod

473 680 522 733 si
549 683 889 738 contrarium
923 686 1212 758 contingit,
1245 690 1421 746 satius
1453 699 1540 747 est
1574 701 1632 746 ut
1676 694 1822 749 domi
1858 709 2044 752 comee

471 772 637 832 datis.
667 773 794 832 Haec
831 783 1010 834 autem
1039 779 1256 835 dicebat
1292 790 1351 837 ut
1400 784 1578 854 magis
1611 785 1761 856 ipsos
1793 787 2041 846 attrahe-

469 873 573 920 τοι.

1101 1007 1255 1064 CAP.
1288 1002 1403 1065 XII.

536 1104 706 1170 Vsus.
767 1111 816 1171 1.
858 1135 877 1169 ι
925 1116 1001 1174 De
1055 1119 1438 1189 spiritualibus
1487 1134 1692 1193 autem,
1747 1127 1877 1184 nolo
1925 1144 2025 1186 vos

466 1204 745 1277 ignorare,
778 1207 1001 1265 fratres.
1041 1229 1059 1263 ι

538 1317 694 1390 103
714 1314 943 1392 Propter
966 1323 1106 1381 dona
1133 1342 1255 1398 qum
1275 1342 1542 1388 concessa
1565 1331 1787 1388 fuerant
1809 1335 1920 1392 illis
1943 1336 2037 1407 qui

464 1412 768 1468 credebant
801 1416 856 1470 in
885 1416 1187 1485 Christum,
1223 1422 1468 1478 Ecclesia
1493 1424 1884 1494 scindebatur;
1911 1443 2036 1485 cum

466 1502 657 1573 illiqui
691 1505 1061 1576 loquebantur
1094 1511 1324 1583 linguis,
1359 1515 1910 1584 obtrectarentaliis,
1940 1522 2036 1594 qui

461 1597 766 1666 prophetia:
824 1600 1030 1656 donum
1083 1605 1467 1662 obtinuerant.
1529 1608 1662 1665 Nam
1715 1613 1843 1683 quia
1897 1613 2034 1670 illud

463 1688 697 1758 primum
732 1694 995 1762 apostolis
1024 1695 1209 1750 datum
1239 1697 1414 1753 fuerat
1458 1699 1511 1754 in
1542 1702 1631 1757 die
1650 1701 2031 1778 Pentecostes,

460 1779 586 1862 ideo
614 1782 708 1852 qui
744 1800 811 1839 eo
841 1786 1021 1842 ornati
1054 1795 1236 1854 erant,
1265 1790 1420 1845 valde
1447 1792 1851 1862 gleriabantur.
1877 1798 2031 1864 Quod

458 1857 579 1926 cum
633 1875 867 1931 resciret
898 1877 1222 1948 Apostolus,
1272 1880 1397 1937 vide
1432 1857 1712 1955 quomodo
1751 1857 2034 1964 discepta-

456 1964 662 2021 tionem
697 1967 838 2023 hanc
867 1972 1049 2027 sedat.

529 2054 700 2116 Vsus.
729 2060 784 2125 2,
820 2063 873 2116 5.
916 2083 935 2116 ι
975 2062 1142 2123 Scitis
1173 2081 1298 2124 cum
1333 2079 1527 2142 gentes
1574 2075 1798 2142 essetis,
1838 2078 1906 2134 ad
1942 2079 2019 2136 sia

457 2151 701 2210 mulacra
734 2166 908 2226 muta,
937 2168 1104 2229 prout
1132 2161 1507 2232 ducebamini,
1533 2181 1751 2226 euntes.
1777 2172 1908 2228 Ideo
1934 2188 2034 2228 no-

456 2251 572 2298 tttm
603 2247 758 2303 vobis
781 2247 948 2318 facio,
971 2253 1116 2321 quod
1151 2271 1312 2312 nemo
1336 2257 1392 2312 in
1421 2258 1632 2330 Spiritu
1657 2263 1746 2319 Dei
1778 2264 2028 2336 loquens,

455 2335 590 2391 dicit
627 2340 925 2396 anathema
963 2340 1171 2402 Iesum.
1197 2346 1261 2402 Et
1287 2364 1455 2406 nemo
1486 2360 1672 2423 potest
1692 2335 1903 2426 dicere,
1922 2357 2031 2415 00-

456 2427 664 2483 minum
698 2427 914 2501 Jesum,
955 2434 1067 2491 nisi
1103 2437 1158 2492 in
1193 2438 1404 2510 Spiritu
1435 2453 1654 2503 sancto.
1695 2465 1719 2502 ι

519 2521 836 2593 Antequam
891 2528 1195 2586 motionem
1238 2533 1435 2591 sedare
1483 2535 1748 2611 incipiat,
1820 2541 2029 2599 bonum

453 2612 598 2670 aliud
636 2629 731 2678 eos
777 2619 1007 2677 edocet:
1044 2623 1304 2680 nimirum
1354 2634 1418 2681 ut
1459 2631 1788 2701 prophetam
1830 2649 1861 2690 a
1902 2645 2030 2697 vate

453 2705 707 2763 mendaci
744 2707 1064 2768 discernere
1088 2717 1289 2771 sciant.
1324 2715 1633 2777 Enimvero
1663 2722 1867 2782 huicce
1899 2743 2029 2799 gra-

452 2797 546 2854 tia:
572 2798 830 2862 diabolus
852 2804 908 2859 in
935 2804 1135 2875 primis
1164 2806 1474 2880 invidebat,
1505 2822 1681 2885 utque
1729 2797 2029 2888 spirituale

451 2887 842 2982 donumiistud
872 2895 1230 2968 obtunderet,
1267 2901 1538 2974 plurimos
1583 2887 2028 2982 falsosprophe-

449 2988 538 3036 tas
559 2981 863 3039 excitabat.
889 2983 1262 3060 Utrorumque
1287 2989 1457 3062 igitur
1481 2997 1638 3065 ponit
1657 2981 2024 3069 dill’erentias,

2148 524 2272 581 σίαν
2301 522 2638 602 ὑϐρίζοντες,
2677 532 2772 588 τδν
2814 535 3045 607 ἀδελφὸν
3094 530 3569 606 καταισχύνοντες.
3605 531 3706 585 Καὶ

2145 619 2257 692 γὰρ
2275 621 2365 677 διὰ
2389 624 2549 680 τοῦτο
2571 626 2920 699 συνέρχεσθε,
2947 623 3136 698 φησιν,
3158 627 3249 681 ἵνα
3274 617 3560 696 ωνδεθῆτε
3581 623 3706 694 πρὸς

2148 712 2452 786 ἀλλήλους’
2495 718 2544 770 εἰ
2603 717 2662 772 δὲ
2692 719 3009 773 τούναντίον
3042 718 3288 786 γίνεται,
3324 715 3532 788 βέλτιον
3573 714 3708 784 ὑμᾶς

2142 803 2204 859 ἐν
2233 804 2371 878 οἴκῳ
2396 805 2700 864 ἑστιᾶσθαι·
2718 811 2876 866 τοῦτο
2892 808 3026 884 [ἵνα]
3062 811 3118 865 δὲ
3147 807 3356 880 ἔλεγεν,
3381 804 3468 863 ἵνα
3487 805 3706 878 ἐφελκύ-

2145 913 2306 969 σηται
2338 898 2522 956 πλέον.

2732 1040 2984 1094 ΚΕΦΔΔ.
3023 1041 3125 1096 IB'.

2220 1170 2240 1204 ι
2272 1153 2410 1225 Περὶ
2461 1153 2519 1208 δὲ
2567 1153 2677 1210 τῶν
2723 1156 3138 1227 πνευματικῶν,
3172 1148 3424 1224 ἀδελφοὶ,
3465 1152 3525 1206 ού
3577 1144 3707 1204 Θέλω

2141 1244 2288 1316 ὑμᾶς
2318 1233 2553 1316 ἀγνοεῖν.
2585 1264 2605 1300 ι

2223 1355 2320 1412 Ἐκ
2351 1355 2461 1413 τῶν
2481 1359 2843 1432 χαρισμάτων
2884 1357 2995 1414 τῶν
3022 1350 3326 1431 δεδομένων
3350 1355 3466 1422 τοῖς
3494 1353 3710 1411 πιστεύ-

2140 1466 2299 1504 σασιν
2334 1451 2417 1516 είς
2444 1451 2705 1524 Χριστὸν,
2737 1450 3014 1524 σχίσματα
3043 1451 3256 1513 έγίνετο
3295 1451 3356 1505 ὲν
3379 1448 3445 1522 τῇ
3485 1449 3731 1519 Ἐκκλησ-

2139 1542 2255 1615 σία,
2281 1543 2375 1599 καί
2409 1544 2746 1618 κατέτρεχον
2767 1546 2876 1602 τῶν
2896 1546 3132 1618 ἒχόντων
3164 1545 3267 1615 τὴν
3297 1540 3635 1614 προφητείαν
3660 1539 3706 1593 oi

2135 1633 2428 1702 λαλοῦντες
2478 1635 2775 1707 γλώσσαις.
2855 1637 3072 1709 Ἐπειδὴ
3126 1635 3236 1708 γάρ
3289 1632 3451 1688 τοῦτο
3497 1630 3707 1704 πρῶτον

2137 1727 2295 1799 ἐδόθη
2315 1731 2427 1794 τοῖς
2456 1728 2776 1810 ἀποστόλοις
2805 1731 2864 1785 ἐν
2887 1733 2954 1802 τῇ
2978 1730 3161 1802 ἡμέρᾳ
3181 1728 3280 1798 τῆς
3305 1723 3704 1796 Πεντηκοστῆςν

2136 1820 2334 1876 τούτου
2365 1822 2528 1896 χάριν
2587 1822 2730 1893 μέγα
2783 1823 3046 1894 ἐφρόνουν
3075 1821 3126 1874 οἱ
3151 1819 3367 1890 ἔχοντες
3406 1815 3496 1871 ἐπ’
3541 1816 3703 1884 αὐτῷ.

2137 1914 2228 1968 Διὸ
2255 1913 2427 1969 ταῦτα
2457 1913 2701 1980 ἀκούσας
2744 1915 2774 1968 ό
2813 1910 3291 1982 Ἀπόστολος,,ὄρα
3322 1909 3440 1974 πῶς
3468 1907 3571 1981 τὴν
3599 1908 3707 1980 έριν

2136 2005 2411 2066 ἐκϐάλλει.

2210 2117 2229 2150 ι
2267 2098 2480 2166 Οἴδατε,
2510 2100 2599 2154 ὅτε
2628 2096 2757 2170 ἔθνη
2783 2091 2904 2169 ἦτε,
2930 2095 3063 2168 πρὸς
3089 2093 3159 2149 τὰ
3197 2094 3390 2149 εἴδωλα
3423 2093 3616 2164 ἄφωνα
3636 2089 3707 2153 ὡς

2135 2185 2203 2242 ἂν
2225 2185 2451 2258 ἧγεσθε,
2494 2188 2845 2260 ἀναγόμενοι.
2882 2186 2975 2241 Διὸ
2994 2185 3249 2258 γνωρίζω
3277 2185 3404 2256 ὑμῖν
3432 2185 3518 2238 δτι
3539 2182 3708 2246 οὐδεὶς

2133 2281 2192 2333 έν
2213 2280 2497 2352 Πνεύματι
2555 2279 2694 2335 Θεοῦ
2738 2279 2940 2347 λαλῶν,
2979 2277 3129 2348 λέγει
3178 2277 3432 2348 ἀνάθεμα
3476 2273 3704 2347 Ἰησοῦν.

2133 2369 2246 2425 Καὶ
2269 2370 2451 2436 οὐδεὶς
2475 2370 2705 2426 δύναται
2733 2370 2911 2425 εἰπεῖν
2951 2370 3160 2442 Κύριον
3199 2366 3429 2440 Ἰησοῦν,
3465 2368 3515 2421 εί
3547 2367 3622 2438 μὴ
3653 2368 3706 2418 ὲν

2133 2465 2409 2538 Πνεύματι
2427 2465 2587 2539 ἁγιῳ.
2615 2482 2634 2520 t

2199 2558 2346 2631 Πρὶν
2370 2557 2608 2630 ἄρξηται
2635 2553 3026 2613 καταστέλλειν
3053 2554 3154 2628 τὴν
3191 2554 3402 2616 στάσιν,
3419 2551 3510 2606 Ere
3520 2568 3615 2623 ρον
3636 2548 3707 2604 δι-

2128 2647 2342 2706 δάσκει.
2368 2649 2542 2704 Τοῦτο
2561 2649 2619 2704 δέ
2651 2651 2791 2715 ἐστι,
2807 2649 2870 2704 τδ
2893 2648 3098 2719 γνῶσιν
3136 2647 3283 2718 ἔχειν
3307 2646 3591 2718 προφήτου
3618 2646 3708 2696 καὶ

2130 2739 2607 2814 ψευδοπροφήτου.
2653 2741 2988 2813 Ἐδάσκηνεν
3043 2738 3153 2812 γάρ
3193 2736 3371 2809 τούτῳ
3427 2735 3512 2806 τῷ
3556 2728 3707 2807 χαρίο

2132 2846 2302 2904 σματι
2371 2832 2402 2888 ὁ
2458 2833 2743 2900 διάϐολος,
2807 2833 2906 2889 καὶ
2955 2831 3187 2895 πολλοὺς
3251 2829 3708 2902 ψευδοπροφήτας

2129 2926 2379 2996 εποίησε,
2435 2926 2759 2998 βουλόμενος
2790 2925 2855 2980 τὸ
2885 2924 3278 2997 πνευματικὸν
3308 2921 3589 2996 ἀμϐλῦναι
3616 2918 3708 2991 χάο

2132 3032 2328 3091 ρισμα.
2356 3017 2584 3090 Τίθησιν
2613 3009 2708 3073 οῦν
2765 3012 3056 3090 διαφοράς,
3094 3017 3192 3070 καὶ
3220 3014 3446 3088 πρώτην
3475 3011 3703 3082 ταύτην.

448 3088 688 3145 quorum
723 3074 841 3132 haec
869 3077 1045 3148 prima
1076 3081 1185 3136 sit:
1212 3084 1540 3154 prophetam
1580 3087 1826 3160 Spiritus
1859 3093 2026 3149 lumi-

448 3177 515 3185 _-
545 3163 828 3185 --μιηημ
1090 3167 1104 3185 .
1489 3175 1504 3185 .
1908 3183 1913 3185 Α

2146 3074 2322 3164 ιοῦτον
2357 3074 2648 3182 προφήτην
2705 3074 3077 3182 φωτιέόμενον
3113 3105 3221 3163 άπὸ
3260 3074 3354 3161 τοῦ
3389 3074 3705 3177 έΙνεύματος

446 3177 519 3219 ne
544 3163 831 3234 perfusum
861 3166 1057 3225 ordine
1072 3167 1308 3238 docere;
1341 3175 1664 3233 mendaeem
1702 3197 1831 3237 vero
1867 3183 2027 3240 abre-

447 3261 601 3325 ptum
627 3254 817 3315 furore
844 3263 900 3314 et
930 3261 1224 3318 tenebrosa
1254 3272 1440 3323 mente
1469 3283 1498 3323 a
1526 3268 1730 3340 spiritu
1755 3272 1905 3332 intus
1923 3289 2026 3332 cx-

451 3346 689 3406 sistente
717 3349 785 3405 ad
815 3349 1159 3422 loquendum
1209 3356 1370 3412 cieri.
1426 3360 1679 3417 Alterum
1723 3365 2024 3423 discrimen

447 3445 558 3506 est,
587 3441 734 3508 quod
779 3443 874 3513 qui
924 3459 1054 3502 vere
1092 3448 1413 3519 prophetat,
1451 3455 1678 3523 quando
1728 3455 2024 3515 Dominum

447 3526 640 3588 Iesum
675 3535 952 3602 nominat,
996 3554 1161 3595 verax
1198 3542 1300 3610 sit;
1336 3543 1431 3613 qui
1467 3560 1597 3600 vero
1631 3562 1742 3602 non
1782 3549 1831 3603 id
1865 3550 2023 3617 facit,

448 3625 546 3682 sed
585 3626 634 3683 ei
662 3626 800 3685 dicit
829 3633 1144 3701 anathema,
1175 3636 1222 3692 is
1248 3639 1485 3695 mendax
1525 3641 1820 3698 habeatur.

515 3715 685 3777 Vens.
715 3721 775 3778 ι.
805 3738 827 3775 ι
858 3712 1165 3782 Divisiones
1190 3730 1491 3799 gratiarum
1523 3741 1676 3788 sunt.
1709 3752 1728 3787 ›

497 3808 740 3870 ’δηίοιο
765 3813 880 3886 iam
913 3815 1260 3885 discrimine,
1282 3822 1562 3879 consolari
1593 3826 1899 3899 ineipiteos
1927 3831 2020 3902 qui

445 3902 634 3961 minus
685 3900 892 3963 donum
950 3907 1265 3966 habuerint.
1294 3910 1458 3970 Velut
1497 3915 1547 3971 si
1583 3907 1840 3976 diceret:
1872 3900 2015 3989 Quid

411 4035 416 4038 -
447 3991 766 4069 despondes
807 3999 1076 4068 animum,
1119 4003 1268 4073 quod
1334 4019 1447 4061 non
1483 4014 1698 4064 tantum
1735 4013 2019 4084 accepisti,

446 4099 716 4160 quantum
740 4091 931 4148 alius?-
957 4093 1212 4166 qu-inimo
1241 4096 1420 4169 cogita
1453 4100 1640 4171 potius
1675 4103 1783 4158 hoc
1811 4103 2019 4162 donum

444 4195 594 4246 esse,
633 4195 745 4236 non
787 4181 1055 4251 debitum,
1088 4199 1152 4241 ac
1197 4185 1373 4242 lenics
1423 4189 1693 4246 dolorem.
1747 4189 2017 4260 Quocirca

444 4273 607 4341 dixit,
659 4273 955 4330 Diuisione:
988 4278 1312 4347 gratiarum,
1373 4297 1484 4335 non
1524 4283 1835 4355 signorum,
1903 4303 2018 4346 non

444 4366 846 4440 prodigiorum,
876 4383 990 4439 quo
1031 4370 1114 4424 vel
1158 4370 1280 4443 ipso
1315 4371 1446 4428 doni
1494 4376 1719 4433 nomine
1761 4380 2016 4450 suadeat,

2131 3200 2286 3269 τάξει
2309 3200 2585 3257 διδάσκειν
2611 3217 2627 3231 ·
2670 3198 2764 3256 τδν
2817 3198 2876 3253 δὶ
2914 3197 3372 3296 ψευδοπροφήτην
3415 3193 3704 3296 ﬁdum-Iov:

2129 3294 2228 3348 atat
2264 3292 2613 3366 μαινόμενον,
2645 3291 2743 3346 καὶ
2797 3287 3181 3362 σκοτούμενον,
3209 3287 3318 3342 ύπδ
3350 3287 3446 3342 τοῦ
3469 3287 3533 3340 ἐν
3561 3285 3706 3354 αύτῷ

2131 3385 2443 3457 πνεύματος
2461 3385 2666 3440 λαλεῖν.
2691 3383 2960 3455 Δεύτερον
2973 3381 3029 3435 δὲ
3049 3381 3132 3436 ὅτι
3150 3382 3179 3434 ὁ
3205 3379 3305 3451 μὲν
3321 3376 3703 3452 προφητεύων,

2128 3482 2187 3535 ἐν
2235 3480 2314 3551 τῷ
2384 3477 2678 3550 ὀνομάζειν
2740 3477 2946 3547 Κύριον
3007 3473 3102 3528 τδν
3167 3471 3425 3544 Ἰησοῦν,
3499 3467 3705 3540 ἀληθής

2125 3573 2306 3627 ἑστιν·
2359 3569 2416 3634 ὃς
2457 3566 2515 3624 δὲ
2575 3566 2735 3624 τοῦτο
2784 3564 2848 3622 ού
2907 3566 3074 3633 ποιεῖ,
3105 3563 3243 3620 ἀλλὰ
3290 3559 3702 3635 ἀναθεματίζει,

2125 3655 2364 3734 ψεύστης
2390 3658 2527 3716 ἐστι.

2205 3773 2223 3805 ι
2250 3751 2554 3824 Διαιρέσεις
2581 3745 2638 3804 δὲ
2673 3742 3035 3822 χαρισμάτων
3060 3740 3222 3814 εἰσίν.
3251 3763 3272 3798 ι

2195 3842 2459 3906 Δεδωκὼς
2486 3835 2586 3915 τήν
2646 3839 2932 3912 διαφοράν,
2981 3836 3212 3912 ἄρχεται
3257 3829 3704 3910 παραμυθεῖσθαι

2122 3932 2248 3998 τοὺς
2295 3933 2358 3987 τὸ
2411 3931 2633 3986 ἔλαττον
2677 3930 2926 4002 χάρισμα
2972 3929 3216 4000 ἔχοντας.
3251 3927 3477 3998 Ὅμοιον
3534 3923 3613 3990 ὡς
3656 3924 3704 3980 si

2123 4025 2276 4095 λέγοι
2297 4040 2314 4058 ο
2343 4023 2501 4088 Τίνος
2527 4024 2716 4079 ἕνεκεν
2741 4022 2992 4094 ἀθυμεῖς,
3026 4022 3110 4075 ὃτι
3154 4015 3255 4075 otii:
3292 4012 3487 4082 ἔλαϐες
3529 4017 3653 4072 ὅσον
3677 4015 3705 4068 ό

2121 4117 2344 4190 ἓτεροςς
2376 4117 2491 4172 ἀλλ’
2522 4115 2777 4188 ἐννόησον
2823 4115 2907 4169 ὅτι
2966 4113 3218 4185 χάρισμά
3279 4111 3420 4175 ἐστι,
3473 4108 3572 4164 καὶ
3605 4104 3705 4162 οῦκ

2121 4209 2336 4282 ὀφειλὴ,
2377 4208 2474 4264 καὶ
2526 4206 2906 4281 παραμυθήσῃ
2953 4206 3052 4276 τὴν
3108 4204 3326 4263 ὀδύνην.
3365 4202 3466 4256 Διά
3521 4199 3702 4264 τοῦτο,

2121 4300 2453 4371 Διαιρέσεις
2513 4297 2920 4372 χαρισμάτων,
2957 4291 3099 4357 εἷπε.
3157 4293 3255 4350 καὶ
3306 4291 3372 4347 οὐ
3429 4291 3701 4363 σημείων,

2121 4395 2245 4449 οὐδὲ
2306 4393 2641 4465 θαυμάτων,
2691 4389 2896 4446 πείθων
2954 4388 3120 4443 αὐτὸν
3168 4385 3251 4458 τῷ
3306 4383 3535 4455 ὀνόματι
3598 4381 3702 4452 τῆς

445 4472 556 4513 non
613 4459 793 4515 solum
855 4475 1152 4518 interorem
1211 4463 1512 4535 deponere,
1575 4468 1675 4524 sed
1726 4478 1781 4526 et
1831 4478 2017 4544 grates

2146 4487 2354 4558 ῑωρεᾶς,
2390 4459 2466 4556 μὴ
2501 4482 2664 4556 μόνον
2695 4481 2904 4552 ἀλγεῖν,
2945 4478 3082 4536 ἀλλὰ
3113 4478 3207 4532 καὶ
3230 4470 3391 4546 χάριν
3423 4473 3594 4546 ἔχειν.

445 4549 673 4617 habere.

522 4634 713 4711 Vides,
753 4645 963 4702 nul-lum
997 4647 1065 4703 ab
1087 4662 1152 4704 eo
1179 4649 1320 4705 inter
1355 4652 1497 4708 dona
1524 4653 1826 4712 discrimen
1867 4658 2019 4728 poni,

447 4738 541 4794 ubi
578 4739 846 4811 aequalem
865 4739 1045 4796 Patris
1075 4750 1131 4797 et
1171 4740 1298 4798 Filii
1332 4753 1388 4800 et
1418 4744 1660 4816 Spiritus
1696 4749 1882 4805 sancti
1923 4750 2022 4805 ho-

448 4845 638 4886 norem
678 4841 1063 4902 repraesentat.

529 4944 550 4977 ι
591 4924 731 4980 idem
758 4932 940 4982 autem
971 4925 1235 5005 Spiritus.
1273 4947 1296 4982 ι

533 5016 650 5072 Etsi
704 5017 907 5072 minori
969 5018 1067 5074 tibi
1105 5019 1294 5076 datum
1350 5037 1610 5080 mensura
1644 5031 1749 5089 est,
1783 5025 1963 5096 inquit
1999 5042 2017 5082 :

446 5111 568 5178 ipSe
596 5115 784 5166 tamen
829 5110 901 5167 ab
950 5106 1158 5171 illomet
1205 5107 1497 5187 accepisti,
1552 5120 1647 5189 qui
1695 5119 1878 5190 majus
1909 5121 2018 5176 lar-

446 5198 621 5268 gitur.

516 5289 681 5345 Vens.
711 5287 768 5357 5,
783 5288 841 5349 6.
874 5309 898 5345 ο
939 5292 1006 5348 Ει
1028 5288 1336 5354 divisiones
1367 5301 1838 5359 ministrationum
1862 5308 2015 5368 sunt.

445 5383 592 5440 idem
621 5393 805 5444 autem
847 5381 1138 5447 Geminus.
1171 5388 1242 5446 Et
1284 5386 1594 5452 divisiones
1630 5397 2015 5469 operationum

444 5485 602 5532 sunt.
643 5493 666 5529 ι

440 5566 444 5570 ”
515 5570 708 5626 Gratia
756 5587 857 5630 seu
906 5570 1135 5641 donum,
1193 5576 1484 5646 operatio,
1534 5589 1590 5636 ct
1633 5578 2017 5649 ministratio.

446 5659 589 5720 idem
623 5672 795 5721 sunt:
832 5667 1157 5725 nominibus
1201 5667 1473 5726 duntaxat
1513 5672 1853 5745 discrepant,
1888 5676 2018 5746 quia

450 5762 536 5811 res
558 5755 930 5818 suntwdem.
964 5753 1100 5817 Nam
1135 5757 1286 5835 quod
1314 5761 1539 5835 donum,
1569 5765 1711 5823 idem
1755 5775 1810 5825 et
1855 5769 2018 5826 mini-

2205 4663 2388 4738 Ὀρᾷς,
2449 4665 2534 4719 ὅτι
2582 4661 2842 4734 οὐδεμίαν
2884 4658 3150 4732 διαφοράν
3191 4654 3463 4714 δείκνυσιν
3498 4655 3559 4710 ὲν
3587 4654 3701 4719 ταῖς

2123 4757 2375 4830 δωρεαῖς,
2400 4757 2613 4829 Πατρδς
2636 4757 2732 4808 καὶ
2761 4753 2892 4809 Υίοῦ
2930 4753 3028 4808 καὶ
3061 4751 3219 4822 άγίον
3257 4748 3576 4821 Πνεύματος
3599 4745 3700 4819 τὴν

2121 4852 2410 4925 όμοτιμίαν
2440 4849 2742 4922 ἐμφαίνων.

2198 4959 2218 4995 ι
2261 4942 2335 4997 Τὸ
2358 4941 2416 4996 δὲ
2446 4939 2580 4995 αὐτὸ
2603 4939 2849 5012 Πνεῦμα.
2890 4954 2912 4992 a

2192 5035 2258 5089 Ei
2289 5035 2383 5089 καὶ
2412 5033 2491 5104 τῷ
2539 5033 2744 5106 μέτρῳ,
2772 5032 3105 5104 ἠλάττωσαι,
3127 5028 3317 5104 φησὶν,
3351 5028 3490 5084 ἀλλὰ
3517 5025 3613 5083 καὶ
3637 5023 3696 5093 ἐξ

2123 5131 2338 5186 ἐκείνου
2367 5128 2557 5193 ελαόες
2581 5128 2641 5210 τὸ
2666 5126 2875 5199 μεῖζον.

2199 5302 2361 5364 (Καὶ
2413 5304 2712 5377 διαιρέσεις
2767 5301 3052 5359 διακονιῶν
3105 5303 3264 5370 εἰσιν,
3314 5302 3412 5357 καὶ
3461 5303 3492 5358 ὁ
3533 5299 3694 5365 αὐτὸς

2121 5403 2326 5474 Κύριος
2352 5417 2367 5433 ο
2404 5399 2498 5454 καὶ
2525 5398 2818 5470 διαιρέσεις
2851 5395 3248 5470 ἐνεργημάτων
3283 5394 3444 5450 εἰσίν.
3476 5413 3499 5448 a

2189 5577 2477 5650 Χάρισμα,
2507 5577 2601 5632 καὶ
2627 5576 2900 5648 ἐνέργεια,
2924 5576 3019 5630 καὶ
3046 5574 3292 5630 διακονία
3311 5573 3511 5629 ταυτόν
3523 5575 3688 5635 ἐστιν,

2117 5670 2402 5742 ὀνομάτων
2443 5671 2501 5724 δὲ
2571 5671 2731 5742 μόνον
2787 5669 3061 5740 διαφορά·
3112 5669 3238 5722 ἐπεὶ
3285 5667 3585 5739 πράγματα
3621 5665 3688 5717 τά

2122 5761 2386 5817 αὐτά.’¹’0
2417 5762 2526 5834 γάρ
2579 5763 2694 5815 ἐστι
2752 5760 3019 5833 χάρισμα,
3072 5757 3231 5815 τοῦτο
3269 5757 3363 5814 καὶ
3407 5754 3683 5813 διακονίασ
