3940 6264
501 209 606 274 635

1710 211 1772 279 S.
1794 208 2036 270 JOANN
2047 208 2116 274 IS
2147 208 2542 276 DAMASCEN
2553 211 2578 270 Ι

3676 211 3783 276 696

575 325 743 385 Vens.
774 326 865 386 '52.
903 347 923 382 ι
965 325 1024 385 Si
1054 326 1389 400 (secundum
1430 326 1748 399 hominem)
1779 328 1847 384 ad
1879 326 2085 385 beatias

2266 351 2285 384 ι
2326 331 2391 387 Ei
2427 333 2446 403 (
2481 333 2625 387 κατά
2669 331 2958 404 ἄνθρωπον
2995 332 3459 407 μθηριομάχησα
3505 332 3565 388 ἰν
3613 334 3785 405 Ἐφὲυ

503 421 743 495 pugnavi
775 420 1002 492 Ephesi.
1042 441 1063 474 ε

550 511 693 569 Hoc
730 521 835 576 est,
859 519 1127 583 quantum
1175 513 1230 572 in
1264 511 1514 572 homines
1561 510 1737 579 cadit;
1773 525 2087 583 quanquam

504 615 557 663 et
583 605 728 661 Deus
746 619 854 662 -me
886 604 1163 660 liberavit.

552 716 601 752 ι
632 696 772 765 Quid
809 695 943 758 mihi
976 697 1226 769 prodest,
1273 697 1319 753 si
1353 697 1555 756 mortui
1591 712 1701 754 non
1743 697 2092 771 resurgunt?

504 792 903 852 manducemus
934 800 986 853 et
1029 788 1332 848 bibamus:
1391 802 1517 847 cras
1565 791 1711 846 enim
1765 791 2084 847 moriemur.

507 885 675 943 Vens.
712 883 833 958 53.]
860 881 1044 941 Nolite
1065 898 1252 952 errare
1276 901 1289 938 :
1309 881 1684 956 Corrumpunt
1707 899 1888 942 mores
1913 885 2087 941 bonus

503 976 782 1048 colloquia
816 976 980 1032 mala.
1018 996 1038 1030 ι

575 1071 766 1133 isthaec
795 1073 978 1133 omnia
1014 1071 1412 1144 pronuntiavit,
1459 1087 1567 1129 non
1593 1073 1738 1143 quod
1770 1072 1904 1128 nihil
1934 1087 2088 1130 emo-

506 1164 736 1221 tumenti
768 1164 1105 1236 percipiebat
1135 1180 1203 1220 ex
1232 1180 1299 1222 eo
1322 1163 1473 1236 quod
1503 1165 1837 1236 patiebatur,
1865 1165 1960 1237 qui
1987 1179 2090 1221 nec

503 1255 773 1313 mercedis
793 1258 1211 1329 exspectatione
1247 1269 1518 1315 curreret.
1546 1256 1675 1314 Sola
1703 1259 1907 1330 quippe
1932 1260 2090 1317 retri-

503 1350 658 1413 hutio
681 1350 796 1418 hac
817 1350 867 1406 ei
893 1351 1221 1418 suliiciebat,
1262 1351 1316 1407 id
1356 1359 1622 1425 praestare
1647 1356 1794 1425 quod
1827 1352 2087 1425 placitum

504 1453 652 1501 esset
711 1444 842 1502 Deo.
877 1443 985 1500 Sed
1036 1452 1268 1517 propter
1306 1445 1676 1516 plurimorum
1709 1445 2085 1509 inﬁrmitatem

501 1539 579 1605 ita
615 1538 965 1610 loquebatur.
996 1536 1270 1606 Quocirca
1303 1537 1378 1593 ob
1421 1539 1668 1596 eamdem
1694 1539 1967 1595 rationem
2003 1537 2088 1593 di-

501 1632 701 1688 cebat:
735 1628 796 1686 Si
843 1631 899 1686 in
945 1629 1046 1686 hac
1068 1631 1180 1686 rita
1213 1638 1425 1685 tantum
1464 1630 1520 1686 in
1567 1627 1784 1686 Christo
1812 1639 2086 1701 sperantes

502 1740 714 1794 sumus,
768 1721 1184 1784 miserabiliores
1235 1740 1421 1781 εαηιιιε
1458 1723 1704 1780 omnibus
1762 1696 2086 1781 hominibus.
2121 1696 2161 1757 Β

500 1817 622 1895 Quo
651 1829 852 1895 nempe
886 1817 968 1872 vel
1009 1816 1240 1889 hujusce
1263 1815 1500 1874 miseriae
1522 1824 1577 1873 et
1609 1815 1950 1875 infelicitatis
1976 1817 2090 1875 for-

498 1909 713 1974 midine
738 1925 931 1966 eorum
953 1906 1105 1965 circa
1137 1906 1606 1967 resurrectionem
1639 1904 2086 1967 incredulitatem

501 2003 825 2076 exagitaret.

572 2092 741 2162 Vens.
762 2095 853 2151 56.
891 2115 909 2149 ι
939 2095 1209 2167 Evigilate
1225 2096 1396 2166 jnsle.
1437 2113 1456 2148 ε

572 2187 691 2246 Hoc
733 2197 842 2258 est,
891 2189 968 2245 uti
1002 2190 1338 2246 conveniens
1386 2197 1440 2246 et
1488 2189 1619 2248 utile
1653 2189 1777 2250 erit.
1810 2189 1972 2248 Velut
2011 2192 2082 2248 ad

501 2281 756 2344 ebriosos
779 2289 836 2339 et
861 2290 1128 2342 amentes.

579 2393 600 2430 ε
629 2372 698 2438 Et
723 2374 899 2432 nolite
924 2389 1179 2446 peccare.
1213 2396 1233 2429 ε

572 2469 785 2526 Annuit
842 2485 909 2526 ex
952 2484 1121 2543 prava
1168 2469 1296 2527 vitae
1351 2473 1570 2527 ratione
1601 2470 1810 2527 semina
1857 2471 2090 2545 hujusce

501 2557 846 2622 inﬁdelitatis
879 2559 1174 2631 pullulare.
1216 2557 1374 2619 Multi
1426 2559 1703 2633 siquidem
1741 2576 1956 2631 eorum,
1990 2562 2087 2636 qui

502 2651 712 2710 conscii
737 2651 841 2709 sibi
872 2660 1006 2709 sunt
1031 2651 1331 2719 malorum.
1358 2668 1465 2710 nec
1488 2656 1686 2726 pinnas
1711 2655 1908 2712 volunt
1963 2671 2089 2727 per-

502 2747 739 2812 solvere,
775 2745 834 2801 ln
860 2744 966 2802 lide
993 2744 1422 2806 resurrectionis
1440 2748 1800 2817 sanciantur;
1823 2748 2088 2820 quemad-

503 2838 724 2900 modum
752 2854 786 2895 e
805 2840 1089 2896 contrario
1120 2839 1218 2911 qui
1250 2855 1449 2913 magna
1491 2842 1666 2899 edunt
1698 2840 1947 2901 facinora
1977 2845 2090 2901 vir-

503 2938 708 2998 tutum,
745 2930 994 3002 quotidie
1019 2931 1252 3002 cupiunt
1275 2931 1426 2989 diem
1445 2933 1596 2989 illam
1629 2932 1837 2991 videre.

575 3041 597 3078 ι
633 3023 1003 3096 ignorantiam
1025 3025 1173 3082 enim
1199 3025 1296 3082 Dei
1330 3025 1556 3096 quidam
1582 3026 1804 3083 habent.
1847 3047 1871 3081 ι

571 3111 714 3172 Vide
749 3116 1032 3188 quomodo
1086 3117 1141 3174 in
1174 3117 1300 3172 illos
1335 3117 1758 3176 criminationes
1795 3119 2085 3177 transfert.

504 3207 640 3264 Nam
689 3209 1160 3268 resurrectionem
1213 3209 1472 3275 iuﬁciari,
1530 3211 1683 3268 illius
1739 3215 1946 3282 estqui
1978 3229 2088 3269 non

505 3310 801 3371 pernoscat
832 3298 1094 3357 virtutem
1142 3299 1236 3358 Dei
1271 3302 1726 3374 insuperabilem,
1779 3314 1836 3362 et
1875 3306 1945 3362 ad
1973 3323 2090 3362 om-

505 3395 598 3451 nia
619 3392 1002 3451 suﬁlcieutem.
1036 3392 1320 3467 Siquidem
1349 3397 1497 3452 enim
1523 3411 1592 3452 ex
1626 3396 1796 3454 nullis
1825 3399 2089 3454 exslanti~

506 3487 630 3555 bus,
659 3503 724 3545 ea
760 3502 884 3560 quae
904 3496 1152 3554 exstant,
1182 3485 1376 3546 fecerit
1403 3529 1420 3557 ,
1471 3489 1648 3548 multo
1679 3491 1854 3564 magis
1885 3494 2090 3564 poterit

505 3576 749 3636 excitare
767 3593 889 3649 qua:
919 3578 1100 3635 soluta
1130 3589 1312 3635 erant.

580 3687 602 3724 ι
643 3668 724 3725 Ad
761 3669 1127 3726 reverentiam
1161 3667 1321 3726 vobis
1340 3668 1562 3743 loquor.
1605 3691 1624 3724 ε

577 3763 636 3820 Id
661 3772 769 3830 est,
799 3762 878 3818 ita
904 3772 964 3818 ut
983 3778 1082 3820 vos
1114 3762 1432 3837 corripiam,
1454 3772 1538 3834 ut,
1570 3766 1778 3838 pudore
1800 3777 2084 3841 conceptu,

507 3858 768 3916 meliores
796 3856 1061 3916 evadatis.

577 3944 746 4007 Vsus.
772 3947 864 4003 35.
902 3967 923 4002 ι
961 3945 1070 4004 Sed
1109 3946 1258 4006 dicet
1288 3947 1490 4022 aliquis
1521 3967 1536 4005 :
1581 3951 1868 4018 Quomodo
1905 3965 2092 4008 resur.

507 4047 644 4113 {unt
671 4032 922 4097 mortui?
955 4041 1171 4112 qualive
1216 4055 1452 4112 corpore
1487 4043 1753 4098 venient?
1782 4061 1802 4096 ι

580 4132 867 4204 Objectum
895 4133 1062 4190 solvit
1085 4135 1233 4205 quod
1259 4133 1497 4206 gentiles
1530 4133 1873 4191 invexerant.

577 4221 750 4286 Vens.
777 4225 867 4292 36,
896 4225 986 4281 S7.
1029 4245 1050 4282 ι
1094 4225 1384 4298 lnsipiens,
1408 4234 1468 4282 tu
1495 4226 1640 4298 quod
1681 4227 1944 4294 seminas,
1980 4244 2088 4285 non

506 4318 841 4386 viviﬁcatur,
873 4320 980 4377 nisi
1008 4320 1164 4392 prius
1187 4319 1452 4377 moriatur
1473 4321 1496 4376 ?
1515 4320 1580 4376 Et
1607 4322 1754 4393 quod
1776 4323 2037 4389 seminas,
2064 4343 2085 4377 ε

2113 3055 2160 3118 C

2194 443 2293 480 σω.
2330 444 2349 478 ε

2262 518 2576 588 Τουτέστιν,
2613 520 2740 575 ὅσον
2761 522 2843 586 είς
2861 520 3186 593 ἀνθρώπους
3216 517 3377 594 ἧκεν,
3398 522 3449 576 εί
3481 521 3577 576 καὶ
3595 521 3625 575 ὁ
3643 521 3785 588 Θεὸς

2190 611 2484 687 ἐρρύσατο.

2267 723 2285 756 ι
2321 703 2388 757 Τί
2424 703 2596 776 μοιτδ
2623 703 2840 776 ὄφελος,
2874 707 2924 760 si
2949 706 3136 779 νεκροὶ
3167 707 3271 762 οὐκ
3313 706 3647 780 ἐγείρονταις
3672 707 3790 778 φά-

2190 813 2378 868 γωμεν
2425 796 2522 852 καὶ
2567 796 2816 870 πίωμενο
2846 798 3039 872 αὔριον
3066 797 3174 872 γὰρ
3205 799 3647 874 ἀποθνήσκομεν.
3680 799 3789 873 Μὴ

2190 889 2464 946 πλανᾶσθε
2485 906 2502 922 ν
2537 889 2818 965 φθείρωσι
2852 890 2962 963 γὰρ
2991 890 3146 965 [ἢθη]
3182 893 3396 964 χρηστά
3449 891 3654 964 ὁμιλίαι
3675 910 3788 946 κα-

2189 1001 2304 1041 και.
2345 1000 2366 1035 ε

2259 1073 2400 1130 Τἀδε
2419 1075 2602 1129 πάντα
2629 1071 2838 1143 ἔλεγεν,
2868 1074 2971 1128 οὐκ
3005 1072 3196 1145 ἐπειδὴ
3253 1074 3355 1130 οὐκ
3394 1092 3539 1147 ειχεν
3582 1076 3787 1144 δφελος

2190 1169 2286 1223 καὶ
2312 1169 2373 1224 ιν
2399 1166 2550 1237 αὐτῷ
2579 1167 2659 1240 τῷ
2681 1167 2940 1240 πάσχειν.
2967 1167 3043 1222 οὐ
3065 1167 3178 1239 γὰρ
3205 1167 3296 1222 ἐπὶ
3326 1168 3507 1241 μισθῷ
3531 1167 3785 1242 ἔτρεχεν

2190 1262 2439 1336 ἀρκοῦσα
2476 1262 2588 1335 7&9
2621 1261 2771 1334 αὐτῷ
2802 1258 2870 1335 ἦν
2915 1260 3189 1325 ἀντίδοσις
3235 1260 3298 1316 τὸ
3333 1263 3560 1334 ποιῆσαι
3606 1263 3668 1316 τὸ
3689 1263 3786 1316 δο-

2189 1357 2321 1412 κοῦν
2367 1355 2449 1430 τῷ
2477 1356 2632 1429 Θεῷο
2675 1355 2816 1411 ἀλλά
2846 1355 2938 1412 διά
2967 1352 3068 1429 τὴν
3091 1355 3381 1412 ἀσθένειαν
3407 1355 3518 1410 τῶν
3541 1355 3782 1411 πολλῶν.

2191 1450 2355 1504 Ὥστε
2387 1449 2482 1504 καὶ
2509 1450 2639 1504 ὃταν
2680 1447 2840 1521 λέγῃ,
2875 1452 2944 1504 Ei
2965 1449 3038 1504 ἐν
3059 1448 3136 1520 τῇ
3177 1446 3294 1520 ζ’ωῆ
3325 1451 3514 1520 ταύτῃ
3542 1451 3615 1505 ἐν
3643 1453 3785 1520 Χρεο

2189 1541 2316 1611 στῷ
2332 1542 2660 1613 ἠλπικότες
2677 1541 2870 1612 ἐσμὲν
2885 1543 3098 1612 μόνον,
3123 1543 3513 1613 ἐλεεινότεροι
3532 1541 3786 1598 πάντων

2187 1631 2522 1702 ἀνθρώπων
2548 1633 2758 1704 ἐσμὲν,
2784 1633 2875 1689 διά
2897 1633 2998 1706 τὴν
3035 1632 3208 1706 αὐτὴν
3251 1634 3435 1690 αἰτίαν
3458 1635 3633 1706 λέγει,
3684 1635 3785 1689 καὶ

2189 1725 2332 1782 ὥστε
2351 1725 2433 1797 τῷ
2468 1725 2620 1796 φόϐῳ
2639 1727 2738 1799 τῆς
2763 1725 3086 1799 ἀθλιότητος
3126 1725 3334 1797 ταύτης
3365 1727 3641 1784 διασεῖσαι
3674 1729 3786 1783 ab.

2190 1819 2299 1875 τῶν
2324 1819 2422 1892 τὴν
2451 1816 2716 1875 ἀπιστίαν
2745 1817 2996 1892 περὶτῆς
3019 1818 3391 1886 ἀναστάσεως.

2268 2114 2287 2146 ι
2337 2094 2644 2167 Έκνήψατε
2666 2094 2912 2160 δικαίως.
2952 2111 2973 2147 r

2259 2186 2574 2254 Τουτέστιν,
2606 2186 2705 2242 ἐπὶ
2729 2186 2808 2260 τῷ
2849 2187 3221 2259 συμφέροντιο
3251 2184 3330 2250 ὡς
3357 2183 3497 2258 πρὸς
3547 2183 3776 2258 μεθύον-

2187 2294 2288 2343 τας
2317 2277 2412 2332 καὶ
2448 2278 2833 2350 μαινομένους.

2267 2387 2286 2423 ι
2323 2368 2436 2423 Καὶ
2460 2368 2540 2440 μὴ
2572 2368 2944 2440 ἁμαρτάνετε.
2985 2389 3007 2424 ι

2260 2463 2487 2528 Δεικνὺς
2513 2463 2601 2518 δτι
2631 2463 2743 2517 ἀπὸ
2760 2461 3006 2536 πονηροῦ
3033 2464 3153 2536 βίου
3186 2463 3257 2519 τὰ
3290 2466 3581 2540 σπέρματα
3604 2465 3781 2539 αὐτῆς

2187 2555 2286 2626 τῆς
2324 2554 2555 2609 ἀπιστία
2568 2572 2606 2619 ς.
2639 2554 2752 2610 Καὶ
2781 2555 2890 2626 γάρ
2914 2555 3102 2612 πολλοὶ
3141 2556 3251 2614 τῶν
3291 2557 3507 2633 πονηρά
3541 2557 3772 2613 συνειδό-

2189 2663 2298 2701 των
2323 2646 2561 2712 ἑαυτοῖς,
2612 2647 2708 2702 καὶ
2738 2648 2802 2702 οὐ
2838 2646 3188 2720 βουλομένων
3239 2648 3429 2705 δοῦναι
3457 2650 3639 2724 δίκην,
3678 2650 3778 2706 καὶ

2189 2741 2270 2805 είς
2290 2738 2389 2812 τὴν
2405 2741 2536 2811 περὶ
2563 2739 2665 2812 τῆς
2685 2741 3040 2807 ἀναστάσεως
3060 2741 3545 2822 παραδλάπτσνται
3569 2743 3777 2797 πίστινο

2188 2831 2339 2887 ὥσπε
2346 2849 2380 2905 ρ
2424 2827 2518 2886 οὖν
2563 2833 2614 2886 οἱ
2658 2835 2873 2904 μεγάλα
2911 2832 3332 2908 κατορθοῦντες,
3375 2834 3499 2890 καθ’
3539 2836 3777 2906 ἑκάστην

2190 2923 2360 2995 αὐτὴν
2386 2923 2719 2996 ἐπιθυμοῦσι
2747 2925 2852 2996 τὴν
2878 2926 3100 2997 ἡμέραν
3122 2923 3277 2984 ίδεῖν.

2266 3035 2286 3074 ι
2321 3017 2627 3088 Ἀγνωσίαν
2647 3019 2756 3093 7&9
2784 3018 2922 3075 Θεσῦ
2952 3018 3102 3085 τινὶς
3127 3019 3364 3092 ἔχουσιν.
3399 3039 3426 3074 ι

2262 3111 2404 3184 Ὅρα
2421 3111 2539 3175 πῶς
2567 3111 2733 3168 πάλιν
2753 3113 2834 3176 είς
2861 3112 3108 3179 ἐκείνους
3139 3114 3440 3184 μεταφέρει
3471 3098 3546 3168 τά
3573 3112 3774 3185 ἔγκλή-

2193 3220 2362 3277 ματα.
2392 3203 2465 3256 Τὸ
2495 3203 2607 3276 γὰρ
2636 3206 2704 3276 τῇ
2748 3205 3048 3261 ἀναστάσει
3099 3204 3424 3272 διαπιστεῖν,
3472 3206 3537 3260 οὔ
3572 3206 3775 3279 σφόδρα

2189 3298 2392 3361 εἰδότος
2422 3297 2542 3352 ἐστὶ
2571 3297 2676 3371 τὴν
2700 3296 2800 3352 τοῦ
2826 3297 2964 3353 Θεοῦ
2992 3297 3248 3371 δύναμιν,
3274 3298 3378 3372 τὴν
3413 3299 3658 3372 ἄμαχον,
3686 3299 3779 3356 καὶ

2191 3389 2328 3464 πρὸς
2371 3391 2549 3448 πάντα
2578 3390 2882 3464 ἀρκοῦσαν.
2914 3391 2979 3446 Et
3008 3389 3123 3464 7&9
3150 3389 3216 3458 ἐξ
3233 3391 3338 3448 οὐκ
3359 3390 3536 3449 ὄντων
3553 3392 3627 3449 τά
3651 3391 3776 3447 ﬁmo

2190 3481 2438 3554 εποίησε,
2463 3481 2648 3556 πολλῷ
2677 3482 2882 3556 μᾶλλον
2907 3480 2979 3538 σά
3002 3482 3329 3538 διαλυθέντα
3347 3482 3658 3557 ἀναστῆσαι
3683 3485 3774 3540 δυ-

2190 3575 2439 3646 νήσεται.

2266 3686 2285 3719 ι
2325 3668 2469 3741 Πρὸς
2496 3667 2768 3741 ἐντροπὴν
2806 3669 2938 3741 ὑμῖν
2962 3668 3128 3739 λέγω.
3161 3688 3184 3722 ι

2261 3758 2581 3826 Τουτέστιν,
2614 3759 2757 3814 ὥστε
2812 3760 3140 3833 διορθῶσαι,
3201 3758 3346 3815 ὥστε
3389 3761 3773 3836 αἰσχυνθέντας

2191 3853 2340 3924 ἡμᾶς
2369 3851 2626 3921 γενέσθαι
2661 3852 2927 3924 βελτίους.

2269 3963 2288 3999 ι
2335 3944 2476 3999 Ἀλλ’
2500 3945 2621 4016 ἐρεῖ
2644 3960 2764 4010 τιςο
2797 3945 2924 4009 Πῶς
2964 3944 3270 4018 ἐγείρονται
3299 3947 3352 4002 oi
3381 3947 3573 4020 νεκροί
3589 3965 3607 4017 ;
3641 3946 3772 4020 ποίῳ

2191 4041 2250 4095 δὲ
2273 4039 2489 4112 σώματι
2512 4040 2766 4113 ἔρχονται
2789 4057 2806 4108 ;
2832 4059 2854 4092 ι

2279 4131 2580 4187 Ἀντίθεσιν
2611 4131 2732 4187 λύει
2761 4134 2894 4204 παρ’
2928 4133 3202 4206 Ἐλλήνων
3227 4133 3620 4206 είσαγομένην.

2268 4245 2290 4280 ε
2330 4227 2562 4298 ’Λφρον,
2588 4224 2654 4279 σὺ
2680 4224 2712 4280 δ
2747 4225 3019 4298 σπείρεις,
3047 4225 3112 4280 οὐ
3159 4224 3531 4296 ζωοποιεῖται,
3558 4226 3664 4282 ιάν
3703 4225 3777 4299 μὴ

2194 4317 2486 4391 dmum;
2521 4319 2616 4372 καὶ
2649 4319 2678 4372 ὂ
2707 4318 2975 4392 σπείρεις,
3008 4339 3028 4373 ι

578 4407 636 4466 id
670 4418 777 4472 est.
809 4426 978 4483 penes
1018 4413 1368 4483 temetipsum
1416 4413 1613 4469 borum
1658 4414 2085 4474 demonstratio-

2268 4411 2584 4477 Τουτέστιν,
2631 4411 2794 4484 Παρά
2845 4412 3027 4485 σαυτῷ
3071 4411 3173 4487 τὴν
3193 4411 3469 4478 ἀπόδειξιν
3489 4412 3639 4486 εχεις
3661 4411 3773 4468 τού·

509 4521 635 4562 uem
663 4506 855 4574 habes,
899 4521 965 4562 ex
1002 4505 1218 4577 iisquae
1249 4506 1348 4562 abs
1398 4515 1452 4562 te
1499 4506 1745 4576 quotidie
1776 4508 1912 4563 ﬁunt
1959 4526 1974 4561 :
2030 4518 2089 4565 tu

509 4613 643 4653 vero
671 4596 1035 4652 nihilominus
1059 4595 1238 4651 adhuc
1263 4596 1603 4652 contradicis
1620 4595 1647 4650 3
1667 4593 1862 4667 inquit.
1883 4597 2090 4664 Quatu-

507 4691 698 4746 obrem
733 4689 862 4759 jure
891 4696 947 4746 te
979 4689 1330 4762 insipientem
1362 4689 1599 4761 appello,
1631 4690 1723 4761 qui
1755 4705 1818 4747 ea
1866 4690 2092 4762 ignoras

507 4796 632 4856 qua:
656 4779 903 4853 quotidie
926 4780 1086 4839 facis.
1115 4782 1186 4835 At
1205 4781 1415 4838 videsis
1442 4782 1926 4854 superjectionem.
1951 4781 2088 4839 Nam

507 4873 656 4946 quod
677 4873 754 4930 illi
779 4873 1041 4945 neganda:
1062 4875 1485 4930 resurrectionis
1508 4883 1893 4946 argumentum
1921 4877 2091 4935 habe-

511 4968 667 5034 bant,
694 4984 764 5024 ει
793 4969 900 5023 hoc
938 4967 1053 5039 ipse
1092 4966 1314 5024 conﬁcit
1343 4967 1867 5026 demonstrationem
1898 4987 2088 5028 resuro

511 5060 789 5115 rectionis.
843 5059 1106 5115 Dicebant
1165 5058 1310 5116 enim
1346 5076 1362 5114 :
1394 5058 1751 5130 Nequaquam
1814 5071 2088 5133 resurget,

510 5150 952 5221 quandoquidem
976 5161 1232 5208 mortuus
1264 5158 1372 5206 est.
1403 5149 1607 5206 Contra
1651 5152 1743 5207 ille
1772 5152 1847 5206 ait
1875 5169 1894 5207 :
1923 5151 2091 5212 Plane

511 5243 733 5312 quidem
762 5242 868 5299 nisi
905 5251 1152 5298 mortuus
1179 5243 1270 5307 sit.
1306 5256 1586 5313 nunquam
1617 5246 2003 5301 resurrexcrit.

585 5348 607 5381 ι
636 5327 756 5384 Non
785 5345 1007 5400 corpus,
1032 5330 1178 5401 quod
1210 5329 1456 5386 futurum
1489 5339 1596 5396 est,
1625 5333 1886 5389 seminas.
1926 5353 1948 5388 ι

585 5418 748 5495 ιιθ
780 5419 895 5476 Hoc
920 5429 1026 5487 est,
1061 5437 1169 5476 non
1201 5423 1412 5494 spicam
1463 5425 1755 5496 integram,
1803 5441 1910 5482 non
1947 5428 2088 5483 triti-

511 5527 638 5570 cum
671 5529 898 5577 novum,
930 5529 1039 5570 non
1092 5513 1236 5586 quod
1286 5515 1534 5572 culmum
1584 5516 1807 5586 habeat,
1852 5535 1959 5577 non
1994 5537 2089 5592 pa-

516 5607 676 5662 leam.
716 5604 817 5661 ilic
843 5606 989 5663 enim
1025 5621 1134 5662 non
1173 5607 1243 5664 de
1271 5606 1505 5679 ipsamet
1538 5611 1943 5668 resurrectione
1973 5613 2089 5670 dis-

514 5705 691 5772 putat,
750 5698 842 5755 sed
889 5699 955 5754 de
1013 5700 1437 5757 resurrectionis
1477 5701 1640 5759 modo
1678 5720 1691 5756 :
1733 5711 1864 5763 nuta
1919 5706 2082 5762 (irriti:

2195 4522 2330 4570 των,
2354 4504 2422 4558 δι’
2449 4496 2527 4559 ὧν
2548 4503 2811 4576 πράττεις
2837 4505 2960 4559 καθ’
2981 4504 3220 4578 ἑκάστην
3243 4505 3477 4579 ἡμέραν,
3508 4505 3606 4560 καὶ
3632 4507 3771 4560 ἀντι·

2196 4597 2379 4667 λέγεις
2403 4596 2524 4663 ετις
2559 4597 2716 4668 φησι.
2749 4597 2843 4651 Διὸ
2885 4599 2986 4653 καὶ
3035 4598 3249 4672 ἀφρονά
3271 4614 3335 4654 σε
3369 4597 3547 4665 καλῶ,
3585 4600 3671 4655 ὅτι
3709 4595 3774 4653 τὰ

2196 4690 2322 4746 καθ’
2345 4688 2564 4763 ἡμέραν
2596 4689 2702 4744 ὑπὸ
2732 4690 2828 4746 σοῦ
2862 4691 3123 4764 γινόμενα
3155 4691 3391 4760 ἀγνοεῖς.
3418 4689 3531 4747 Καὶ
3549 4691 3657 4763 δρα
3680 4693 3772 4766 τὴν

2197 4783 2528 4858 ὑπερϐολήν.
2558 4782 2629 4839 ‘0
2648 4783 2757 4855 7&9
2780 4783 3000 4837 ἐποίουν
3026 4783 3229 4838 ἐκεῖνοι
3247 4783 3551 4858 τεκμήριον
3574 4781 3674 4838 τοῦ
3699 4782 3771 4854 μίι

2196 4874 2541 4941 ἀνίστασθαι,
2567 4874 2727 4929 τοῦτο
2747 4872 2843 4928 τοῦ
2865 4874 3192 4930 ἀνίστασθαι
3221 4876 3456 4930 ποιεῖται
3475 4873 3764 4943 ἀπόδειξιν.

2197 4963 2308 5019 Καὶ
2341 4965 2454 5036 7&9
2481 4963 2688 5033 ἔλεγον,
2715 4963 2830 5019 Οὐκ
2857 4963 3168 5032 ἀνίσταται,
3189 4964 3380 5038 ἐπειδὴ
3399 4964 3692 5023 ἀπέθανεν.
3714 4964 3768 5018 '0

2195 5055 2253 5109 δὲ
2279 5053 2667 5127 ἀντιστρέψας,
2689 5055 2876 5126 φησὶν,
2898 5056 3009 5111 Καὶ
3042 5054 3149 5129 μὴν
3174 5055 3224 5110 εί
3254 5055 3333 5129 μὴ
3357 5054 3649 5121 ἀπέθανεν,
3671 5052 3765 5110 οὐκ

2196 5149 2262 5203 ἀν
2295 5149 2516 5219 ἀνέστη.

2274 5353 2294 5385 ε
2335 5335 2411 5388 οὐ
2438 5333 2502 5388 τὸ
2529 5332 2692 5404 σῶμα
2715 5331 2778 5385 τὸ
2803 5332 3174 5404 γενησόμενον
3202 5330 3474 5403 σπείρεις.
3514 5348 3535 5384 ε

2269 5425 2582 5494 Τουτέστιν,
2609 5425 2673 5480 οὺ
2700 5426 2901 5497 στάχυν
2924 5424 3243 5496 ὁλόκληρον,
3266 5422 3329 5478 οὒ
3369 5424 3522 5479 σῖτον
3539 5419 3681 5488 νέον,
3699 5417 3756 5474 οὐ

2201 5521 2456 5594 καλάμην
2486 5519 2704 5592 ἔχοντα,
2731 5520 2836 5574 οὐκ
2877 5519 3100 5592 ἀχυρον.
3146 5516 3415 5574 Ἐνταῦοα
3448 5518 3561 5590 7&9
3589 5511 3756 5572 οὐκέτι

2203 5612 2340 5682 πρὸς
2358 5612 2459 5682 τὴν
2491 5612 2797 5666 ἀνάστασιν
2831 5613 2859 5666 ὁ
2891 5612 3069 5679 λόγος,
3098 5609 3238 5664 ἀλλά
3268 5609 3406 5681 πρὸς
3447 5607 3544 5665 τδν
3568 5606 3753 5682 τρόπον

2197 5707 2295 5763 fit:
2329 5702 2676 5764 ἀναστάσεως
2699 5721 2713 5735 ο
2749 5705 2991 5759 ποταπὸν
3022 5704 3182 5762 σῶμα
3211 5704 3272 5760 τὸ
3311 5701 3506 5761 μέλλον
3546 5699 3749 5760 Mino-
