3940 6264
414 342 516 420 711

1616 361 1675 419 S.
1713 354 2035 420 IOANNIS
2070 354 2499 419 DAMASCENI

3496 324 3499 325 ί
3578 354 3679 425 712

414 468 560 543 quod
594 469 926 527 invidiosum
962 479 1018 528 et
1056 488 1227 547 grave
1272 472 1582 539 videbatur,
1639 480 1811 529 testes
1842 472 1995 543 ipsos

2127 471 2379 543 aopatzov,
2416 472 2613 537 αύτοές
2661 473 2901 547 παράγει
2956 476 3246 550 μάρτυρας
3303 475 3413 530 τῶν
3454 476 3679 549 λεγομε-

414 562 652 634 appellat
686 577 877 619 eorum
912 580 1034 636 qua:
1061 566 1160 624 abs
1197 582 1258 623 se
1284 566 1572 623 dicuntur.

482 657 655 717 Vsus.
724 661 810 717 14.
849 680 867 713 ι
906 660 1081 734 Spero
1107 672 1289 721 autem
1345 664 1701 736 quodusquc
1755 664 1807 719 in
1834 665 1994 719 linem

411 754 783 824 cognoscetis,
838 755 982 811 sicut
1028 764 1086 812 et
1133 758 1473 826 cognovistis
1515 772 1618 813 nos
1658 773 1721 812 ex
1757 765 1931 829 parte.
1970 775 1995 809 ε

482 846 531 899 Δ
575 845 869 916 praeteritis
926 846 1089 904 iidem
1148 848 1279 905 facit
1310 849 1651 905 futurorum.
1701 848 1845 915 Quin
1894 861 1999 903 nec

412 934 746 1008 simpliciter
775 947 831 992 et
854 937 1000 994 nude
1031 938 1085 994 id
1125 940 1530 1010 pronuntiavit,
1572 940 1669 997 sed
1709 949 1883 996 totum
1910 954 1997 996 rc—

409 1025 611 1098 jiciens
640 1028 695 1083 in
728 1027 897 1085 Deum
923 1038 979 1087 et
1010 1046 1165 1103 spem
1185 1048 1309 1104 quae
1336 1032 1392 1087 in
1426 1031 1577 1091 illum
1612 1046 1718 1095 est.

488 1136 508 1173 ι
545 1119 702 1187 Quod
724 1122 895 1194 gloria
929 1132 1110 1180 vestra
1143 1141 1338 1183 sumus
1388 1125 1538 1184 sicut
1567 1132 1623 1182 et
1654 1140 1754 1183 vos
1784 1135 1999 1191 nostra,

412 1209 469 1267 in
498 1212 588 1269 die
617 1213 835 1271 Domini
872 1217 1049 1274 nostri
1079 1214 1232 1276 Jesu.
1268 1238 1289 1273 ι

483 1304 584 1362 ilic
614 1318 937 1379 conceptam
969 1306 1113 1366 forte
1140 1325 1205 1366 ex
1247 1318 1376 1368 ante
1426 1311 1597 1369 dictis
1618 1311 1881 1369 invidiam
1915 1312 2001 1368 vel

415 1396 567 1453 rixas
620 1398 837 1464 adimit,
896 1399 1028 1455 dum
1066 1416 1164 1458 eos
1196 1418 1419 1476 quoque
1452 1404 1506 1459 in
1558 1412 1772 1476 partem
1807 1404 1997 1475 glorise

414 1491 615 1561 recipit
643 1506 873 1548 suorum
898 1503 1051 1551 recte
1091 1492 1390 1553 factorum.
1430 1495 1793 1568 Nequaquam
1828 1500 1998 1563 enim,

415 1583 618 1655 inquit,
664 1585 811 1642 intra
848 1603 951 1643 nos
1007 1588 1125 1645 haec
1153 1590 1426 1656 constitit,
1460 1588 1557 1645 sed
1608 1589 1675 1645 ad
1705 1605 1806 1646 vos
1831 1590 2000 1646 etiam

412 1678 737 1737 dimanavit.

492 1774 655 1834 Vens.
700 1777 889 1833 l5-i‘l.
944 1795 964 1831 ι
1000 1776 1066 1833 Ει
1109 1778 1212 1833 hac
1271 1776 1602 1835 conﬁdentia
1651 1778 1791 1835 volui
1845 1780 2002 1851 prius

416 1872 603 1928 venire
632 1871 699 1926 ad
732 1886 851 1936 vos,
885 1879 945 1926 ut
973 1870 1275 1928 secundam
1320 1871 1558 1941 gratiam
1611 1872 1914 1939 haberetis,
1946 1882 2003 1929 et

416 1982 510 2035 per
542 1979 638 2022 vos
699 1965 938 2021 transire
961 1964 1017 2020 in
1076 1964 1481 2034 Macedoniam,
1515 1975 1572 2024 et
1598 1966 1799 2024 iterum
1824 1983 1855 2024 ε
1887 1966 2005 2023 Ila-

415 2059 643 2114 ccdonia
670 2059 858 2115 venire
887 2056 955 2113 ad
985 2074 1103 2125 vos,
1126 2069 1179 2115 et
1207 2058 1407 2117 avobis
1431 2057 1631 2117 deduci
1656 2061 1711 2116 in
1736 2057 2000 2117 Judaeum.

414 2151 551 2209 Cum
596 2168 727 2224 ergo
763 2153 865 2208 hoc
898 2153 1222 2219 voluissem,
1262 2174 1280 2208 ι

485 2329 601 2396 Qua
632 2330 826 2401 utique
855 2329 909 2385 in
941 2328 1099 2388 vobis
1128 2344 1368 2388 maxime
1399 2331 1657 2388 ﬁduciam
1690 2346 1998 2405 ponamus;

416 2437 524 2496 qua
575 2423 879 2497 gloriamur
937 2425 992 2480 in
1017 2423 1197 2490 vobis,
1223 2434 1278 2480 et
1329 2425 1505 2498 gloria
1566 2433 1758 2483 nostra
1784 2440 1884 2482 vos
1909 2441 2003 2483 es-

418 2517 514 2574 tis.

491 2609 653 2682 126
683 2627 703 2662 ι
734 2608 993 2684 Nunquid
1026 2612 1249 2670 levitate
1281 2627 1417 2671 usus
1445 2614 1613 2671 sum?
1641 2622 1737 2671 aut
1758 2630 1883 2687 qua
1908 2628 2004 2673 eo-

418 2701 554 2773 gito,
605 2702 910 2758 secundum
960 2719 1185 2761 carnem
1244 2705 1452 2778 cogito,
1486 2715 1544 2762 ut
1573 2706 1646 2783 sit
1687 2706 1833 2781 apud
1889 2722 1998 2779 me,

421 2792 539 2863 Est,
578 2805 683 2863 est,
715 2805 789 2863 et,
820 2794 963 2865 Non,
986 2798 1137 2854 non?

489 2887 605 2956 Qua
632 2887 700 2944 de
728 2904 895 2946 causa
927 2906 1040 2948 non
1071 2892 1215 2961 veni,
1247 2892 1468 2966 inquit?
1499 2895 1747 2967 nunquid
1780 2894 2003 2954 levitate

420 2991 474 3037 et
504 2981 806 3038 mobilitate
826 2984 1042 3040 animi?
1071 3001 1437 3060 nequaquam.
1473 2984 1653 3043 Eccur
1684 2988 1853 3043 vero?
1873 2989 2002 3060 quia

421 3090 541 3145 quae
593 3090 859 3148 propono,
911 3092 1019 3132 non
1080 3078 1387 3134 secundum
1443 3093 1667 3135 carnem
1728 3094 1999 3151 propono.

422 3169 668 3235 Quorum
695 3168 985 3225 verborum
1007 3170 1135 3229 talis
1156 3179 1242 3229 est
1272 3187 1507 3229 sensus:
1534 3171 1784 3230 Carnalis
1810 3172 2001 3239 homo,

423 3264 534 3317 sive
566 3261 659 3331 qui
708 3262 873 3319 rebus
913 3264 1282 3334 praesentibus
1333 3264 1590 3323 addictus
1620 3275 1745 3332 est,
1776 3272 1831 3321 et
1864 3279 2000 3337 ope‘

423 3356 655 3412 rationis
696 3356 943 3429 Spiritus
996 3374 1192 3416 exsors
1223 3360 1470 3429 exsistit,
1526 3376 1757 3435 quoquo
1780 3378 2001 3420 versum

424 3448 576 3505 abire
627 3459 807 3521 potest
855 3461 910 3507 et
956 3452 1221 3509 oberrare
1247 3471 1358 3526 quo
1408 3455 1670 3512 voluerit.
1710 3455 1819 3523 Qui
1873 3470 2006 3514 vero

423 3540 635 3614 Spiritu
688 3545 896 3616 agitur,
960 3561 1070 3601 non
1126 3556 1310 3619 potest
1341 3548 1545 3620 ubique
1575 3548 1863 3605 sententiae
1891 3564 2007 3605 sne

424 3636 677 3694 dominus
734 3653 879 3701 esse.
931 3638 1139 3711 quippe
1200 3654 1368 3711 quam
1418 3640 1489 3697 ab
1524 3642 1618 3697 illa
1673 3640 2005 3698 auctoritate

424 3728 751 3799 pendentem
808 3730 1031 3785 habeat.
1068 3732 1173 3788 Sed
1231 3748 1563 3806 quocunque
1610 3732 1841 3807 Spiritui
1877 3735 2007 3792 libi-

424 3832 539 3877 tum
594 3824 703 3879 erit
733 3823 977 3891 ducitur,
1014 3826 1171 3897 isque
1215 3826 1393 3898 jussis
1423 3828 1697 3886 herilibus
1727 3828 2005 3886 obsecun~

421 3918 534 3972 dat.
568 3917 841 3992 Aitergo:
874 3918 1200 3979 Nullatenus
1232 3937 1356 3977 sum
1389 3938 1420 3977 a
1448 3924 1850 3996 gubernatione
1879 3921 2005 3997 Spi-

423 4012 565 4069 ritus
594 4012 830 4079 alienus,
862 4029 968 4071 nec
1017 4029 1188 4086 penes
1227 4032 1316 4073 tne
1347 4022 1437 4073 est
1467 4017 1600 4073 illuc
1637 4032 1863 4090 pergere
1893 4032 2005 4090 quo

423 4106 671 4169 voluero.
702 4104 968 4163 Paracleti
995 4109 1267 4179 siquidem
1291 4109 1529 4181 jussioni
1554 4126 1675 4167 sum
1704 4110 2002 4177 obnoxius,

423 4200 655 4273 ipseque
707 4200 840 4256 mihi
873 4202 1160 4276 precipit:
1195 4204 1406 4262 idcirco
1462 4204 1651 4261 venire
1688 4219 1797 4261 non
1829 4204 2003 4276 potui,

423 4295 553 4366 quia
606 4309 767 4351 sccus
798 4294 974 4351 visum
1033 4306 1119 4353 est
1145 4294 1401 4370 Spiritui.
1437 4295 1552 4354 Hoc
1578 4313 1745 4371 porro
1774 4298 1830 4352 in
1854 4299 2005 4353 Acti-

424 4389 528 4447 bus
556 4388 727 4445 etiam
751 4389 1135 4459 apostolorum
1165 4391 1439 4463 scriptum
1472 4398 1580 4458 est,
1612 4391 1803 4448 cumis
1824 4391 2007 4462 aliquo

425 4498 656 4556 pergere
705 4486 1021 4552 statuisset,
1057 4484 1299 4555 iussisse
1322 4484 1597 4558 Spiritum
1621 4493 1679 4540 nt
1707 4485 1817 4540 alio
1843 4486 2007 4542 vade-

2096 583 2226 622 νων.

2176 676 2196 711 ε
2230 657 2467 727 Ἐλπίζω
2494 660 2552 715 δὲ
2579 661 2757 733 κάγὼ,
2793 662 2873 717 ὄτι
2930 661 3038 729 ἕως
3067 663 3259 730 τέλους
3287 660 3677 732 ἐπιγνώσεσθε,

2100 749 2284 815 καθὼς
2308 752 2405 806 καί
2429 751 2706 822 ἐπέγνωτε
2736 754 2886 826 ἡμᾶς
2911 753 3022 808 ἀπὸ
3055 752 3283 826 μέρους.

2178 842 2318 897 ’Δπδ
2359 842 2470 898 τῶν
2520 844 2905 917 παρελθόντων
2949 845 3239 902 πιστοῦται
3277 843 3351 900 τά
3395 844 3678 918 μέλλοντα.

2100 930 2255 1001 Εἶτα,
2290 937 2379 990 καί
2405 936 2506 1010 οὐχ
2542 937 2732 1003 ἁπλῶς
2761 937 2919 994 τοῦτο
2946 938 3292 1013 ἀπειρήνατο,
3315 937 3453 994 ἀλλά
3478 935 3542 993 τδ
3572 940 3683 993 πᾶν

2099 1030 2445 1103 ἐπιῤῥίπτων
2474 1030 2551 1102 τῷ
2581 1029 2725 1103 Θεῷ,
2754 1030 2849 1085 καὶ
2873 1032 2942 1106 τῇ
2973 1031 3057 1096 εἰς
3088 1031 3252 1087 αὐτὸν
3273 1029 3469 1087 ἐλπίδι.

2178 1141 2198 1176 ε
2228 1124 2352 1179 ὀτι
2383 1108 2651 1197 καύχημα
2698 1124 2856 1197 ὑμῶν
2884 1126 3076 1197 ἐσμεν,
3106 1123 3365 1199 καθάπερ
3401 1125 3496 1180 καὶ
3525 1126 3687 1197 ὑμεῖς

2101 1218 2279 1291 ἡμῶν,
2313 1219 2371 1272 ἐν
2395 1220 2462 1290 τῇ
2495 1219 2683 1292 ἡμέρᾳ
2706 1218 2801 1273 τοῦ
2831 1219 3042 1293 Κυρίου
3074 1219 3233 1292 ἡμῶν
3266 1218 3468 1290 Ἰησοῦ.
3491 1238 3511 1273 ι

2186 1308 2455 1366 Ἐνταῦθα
2506 1311 2600 1367 τὸν
2668 1315 2733 1367 ἐκ
2789 1311 2900 1367 τῶν
2958 1314 3269 1386 είρημένων
3321 1310 3690 1386 ὑποτέμνεται

2103 1401 2300 1472 φθόνον
2345 1403 2381 1476 ἢ
2432 1403 2637 1476 ἐριδας,
2673 1403 2870 1470 αὐτοὺς
2916 1404 3012 1460 καὶ
3053 1407 3345 1472 κοινωνοὺς
3376 1405 3549 1462 ποιῶν
3588 1407 3691 1479 τῆς

2102 1495 2260 1568 δόξης
2298 1496 2409 1553 τῶν
2466 1494 2639 1552 αὐτοῦ
2699 1497 3173 1571 κατορθωμὰτων.
3208 1498 3286 1553 ού
3334 1498 3445 1571 γάρ
3492 1498 3693 1571 μέχρις

2103 1588 2264 1661 ἡμῶν
2319 1590 2655 1664 κατήντησε,
2693 1591 2851 1664 φησὶ,
2907 1589 3045 1647 ἀλλά
3078 1592 3178 1647 καὶ
3234 1592 3317 1658 είς
3366 1591 3516 1665 ἡμᾶς
3568 1592 3692 1648 δια-

2103 1683 2303 1742 σαίνει.

2183 1795 2202 1830 ι
2232 1777 2347 1832 Καί⁸
2392 1776 2567 1852 ταύτῃ
2598 1780 2667 1852 τῇ
2702 1777 3035 1851 πεποιθήσει
3080 1776 3385 1852 ἐϐουλόμην
3422 1777 3695 1850 πρότερον

2110 1869 2248 1943 πρὸς
2276 1870 2424 1943 ὑμᾶς
2463 1869 2665 1939 ἐλθεῖν,
2706 1872 2798 1929 ῖνα
2837 1871 3102 1945 δευτέραν
3151 1871 3313 1945 χάριν
3361 1869 3555 1944 σχῆτε,
3594 1873 3696 1927 καί

2108 1963 2176 2020 δι’
2205 1963 2365 2036 ὑμῶν
2384 1962 2644 2020 ἀπελθεῖν
2692 1966 2773 2032 είς
2820 1963 3187 2031 Μακεδονίαν,
3227 1964 3326 2020 καὶ
3371 1963 3540 2019 πάλιν
3584 1962 3698 2017 ἀπὸ

2108 2057 2453 2123 Μακεδονίας
2486 2056 2664 2113 ἐλθεῖν
2706 2057 2846 2130 πρὸς
2890 2056 3057 2129 ὑμᾶς,
3089 2055 3184 2112 καὶ
3231 2056 3323 2127 ὕφ’
3350 2052 3510 2128 ημῶν
3554 2071 3695 2125 προ·

2110 2148 2435 2223 πεμφθῆναι
2468 2151 2551 2216 είς
2596 2149 2696 2223 τὴν
2749 2148 3037 2206 Ἰουδαίαν.
3070 2145 3244 2204 Τοῦτο
3281 2141 3380 2205 οὖν
3427 2146 3697 2221 βουλόμεο

2107 2259 2220 2308 νος,
2248 2263 2266 2297 ε

2179 2335 2255 2390 τὸ
2286 2323 2493 2409 σφόδρα
2536 2336 2765 2411 θαρρεῖν
2796 2335 2950 2410 ὑμῖν,
2986 2334 3051 2393 τδ
3076 2332 3391 2410 καυχᾶσθαι
3418 2333 3508 2406 ἐφ’
3539 2335 3699 2407 ὑμῖν,

2107 2429 2206 2484 καὶ
2232 2429 2496 2503 καύχημα
2523 2428 2683 2504 ἡμῶν
2711 2429 2859 2502 ὑμᾶς
2884 2423 3046 2485 εἶναι.

2186 2630 2206 2665 ι
2235 2611 2386 2684 Μήτι
2421 2612 2531 2685 ἄρα
2557 2614 2625 2685 τῇ
2648 2609 2886 2686 ἐλαφρίᾳ
2911 2611 3273 2686 ἐχρησάμηνς
3304 2610 3340 2684 ἦ
3369 2610 3407 2667 ἀ
3436 2609 3697 2683 βουλεύο-

2109 2723 2236 2779 μαι,
2270 2705 2414 2761 κατά
2446 2705 2628 2780 σάρκα
2678 2704 3030 2779 βουλεύομαι,
3076 2694 3166 2760 ἵνα
3292 2704 3426 2775 παρ’
3464 2705 3594 2778 ἐμοὶ
3636 2704 3697 2758 τὸ

2109 2797 2239 2865 Ναὶ,
2273 2798 2382 2865 ναὶ,
2412 2799 2507 2853 καὶ
2532 2798 2614 2868 τὸ,
2635 2795 2732 2866 Οὔ,
2758 2798 2851 2868 οὓς
2879 2814 2900 2852 ι

2180 2891 2341 2959 Τίνος
2363 2891 2551 2947 ἕνεκεν
2594 2892 2695 2946 οὐκ
2726 2886 2914 2964 ἦλθον,
2951 2890 3157 2964 φησίν;
3196 2887 3308 2965 ἆρα
3353 2894 3430 2957 ὡς
3489 2890 3699 2964 κοῦφος

2110 2986 2209 3041 καὶ
2235 2983 2567 3057 εύριπιστής
2593 3000 2608 3051 ;
2630 2982 2908 3056 οὐδαμῶς.
2950 2982 3113 3049 una
3131 2983 3219 3040 διὰ
3242 2984 3331 3052 τίς
3355 2985 3479 3039 Ὅτι
3507 2982 3544 3038 ἃ
3574 2985 3697 3054 Bou-

2108 3078 2361 3150 λεύομαι,
2395 3077 2460 3133 οὐ
2506 3079 2650 3134 κατά
2704 3079 2888 3152 σάρκα
2941 3077 3288 3151 βουλεύομαι.
3326 3077 3393 3133 ’0
3440 3076 3499 3133 δὲ
3546 3078 3697 3148 λέγει

2108 3168 2352 3225 τοιοῦτον
2385 3170 2555 3225 ἐστιν’
2594 3169 2654 3225 '0
2685 3169 2948 3244 σαρκικὸς
2984 3168 3296 3243 ἄνθρωπος,
3329 3168 3640 3238 τουτέστιν,
3669 3172 3698 3222 ὁ

2108 3265 2221 3327 τοῖς
2246 3262 2484 3336 παροῦσι
2516 3262 2808 3334 πράγμασι
2857 3260 3306 3335 προσηλωμένος,
3341 3261 3437 3315 καὶ
3461 3259 3569 3332 τῆς
3601 3260 3696 3315 τοῦ

2110 3356 2251 3411 Ιῐνεύ
2258 3374 2428 3429 ματος
2448 3355 2729 3430 ἐνεργείας
2751 3356 2909 3421 ἐκτὸς
2925 3354 3515 3428 τυγχάνων,πανταχοῦ
3536 3359 3698 3411 ἀπιέ-

2109 3466 2200 3503 ναι
2234 3448 2485 3513 δύναται,
2522 3449 2616 3504 καὶ
2670 3446 2983 3503 πλανᾶσθαι
3037 3450 3175 3504 ὅπου
3219 3447 3493 3521 βούλεται.
3528 3447 3597 3505 '0
3640 3450 3695 3504 δὲ

2108 3541 2215 3598 ὑπὸ
2258 3540 2353 3596 τοῦ
2396 3540 2717 3613 Πνεύματος
2760 3539 3049 3611 ἀγόμενος,
3076 3541 3136 3594 ού
3166 3541 3266 3613 τῆς
3308 3539 3507 3596 ἑαυτοῦ
3552 3541 3709 3611 γνῶ-λ

2111 3653 2219 3710 μης
2271 3635 2551 3708 πανταχοῦ
2601 3634 2832 3691 δύναται
2875 3634 3068 3707 κύριος
3120 3630 3431 3708 εἷναιξτῆς
3478 3636 3696 3691 ἐκεῖθεν

2109 3730 2357 3797 ἐξουσίας
2410 3730 2720 3803 ἐξαρτήσας
2756 3728 2951 3801 αὐτὴν,
3002 3728 3121 3782 ἀλλ’
3180 3728 3319 3783 ὅπου
3382 3727 3451 3783 ἀν
3516 3729 3699 3783 ἐκεῖνο

2110 3825 2393 3899 βούληται,
2440 3824 2657 3894 ἄγεται,
2698 3823 3045 3887 δεσποτικοῖς
3094 3821 3439 3894 παλαίσμασι
3470 3821 3694 3895 χρώμε-

2106 3937 2220 3986 νος.
2247 3917 2420 3973 Τοῦτο
2452 3912 2546 3973 οὖν
2590 3934 2777 3989 φησιν,
2809 3916 2892 3972 ὅτι
2922 3914 3039 3970 Οὐκ
3080 3913 3197 3986 είμὶ
3225 3914 3328 3986 τῆς
3374 3912 3470 3969 τοῦ
3516 3914 3696 3969 Πνεύ-
3726 3926 3731 3929 ‘

2111 4030 2281 4086 ματος
2312 4010 2469 4078 ἐκτδς
2500 4009 2911 4084 κυσερνησεως,
2948 4008 3071 4062 ούδέ
3106 4003 3361 4073 ἐξουσίαν
3397 4005 3510 4079 ἔχω
3546 4006 3696 4075 βαδί-

2108 4104 2223 4172 ζειν
2256 4105 2392 4160 ὅπου
2441 4103 2725 4176 βούλομαι.
2779 4102 2892 4158 Καὶ
2933 4100 3045 4175 γὰρ
3098 4102 3406 4176 ὑπόκειμαι,
3446 4101 3527 4175 τῷ
3582 4103 3699 4157 ἐττει

2108 4198 2353 4271 τάγματι
2406 4194 2502 4252 τοῦ
2562 4194 2959 4269 Παρακλήτου,
3012 4196 3108 4251 καὶ
3157 4194 3546 4269 ἐπιτάττομαι.
3600 4200 3702 4251 Διά

2107 4292 2268 4347 τοῦτο
2299 4291 2400 4345 οὐκ
2432 4289 2708 4363 ἡδυνήθην
2742 4289 2940 4357 ἐλθεῖν,
2976 4289 3041 4345 ού
3073 4289 3180 4361 γὰρ
3221 4288 3371 4356 εδοξε
3409 4288 3489 4361 τῷ
3524 4288 3701 4345 [Iusti-

2114 4402 2265 4459 ματι.
2297 4385 2471 4440 Τοῦτο
2494 4384 2553 4439 δὲ
2576 4386 2671 4441 καὶ
2702 4386 2759 4440 ἐν
2797 4386 2920 4450 ταῖς
2959 4382 3195 4457 πράξεσι
3228 4383 3340 4438 τῶν
3374 4382 3702 4440 ἀποστόλων

2111 4480 2444 4553 γέγραπται.
2485 4477 2747 4550 Ἀλλαχοῦ
2779 4477 2889 4550 γὰρ
2922 4475 3368 4557 Προαιρούμενον
3399 4476 3609 4543 ἐλθεῖν,
3640 4476 3704 4531 τὸ

428 4587 511 4634 ret
533 4577 577 4633 ⁸.
608 4576 730 4633 Non
780 4594 915 4652 ergo
938 4578 1149 4635 levitati
1180 4592 1336 4646 mete,
1371 4579 1476 4635 hoc
1511 4587 1619 4645 est,
1645 4594 1757 4636 non
1789 4580 2003 4636 mobili-

2127 4574 2344 4649 [Ινεῦμα
2376 4574 2614 4647 ἀλλαχοῦ
2664 4572 2904 4646 βαδίζειν
2937 4573 3248 4631 ἐκέλευσεν.
3276 4572 3442 4628 Ὥστε
3485 4572 3551 4627 οὐ
3601 4572 3698 4642 τῆς

425 4671 525 4726 tati
572 4672 739 4726 animi
791 4672 1146 4729 tribuendum
1203 4670 1351 4744 quod
1406 4687 1517 4728 non
1574 4672 1866 4743 venerim;
1909 4672 2006 4729 sed

429 4766 675 4835 uporttiit
720 4774 781 4821 ut
829 4766 921 4839 qui
967 4766 1199 4839 Spiritui
1238 4766 1496 4825 subditus
1528 4784 1673 4836 sum,
1703 4768 1878 4825 eidem
1914 4770 2009 4825 ob-

429 4866 811 4928 temperarem.

505 4950 669 5008 Vens.
697 4951 784 5007 l8.
832 4970 851 5004 ι
881 4952 1087 5010 Fidelis
1109 4964 1293 5010 autem
1328 4955 1493 5019 Deus,
1540 4954 1670 5029 quia
1705 4972 1885 5013 sermo
1912 4974 2007 5012 no-

428 5054 564 5110 ster.
584 5048 679 5118 qui
709 5046 813 5102 fuit
843 5049 898 5104 in
932 5048 1051 5117 illo,
1073 5048 1190 5116 Est,
1213 5058 1290 5113 et,
1312 5048 1454 5105 Non.
1488 5068 1505 5103 ι

500 5138 880 5213 Emergentem
904 5142 1273 5213 objectionem
1296 5144 1482 5199 solvit.
1504 5144 1715 5202 Dixerit
1739 5145 2007 5218 quispiam

428 5232 475 5287 si
504 5246 614 5287 non
640 5242 729 5289 est
754 5234 897 5304 apud
931 5243 1005 5297 te.
1038 5232 1155 5301 Est,
1187 5245 1264 5301 et,
1290 5233 1447 5303 Non;
1468 5253 1569 5294 cur
1593 5238 1825 5311 posthac
1858 5256 2011 5295 ever-

431 5328 523 5393 tis,
554 5340 678 5397 qua:
704 5327 865 5383 modo
894 5329 1129 5393 asseris,
1180 5330 1644 5401 quemadmodum
1681 5333 1750 5390 de
1782 5348 2012 5390 accessu

435 5431 526 5473 tuo
560 5419 791 5491 loquens
824 5419 1042 5476 fecisti?
1092 5420 1185 5476 ναι
1222 5422 1379 5479 nobis
1410 5424 1457 5481 si
1487 5440 1727 5496 unquam
1782 5424 1835 5481 id
1866 5427 2015 5482 acci-

436 5513 511 5567 tlit
535 5514 590 5569 in
619 5515 1014 5585 praedicatione
1043 5526 1255 5572 nostra.
1283 5516 1468 5590 Itaque
1491 5535 1558 5573 ne
1590 5518 1704 5575 haec
1723 5520 2015 5592 cogitando

437 5608 905 5676 perturbarentur,
936 5609 1013 5663 ait
1044 5627 1056 5665 :
1094 5609 1241 5665 Nihil
1288 5612 1398 5667 tale
1439 5614 1669 5685 contigit
1700 5614 1758 5668 in
1820 5614 2017 5685 praedi-

438 5700 743 5757 cationibus
773 5702 929 5759 meis.
960 5701 1208 5758 Humana
1238 5701 1515 5775 siquidem
1566 5706 1856 5763 mendacio
1883 5718 2013 5764 sunt

488 5880 513 5914 δ
556 5882 679 5941 Aet.
706 5900 817 5951 xw,
861 5884 912 5941 7.

2115 4672 2259 4744 ἐμῆς
2292 4670 2586 4744 ἐλαφρίας,
2624 4669 2936 4734 τουτέστιν,
2966 4667 3093 4725 οὔτε
3116 4668 3221 4740 ’τῆς
3266 4667 3612 4740 κουφότητος
3641 4667 3703 4723 τὸ

2119 4767 2196 4841 μὴ
2214 4766 2412 4833 ἐλθεῖν,
2436 4764 2573 4821 ἀλλὰ
2589 4766 2668 4836 τὸ,
2689 4765 2769 4838 τῷ
2791 4763 3074 4837 Πνεύματι
3097 4762 3291 4818 ὓποκεί
3296 4778 3482 4836 μενον,
3501 4763 3699 4835 ἐκείνῳ

2118 4861 2429 4917 πείθεσθαι.

2198 4975 2215 5007 ε
2244 4958 2445 5021 Πιστὸς
2476 4956 2533 5009 δέ
2553 4957 2582 5008 ὁ
2614 4952 2769 5021 θεὸς,
2797 4954 2883 5009 ὅτι
2909 4954 2936 5007 ὁ
2964 4951 3121 5021 λόγος
3149 4949 3309 5024 ἡμῶν
3338 4952 3369 5005 ὀ
3395 4949 3532 5024 πρὸς
3556 4950 3703 5023 ops;

2119 5049 2218 5104 οὐκ
2249 5048 2467 5118 ἐγένετο
2493 5048 2626 5113 Ναὶ,
2656 5049 2771 5115 καὶ,
2795 5046 2893 5103 OG.
2930 5065 2949 5097 ε

2206 5143 2509 5199 Ἀντίοεσιν
2537 5140 2956 5197 ἀνακύπτουσαν
2984 5137 3123 5194 λύει.
3154 5139 3219 5194 Ei
3244 5137 3345 5194 οὐκ
3371 5137 3512 5206 ἐστι,
3541 5134 3704 5209 φησὶ.

2122 5239 2275 5311 παρά
2309 5239 2393 5293 σοὶ
2435 5237 2496 5293 τὸ
2522 5238 2656 5303 Ναὶ,
2697 5237 2812 5301 καὶ,
2850 5235 2955 5302 Οὓ,
2986 5234 3122 5291 ἀλλά
3154 5234 3192 5292 ἃ
3224 5232 3321 5289 νῦν
3341 5232 3544 5303 λέγεις,
3575 5234 3706 5288 ἀνα-

2119 5332 2345 5404 τρέπεις
2378 5330 2519 5401 μετά
2551 5328 2748 5394 ταῦτα,
2782 5325 2971 5401 ὥσπερ
3006 5328 3100 5382 ἐπὶ
3142 5324 3246 5397 τῆς
3284 5323 3584 5397 ἐπιδημίας
3606 5322 3702 5395 τῆς

2123 5425 2225 5496 σῆς
2263 5425 2550 5494 ἐποίησας,
2593 5422 2719 5477 οὐαὶ
2763 5422 2897 5492 ἡμῖν
2932 5420 3007 5494 μή
3036 5437 3167 5476 ποτε
3193 5419 3293 5475 καὶ
3325 5420 3383 5475 ἐν
3411 5418 3496 5490 τῷ
3524 5417 3700 5490 κηρύ-

2124 5535 2296 5591 γματι
2331 5515 2490 5570 τοῦτο
2520 5515 2763 5585 γέγονεν.
2795 5513 2914 5568 Ἵνα
2942 5508 3035 5569 οὖν
3080 5510 3157 5587 μὴ
3185 5511 3361 5569 ταῦτα
3399 5511 3700 5567 ἐννοοῦντες

2124 5612 2514 5685 πράττωνται,
2553 5608 2720 5679 φησὶν
2771 5608 2854 5662 ὅτι
2911 5609 3013 5663 οὐκ
3062 5609 3155 5662 ἐπὶ
3200 5606 3295 5662 τοῦ
3344 5605 3700 5679 κηρύγματος

2124 5705 2298 5769 οὓτως
2322 5704 2560 5775 ἐγένετο.
2594 5703 2671 5756 Τὰ
2708 5703 2806 5774 μὲν
2841 5701 2950 5773 γὰρ
2981 5699 3299 5774 ἀνθρώπινα
3344 5700 3545 5755 οἴονται
3581 5696 3697 5753 δια-
