3870 6260
453 299 561 364 767

1635 314 1697 374 S.
1724 311 2046 376 JOANNIS
2086 312 2516 375 DAMASCENI

3423 52 3796 90 ““““ΙΙΙΙΙΤΤ“

3591 315 3691 382 768

455 417 509 472 id
545 415 694 488 quod
725 415 875 473 videt
903 417 956 473 in
989 433 1111 484 me.
1143 425 1241 475 aut
1273 417 1484 492 aliquid
1517 420 1670 478 audit
1719 438 1787 480 ex
1838 438 1945 482 me.
1976 424 2039 480 Et

2163 427 2210 492 ίς
2237 428 2337 500 ἐμὲ
2374 429 2663 501 λογίσηται
2690 428 2830 500 ὑπὲρ
2855 429 2882 482 δ
2913 427 3098 500 βλέπει
3142 446 3233 500 με,
3268 430 3301 501 ἢ
3336 430 3524 485 ἀκούει
3553 450 3604 486 τι
3639 435 3695 500 ἐξ

455 525 525 564 ne
557 511 878 582 magnitudo
915 513 1315 570 revelationum
1341 512 1573 571 extollat
1601 530 1725 584 me,
1751 516 1918 574 datus
1957 525 2044 574 est

453 598 588 656 mihi
627 602 888 659 stimulus
923 603 1102 661 carni.
1132 625 1153 660 ι

519 693 656 750 Cum
687 697 874 753 multa
899 697 1006 755 sibi
1031 700 1403 763 revelationes
1432 704 1626 763 ﬁerent
1648 747 1665 773 ,
1696 707 1842 763 hanc
1873 722 2038 763 unam

453 786 626 854 punit.
661 787 818 855 Quod
848 802 1034 849 autem
1071 795 1389 866 complures
1427 807 1654 864 essent,
1696 799 1815 870 ipse
1853 799 2042 856 decla-

457 880 596 933 ravit
628 879 865 939 dicendo
885 926 902 952 ,
933 901 995 940 ne
1028 889 1396 958 magnitudine
1433 892 1817 947 revelationum
1864 893 2042 948 extol-

457 968 562 1023 lar.
593 968 805 1028 Idcirco
832 989 964 1030 vero
1003 981 1430 1048 quatuordecim
1485 999 1761 1040 annorum
1820 993 2040 1056 tempus

455 1061 716 1131 scripsit.
752 1074 811 1117 ut
843 1067 1192 1134 ostenderet,
1217 1072 1367 1142 quod
1397 1074 1491 1145 qui
1526 1083 1682 1130 tanto
1706 1091 1765 1133 se
1792 1083 2041 1148 tempore

453 1157 837 1223 continuerat,
865 1158 1009 1216 hanc
1040 1178 1324 1234 nunquam
1353 1168 1646 1226 recitasset
1666 1209 1682 1235 ,
1711 1170 1817 1227 nisi
1845 1186 1906 1228 se
1939 1187 2037 1226 ne-

450 1248 714 1306 cessitate
743 1253 1089 1323 compulsum
1123 1259 1409 1315 sensisset.

528 1359 545 1390 ι
575 1342 820 1414 Angelus
847 1343 1100 1414 Satanae,
1134 1349 1231 1419 qui
1263 1365 1348 1406 me
1370 1351 1682 1425 colaphith
1702 1396 1716 1422 ,
1746 1371 1816 1414 ne
1843 1371 2031 1431 super-

451 1435 703 1489 extollar.
741 1453 759 1488 ι

526 1523 696 1579 δαιαη
738 1523 969 1583 ιῖρίπῖεο
991 1544 1245 1584 sermone
1264 1529 1616 1586 adversarius
1641 1531 1870 1590 dici'ur.
1896 1530 2032 1587 Nam

457 1616 746 1684 St-riptura
795 1617 861 1672 de
907 1618 1206 1676 Salomone
1264 1637 1498 1679 narrans
1557 1624 1633 1677 ait
1677 1642 1691 1678 :
1747 1622 1871 1679 Non
1916 1635 2035 1682 erat

455 1707 626 1762 Samii
658 1709 708 1762 in
740 1709 924 1766 diebus
957 1712 1113 1781 ejus;
1146 1713 1198 1768 id
1245 1728 1329 1771 est
1376 1717 1469 1787 qui
1519 1716 1722 1772 bellum
1766 1717 2030 1786 inferret,

454 1813 546 1854 aut
602 1817 668 1856 ex
730 1801 966 1860 adverso
1024 1813 1221 1862 staret.
1279 1807 1435 1873 Quod
1489 1823 1622 1879 ergo
1674 1807 1841 1874 dicit,
1882 1809 2035 1864 imae

457 1891 622 1947 habet
650 1909 873 1950 sensum
914 1913 928 1951 :
969 1895 1091 1952 Non
1149 1899 1402 1970 permisit
1451 1900 1596 1957 Deus
1643 1911 1700 1955 ut
1750 1900 2034 1973 Evangelii

457 1984 774 2055 praedicatio
802 1985 956 2042 nullo
987 1987 1180 2044 labore
1213 1991 1660 2061 progrederetur,
1707 1993 1785 2046 uti
1831 1993 2033 2047 fastum

455 2085 708 2132 nostrum
741 2079 1127 2148 comprimeret
1159 2099 1172 2136 :
1208 2082 1302 2137 sed
1337 2082 1676 2140 adversariis
1736 2100 1836 2141 nos
1881 2085 2040 2139 inva-

455 2168 619 2224 dendi
675 2178 1010 2239 potestatem
1067 2171 1216 2230 fecit.
1273 2174 1532 2248 Angelum
1587 2175 1774 2244 itaque
1822 2175 2037 2232 δαιαιιιε

455 2265 692 2334 appellat
718 2265 1088 2320 Alexandrum
1112 2266 1370 2322 aerarium
1395 2307 1410 2328 .
1444 2265 1794 2340 Hymenaeum
1820 2277 1874 2323 et
1908 2267 2031 2321 Phi-

455 2354 659 2421 letum,
687 2355 780 2428 qui
831 2357 1293 2414 resurrectionem
1338 2357 1536 2414 factam
1579 2375 1703 2415 esse
1753 2375 2040 2414 assevera-

455 2456 622 2516 rent;
656 2465 768 2504 uno
797 2452 968 2506 verbo
999 2467 1194 2507 omnes
1223 2466 1453 2523 prorsus
1485 2453 1580 2523 qui
1624 2452 2036 2523 praedicationis

455 2543 701 2600 sermoni
743 2543 1223 2610 contradicerent,
1255 2543 1458 2615 quique
1499 2554 1695 2600 contra
1731 2560 1789 2599 se
1819 2545 1943 2600 lites
1983 2555 2037 2600 et

456 2649 670 2706 pugnas
727 2635 1075 2702 excitarent,
1134 2647 1190 2690 et
1245 2638 1301 2692 in
1361 2650 1616 2692 carceres
1672 2635 2034 2706 conjicerent.

453 2725 934 2793 Quemadmodum
974 2743 1108 2799 ergo
1144 2726 1367 2784 Judzeos
1405 2727 1611 2784 diaboli
1648 2728 1790 2783 filios
1821 2743 2039 2783 nuncu-

457 2827 551 2890 pat
572 2859 589 2885 ,
618 2818 714 2889 qui
745 2834 913 2891 epera
947 2819 1096 2875 illius
1129 2821 1553 2887 emularentur,
1583 2823 1658 2876 ita
1692 2821 1913 2876 Satanae
1940 2837 2039 2878 an-

455 2912 612 2982 gelos
641 2913 766 2968 illos
800 2920 956 2968 vocat
977 2951 994 2975 ,
1029 2913 1346 2983 quicunque
1379 2913 1812 2972 adversarentur
1859 2913 2040 2970 Evan-

456 3002 621 3072 gelio.
651 3001 950 3070 Quocirca,
980 3003 1148 3059 Dama
1199 3015 1279 3060 est
1317 3005 1446 3060 mihi
1495 3007 1777 3076 stimulus,
1824 3008 2036 3078 inquit,

2126 519 2284 590 ἐμοῦ.
2319 522 2431 576 Καὶ
2485 525 2553 594 τῇ
2589 521 2867 596 ὑπερϐολῇ
2913 520 3026 576 τῶν
3064 522 3466 593 ἀποκαλύψεων
3509 525 3595 579 ίνα
3627 526 3700 599 μὴ

2125 617 2536 692 ὑπεραίρωμαι,
2567 619 2724 694 ἐδόθη
2758 637 2852 690 μοι
2883 618 3085 691 σκόλοψ
3111 623 3175 691 τῇ
3205 621 3392 693 σαρκί.
3439 641 3459 675 ι

2195 711 2414 769 Πολλῶν
2441 713 2618 768 οὐσῶν
2637 712 3056 788 ἀποκαλύψεων,
3085 714 3214 786 μίαν
3235 714 3438 785 ταύτην
3461 714 3699 784 τίθησινο

2125 804 2209 860 δτι
2239 806 2296 860 δὲ
2324 801 2466 878 ἦσαν
2493 805 2709 876 πολλαὶ,
2735 807 2900 873 αὐτὸς
2932 807 3168 876 ἐπεξιὼν
3192 805 3368 870 εἶπεν,
3403 805 3701 876 ὑπερϐολῆ

2130 899 2246 954 τῶν
2263 899 2734 972 ἀποκαλύψεων,
2756 903 2861 959 ἵνα
2881 902 2969 974 μὴ
2993 904 3416 973 ὑπεραίρωμαι.
3438 901 3540 954 Διά
3555 903 3704 955 τοῦτο

2125 995 2181 1049 δὲ
2212 995 2308 1050 καὶ
2336 994 2430 1051 τδν
2461 998 2659 1069 χρόνον
2683 997 2868 1070 τίθησι
2911 996 3026 1052 τῶν
3072 980 3494 1068 δεκατεσσάριιῖν
3551 994 3702 1061 ἑτῶν,

2131 1086 2216 1141 ῖνα
2241 1087 2416 1161 δείξῃ,
2447 1090 2529 1143 ὅτι
2550 1089 2652 1144 οὐκ
2685 1088 2752 1144 ἂν
2777 1091 2805 1142 ὁ
2823 1088 3080 1144 τοσοῦτον
3105 1087 3461 1159 καρτερήσας
3496 1087 3703 1158 χρόνον,

2127 1178 2224 1233 νῦν
2253 1179 2320 1252 ἂν
2346 1181 2586 1248 ἐξεῖπεν,
2615 1181 2664 1234 εί
2693 1180 2769 1255 μὴ
2795 1178 2999 1254 πολλὴν
3026 1179 3143 1252 ᾔδει
3170 1179 3269 1252 τὴν
3301 1178 3572 1250 ἀνάγκην.

2207 1370 2226 1405 ι
2272 1352 2532 1420 Ἀγγελος
2551 1350 2852 1418 Σατάν,ῖνα
2887 1368 2955 1423 με
2986 1348 3278 1422 κολαφίζῃ,
3313 1350 3397 1405 ἵνα
3433 1351 3512 1422 μὴ
3550 1350 3706 1424 ὑπερ-

2131 1443 2396 1516 αίρωμαι.
2437 1463 2456 1497 ι

2205 1538 2404 1590 Σατὰν
2436 1536 2462 1588 ὁ
2491 1534 2870 1605 ἀντικείμενος
2917 1535 3138 1607 λέγεται
3174 1539 3241 1608 τῇ
3275 1535 3384 1590 τῶν
3450 1536 3712 1604 Ἐϐραίων

2135 1629 2308 1698 φωνῇ.
2339 1625 2510 1679 Τοῦτο
2538 1626 2648 1698 γὰρ
2673 1628 2767 1681 ἐπὶ
2797 1627 3147 1696 Σολομῶντος
3178 1626 3520 1698 διηγουμένη
3555 1626 3710 1696 φησίν

2136 1722 2169 1790 ἡ
2197 1720 2383 1790 Γραφή
2409 1733 2421 1746 ·
2454 1721 2576 1773 Οὐκ
2604 1715 2683 1789 ἦν
2713 1719 2910 1774 Σατὰν
2940 1729 2962 1757 ³
2984 1719 3199 1786 ἐνταῖς
3227 1719 3482 1790 ἡμέραις
3511 1717 3708 1773 αὐτοῦ’

2138 1810 2380 1864 τουτέστι
2437 1809 2715 1880 πολεμῶν,
2756 1810 3152 1881 ἀντικείμενος.
3200 1811 3268 1863 ’0
3309 1811 3500 1863 τοίνυν
3550 1809 3710 1879 λέγει,

2136 1901 2374 1954 τοιοῦτον
2417 1903 2593 1956 ἐστιν·
2630 1904 2746 1957 Οὐκ
2776 1904 2959 1958 είασεν
2992 1906 3020 1957 δ
3057 1902 3191 1966 Θεὸς
3231 1903 3472 1974 ἀπονητὶ
3512 1921 3711 1974 προχω-

2142 1989 2306 2060 ρῆσαι
2335 1990 2397 2042 τὸ
2429 1991 2714 2062 κήρυγμα,
2741 1993 3120 2048 καταστέλλων
3152 1993 3310 2064 ήμῶν
3339 1995 3401 2048 τδ
3426 1996 3680 2066 φρόνημα
3698 2010 3711 2025 ·

2136 2079 2273 2136 ἀλλά
2326 2081 2676 2155 συνεχώρησε
2745 2087 2861 2147 τοῖς
2913 2085 3321 2156 ἀντικειμένοις
3379 2085 3712 2139 ἐπιτίθεσθαι

2137 2176 2290 2246 ἡμῖν.
2326 2176 2626 2247 ’Ἄγγελον
2663 2176 2844 2231 τοίνυν
2887 2176 3126 2235 Σατανᾶ
3153 2178 3324 2247 λέγει,
3369 2179 3714 2249 Ἀλέξανδρον

2135 2266 2226 2318 τὸν
2267 2266 2501 2336 χαλκέα,
2569 2266 2862 2338 Ὑμέναιον
2891 2267 2986 2322 καὶ
3017 2267 3272 2340 Φιλητδν,
3295 2270 3429 2333 τοὺς
3451 2270 3554 2340 τὴν
3597 2270 3714 2324 ἀνάο

2139 2375 2329 2411 στασιν
2383 2358 2643 2428 λέγοντας
2691 2359 2796 2431 ήδη
2843 2358 3152 2429 γεγονέναι,
3193 2359 3290 2415 καὶ
3337 2359 3556 2424 πάντας
3603 2362 3714 2425 τοὺς

2136 2449 2551 2520 ἀντικειμένους
2577 2449 2656 2522 τῷ
2705 2449 2852 2522 λόγῳ
2905 2451 3001 2506 τοῦ
3034 2450 3423 2524 κηρύγματος,
3455 2453 3554 2508 καὶ
3579 2452 3714 2522 φιλο-

2138 2542 2454 2608 νεικοῦντας
2477 2542 2650 2614 αὐτῷ,
2677 2543 2779 2600 καὶ
2800 2542 3196 2615 πολεμοῦντας,
3229 2543 3327 2599 καὶ
3350 2543 3712 2614 ἐμϐάλλοντας

2139 2637 2220 2702 είς
2260 2635 2644 2708 δεσμωτήρια.
2684 2635 2903 2708 Ὠσπερ
2933 2632 3026 2692 οὖν
3065 2637 3218 2700 υἱοὺς
3275 2636 3539 2693 διαϐόλου
3577 2635 3714 2690 καλεί

2138 2731 2262 2792 τοὺς
2317 2727 2629 2795 Ἰουδαίους,
2681 2727 2751 2783 τὰ
2801 2729 3013 2784 ἐκείνου
3056 2727 3376 2800 ζηλοῦντας,
3437 2728 3585 2783 οὕτω
3630 2728 3712 2782 καὶ

2139 2817 2404 2889 ἀγγέλους
2439 2819 2657 2874 Σατανᾶ
2713 2819 2898 2874 πάντα
2939 2818 3033 2874 τδν
3073 2819 3485 2874 ἀντιπίπτοντα
3515 2819 3594 2890 τῷ
3624 2837 3709 2889 κηο

2144 2910 2406 2985 ρύγματι.
2438 2910 2616 2967 Τοῦτο
2634 2906 2751 2977 οὖν,
2779 2909 2961 2979 ἐδόθη
2985 2929 3089 2981 μοι
3119 2912 3387 2980 σκόλοψ,
3419 2911 3606 2982 φησιν,
3627 2912 3712 2964 ἵνα

2136 3022 2212 3074 με
2241 3001 2540 3075 κολαφίζῃ
2560 3020 2576 3037 ·
2603 3003 2706 3077 οὐχ
2732 3005 2811 3068 ὡς
2833 3003 2933 3058 τοῦ
2957 3003 3095 3058 Θεοῦ
3124 3003 3253 3068 τοὺς
3277 3003 3564 3070 τοιούτους
3590 3004 3711 3058 ὁπλί-

455 3102 514 3146 ut
551 3109 630 3146 me
659 3091 988 3163 colaphizet,
1022 3109 1132 3148 non
1165 3094 1330 3164 quasi
1368 3094 1509 3151 Deus
1542 3096 1815 3165 ejusmodi
1858 3097 2036 3152 homi-

2161 3099 2363 3162 ζοντοςο
2407 3097 2483 3169 μὴ
2514 3096 2763 3165 γένοιτοο
2807 3096 2930 3152 οὐδὲ
2980 3094 3328 3162 κολάζοντος,
3379 3096 3513 3150 οὐδὲ
3557 3112 3710 3166 τιμω-

457 3202 556 3245 nes
579 3195 815 3242 armaret
836 3187 1013 3258 (absit
1040 3188 1186 3242 enim
1214 3188 1359 3244 istud
1381 3191 1422 3256 ),
1449 3189 1533 3244 vel
1557 3191 1615 3244 in
1645 3190 1823 3260 ipsum
1855 3191 2036 3247 anim-

2161 3189 2409 3259 ωυμένου
2461 3189 2622 3254 τέως.
2656 3189 2793 3244 ἀλλά
2843 3188 3280 3261 συγχωροῦντος,
3324 3189 3429 3244 καὶ
3477 3189 3714 3258 ἀφιέντος

459 3278 793 3334 advertendo
851 3281 1164 3350 plecteret:
1210 3281 1306 3337 sed
1358 3283 1488 3353 quia
1535 3282 1607 3337 ita
1654 3284 1770 3338 ﬁeri
1814 3287 2034 3355 permit.

460 3374 609 3428 lebat
631 3416 644 3434 .
682 3375 949 3430 ultionem
979 3375 1282 3444 rejicieudo
1313 3378 1364 3432 in
1397 3378 1540 3432 diem
1569 3378 1791 3448 judicii.

537 3463 701 3520 Vrsas.
745 3465 798 3520 8.
834 3483 852 3517 ι
892 3464 1123 3537 Propter
1155 3467 1300 3537 quod
1344 3476 1425 3523 ter
1465 3466 1759 3524 Dominum
1811 3469 1994 3540 rogavi
2021 3511 2037 3536 ,

463 3567 521 3612 ut
551 3558 862 3614 discederet
893 3575 922 3613 a
954 3574 1064 3616 me.
1096 3577 1114 3611 ι

533 3649 697 3723 Atqui
724 3665 936 3720 magna:
956 3650 1059 3706 hoc
1082 3650 1442 3708 demissionis
1461 3651 1630 3708 animi
1657 3664 2039 3723 argumentum

462 3749 581 3804 est,
620 3739 766 3810 quod
795 3753 896 3794 nec
923 3739 1222 3797 celaverat.

538 3833 694 3906 153
723 3832 894 3890 Vsus.
931 3833 988 3889 9.
1021 3851 1039 3886 ι
1074 3832 1140 3887 Ει
1169 3832 1305 3886 dixit
1334 3832 1469 3886 mihi
1504 3849 1518 3888 :
1565 3829 1773 3887 Suﬂieit
1801 3831 1897 3886 tibi
1919 3846 2044 3905 gra-

465 3930 542 3982 tia
571 3943 710 3982 mea.
753 3944 772 3978 ι

533 4017 828 4086 Nimirum,
870 4017 1014 4089 quod
1050 4024 1299 4072 mortuos
1331 4016 1572 4072 suscitas
1594 4057 1609 4082 ,
1638 4031 1814 4073 οπεος
1855 4032 2042 4084 curas,

462 4120 520 4168 et
548 4111 650 4166 alia
677 4126 1023 4182 quacunque
1054 4108 1303 4182 prodigia
1339 4106 1498 4162 facis.

541 4220 560 4254 ι
598 4199 732 4255 Nam
771 4201 948 4256 virtus
970 4215 1088 4254 mea
1123 4201 1179 4255 in
1214 4199 1537 4255 infirmitate
1565 4199 1870 4269 perﬁcitur.
1916 4219 1936 4252 ε

535 4293 672 4351 Cum
697 4293 1055 4362 abigerentur
1078 4293 1626 4364 cxagitarenturque,
1656 4299 1891 4348 cunctos
1924 4291 2047 4347 vin-

464 4385 680 4446 Cebant.

545 4498 566 4534 ι
630 4479 893 4536 Libenter
956 4480 1124 4549 igitur
1184 4480 1468 4552 gloriabor
1522 4480 1574 4535 in
1632 4478 2039 4536 inﬁrmitatibus

2229 4497 2247 4528 ι
2291 4476 2521 4530 Ἥδιστα
2556 4473 2650 4531 οῦν
2685 4473 2886 4547 μᾶλλον
2919 4472 3268 4544 καυχήσομαι
3308 4470 3368 4525 ὲν
3416 4471 3539 4536 ταῖς
3575 4466 3714 4523 ἀσθε-
3812 4521 3813 4525 η

468 4576 629 4638 meis,
670 4582 726 4627 ut
759 4573 1028 4629 inhabitet
1062 4574 1114 4627 in
1146 4589 1229 4630 me
1265 4574 1443 4628 virtus
1477 4573 1706 4630 Christi.
1747 4593 1765 4626 ι

540 4753 618 4810 Ne
646 4755 1006 4811 conciderent
1055 4757 1259 4822 animo,
1313 4772 1437 4812 cum
1475 4759 1714 4830 apostoli
1751 4760 2048 4819 mendaces

468 4849 539 4904 ob
575 4865 663 4904 res
698 4850 1010 4904 contrarias
1055 4849 1448 4919 gloriarentur,
1481 4851 1582 4923 ipsi
1617 4868 1745 4908 vero
1774 4854 1826 4907 in
1860 4869 2049 4923 perse-

471 4940 793 4995 cutionibus
829 4953 1088 5012 agerent;
1133 4943 1369 4997 eatendit
1403 4942 1549 5012 ipsos
1581 4960 1675 5012 per
1712 4961 1806 5000 eas
1833 4945 2041 5000 clario-

473 5047 564 5089 res
597 5048 886 5088 CVaSUTOS.

561 5123 732 5182 Vnus.
762 5127 850 5182 l0.
885 5146 901 5179 ι
945 5123 1175 5197 Propter
1203 5128 1349 5198 quod
1399 5127 1590 5199 placeo
1635 5130 1767 5184 mihi
1807 5129 1860 5187 in
1898 5130 2049 5185 inﬁr-

480 5219 766 5278 mitatibus
818 5219 979 5284 meis,
1033 5221 1090 5275 in
1145 5221 1519 5286 contumeliis,
1586 5223 1642 5278 in
1705 5222 2050 5278 necessitati-

479 5311 603 5383 bus,
635 5313 690 5370 in
714 5315 1218 5386 persecutionibus,
1245 5315 1301 5372 in
1333 5317 1606 5387 angustiis
1643 5333 1742 5388 pro
1770 5317 2046 5374 Christo»

2140 3282 2198 3333 ἐν
2229 3281 2409 3354 ἡμέρᾳ
2439 3281 2695 3354 κρίσεως.

2219 3479 2238 3512 ι
2293 3461 2469 3532 ’Υπὲρ
2497 3461 2685 3516 τούτου
2715 3462 2838 3535 τρὶς
2873 3457 2970 3516 τὸν
2997 3461 3204 3533 Κύριον
3236 3460 3618 3532 παρεκάλεσα,
3642 3458 3712 3511 ius

2143 3555 2352 3622 ἀποστῇ
2379 3553 2474 3606 ἀπ’
2505 3553 2663 3624 ἐμοῦ.
2708 3573 2727 3607 ι

2215 3646 2328 3700 Καὶ
2398 3646 2557 3700 τοῦτο
2630 3646 2833 3720 πολλῆς
2913 3643 3471 3718 ταπεινοφροσύνης,
3526 3644 3587 3698 τὸ
3648 3639 3710 3711 μὴ

2144 3737 2372 3811 κρύψαι.

2222 3851 2241 3885 ι
2275 3832 2384 3886 Καὶ
2423 3832 2612 3905 εἴρηκέ
2645 3848 2738 3903 μοι
2759 3846 2775 3864 ο
2822 3831 3008 3903 Ἀρκεῖ
3037 3845 3119 3883 σοι
3149 3829 3181 3901 ἠ
3210 3828 3372 3900 χάρις
3408 3845 3535 3900 μου.
3569 3845 3590 3879 ι

2221 4011 2535 4074 Τουτέστιν,
2575 4012 2657 4066 ὅτι
2678 4011 2928 4082 Νεκροὺς
2954 4008 3215 4081 ὲγείρεις,
3248 4006 3345 4061 καὶ
3369 4004 3609 4076 τυφλοὺς
3637 4003 3710 4056 Os-

2151 4105 2433 4178 ραπεύεις,
2469 4105 2568 4159 καλ⁵
2600 4103 2667 4158 τά
2692 4103 2828 4157 ἀλλα
2852 4101 2964 4155 τῶν
2996 4100 3244 4172 σημείων
3277 4101 3482 4163 ποιεῖς.

2225 4217 2245 4250 ι
2297 4196 2360 4251 Ἢ
2383 4195 2493 4266 γὰρ
2518 4194 2749 4266 δύναμίς
2805 4209 2910 4266 μου
2952 4194 3011 4247 ὲν
3047 4190 3306 4262 ἀσθενείᾳ
3341 4188 3658 4244 τελειοῦται.
3691 4208 3707 4237 ι

2230 4289 2611 4362 Ἐλαυνόμενοι
2644 4288 2775 4360 γὰρ,
2833 4287 2929 4342 καὶ
2965 4285 3312 4355 διωκόμενοι,
3367 4284 3590 4340 πάντων
3623 4296 3704 4334 πε-

2153 4383 2475 4457 ριεγένοντο.

2153 4571 2326 4635 νείαις
2353 4587 2477 4642 μου,
2518 4569 2608 4623 ῖνα
2658 4565 3020 4643 ἐπισκηνώσῃ
3051 4565 3137 4620 ἀπ’
3179 4563 3283 4636 εμὲ
3311 4565 3345 4637 ή
3373 4563 3606 4634 δύναμις
3630 4557 3710 4614 τοῦ

2155 4665 2413 4738 Χριστοῦ.
2456 4683 2475 4716 ι

2227 4759 2344 4813 Ἵνα
2386 4758 2460 4831 μὴ
2485 4756 2863 4821 καταπέσωσι,
2888 4753 2999 4807 τῶν
3027 4750 3490 4824 ψευδαποστόλων
3512 4747 3600 4802 ἐπὶ
3620 4745 3712 4807 τοῖς

2156 4852 2422 4915 ἐναντίοις
2465 4847 2863 4920 καυχωμένων.
2907 4845 3000 4900 καὶ
3032 4844 3204 4899 ὅντων
3241 4843 3454 4897 τούτων
3483 4843 3540 4894 ἐν
3570 4839 3709 4903 διωγ·

2160 4951 2301 5020 μοῖς,
2357 4946 2632 4998 δείκνυσιν
2682 4942 2764 4995 ὅτι
2807 4939 2899 4994 διὰ
2954 4937 3163 4992 τούτων
3223 4935 3597 5007 λαμπρότεροι
3645 4927 3707 4996 γί-

2157 5058 2357 5093 νονται.

2234 5151 2254 5184 ι
2291 5129 2380 5184 Διὸ
2404 5127 2608 5184 εὐδοκῶ
2643 5128 2700 5181 ὲν
2721 5123 3050 5191 ἀσθενείαις,
3104 5124 3163 5176 ἐν
3196 5120 3445 5190 ὕϐρεσιν,
3477 5117 3535 5171 ἒν
3571 5113 3709 5176 ἀνάγ·

2159 5242 2304 5290 καις,
2328 5225 2386 5280 ὲν
2420 5223 2702 5294 διωγμοῖς,
2727 5221 2786 5274 ὲν
2820 5216 3210 5289 στενοχωρίαις
3237 5213 3378 5286 ὑπὲρ
3425 5203 3702 5281 Χριστοῦ.ι

1771 5447 2007 5505 VARUE
2048 5447 2456 5506 LELTIONES.

555 5599 578 5631 ι
608 5591 730 5646 οὐκ
758 5584 836 5661 ἦν
862 5589 1076 5645 Σατὰν.
1109 5588 1228 5644 Lib.
1261 5587 1350 5654 lli,
1383 5589 1515 5662 Reg.
1544 5607 1666 5662 cap.
1699 5609 1751 5653 ν,
1796 5591 1847 5644 in
1884 5589 2110 5645 Hebrzro
2161 5606 2260 5644 vox
2314 5588 2444 5678 psit?
2472 5589 2640 5644 Salan
2672 5589 2866 5659 legitur
2894 5607 2906 5642 :
2936 5587 3082 5642 unde
3122 5585 3486 5678 Hieronymus
3514 5581 3561 5634 in
3595 5572 3698 5678 Vul-

485 5690 610 5752 gata
650 5681 854 5752 posuit,
890 5698 992 5735 non
1023 5692 1101 5736 est
1128 5679 1320 5744 Suum,
1352 5681 1405 5736 in
1437 5679 1623 5736 Clmca
1653 5699 1781 5736 vero
1813 5680 1950 5736 LXX
1981 5668 2339 5752 interpretum
2384 5681 2765 5752 translatione,
2794 5679 3098 5737 secundum
3127 5676 3355 5752 codices
3385 5688 3583 5752 omnes.
3611 5668 3693 5752 53i-

484 5742 593 5809 t'em
631 5742 950 5816 liodiernos,
1005 5753 1237 5807 habetur
1266 5742 1374 5822 οὐκ
1404 5755 1551 5806 ἐστὶν
1578 5753 1877 5817 ἐπίϐουλος,
1914 5769 2010 5807 nec
2039 5742 2270 5822 usquam
2302 5749 2522 5807 Hebraea
2560 5742 2662 5808 'vox
2686 5742 3014 5808 inconversa
3043 5760 3286 5820 apparet.
3317 5745 3472 5802 Unde
3493 5742 3693 5812 Chryso-

485 5841 700 5884 Itomus
754 5827 917 5884 verba
960 5825 1071 5880 bzne
1095 5839 1215 5896 quae
1263 5821 1460 5883 Noster
1506 5826 1699 5882 recitat
1740 5830 2031 5898 acceperit,
2072 5821 2178 5880 non
2223 5823 2414 5895 liquet.
