3940 6264
241 331 328 392 763
1345 327 1425 388 IN
1457 324 1699 387 EPIST.
1742 323 1842 384 AD
1875 321 2239 383 COiilNTH.
2284 324 2366 385 ΙΙ.

3361 318 3468 383 770

306 440 407 493 ’ίνα
442 440 513 512 μή
550 458 635 506 τις
672 421 870 517 νομίσῃ
919 441 1237 514 σωματικὴν
1268 438 1559 493 ἀσθένειαν
1607 435 1787 505 λέγειν

1960 432 2039 490 Ne
2068 437 2196 505 quis
2232 435 2599 490 arbitraretur
2624 449 2750 490 eum
2786 434 2937 506 loqui
2980 434 3047 489 de
3071 434 3351 505 corporali
3379 434 3465 490 in-

242 530 398 594 αὐτὸν,
429 532 523 587 καὶ
549 533 672 589 κατ’
698 532 839 599 εἶδος
877 535 976 606 τὴν
1017 532 1305 589 ἀσθένειαν
1334 531 1657 601 διηγήσατο,
1692 527 1786 581 λέ-

241 641 334 692 γων
362 640 375 655 ’
418 624 511 678 ἐν
538 626 806 698 ὕϐρεσιν,
844 627 914 682 ἐν
940 624 1240 696 διωγμοῖς,
1275 625 1345 678 ἐν
1370 622 1681 693 ἀνάγκαις,
1719 619 1790 673 ἐν

235 718 650 788 στενοχωρίαις.
701 715 856 783 Εῐδες
908 720 1056 783 ὅπως
1087 716 1249 771 αὐτὸν
1279 714 1373 769 νῦν
1406 711 1784 780 ἀπεκάλυψεν,

230 811 281 866 δν
305 807 444 864 εἶπεν
470 811 582 866 ἄνω
611 812 876 875 Σατανᾶν,
907 812 1000 865 καὶ
1038 809 1161 879 οὺχὶ
1203 808 1389 878 ἄλγος,
1427 804 1503 870 ὣς
1539 819 1704 874 φασιν
1735 802 1785 855 oi

230 903 518 976 ληροῦντες,
550 904 682 976 περὶ
708 904 807 975 τὴν
839 902 1082 975 κεφαλὴν
1116 896 1286 973 εἶχεν.

296 1099 315 1135 ι
348 1082 509 1137 Ὅταν
540 1083 647 1155 γὰρ
675 1082 910 1146 ἀσθενῶ,
950 1082 1072 1136 τότε
1102 1082 1327 1145 δυνατός
1359 1081 1493 1151 είμι.
1534 1097 1554 1131 ι

292 1173 450 1228 Ἔνθα
477 1174 675 1244 θλίψις,
707 1176 823 1229 ὶκεῑ
854 1174 949 1229 καὶ
981 1174 1349 1246 παράκλησις.
1380 1172 1491 1226 Καὶ
1519 1170 1650 1225 ἔνθα
1680 1187 1787 1224 πα-

228 1266 490 1337 ράκλησις.
523 1268 639 1321 ὲκεὶ
669 1268 763 1322 καὶ
805 1266 986 1339 χάρις.
1022 1268 1154 1321 Ὅτε
1184 1266 1315 1334 γοῦν
1348 1265 1430 1326 είς
1458 1262 1519 1315 τὸ
1572 1262 1787 1332 δεσμω-

225 1359 396 1429 τήριον
423 1357 607 1423 imae,
644 1359 771 1413 τότε
812 1356 1104 1431 θαυμαστά
1133 1358 1392 1427 ἐποίησεν
1420 1355 1626 1409 ἐκεῖνα.
1658 1352 1787 1406 Ὅτε

225 1446 567 1518 ἐναυάγησεν,
597 1450 691 1503 καὶ
720 1450 799 1513 είς
833 1448 932 1520 τὴν
964 1445 1240 1520 βάρϐαρον
1273 1443 1540 1515 ἐξηνέχθη
1568 1441 1778 1513 χώραν,

223 1541 333 1596 τότε
381 1544 615 1613 μάλιστα
676 1542 960 1614 ἐδοξάσθη.
993 1542 1124 1595 Ὅτε
1174 1542 1252 1608 είς
1301 1538 1361 1592 τὸ
1416 1538 1789 1610 δεσμωτήριον

224 1634 445 1706 ιίσῆλθε,
473 1634 596 1689 τότε
618 1634 713 1690 καὶ
745 1634 841 1689 τοῦ
876 1631 1132 1689 δικαστοῦ
1170 1632 1540 1703 περιεγένετο.

1890 526 2172 593 firmitate,
2208 526 2527 599 singulatim
2575 526 2912 582 inﬁrmitatis
2944 541 3142 598 genera
3172 527 3468 591 enarravit,

1887 616 2123 671 dicendo
2165 637 2178 670 :
2224 614 2291 671 In
2341 616 2719 682 contumeliis,
2785 618 2839 671 in
2891 617 3366 686 persecutionibua,
3412 616 3468 671 in

1888 707 2314 773 necessitatibus,
2372 708 2426 762 in
2475 708 2765 777 angustiis.
2804 706 2972 766 Vides
3006 709 3284 780 quomodo
3324 722 3471 763 nunc

1886 816 2009 856 eum
2052 804 2267 873 retegit,
2300 816 2463 873 quem
2496 810 2658 858 antea
2687 801 2951 858 Satanam
2983 805 3232 871 vocabat,
3265 818 3329 858 ac
3362 817 3468 859 non

1885 893 2132 949 dolorem
2176 892 2350 949 fuisse
2389 894 2588 965 capitis
2619 910 2732 966 quo
2767 902 3083 963 vexaretur,
3128 896 3208 949 uti
3242 893 3469 967 quidam

1886 985 2144 1058 nugando
2175 995 2423 1042 narrant.

1960 1100 1980 1131 ι
2016 1078 2153 1135 Cum
2195 1080 2341 1136 enim
2375 1079 2649 1146 infirmor,
2683 1085 2818 1134 tunc
2852 1089 3054 1151 potens
3082 1094 3228 1135 sum.
3266 1096 3286 1129 ι

1955 1170 2091 1226 Nam
2124 1171 2215 1227 ubi
2257 1172 2487 1227 obvenit
2522 1170 2771 1235 afﬂictio,
2813 1167 2971 1227 adest
3020 1179 3075 1226 et
3116 1171 3427 1227 consolatio
3455 1214 3469 1227 .

1885 1271 1942 1317 et
1982 1263 2072 1318 ubi
2097 1266 2437 1331 consolatio,
2479 1264 2598 1319 illic
2620 1272 2671 1319 et
2714 1264 2916 1335 gratia.
2946 1262 3180 1329 Quando
3216 1264 3381 1335 igitur
3416 1265 3472 1320 in

1887 1368 2163 1411 carcerem
2189 1355 2482 1426 coniectus
2512 1363 2627 1419 est,
2663 1362 2800 1409 tunc
2831 1354 3182 1410 admirabilia
3215 1354 3306 1408 illa
3343 1370 3469 1426 ges-

1889 1444 1982 1500 sit.
2017 1445 2251 1513 Quando
2307 1446 2657 1518 naufragium
2709 1444 2860 1512 fecit,
2910 1456 2967 1501 et
3017 1447 3072 1502 in
3130 1447 3472 1504 barbaricam

1888 1540 2166 1609 regionem
2203 1538 2532 1610 deportatus
2573 1549 2677 1606 est,
2714 1547 2847 1595 tunc
2882 1539 3261 1610 maximopere
3298 1542 3467 1596 inda»

1892 1632 2023 1686 ruit.
2059 1632 2292 1696 Quando
2326 1646 2611 1689 carcerem
2660 1632 2911 1700 intravit,
2940 1640 3074 1688 tunc
3127 1642 3183 1688 et
3226 1631 3475 1704 iudicem

1894 1723 2174 1791 superavit
2206 1722 2271 1777 ".

291 1830 308 1863 ι
344 1812 548 1880 Γέγονα
578 1810 766 1882 ἄφρων
799 1808 1179 1882 καυχώμενος,
1233 1808 1395 1879 ὑμεῖς
1425 1825 1493 1880 με
1545 1806 1787 1879 ἠναγκά-

1967 1789 2133 1871 Vens.
2167 1813 2349 1891 11-15.
2389 1833 2407 1867 ι
2450 1813 2653 1887 Fartus
2684 1830 2806 1871 sum
2840 1815 3110 1885 insipiens
3154 1816 3472 1887 gloriando,

218 1923 358 1960 ησατε.
403 1904 546 1975 Ἐγὼ
566 1905 677 1978 γὰρ
707 1904 938 1976 ὤφειλον
965 1906 1057 1973 ὑφ’
1088 1904 1243 1974 ὑμῶν
1268 1902 1644 1959 συνίστασθαι.
1679 1903 1787 1957 Οὑ-

217 2002 296 2057 δὲν
325 2003 432 2073 γὰρ
453 2002 730 2074 ὑστέρησα
762 1999 871 2055 τῶν
901 2000 1041 2072 ὑπὲρ
1070 2000 1190 2053 λίαν
1231 1998 1565 2064 ἀποστόλων,
1600 1999 1649 2050 εί
1694 1996 1789 2052 καὶ

218 2093 359 2148 οὐδέν
399 2095 517 2164 είμι
543 2111 559 2125 ο
603 2094 672 2147 τὰ
706 2091 889 2165 μέντοι
924 2094 1128 2164 σημεῖα
1156 2089 1250 2145 τοῦ
1297 2088 1622 2143 Ἀποστόλου
1654 2107 1790 2143 κατ-

217 2186 472 2257 ειργάσθη
525 2188 584 2241 ὲν
624 2186 775 2257 ὑμῖν,
820 2186 880 2239 ἔν
919 2184 1068 2256 πάσῃ
1117 2182 1387 2253 ὑπομονῇ,
1419 2181 1665 2252 σημείοις
1702 2198 1785 2247 τε,

216 2279 304 2333 καὶ
332 2279 548 2355 τέρασι,
570 2278 664 2332 καὶ
697 2277 984 2349 δυνάμεσι.
1026 2274 1093 2330 Τί
1122 2275 1234 2346 γάρ
1267 2276 1417 2327 ἐστιν
1444 2273 1473 2328 ὃ
1514 2275 1788 2344 ἡττήθητε

218 2368 349 2440 ὑπὲρ
376 2370 477 2435 τὰς
503 2369 698 2432 λοιπὰς
723 2366 1040 2440 ἐκκλησίας,
1068 2367 1118 2420 εί
1147 2364 1222 2437 μὴ
1250 2366 1333 2419 δτι
1385 2355 1546 2428 αὐτὸς
1584 2365 1697 2433 ἐγὼ
1723 2365 1785 2419 οὐ

216 2460 597 2534 κατενάρκησα
618 2459 772 2531 ὑμῶν
792 2479 808 2529 ;
846 2479 865 2513 ι
1178 2460 1187 2469 “

279 2550 700 2622 Καυχώμενος.
719 2550 1053 2623 ’Δπαρτίσας
1076 2552 1132 2606 δὲ
1161 2553 1254 2607 τὸν
1286 2552 1544 2627 περὶτῶν
1571 2551 1788 2606 οἰκείων

214 2640 501 2712 ἐγκωμίων
536 2641 718 2711 λόγον,
746 2640 848 2696 οὐκ
879 2640 1009 2714 ιστη
1046 2642 1207 2714 μέχρι
1240 2643 1431 2698 τούτου
1466 2642 1603 2697 ἀλλά
1652 2644 1791 2696 ἀπο-

215 2732 445 2803 λογεῖται
473 2735 663 2800 πάλιν.
695 2735 789 2790 καὶ
812 2734 1142 2809 συγγνώμην
1179 2736 1319 2811 ὑπὲρ
1344 2737 1453 2792 τῶν
1482 2737 1791 2808 εἰρημένων

214 2828 371 2882 alter.
410 2827 619 2899 ’Υμεῖς
649 2827 781 2899 γὰρ,
814 2828 998 2898 φησὶν,
1031 2827 1438 2898 ἠναγκάσατε.
1474 2828 1534 2881 Ei
1561 2827 1661 2899 μὲν
1682 2827 1789 2900 γὰρ

216 2918 563 2991 καυχώμενος
603 2922 651 2987 ⁸,
682 2920 778 2974 καὶ
833 2922 1029 2974 ἐκεῖνοι
1076 2920 1153 2992 μη
1211 2920 1351 2988 μετά
1380 2920 1479 2990 τῆς
1513 2919 1791 2991 ὑμετέρας

215 3009 365 3065 τοῦτο
408 3013 637 3067 ἐποίουν
695 3013 892 3066 ἑκείνοι
932 3011 1161 3083 πλάνης,
1191 3014 1293 3067 οὐκ
1332 3012 1398 3068 ἂν
1433 3012 1607 3076 οὕτως
1654 3030 1793 3086 προσ

219 3103 388 3177 ἠχθην
421 3108 506 3171 είς
535 3104 760 3171 τούτους
795 3105 1028 3177 ὲμαυτδν
1059 3107 1288 3175 ἀγαγεῖν
1316 3107 1524 3177 λόγους.
1570 3106 1790 3179 Ἐπειδὴ
1818 3153 1863 3213 c

215 3194 267 3250 δι
292 3196 594 3271 ὁλόκληρον
622 3198 951 3269 Ἐκκλησίαν
975 3198 1301 3271 διέφθειρον,
1324 3200 1405 3264 εἰς
1423 3200 1483 3254 τὸ
1510 3201 1791 3273 συμφέρον

217 3288 339 3359 ego
363 3291 535 3363 δρῶν,
576 3290 932 3363 ἠναγκάσθην
961 3290 1156 3364 ἄφρων
1187 3292 1463 3360 γενέσθαι.

284 3400 304 3433 ι
347 3382 671 3456 Χαρίσασθέ
700 3401 791 3455 μοι
820 3384 919 3455 τὴν
945 3384 1159 3439 ἀδικίαν
1187 3386 1413 3457 ταύτην.
1454 3387 1586 3442 Ἰδοὺ
1610 3388 1792 3459 τρίτον

216 3470 367 3525 τοῦτο
398 3474 642 3546 ἑτοίμως
674 3474 783 3547 ἔχω
808 3474 983 3529 ἐλθεῖν
1006 3474 1143 3547 πρὸς
1187 3476 1353 3547 ὑμᾶς,
1402 3477 1496 3531 καὶ
1526 3478 1586 3531 οὐ
1626 3494 1793 3533 κατα-

216 3566 471 3636 ναρκήσω
487 3564 656 3638 ὑμῶν.
680 3566 753 3620 Οὔ
776 3568 879 3637 γὰρ
897 3563 1036 3639 ζητῶ
1053 3566 1115 3621 τὰ
1139 3565 1460 3636 ὐμῶν,ἀλλά
1488 3567 1634 3640 ὑμᾶς
1666 3584 1682 3600 ’
1730 3568 1792 3622 οὐ

217 3655 316 3728 γὰρ
341 3656 557 3729 ὀφείλει
586 3657 657 3712 τά
680 3657 850 3712 τέκνα
886 3660 997 3723 τοῖς
1031 3658 1249 3728 γονεῦσι
1272 3658 1645 3730 θησαυρίζειν,
1677 3660 1794 3714 ἀλλ’

215 3748 261 3801 el
300 3754 479 3819 γονεῖς
511 3752 630 3814 τοῖς
663 3750 896 3815 τέκνοις.
946 3749 1087 3819 Ἐγὼ
1139 3750 1197 3805 δὲ
1245 3750 1439 3822 ἣδιστα
1476 3750 1791 3823 δαπανήσω,

216 3844 301 3894 καὶ
319 3842 680 3915 ὲκδαπανηθή
691 3860 850 3911 σομαι
876 3843 1017 3914 ὑπὲρ
1042 3843 1147 3896 τῶν
1166 3842 1354 3913 ψυχῶν
1390 3842 1566 3912 ὑμῶν,
1611 3845 1659 3895 εἰ
1700 3844 1795 3898 καὶ

216 3933 624 4005 τιερισσστέρως
658 3932 801 4004 ὑμᾶς
835 3933 1085 4002 ἀγαπῶν,
1110 3928 1276 4006 ἦττον
1304 3932 1628 4003 ἀγαπῶμαι.
1663 3952 1683 3985 ι

288 4108 609 4181 Ἐγκώμιον
634 4110 862 4164 ἐκείνων
889 4111 1129 4184 τίθησιν,
1157 4110 1213 4165 εί
1239 4128 1301 4182 γε
1346 4113 1563 4167 ἀδικίαν
1586 4112 1795 4167 οἰκείαν

211 4191 346 4253 εἶναι
371 4201 685 4275 νομίζουσι,
705 4204 766 4256 τὸ
796 4204 872 4275 μὴ
897 4203 1297 4269 καταδέξασθαι
1330 4203 1423 4257 τὸν
1466 4203 1795 4257 ’Δπόστολον

212 4287 391 4345 λαὸιίν
424 4309 480 4346 τι
523 4292 659 4365 παρ’
706 4293 909 4361 αὐτῶν,
940 4294 1077 4367 μηδὲ
1118 4296 1483 4368 ἀναηεθῆναι
1517 4298 1794 4368 τραφῆναι

212 4380 441 4441 ἐκεῖθεν.

1896 1922 1993 1963 vos
2031 1923 2116 1962 me
2161 1908 2443 1979 coegistis.
2480 1907 2596 1980 Ego
2630 1909 2775 1965 enim
2824 1923 2855 1961 a
2901 1909 3055 1964 vobis
3101 1908 3267 1965 debui
3320 1926 3475 1966 com-

1897 1997 2166 2052 mendari.
2193 1995 2340 2051 Nihil
2370 1996 2517 2052 enim
2562 1995 2745 2051 minus
2777 1995 2850 2050 fui
2885 1998 2953 2049 ab
2982 1995 3076 2061 iis,
3104 1996 3196 2065 qui
3230 2008 3358 2051 sunt
3382 2013 3478 2051 su-

1895 2104 1991 2160 pra
2024 2086 2246 2143 modum
2278 2087 2519 2158 apostoli
2553 2103 2567 2141 :
2603 2087 2822 2142 tametsi
2855 2086 2992 2141 nihil
3013 2102 3158 2142 sum.
3190 2088 3357 2158 Signa
3392 2098 3473 2143 ta-

1894 2195 2018 2236 nien
2052 2180 2291 2252 apostoli
2324 2178 2469 2237 facta
2502 2186 2636 2236 sunt
2668 2179 2721 2235 in
2766 2179 2925 2235 vobis
2950 2221 2965 2247 ,
2998 2179 3051 2234 in
3084 2180 3235 2236 omni
3264 2180 3479 2251 patien-

1896 2273 1989 2339 tia,
2033 2273 2339 2345 signisque,
2395 2280 2455 2329 et
2513 2271 2786 2344 prodigiis
2842 2281 2897 2327 et
2954 2272 3278 2329 virtutibus.
3331 2271 3474 2339 Quid

1894 2368 2038 2422 enim
2107 2374 2236 2433 est,
2296 2367 2443 2438 quod
2498 2365 2682 2423 minus
2739 2364 3050 2431 habuistis,
3103 2381 3215 2438 pra:
3260 2365 3475 2425 caeteris

1894 2458 2177 2526 Ecclesiis,
2209 2458 2316 2515 nisi
2349 2459 2497 2531 quod
2529 2460 2652 2530 ipse
2690 2472 2799 2514 non
2838 2458 3059 2528 gravavi
3093 2459 3234 2514 vos?
3274 2477 3295 2512 ι

1967 2549 2284 2615 Cloriando,
2318 2550 2516 2621 inquit.
2551 2549 2829 2607 Absoluta
2860 2559 3057 2605 autem.
3082 2552 3150 2605 de
3181 2551 3299 2605 suis
3353 2550 3477 2604 lau-

1896 2643 2060 2700 dibus
2106 2658 2386 2707 sermone,
2437 2647 2549 2699 nun
2598 2644 2870 2699 hactenus
2905 2642 3079 2703 stetit.
3112 2641 3206 2697 sed
3253 2657 3475 2696 rursum

1900 2735 2343 2793 satisfactionem
2388 2734 2591 2803 oﬂert,
2624 2744 2679 2791 et
2711 2736 2928 2791 veniam
2978 2736 3251 2791 dictorum
3297 2742 3473 2806 rogat.

1910 2829 2011 2885 Vos
2042 2830 2206 2896 enim,
2236 2831 2335 2896 ait,
2370 2846 2452 2885 me
2499 2828 2771 2899 coegistia.
2806 2827 2923 2885 Nisi
2959 2829 3106 2884 enim
3141 2828 3221 2883 illi
3257 2843 3480 2899 quoque

1897 2922 2275 2979 ostentatione
2306 2937 2409 2979 sua
2436 2922 2493 2977 in
2512 2935 2760 2979 errorem
2791 2936 2889 2977 vos
2914 2921 3300 2987 adduxissent,
3334 2935 3481 2974 nun-

1897 3025 2064 3088 quam
2103 3014 2476 3082 admisissem,
2512 3021 2574 3070 ut
2602 3014 2671 3071 de
2719 3028 2805 3069 me
2843 3028 3159 3070 sermonem
3190 3012 3479 3070 inferrem.

1898 3106 2104 3165 Verum
2175 3108 2306 3180 quia
2355 3108 2625 3180 integram
2686 3106 2992 3163 Ecclesiam
3049 3107 3478 3174 labefactarunt,

1893 3209 2126 3265 coactus
2186 3216 2310 3257 sum
2373 3200 2492 3256 fieri
2546 3199 2837 3274 insipiens,
2899 3209 2959 3255 ut
3013 3199 3236 3255 utilitati
3280 3208 3482 3255 vestra:

1893 3292 2269 3350 consulerem.

1972 3406 1991 3439 ι
2034 3386 2244 3443 Donate
2294 3385 2428 3442 mihi
2466 3385 2609 3441 hanc
2646 3384 2945 3455 iniuriam.
2995 3381 3185 3457 [νεεδ.
3227 3384 3312 3450 Η,
3364 3382 3481 3459 l5.]

1895 3480 2037 3537 Ecce
2084 3479 2254 3535 tertio
2288 3478 2393 3535 hoc
2435 3486 2663 3550 paratus
2718 3492 2840 3533 sum
2891 3478 3080 3533 venire
3119 3477 3187 3533 ad
3238 3493 3372 3541 vos,
3423 3489 3483 3533 et

1894 3584 2005 3624 non
2040 3582 2137 3624 ero
2164 3568 2352 3635 gravis
2373 3568 2555 3626 vobis.
2588 3566 2708 3622 Non
2739 3568 2888 3623 enim
2920 3583 3109 3640 quer
3140 3584 3263 3639 qum
3294 3577 3480 3625 vestra

1894 3669 2052 3723 sunt,
2098 3657 2193 3714 sed
2234 3672 2355 3713 vos.
2392 3657 2507 3714 Nec
2555 3657 2703 3714 enim
2749 3658 2949 3715 debent
3000 3658 3097 3715 filii
3155 3661 3481 3729 parentibus

1896 3750 2295 3813 thesauriaare.
2328 3750 2423 3808 sed
2460 3758 2726 3823 parentes
2758 3750 2905 3807 filiis.
2944 3750 3056 3824 Ego
3085 3762 3269 3807 autem
3306 3753 3482 3810 liben-

1895 3842 2110 3899 tissime
2136 3841 2475 3913 impendam,
2510 3852 2560 3898 et
2596 3842 3061 3916 superimpendar
3091 3844 3205 3916 ipse
3235 3860 3336 3917 pro
3370 3850 3483 3901 ani-

1896 3931 2094 3987 mabus
2118 3933 2342 3998 vestris,
2373 3932 2501 3990 licet
2529 3933 2908 3991 abundantius
2944 3949 3041 3990 vos
3080 3934 3343 4008 diligens,
3374 3938 3479 3992 mi—

1896 4037 2004 4079 nus
2035 4020 2255 4092 diligar.
2301 4042 2323 4076 ι

1964 4114 2024 4170 ιη
2082 4114 2326 4184 ipsorum
2385 4113 2604 4171 laudem
2661 4115 2862 4173 cedere
2924 4124 3137 4187 censet,
3201 4118 3477 4189 siquidem

1897 4206 2167 4277 iniuriam
2215 4206 2543 4263 existiment
2592 4223 2773 4277 suam,
2808 4210 2958 4281 quod
2994 4213 3294 4283 Apostolus
3343 4211 3481 4266 nihil

1897 4298 1967 4356 ab
2013 4298 2151 4369 ipsis
2208 4298 2463 4371 accipere
2510 4300 2791 4366 voluerit,
2857 4316 2959 4357 nec
3030 4301 3360 4358 sustinuerit
3412 4301 3482 4356 ab

1840 4459 1844 4462 ,
1897 4392 1979 4448 eis
2003 4390 2099 4447 ali.

284 4495 303 4526 ι
340 4476 436 4541 Et;
467 4476 633 4532 τοῦτο
658 4477 716 4531 δὲ
744 4486 775 4516 ι
805 4478 918 4547 ἐγὼ
958 4478 1019 4534 οὐ
1064 4477 1421 4551 κατεϐάρησα
1460 4480 1622 4549 ὑμᾶς.
1659 4480 1790 4535 ἀλλὰ

1972 4483 2140 4540 Vens.
2194 4482 2386 4541 16-20.
2433 4501 2454 4536 ι
2504 4482 2565 4539 1η
2603 4484 2709 4540 hoc
2754 4490 2932 4539 autem
2966 4500 3071 4556 ego
3112 4500 3221 4539 non
3259 4486 3479 4555 gravavi

215 4566 476 4640 ὑπάρχων
510 4570 830 4643 πανοῦργος
858 4570 994 4641 δόλῳ
1018 4573 1165 4643 ὑμᾶς
1187 4572 1401 4629 ἔλαϐον.
1434 4576 1523 4646 Μή
1558 4592 1681 4629 τινα
1719 4569 1796 4629 ὧν

217 4658 540 4716 ἀπέσταλκα
588 4663 726 4734 πρὸς
788 4662 962 4735 ὑμᾶς,
1009 4664 1081 4719 δι’
1147 4665 1315 4721 αὑτοῦ
1389 4667 1796 4741 ἐπλεονέκτησα

219 4750 388 4821 ὑμᾶς
432 4755 798 4827 Παρεκάλεσα
856 4756 1045 4821 Τίτον,
1091 4759 1186 4812 καὶ
1242 4758 1660 4813 συναπέστα).κα
1702 4762 1798 4813 τὸν

220 4842 462 4915 ἀδελφόν.
502 4848 598 4918 Μή
638 4865 691 4901 τι
724 4848 1147 4922 ἐπλεονέκτησεν
1176 4850 1321 4920 ὑμᾶς
1373 4851 1533 4916 Τίτος
1560 4869 1573 4919 ;
1607 4853 1683 4905 Οὐ
1719 4851 1797 4922 τῷ

219 4935 361 5007 αὐτῷ
418 4940 705 5011 πνεύματι
764 4928 1286 5013 περιεπατήσαμενς
1344 4944 1403 4996 οὺ
1456 4946 1567 5007 τοῖς
1615 4944 1795 5007 αὐτοῖς

220 5026 421 5095 (pact;
452 5032 629 5087 Πάλιν
656 5032 861 5087 δοκεῖτε
892 5035 972 5087 ὃτι
1000 5035 1129 5105 ὑμῖν
1165 5034 1617 5103 ἀπολογούμεθα;
1654 5038 1795 5089 Κατ-

222 5117 393 5177 inim
423 5124 520 5178 τοῦ
551 5124 686 5180 Θεοῦ
724 5128 781 5179 ἐν
820 5127 1043 5198 Χριστῷ
1064 5127 1352 5198 λαλοῦμεν.
1382 5127 1465 5180 Τὰ
1501 5127 1556 5181 δὲ
1591 5129 1791 5192 πάντα,

221 5213 514 5291 ἀγαπητοὶ,
560 5220 699 5293 ὑπὲρ
728 5220 827 5293 τῆς
854 5221 1007 5294 ὑμῶν
1032 5223 1344 5292 οἰκοδομῆςο
1380 5222 1654 5294 Φθδοῧμαι
1685 5226 1794 5293 γάρ

292 5402 331 5431 ⁸⁷
378 5406 503 5462 Act.
534 5404 774 5471 animi
815 5422 939 5475 sqq.

1901 4591 2037 4633 vos:
2071 4576 2166 4632 sed
2208 4574 2367 4648 154
2396 4592 2520 4631 cum
2559 4592 2742 4633 essem
2778 4584 3016 4644 astutus,
3050 4575 3177 4630 dolo
3204 4592 3297 4632 vos
3334 4578 3479 4646 cepi.

1899 4668 2159 4741 Nunquid
2196 4686 2292 4739 per
2326 4670 2565 4739 aliquem
2616 4686 2810 4725 eorum
2859 4686 3001 4739 quos
3055 4670 3180 4725 misi
3231 4671 3297 4724 ad
3350 4685 3476 4734 vos,

1902 4762 2239 4817 circumveni
2268 4777 2366 4819 vos
2391 4764 2414 4816 ἲ
2441 4761 2651 4833 Rogavi
2702 4762 2907 4827 Titum,
2954 4771 3008 4818 et
3041 4764 3167 4819 misi
3217 4780 3341 4818 cum
3387 4764 3481 4818 illo

1904 4855 2148 4909 fratrem.
2201 4853 2458 4924 Nunquid
2498 4871 2599 4911 vos
2638 4855 2798 4911 Titus
2849 4855 3256 4911 circumvenit?
3296 4872 3481 4911 nonne

1902 4947 2093 5001 eodem
2123 4948 2322 5015 spiritu
2360 4948 2804 5004 ambulavinius?
2849 4947 3041 5004 Nonne
3087 4949 3282 5004 iisdem
3319 4952 3482 5003 vcsti«

1901 5038 2049 5111 giis?
2085 5038 2326 5095 Rursum
2359 5041 2574 5111 putatis
2618 5043 2765 5113 quod
2809 5058 3137 5099 excnscinns
3182 5059 3282 5097 nos
3339 5046 3481 5113 apud

1902 5132 2061 5189 vos?
2122 5134 2321 5188 Coram
2377 5133 2488 5191 Deo
2542 5133 2599 5190 in
2657 5133 2881 5191 Christo
2930 5135 3229 5206 loquimur.
3284 5131 3479 5188 Omnia

1902 5233 2106 5291 autem,
2140 5226 2479 5292 charissimi,
2516 5238 2742 5300 propter
2764 5228 3187 5285 aediﬁcationem
3216 5238 3477 5283 vestram.

1518 5566 1753 5623 ΥᾹΒΙᾸΞ
1800 5570 2207 5628 LECTIONES.

334 5718 357 5757 ⁸
394 5717 683 5792 Chrysost.
713 5720 1044 5793 ἰκαυχῶντο,
1076 5724 1211 5779 alias
1236 5723 1444 5792 legero,
1469 5720 1838 5792 καυχώμενοι.
1912 5737 1935 5765 ι
1965 5723 2137 5781 Codd.
2170 5731 2223 5780 et
2253 5724 2375 5780 libri
2418 5739 2629 5785 omnes.
2652 5724 2790 5779 ἔστω
2826 5723 2905 5781 δέ.
