3940 6264
51 68 456 179 π·-

183 347 265 418 ’181

1311 341 1393 402 IN
1439 340 1676 402 EPIST.
1713 340 1812 398 AD
1853 313 2206 398 G'ALATAS.

3285 335 3389 401 782

240 483 258 516 ι
292 459 415 515 Οὐδὲ
442 457 548 528 γὰρ
593 457 703 529 ἐγὼ
747 456 876 529 παρ’
926 453 1217 525 ἀνθρώπου
1280 449 1586 522 παρέλαϐον
1621 449 1717 502 αὑ-
1749 504 1750 512 γ

1888 446 2055 505 Vsus.
2107 445 2196 500 l2.
2233 467 2250 498 ι
2292 443 2479 518 Neque
2527 448 2670 503 enim
2699 462 2801 517 ego
2844 447 2914 501 ab
2953 447 3174 503 homine
3203 451 3388 516 accepi

181 557 242 620 τὸ.
271 554 378 609 οὐδὲ
421 552 700 626 ἐδιδάχθην
728 567 744 583 ’
803 548 945 606 ἀλλὰ
983 549 1051 604 δι’
1091 543 1490 614 ἀποκαλύψεως
1543 540 1716 612 Ἰησοῦ

1865 541 1978 608 Iud,
2038 554 2218 611 neque
2271 539 2478 609 didici;
2533 540 2628 596 sed
2679 556 2777 613 per
2831 540 3223 596 revelationem
3259 540 3388 597 .lesu

174 647 403 721 Χριστοῦ.
437 666 455 700 ι

237 745 364 814 Ὅρα
407 741 523 806 πώς
561 741 675 796 ἀνω
709 741 806 795 καὶ
863 739 1012 794 κάτω
1061 733 1459 807 διισχυρίζεται
1481 771 1495 793 ,
1525 730 1600 794 ὡς
1625 725 1719 782 τοῦ

172 835 292 890 Θεοῦ
329 835 514 905 γέγονε
574 832 844 905 μαθητὴς,
893 830 984 886 διά
1026 829 1089 884 τὸ
1119 829 1250 894 τοὺς
1309 821 1719 894 ἀναγκάζοντας

171 927 572 1000 περιτέμνεσθαι
631 925 902 994 Γαλάτας,
959 923 1140 995 λέγειν
1165 938 1178 952 ·
1207 920 1282 985 ὼς
1335 921 1533 974 ἐκεῖνοι
1557 917 1606 969 οί
1629 914 1723 969 τοῦ

173 1021 393 1094 Χριστοῦ
429 1019 713 1092 γεγονότες
762 1017 1025 1091 μαθηταὶ,
1083 1015 1292 1089 Πέτρος
1342 1012 1436 1070 καὶ
1471 1007 1725 1072 Ἰάκωϐος

170 1116 254 1168 iul
289 1115 554 1188 Ἰωάννης,
581 1111 713 1168 ἐῶσι
748 1111 848 1184 τὴν
913 1106 1238 1182 περιτομὴν.
1291 1099 1518 1167 οῦτοςδὲ
1553 1100 1728 1174 μαθη-

169 1206 265 1261 τῶν
283 1208 394 1260 ἐστι
409 1204 674 1278 μαθητὴς,
718 1204 812 1259 καὶ
841 1203 903 1257 οὺ
933 1201 1014 1256 δεῖ
1043 1199 1276 1262 ἐκείνοις
1305 1195 1505 1268 μᾶλλον
1534 1193 1568 1264 ἢ
1604 1191 1730 1247 τού-

168 1316 238 1370 τῳ
267 1299 550 1370 προσέχειν
572 1314 590 1364 ;

236 1405 256 1440 ι
299 1388 594 1444 Ἠκούσατε
623 1387 732 1459 γὰρ
780 1387 879 1459 τὴν
933 1386 1073 1458 ἐμὴν
1113 1381 1462 1454 ἀναστροφήν
1501 1394 1631 1432 ποτε
1674 1380 1733 1430 ἐν

173 1480 241 1551 τῷ
276 1479 610 1552 Ἰουδαϊσμῷ,
634 1480 717 1534 δτι
744 1478 865 1534 καθ’
889 1474 1199 1550 ὑπερϐολὴν
1227 1473 1447 1528 ἐδίωκον
1485 1471 1583 1544 τὴν
1613 1471 1732 1524 Ἑκ-

176 1573 386 1646 κλησίαν
411 1573 505 1628 τοῦ
536 1572 710 1641 Θεοῦ,
764 1574 858 1628 καὶ⁵
914 1571 1182 1643 ἐπόρθουν
1226 1569 1431 1639 αὐτὴν,
1476 1565 1570 1621 κα)⁸
1609 1580 1735 1636 προ.

175 1664 387 1719 έκοπτον
413 1666 472 1717 ἐν
496 1664 571 1736 τῷ
586 1663 906 1736 Ἰουδαϊσμῷ
933 1663 1070 1733 ὑπὲρ
1100 1659 1328 1724 πολλοὺς
1346 1655 1738 1730 συνηλικιώτας

1819 635 2046 692 Christi.
2077 653 2097 690 ι

1898 729 2029 784 Vide
2061 745 2176 800 quo
2212 741 2370 801 pacto
2404 739 2625 783 sursum
2652 725 2913 782 deorsum
2950 723 3184 779 aliirmat
3213 724 3305 780 Dei
3337 741 3398 782 se

1826 821 1999 879 fuisse
2054 822 2424 895 discipulum;
2469 827 2756 891 propterea
2821 819 2968 890 quod
3026 820 3120 889 qui
3179 817 3398 874 Galatas

1828 923 2088 989 cogerent
2121 916 2476 982 circumcidi,
2511 915 2616 970 hoc
2665 910 2986 968 dictitarent
3021 930 3033 966 :
3077 911 3161 966 illi
3192 913 3284 984 qui
3311 913 3398 968 di-

1828 1009 2030 1081 scipuli
2080 1008 2286 1067 Christi
2339 1007 2530 1072 fuere.
2576 1007 2775 1063 Petrus
2823 1005 3112 1072 videlicet,
3162 1005 3400 1062 Jacobus

1829 1111 1876 1158 ct
1909 1100 2174 1168 Joannes,
2215 1100 2706 1157 circumcisionem
2762 1099 3086 1171 permittunt
3117 1117 3131 1168 ;
3192 1100 3236 1154 is
3272 1115 3404 1156 vero

1832 1194 2234 1264 discipulorum
2284 1193 2590 1264 discipulus
2626 1192 2884 1260 exsistit;
2928 1208 3107 1246 annon
3154 1206 3286 1262 ergo
3316 1208 3405 1247 sa-

1834 1289 1948 1344 tius
1981 1297 2069 1344 est
2099 1288 2233 1351 illis,
2275 1302 2442 1359 quam
2479 1286 2595 1352 isti,
2631 1301 2839 1340 morem
2869 1286 3100 1357 gerere?

1905 1381 2075 1438 Vsus.
2134 1382 2324 1440 15-15.
2368 1401 2386 1434 ι
2428 1381 2678 1436 Audistis
2725 1381 2871 1436 enim
2923 1380 3404 1434 conversationem

1837 1488 2014 1528 meam
2074 1473 2372 1544 aliquando
2424 1474 2477 1527 iu
2527 1471 2863 1538 Judaismo;
2917 1473 3176 1543 quoniam
3242 1487 3408 1544 supra

1840 1566 2060 1621 modum
2103 1567 2472 1639 persequebar
2520 1566 2826 1621 Ecclesiam
2867 1564 2982 1631 Dei,
3036 1575 3090 1622 et
3121 1581 3405 1636 expugna-

1840 1661 1965 1716 bam
1996 1661 2169 1728 illam,
2201 1670 2250 1716 et
2279 1659 2636 1730 proﬁciebam
2671 1660 2725 1714 in
2751 1658 3038 1714 .ludaismo
3075 1674 3240 1728 supra
3272 1659 3411 1714 mul-

177 1758 228 1810 ὲν
256 1757 328 1830 τῷ
350 1757 496 1828 γένει
537 1774 662 1829 μου,
697 1757 1104 1829 περισσοτέρως
1168 1752 1418 1824 ζηλωτὴς
1474 1750 1738 1823 ὑπάρχων

1866 1770 1928 1810 os
1960 1765 2269 1810 comtaueus
2318 1769 2468 1810 meos
2508 1754 2562 1809 in
2600 1769 2798 1824 genere
2850 1768 2995 1819 meo,
3033 1754 3410 1808 abundantius

175 1850 272 1904 τῶν
299 1848 581 1923 πατρικῶν
629 1867 734 1921 μου
779 1847 1152 1922 παραδόσεων.
1182 1846 1313 1900 Ὀτι
1352 1846 1410 1900 δὲ
1444 1845 1739 1916 εὐδόκησεν

175 1946 200 1996 ὁ
223 1943 370 2008 Θεὸς.
402 1961 420 1996 ι

246 2037 399 2093 Ἐστι
447 2037 548 2110 μὲν
588 2037 647 2092 τὸ
683 2037 1236 2109 κατασκευαζόμενον
1284 2037 1406 2091 δλον
1468 2034 1742 2100 ἀπόδειξις

176 2129 260 2182 τοῦ
290 2129 364 2202 μὴ
407 2127 541 2201 παρ’
583 2127 900 2199 ἀνθρώπου,
950 2126 1289 2199 παραλαϐεῖν
1347 2125 1512 2180 αὐτὸν
1555 2125 1618 2180 τὸ
1643 2142 1744 2196 μυ-

178 2221 406 2296 στήριον.
443 2222 511 2275 Ἦ
538 2222 648 2294 γὰρ
708 2220 948 2292 τοσαύτη
996 2219 1212 2292 ἀθρόως
1241 2218 1517 2290 γενομένη
1579 2233 1745 2287 μεταο

178 2316 296 2389 ϐολὴ
351 2317 453 2370 οὐκ
507 2317 573 2372 ἂν
598 2315 667 2370 δι’
709 2311 1060 2391 ἀνθρώπου
1090 2315 1315 2369 δυνατὸν
1373 2310 1640 2384 γίνεσθαι.
1681 2311 1745 2364 Ἡ

179 2411 349 2484 γάρέξ
377 2409 685 2485 ἀνθρώπων
707 2410 1026 2465 διδασκαλία
1056 2409 1176 2464 κατ’
1231 2406 1416 2477 ὀλίγον
1466 2405 1585 2460 ἐστὶ
1607 2420 1744 2476 προ-

179 2507 464 2561 κόπτουσα.
525 2505 681 2576 Ἔχει
725 2504 784 2559 δὲ
829 2503 923 2559 καὶ
976 2503 1144 2574 ἄλλην
1200 2500 1322 2556 τινὰ
1375 2499 1749 2556 λανθάνουσαν

180 2598 543 2669 κατασκευήν.
581 2596 798 2670 Ἥρέμα
838 2594 947 2667 γάρ
985 2594 1183 2659 αὐτοὺς
1205 2592 1444 2650 διδάσκει
1475 2591 1550 2666 μὴ
1575 2590 1748 2663 πράσ-

183 2707 284 2743 σειν
305 2691 371 2745 τὰ
397 2689 606 2763 νομικά
629 2706 646 2722 ο
681 2689 730 2743 εί
769 2687 878 2760 γὰρ
904 2690 934 2743 δ
969 2685 1265 2758 τοσαύτην,
1321 2685 1476 2757 φησι,
1515 2683 1750 2756 σπουδὴν

181 2782 322 2854 ἐντῷ
350 2784 506 2855 νόμῳ
549 2781 944 2854 ἐνδειξάμενος,
988 2781 1057 2834 τα
1089 2779 1184 2834 τοῦ
1239 2780 1405 2851 νόμου
1439 2779 1620 2850 ἀφεὶς,
1659 2776 1751 2831 ἐπὶ

179 2876 268 2948 τὴν
296 2877 361 2930 ἐκ
391 2875 635 2940 πίστεως
664 2870 796 2948 ἦλθε
842 2873 1141 2946 σωτηρίαν,
1179 2871 1400 2944 εῦδηλον
1430 2870 1506 2935 ὡς
1530 2868 1752 2930 τελειῷο

183 2985 264 3022 σαι
306 2971 397 3024 τὸν
439 2969 610 3042 νόμον
661 2968 738 3042 μὴ
773 2968 1076 3040 δυνηθέντα
1124 2967 1508 3022 καταλέλοιπε.
1564 2962 1753 3042 Πολλῷ

183 3056 266 3114 οὖν
321 3040 525 3130 μᾶλλον
572 3059 626 3113 οἱ
665 3040 748 3133 τῇ
808 3058 990 3114 πίστει
1039 3056 1610 3132 προσδεδραμηκότες,
1647 3040 1758 3111 οὐκ

184 3151 445 3222 ὀφείλουσι
474 3150 695 3207 διώκειν
710 3151 800 3207 τὸν
825 3149 903 3224 μὴ
921 3151 1221 3224 δυνάμενον
1255 3148 1518 3206 τελειοῦν.

257 3452 275 3486 ι
325 3434 385 3488 '0
419 3431 696 3505 ἀφορίσας
743 3450 812 3506 με
839 3434 901 3486 ἐκ
937 3433 1143 3496 κοιλίας
1205 3433 1415 3507 μητρός
1475 3449 1600 3506 μου,
1661 3433 1756 3487 καὶ

191 3526 415 3592 καλέσας
456 3527 550 3582 διά
611 3527 838 3600 χάριτος
874 3526 1036 3580 αὐτοῦ
1093 3525 1444 3598 ἀποκαλύψαι
1490 3527 1582 3580 τὸν
1631 3526 1759 3580 Υίὸν

190 3619 344 3676 αὑτοῦ
382 3621 443 3674 ἐν
472 3620 631 3694 ⁸ἐμοὶ,
690 3619 776 3674 ἵνα
839 3619 1278 3691 εὐαγγελίζωμαι
1345 3621 1505 3674 αὑτὸν
1547 3620 1605 3676 ἐν
1644 3621 1759 3684 τοῖς

194 3714 410 3769 ῐθνεσιν.
439 3735 460 3767 ι

256 3806 315 3862 El
332 3810 396 3862 ἐκ
417 3805 633 3870 κοιλίας
655 3803 859 3878 ἐκλήθη
883 3801 1107 3877 μητρὸς,
1132 3809 1210 3870 εἰς
1229 3806 1326 3878 τὴν
1345 3805 1651 3878 ἀποστολὴν
1668 3807 1762 3880 δη·-

196 3897 379 3967 λονὸτι,
429 3899 550 3966 πῶς
613 3897 847 3970 διώκτης
883 3899 1133 3969 ἐγένετο;
1165 3897 1336 3952 Τοῦτο
1383 3897 1441 3951 δὲ
1465 3897 1525 3952 τὸ
1559 3900 1762 3973 ἄπορον

195 3993 344 4058 αὐτὸς
363 3995 422 4049 ἐν
454 3993 631 4066 ἑτέρῳ
659 3991 848 4046 ἔλυσεν
877 3992 1044 4064 τόπῳ,
1075 3989 1245 4045 εἰπών
1273 4009 1290 4026 ο
1330 4009 1350 4044 ι
1394 3990 1510 4045 Ἵνα
1553 3994 1612 4046 ἐν
1639 3995 1765 4066 ἐμοὶ

197 4087 400 4158 πρῶτον
453 4085 759 4159 ἐνδείξηται
789 4086 1024 4157 Χριστὸς
1070 4083 1170 4158 τὴν
1199 4085 1419 4140 ἅπασαν
1476 4088 1756 4159 μακροθυ-

198 4179 317 4250 μίαν
337 4177 527 4243 αὐτοῦ,
551 4180 632 4244 είς
660 4177 1009 4233 ὑποτύπωσιν
1027 4176 1134 4232 τῶν
1157 4176 1461 4249 μελλόντων
1486 4179 1763 4236 πιστεύειν

197 4271 271 4323 ἐπ’
293 4271 442 4346 αὐτῷ
471 4273 556 4334 είς
588 4270 735 4341 ζωὴν
766 4271 1007 4325 αίώνιον.

264 4382 282 4412 ι
318 4364 539 4429 Εὐθέως
597 4363 664 4417 οὐ
714 4362 1096 4436 προανεθέμην
1155 4364 1322 4436 σαρκὶ
1383 4365 1477 4419 καὶ
1530 4366 1758 4437 αἵματι,

199 4458 306 4513 οὔδε
332 4460 570 4532 ἀνῆλθον
600 4460 682 4524 είς
724 4457 1083 4531 Ἰερουσαλὴμ,
1132 4460 1267 4530 πρὸς
1317 4461 1444 4525 τοὺς
1485 4462 1592 4534 πρὸ
1626 4461 1760 4534 ἐμοῦ

1839 1848 2130 1905 aemulator
2157 1848 2436 1903 exsistens
2471 1855 2829 1919 paternarum
2877 1862 3123 1901 mearum
3155 1845 3410 1902 traditio-

1842 1959 1992 1998 num.
2026 1942 2163 1998 Cum
2193 1950 2374 1997 autem
2406 1941 2738 2012 complacuit
2773 1941 2899 1995 Deo.
2933 1959 2950 1991 ι

1914 2037 1970 2093 Id
1998 2038 2143 2109 quod
2170 2038 2336 2094 modo
2360 2035 2656 2102 astruitur,
2685 2036 2846 2107 plane
2882 2037 3226 2091 demonstrat
3259 2034 3418 2107 159

1844 2148 1968 2188 eum
2005 2147 2116 2188 non
2147 2132 2216 2188 ah
2250 2130 2572 2188 hominibus
2602 2131 2885 2202 accepisse
2929 2131 3278 2202 mysterium.
3310 2129 3418 2183 Ta-

1845 2225 1915 2282 lis
1954 2226 2230 2298 siquidem
2284 2235 2548 2296 tantaque
2595 2226 2832 2281 mutatio
2878 2240 3000 2296 qua:
3046 2224 3230 2282 subito
3273 2223 3419 2282 facta

1845 2327 1954 2384 est,
1994 2331 2342 2390 nequaquam
2377 2317 2447 2372 ab
2486 2315 2708 2372 homine
2757 2314 2898 2372 ellici
2931 2316 3194 2387 potuerit.
3229 2314 3423 2372 Homi-

1846 2425 1980 2466 num
2050 2411 2257 2483 quippe
2291 2409 2545 2465 doctrina
2590 2409 2854 2480 paulatim
2908 2409 3279 2481 progreditur.
3340 2409 3420 2465 Ad

1849 2504 1966 2562 haec
1991 2520 2090 2576 per
2120 2504 2226 2560 hoc
2272 2504 2555 2576 quidpiam
2597 2503 2748 2560 aliud
2797 2505 3022 2560 evincit.
3075 2505 3226 2562 Clam
3274 2506 3423 2562 enim

1849 2595 2090 2651 deterret
2121 2611 2150 2651 a
2206 2595 2476 2669 legalibus
2524 2597 2883 2667 praestandis.
2927 2595 3219 2653 Enimvero
3257 2598 3302 2653 si
3334 2599 3426 2654 ille

1851 2689 1945 2760 qui
1976 2696 2190 2745 tantum
2244 2690 2502 2745 ardorem
2543 2687 2785 2761 praetulit
2831 2688 2960 2743 dum
2999 2691 3103 2744 sub
3141 2689 3256 2761 lege
3291 2705 3424 2760 age-

1851 2783 1967 2848 hat,
1999 2782 2250 2839 dimissis
2276 2782 2428 2856 legis
2444 2782 2685 2839 decretis
2721 2782 2791 2837 ad
2837 2783 3072 2838 salutem
3107 2783 3258 2840 venit
3302 2799 3427 2854 qua:

1852 2877 1958 2935 ﬁde
2007 2877 2335 2948 acquiritur,
2391 2875 2752 2934 manifestum
2802 2885 2886 2932 est
2921 2877 3104 2949 ipsum
3145 2876 3250 2949 legi
3281 2893 3427 2932 nun-

1855 2971 1992 3026 tium
2031 2972 2339 3038 remisisse,
2396 2986 2496 3042 per
2551 2985 2718 3042 quam
2772 2970 2891 3026 lleri
2940 2986 3053 3028 non
3122 2980 3338 3044 poterat
3370 2980 3430 3026 ut

1855 3061 2135 3135 perfectus
2162 3063 2443 3121 evaderet.
2495 3061 2687 3135 Longe
2733 3063 2904 3136 igitur
2937 3064 3138 3136 potiori
3165 3065 3294 3135 jure
3320 3081 3427 3120 non

1779 3191 1827 3252 ο
1855 3157 2058 3214 debent
2117 3157 2194 3213 illi
2239 3156 2336 3229 qui
2383 3157 2452 3213 ad
2503 3157 2666 3214 iidem
2714 3165 3100 3225 accurrerunt,
3134 3167 3285 3214 tanto
3315 3167 3434 3214 stu-

1857 3249 1951 3308 dio
2010 3250 2160 3305 illam
2215 3247 2477 3320 persequi
2525 3262 2648 3319 quae
2698 3245 3095 3318 perfectionem
3125 3247 3435 3304 conciliare

1859 3357 1966 3398 non
1998 3342 2160 3396 valet.

1936 3453 1954 3488 ι
1986 3434 2089 3500 Qui
2142 3449 2228 3490 me
2271 3434 2578 3506 segregavit
2604 3451 2668 3491 ex
2723 3443 2878 3491 utero
2928 3435 3123 3492 matris
3167 3449 3334 3500 mea,
3378 3441 3435 3492 et

1806 3525 1820 3536 ’
1859 3529 2073 3586 vocavit
2104 3544 2198 3600 per
2236 3528 2470 3600 gratiam
2504 3543 2682 3596 suam,
2714 3528 2906 3603 [Vsus
2939 3529 3028 3602 l6}
3073 3530 3318 3586 revelare
3349 3526 3438 3584 Fi-

1862 3626 1994 3680 lium
2038 3639 2199 3680 suum
2241 3624 2296 3678 in
2326 3639 2432 3690 me,
2466 3632 2522 3678 ut
2562 3624 2993 3696 evangelizarem
3021 3625 3172 3680 illum
3218 3625 3273 3680 in
3305 3639 3439 3696 gen-

1862 3719 2030 3775 tibus.
2069 3737 2086 3771 ι

1936 3811 1992 3866 Si
2037 3827 2101 3868 ex
2133 3819 2289 3868 utero
2327 3819 2556 3868 vocatus
2583 3820 2666 3866 est
2699 3811 2914 3878 matris,
2957 3808 3024 3864 ad
3077 3808 3439 3880 apostolatum

1864 3914 2016 3978 puta.
2047 3907 2269 3978 quinam
2309 3904 2410 3961 fuit
2446 3905 2800 3978 persecutor?
2829 3903 3062 3961 Dubium
3088 3904 3191 3960 hoc
3234 3905 3288 3959 in
3334 3905 3442 3958 alio

1865 3999 1988 4054 loco
2013 4000 2194 4063 solvit,
2240 3998 2368 4053 dum
2405 3998 2504 4063 ait,
2554 4007 2611 4052 ut
2642 3997 2696 4052 in
2745 4011 2828 4053 me
2868 3996 3103 4068 primum
3131 3994 3444 4051 ostenderet

1862 4090 2118 4146 Christus
2149 4104 2363 4146 omnem
2412 4090 2727 4160 patientiam
2780 4104 2961 4156 suam,
2993 4089 3060 4143 ad
3101 4086 3443 4144 informatio-

1864 4200 1985 4238 nem
2014 4199 2203 4238 eorum
2247 4183 2341 4254 qui
2374 4182 2426 4236 in
2470 4181 2645 4253 ipsum
2676 4181 2941 4237 credituri
2987 4191 3144 4236 erant
3179 4181 3248 4235 ad
3276 4181 3440 4235 vitam

1863 4287 2120 4332 aeternam
2137 4277 2206 4331 ".

1941 4387 1959 4421 ι
2001 4367 2278 4423 Continuo
2335 4383 2443 4423 non
2506 4367 2755 4438 acquievi
2817 4366 2971 4421 carni
3033 4373 3086 4420 et
3149 4363 3440 4434 sanguini,

1865 4458 2058 4533 [Vsus
2094 4459 2184 4531 Π]
2221 4474 2399 4532 neque
2433 4459 2553 4515 veni
2585 4458 3020 4529 Hierosolymam
3042 4456 3104 4511 ad
3124 4464 3444 4512 antecesso-

201 4553 544 4624 ἀποστόλους,
579 4554 712 4610 ἀλλά
739 4552 981 4626 ἀπῆλθον
1011 4555 1090 4618 είς
1137 4553 1416 4626 ’Λραῦίαν,
1457 4558 1549 4609 καὶ
1602 4559 1750 4616 πάλιι

1873 4571 1960 4611 res
1999 4568 2147 4610 meos
2178 4554 2477 4625 apostolos,
2511 4553 2605 4608 sed
2635 4553 2742 4608 abii
2774 4553 2827 4606 in
2854 4551 3132 4616 Arabiam,
3157 4560 3211 4607 et
3244 4551 3444 4607 iterum

204 4644 502 4720 ἐπέστρεψα
527 4648 606 4711 είς
640 4648 946 4717 Δαμασκόν.
977 4668 997 4702 ›

265 4740 428 4796 Πάλιν
497 4741 1022 4808 κατασκευαστικὸν,
1064 4741 1126 4795 τὸ
1163 4743 1238 4814 μὴ
1293 4742 1422 4814 παρ’
1463 4743 1766 4815 ἀνθρώπων

206 4834 352 4888 αδτὸν
383 4837 486 4908 τὴν
518 4836 648 4908 περὶ
677 4833 918 4906 Χριστοῦ
949 4833 1303 4889 διδασκαλίαν
1332 4833 1610 4899 δέξασθαι.
1645 4836 1767 4900 Ιιῶς

211 4925 308 4998 γὰρ
331 4929 422 4982 καὶ
460 4926 686 4998 ἔμελλεν
717 4924 1025 4998 ἀνθρώποις
1053 4924 1376 4992 ἀναθέσθαι,
1415 4927 1442 4979 ὁ
1467 4928 1565 4997 τῆς
1627 4928 1767 4981 ἄνω-

212 5022 292 5077 θεν
316 5023 660 5086 διδασκαλίας
684 5021 982 5092 ἠξιωμένος
1003 5038 1020 5084 ;

282 5135 300 5168 ι
327 5117 559 5171 Ἔπειτα
583 5116 720 5186 μετά
741 5115 867 5186 τρία
899 5112 996 5186 ἐτη
1026 5112 1254 5184 ἀνῆλθον
1286 5115 1364 5178 είς
1399 5112 1764 5184 Ἰεροσόλυμα,

216 5205 484 5280 ἱστορῆσαι
519 5208 750 5280 Πέτρον,
775 5208 872 5260 καὶ
910 5205 1177 5278 ἐπέμεινα
1233 5206 1370 5278 πρὸς
1415 5205 1575 5259 αὑτὸν
1635 5205 1770 5276 ὴμέ-

217 5315 308 5371 ρας
353 5301 486 5356 δέκα
530 5300 626 5355 καὶ
689 5302 849 5353 πέντε
879 5315 896 5332 ο
963 5299 1149 5371 ἕτερον
1191 5298 1250 5354 δὲ
1288 5299 1399 5352 τῶν
1458 5297 1772 5353 ἀποστόλων

219 5399 307 5450 οὐκ
335 5393 491 5462 εἶδον,
519 5399 568 5452 εἰ
602 5396 678 5469 μὴ
706 5393 962 5452 Ἰάκωϐον
1001 5395 1094 5449 τὸν
1147 5393 1381 5464 ἀδελφὸν
1411 5392 1506 5448 τοῦ
1541 5394 1768 5464 Κυρίου.

224 5485 575 5560 ’Δδὶγράφω
626 5489 773 5560 ὑμῖν,
827 5486 937 5542 ἰδοὺ
985 5485 1215 5541 ἐνώπιον
1267 5485 1362 5539 τοῦ
1417 5484 1574 5550 Θεοῦ,
1604 5485 1765 5540 ὅτιού

217 5577 489 5651 ψεύδομαι.
520 5581 748 5635 Ἔπειτα
801 5575 968 5652 ἦλθον
1021 5581 1101 5641 είς
1131 5577 1202 5632 τὰ
1235 5576 1478 5649 κλίματα
1516 5578 1616 5648 τῆς
1668 5578 1768 5628 Συ-

225 5673 333 5743 ιιεας
366 5673 463 5728 καὶ
505 5674 604 5740 τῆς
661 5673 935 5740 Κιλικίας.
969 5674 1158 5747 Ἥμην
1192 5673 1247 5728 δὲ
1285 5671 1647 5744 ἀγνοούμενος
1691 5671 1770 5745 τῷ

279 5852 357 5907 "l
382 5854 523 5909 Tim.
547 5868 586 5921 ι,
608 5853 701 5914 26.

1870 4663 2121 4706 reversus
2145 4664 2261 4704 sum
2286 4646 2631 4702 Damascum.
2675 4664 2695 4698 ι

1913 4723 2270 4811 ’(Ξοιιιρινοὺοι
2304 4739 2525 4800 iterum.
2566 4738 2985 4808 haudquaquam
3038 4739 3103 4794 ab
3137 4735 3448 4795 hominibus

1869 4837 2174 4892 doctrinam
2229 4833 2433 4890 Christi
2475 4849 2532 4889 se
2583 4832 2883 4904 accepisse.
2945 4831 3064 4898 Quo
3111 4841 3268 4902 pacto
3303 4834 3447 4888 enim

1873 4930 2117 4985 futurum
2158 4937 2273 4984 erat
2306 4938 2362 4982 ut
2413 4943 2471 4983 se
2506 4928 2622 4998 ipse
2675 4925 2990 4982 hominibus
3023 4926 3322 4995 addiceret,
3354 4927 3448 4997 qui

1871 5038 2104 5093 superna
2141 5021 2372 5076 scientia
2398 5019 2655 5092 dignatus
2685 5029 3018 5090 ornatusque
3043 5019 3256 5075 fuerat?

1946 5113 2112 5170 Vens.
2150 5113 2338 5167 εει-εει.
2379 5131 2397 5164 ι
2435 5112 2641 5168 Deinde
2674 5121 2796 5183 post
2825 5120 2938 5170 tres
2967 5129 3138 5168 annos
3162 5111 3284 5168 veni
3322 5111 3449 5168 Hie.

1870 5207 2205 5278 rosolymam
2253 5205 2438 5260 videre
2487 5203 2745 5270 Petrum,
2799 5212 2855 5258 et
2915 5206 3084 5260 mansi
3146 5204 3290 5273 apud
3327 5219 3452 5259 eum

1872 5301 2068 5357 diebus
2106 5299 2418 5370 quindecim
2464 5314 2479 5352 :
2528 5297 2694 5351 alium
2727 5306 2908 5352 autem
2937 5299 3310 5367 apostolorum
3345 5298 3453 5354 vidi

1875 5395 2174 5458 neminem,
2208 5393 2312 5449 nisi
2343 5391 2605 5447 Jacobum
2639 5390 2860 5445 fratrem
2913 5391 3150 5449 Domini.
3185 5390 3319 5458 Qua:
3356 5409 3455 5446 au-

1876 5493 1985 5540 tem
2022 5484 2203 5540 scribo
2243 5483 2420 5548 vobis,
2453 5497 2581 5538 ecce
2613 5498 2796 5538 coram
2831 5480 2962 5546 Deo,
2993 5484 3120 5552 quia
3161 5498 3269 5537 non
3300 5498 3455 5537 men-

1879 5581 2006 5634 tior.
2038 5578 2239 5633 Deinde
2273 5578 2393 5633 veni
2427 5577 2480 5631 in
2511 5587 2694 5647 partes
2724 5575 2896 5647 Syria:
2927 5585 2983 5632 et
3021 5574 3248 5632 Ciliciae.
3296 5575 3456 5630 Eram

1881 5681 2060 5726 autem
2093 5672 2310 5751 ignotus
2347 5669 2484 5725 facie
2516 5669 2778 5725 Eeclesiis
2809 5666 3032 5735 Iudaea),
3062 5684 3183 5741 quae
3215 5679 3374 5726 erant
3403 5671 3457 5726 in
