3870 6260
186 329 276 395 797

1317 328 1401 391 IN
1436 328 1674 394 EPIST.
1711 330 1813 391 AD
1848 330 2205 391 GALATAS.

3290 330 3403 396 798

189 440 548 515 κεκυρωμένην
594 442 862 519 διαθήκην
907 446 1085 513 οὐδεὶς
1111 448 1298 503 ἀθετεῖ
1318 488 1334 511 ,
1358 446 1393 518 ἢ
1426 442 1733 500 ἐπιδιατάσ-

1861 440 1994 495 ιίιιηο
2052 438 2293 495 hominis
2351 438 2736 496 conﬁrmatum
2796 447 3183 497 testamentum
3238 456 3401 498 nemo

188 554 337 594 σεται.
360 536 446 610 Τῷ
469 538 525 593 δὲ
569 537 822 613 Ἀϐραὰμ
853 540 1159 614 ἐρρέθησαν
1189 542 1247 597 αί
1272 539 1501 610 ἐπαγγρτ
1523 536 1733 605 Innatat

182 632 253 706 τῷ
280 633 543 706 σπέρματι
571 632 762 692 αὐτοῦ.
797 635 875 690 Οὐ
905 634 1077 707 λέγει,
1106 638 1218 691 Και
1248 639 1362 701 τοῖς
1397 634 1731 709 σπέρμασιν,

182 724 248 789 ὼς
272 723 359 777 ἐπὶ
388 724 618 789 πολλῶν,
653 725 771 780 ἀλλ’
802 726 877 791 ὡς
912 728 997 799 ἐφ’
1032 728 1169 794 ἑνὸς,
1200 728 1313 783 Καὶ
1348 726 1426 799 τῷ
1459 724 1737 799 σπέρματί

185 815 357 881 σου,δς
386 816 499 869 ἐστι
529 816 787 888 Χριστός.
813 817 985 873 Τοῦτο
1010 817 1068 873 δὲ
1102 818 1266 887 λέγω,
1299 816 1561 891 διαθήκην
1598 833 1737 890 προ-

184 908 553 981 κεκυρωμένην
584 910 691 965 ὐπὸ
717 910 809 966 τοῦ
840 911 999 979 Θεοῦ,
1029 914 1058 968 ὀ
1108 914 1246 985 μετὰ
1274 911 1602 984 τετρακόσια
1643 912 1738 965 καὶ

181 1004 453 1078 τριάκοντα
504 1004 599 1078 ετη
646 1006 887 1078 γεγονὼς
939 1008 1103 1080 νόμος
1156 1009 1255 1064 οὐκ
1304 1009 1503 1079 ἀκυροῖ
1547 1009 1629 1072 είς
1679 1006 1738 1061 τὸ

180 1097 509 1170 καταργῆσαι
533 1100 631 1172 τὴν
658 1100 1014 1171 ἐπαγγελίαν.
1034 1102 1104 1156 Είι
1119 1100 1227 1175 γὰρ
1252 1102 1317 1156 ἐκ
1354 1101 1519 1173 νόμου
1543 1103 1577 1174 ἡ
1604 1101 1742 1171 κλη-

183 1190 411 1264 ρονομία,
446 1192 631 1248 οὐκέτι
680 1192 743 1260 ἐξ
792 1195 1149 1265 ἐπαγγελίας.
1181 1194 1271 1268 Τῷ
1308 1193 1366 1249 δὲ
1400 1194 1652 1268 Ἀϐραὰμ
1670 1193 1740 1250 δι’

181 1283 499 1354 ἐπαγγελίας
519 1287 845 1358 κεχάρισται
864 1291 895 1343 ὁ
920 1286 1074 1353 Θεός.
1113 1305 1135 1340 ι

253 1375 339 1443 Ἐξ
382 1376 741 1450 ἀνθρωπίνων
802 1380 902 1451 μὲν
956 1380 1421 1454 παραδειγμάτων
1470 1385 1499 1438 ὁ
1535 1382 1691 1453 λόγος
1722 1424 1740 1451 ,

179 1470 334 1541 φησι·
363 1468 524 1526 τοῦτο
567 1472 678 1545 γάρ
705 1474 822 1527 ἐστι
868 1472 931 1527 τδ
954 1513 970 1541 ,
1001 1475 1151 1531 κατὰ
1204 1475 1522 1545 ἄνθρωπον
1565 1477 1737 1548 λέγω.

188 1558 243 1611 ⁸0
277 1558 332 1613 δὲ
380 1558 506 1626 νοῦς
550 1556 703 1625 οὗτος
727 1578 743 1593 θ
781 1564 1181 1636 Ἐπηγγείλατο
1234 1566 1310 1639 τῷ
1358 1566 1613 1639 Ἀϐραὰμ
1654 1567 1743 1623 διὰ

180 1652 477 1725 σπέρματος
497 1655 663 1709 αὑτοῦ
687 1657 981 1730 εὐλογῆσαι
1006 1658 1076 1714 τὰ
1106 1659 1234 1732 ἔθνη
1255 1675 1271 1691 ν
1302 1660 1524 1734 σπέρμα
1550 1661 1610 1716 δὲ
1646 1661 1744 1717 αύ-

176 1743 262 1797 τοῦ
282 1747 393 1799 ἐστι
414 1747 559 1801 κατὰ
583 1748 766 1820 σάρκα
784 1751 815 1804 ὁ
843 1751 1098 1824 Χριστός.
1122 1751 1297 1809 Ἦλθε
1348 1756 1490 1827 μετὰ
1544 1774 1742 1831 τετρα-

1838 528 2069 601 spernit,
2094 536 2191 584 aut
2224 530 2632 601 superordinat.
2664 530 2898 587 Abrahae
2930 530 3090 587 dictae
3122 540 3249 587 sunt
3279 547 3405 602 pro-

1837 621 2129 679 missiones
2153 630 2208 679 et
2243 621 2441 681 semini
2470 622 2610 691 eius.
2645 624 2765 680 Non
2796 623 2931 681 dicit
2968 642 2982 680 :
3013 632 3071 681 et
3099 625 3406 681 seminibus

1836 715 1992 787 quasi
2029 715 2084 772 in
2116 714 2343 783 multis,
2396 717 2494 775 sed
2521 719 2681 789 quasi
2722 718 2777 772 in
2808 732 2939 787 uno,
2971 725 3027 773 et
3051 717 3249 776 semini
3284 726 3403 783 tuo,

1835 806 1931 878 qui
1948 813 2033 862 est
2054 806 2328 865 Christus.
2351 805 2468 864 Hoc
2489 815 2671 863 autem
2692 807 2815 863 dico
2837 815 3216 865 testamentum
3244 806 3406 881 166

1838 901 2215 958 conﬁrmatum
2246 916 2274 957 a
2314 900 2447 969 Deo,
2473 918 2595 974 quae
2624 914 2747 975 post
2768 902 3200 975 quadringentos
3228 910 3283 959 et
3308 905 3407 966 tri-

1838 993 1987 1065 ginta
2017 1009 2193 1052 annos
2219 994 2363 1052 facta
2388 1004 2472 1056 est
2500 995 2605 1061 lex,
2634 1012 2746 1054 non
2770 996 2987 1053 irritum
3022 996 3157 1054 facit
3184 998 3250 1053 ad
3280 1013 3408 1055 eva-

1838 1088 2108 1146 cuandam
2146 1090 2591 1161 promissionem.
2617 1088 2753 1147 Nam
2779 1091 2827 1149 si
2853 1106 2920 1149 ex
2943 1091 3060 1163 lege
3092 1091 3406 1158 bareditas,

1835 1180 1946 1253 jam
1981 1196 2092 1239 non
2124 1198 2190 1241 ex
2214 1184 2605 1256 promissione.
2639 1184 2873 1242 Abrahae
2898 1192 3081 1243 autem
3110 1199 3207 1257 per
3228 1200 3409 1257 repro-

1840 1273 2157 1332 missionem
2189 1276 2414 1332 donavit
2440 1276 2607 1334 Deus.
2645 1295 2667 1333 ι

1909 1362 2177 1425 Humanis
2216 1376 2346 1423 utor
2378 1366 2664 1440 exemplis,
2719 1366 2952 1440 inquit:
2990 1368 3095 1426 hoc
3142 1366 3290 1425 enim
3328 1374 3411 1424 est

1841 1458 1984 1530 quod
2007 1461 2103 1527 ait,
2132 1461 2421 1517 secundum
2443 1461 2703 1518 hominem
2731 1460 2873 1519 dico.
2896 1459 3069 1530 Hujus
3095 1468 3273 1517 autem
3302 1460 3409 1517 loci

1841 1570 2036 1611 sensus
2054 1565 2157 1613 est.
2181 1556 2495 1613 Abrahamo
2523 1555 2664 1613 Deus
2685 1554 2963 1627 pollicitus
2993 1563 3073 1614 est
3095 1555 3411 1616 benedictu-

1840 1664 1965 1705 rum
1991 1664 2049 1706 se
2081 1658 2270 1721 gentes
2294 1665 2388 1721 per
2406 1664 2593 1706 semen
2624 1648 2801 1721 ipsius
2826 1669 2843 1708 :
2873 1666 3059 1708 semen
3087 1658 3267 1707 autem
3291 1652 3412 1722 ejus

1843 1742 2145 1799 secundum
2185 1756 2407 1799 carnem
2436 1741 2692 1800 Christus
2719 1751 2806 1799 est
2841 1758 2858 1799 :
2892 1753 3020 1815 post
3062 1759 3236 1800 annos
3273 1744 3410 1802 sub«

178 1836 324 1891 κόσια
365 1839 463 1893 καὶ
497 1811 793 1911 τριάκοντα
820 1811 918 1913 ἐτη
956 1811 1136 1916 νόμος.
1176 1846 1240 1901 Εί
1290 1811 1470 1902 τοίνυν
1512 1811 1740 1921 ὁνόὶιος

1868 1837 1972 1891 nde
2010 1833 2443 1907 quadringentos
2500 1844 2555 1892 et
2613 1835 2838 1906 triginta
2892 1811 2978 1891 lex
3038 1834 3243 1907 prodiit
3300 1857 3315 1894 :
3362 1837 3411 1894 si

176 1927 446 2001 χαρίζεται
463 1931 563 1997 τὰς
588 1931 839 2001 εὐλογίας
868 1935 963 1989 καὶ
980 1938 1080 2008 τὴν
1112 1936 1258 2009 ζωὴν
1291 1938 1387 1993 καὶ
1408 1940 1506 2012 τὴν
1540 1940 1746 1996 δικαιοο

178 2019 354 2093 σύνην,
385 2022 417 2094 ἠ
450 2022 753 2092 ἐπαγγελία
794 2024 980 2100 ἐκείνη
1032 2024 1236 2099 ἂκυρός
1280 2027 1449 2083 ἐστιν.
1486 2023 1624 2083 Ε’ίτα
1654 2029 1748 2083 ἀν-

177 2113 388 2187 θρώπου
417 2114 521 2188 μὲν
578 2118 761 2182 οὐδεὶς
804 2117 993 2173 ἀθετεῖ
1030 2118 1294 2193 διαθήκην
1318 2135 1333 2151 ο
1358 2120 1449 2176 τοῦ
1490 2121 1547 2175 δὲ
1604 2120 1742 2177 Θεοῦ

180 2208 308 2277 μετὰ
339 2210 662 2280 τετρακόσια
690 2209 785 2267 καὶ
802 2213 1092 2283 τριάκοντα
1116 2214 1211 2285 ἔτη
1241 2215 1599 2289 ἀκυροῦταιή
1627 2217 1748 2270 δια-

179 2300 330 2371 θήκη.
366 2301 431 2355 Ei
458 2302 567 2374 γὰρ
594 2300 631 2358 ἃ
657 2297 1027 2374 ἐπηγγείλατο
1076 2303 1280 2378 ἐκείνη,
1308 2306 1409 2359 οὐκ
1436 2306 1617 2379 ἐκείνη
1666 2306 1748 2361 δί-

177 2395 358 2463 δωσιν,
386 2397 508 2453 ἀλλ’
536 2398 722 2471 ἕτερος
770 2398 884 2454 ἀντ’
910 2398 1128 2470 ἐκείνης
1145 2441 1167 2465 ,
1189 2397 1467 2454 τουτέστιν
1502 2402 1530 2454 δ
1562 2400 1745 2472 νόμος,

178 2488 499 2563 ἐπιϐέϐληται
528 2492 560 2565 ἡ
590 2490 828 2564 διαθήκη
868 2508 887 2529 ⁸
917 2493 1013 2549 καὶ
1041 2492 1159 2557 πῶς
1195 2492 1261 2548 ἂν
1309 2493 1423 2565 ἔχοι
1453 2493 1611 2548 τοῦτο
1654 2494 1745 2549 λό-

178 2596 305 2648 rev;

253 2675 395 2731 ’Λντὶ
424 2676 543 2741 τοῦ,
566 2677 600 2751 ἢ
635 2677 1019 2754 προστίθησιν.

246 2788 267 2822 ι
306 2770 372 2825 Τί
399 2768 499 2827 οὖν
532 2772 562 2827 ὁ
595 2772 793 2846 item;
818 2775 928 2831 τῶν
958 2772 1328 2848 παραϐάσεων
1367 2773 1533 2849 χάριν
1575 2792 1747 2848 προσ-

178 2863 351 2936 ετέθη.
391 2883 414 2919 s

242 2956 359 3012 Ἵνα
384 2958 465 3030 μή
500 2973 583 3023 τις
610 2958 808 3035 νομίσῃ
843 2961 1099 3036 περιττδν
1130 2959 1224 3015 τὸν
1250 2961 1435 3033 νόμον,
1464 2961 1560 3017 καὶ
1587 2960 1749 3017 τοῦτο

176 3046 477 3120 διορθοῦται
498 3049 559 3103 τὸ
590 3049 775 3123 μέρος.
796 3049 1011 3116 δεικνὺς
1036 3052 1116 3107 ὅτι
1146 3052 1246 3108 οὐκ
1274 3053 1418 3128 εἰκῆ,
1441 3052 1576 3108 ἀλλὰ
1603 3054 1748 3110 πάνυ

1848 1928 2279 1995 benedictiones,
2306 1930 2416 1985 vita
2458 1935 2512 1985 et
2547 1927 2764 1999 jnstitia
2792 1928 2910 2001 lege
2939 1928 3410 1995 donantur,irrita

1844 2038 1978 2098 ergo
2005 2021 2111 2079 fuit
2157 2022 2249 2078 illa
2288 2022 2606 2096 promissio.
2655 2022 2737 2077 Ad
2787 2022 2938 2089 haec,
2980 2035 3143 2079 nemo
3191 2024 3411 2090 quidem

1848 2115 2090 2174 hominis
2115 2123 2507 2173 testamentum
2543 2114 2881 2173 reseiderit:
2922 2114 3019 2173 Dei
3072 2131 3203 2173 vero
3248 2124 3417 2173 testa-

1848 2217 2097 2269 mentum
2130 2221 2253 2281 post
2282 2209 2713 2283 quadringentos
2740 2216 2795 2266 ct
2828 2208 3050 2283 triginta
3084 2224 3260 2267 annos
3290 2209 3416 2266 irri-

1848 2313 1961 2361 tum
1991 2303 2195 2362 factum
2218 2304 2346 2361 erit.
2370 2303 2504 2385 Nam
2530 2305 2577 2360 si
2605 2320 2729 2377 qum
2757 2302 2891 2361 illud
2924 2304 3270 2378 promiserat,
3301 2303 3417 2361 hate

1845 2399 2027 2473 ipsum
2059 2414 2170 2456 non
2200 2398 2472 2472 praestitit,
2512 2399 2607 2457 sed
2646 2399 2794 2455 aliud
2826 2399 2948 2469 ejus
2995 2398 3137 2464 loco,
3182 2398 3268 2455 lex
3330 2398 3415 2455 ni-

1848 2490 2081 2563 mirum;
2128 2500 2520 2549 testamentum
2555 2492 2725 2563 igitur
2754 2492 3077 2564 abrogatum
3112 2492 3241 2548 erit.
3282 2490 3418 2559 Qui-

1847 2602 1973 2642 nam
2013 2601 2142 2641 vero
2173 2586 2288 2641 haec
2319 2603 2446 2642 cum
2480 2586 2693 2643 ratione
2730 2586 2944 2660 possint
2974 2584 3325 2658 congruere?

1919 2679 2065 2736 Idem
2098 2689 2183 2735 est
2210 2689 2396 2752 atque,
2434 2688 2525 2735 aut
2557 2678 2770 2751 adjicit.

1920 2769 2087 2829 Vens.
2124 2772 2265 2829 19.1
2306 2772 2449 2841 Quid
2481 2773 2647 2848 igitur
2676 2772 2805 2831 lex?
2848 2783 3073 2848 propter
3102 2783 3415 2847 transgres-

1847 2866 2034 2924 siones
2062 2866 2238 2938 posita
2275 2876 2391 2926 est.
2420 2885 2441 2920 ι

1918 2961 2000 3019 Ne
2023 2961 2148 3032 quis
2173 2962 2346 3034 legem
2376 2959 2707 3033 superﬂuant
2729 2959 2905 3018 fuisse
2928 2960 3246 3029 arbitretur,
3276 2961 3417 3018 hanc

1850 3070 2066 3127 quoque
2127 3062 2337 3127 partem
2374 3055 2565 3122 sarcit,
2599 3053 2983 3111 demonstrans
3012 3068 3156 3122 eam,
3184 3068 3292 3110 non
3330 3062 3417 3110 te-

177 3140 457 3213 χρησίμως
490 3140 772 3214 ἐδόθη,ίνα
803 3142 879 3216 μὴ
928 3141 1027 3218 ἐξῇ
1072 3142 1361 3211 Ἰουδαίους
1407 3146 1577 3213 ἀδεῶς
1624 3145 1744 3219 ζῇν,

1861 3162 2000 3205 mere
2025 3155 2080 3204 et
2109 3146 2336 3214 frustra,
2364 3146 2460 3203 sed
2491 3146 2783 3203 admodum
2817 3146 3025 3203 utiliter
3043 3160 3170 3203 esse
3196 3146 3415 3203 datam:

177 3233 264 3288 καὶ
291 3236 371 3299 είς
400 3234 634 3307 ἔσχατον
659 3235 1047 3303 ἐξολισθαίνειν
1081 3238 1303 3307 κακίας,
1332 3240 1471 3296 ἀλλὰ
1505 3240 1627 3297 ἀντὶ
1649 3258 1749 3313 χα-

176 3323 311 3380 λινοῦ
333 3327 364 3380 6
388 3325 561 3399 νόμος
612 3327 797 3394 αὐτοῖς
850 3328 1201 3401 ἐπικείμενος
1233 3325 1292 3405 ᾗ,
1324 3330 1624 3401 παιδεύων,
1656 3334 1753 3402 ρυ-

175 3417 397 3490 θμίζων,
430 3417 662 3475 κωλύων
690 3421 1072 3493 παραϐαίνειν,
1102 3425 1150 3477 εί
1172 3425 1266 3479 καὶ
1296 3425 1373 3497 μὴ
1408 3425 1611 3491 πάσας,
1632 3424 1750 3479 ἀλλ’

175 3512 319 3582 ὅμως
350 3511 462 3571 κᾶν
490 3513 641 3579 ἐνίας
675 3512 788 3569 τῶν
824 3514 1073 3571 ἐντολῶν.
1112 3516 1278 3573 Ὠστε
1323 3516 1386 3571 οὐ
1444 3517 1645 3590 μικρὸν
1688 3516 1751 3574 τδ

176 3604 359 3678 κέρδος
402 3604 502 3659 τοῦ
540 3604 727 3677 νόμον.
766 3606 904 3660 Ἀλλ’
932 3606 1064 3679 ἄχρι
1092 3606 1268 3675 τίνοςς
1300 3608 1498 3680 ’Δχρις
1518 3598 1579 3662 οῦ
1621 3606 1752 3681 ἔλθῃ

174 3697 229 3752 νὺ
251 3698 473 3770 σπέρμα
494 3689 538 3767 ᾧ
561 3696 943 3769 ἐπηγγείλατο.

247 3810 267 3844 ι
303 3792 505 3864 ’Δχρις
558 3782 621 3845 οὗ
673 3789 805 3866 ἔλθῃ
845 3790 909 3845 τὸ
958 3790 1183 3864 σπέρμα
1223 3790 1253 3846 ὅ
1278 3791 1615 3867 ἐπήγγελται
1661 3794 1751 3851 διὰ

174 3880 434 3954 διαταγῆς
462 3881 534 3936 δι’
561 3882 830 3952 ἀγγέλων.
870 3900 891 3937 ι

239 3974 481 4047 Σπέρμα
512 3974 609 4047 μὲν
636 3974 728 4030 τὸν
778 3974 1016 4048 Χριστόν
1061 3992 1214 4047 φησι.
1246 3977 1407 4048 Λέγει
1444 3976 1540 4033 δέ·
1574 3978 1749 4051 Μέχρι

174 4064 267 4135 τῆς
320 4064 562 4138 Χριστοῦ
607 4068 915 4140 παρουσίας
936 4068 1148 4125 δέδοται
1182 4084 1196 4099 ·
1224 4070 1279 4124 τί
1310 4068 1624 4144 περαιτέρω
1655 4070 1752 4127 καὶ

166 4159 319 4232 παρὰ
344 4158 540 4232 καιρὸν
571 4159 735 4214 αὐτὸν
762 4160 984 4229 ἓλκεις;

243 4294 266 4331 s
303 4277 393 4333 Ἐν
412 4277 562 4351 χειρὶ
586 4275 849 4334 Μεσίτου.
878 4278 933 4334 '0
958 4277 1015 4332 δὲ
1038 4277 1285 4353 Μεσίτης
1311 4276 1432 4344 ἑνδς
1459 4277 1561 4333 οὐκ
1580 4277 1747 4334 ἔστιν⁹

175 4372 201 4425 δ
225 4370 282 4425 δέ
308 4371 442 4437 Θεὸς
472 4365 555 4436 εἷς
584 4371 755 4427 ἐστιν.
790 4390 808 4423 ι

240 4482 346 4541 Τὸν
373 4484 611 4557 Χριστὸν
640 4484 876 4540 ἐνταῦθά
920 4503 1070 4557 φησι,
1100 4485 1193 4541 τὸν
1224 4486 1316 4540 καί
1368 4486 1533 4542 πάλαι
1583 4487 1748 4543 δεδω-

180 4577 305 4632 κότα
334 4548 443 4633 τὸν.
466 4577 650 4649 νόμον.
686 4577 751 4632 Ei.
778 4579 833 4633 δὲ
876 4548 1177 4650 τδνλιδμνον
1220 4577 1382 4644 αὐτὸς
1422 4578 1611 4648 ἔδωκε,
1645 4579 1745 4635 κύον
1778 4548 1823 4605 θ

184 4685 289 4741 ρως
318 4670 385 4729 ἂν
417 4670 505 4744 εἴη
546 4671 642 4727 καὶ
669 4670 832 4729 λῦσαι
858 4670 1045 4729 πάλιν.

251 4804 272 4841 t
314 4788 375 4843 '0
422 4782 519 4843 οῦν
560 4787 718 4860 νόμος
755 4785 899 4842 κατὰ
927 4785 1036 4841 τῶν
1066 4787 1370 4856 ὲπαγγελιῡ
1398 4805 1411 4839 η·
1448 4788 1537 4842 τοῦ
1574 4788 1746 4855 Θεαῖος

185 4877 256 4950 μὴ
285 4879 516 4950 γένοιτο.
551 4882 615 4935 Εί
660 4880 772 4952 γὰρ
821 4878 977 4951 ἐδόθη
1023 4879 1188 4951 νόμος
1232 4881 1261 4934 ὁ
1293 4879 1591 4952 ϋνφάρινος
1622 4882 1753 4948 Cmo-

184 4974 420 5046 ποιῆσαι,
450 4972 617 5037 δντως
640 4974 705 5027 ἐκ
741 4972 906 5044 νόμου
932 4968 1001 5041 ἦν
1024 4973 1059 5044 ή
1092 4972 1428 5045 δικαιοσύνη.
1463 4993 1483 5028 ι

253 5086 311 5142 Et
338 5090 451 5159 γὰρ
485 5087 563 5161 τῷ
602 5088 875 5160 σπέρματι
906 5085 1001 5142 τοῦ
1038 5086 1292 5160 Ἀϐραὰμ
1315 5087 1373 5141 αἰ
1402 5087 1645 5157 εὐλογίαι
1667 5088 1753 5143 δὲ-

186 5177 378 5250 δονται,
401 5184 431 5240 6
455 5182 510 5238 δὲ
551 5183 715 5254 νόμος
758 5182 1004 5255 κατάραν
1030 5180 1267 5251 είσάγει,
1303 5180 1411 5254 ἄρα
1459 5182 1603 5238 κατά
1646 5183 1754 5237 τῶν

187 5271 519 5345 ἐπαγγελιῶν
542 5274 636 5330 τοῦ
668 5273 808 5330 Θεοῦ
842 5275 869 5329 ὁ
894 5274 1078 5347 νόμος.
1110 5274 1236 5341 Πῶς
1268 5270 1363 5331 οῦν
1401 5273 1522 5329 λύει
1564 5275 1751 5342 αὐτὸν,

190 5365 391 5424 σκόπει.
410 5367 633 5440 Πρῶτον
669 5366 766 5440 μὲν
794 5369 860 5441 τῇ
883 5367 1254 5441 ἀπαγορεύσει
1274 5367 1469 5438 τδ,Μὴ
1500 5368 1751 5439 γένοιτο,

188 5454 354 5531 λέγων
373 5478 387 5493 ο
405 5456 669 5535 ὅπερῐῆν]
688 5460 893 5533 σφόδρα
922 5460 1517 5530 ἀτοπιίηατον,τίθεται
1564 5462 1755 5517 ἔπειτα

191 5551 423 5628 λογισμῷ
468 5555 869 5629 βεϐαίῳ.Ἔστι
896 5555 973 5620 ἰδὲ
998 5548 1177 5621 οῦτοςο
1215 5554 1278 5610 Ei
1328 5556 1427 5629 μὲν
1472 5555 1530 5610 ἐν
1581 5554 1751 5627 αὐτῷ,

194 5646 341 5719 9nd.
362 5648 441 5721 τῷ
468 5649 615 5723 νόμῳ
657 5648 756 5721 τὴν
785 5647 975 5704 ἐλπίδα
1021 5649 1123 5722 τῆς
1166 5649 1312 5722 ζωῆς
1339 5648 1580 5721 εἴχομεν,
1618 5648 1753 5715 ἴσως

196 5737 363 5805 καλῶς
409 5741 579 5800 ταῦτα
629 5741 835 5814 ελεγον.
860 5744 924 5799 Ei
956 5742 1015 5799 δέ
1046 5742 1156 5800 ἀπὸ
1187 5744 1283 5815 τῆς
1309 5743 1545 5810 πίστεως
1580 5745 1613 5815 ὴ
1647 5761 1753 5799 σω-

198 5833 349 5905 τηρία
373 5836 501 5909 ἡμῖν
532 5838 623 5893 καὶ
651 5838 685 5910 ἠ
715 5834 853 5911 ζωὴ,
890 5837 995 5895 κᾶν
1030 5834 1471 5910 ιπικαταράτους
1512 5839 1753 5902 ἐκείνους

1852 3256 1921 3299 ne
1957 3242 2167 3298 scilicet
2198 3240 2402 3298 Iudaeis
2432 3241 2619 3297 liceret
2644 3239 2795 3296 nullo
2820 3239 3019 3295 timore
3049 3240 3253 3306 vivere,
3286 3240 3418 3296 etin

1849 3336 2149 3386 extremam
2198 3328 2414 3401 prolabi
2477 3329 2769 3385 malitiam.
2829 3326 3178 3401 Quapropter
3242 3330 3415 3402 legem

1850 3419 2028 3476 instar
2050 3420 2189 3477 freni
2220 3422 2534 3493 impositam
2558 3422 2642 3480 eis
2674 3420 2867 3487 fuisse,
2894 3436 3018 3493 qua:
3050 3421 3202 3493 ipsos
3229 3421 3417 3478 erudi-

1848 3520 1954 3579 ret,
1986 3520 2472 3589 componeretque,
2504 3529 2607 3572 nec
2656 3514 2865 3571 sineret
2924 3512 3166 3581 violare,
3214 3514 3259 3571 si
3305 3530 3417 3571 non

1849 3603 2051 3670 omnia,
2086 3611 2235 3661 certe
2266 3605 2481 3677 aliquot
2524 3612 2821 3677 praecepta.
2852 3600 3152 3677 Usqueqno
3198 3606 3421 3662 autem?

1852 3695 2036 3769 Usque
2056 3698 2184 3753 dum
2211 3700 2424 3756 veniret
2454 3714 2641 3758 semen
2670 3698 2759 3755 cui
2787 3696 3143 3770 promiserat.

1924 3804 1946 3840 ι
1980 3786 2166 3845 Donec
2191 3790 2403 3847 veniret
2441 3805 2651 3859 semen,
2682 3788 2772 3846 eui
2801 3773 3103 3863 promissio
3134 3786 3276 3845 facta
3313 3796 3417 3857 cst,

1849 3879 2103 3937 ordinata
2137 3896 2237 3953 per
2261 3883 2505 3953 angelos.
2528 3901 2549 3936 ι

1918 3972 2199 4031 Christum
2227 3975 2442 4047 quidem
2469 3992 2645 4032 semen
2696 3974 2854 4056 dicit.
2882 3974 2973 4031 Ait
2998 3988 3134 4032 vero
3172 3993 3187 4032 :
3228 3975 3411 4047 Usque

1850 4068 1919 4126 ad
1953 4068 2242 4125 adventum
2260 4069 2467 4128 Christi
2500 4072 2586 4128 lex
2619 4070 2746 4126 data
2782 4079 2896 4138 est;
2930 4085 3031 4128 cur
3055 4085 3176 4129 eam
3204 4069 3421 4144 longius

1850 4169 1906 4218 et
1932 4162 2076 4219 ultra
2111 4170 2325 4235 tempus
2358 4162 2667 4236 prorogas?

1924 4296 1945 4330 ι
1976 4275 2034 4332 1n
2064 4292 2231 4333 manu
2255 4276 2596 4335 Mediatoris.
2640 4277 2833 4351 [Vnam
2865 4278 2986 4350 20.]
3027 4276 3291 4335 Mediator
3327 4294 3423 4333 an-

1851 4376 1961 4426 tem
1998 4369 2162 4427 unius
2192 4385 2302 4427 non
2341 4380 2427 4427 est
2460 4390 2474 4425 :
2517 4369 2664 4427 Deus
2695 4387 2824 4429 vero
2851 4388 2994 4429 unus
3028 4381 3133 4428 est.
3176 4390 3194 4423 ι

1924 4484 2027 4542 liic
2053 4483 2329 4542 Christum
2360 4486 2563 4553 innuit,
2587 4487 2677 4556 qui
2700 4494 2754 4543 et
2776 4486 2945 4559 legem
2977 4487 3253 4557 quondam
3286 4502 3418 4558 prm-

1854 4579 2000 4637 buit’.
2031 4580 2190 4648 Quod
2229 4580 2274 4637 si
2312 4582 2360 4637 is
2391 4580 2562 4651 legem
2596 4580 2744 4645 tulit,
2784 4596 2953 4653 penes
3005 4581 3159 4637 illum
3195 4596 3416 4653 quoque
3508 4582 3515 4591 '

1855 4675 1928 4733 sit
1955 4680 2177 4749 oportet
2204 4688 2324 4731 eam
2358 4672 2540 4730 denuo
2572 4674 2808 4732 solvere.

1924 4792 2089 4850 Vens.
2126 4792 2218 4847 2|.
2261 4810 2279 4844 ι
2318 4790 2427 4847 Lex
2487 4806 2621 4862 ergo
2656 4790 2919 4849 adversus
2958 4790 3229 4865 promissa
3288 4788 3429 4846 Dei?

1856 4885 2018 4943 absit.
2048 4884 2107 4941 Si
2131 4885 2278 4940 enim
2302 4884 2428 4939 data
2463 4893 2609 4940 esset
2642 4884 2728 4940 lex
2755 4900 2878 4955 qua:
2902 4891 3089 4957 posset
3125 4882 3421 4949 viviﬁcarc,

1854 4997 1981 5037 vere
2018 4995 2085 5037 ex
2122 4979 2240 5053 lege
2268 4987 2414 5038 esset
2443 4979 2687 5050 justitia.
2728 4999 2747 5031 ι

1922 5092 2057 5149 Nam
2076 5094 2124 5150 si
2154 5090 2349 5150 semini
2376 5090 2648 5147 Abraham
2673 5090 2813 5148 datae
2835 5089 3242 5148 benedictiones
3270 5099 3423 5147 sunt.

1853 5183 1938 5237 lex
1976 5189 2155 5237 autem
2188 5180 2621 5239 exsecrationem
2666 5180 2926 5249 adducit;
2960 5182 3043 5238 lex
3090 5180 3261 5254 igitur
3294 5197 3425 5251 pro-

1853 5272 2210 5331 missionibus
2250 5269 2343 5328 Dei
2370 5270 2712 5328 adversatur.
2772 5272 2985 5344 Inspice
3022 5285 3153 5329 vero
3198 5272 3423 5344 quinam

1855 5368 1958 5425 hoc
2003 5367 2200 5424 solvat.
2248 5364 2495 5422 Primum
2547 5365 2769 5438 quidem
2834 5366 3182 5438 abnegando,
3210 5363 3423 5433 dicens,

1855 5461 2025 5527 Absit,
2065 5475 2290 5533 remque
2321 5460 2460 5517 adeo
2496 5458 2957 5517 absurdissimam
3001 5468 3190 5546 cen‘set
3237 5478 3254 5517 :
3308 5468 3422 5516 tum

1853 5553 2053 5613 deinde
2078 5552 2261 5611 valida
2291 5552 2733 5622 ratiocinatione,
2766 5569 2889 5626 qum
2908 5550 3176 5624 ejusmodi
3208 5560 3295 5610 est
3322 5568 3337 5607 :
3364 5551 3423 5609 Si

1852 5650 1907 5707 in
1934 5648 2052 5723 lege
2075 5649 2197 5706 vita:
2228 5663 2379 5720 spem
2409 5647 2818 5715 habuissemus,
2856 5648 3055 5721 inquit,
3089 5647 3202 5705 hac
3237 5645 3419 5703 forsan

1854 5746 2003 5796 recte
2032 5739 2112 5798 illi
2139 5738 2433 5798 dicerent:
2474 5738 2559 5798 sin
2614 5754 2746 5797 vero
2790 5755 2819 5796 a
2875 5738 2981 5795 ﬁde
3018 5738 3170 5796 salus
3202 5738 3421 5809 vitaque

1855 5842 2140 5904 parantur,
2176 5834 2392 5892 tametsi
2446 5834 2528 5893 lex
2570 5833 2707 5893 diris
2759 5833 2899 5894 alios
2956 5832 3243 5903 devoveat,
3286 5830 3419 5891 nihil
