3928 6264
219 281 318 344 809

1359 276 1445 342 ΙΝ
1479 279 1722 344 EPIST.
1762 283 1865 345 AD
1902 281 2259 345 GALATAS.

3362 285 3469 352 830

219 392 310 463 τῆς
335 386 589 461 χάριτοςο
617 384 649 440 6
704 384 762 441 δέ
817 385 1086 455 ἀπιστῶν,
1135 386 1290 444 οὐδὲν
1326 391 1600 464 κερδαίνει
1633 391 1786 464 παρὰ

1911 393 2083 462 nidat,
2108 392 2303 450 virtuti
2361 395 2554 466 gratia
2582 395 2910 457 incredulus
2946 408 3031 457 est
3062 418 3077 457 :
3109 399 3202 471 qui
3243 401 3466 458 demum

217 483 307 555 τῆς
332 479 767 552 ἀπιστουμένης.

281 684 300 718 ι
331 662 698 736 Μαρτύρομαι
751 662 810 718 δέ
867 663 1031 720 πάλιν
1085 662 1252 718 παντὶ
1310 659 1584 736 ἀνθρώπῳ
1635 681 1789 736 περι-

212 755 543 828 τεμνομένῳ,
563 756 646 810 ὅτι
667 754 953 826 ὀφειλέτης
979 757 1130 810 ἐστὶν
1149 755 1272 810 ὅλον
1303 755 1398 810 τὸν
1434 755 1602 828 νόμον
1625 757 1787 828 ποεῖν

211 865 318 904 σαι.
355 847 758 920 Κατηργήθητε
786 847 1002 904 ἀπὸτοῦ
1023 847 1282 918 Χριστοῦ.
1320 867 1340 902 ι

275 943 391 997 Ίνα
415 941 525 1014 γὰρ
557 941 634 1014 μὴ
665 942 896 1016 νομίσῃς
921 944 1046 997 κατ’
1060 940 1266 1013 ἔχθραν
1297 941 1478 996 ταῦτα
1507 941 1786 1011 λέγεσθαι,

208 1037 302 1109 οὐχ
335 1036 466 1107 ὑμῖν
520 1035 684 1109 μόνον
743 1035 910 1106 λέγω,
971 1035 1159 1107 φησὶν,
1200 1034 1340 1090 ἀλλά
1385 1036 1482 1090 καὶ⁵
1504 1037 1671 1092 παντὶ
1693 1037 1790 1094 ἀν·

209 1127 408 1202 θρὼταρ
438 1126 912 1202 περιτεμνομένῳ,
942 1129 1025 1184 ὃτι
1048 1127 1336 1202 ὀφειλέτης
1366 1129 1518 1183 ἐστὶν
1545 1129 1666 1184 ὅλον
1699 1130 1792 1185 τὸν

206 1222 370 1294 νόμον
408 1222 723 1296 πληρῶσαι.
756 1221 1032 1294 Ἀλλήλων
1052 1221 1163 1294 γὰρ
1208 1222 1396 1294 ἔχεται
1453 1222 1524 1278 τὰ
1558 1223 1787 1296 νόμιμα.

209 1315 316 1371 Καὶ
344 1316 464 1381 πῶς
484 1356 500 1383 ,
530 1315 718 1370 ἄκουε.
761 1315 828 1369 Ἦ
859 1312 1136 1387 περιτομὴ
1169 1313 1361 1370 Θυσίαν
1395 1315 1511 1387 ἔχει
1536 1315 1792 1382 συνεζευ-

209 1409 435 1482 γμὲνην,
467 1407 680 1482 ἡμέρας
736 1409 1159 1481 παρατήρησιν
1193 1411 1227 1479 ἡ
1259 1407 1427 1463 θυσία
1469 1408 1654 1475 πάλιν,
1698 1409 1794 1463 καὶ

211 1505 420 1579 ἡμέρας
451 1505 549 1559 καὶ
579 1504 744 1560 τόπου
771 1503 1024 1575 φυλακήν
1042 1519 1055 1532 '
1086 1504 1115 1557 ὁ
1143 1503 1333 1569 τόπος,
1359 1502 1571 1575 μυρίων
1591 1501 1793 1576 καθαρο

213 1597 326 1671 μῶν
351 1598 616 1671 τρόπους.
645 1597 712 1652 Οί
769 1595 1070 1670 καθαρμοὶ,
1120 1595 1325 1665 πλῆθος
1351 1595 1794 1666 παρατηρήσεων

208 1689 540 1760 εἰσάγωσιν.
573 1689 688 1744 Οὐκ
742 1687 898 1742 ἐᾶται
928 1685 1052 1759 7&9
1114 1686 1425 1755 ἀκάθαρτος
1476 1683 1648 1752 θύειν,
1694 1685 1794 1758 οὐχ

211 1783 372 1857 ιερῶν
407 1781 712 1838 ἐπιϐαίνειν
733 1781 965 1846 ἀδύτων,
1019 1779 1120 1834 οὐκ
1147 1778 1276 1834 ἀλλο
1306 1795 1358 1832 τι
1402 1777 1514 1834 τῶν
1533 1777 1793 1833 τοιούτων
1829 1761 1870 1818 Β

208 1880 382 1934 ποιεῖν
403 1877 584 1949 θέμις.
633 1874 724 1929 Διδ
749 1875 846 1930 καὶ
887 1871 1060 1928 πολλά
1099 1872 1394 1943 ἐφέλκεται
1421 1870 1514 1927 διά
1544 1873 1674 1944 μιᾶς
1708 1873 1794 1925 ἐν·

206 1970 364 2036 τολῆς
391 1972 421 2025 ὁ
440 1971 627 2042 νόμος.
652 1970 750 2022 Ἂν
776 1967 958 2022 τοίνυν
979 1963 1544 2039 περιτ[ε]μ[ν]ηθείης
1569 1964 1686 2034 μὲν,
1719 1965 1794 2036 μὴ

210 2065 266 2117 ἐν
293 2065 362 2135 τῇ
403 2061 566 2134 ὀγδόη
622 2061 829 2135 ἡμέρᾳ,
865 2060 899 2130 ἢ
924 2060 983 2113 ἐν
1005 2061 1073 2130 τῇ
1100 2057 1264 2131 ὀγδόῃ
1301 2058 1420 2130 μὶν,
1439 2061 1514 2130 μὴ
1539 2056 1706 2130 θύσῃς
1735 2058 1794 2111 δὲ

210 2159 244 2230 ἢ
270 2157 439 2232 θύσῃς
474 2155 598 2229 μὲν,
633 2156 712 2227 μὴ
743 2156 800 2208 ἐν
828 2153 906 2225 τῷ
939 2151 1233 2225 ὡρισμένῳ
1259 2153 1316 2206 δὲ
1343 2151 1522 2224 τόπφο
1556 2151 1588 2223 ἦ
1635 2154 1691 2205 ἐν
1717 2151 1795 2224 τῷ

211 2251 500 2324 ὡρισμένῳ
529 2249 702 2320 τόπῳ,
737 2245 814 2319 μὴ
836 2246 908 2300 τὰ
947 2243 1316 2317 νενομισμένα
1357 2244 1414 2298 δέ
1434 2261 1449 2276 ο
1484 2244 1516 2316 ἢ
1546 2244 1614 2298 τὰ
1642 2263 1794 2298 νενο-

217 2344 452 2416 μισμένα
486 2341 605 2414 μὲν,
661 2340 738 2412 μὴ
782 2336 1024 2410 καθαρὸς
1055 2337 1145 2392 δὲ’
1205 2337 1239 2407 ἢ
1290 2335 1532 2409 καθαρὸς
1562 2335 1663 2408 μὲν
1696 2336 1790 2401 ὢν,

214 2440 272 2493 οὐ
303 2441 418 2500 τοῖς
465 2435 806 2508 προσήκουσι
845 2430 904 2486 δὲ
966 2430 1194 2502 θεσμοῖς
1249 2428 1568 2500 καθαρθεὶς,
1617 2430 1793 2482 πάντα

215 2532 416 2604 οἴχεται
473 2530 680 2583 ἐκεῖνα.
725 2523 829 2579 Διὰ
877 2521 1039 2578 τοῦτό
1078 2539 1268 2592 φησιν,
1320 2522 1402 2575 ὅτι
1449 2521 1794 2591 Ὀφειλέτης

213 2619 380 2676 ἐστίν
406 2617 560 2674 ὅλον
591 2617 699 2672 τὸν
719 2616 907 2686 νόμον
923 2608 1262 2680 πληρῶσαι.

293 2909 314 2945 ι
339 2890 556 2956 οῐτινες
605 2890 666 2944 ἐν
717 2886 871 2961 νόμῳ
920 2883 1257 2952 δικαιοῦσθε,
1305 2883 1403 2955 τῆς
1461 2885 1680 2959 χάριτος
1710 2884 1795 2952 ἐξ-

217 2989 458 3045 sulcare.
491 3005 514 3041 ο

1893 485 2218 544 incredulus
2248 499 2355 555 est,
2393 490 2528 546 nihil
2573 492 2806 561 juvatur
2855 493 2926 548 ab
2961 508 3025 549 ea
3069 496 3161 549 cui
3191 491 3326 550 ﬁdes
3360 511 3470 550 non

1890 581 2144 640 habetur.

1953 672 2122 729 Vsus.
2153 674 2208 740 5,
2237 677 2292 730 4.
2339 695 2357 727 ι
2397 677 2695 732 Testilicor
2744 686 2926 732 autem
2973 693 3170 735 rursus
3199 678 3348 733 omni
3377 678 3474 732 ho-

1892 767 2028 822 mini
2065 767 2484 826 circumeidenti
2536 785 2620 838 se,
2670 771 2936 841 quoniam
2981 772 3197 828 debitor
3229 781 3314 827 est
3350 773 3474 827 uni-

1890 876 2067 918 verse
2107 862 2246 932 legis
2291 862 2586 919 faciendae.
2637 863 2902 919 Evacuati
2943 865 3072 921 estis
3113 880 3142 917 a
3168 863 3412 919 Christo.
3449 882 3468 914 ι

1963 954 2182 1011 Etenim
2228 970 2299 1012 ne
2349 956 2638 1014 existimes
2677 957 2794 1012 hac
2838 957 3068 1012 inimico
3095 955 3204 1012 dici
3241 955 3473 1012 animo:

1893 1062 2006 1104 non
2039 1049 2196 1106 vobis
2241 1050 2421 1108 solum
2469 1051 2616 1117 dico,
2653 1049 2856 1122 inquit,
2907 1051 3003 1108 sed
3048 1057 3106 1106 et
3155 1050 3475 1121 cuicunque

1891 1139 2122 1207 homini,
2171 1142 2427 1214 quisquis
2465 1143 2908 1210 circumciditur,
2966 1141 3113 1214 quod
3153 1141 3372 1201 debitor
3397 1139 3475 1197 sit

1893 1235 2068 1290 latius
2118 1235 2256 1306 legis
2303 1235 2620 1305 implendaa.
2667 1235 2805 1291 Nam
2837 1234 2975 1307 legis
3023 1243 3299 1307 praecepta
3329 1234 3474 1288 inter

1893 1340 1955 1382 se
2005 1325 2305 1382 cohaerent.
2359 1325 2478 1393 Qua
2529 1342 2661 1383 vero
2721 1327 2974 1383 ratione?
3029 1325 3226 1381 audias
3287 1316 3469 1380 velim.

1891 1418 2261 1476 Circumcisio
2335 1420 2776 1476 immolationem
2858 1420 3210 1475 victimarum
3277 1417 3475 1488 adjun-

1893 1518 2040 1566 ctam
2073 1512 2259 1578 habet,
2298 1520 2356 1567 et
2389 1512 2605 1568 dierum
2654 1513 3122 1578 observationem,
3172 1509 3474 1566 immolatio

1894 1619 2120 1660 rursum
2173 1614 2228 1661 et
2270 1605 2384 1662 diei
2417 1617 2472 1662 et
2502 1607 2606 1661 loci
2644 1605 2956 1661 cautionem
2989 1623 3003 1660 :
3037 1605 3215 1668 locus,
3247 1602 3316 1659 ad
3345 1618 3474 1660 sex-

1893 1705 2091 1752 centos
2144 1695 2545 1752 lustrationum
2625 1698 2792 1763 ritus,
2873 1697 3345 1767 lustrationesque
3407 1694 3474 1747 ad

1896 1803 2126 1845 examen
2172 1790 2457 1860 quoddam
2514 1790 2968 1847 Observationum
3030 1789 3304 1863 obligant.
3355 1786 3475 1842 Non

1895 1881 2042 1936 enim
2071 1882 2294 1953 impuro
2335 1882 2421 1939 fas
2454 1890 2539 1938 est
2588 1883 2898 1949 immolare,
2927 1897 3037 1937 non
3067 1896 3226 1938 sacra
3259 1879 3476 1951 ingredi

1895 1975 2083 2046 adyta,
2144 1989 2257 2029 non
2305 1972 2530 2044 quidvis
2584 1973 2732 2028 aliud
2793 1972 2994 2030 facere.
3041 1973 3313 2039 Quocirca
3365 1986 3478 2025 uno

1897 2076 2172 2138 praecepto
2204 2067 2378 2121 multa
2413 2068 2500 2122 lex
2536 2068 2726 2122 trahit.
2763 2066 3049 2140 Siquidem
3083 2080 3214 2138 ergo
3245 2066 3480 2120 circum-

1893 2161 2120 2227 cidaris,
2151 2177 2260 2215 non
2297 2168 2480 2216 autem
2513 2169 2711 2217 octava
2742 2161 2866 2224 die;
2913 2169 3009 2216 aut
3044 2161 3090 2215 si
3137 2167 3332 2214 octava
3365 2157 3475 2224 die,

1896 2263 1951 2308 at
1987 2271 2096 2309 non
2153 2255 2570 2324 immolaveris;
2607 2263 2706 2310 aut
2737 2256 2783 2310 si
2833 2255 3109 2322 immoles,
3154 2269 3264 2310 non
3297 2261 3476 2308 autem

1896 2348 1953 2404 in
1982 2349 2108 2404 loco
2139 2350 2504 2420 praescripto;
2538 2350 2626 2406 sin
2667 2349 2834 2406 etiam
2884 2350 2940 2404 in
2975 2348 3300 2419 praescripto
3329 2347 3476 2410 loco.

1897 2458 2008 2498 non
2049 2459 2181 2498 vero
2213 2460 2335 2514 qua:
2389 2444 2478 2499 lex
2532 2443 2837 2510 decernat;
2896 2442 2980 2498 vel
3030 2442 3076 2498 si
3109 2456 3170 2498 ea
3206 2457 3330 2512 qua!
3361 2441 3480 2512 lege

1895 2537 2296 2603 decernuntur,
2353 2551 2550 2593 verum
2603 2551 2710 2591 non
2749 2539 2828 2594 sis
2864 2536 3148 2592 mundus:
3202 2533 3362 2606 172
3396 2535 3479 2590 vel

1895 2630 1940 2687 si
1970 2631 2229 2696 mundus,
2273 2646 2385 2687 non
2421 2638 2609 2688 autent
2647 2629 3120 2687 convenientibus
3145 2627 3344 2685 ritibus
3380 2644 3480 2700 pu-

1897 2723 2170 2788 rificatus,
2230 2730 2433 2778 cuncta
2490 2723 2585 2778 illa
2619 2728 2897 2795 'pereunt.
2953 2720 3322 2789 Quamobrem
3353 2721 3476 2776 ait:

1899 2814 2117 2871 Debitor
2153 2825 2231 2871 est
2265 2816 2429 2872 totius
2457 2815 2587 2887 legis
2618 2814 2920 2884 implenda.

1966 2927 1985 2960 ι
2016 2907 2119 2976 Qui
2147 2909 2202 2964 in
2238 2908 2358 2980 lege
2382 2907 2796 2979 justiﬂcamini,
2843 2905 3026 2980 gratia
3057 2905 3367 2964 excidistis.
3395 2924 3415 2959 ι

281 3083 393 3139 Καὶ
431 3082 526 3137 διά
554 3079 654 3154 τῆς
685 3077 962 3142 κολάσεως
995 3075 1243 3147 ἐκφοσεῐ.
1281 3077 1347 3133 Τί
1391 3077 1498 3149 γὰρ
1518 3076 1580 3131 τὸ
1605 3077 1791 3135 λειπό-

1969 3087 2431 3144 lnterminatione
2511 3086 2684 3144 etiam
2760 3085 3023 3160 supplicii
3081 3094 3275 3144 terret.
3333 3085 3478 3154 Quid

223 3194 373 3251 μενον
421 3178 525 3249 τῆς
584 3174 806 3250 χάριτος
860 3169 1252 3238 ἐκπίπτουσιν,
1323 3171 1446 3227 ἀλλ’
1492 3171 1526 3244 ἢ
1568 3171 1795 3235 κόλασις

1911 3180 2046 3236 enim
2081 3178 2230 3235 aliud
2264 3178 2510 3251 supersit
2544 3179 2657 3236 illis
2697 3177 2793 3249 qui
2829 3193 2860 3234 a
2892 3179 3070 3251 gratia
3112 3177 3469 3243 exciderunt,

219 3271 590 3343 ἀπαραίτητος
609 3286 628 3338 ;

292 3382 311 3416 ι
349 3364 546 3436 Ἥμεῐς
582 3361 691 3435 γὰρ
744 3357 1026 3432 πνεύματι
1073 3359 1139 3414 ἐκ
1170 3356 1428 3424 πίστεως,
1477 3354 1670 3411 ἐλπίδα
1713 3354 1798 3408 δι-

223 3458 516 3531 καιοσύνης
553 3455 988 3530 ἀπεκδεχόμεθα.
1037 3473 1056 3506 ι

288 3553 541 3626 Πτοήσας
604 3550 695 3605 διὰ
736 3549 837 3619 τῆς
884 3547 1193 3614 κολάσεως,
1247 3545 1412 3601 πάλιν
1459 3545 1556 3601 ἐπὶ
1600 3542 1798 3617 λιμένα

224 3644 570 3718 παραμυθίας
595 3641 792 3706 αὐτοὺς
821 3641 966 3710 ἀγει,
987 3639 1162 3710 λέγων
1186 3655 1206 3672 ⁸
1241 3638 1404 3693 Οὐδὲν
1435 3636 1660 3692 ἐκείνων
1690 3635 1802 3690 δεό-

229 3738 362 3812 μεθα
388 3738 501 3793 τῶν
534 3735 800 3808 νομίμων,
826 3733 1010 3805 φησίν.
1050 3732 1238 3805 Ἀρκεῖ
1271 3731 1380 3804 γὰρ
1409 3732 1442 3804 η
1466 3730 1648 3794 πίστις
1667 3730 1799 3801 ἡμῖν

227 3831 444 3904 Πνεῦμα
477 3829 806 3901 παρασχεῖν,
850 3826 944 3880 καὶ
970 3825 1036 3878 δι’
1080 3825 1251 3897 αὐτῆς
1288 3822 1661 3894 δικαιοσύνην,
1703 3824 1799 3877 καὶ

228 3924 387 3980 πολλά
414 3920 630 3996 μεγάλα
653 3919 852 3990 ἀγαθά.

299 4141 317 4177 ι
357 4123 447 4178 Ἑν
466 4123 578 4196 γὰρ
603 4121 828 4194 Χριστῷ
868 4121 1044 4192 Ἰησοῦ
1068 4118 1194 4178 οὔτε
1223 4123 1495 4194 περιτομή
1526 4140 1578 4176 τι
1602 4121 1798 4194 ίσχύει,

225 4217 344 4271 οὖτα
372 4215 731 4290 ἀκροὸυστία,
775 4213 914 4270 ἀλλά
965 4213 1153 4280 πίστις
1194 4214 1262 4268 δι’
1293 4214 1520 4285 ἀγάπης
1551 4215 1799 4288 ἐνεργου-

231 4306 380 4379 μίνη.
419 4306 708 4380 Ἐτρέχετε
734 4305 938 4372 καλῶς,
969 4304 1052 4369 τίς
1067 4304 1213 4378 ὑμᾶς
1235 4305 1461 4380 ἐνέκοψε
1484 4307 1551 4379 τῇ
1573 4305 1804 4378 ἀληθείᾳ

232 4399 302 4472 μὴ
330 4400 649 4468 moueat;
692 4419 712 4454 t

1897 3272 2006 3331 nisi
2036 3271 2375 3345 supplicium
2403 3271 2852 3344 indeprecabile?

1968 3364 2142 3442 Vens.
2175 3365 2229 3422 5.
2263 3383 2286 3419 ε
2318 3363 2432 3423 Nos
2457 3365 2604 3422 enim
2636 3365 2837 3435 spiritu
2869 3379 2936 3421 ex
2977 3363 3108 3430 ﬁde,
3139 3361 3480 3434 spemjusti-

1900 3459 1987 3516 tite
2021 3465 2437 3532 exspectamus.

1969 3553 2343 3626 Posteaquam
2408 3552 2689 3624 supplicio
2735 3566 2834 3608 eos
2865 3550 3125 3622 perculit,
3163 3550 3230 3606 ad
3258 3559 3482 3623 portum

1898 3663 2097 3706 rursus
2117 3647 2523 3704 consolationis
2554 3647 2679 3702 illos
2711 3653 2956 3713 revocat,
2998 3645 3084 3702 his
3128 3645 3240 3702 fere
3272 3645 3477 3702 verbis.

1897 3741 2045 3798 Nihil
2093 3740 2249 3797 hisce
2275 3740 2567 3812 praeceptis
2606 3739 2744 3811 legis
2775 3754 2916 3810 opus
2945 3739 3234 3802 habemus,
3274 3739 3480 3810 inquit.

1897 3834 2035 3892 Nam
2064 3834 2266 3892 sutlicit
2305 3834 2437 3891 ﬁdes
2463 3834 2534 3890 ad
2565 3832 2671 3888 hoc
2707 3840 2767 3888 ut
2801 3833 2971 3890 donet
2997 3833 3158 3890 nobis
3185 3832 3480 3903 Spiritum,

1903 3945 2127 4001 unaque
2173 3929 2476 3999 justitiam,
2511 3938 2564 3983 et
2614 3928 2852 4000 plurima
2907 3928 3141 3999 insuper
3187 3936 3242 3984 et
3283 3943 3483 3999 magna

1901 4023 2070 4078 dona.
2519 4078 2523 4082 .

1973 4114 2137 4171 Vens.
2168 4115 2225 4180 6,
2259 4113 2311 4169 7.
2377 4132 2394 4166 ι
2427 4112 2564 4169 Nam
2617 4113 2669 4168 in
2696 4112 2921 4170 Christo
2969 4109 3102 4169 Jesu
3156 4127 3336 4182 neque
3368 4109 3484 4166 cir-

1902 4210 2182 4267 cumcisio
2212 4208 2426 4280 aliquid
2469 4215 2636 4275 valet,
2675 4221 2857 4279 neque
2899 4205 3250 4278 praeputium,
3285 4205 3381 4261 sed
3415 4204 3481 4259 li-

1901 4305 2000 4362 des
2057 4320 2182 4378 qua:
2235 4319 2333 4376 per
2407 4303 2743 4359 charitatem
2814 4308 3095 4373 operatur.
3162 4297 3484 4353 Currebatis

1902 4401 2082 4457 bene;
2114 4399 2244 4471 quis
2273 4413 2373 4454 vos
2424 4397 2709 4468 impedivit
2744 4395 2962 4452 veritati
2995 4409 3109 4449 non
3146 4391 3412 4449 obedire?
3458 4410 3478 4443 ι

301 4493 361 4549 '0
389 4493 501 4565 7&9
528 4494 622 4549 τὸν
681 4494 915 4568 Χριστὸν
951 4495 1334 4567 ἐνδυσάμενος,
1374 4492 1576 4566 μηκέτι
1618 4493 1794 4550 ταῦτα

1965 4494 2101 4550 Nam
2132 4496 2226 4566 qui
2257 4493 2427 4549 semel
2456 4491 2736 4548 Christum
2771 4490 2976 4556 induit,
3003 4497 3234 4556 caveat,
3266 4487 3483 4560 inquit,

234 4587 689 4660 περωργαζέσθω,
722 4590 908 4661 φησίν.

302 4701 320 4734 ι
350 4682 412 4735 Ἠ
439 4680 728 4756 πεισμονὴ,
760 4683 862 4737 οὐκ
882 4684 947 4738 ἐκ
969 4680 1064 4738 τοῦ
1095 4682 1387 4750 καλοῦντος
1421 4685 1586 4758 ὑμᾶς.
1631 4702 1650 4736 ›

297 4862 366 4916 οὐ
397 4862 486 4918 διὰ
506 4861 666 4917 τοῦτο
712 4863 975 4919 ἐκάλεσεν
1015 4864 1162 4936 ὑμᾶς
1192 4865 1221 4918 ὁ
1261 4862 1462 4931 καλῶν,
1489 4862 1630 4918 ὥστε
1659 4863 1801 4920 οὕτω

246 4953 547 5010 σαλεύεσθαι
570 4971 584 4988 ο
607 4955 729 5010 οὔτε
752 4955 1167 5026 ἐνομοθέτησεν,
1196 4954 1345 5010 ὥστε
1383 4957 1715 5020 Ἰουδαΐζειν.

314 5157 332 5192 ι
360 5138 544 5212 Μικρά
573 5140 719 5213 ζύμη
757 5139 875 5195 ὅλον
896 5139 955 5193 τὸ
988 5135 1216 5212 φύραμα
1242 5139 1424 5212 ζυμοῖ,
1462 5158 1478 5190 ι

311 5333 421 5392 ἰνα
485 5339 557 5411 μή
616 5355 702 5402 τις
761 5337 917 5410 λέγῃ,
947 5336 1014 5393 Τί
1044 5337 1104 5392 τὸ
1153 5339 1387 5409 πρᾶγμα
1420 5334 1671 5407 ἐπαίρεις
1722 5333 1802 5405 τῷ

253 5430 408 5503 λάγφς
441 5433 564 5503 μίαν
607 5431 824 5505 δντολὴν
865 5429 1036 5504 μόνην
1095 5430 1443 5501 ἐφυλάξαμεν
1469 5427 1564 5483 τοῦ
1613 5428 1800 5500 νόμου,

255 5523 338 5580 καὶ
369 5524 598 5581 τοσαῦτα
612 5523 887 5597 θορυσεῐς;
919 5523 1151 5580 ἄκουσον
1187 5521 1302 5585 πῶς
1335 5520 1562 5590 ἐκφοϐεῖ
1590 5520 1676 5574 διὰ
1705 5518 1799 5574 τοῦ

258 5618 688 5691 πραθιίγματος.
730 5619 799 5673 Ὀ
824 5617 881 5673 δέ
914 5616 1082 5687 λέγει,
1108 5615 1348 5671 τοιοῦτόν
1380 5617 1549 5670 ἐστιν’
1589 5616 1804 5687 Ὠσπερ

257 5707 448 5785 ἠζύμη
479 5715 650 5786 μικρά
681 5730 766 5779 τις
784 5708 924 5768 οὖσα
956 5711 1076 5766 ὅλον
1115 5709 1180 5766 τδ
1217 5709 1450 5784 φύραμα
1495 5711 1572 5774 είς
1602 5709 1801 5781 ἐαυτὴν

265 5805 604 5878 μετατίθησιν,
631 5803 772 5861 οὕτω
799 5805 896 5860 sui.
918 5803 1065 5878 ὑμᾶς
1108 5801 1363 5875 δύναταιξ
1397 5801 1584 5876 φησὶν,
1617 5802 1677 5857 τὸ
1706 5821 1797 5874 μι-

529 5903 798 5968 ΡΑτιιοῖ..
819 5903 947 5991 βα.
969 5901 1143 5995 XCV.

1905 4605 1971 4645 ne
2002 4600 2125 4660 post
2152 4583 2346 4643 talium
2386 4585 2461 4642 sit
2491 4585 2774 4642 curiosus.

1974 4679 2147 4738 Vens.
2173 4681 2228 4736 8.
2266 4698 2290 4733 ι
2320 4678 2617 4736 Persuasio
2651 4678 2765 4734 haec
2801 4693 2910 4734 non
2942 4688 3028 4735 est
3072 4693 3138 4734 ex
3171 4691 3237 4734 eo
3263 4678 3358 4747 qui
3388 4689 3486 4732 vo-

1903 4783 1994 4832 cat
2022 4791 2141 4831 νοε.
2173 4794 2192 4828 ι

1967 4867 2086 4924 Non
2145 4868 2213 4922 ad
2269 4867 2374 4922 hoc
2424 4869 2640 4922 vocavit
2698 4881 2818 4932 ros,
2870 4866 2960 4935 qui
2997 4863 3234 4928 vocavit,
3291 4870 3352 4920 ut
3379 4861 3487 4920 hac

1906 4962 2071 5018 modo
2103 4961 2492 5028 ﬂuctuaretis;
2551 4976 2650 5016 nec
2688 4960 2861 5031 legem
2919 4957 3256 5031 praescripsit
3306 4956 3486 5022 vobis,

1907 5069 1963 5109 ut
1997 5054 2258 5111 Judaicos
2293 5069 2476 5110 mores
2507 5053 2881 5110 sectaremini.

1982 5148 2150 5203 Vens.
2179 5148 2234 5203 9.
2273 5166 2291 5199 ι
2336 5147 2612 5202 Modicum
2658 5146 2990 5202 fermentum
3042 5154 3214 5201 totam
3244 5158 3489 5201 massam

1903 5243 2231 5312 corrumpit.
2264 5262 2281 5293 ι

1974 5335 2048 5391 Ne
2077 5337 2224 5391 dicat
2254 5336 2458 5408 aliquis
2492 5334 2673 5403 :Quid
2699 5336 2771 5392 ita
2804 5336 2984 5391 verbis
3022 5351 3137 5390 rem
3186 5333 3494 5406 exagerasi

1905 5445 2075 5484 unum
2132 5429 2268 5499 legis
2321 5429 2644 5485 mandatum
2707 5431 3151 5496 observavimus,
3198 5438 3254 5486 et
3301 5436 3487 5484 tantos

1903 5525 2016 5578 cies
2067 5523 2380 5578 tumultus?
2438 5524 2563 5580 vide
2615 5525 2894 5593 quomodo
2958 5535 3227 5579 terrorem
3287 5521 3490 5577 incutit

1903 5616 2140 5672 adducto
2189 5617 2466 5688 exemplo.
2517 5616 2670 5683 Quod
2723 5634 2889 5691 porro
2937 5619 3093 5683 dicit,
3137 5618 3284 5673 hunc
3329 5616 3491 5671 habet

1905 5727 2150 5768 sensum.
2191 5713 2670 5781 Quemadmodum
2714 5716 3069 5781 fermentum,
3113 5711 3331 5772 tametsi
3370 5711 3492 5768 exi-

1905 5819 2072 5875 guum
2107 5806 2205 5873 sit,
2251 5813 2425 5862 totam
2471 5811 2925 5882 conspersionem
2962 5791 3019 5864 in
3082 5824 3142 5866 se
3184 5803 3493 5868 convertit.

2974 5903 3050 5965 26
