3870 6260
137 376 220 441 ιιι

1222 370 1308 434 IN
1341 371 1578 438 EPIST.
1614 373 1717 436 AD
1751 371 2112 437 GALATAS.

3226 369 3335 432 818

134 485 220 555 ιρι
244 475 406 554 βούλῃ.
439 475 515 550 μὴ
559 467 704 533 κατὰ
747 477 844 533 τού
874 477 1124 551 πλησίον,
1157 480 1234 548 ὡς
1281 485 1311 539 δ
1340 486 1654 557 Φαρισαῖος.

1774 483 1884 541 1cm
1911 482 2140 540 minime
2171 481 2426 541 convenit
2453 498 2469 536 :
2494 480 2578 536 sin
2607 487 2788 536 autem
2817 478 3023 539 lubeat,
3055 485 3111 532 at
3141 480 3334 534 saltem

132 573 218 628 Kal
237 569 374 627 τούτο
395 567 447 622 δι
477 568 877 642 συνεχώρησεν,
929 573 1017 628 ἵνα
1047 573 1111 629 τὸ
1135 575 1256 630 ὅλον
1286 578 1428 634 κατά
1454 578 1651 650 μικρὸν

128 665 270 737 ἐξέλῃ.
302 663 356 717 Ὅ
386 661 490 734 γὰρ
524 663 862 732 συνεθισθεὶς
891 668 972 733 είς
1001 668 1196 725 ἑαυτὸν
1236 669 1417 741 μόνον,
1444 669 1540 725 καὶ
1573 672 1651 744 μὴ

128 759 223 813 καθ’
242 757 445 829 ίτίρων,
471 756 569 810 καὶ
592 754 753 812 τοῦτο
782 759 994 832 ταχέως
1022 759 1380 834 διορθώσεται
1407 761 1471 816 τὸ
1493 762 1650 818 ἐλάτη

126 866 275 915 τωμα.

181 1061 199 1095 ι
236 1042 484 1108 Ἕκαστος
507 1041 618 1114 γάρ
645 1041 707 1098 τδ
735 1043 868 1098 ῐδιον
914 1045 1138 1118 φορτίον
1170 1045 1452 1118 βαστάσει.
1485 1066 1505 1101 a

173 1219 313 1272 Δοκεῖ
335 1217 430 1290 μὲν
461 1219 670 1274 τιθέναι
691 1220 953 1292 λογισμὸν
989 1223 1269 1280 κωλύοντα
1300 1224 1427 1280 καθ’
1460 1225 1653 1300 ἑτέρου

119 1311 407 1380 καυχᾶσθαι.
438 1311 761 1385 Διορθοῦται
810 1315 868 1370 δὲ
931 1317 1023 1371 τὸν
1077 1317 1455 1390 καυχώμενον,
1507 1317 1652 1374 ὥστε

118 1402 229 1470 μηδὲ
254 1401 331 1471 ἐφ’
363 1403 539 1474 ἑαυτῷ
572 1404 719 1476 μέγα
749 1410 988 1478 φρονεῖν,
1039 1409 1121 1473 είς
1173 1409 1382 1466 ἔννοιαν
1426 1409 1656 1481 ἀγαγὼν

116 1492 249 1545 αὑτὸν
278 1493 379 1548 τῶν
407 1495 624 1551 οἰκείων
645 1497 1061 1571 ἁμαρτημάτων
1085 1541 1102 1566 ,
1137 1500 1236 1554 καὶ
1258 1501 1380 1571 ,τοϊς
1425 1501 1657 1575 ὀνόμασι

114 1582 194 1637 τοῦ
219 1586 426 1658 φορτίου
451 1589 659 1655 πιέζων
685 1590 850 1645 αὐτοῦ
875 1591 937 1646 τὸ
968 1592 1228 1657 συνειδός.

174 1781 190 1814 ι
223 1765 553 1822 Κοινωνείτω
604 1766 663 1824 δὲ
717 1771 749 1824 ὁ
775 1772 1185 1845 κατηχούμενος
1225 1774 1320 1830 τὸν
1365 1776 1526 1847 λόγον
1574 1776 1656 1852 τῷ

1759 591 1871 633 non
1918 575 2185 633 adversus
2237 573 2585 647 proximum;
2647 572 2794 627 velut
2852 570 2947 627 ille
2999 569 3332 625 Pbarisaeu-s.

1757 666 1926 741 Atqui
1969 669 2075 726 hoc
2130 667 2434 735 concessit,
2467 675 2528 722 ut
2554 664 2819 736 paulatim
2852 670 3033 718 totum
3065 660 3332 717 auferret.

1757 758 1894 817 Nam
1925 761 2020 830 qui
2074 761 2129 816 in
2162 775 2316 816 more
2355 758 2609 815 habuerit
2649 755 2706 811 in
2741 755 2923 827 seipso
2950 751 3334 808 tantummodo

1757 855 1991 928 gloriam
2039 855 2267 921 habere,
2316 861 2372 911 et
2418 868 2526 909 non
2574 851 2839 908 adversus
2888 847 3052 917 alios,
3097 848 3149 906 is
3177 848 3333 906 brevi

1757 950 1862 1005 hoc
1892 964 2114 1020 quoque
2139 948 2334 1007 vitium
2369 944 2696 1003 correxerit.

1821 1039 1991 1096 Vens.
2044 1040 2096 1095 5.
2139 1057 2158 1092 ι
2213 1037 2605 1109 Unusquisque
2644 1035 2791 1092 enim
2822 1049 2965 1090 onus
3004 1047 3166 1089 suum
3207 1045 3334 1102 por-

1758 1133 1914 1188 tabit.
1951 1150 1971 1184 ι

1829 1221 2057 1278 Videtur
2095 1236 2409 1295 proponere
2441 1220 2712 1278 rationem
2761 1233 2884 1290 quae
2914 1217 3205 1290 prohibeat
3234 1216 3332 1274 3"

1757 1329 1952 1369 versus
2011 1312 2178 1368 alium
2260 1311 2504 1383 gloriari.
2567 1312 2834 1368 Caeterum
2900 1309 3333 1383 gloriabundnm

1758 1403 2010 1475 corrigit,
2045 1420 2115 1461 ne
2154 1404 2262 1460 sibi
2294 1404 2453 1460 valde
2483 1403 2725 1476 placeat,
2765 1419 3035 1461 revocans
3067 1404 3222 1461 illum
3262 1403 3341 1461 ad

1759 1495 2111 1568 propriorum
2161 1504 2525 1568 peccatorum
2588 1495 3120 1562 considerationem,
3172 1495 3339 1552 adhi-

1765 1589 1887 1646 bito
1919 1590 2153 1660 insuper
2201 1589 2378 1647 oneris
2417 1597 2468 1645 et
2503 1588 2734 1645 sarcina:
2771 1588 3014 1653 nomine,
3048 1603 3160 1660 quo
3201 1603 3338 1647 cons

1762 1681 2052 1738 scientiam
2089 1681 2242 1737 illius
2265 1691 2498 1753 premat.

1832 1772 2002 1832 Vsus.
2049 1773 2172 1831 6-9.
2237 1792 2257 1826 ι
2317 1774 2698 1831 Communicet
2757 1780 2942 1828 autem
2979 1772 3028 1828 is
3057 1772 3153 1844 qui
3184 1780 3341 1829 cate-

112 1853 402 1923 κατηχοῦντι
424 1859 484 1912 ὲν
515 1861 680 1914 πᾶσιν
711 1861 958 1932 ἀγαθοῖς.
981 1863 1075 1938 Μὴ
1105 1864 1404 1935 πλανᾶσθε,
1435 1870 1570 1935 Θεδς
1588 1873 1649 1926 οὺ

1774 1863 2004 1922 :bizatur
2034 1866 2224 1932 verbo,
2251 1863 2302 1920 ei
2359 1865 2454 1936 qui
2488 1879 2548 1920 se
2576 1863 2910 1928 catecltisat,
2952 1862 3007 1917 in
3072 1863 3338 1919 omnibus

112 1943 498 2015 μυκτηρίζεται.
541 1948 608 2001 Ὃ
637 1949 747 2022 γὰρ
791 1951 888 2006 ἐὰν
919 1954 1121 2028 σπείρῃ
1153 1955 1465 2029 ἅνθρωπος,
1493 1960 1655 2018 τοῦτο

105 2034 184 2086 καὶ
207 2033 421 2106 θερίσει.
457 2037 584 2093 Ὅτι
613 2040 643 2094 6
671 2041 914 2117 σπείρων
948 2047 1030 2112 είς
1078 2048 1180 2122 τὴν
1210 2050 1392 2123 σάρκα
1419 2052 1614 2109 ἑαυτοῦ
1633 2094 1653 2121 ,

107 2128 158 2177 ἐκ
179 2127 268 2197 τῆς
300 2130 500 2202 σαρκὸς
519 2131 724 2204 θερίσει
753 2136 981 2208 φθοράν.
1023 2139 1085 2196 '0
1122 2142 1180 2196 δὲ
1210 2143 1451 2218 σπείρων
1490 2147 1568 2213 είς
1592 2145 1654 2203 τὺ

104 2218 314 2291 πνεῦμα,
343 2223 406 2277 ιιι
439 2223 540 2280 τοῦ
564 2227 877 2300 πνεύματος
901 2231 1106 2304 θερίσει
1137 2235 1285 2310 ζωὴν
1316 2236 1560 2307 αἰώνιον,
1591 2239 1656 2296 τὸ

100 2310 148 2362 δὲ
174 2313 321 2367 καλὸν
353 2314 654 2385 ποιοῦντες,
688 2321 764 2391 μὴ
789 2324 1136 2397 ἐκωκῶμεν.
1171 2347 1190 2381 r

168 2489 421 2547 Ἐνταῦθα
445 2492 579 2564 περὶ
601 2493 712 2548 τῶν
731 2495 1071 2554 διδασκάλων
1103 2501 1264 2558 πάλιν
1292 2506 1321 2559 ὁ
1364 2505 1523 2576 λόγος
1555 2509 1654 2565 αύ-

97 2579 178 2651 τῷ,
204 2581 338 2676 ᾧστε
376 2587 583 2658 πολλῆς
621 2586 919 2646 ἀπολαύειν
947 2593 1101 2662 παρᾶ
1125 2595 1234 2649 τῶν
1279 2599 1654 2676 μαθητευομέ-

98 2692 187 2764 νων
227 2675 548 2749 θεραπείας.
577 2679 748 2737 Τοῦτο
801 2686 898 2738 καὶ
925 2685 954 2739 ὁ
983 2686 1218 2756 Χριστὸς
1267 2691 1648 2764 ἐνομοθέτησε.

98 2761 186 2818 Καὶ
209 2764 292 2822 διὰ
313 2768 368 2822 τί
393 2786 408 2839 ;
440 2772 632 2829 ἄκουε.
674 2771 896 2847 Ἐπειδὴ
933 2776 996 2830 τδ
1022 2761 1406 2836 διδασκαλικδν
1435 2761 1652 2858 ἀξίωμα

101 2857 331 2926 πολλάκις
357 2864 650 2935 κατεφύσα
679 2867 810 2932 τοὺς
847 2867 1094 2940 ἔχοντας,
1127 2875 1452 2931 καταπαίων
1472 2857 1654 2934 αὐτῶν

96 2950 142 3003 τὸ
169 2954 443 3027 φρόνημα,
481 2959 563 3023 είς
590 2958 839 3031 ἀνάγκην
865 2960 1063 3027 αὐτοὺς
1086 2963 1389 3036 κατέστησε
1416 2967 1513 3021 τοῦ
1543 2969 1654 3023 δεῖ-

95 3041 200 3134 σθαι
231 3047 338 3101 τῶν
369 3049 856 3122 μαθητευομένων,
883 3054 1171 3122 κάκείνους
1197 3056 1360 3112 πάλιν
1383 3059 1463 3124 είς
1484 3062 1658 3134 ἀφορ-

93 3131 184 3206 μὴν
232 3136 440 3211 ἤγαγεν
493 3140 590 3196 τοῦ
619 3144 758 3214 πρὸς
786 3144 1042 3200 εὐποιίαν
1072 3147 1473 3222 εὐκολωτέρους
1509 3131 1658 3221 γίνε-

94 3227 218 3318 σθαι,
255 3235 556 3308 γυμνάζων
598 3238 802 3305 αὐτοὺς
855 3241 1095 3314 ἡμέρους
1125 3241 1284 3299 εἶναι.
1313 3246 1454 3318 Φησὶ
1475 3246 1554 3312 δὲ,
1584 3249 1656 3303 ἐν

91 3317 263 3376 πᾶσιν
289 3326 573 3396 ἀγαθοῖς,
617 3328 759 3384 ὥστε
794 3333 974 3389 πᾶσαν
1008 3317 1413 3390 ἐπιδείκνυσθαι
1452 3339 1535 3403 είς
1557 3338 1655 3395 αὑ-

92 3413 197 3478 τοὺς
222 3416 530 3488 δαψίλειαν.

153 3615 170 3649 ι
200 3599 393 3673 Καιρῷ
422 3601 539 3674 γὰρ
573 3600 687 3674 ίδίῴ
713 3596 1025 3676 θερίσομεν,
1058 3605 1135 3678 μὴ
1166 3606 1506 3679 ἔκλυόμενοι.
1556 3627 1574 3658 ι

147 3689 247 3760 οὐχ
277 3690 481 3766 ὥσπερ
513 3695 543 3748 ὀ
571 3683 1107 3769 σαρκικδίᾶπορος,
1137 3700 1292 3770 φησὶ,
1346 3700 1443 3754 καὶ
1494 3702 1551 3754 ἐν
1581 3698 1656 3770 τῷ

89 3780 264 3854 ἀμητῷ
295 3785 476 3842 πολὺν
503 3784 620 3858 ἔχει
656 3786 845 3855 κόπον,
886 3787 1029 3844 οὕτω
1052 3791 1146 3845 καὶ
1183 3793 1213 3846 ὁ
1263 3793 1652 3864 πνευματικὸς,

91 3874 186 3930 ἀλλ’
209 3878 270 3930 εν
293 3877 609 3935 ἀναπαύσει
647 3881 858 3951 γίνεται
880 3883 1071 3955 πολλῇ.

151 4084 170 4122 ι
214 4070 378 4128 una
405 4070 508 4128 οὖν
540 4071 618 4137 ὡς
666 4073 857 4146 καιρὸν
909 4073 1125 4146 ἔχομεν,
1187 4076 1551 4149 ἐργαζώμεθα
1594 4078 1659 4133 τὸ

91 4160 269 4226 ἀγαθὸν
293 4164 436 4240 πρὸς
454 4165 690 4234 πάντας,
725 4165 964 4238 μάλιστα
997 4168 1132 4240 πρὸς
1157 4171 1281 4235 τοὺς
1305 4172 1540 4237 οίκείους
1557 4172 1658 4245 τῆς

91 4253 323 4302 πίστεως-
359 4276 381 4302 s

91 4267 324 4321 πίστεως.
359 4276 381 4312 ο

141 4349 315 4422 Τάχος
364 4353 467 4408 καὶ
500 4351 735 4425 σπουδὴν
760 4350 891 4423 περὶ
924 4351 1022 4425 τὴν
1068 4354 1442 4429 ἐλεημοσύνην
1474 4359 1658 4430 εἰσφέ-

89 4455 188 4509 ρειν
241 4445 713 4518 παρακελεύεται.
764 4445 906 4501 Οὔτε
940 4447 1052 4519 γάρ
1080 4449 1310 4505 πάντοτε
1357 4453 1455 4507 τού
1485 4454 1659 4510 ἐλεεῖν

1752 1959 1938 2028 bonis.
2003 1957 2201 2014 Nolite.
2238 1971 2456 2023 errare,
2509 1957 2655 2014 Deus
2715 1971 2825 2011 non
2879 1955 3166 2014 irridetur.
3200 1955 3336 2023 Qum

1750 2051 1898 2108 enim
1950 2049 2309 2106 seminaverit
2345 2049 2533 2110 homo.
2585 2048 2704 2104 haec
2749 2055 2804 2104 et
2837 2056 3028 2104 metet.
3056 2045 3335 2115 Quoniam

1753 2141 1848 2212 qui
1877 2140 2114 2197 seminat
2149 2139 2222 2196 de
2249 2153 2417 2196 carne
2453 2153 2572 2203 sua,
2607 2138 2674 2194 de
2710 2152 2879 2195 carne
2926 2145 3090 2194 metet
3133 2151 3329 2192 corru-

1753 2235 2020 2305 ptionem.
2057 2233 2161 2301 Qui
2192 2240 2380 2289 autem
2418 2230 2654 2290 seminat
2687 2232 2744 2286 in
2787 2231 3096 2302 spiritu,de
3132 2229 3336 2301 spiritu

1753 2332 1924 2383 metet
1951 2327 2117 2383 vitam
2149 2334 2436 2382 aeternam.
2465 2323 2678 2380 Bonum
2711 2333 2894 2380 autem
2920 2321 3187 2380 facientes
3221 2337 3327 2378 non

1753 2414 2097 2471 deficiamus.
2137 2433 2160 2467 ι

1831 2506 1949 2564 Hoc
1982 2522 2208 2564 rursum
2241 2507 2348 2564 loci
2383 2507 2450 2562 de
2475 2505 2797 2563 doctoribus
2829 2505 3099 2576 loquitur,
3129 2519 3271 2578 quos
3300 2517 3332 2557 a

1755 2600 2050 2672 discipulis
2096 2601 2218 2657 suis
2263 2600 2433 2655 multa
2497 2597 2872 2656 sollicitudine
2928 2598 3114 2654 curari
3181 2598 3331 2655 vult:

1755 2690 1962 2762 quippe
1993 2705 2118 2746 cum
2150 2691 2225 2745 ita
2261 2689 2378 2746 fieri
2402 2689 2661 2746 Christus
2695 2689 2813 2762 ipse
2843 2689 3112 2747 sanxerit.
3151 2689 3338 2756 Quare

1755 2784 1926 2840 vero?
1975 2781 2197 2840 audias.
2235 2782 2507 2851 Quoniam
2554 2784 2626 2839 ob
2674 2782 2910 2838 docendi
2947 2782 3334 2837 auctoritatem

1757 2871 1901 2930 fastu
1953 2873 2288 2931 inflabantur
2319 2875 2397 2931 illi
2441 2877 2536 2945 qui
2569 2890 2633 2932 ea
2664 2877 2850 2932 ornati
2896 2885 3092 2944 erant;
3133 2875 3334 2932 horum

1758 2972 1818 3019 ut
1845 2973 2224 3038 compesceret
2281 2964 2682 3038 arrogantiam,
2727 2964 2782 3021 in
2828 2965 2970 3021 hanc
2999 2979 3096 3021 eos
3135 2979 3336 3021 neces-

1758 3057 1980 3113 sitatem
2029 3057 2235 3129 coegit,
2286 3066 2346 3112 ut
2385 3058 2489 3130 ipsi
2531 3056 2826 3128 discipulis
2856 3072 2996 3128 opus
3033 3057 3337 3113 baberent:

1759 3149 1870 3205 illis
1906 3163 2042 3206 vero
2091 3164 2311 3206 rursum
2363 3149 2570 3220 praebet
2605 3151 2956 3204 occasionem
2993 3156 3053 3204 ut
3094 3149 3159 3204 ad
3195 3148 3336 3205 bene

1758 3241 1825 3297 de
1848 3241 1972 3298 aliis
2013 3241 2338 3297 merendum
2375 3240 2652 3298 faciliores
2705 3239 2858 3309 flant,
2892 3241 3042 3313 ipsos
3073 3254 3337 3296 exercens

1756 3333 1826 3391 ad
1881 3333 2328 3391 benevolentiam
2399 3349 2529 3406 erga
2585 3334 2884 3405 magistros
2942 3332 3336 3405 praestandam.

1757 3428 1849 3484 Ait
1881 3436 2091 3495 autem,
2123 3429 2177 3483 in
2209 3427 2452 3484 omnibus
2501 3427 2678 3492 bonis,
2717 3436 2776 3480 ut
2806 3441 3020 3482 omnem
3055 3427 3110 3481 in
3139 3440 3236 3482 eos
3262 3425 3341 3480 li-

1757 3520 2101 3576 beralitatem
2143 3519 2489 3592 impendant.

1837 3632 1857 3664 ι
1895 3609 2170 3682 Tempore
2193 3613 2338 3668 enim
2370 3627 2470 3667 suo
2503 3622 2772 3667 metemus
2803 3626 2914 3666 non
2939 3607 3282 3664 deficientes.
3311 3625 3332 3660 ι

1824 3704 1942 3760 Non
1982 3705 2058 3760 uti
2089 3705 2332 3762 carnalis
2381 3721 2619 3771 messor,
2659 3704 2860 3776 inquit,
2916 3702 3010 3774 qui
3047 3700 3188 3756 nihil
3216 3699 3339 3755 fru-

1759 3807 1949 3852 ctuum
2005 3798 2266 3869 percipit,
2314 3800 2621 3870 quamlibet
2670 3795 2930 3854 metendo
2977 3795 3213 3849 multum
3257 3793 3338 3848 la-

1760 3895 1934 3960 boret,
1967 3893 2047 3949 sic
2095 3902 2182 3949 est
2235 3894 2564 3965 spiritualis.
2617 3893 2722 3950 llic
2769 3891 2918 3948 enim
2951 3887 3138 3960 quiete
3164 3889 3335 3943 multa

1760 3986 1992 4059 potitur.

1830 4076 1998 4134 Vsus.
2023 4077 2114 4134 10.
2144 4096 2164 4131 ι
2208 4075 2356 4150 Ergo
2387 4078 2516 4133 dum
2557 4089 2779 4149 tempus
2818 4076 3110 4140 habemus,
3138 4089 3337 4146 opere-

1760 4186 1888 4226 mur
1944 4171 2152 4226 bonum
2205 4169 2367 4243 176
2412 4169 2482 4226 ad
2508 4184 2727 4238 omnes,
2757 4168 3000 4226 maxime
3041 4169 3110 4224 ad
3143 4168 3338 4224 dome-

1761 4263 1934 4322 sticos
1967 4263 2115 4319 fidei.
2155 4281 2176 4316 ι

1826 4354 2097 4412 Hortatur
2127 4364 2190 4412 ut
2224 4355 2645 4414 festinationem
2677 4365 2735 4414 et
2782 4355 3128 4428 diligentiam
3177 4355 3340 4410 aditi-

1760 4448 1930 4504 beant
1957 4451 2024 4503 ad
2064 4450 2477 4522 eleemosynam
2525 4449 2885 4522 erogandam.
2939 4444 3060 4504 Non
3101 4449 3248 4504 enim
3281 4447 3341 4504 in

85 4535 233 4608 ἐσμεν
266 4537 480 4612 κύριοι.
512 4537 682 4593 Ὅταν
711 4539 819 4611 γὰρ
841 4539 1092 4596 ἐντεῦθεν
1121 4544 1528 4617 ἀπενεχθῶμεν,
1552 4549 1656 4603 κᾶν

1774 4550 2040 4613 potestate
2070 4543 2282 4612 :nostra
2328 4552 2414 4599 est
2456 4557 2677 4614 semper
2716 4550 2772 4598 et
2813 4541 3019 4612 ubique
3054 4540 3337 4597 misereri.

88 4630 337 4701 μυριάκις
377 4630 762 4704 βουληθῶμεν,
805 4632 958 4687 οὐδὲν
1009 4636 1343 4707 περαίνομεν
1378 4640 1559 4695 πλέον.
1589 4641 1662 4696 Τὸ

83 4718 151 4783 δὲ,
175 4724 325 4793 πρὸς
349 4723 612 4791 πάντας,
642 4722 780 4796 πρὸς
804 4723 1213 4798 άντιδιαστολὴν
1235 4731 1334 4801 τῆς
1363 4732 1663 4803 Ἰουδαϊκῆς

87 4816 492 4887 ταπεινότητος.
534 4816 795 4880 Ἐκεξνοις
845 4815 943 4887 μὲν
999 4816 1108 4889 γὰρ
1133 4819 1202 4873 τὰ
1229 4821 1327 4890 τῆς
1362 4822 1664 4894 φιλανθρω-

85 4901 201 4970 πίας
229 4905 462 4963 ἅπαντα.
489 4907 629 4977 πρὸς
650 4908 778 4972 τοὺς
806 4908 1116 4978 ὁμοφύλους
1136 4903 1226 4982 ἧν.
1261 4912 1326 4965 Ἦ
1356 4914 1412 4968 δὲ
1446 4915 1544 4985 τῆς
1563 4916 1665 4987 ’χά-

87 5012 220 5063 ριτος
251 4999 663 5072 φιλανθρωπία,
699 4999 805 5071 γῆν
830 5001 967 5072 ὁμοῦ
1017 5003 1405 5065 καὶ,θάλατταν
1445 5009 1537 5062 ἐπὶ
1564 5011 1661 5080 τὴν

81 5087 171 5156 τῆς
201 5090 585 5165 ἔλεημοσύνης
607 5094 915 5167 μετάληψιν
945 5095 1124 5161 καλεῖ,
1156 5097 1252 5152 καὶ
1277 5098 1498 5154 πλείονα
1526 5102 1663 5172 πρὸς

83 5181 198 5248 τοὺς
219 5186 462 5253 οἰκείους
490 5187 591 5258 τὴν
622 5186 858 5263 σπουδὴν
883 5187 1270 5246 ἱπιδείκνυται.

160 5387 177 5419 ι
210 5371 384 5427 ’ἴδετε
423 5371 678 5444 πηλίκοις
700 5373 829 5444 ύμῖν
858 5375 1181 5445 γράμμασιν
1217 5372 1429 5446 ἔγραψα
1453 5378 1517 5448 τῇ
1549 5379 1652 5450 ἐμῇ

89 5461 240 5517 ναοί.
276 5483 296 5516 ι

91 5477 164 5515 ’τι
205 5477 240 5517 ι.
276 5483 296 5516 ι
1037 5512 1041 5518 .

91 5481 120 5530 Α
156 5477 336 5611 ϐάντα
361 5556 616 5628 δέχεσθαι
647 5557 737 5611 τὸν
778 5557 935 5626 λόγον
963 5557 1128 5612 αὑτοῦ
1159 5563 1448 5630 παραινεῖ,
1482 5564 1573 5617 καὶ
1601 5565 1661 5619 τδ

95 5645 316 5718 μέγεθος
355 5651 471 5704 τῶν
522 5650 827 5723 δογμάτων,
881 5651 969 5706 διὰ
1013 5653 1089 5722 τὸ,
1131 5654 1429 5723 πηλίκοις,
1466 5658 1661 5727 εἰπεῖν,

228 5835 272 5871 ⁸⁸
303 5833 440 5893 Luc.
472 5852 630 5910 lYIll’,
674 5838 763 5894 10.

1759 4635 1995 4704 Quando
2022 4637 2171 4692 enim
2211 4652 2280 4692 ex
2325 4637 2432 4692 hoc
2462 4635 2669 4693 saeculo
2714 4635 2925 4707 egressi
2961 4633 3202 4701 erimus,
3233 4633 3339 4689 etsi

1759 4732 1962 4788 millies
1996 4733 2270 4798 volemus,
2307 4731 2448 4786 nihil
2500 4730 2646 4785 ultra
2697 4729 3084 4802 perﬁciamus.
3121 4727 3212 4780 Ait
3242 4742 3340 4780 au-

1761 4831 1893 4886 tem,
1928 4822 1998 4876 ad
2047 4837 2256 4887 omnes,
2289 4823 2356 4876 ad
2396 4819 2768 4876 differentiam
2822 4818 3069 4872 Iudaica:
3117 4817 3339 4871 humili-

1759 4914 1913 4969 tatis.
1948 4912 2084 4967 Nam
2117 4913 2303 4968 omnia
2335 4912 2625 4968 charitatis
2657 4912 2882 4965 illorum
2911 4908 3087 4963 ofﬁcia
3119 4907 3172 4962 in
3205 4922 3340 4962 cons

1761 5005 1994 5060 tribules
2029 5005 2210 5058 solum
2263 5003 2731 5074 impendebantur
2765 5019 2780 5056 :
2827 5009 2885 5055 at
2916 5000 3107 5070 gratiae
3141 5002 3338 5054 huma-

1762 5097 1931 5162 nitas,
1983 5106 2186 5151 terram
2248 5096 2454 5167 pariter
2513 5103 2567 5150 et
2621 5110 2775 5150 mare
2843 5093 2910 5149 ad
2961 5092 3339 5148 beneficentia

1763 5190 2252 5262 participationem
2311 5189 2529 5251 invitat,
2591 5197 2652 5242 ut
2719 5195 2907 5242 tamen
2965 5185 3342 5256 copiosiorem

1762 5298 1892 5354 erga
1925 5283 2264 5338 domesticos
2295 5281 2418 5335 fidei
2455 5279 2896 5335 sollicitudinem
2933 5277 3217 5349 praeferat.

1840 5373 2006 5432 Vens.
2069 5375 2157 5429 Η.
2222 5391 2242 5426 ι
2303 5372 2498 5430 Videte
2560 5373 2822 5444 qualibus
2882 5369 3084 5426 litteris
3134 5365 3340 5437 scripsi

1767 5469 1928 5525 vobis
1961 5483 2078 5524 mea
2107 5483 2296 5538 manu.
2329 5487 2348 5520 ι

1847 5562 2052 5617 Suadet
2101 5570 2160 5616 ut
2201 5569 2373 5616 totum
2429 5576 2738 5617 sermonem
2809 5571 2972 5615 suum
3033 5553 3338 5625 cxciptant,

1774 5655 2142 5726 dicendoque,
2186 5657 2452 5727 qualibus,
2495 5664 2569 5718 ct,
2628 5670 2787 5709 manu
2834 5668 2972 5718 mea,
3018 5645 3338 5704 sublimita-
