3870 6260
217 320 306 375 8Ξ5

1312 337 1394 400 IN
1433 337 1671 399 EPIST.
1711 338 1813 398 AD
1850 335 2242 398 EPHESIOS,

3322 335 3433 402 826

213 436 456 510 ραδιίσου.
495 436 685 496 Ταῦτα
719 435 815 499 οῦν
848 442 1138 516 προέκειτο
1171 448 1322 518 παρὰ
1354 445 1512 518 Θεῷ,
1565 448 1646 512 είς
1697 465 1727 501 τ

1862 455 2011 503 esset
2084 443 2437 512 immortalis,
2500 442 2557 499 in
2594 449 2831 500 mortem
2884 437 3147 511 incurrit,
3204 453 3435 519 atquee

205 529 761 600 ἀνακεφαλαιώσασθαι
793 535 888 590 καὶ
914 535 1240 605 ἀνανεῶσαι,
1259 537 1355 593 καὶ
1391 538 1532 611 ὑπὲρ
1555 537 1758 592 τούτων

206 624 405 693 γέγονεν
422 625 450 678 6
481 623 794 697 Μονογενῆς
820 625 1141 700 ἄνθρωπος,
1165 628 1253 684 ῐνα
1282 629 1562 704 καταλύσῃ
1590 628 1756 686 θάνα-

202 731 302 782 τον,
320 716 408 771 καὶ
431 717 596 792 ἀνέλῃ
624 718 722 791 τὴν
749 721 975 793 φθορὰν,
994 723 1089 776 καὶ⁵
1105 722 1205 795 τὴν
1223 722 1502 796 ἁμαρτίαν
1527 721 1753 795 ἑκδάλῃ,

198 807 224 864 ὑ
246 809 332 864 καὶ
362 810 548 880 γέγονε
564 815 1014 888 παραγενομένου
1043 816 1305 890 Χριστοῦ.
1330 816 1404 872 Τὸ
1428 818 1508 884 δὲ,
1531 817 1602 872 ἐν
1630 820 1756 885 τοῖς

198 903 476 973 οὐρανοῖς,
515 906 703 962 τοῦτον
735 906 850 980 εχει
873 909 966 965 τὸν
992 910 1194 982 τρόπον
1217 927 1233 941 ·
1258 912 1340 966 ὅτι
1383 911 1527 984 λὺπη
1552 906 1624 984 ἦν
1657 927 1755 984 με-

196 997 320 1070 γάλη
343 1000 434 1054 καὶ
461 999 807 1065 ἀδιάλειπτος
843 1001 940 1058 τοῦ
972 1002 1175 1075 κόσμου
1207 1003 1614 1077 ἁμαρτάνοντος
1638 1007 1752 1069 τοῖς

194 1085 450 1158 ἀγγέλοις,
478 1090 576 1144 καὶ
611 1089 719 1145 ὑπὸ
751 1091 1000 1164 κατάραν
1017 1092 1201 1157 δντος·
1250 1093 1342 1147 καὶ
1371 1093 1531 1166 δῆλον
1563 1095 1623 1149 έν
1669 1092 1752 1166 τῷ

192 1178 351 1233 εἰπεῖν
380 1178 469 1233 τὸν
502 1180 729 1254 Κύριον,
755 1181 839 1238 ὅτι
869 1182 1032 1254 Χαρὰ
1055 1183 1129 1238 ἐν
1153 1184 1387 1254 οὐρανῷ
1404 1184 1630 1254 γίνεται
1648 1183 1747 1240 ἐπὶ

190 1266 272 1322 ἐνί
292 1267 613 1339 ἁμαρτωλῷ
637 1270 1032 1342 μετανοοῦντι
1050 1289 1068 1306 ο
1097 1271 1247 1344 λέγει
1277 1269 1391 1342 οῦν,
1425 1274 1502 1339 ὡς
1521 1271 1692 1329 ιλθὼν
1719 1276 1750 1329 6

188 1359 413 1432 Κύριος,
450 1361 545 1418 καὶ
599 1363 670 1418 τὰ
715 1365 810 1420 επὶ
857 1367 957 1436 τῆς
975 1365 1082 1437 γῆς
1115 1366 1432 1437 άνενέωσεν,
1473 1367 1662 1423 καὶτὰ
1688 1367 1748 1422 έν

184 1455 284 1518 τοῖς
304 1454 572 1527 οὐρανοῖς,
606 1457 827 1531 ἐκείνης
846 1458 1060 1523 παύσας
1085 1460 1213 1524 τοὺς
1237 1460 1503 1530 ἀγγέλους
1525 1461 1625 1532 τῆς
1656 1459 1751 1515 λὺο

184 1563 306 1618 πης,
332 1542 400 1622 ἦς
444 1548 742 1604 ιλυποῦντο
797 1552 890 1612 ἐπὶ
921 1554 987 1623 τῇ
1033 1552 1142 1607 τῶν
1194 1552 1499 1625 ἀνθρώπων
1546 1553 1743 1628 φθορᾷ.

193 1637 450 1709 Ἀνήγαγε
476 1640 588 1711 γὰρ
617 1641 814 1706 αὑτοὺς
842 1640 935 1696 ἰπὶ
960 1642 1060 1716 τὴν
1103 1643 1379 1717 προτέραν
1421 1644 1617 1718 χαράν,
1646 1643 1750 1716 τὴν

183 1728 312 1804 ὑπὲρ
333 1729 443 1786 τῶν
472 1732 822 1806 σωζομένων.

243 2032 262 2068 ι
288 2014 377 2072 Ἐν
420 2008 469 2087 ᾧ
525 2015 620 2073 καὶ
670 2016 1086 2092 ἐκληρώθημεν,
1133 2022 1553 2094 προορισθέντες
1596 2025 1741 2080 κατὰ

173 2106 419 2177 πρόθεσιν
440 2108 539 2164 τοῦ
563 2108 636 2164 τὰ
656 2112 833 2165 πάντα
859 2113 1213 2185 ἐνεργοῦντος
1246 2113 1387 2170 κατὰ
1410 2113 1511 2188 τὴν
1542 2115 1739 2190 βουλὴν

169 2198 254 2252 τοῦ
283 2199 589 2272 θελήματος
621 2202 809 2268 αὑτοῦ,
836 2203 918 2269 είς
951 2205 1012 2260 τὸ
1041 2201 1182 2261 εἶναι
1229 2208 1379 2281 ἡμᾶς
1405 2207 1484 2274 εἰς
1517 2207 1737 2266 ἔπαινον

168 2288 315 2363 δόξης
343 2292 534 2361 αὑτοῦ,
560 2294 688 2359 τοὺς
717 2295 1126 2369 προηλπικότας
1162 2299 1222 2354 ιν
1247 2299 1329 2373 τῷ
1355 2300 1599 2374 Χριστῷ.
1638 2320 1657 2353 ι

163 2554 199 2612 Θ
235 2466 320 2570 'liv
348 2470 596 2546 Χριστῷ,
656 2475 824 2549 φησι,
874 2477 1220 2552 γιγνόμενοι,
1273 2481 1436 2552 μερὶς
1467 2482 1738 2556 γινόμεθα

199 2573 307 2612 εον.

199 2573 307 2617 εον.

226 2670 246 2706 ι
292 2653 381 2709 Ἐν
407 2647 455 2728 ᾧ
472 2659 569 2710 καὶ
593 2656 754 2731 ὑμεῖς
799 2658 1132 2726 ἀκούσαντες
1172 2663 1265 2718 τὸν
1294 2670 1449 2734 λόγον
1472 2665 1574 2738 τῆς
1597 2668 1732 2742 ἀλη-

161 2741 320 2816 θείας,
355 2748 419 2804 τὸ
459 2750 796 2823 Εὑαγγέλιον
825 2755 928 2825 τῆς
959 2753 1234 2826 σωτηρίας
1264 2753 1443 2828 ὑμῶν,
1471 2759 1530 2813 ἂν
1559 2751 1604 2827 ᾧ
1635 2761 1731 2815 καὶ

159 2840 537 2907 πιστεύσαντες
557 2847 953 2922 ἐσφραγίσθητε
967 2847 1046 2920 τῷ
1059 2848 1341 2920 Πνεὺματι
1363 2852 1463 2924 τῆς
1491 2851 1733 2926 ἐπαγγε-

156 2927 265 2996 λίας
289 2932 367 3006 τῷ
400 2934 568 3006 ἁγιῳ.
599 2953 621 2988 ο
977 2988 986 3000 ,

215 3023 333 3080 Τῶν
379 3027 860 3098 προεγνωσμένων
913 3027 1040 3084 ἐστὲ
1075 3031 1169 3086 καὶ
1203 3032 1384 3103 ὑμεῖς,
1409 3035 1598 3106 φησιν,
1647 3039 1726 3092 oio

1860 536 2120 610 paradiso
2158 537 2353 610 pulsus
2383 543 2469 595 est
2511 536 2683 594 foras.
2717 533 2844 592 Haec
2880 535 3071 607 itaque
3101 535 3262 609 179
3301 552 3431 608 pro-

1858 637 2121 704 posuerat
2154 630 2299 688 Deus
2337 630 2739 702 redintegrare,
2779 636 2834 686 et
2872 644 3179 698 renovare;
3213 637 3269 687 et
3298 644 3431 701 pro-

1855 731 2045 796 pterea
2092 719 2428 795 Unigenitus
2479 722 2661 778 factus
2696 730 2784 780 est
2839 721 3026 790 homo,
3084 729 3146 777 ut
3186 728 3428 777 mortem

1854 814 2190 882 destrueret,
2221 815 2598 889 :aut'erretque
2643 816 3080 887 corruptionem,
3115 821 3174 870 et
3229 827 3428 885 pecca-

1855 916 1971 964 tum
2013 905 2317 981 expelleret
2348 927 2366 967 :
2412 907 2472 964 id
2518 907 2668 982 quod
2704 907 3034 965 adveniente
3069 905 3293 962 Christo
3329 920 3422 978 pa-

1851 1006 2064 1056 tratum
2091 998 2219 1058 fuit.
2245 997 2407 1067 Quod
2445 1008 2632 1056 autem
2663 999 2717 1054 in
2747 999 2892 1055 catis
2929 997 3086 1065 dicit,
3127 997 3231 1054 hoc
3261 997 3425 1054 modo

1850 1091 2109 1166 contigit.
2138 1091 2434 1161 {Quoniam
2487 1092 2674 1164 angeli
2715 1091 2992 1165 ingentem
3019 1091 3234 1147 luctum
3266 1089 3426 1148 inde-

1847 1186 2096 1243 sinenter
2134 1186 2373 1258 agebant
2421 1185 2493 1243 de
2528 1186 2777 1257 peccatis
2822 1185 3040 1254 mundi,
3081 1183 3346 1256 quodque
3374 1182 3423 1241 is

1848 1278 2221 1338 exsecrationi
2251 1286 2375 1336 erat
2405 1279 2684 1336 obnoxius
2717 1278 2894 1349 (atqui
2922 1278 3030 1334 hoc
3067 1276 3421 1333 manifestum

1846 1379 1936 1430 est
1968 1372 2129 1430 hisce
2161 1371 2378 1428 Domini
2407 1373 2634 1429 verbis:
2669 1369 2934 1428 Gaudium
2974 1381 3048 1425 ett
3085 1374 3140 1424 in
3168 1368 3298 1425 caelo
3325 1387 3421 1426 sn-

1845 1482 1940 1537 per
1968 1482 2074 1522 uno
2105 1474 2382 1535 peccatore
2421 1465 2782 1535 paenitentiam
2840 1473 3025 1536 agente
3052 1461 3161 1535 ³⁸);
3210 1460 3421 1517 idcirco

1849 1563 1950 1629 ait,
1985 1560 2278 1617 Dominum
2331 1560 2573 1618 adventu
2608 1573 2734 1624 suo,
2784 1571 2907 1614 cum
2939 1571 3002 1613 ea
3033 1571 3152 1628 qua:
3193 1554 3247 1610 in
3273 1563 3418 1612 terra

1850 1663 1983 1712 sunt
2012 1669 2336 1718 renovasse,
2384 1661 2503 1708 tum
2544 1668 2669 1725 qua:
2711 1652 2769 1708 in
2815 1649 2997 1715 ccelis,
3036 1647 3225 1705 sedato
3253 1661 3419 1719 ange—

1850 1747 2030 1802 lorum
2080 1745 2258 1810 luctu,
2307 1759 2472 1816 quem
2528 1755 2754 1816 propter
2807 1740 3092 1797 interitum
3132 1737 3416 1794 hominum

1778 1819 1820 1875 Β
1849 1838 2146 1896 ducebant.
2169 1837 2265 1895 Eis
2297 1838 2502 1910 quippe
2528 1835 2790 1908 gaudium
2819 1832 3120 1908 pristinum
3151 1829 3412 1896 reddidit,

1844 1932 2024 1989 salute
2054 1931 2378 1988 hominibus
2412 1941 2702 1986 concessa.
3228 2006 3231 2009 _

1954 2022 2124 2081 Vens.
2154 2022 2244 2089 Η,
2282 2022 2376 2081 12.
2407 2041 2425 2072 ι
2469 2020 2530 2077 In
2559 2035 2670 2093 quo
2699 2029 2754 2075 et
2783 2035 2887 2078 nos
2919 2026 3072 2074 sorte
3106 2016 3288 2074 vocati
3318 2033 3415 2074 suo

1839 2134 1988 2186 mus,
2029 2113 2732 2190 praedestinatisecundum
2762 2111 3102 2185 propositum
3145 2108 3287 2180 ejus,
3318 2109 3414 2180 qui

1840 2219 2108 2286 operatur
2163 2210 2349 2266 omnia
2381 2207 2691 2266 secundum
2755 2204 3056 2262 consilium
3107 2202 3410 2258 voluntatis

1838 2321 1980 2373 suae,
2008 2315 2070 2362 ut
2108 2305 2286 2362 simus
2314 2305 2371 2360 in
2398 2303 2615 2359 laudem
2637 2301 2828 2375 gloriae
2855 2298 2988 2358 eius
3023 2313 3145 2365 nos,
3170 2297 3262 2371 qui
3287 2305 3414 2354 ante

1838 2398 2191 2470 speravimus
2222 2398 2278 2455 in
2305 2396 2550 2454 Christo.
2581 2414 2606 2451 ι

1907 2493 2048 2549 Dum
2070 2493 2128 2550 in
2151 2491 2378 2549 Christo
2411 2506 2629 2558 sumus,
2661 2489 2866 2562 inquit,
2893 2486 3078 2562 portio
3103 2486 3199 2544 Dei
3262 2487 3408 2544 exsio

1835 2587 2065 2646 stimus.
2680 2640 2683 2641 ν

1907 2679 2074 2737 Vens.
2111 2679 2199 2737 i3.
2234 2698 2254 2734 ι
2281 2679 2342 2736 In
2373 2693 2485 2750 quo
2541 2678 2710 2736 etiam
2742 2686 2798 2734 et
2837 2693 2936 2734 vos
2967 2674 3256 2732 audientes
3287 2689 3409 2730 ver-

1831 2773 1964 2831 bum
1999 2771 2668 2846 veritatis(Evangelium
2701 2770 2899 2828 salutis
2934 2768 3184 2838 vestrae),
3208 2766 3264 2822 in
3297 2781 3410 2839 quo

1830 2875 1888 2923 et
1939 2867 2232 2924 credentes
2287 2865 2494 2938 signati
2547 2864 2708 2931 estis,
2758 2861 2968 2935 Spiritu
3017 2858 3415 2934 promissionis-

1829 2967 2289 3123 sm'iicrtt:.quoque
2343 3065 2410 3105 ex
2441 3047 2795 3120 praecognitis
2840 3045 3001 3109 estis,
3048 3041 3254 3116 inquit,
3309 3041 3408 3115 qui

155 3117 450 3234 κξιοὺμενοι
481 3121 706 3195 Χριστῷ
731 3122 800 3176 δι’
830 3123 1108 3198 ὑπακοῆς,
1136 3127 1354 3198 καὶτῆς
1375 3127 1471 3183 ἐπὶ
1500 3131 1565 3203 τῇ
1586 3130 1726 3203 ἀκοῇ

1845 3144 2052 3202 3hristo
2077 3117 2485 3217 conj'ungimini
2521 3158 2621 3214 per
2633 3117 3014 3198 obedientiam
3044 3147 3103 3195 et
3128 3152 3226 3210 per
3243 3137 3407 3195 (idem

153 3210 376 3278 πίστεως
401 3252 422 3280 ,

152 3303 287 3362 ἔστιν
317 3307 587 3380 ὁμοίωσις
613 3309 751 3381 πρὸς
778 3310 1018 3384 Χριστὸν
1049 3313 1135 3368 διὰ
1152 3314 1252 3385 τῆς
1285 3315 1380 3369 τοῦ
1404 3315 1543 3372 11νεὺ
1553 3335 1725 3389 ματος

154 3398 525 3473 μεταλήψεως.
576 3402 737 3474 Παρὰ
764 3404 913 3474 τίνος
943 3406 1002 3462 δὲ
1029 3407 1273 3479 ἥκουσαν
1300 3409 1396 3464 τὸν
1437 3409 1597 3482 λόγον
1622 3411 1725 3484 τῆς

152 3486 414 3560 ἀληθείας,
467 3491 505 3562 ἢ
556 3493 708 3565 παρὰ
737 3493 987 3551 Ἰωάννου
1020 3497 1114 3552 τοῦ
1151 3498 1574 3570 εὑαγγελιστοῦς
1606 3503 1724 3556 ἐκεῖ

152 3579 246 3652 γὰρ
273 3582 580 3656 ἐκήρυττεν
602 3600 616 3616 ·
645 3584 726 3639 διὸ
760 3586 855 3640 καὶ
885 3588 1217 3660 ὑψηλότερον
1257 3593 1443 3659 αὐτοῖς
1474 3594 1724 3666 διαλέγε-

153 3687 226 3726 ται
243 3675 518 3745 ὀΠαῦλος,
547 3678 642 3732 ἅττ
671 3681 735 3735 ὲκ
755 3684 853 3751 τῆς
882 3682 1091 3737 ἐκείνου
1108 3683 1456 3750 διδασκαλίας
1478 3706 1722 3760 προκατε-

152 3769 508 3840 ηρτισμένοις.
530 3769 668 3828 Δίαν
701 3773 809 3844 γὰρ
842 3773 1049 3846 ﬁdem;
1081 3778 1162 3843 είς
1191 3777 1468 3851 θεολογίαν
1493 3784 1523 3838 6
1552 3783 1718 3858 ἀνήρ.

214 3966 234 4002 ι
268 3946 370 4015 ’ος
401 3950 556 4005 ἐστιν
583 3950 845 4025 spectem
878 3953 975 4026 τῆς
1025 3956 1396 4033 κληρονομίας
1446 3963 1606 4035 ἡμῶν
1639 3966 1718 4030 είς

150 4036 643 4116 ἀπολύτρωσινντῆς
673 4047 1104 4117 περιποιήσεως,
1136 4052 1214 4115 εἰς
1246 4050 1468 4108 ἔπαινον
1502 4055 1602 4125 τῆς
1634 4055 1719 4112 δό-

148 4128 230 4202 ξης
246 4131 432 4189 αὑτοῦ.
458 4150 483 4187 a

206 4225 529 4298 ’Δρρασῶνα
577 4228 725 4300 λέγει
777 4231 954 4304 ἀρχὴν
981 4235 1248 4307 κτήσεως.
1279 4240 1451 4312 Φησὶν
1473 4242 1588 4309 οῦν,
1639 4242 1718 4309 ὡς

148 4320 430 4395 Δεξάμενοι
458 4324 520 4378 τὺ
552 4325 801 4397 Πνεῦμα,
828 4326 1117 4399 ἠρξάμεθα
1145 4331 1248 4403 ήδη
1281 4335 1540 4406 κτήματα
1574 4331 1717 4395 εἶναι

149 4411 366 4486 Χριστοῦ
394 4416 493 4473 καὶ
520 4416 680 4474 Θεοῦ.

477 3214 576 3268 καὶ
624 3215 718 3271 τοῦ
753 3215 848 3273 ἐπὶ
885 3218 955 3289 τῇ
1014 3220 1198 3275 πίστει
1237 3223 1617 3295 σφραγισμοῦ,
1663 3225 1724 3289 ὂς

1845 3237 2059 3296 inditus
2086 3214 2493 3297 conﬁsectariam
2511 3273 2528 3302 ,
2548 3249 2654 3291 nec
2670 3248 2780 3289 non
2801 3247 2901 3304 per
2917 3231 3265 3304 signaculum
3295 3247 3408 3302 quo

1828 3331 1964 3388 ildes
2013 3330 2286 3397 munitur,
2344 3329 2606 3401 quodque
2633 3325 2847 3383 Christi
2884 3323 3198 3383 similitudo
3215 3330 3302 3380 est
3332 3323 3406 3380 ob

1825 3422 2068 3494 Spiritus
2099 3421 2606 3495 participationem.
2645 3420 2689 3473 Α
2719 3431 2966 3490 quonam
3008 3430 3143 3472 vero
3173 3414 3404 3472 verbum

1821 3515 2074 3571 veritatis
2130 3513 2356 3586 Ephesii
2405 3512 2728 3576 audierunt,
2767 3510 2880 3565 nisi
2912 3524 2943 3563 a
2979 3507 3193 3563 Joanne
3232 3520 3404 3562 evan-

1821 3603 2044 3675 gelista,
2074 3605 2168 3672 qui
2200 3604 2315 3660 illic
2355 3602 2737 3675 pradicabat?
2765 3599 3038 3668 Quocirca
3060 3597 3409 3656 sublimioris

1821 3711 2019 3753 sensus
2060 3696 2228 3752 verba
2251 3695 2322 3751 ad
2348 3696 2474 3752 illos
2509 3694 2642 3751 facit
2673 3693 2908 3759 Paulus,
2943 3708 3044 3749 ceu
3073 3692 3164 3762 qni
3192 3691 3304 3759 jam
3335 3689 3402 3746 il-

1820 3789 1930 3844 lius
1943 3798 2131 3846 essent
2151 3789 2407 3845 doctrina
2433 3787 2696 3846 instituti.
2724 3786 2774 3843 ls
2794 3787 2995 3858 quippe
3015 3785 3100 3841 vir
3122 3784 3403 3841 altissima:

1821 3881 2110 3953 theologize
2132 3892 2270 3940 erat.

1890 3973 2063 4036 Vens.
2129 3975 2220 4032 i6.
2253 3994 2274 4030 ι
2301 3973 2412 4044 Qui
2435 3984 2524 4032 est
2557 3975 2757 4047 pignus
2787 3972 3133 4030 haereditatis
3174 3978 3400 4038 nostra,

1818 4067 1877 4124 in
1902 4068 2342 4140 redemptionem
2377 4067 2797 4142 acquisitionis,
2839 4067 2895 4123 in
2942 4066 3160 4122 laudem
3213 4065 3403 4135 gloriae

1818 4161 2019 4234 ipsius.
2053 4181 2074 4216 ι

1886 4252 2099 4325 Pignus
2144 4261 2199 4309 et
2252 4253 2476 4309 arrham
2523 4260 2686 4310 vocat
2721 4251 2947 4310 initium
2986 4247 3396 4322 acquisitionis.

1815 4346 1905 4402 Ait
1932 4362 2090 4419 ergo,
2122 4354 2386 4417 suscepto
2417 4346 2624 4417 Spiritu
2655 4345 2933 4416 incepisse
2949 4357 3054 4398 nos
3094 4341 3401 4413 possessio-

1816 4454 1941 4494 nem
1981 4447 2037 4495 et
2061 4439 2340 4511 peculium
2366 4439 2577 4494 Christi
2601 4449 2655 4495 et
2688 4437 2784 4494 Dei
2820 4437 2961 4496 fieri.

211 4525 230 4560 ι
403 4508 565 4566 τοῦτο
599 4511 757 4582 κάγὼ
785 4511 1024 4579 ἀκούσας
1055 4516 1154 4589 τὴν
1184 4518 1308 4572 καθ’
1348 4520 1494 4592 ὑμᾶς
1531 4522 1711 4579 πίστιν

1884 4508 2078 4588 Vens;
2109 4531 2298 4586 1547.
2343 4551 2364 4583 ι
2391 4531 2691 4602 Propterea
2725 4540 2779 4589 et
2809 4547 2910 4603 ego
2939 4535 3175 4592 audiens
3236 4535 3397 4591 tidem

147 4600 196 4653 ἐν
212 4602 286 4674 τῷ
306 4601 498 4677 Κυρίῳ
525 4605 726 4676 Ἰησοῦ,
752 4610 848 4663 καὶ
881 4608 982 4681 τὴν
1013 4611 1236 4684 ἀγάπην
1254 4615 1356 4686 τὴν
1389 4617 1468 4681 εἰς
1503 4620 1713 4685 πάντας

147 4693 258 4756 τοὺς
301 4695 516 4765 ἁγίους,
561 4697 626 4751 οὑ
677 4699 926 4771 παύομαι
973 4703 1314 4776 εὐχαριστῶν
1362 4708 1504 4781 ὑπὲρ
1534 4710 1710 4782 ὑμῶν,

150 4787 324 4851 μνείαν
355 4788 512 4860 ὑμῶν
533 4788 858 4860 ποιούμενος
883 4793 976 4847 ἐπὶ
1001 4795 1109 4847 τῶν
1136 4798 1455 4869 προσευχῶν
1478 4817 1604 4868 μου,
1625 4803 1713 4858 ἵνα

147 4877 172 4928 6
202 4877 326 4943 Θεὸς
346 4881 440 4936 τοῦ
477 4883 682 4954 Κυρίου
706 4884 864 4956 ἡμῶν
912 4886 1088 4958 Ἰησοῦ
1127 4891 1388 4961 Χριστοῦ.
1437 4911 1456 4944 ι

208 4969 507 5044 Ἀκηκοὼς,
538 4977 692 5047 φησὶ,
726 4980 824 5046 τὴν
849 4979 1033 5033 πίστιν
1065 4982 1240 5052 ὑμῶν,
1275 4984 1396 5038 καθ’
1429 4989 1495 5059 ἣν
1511 4988 1715 5058 ἀναφέ-

151 5059 297 5131 ρεσθε
321 5065 403 5128 εἰς
427 5067 682 5139 Χριστὸν.
703 5069 797 5122 καὶ
818 5069 920 5142 τὴν
955 5072 1180 5147 ἀγάπην
1218 5077 1316 5148 τὴν
1339 5077 1615 5153 ἑπομένην
1643 5085 1708 5154 τῇ

150 5154 338 5224 πίστει,
369 5161 530 5231 χάριν
580 5163 840 5234 ἀναφέρω
870 5163 1011 5237 ὑπὲρ
1039 5166 1215 5236 ὑμῶν,
1247 5169 1344 5222 καὶ
1378 5170 1580 5242 ταύτην
1611 5175 1711 5228 οὐκ

150 5250 220 5308 είς
243 5246 407 5314 dirae,
440 5251 576 5307 ἀλλὰ
603 5253 698 5307 καὶ
733 5252 824 5309 διὰ
852 5254 1074 5319 παντὸς.

219 5354 237 5388 σ
286 5339 342 5397 ὀ
374 5342 564 5419 Πατὴρ
581 5345 682 5416 τῆς
714 5345 891 5418 δόξης.
939 5364 958 5398 δ

213 5429 516 5506 ’λ’συτέστιν,
537 5440 782 5513 ἀρχηγὸς
808 5443 1006 5507 παντὸς
1035 5443 1130 5498 τοῦ
1149 5444 1426 5519 διδομένου
1449 5450 1527 5513 είς
1562 5453 1708 5524 ἡμᾶς

157 5521 290 5581 θείου
316 5530 669 5605 χαρίσματος,
703 5533 843 5610 ὅπερ
878 5539 938 5593 ἐν
962 5539 1242 5613 Πνεὺματι
1283 5543 1370 5600 διὰ
1397 5544 1492 5600 τοῦ
1532 5521 1706 5616 Λδγου

162 5620 476 5692 tanniam.

223 5794 271 5831 ⁸⁸
320 5798 566 5869 Luc.xv,
620 5803 708 5867 ίθ.

1809 4634 2051 4681 vestram
2077 4639 2198 4697 quae
2225 4633 2311 4682 est
2343 4625 2399 4680 in
2434 4624 2662 4682 Domino
2688 4624 2844 4692 Jesu,
2876 4637 2930 4683 et
2957 4627 3308 4686 dilectionem
3338 4629 3396 4686 in

1809 4731 2002 4773 omnes
2031 4726 2280 4784 sanctos,
2315 4731 2428 4771 non
2450 4731 2610 4774 cesso
2648 4717 2855 4788 gratias
2883 4733 3052 4790 agens
3079 4734 3181 4791 pro
3211 4721 3392 4787 vobis,

1810 4811 2138 4866 memoriam
2177 4811 2350 4868 vestri
2385 4810 2598 4866 faciens
2647 4813 2701 4866 in
2731 4814 3084 4871 orationibus
3125 4815 3290 4882 meis,
3334 4823 3398 4871 ut

1813 4901 1959 4960 Deus
2001 4904 2216 4959 Domini
2251 4905 2428 4961 nostri
2461 4902 2589 4960 Jesn
2625 4905 2857 4973 Christi,
2897 4925 2916 4960 ι

1881 4995 2109 5061 Audita,
2134 4996 2340 5066 inquit,
2367 5004 2544 5052 vestra
2567 4996 2673 5054 tide
2704 5013 2814 5070 qua
2846 4997 3073 5053 Christo
3094 5013 3193 5054 vos
3218 4998 3376 5054 devo-

1811 5086 1976 5156 vetis,
2013 5104 2116 5144 nec
2152 5105 2264 5143 non
2325 5089 2630 5145 dilectione
2685 5105 2810 5161 quae
2861 5089 3200 5163 respondeat
3242 5093 3389 5158 ﬁdei,

1810 5192 1992 5252 grates
2034 5181 2216 5237 refero
2246 5197 2346 5253 pro
2371 5183 2547 5248 vobis,
2591 5198 2693 5240 nec
2724 5198 2832 5240 una
2881 5190 3094 5238 tantum
3120 5185 3260 5254 vice,
3292 5185 3390 5242 sed

1809 5272 2218 5330 indesinenter.

1891 5382 1911 5417 ι
1945 5363 2110 5420 Pater
2139 5365 2346 5435 gloriae,
2386 5385 2404 5419 ι

1886 5453 2002 5510 Hoc
2034 5465 2141 5521 est,
2173 5467 2373 5512 auctor
2420 5459 2603 5513 omnis
2661 5458 2812 5515 illius
2872 5458 3003 5515 doni
3033 5458 3206 5517 divini
3240 5461 3387 5532 quod

1814 5564 2146 5605 concessum
2177 5561 2263 5607 est
2299 5550 2500 5619 nobis;
2536 5551 2682 5623 quod
2713 5553 2935 5624 quidem
2977 5553 3032 5610 in
3057 5551 3270 5626 Spiritu
3289 5569 3384 5627 per

1817 5639 2056 5699 Verbum
2077 5641 2548 5702 subministratur.
