3928 6264
402 356 502 425 83!

403 556 602 612 vimus.
625 550 815 630 Neque
835 559 979 614 enim
1014 559 1118 618 hoc
1151 563 1266 619 ﬁeri
1301 571 1537 634 poterat.
1568 550 1682 623 Sed
1700 564 1848 624 Deus
1869 577 1978 634 est,

401 648 497 718 qui
533 663 634 705 nos
680 658 833 708 creat
855 652 913 708 in
943 651 1194 722 Christo,
1223 656 1384 726 cujus
1412 658 1835 718 similitudinem
1868 677 1978 718 cx.

405 737 700 811 primimus
740 741 1056 801 imitatione
1095 760 1324 818 operum
1376 764 1499 820 qua:
1529 750 1649 824 ipse
1677 753 1879 824 gessit,
1917 758 1981 807 ut

404 839 740 901 praepararet
767 831 930 890 nobis
957 833 1043 890 sui
1075 835 1555 910 participationem
1591 847 1648 896 et
1671 839 1982 898 conformi-

402 926 598 977 tatem.

473 1010 641 1069 Vens.
669 1012 762 1072 li.
798 1033 820 1069 ι
860 1014 1092 1090 Propter
1117 1021 1265 1089 quod
1321 1038 1592 1082 memores
1624 1035 1801 1084 estote
1829 1026 1980 1100 quod

403 1107 703 1178 aliquando
731 1125 836 1169 vos
865 1121 1058 1185 gentes
1079 1117 1136 1172 in
1165 1132 1359 1176 carne.
1388 1137 1411 1172 ι

473 1199 742 1266 Quoniam
769 1205 1084 1263 recordatio
1137 1211 1550 1280 praeteritorum
1578 1212 1646 1268 ad
1675 1220 1864 1284 grates
1908 1213 1978 1270 de

405 1293 771 1363 praesentibus
844 1297 1128 1357 habendas
1182 1317 1287 1360 nos
1343 1313 1662 1374 comparat,
1725 1304 1980 1362 hortatur

403 1383 667 1454 Ephesios
690 1394 750 1442 ut
771 1389 990 1446 illorum
1025 1393 1480 1455 reminiscautur.

477 1496 498 1531 ε
534 1478 636 1544 Qui
680 1478 936 1539 dicimini
999 1487 1352 1557 praeputium,
1390 1489 1458 1546 ab
1495 1503 1558 1546 ea
1593 1506 1719 1561 quae
1763 1492 1979 1550 dicitur

402 1573 758 1630 circumcisio
808 1574 864 1632 in
939 1593 1145 1645 carne,
1209 1581 1528 1640 manulacta
1575 1581 1821 1658 :[Vers.
1874 1585 1978 1659 l2]

403 1665 533 1734 quia
579 1667 752 1725 cratis
793 1668 969 1724 illoin
995 1679 1246 1742 tempore
1262 1674 1384 1732 sine
1421 1675 1664 1741 Christo,
1689 1678 1911 1733 alienati
1947 1696 1979 1734 a

401 1757 826 1814 conversatione
843 1758 1037 1827 lsrael,
1066 1770 1124 1818 et
1153 1764 1405 1837 hospites
1437 1777 1913 1826 testamentorum.
1950 1790 1972 1824 ι

473 1847 700 1920 Propria
719 1855 901 1910 carnis
918 1863 1069 1922 sunt,
1090 1866 1204 1912 tum
1228 1828 1576 1929 praeputium,
1597 1869 1712 1917 tum
1731 1863 1975 1921 circum-
2007 1828 2053 1888 Β

399 1940 563 1998 cisio.
586 1942 856 2000 Caeterum
905 1949 1153 2004 carnalia
1194 1965 1321 2007 vere
1367 1968 1476 2009 non
1505 1956 1798 2012 exsistunt.
1832 1957 1978 2024 Qua-

401 2041 631 2104 propter
671 2051 734 2092 ea
766 2037 875 2093 dici
901 2040 1000 2096 ait.
1032 2040 1273 2099 Noverat
1311 2046 1513 2118 quippe
1538 2047 1700 2120 182
1732 2049 1976 2104 circum.

400 2125 670 2183 cisionem
712 2145 925 2197 veram,
956 2149 1065 2203 qua
1093 2135 1150 2191 in
1195 2135 1366 2192 corde
1395 2138 1974 2211 circumamputentur

397 2232 743 2290 quaecunque
777 2231 977 2294 praeter
1035 2228 1346 2285 naturalem
1387 2230 1843 2288 constitutionem
1874 2233 1974 2288 ad-

399 2317 530 2364 nata
600 2321 752 2369 sunt.
793 2314 950 2384 Quod
1004 2318 1051 2375 si
1081 2318 1186 2376 hoc
1218 2321 1438 2393 proprie
1465 2323 1822 2380 circumcisio
1853 2332 1961 2393 est,

398 2405 726 2476 praeputium
767 2423 956 2466 verum
991 2409 1133 2468 nihil
1157 2413 1311 2471 aliud
1335 2422 1444 2484 est,
1474 2417 1583 2474 nisi
1619 2431 1746 2474 vera
1783 2415 1974 2476 cordis

399 2494 770 2554 immunditia.

473 2605 492 2638 ε
517 2585 905 2651 Promissionis
936 2610 1088 2667 spem
1112 2611 1223 2654 non
1247 2599 1532 2669 habentes,
1549 2609 1603 2658 et
1625 2601 1748 2659 sine
1773 2601 1884 2660 Deo
1915 2603 1972 2661 in

399 2676 503 2734 hoc
531 2681 758 2740 mundo.
793 2702 817 2738 ι

458 2771 704 2831 Diversa:
731 2776 958 2849 quidem
1002 2781 1412 2852 promissiones
1443 2794 1600 2854 sunt,
1635 2793 1693 2842 ut
1723 2793 1778 2845 ct
1803 2796 1974 2846 testa-

396 2873 600 2922 menta.
632 2864 809 2924 Unam
841 2886 980 2930 vero
1011 2873 1156 2931 hanc
1185 2879 1658 2949 commemoravit,
1690 2889 1966 2952 quatenus

395 2955 650 3017 Christus
677 2976 870 3021 omnes
896 2965 954 3021 in
981 2981 1153 3023 unum
1186 2966 1492 3041 coniungit.

465 3050 632 3112 Vens.
661 3055 749 3113 l5.
775 3073 798 3108 ι
837 3054 995 3115 Nunc
1018 3066 1205 3117 autem
1254 3060 1313 3116 in
1337 3060 1560 3117 Christo
1587 3059 1721 3120 Iesu
1742 3077 1841 3120 vos
1876 3062 1970 3136 qui

395 3145 565 3243 eratis
585 3146 768 3220 longe,
794 3147 930 3206 lacti
959 3151 1099 3209 estis
1130 3165 1304 3226 prope
1332 3151 1389 3208 in
1413 3153 1683 3243 sanguine
1701 3154 1968 3243 Christi.»
1999 3181 2045 3243 α

473 3231 658 3307 Longe
683 3250 908 3295 eramus
942 3253 972 3292 a
993 3237 1240 3305 Christo,
1274 3239 1468 3295 mundi
1505 3239 1671 3312 hujus
1701 3242 1973 3302 institutis

396 3336 453 3382 et
511 3327 761 3385 moribus
793 3331 1060 3400 separati.
1085 3330 1294 3388 Horum
1356 3333 1708 3392 abolitionem
1729 3337 1972 3408 patravit

399 3429 550 3472 mors
581 3413 808 3483 Christi,
828 3426 883 3474 et
918 3417 1014 3490 qui
1045 3418 1177 3476 huic
1203 3419 1647 3490 conformantur,
1674 3439 1785 3480 non
1814 3425 1976 3498 longe

399 3506 637 3578 amplius
657 3515 788 3566 sunt
812 3524 842 3564 a
863 3508 997 3575 Deo,
1019 3511 1117 3568 sed
1139 3511 1375 3582 proximi
1400 3512 1541 3569 ﬁunt
1559 3529 1655 3586 per
1673 3513 1976 3588 Spiritum;

398 3598 600 3658 conﬁxi
629 3599 889 3662 nimirum
918 3604 1072 3662 cruel
1097 3620 1224 3662 cum
1248 3604 1474 3664 Christo
1490 3606 1560 3676 δ’,
1591 3617 1652 3665 ιιι
1680 3609 1980 3682 Apostolus

401 3695 543 3751 idem
575 3693 840 3768 loquitur.

472 3786 637 3847 Vens.
695 3789 784 3855 η,
811 3791 900 3848 l5.
951 3809 974 3845 ε
1003 3789 1121 3862 lpsc
1155 3792 1306 3848 enim
1355 3801 1443 3850 est
1496 3809 1602 3865 pax
1635 3805 1849 3861 nostra,
1879 3795 1976 3868 qui

396 3878 530 3937 fecit
559 3891 793 3952 utraque
829 3899 1021 3947 unum,
1050 3888 1105 3938 et
1136 3883 1378 3941 medium
1415 3885 1682 3958 parietem
1715 3890 1978 3946 maceria:

400 3968 730 4038 dissolvens,
759 3970 1086 4029 inimicitias
1113 3973 1168 4029 in
1198 3989 1370 4031 carne
1400 3991 1525 4042 sua,
1559 3976 1728 4049 legem
1748 3980 1978 4036 manda-

404 4069 581 4115 torum
614 4061 668 4117 in
697 4063 944 4123 decretis
978 4080 1280 4134 evacuans,
1318 4076 1377 4123 ut
1407 4067 1550 4125 duos
1578 4068 1782 4125 condat
1810 4069 1866 4126 in
1891 4087 1980 4130 se-

402 4155 532 4208 meti
541 4170 656 4224 pso.
697 4175 717 4208 r
1250 4211 1254 4216 .

476 4245 533 4301 id
571 4249 721 4319 quod
752 4253 1068 4322 separabat,
1094 4253 1374 4310 sublatum
1406 4263 1549 4314 este
1575 4258 1757 4316 medio
1788 4261 1976 4332 :quorl

399 4339 623 4416 quidem
653 4351 738 4399 est
767 4359 900 4400 caro
928 4346 1048 4418 ipsa
1080 4357 1306 4418 propter
1335 4361 1620 4423 peccatum
1656 4353 1710 4407 in
1739 4368 1805 4409 ea
1833 4355 1977 4409 resi-

400 4435 541 4490 dens
571 4452 584 4488 :
620 4437 818 4508 quippe
882 4455 1006 4510 qua:
1063 4440 1119 4496 in
1149 4449 1326 4497 totum
1387 4445 1656 4501 alienaret
1696 4447 1823 4504 illos
1879 4447 1976 4518 qui

1180 432 1185 435 _
1604 380 1675 443 S.
1697 376 2022 444 JOANNIS
2063 378 2502 445 DAMASCENI

475 466 594 522 Non
622 482 748 560 nos,
769 467 1041 560 lnquit,in
1073 487 1273 530 novam
1313 487 1627 537 creaturam
1647 483 1750 552 ipsi
1777 481 1978 535 forma-

2155 482 2269 553 Οὒχ
2293 483 2543 548 ἑαυτοὺς,
2576 481 2733 555 φησὶ,
2761 480 2958 557 καινήν
2990 484 3657 560 κείσιν-ἀπεργαζόμεθα·

3555 385 3658 450 83S

2079 573 2204 627 οὐδὲ
2235 574 2346 647 γὰρ
2371 573 2619 629 δυνατόν.
2657 573 2798 629 Ἀλλ’
2825 576 2855 630 6
2885 573 3088 641 κτίζων
3129 576 3278 649 ἡμᾶς
3305 577 3422 632 ἐστι
3445 578 3577 644 Θεὸς
3603 583 3659 636 ἑν

2078 664 2328 738 Χριστῷ,
2362 660 2424 723 οῦ
2453 666 2554 739 τὴν
2598 667 2861 740 ὁμοίωσιν
2902 667 3268 742 ἀπιτελοῦμεν
3319 673 3388 744 τῇ
3428 673 3662 745 μιμήσει

2078 757 2192 814 τῶν
2243 757 2444 832 ιργων,
2482 758 2630 832 άπερ
2679 759 2846 825 αὐτὸς
2898 761 3216 833 είργάσατο,
3247 765 3662 837 προετοιμάζων

2079 846 2217 922 ήμῖν
2239 849 2341 922 τὴν
2365 848 2675 923 μετάληψιν
2701 850 2798 905 καὶ
2819 851 3105 924 ὁμοίωσιν.

2157 1044 2178 1079 ε
2219 1024 2313 1082 Διδ
2342 1022 2762 1099 μνημονεύετε,
2798 1025 2883 1082 δτι
2938 1027 3100 1100 ὑμεῖς
3147 1033 3280 1086 ποτε
3323 1031 3393 1087 τά
3447 1030 3578 1106 ἔθνη
3601 1032 3663 1088 ιν

2081 1118 2378 1278 agiagi;
2429 1216 2465 1281 ἡ
2507 1211 2616 1268 τῶν
2647 1211 2934 1286 προτέρων
2960 1211 3268 1285 ἀνάμνησις
3299 1213 3403 1287 τήν
3427 1216 3522 1270 επὶ
3562 1215 3654 1272 τοῦ

2079 1302 2350 1372 παρόντος
2400 1301 2755 1372 εὐχαριστίαν
2802 1304 3228 1370 κατασκευάζει,
3297 1305 3658 1378 μνημονεύειν

2079 1390 2306 1445 ἐκείνων
2340 1392 2796 1464 παρακελεύεται.

2155 1501 2174 1534 ε
2211 1484 2278 1537 ΟΞ
2334 1484 2620 1554 λεγόμενοι
2673 1483 3012 1558 ἀκροϐυστία
3065 1485 3174 1540 ἀπὸ
3223 1486 3324 1558 τῆς
3357 1486 3660 1561 λεγομένης

2079 1578 2386 1647 περιτομῆς
2425 1577 2485 1629 ὲν
2538 1576 2704 1648 σαρκὶ
2757 1577 3174 1650 χειροποιήτου·
3235 1580 3321 1634 δτι
3351 1581 3450 1652 ἦτε
3487 1581 3547 1636 ιν
3583 1581 3660 1654 τῷ

2080 1666 2261 1740 καιρῷ
2290 1668 2487 1740 ἐκείνῳ
2531 1669 2701 1741 χωρὶς
2739 1669 3001 1742 Χριστοῦ,
3030 1670 3536 1746 ἀπηλλοτριωμένοι
3558 1675 3661 1746 τῆς

2082 1759 2360 1826 πολιτείας
2381 1759 2477 1816 τοῦ
2508 1759 2752 1833 Ἰσραὴλ,
2785 1761 2884 1816 καὶ
2908 1760 3051 1828 ξένοι
3086 1762 3196 1818 τῶν
3224 1763 3522 1837 διαθηκῶν.
3563 1785 3585 1819 ι

2149 1850 2422 1924 Σαρκικδν
2451 1852 2700 1924 ίδίωμαή
2723 1852 3058 1926 ἀκροϐυστία
3081 1856 3177 1911 καί
3199 1856 3236 1929 ή
3259 1857 3567 1932 περιτομή·
3589 1859 3658 1914 τὰ

2074 1943 2134 1999 δέ
2166 1943 2408 2018 σαρκικά
2449 1943 2551 2000 οὐκ
2595 1946 2769 2010 ὅντως
2798 1943 2929 2001 ὄντα
2958 1947 3098 2001 ἐστι.
3129 1948 3226 2002 Διὸ
3253 1950 3551 2021 λεγόμενα
3577 1945 3656 2004 εί.

2075 2052 2180 2091 πεν
2207 2036 2368 2092 αὑτά.
2420 2034 2545 2092 Οἷδε
2597 2037 2710 2110 γάρ
2738 2036 2840 2111 τὴν
2865 2038 3043 2112 ἀληθῆ
3093 2041 3421 2116 περιτομὴν,
3470 2042 3570 2115 τὴν
3600 2044 3657 2098 iv

2075 2129 2277 2203 καρδίᾳ
2298 2129 2642 2201 περιαίρεσιν
2656 2129 2767 2184 τῶν
2782 2131 3180 2204 ὲπιγινομένων
3199 2134 3268 2206 τῇ
3287 2134 3485 2206 καρδίᾳ
3510 2135 3656 2205 παρά

2073 2221 2176 2293 τήν
2212 2221 2451 2294 φυσικὴν
2476 2219 2846 2294 κατασκευήν.
2868 2221 2934 2276 Et
2955 2223 3014 2276 δὲ
3045 2221 3207 2279 τοῦτο
3230 2225 3501 2298 περιτομὴ
3523 2225 3654 2296 ἀλη-

2076 2313 2206 2386 θὴς,
2241 2313 2578 2384 ἀκροϐυστία
2604 2313 2816 2388 ἀληθής
2861 2315 3013 2373 ἔστιν
3041 2317 3078 2391 ἠ
3121 2316 3225 2391 τῆς
3257 2304 3490 2391 καρδίᾶς
3516 2319 3656 2374 ἀκα-

2075 2408 2298 2482 θαρσία.

2150 2611 2170 2647 ε
2207 2593 2323 2666 Τῆς
2376 2593 2713 2664 ἐπαγγελίας
2764 2589 2960 2648 ῑλπίδα
3003 2591 3082 2664 μὴ
3111 2589 3350 2665 ἔχοντες,
3385 2596 3479 2647 καὶ⁸
3505 2593 3651 2648 ἀθεοι

2072 2687 2131 2741 ἑν
2156 2685 2236 2757 τῷ
2261 2685 2472 2758 κόσμῳ.
2501 2704 2523 2741 ι

2143 2779 2408 2850 Διάφοροι
2437 2777 2539 2849 μὲν
2569 2778 2626 2834 αί
2663 2776 3012 2848 άπαγγελίαι,
3037 2776 3229 2849 ὥσπερ
3260 2777 3356 2831 καὶ
3388 2776 3446 2832 αι
3471 2775 3654 2848 διαθῆο

2073 2889 2187 2927 και.
2218 2871 2365 2926 Μίαν
2392 2871 2450 2926 δὲ
2499 2870 2674 2944 αὐτὴν
2718 2865 2842 2926 εἷπε
2861 2909 2882 2937 ,
2912 2869 3052 2926 καθὸ
3083 2869 3296 2934 πάντας
3323 2870 3405 2935 εις
3440 2868 3501 2923 εν
3530 2869 3655 2940 ἄγει

2073 2959 2331 3034 Χριστός.

2150 3071 2171 3106 ε
2206 3052 2348 3108 Νυνὶ
2370 3053 2430 3108 tv
2456 3052 2679 3126 Χριστῷ
2728 3052 2905 3126 Ἰησοῦ
2931 3053 3095 3126 ὑμεῖς
3125 3052 3184 3109 of
3208 3069 3337 3108 ποτε
3365 3052 3517 3118 ὄντες
3547 3070 3656 3124 μα-

2074 3146 2240 3222 κράν,
2273 3147 2440 3218 ἔγγὺς
2464 3145 2764 3218 ιγενήθητε
2800 3146 2860 3200 ιν
2879 3143 2960 3218 τῷ
2992 3144 3187 3218 αἵματι
3209 3144 3305 3200 τοῦ
3334 3145 3595 3218 Χριστοῦ.
3631 3165 3650 3199 ι

2145 3240 2383 3310 Μακράν
2418 3233 2564 3313 ἦμεν
2585 3238 2722 3294 Θεοῦ
2751 3241 2821 3312 τῇ
2853 3238 2967 3311 ζωῇ
3002 3240 3068 3312 τῇ
3095 3239 3336 3312 κοσμικῇ
3369 3237 3661 3310 διωρισμί·

2076 3353 2177 3393 νοι.
2210 3334 2426 3409 Ταύτης
2455 3335 2512 3390 δὲ
2538 3332 2695 3392 λύσιν
2728 3332 3028 3405 εἰργάσατο
3050 3334 3082 3386 6
3115 3331 3347 3395 “vero;
3385 3331 3483 3386 τοῦ
3520 3333 3658 3404 Χρισ

2079 3427 2232 3494 στοῦ,
2263 3427 2360 3483 καὶ
2379 3429 2429 3482 oi
2456 3426 2632 3498 τούτῳ
2676 3423 3187 3499 συμμορφούμενοι,
3213 3424 3401 3480 ούκίτι
3439 3425 3660 3498 μακράν

2077 3518 2183 3572 εισι
2217 3517 2374 3584 Θεοῦ,
2408 3516 2526 3572 ἀλλ’
2573 3514 2850 3587 ἐγγύτητα
2899 3512 3240 3588 λαμϐάνουσι
3282 3515 3380 3588 τὴν
3405 3516 3464 3571 ἐν
3491 3513 3662 3570 πνεύ-

2080 3627 2232 3683 ματι,
2257 3609 2724 3684 συσταυρούμενοι
2746 3609 2990 3682 Χριστῷ,
3019 3609 3163 3666 κατά
3181 3609 3276 3664 τὸν
3305 3609 3659 3667 ’Δπύστολον.

2155 3809 2176 3843 ι
2217 3786 2390 3854 Αὐτὸς
2419 3789 2532 3862 γάρ
2577 3790 2728 3845 ιστιν
2752 3791 2789 3862 ή
2821 3788 3018 3862 εῑρήνη
3042 3788 3226 3863 ήμῶν,
3273 3790 3304 3847 6
3329 3792 3568 3866 ποιήσας
3591 3793 3669 3853 τὸ

2079 3883 2367 3957 ἀμφότερα
2397 3881 2478 3950 ἓν,
2511 3881 2610 3936 καὶ
2641 3881 2706 3936 τὸ
2731 3882 3048 3954 μεσότοιχον
3066 3881 3160 3938 τοῦ
3188 3883 3448 3956 φραγμοῦ
3466 3884 3658 3952 λύσας,

2081 3979 2184 4049 τὴν
2208 3975 2408 4049 ἔχθραν
2441 3976 2501 4030 ιν
2528 3976 2596 4046 τῇ
2631 3971 2796 4046 σαρκὶ
2836 3969 3026 4040 αὐτοῦ,
3057 3973 3152 4028 τδν
3178 3973 3344 4046 νόμον
3368 3974 3479 4030 τῶν
3507 3977 3662 4031 ιντο-

2078 4069 2188 4124 λῶν
2218 4069 2277 4124 ἐν
2301 4067 2534 4141 δόγμασι
2561 4066 2944 4140 καταργήσας,
2992 4067 3083 4122 ίνα
3132 4069 3260 4133 τοὺς
3285 4066 3380 4123 δύο
3410 4067 3574 4140 κτίσῃ
3604 4070 3662 4123 ιν

2078 4160 2282 4234 ἐαυτῷ.
2311 4179 2332 4213 a

2149 4255 2224 4309 Τὸ
2274 4252 2509 4326 διορίζον
2543 4251 2807 4322 ἑξίκοψεν
2859 4253 2924 4307 ὲκ
2961 4250 3153 4324 μέσου,
3206 4253 3346 4324 ὅπερ
3368 4251 3489 4308 ἐστὶ
3521 4251 3660 4323 σάρξ

2078 4349 2168 4404 διά
2191 4348 2291 4420 τὴν
2318 4348 2378 4401 ἐν
2409 4347 2547 4418 αὐτῇ
2569 4346 2868 4419 ἁμαρτίαν,
2897 4346 3073 4418 πάντη
3103 4346 3203 4417 μὲν
3222 4345 3662 4418 ἀπαλλοτριοῦσα

2078 4438 2207 4501 τοὺς
2239 4435 2360 4491 οὐδὲ
2394 4436 2562 4508 νόμου
2615 4434 3019 4509 χωριζομένους
3071 4436 3183 4491 ἀπὸ
3237 4437 3338 4508 τῆς
3391 4439 3663 4510 σαρκικῆς

401 4529 696 4600 nequidem
734 4531 872 4603 legis
906 4547 1012 4604 ope
1049 4547 1078 4587 a
1106 4535 1352 4605 nequitia
1380 4538 1588 4593 carnali
1612 4540 1977 4596 secerneban-

2095 4531 2300 4594 ιακίας.
2326 4529 2388 4584 ού
2424 4528 2532 4602 μὴν
2555 4529 2677 4584 οὐδὲ
2702 4530 2831 4595 τοὺς
2855 4529 2962 4584 ὑπὸ
2992 4531 3157 4600 νόμον
3194 4530 3357 4594 ὄντας
3381 4531 3663 4603 καθαροὺς

402 4631 524 4686 tur;
564 4623 694 4693 quin
722 4640 824 4682 nec
854 4641 950 4682 eos
980 4627 1075 4698 qui
1103 4629 1207 4684 sub
1234 4629 1352 4701 lege
1372 4630 1634 4703 agebant,
1666 4647 1836 4703 puros
1857 4634 1985 4690 red-

402 4717 552 4773 deret
574 4717 642 4771 ab
659 4717 995 4776 alienatione
1011 4736 1176 4792 quam
1201 4732 1484 4793 peccatum
1511 4735 1818 4796 pepererat.
1841 4725 1982 4793 Quo.

402 4807 549 4862 circa
579 4807 669 4863 ille
697 4808 788 4879 qui
820 4810 1096 4866 destruxit
1123 4825 1432 4883 peccatum,
1463 4814 1610 4886 quod
1634 4831 1732 4887 per
1756 4830 1980 4873 carnem

406 4899 706 4969 prodierat,
757 4917 868 4957 una
910 4917 1137 4973 quoque
1173 4903 1348 4976 legem
1400 4905 1456 4960 in
1512 4921 1682 4962 carne
1745 4907 1980 4978 positam

406 4990 648 5046 sustulit.
683 4991 790 5047 Pro
830 4993 950 5063 lege
986 5003 1171 5051 autem
1229 4995 1514 5053 decretum
1571 4997 1802 5064 invexit,
1840 5000 1978 5056 libe-

405 5100 522 5138 ram
554 5084 744 5155 utique
771 5085 941 5140 animi
976 5087 1309 5145 voluntatem
1343 5088 1455 5144 Deo
1479 5090 1779 5146 serviendi.

478 5173 636 5231 Vers.
669 5174 755 5242 l6,
807 5177 898 5233 l7.
936 5196 954 5230 ι
988 5177 1048 5234 in
1082 5193 1254 5235 unum
1306 5195 1506 5237 novum
1544 5182 1846 5250 hominem,
1904 5183 1986 5239 fa-

405 5267 556 5324 ciens
586 5282 799 5339 paccm,
829 5277 887 5325 et
913 5271 1448 5331 reconcilietamhos
1491 5275 1546 5329 in
1589 5291 1701 5332 uno
1752 5290 1985 5347 corpore

408 5359 518 5416 Deo
544 5377 638 5431 per
668 5375 913 5428 crucem,
946 5363 1283 5420 interﬁciens
1340 5365 1658 5425 inimicitias
1690 5370 1744 5426 in
1779 5378 1979 5427 semet.

409 5452 529 5523 ipso
560 5467 574 5504 :
611 5459 664 5507 et
689 5453 914 5509 veniens
949 5473 971 5508 ε

481 5541 660 5597 Finita
719 5558 818 5615 per
844 5559 1062 5602 crucem
1094 5548 1352 5619 praesenti
1380 5555 1515 5616 vlta,
1547 5558 1600 5606 et
1647 5550 1977 5610 circumcisa

410 5652 596 5701 carne,
626 5651 773 5694 unus
804 5638 970 5697 homo
1019 5643 1356 5710 ostenditur,
1401 5644 1654 5720 quisquis
1682 5661 1781 5721 per
1808 5648 1976 5705 vitam

475 5811 518 5842 "
549 5809 732 5869 Calat.
793 5828 858 5882 ιι,
897 5813 986 5873 15.

2079 4623 2306 4691 ἀφιεῖσα
2341 4621 2446 4693 τῆς
2486 4619 2556 4677 δι’
2607 4621 2783 4694 αὐτὴν
2836 4619 3267 4695 ἀλλοτριώσεως.
3316 4621 3481 4678 Ὅθεν
3505 4622 3536 4675 6
3565 4621 3666 4696 τὴν

2077 4713 2360 4788 ἁμαρτίαν
2405 4711 2551 4769 λύων
2591 4714 2694 4786 τὴν
2737 4714 2826 4772 διά
2855 4714 3079 4786 σαρκὸς,
3111 4715 3228 4786 ἀμα
3255 4716 3352 4771 καὶ
3378 4715 3472 4770 τδν
3497 4717 3666 4790 νόμον

2080 4808 2320 4880 περιεῖλε
2355 4807 2449 4863 τὸν
2497 4808 2592 4862 ἐπὶ
2647 4809 2816 4879 σαρκί
2861 4808 3106 4863 τεθέντα.
3155 4810 3552 4879 Ἀντεισήγαγε
3608 4810 3666 4864 δὲ

2079 4902 2204 4956 ἀντὶ
2231 4900 2399 4970 νόμου
2433 4899 2632 4970 δόγμα,
2679 4901 2819 4972 ὅπερ
2850 4901 2967 4954 ἐστὶ
2991 4901 3050 4954 τὸ
3085 4900 3184 4971 τῆς
3206 4899 3385 4972 ψυχῆς
3413 4901 3666 4956 ἑκούσιον

2079 4994 2161 5057 είς
2183 4991 2442 5067 λατρείαν
2466 4990 2625 5046 Θεοῦ.

2158 5190 2178 5225 ι
2219 5172 2314 5238 Είς
2367 5171 2468 5225 ἱνα
2513 5169 2700 5225 καινὸν
2741 5168 3050 5242 ἄνθρωπον,
3092 5168 3261 5223 ποιῶν
3287 5171 3535 5244 εἰρήνην,
3573 5176 3664 5229 καὶ

2081 5263 2507 5336 ἀποκαταλλάξῃ
2558 5264 2685 5326 τοὺς
2717 5260 3062 5334 ἀμφοτέρους
3119 5263 3179 5316 ὲν
3211 5263 3292 5316 ἑνὶ
3322 5258 3553 5335 ’σώματι
3587 5264 3663 5336 τῷ

2082 5359 2203 5430 Θεῷ
2233 5358 2321 5414 διὰ
2346 5357 2442 5412 τοῦ
2476 5355 2736 5430 σταυροῦ,
2768 5355 3098 5422 ἀποκτείνας
3119 5354 3219 5427 τὴν
3244 5353 3444 5428 ἔχθραν
3474 5357 3533 5411 ὲν
3563 5358 3659 5411 azi-

2081 5451 2182 5524 τῷ,
2219 5451 2316 5506 καὶ
2338 5447 2527 5504 ἐλθών.
2565 5467 2585 5502 a

2080 5573 2086 5588 -
2159 5547 2266 5602 Τοῦ
2295 5541 2531 5615 σταυροῦ
2560 5542 2732 5614 πέρας
2758 5539 3039 5604 ἐπιθέντος
3068 5542 3134 5611 τῇ
3163 5541 3276 5611 ζωῃ
3297 5539 3368 5610 τῇ
3389 5538 3654 5614 παρούσῃ,

2088 5642 2182 5699 καί
2213 5639 2312 5713 τὴν
2347 5638 2528 5710 σάρκα
2577 5633 2990 5708 περιτεμόντος,
3025 5625 3104 5697 εἷς
3134 5632 3423 5705 ἄνθρωπος
3446 5632 3658 5688 anum-
