3928 6264
507 333 618 400 839

1675 329 1737 391 S.
1773 327 2095 391 J'OANNIS
2131 329 2561 393 DAMASCENI

3640 330 3738 401 8‘0

572 470 596 507 ι
637 444 708 504 Ut
738 441 1082 519 impieamini
1114 445 1169 500 in
1198 458 1418 501 omnem
1464 443 1869 517 plenitudinem
1901 444 2019 501 Dei.
2058 463 2083 496 τι

2266 466 2286 498 ι
2348 447 2465 500 Ἵνα
2519 444 2846 518 πληρωθῆτε
2902 446 2984 511 είς
3047 446 3158 502 πᾶν
3217 445 3281 501 τδ
3331 445 3599 521 πλήρωμα
3652 449 3732 505 τοῦ

573 622 650 682 Ut
673 623 1060 678 additamenta
1093 629 1300 678 sancta:
1333 622 1481 677 illius
1525 621 1786 680 Ecclesia:
1823 623 2087 688 cmlestis,

503 725 619 772 tota
653 715 941 789 plenitudo
992 715 1088 773 Dei
1132 716 1434 783 coalescat,
1467 730 1593 772 cum
1633 731 1700 772 ex
1735 715 2086 782 caelestibus,

505 817 623 864 tum
650 822 713 863 ex
746 808 1005 865 terrenis.

577 901 748 959 Vens.
790 902 881 968 20,
913 901 1008 960 9.1.
1049 921 1069 955 ι
1107 901 1168 958 Ei
1199 909 1382 958 autem
1430 900 1523 972 qui
1564 907 1759 972 potens
1790 910 1872 956 est
1905 901 2092 958 omnia

506 992 690 1050 facere
721 993 1239 1064 supcrahundanter
1271 1008 1438 1064 quam
1476 993 1718 1064 petimus
1760 1000 1857 1048 aut
1889 991 2095 1049 intelli-

506 1085 704 1156 gimus,
729 1085 1032 1142 secundum
1060 1088 1321 1142 virtutem
1354 1100 1478 1157 qua:
1505 1094 1770 1156 operatur
1800 1083 1856 1140 in
1887 1085 2089 1147 nobis;

506 1179 612 1250 ipsi
651 1179 823 1250 gloria
869 1179 923 1233 in
965 1178 1235 1246 Ecclesia,
1270 1179 1323 1233 in
1371 1178 1595 1235 Christo
1627 1174 1784 1247 Iesu,
1807 1177 1864 1234 in
1896 1193 2091 1234 omnes

506 1273 890 1344 generationes
919 1273 1106 1328 saeculi
1141 1271 1498 1328 szeculorum.
1536 1271 1735 1328 Amen.
1775 1289 1795 1324 ι

1166 1407 1323 1463 CAP.
1361 1405 1454 1464 ιγ.

575 1523 746 1580 Vnus.
789 1525 910 1580 1-5.
947 1542 966 1576 ι
998 1522 1246 1579 Obsecro
1279 1524 1466 1594 itaque
1498 1536 1620 1588 vos,
1656 1535 1760 1593 ego
1781 1520 2008 1578 vinctus
2035 1520 2094 1577 iu

509 1612 767 1671 Domino.
800 1634 824 1668 ι

578 1704 699 1763 Non
731 1708 838 1764 sibi
865 1706 1073 1764 Paulus
1095 1713 1316 1778 arrogat
1347 1706 1495 1777 quod
1516 1705 1701 1762 omnia
1728 1704 2090 1770 intellexerit.

507 1799 623 1857 Deo
651 1808 836 1856 autem
878 1800 983 1856 hoc
1009 1798 1304 1865 adscribit,
1335 1799 1487 1870 quod
1536 1797 1745 1867 majora
1775 1799 1943 1854 etiam
1984 1796 2089 1851 im-

505 1894 708 1964 pertiat
762 1906 928 1964 quam
980 1892 1369 1964 postulemus,
1409 1887 1858 1962 quandoquidem
1908 1887 2088 1946 virtus

508 2002 633 2058 qua
663 1983 1126 2042 subministratur
1173 1983 1360 2050 nobis,
1392 1999 1505 2039 non
1550 1997 1701 2039 nunc
1739 1991 1912 2038 totum
1952 1979 2090 2036 illud

509 2085 755 2149 praestat,
790 2078 936 2149 quod
961 2086 1048 2133 est
1080 2077 1293 2147 gratiae.
1319 2075 1595 2131 Caterum
1624 2081 1680 2130 in
1714 2072 1936 2131 Christo
1956 2073 2092 2129 Jesu

508 2185 694 2226 veram
721 2185 845 2226 esse
877 2170 1109 2241 gloriam
1139 2168 1294 2236 dicit,
1322 2177 1380 2226 et
1408 2167 1690 2225 consimili
1725 2166 1964 2238 quadam
1995 2181 2091 2222 ra-

508 2265 664 2320 tione
701 2265 754 2319 in
793 2263 1062 2321 Ecclesia.

583 2376 607 2411 ι
664 2355 840 2429 Digne
893 2356 1172 2413 ambulate
1211 2356 1502 2413 vocatione
1533 2369 1643 2426 qua
1684 2354 1865 2410 vocati
1912 2353 2092 2421 estis,

509 2467 638 2509 cum
716 2451 868 2506 omni
932 2449 1249 2506 humilitate
1311 2457 1370 2506 et
1428 2447 1888 2514 mansuetudine;
1962 2462 2092 2504 cum

509 2543 780 2616 patientia
843 2550 1236 2616 supportautes
1303 2541 1540 2597 invicem
1607 2542 1664 2596 in
1734 2539 2087 2606 dilectione,

510 2635 741 2694 solliciti
809 2649 1032 2691 servare
1092 2634 1358 2690 unitatem
1427 2632 1672 2706 Spiritus
1739 2633 1798 2689 in
1863 2633 2090 2690 vinculo

509 2728 687 2801 pacis.
727 2746 750 2782 ι

577 2820 662 2876 Ad
693 2822 817 2880 vita:
853 2820 1302 2888 sanctimoniam,
1349 2820 1559 2894 inquit,
1605 2821 1742 2879 estis
1788 2819 1999 2889 vocati,
2034 2829 2091 2878 et

507 2913 727 2970 vacatio
777 2913 1105 2985 spirituales
1161 2928 1347 2970 mores
1401 2913 1668 2986 postulat.
1722 2911 1790 2969 Hi
1841 2929 2005 2987 porro
2055 2929 2088 2971 a

508 3006 811 3073 contraria,
851 3021 882 3061 a
931 3005 1157 3062 carnale
1203 3005 1449 3074 scilicet,
1483 3015 1922 3078 cognoscuntur.
1953 3003 2088 3060 Nam

509 3098 561 3156 si
594 3098 649 3154 in
693 3098 1009 3156 carnalibus
1058 3098 1346 3169 vigescunt
1395 3098 1692 3168 superbia,
1742 3096 2084 3170 arrogantia,

2188 539 2346 595 Θεοῦ.
2382 558 2403 592 ο

2261 630 2385 684 Ἴνα
2438 626 2936 701 προστεθειμένης,
2984 627 3188 701 φησὶν,
3243 630 3344 702 τῆς
3393 629 3738 702 ἁγιαζομένης

2200 723 2527 795 Ἐκκλησίας
2547 724 2647 794 τῆς
2667 724 2943 796 οὐρανίου,
2977 723 3039 777 τὸ
3059 724 3170 778 πᾶν
3195 720 3472 796 πλήρωμα
3503 722 3594 776 τοῦ
3616 723 3738 778 θεοῦ

2191 817 2413 888 συνιστῇ
2451 815 2540 870 διά
2565 833 2624 870 τε
2654 816 2763 870 τῶν
2803 816 3072 887 οὐρανίων
3102 816 3197 870 καὶ
3225 815 3508 885 ἐπιγείων.

2265 924 2285 958 ι
2317 905 2408 978 Τῷ
2444 906 2502 961 δὲ
2539 907 2821 980 δυναμένῳ
2856 907 2996 978 ὑπὲρ
3041 906 3222 961 πάντα
3252 909 3477 978 ποιῆσαι
3507 906 3640 981 ὑπὲρ
3667 910 3743 963 tx-

2190 998 2457 1072 πσρισσοῦ
2488 993 2564 1056 ὢν
2592 999 2917 1069 αἰτούμεθα,
2950 1000 2984 1072 ἢ
3018 1000 3274 1071 νοοῦμεν,
3311 999 3454 1056 κατὰ
3479 1001 3579 1071 τὴν
3604 1001 3746 1056 δύνα-

2193 1109 2285 1163 μιν
2310 1090 2408 1162 τὴν
2454 1091 2856 1164 ἐνεργουμένην
2885 1094 2944 1147 tv
2991 1095 3143 1164 ἡμῖν,
3186 1092 3339 1163 αὐτῷ
3369 1093 3402 1166 ἠ
3441 1091 3566 1161 δόξα
3598 1095 3652 1149 tv
3689 1099 3743 1167 τῇ

2201 1182 2500 1257 Ἐκκλησία
2521 1186 2579 1238 tv
2615 1183 2842 1256 Χριστῷ
2889 1183 3090 1257 Ἰησοῦ,
3118 1186 3195 1250 είς
3235 1185 3416 1250 πάσας
3445 1185 3542 1250 τὰς
3567 1185 3744 1256 γενεὰς

2188 1274 2284 1330 τοῦ
2312 1275 2509 1340 αἰῶνος
2546 1276 2655 1330 τῶν
2689 1275 2923 1331 αίὼνων.
2969 1278 3168 1349 Ἀμην.
3221 1296 3243 1330 ι

2791 1408 3051 1466 ΚΕΦΑΛ.
3099 1414 3173 1466 Δ’.

2265 1543 2289 1577 ς
2331 1523 2644 1599 Παρακαλῶ
2663 1521 2758 1580 οὖν
2791 1525 2938 1598 ὑμᾶς
2963 1523 3076 1594 ἐγὼ
3104 1528 3134 1581 ό
3161 1526 3387 1598 δέσμιος
3409 1527 3469 1581 tv
3496 1526 3696 1598 Κυρίῳ.
3727 1547 3744 1582 .-

2263 1703 2401 1760 Οὐδὲ
2449 1703 2630 1775 ἑαυτῷ
2669 1703 2854 1758 δίδωσι
2894 1702 2957 1757 τὸ
2994 1703 3176 1757 πάντα
3204 1704 3499 1757 συνιέναιό
3531 1701 3747 1767 Παῦλος,

2119 1823 2168 1885 Β
2189 1797 2312 1870 Θεῷ
2339 1797 2397 1852 δὲ
2429 1796 2736 1868 ἀνατίθησι,
2759 1796 2821 1850 τὺ
2859 1797 2954 1851 καὶ
2984 1795 3210 1867 μείζονα
3239 1787 3314 1851 ὧν
3345 1794 3644 1866 αἰτούμεθα
3664 1813 3752 1868 χα-

2196 1886 2443 1964 ρίζεσθαι
2470 1903 2482 1917 ’
2516 1887 2704 1960 tuabi)
2729 1888 2826 1942 καὶ
2858 1889 2893 1958 ή
2936 1888 3324 1961 χορηγουμένη
3353 1887 3585 1961 δύναμις
3633 1891 3752 1962 ἡμῖν

2191 1983 2289 2038 νῦν
2317 1982 2470 2038 οὔπω
2498 1983 2560 2038 τὸ
2608 1981 2832 2052 σύμπαν
2879 1982 2982 2054 τῆς
3010 1983 3239 2056 χάριτος
3282 1983 3631 2040 ἀποδίδωσιν.
3673 1984 3755 2038 Ἐν

2191 2075 2412 2150 Χριστῷ
2442 2075 2500 2129 δὲ
2540 2075 2714 2148 Ἰησοῦ
2741 2075 2842 2146 τὴν
2897 2074 3057 2142 δόξαν
3109 2074 3210 2148 τὴν
3248 2075 3429 2148 ἀληθῆ
3467 2075 3637 2147 λέγει,
3669 2076 3753 2131 καὶ

2191 2171 2251 2226 tv
2271 2172 2341 2243 τῇ
2388 2167 2685 2241 Ἐκκλησία
2710 2167 2772 2223 τὸ
2799 2167 3090 2241 όμοίωμα.“

2269 2367 2288 2402 ι
2329 2349 2520 2416 Ἀξίως
2562 2349 2981 2420 περιπατήσατε
3007 2349 3107 2420 τῆς
3127 2348 3374 2420 κλήσεως
3394 2343 3464 2421 ἦς
3481 2350 3749 2426 ἐκλήθητε,

2195 2441 2336 2514 μετὰ
2360 2442 2546 2510 πάσης
2572 2439 3078 2513 ταπεινοφροσύνης
3108 2439 3202 2494 καὶ
3248 2441 3559 2514 πραότητος
3578 2460 3592 2474 ·
3627 2446 3750 2514 μετὰ

2194 2532 2583 2606 μακροθυμίας
2621 2533 2942 2606 ἀνεχόμενοι
2977 2531 3230 2605 ἀλλήλων
3257 2535 3318 2587 ὲν
3357 2534 3572 2608 ἀγάπῃ,
3607 2552 3750 2588 σπου-

2190 2627 2446 2693 δάζοντες
2473 2628 2664 2699 τηρεῖν
2709 2626 2808 2696 τὴν
2856 2626 3085 2699 ἑνότητα
3109 2625 3204 2680 τοῦ
3238 2626 3566 2699 Πνεῦματος
3591 2629 3647 2682 tv
3681 2627 3749 2698 τῷ

2193 2721 2478 2794 συνδέσμῳ
2502 2721 2601 2794 τῆς
2628 2721 2874 2794 εἰρήνης.
2916 2739 2936 2773 ι
3304 2773 3311 2780 ,

2273 2815 2398 2869 Ἐπὶ
2424 2816 2555 2888 ἁγίᾳ
2585 2814 2722 2888 ζωῇ,
2747 2813 2901 2887 φησι,
2935 2814 3232 2887 κέκλησθε,
3264 2814 3359 2871 καὶ
3382 2817 3608 2872 ἀπαιτεῖ
3635 2815 3750 2887 κλῆ·

2192 2925 2279 2976 σις
2302 2909 2364 2963 τδ
2385 2909 2760 2981 πνευματικόν
2781 2924 2797 2941 ο
2834 2907 2993 2964 τοῦτο
3016 2910 3073 2963 δὲ
3095 2909 3156 2974 ἐξ
3185 2910 3435 2965 ἐναντίου
3457 2910 3552 2965 τοῦ
3577 2926 3752 2981 σαρκιο

2190 3003 2289 3061 κοῦ
2322 3003 2674 3076 γνωρίζεται.
2719 3005 2784 3058 Ei
2815 3003 2872 3059 δὲ
2910 3004 2981 3067 ἐν,
3007 3005 3121 3067 τοῖς
3151 3005 3441 3076 σαρκικοῖς
3479 3004 3750 3074 ὑπερηφαο

2190 3097 2302 3163 νία,
2336 3099 2432 3153 καὶ
2474 3095 2629 3168 ῦψος,
2665 3095 2762 3152 καὶ
2796 3095 3090 3170 όξυθυμία,
3133 3098 3232 3151 καὶ
3269 3095 3525 3162 ἔνστασις
3573 3097 3749 3168 ήπρός

507 3189 817 3256 iracundia,
850 3190 1134 3246 contentio
1172 3197 1385 3256 mutua,
1417 3187 1777 3245 manifestum
1823 3197 1912 3245 est
1961 3187 2085 3245 ﬁdei

2213 3191 2476 3264 ιλλήλους,
2519 3191 2588 3246 τὰ
2644 3191 2867 3248 ἐναντία
2904 3191 3064 3265 δῆλον
3104 3192 3187 3246 ὅτι
3216 3191 3247 3246 ό
3301 3189 3459 3262 λόγος
3514 3190 3598 3260 ἐφ’
3634 3191 3747 3262 mm

507 3285 812 3341 doctrinam
846 3299 877 3338 a
907 3283 1068 3340 nobis
1106 3283 1394 3354 oppositos
1451 3283 1575 3339 istis
1615 3297 1800 3339 mores
1842 3282 2085 3354 exigere.

579 3378 743 3434 Vsus.
778 3379 835 3434 ι.
873 3394 894 3430 ι
928 3375 1108 3435 Unum
1139 3395 1359 3453 corpus.
1395 3398 1416 3433 ι

580 3469 818 3526 invicem
835 3470 1107 3527 coeundo.

585 3563 748 3636 186
778 3581 798 3615 ι
836 3563 902 3617 Et
933 3579 1078 3618 unus
1112 3561 1386 3636 Spiritus,
1431 3562 1580 3618 sicut
1613 3562 1796 3619 vocati
1846 3561 1984 3619 estis
2030 3561 2088 3618 in

513 3673 620 3714 una
644 3671 741 3728 spe
770 3656 1082 3712 vocationis
1112 3664 1334 3712 vestrae.
1374 3674 1393 3708 ι

581 3751 772 3807 Mutua
802 3751 1112 3806 animorum
1149 3748 1545 3805 consensione.
1595 3746 1772 3804 Ambo
1809 3747 1956 3802 enim
1987 3763 2087 3804 sua

511 3843 745 3900 invicem
801 3858 968 3914 opera
1013 3840 1268 3914 indigent
1307 3863 1320 3898 :
1375 3840 1451 3896 ita
1490 3848 1550 3895 ut
1602 3855 1726 3911 quae
1771 3841 1840 3895 ad
1884 3854 2090 3911 corpus

511 3941 812 4010 pertinent,
837 3937 1078 3994 exclusis
1113 3936 1180 3991 iis
1206 3949 1329 4006 quae
1357 3933 1589 4004 spiritus
1609 3944 1760 3998 sunt,
1799 3932 2086 3987 dissidium

511 4033 696 4104 potius
747 4030 986 4103 pariant.
1028 4029 1100 4084 At
1149 4029 1197 4084 si
1249 4027 1301 4083 id
1351 4026 1497 4098 quod
1550 4025 1774 4098 spiritui
1806 4025 2086 4088 convenit,

511 4125 740 4181 minime
764 4124 974 4179 salvum
1007 4130 1214 4188 manet,
1244 4121 1378 4176 illud
1413 4119 1580 4175 etiam
1614 4117 1761 4190 quod
1794 4117 1858 4174 ad
1885 4133 2089 4190 corpus

509 4227 747 4292 spectat,
777 4216 1044 4286 paulatim
1078 4215 1436 4270 obscuratur.

579 4307 746 4364 Vsus.
797 4307 852 4372 5,
899 4307 954 4363 6.
1016 4304 1220 4362 ιυηυε
1247 4305 1536 4371 Christus,
1562 4319 1670 4360 una
1717 4304 1874 4371 ﬁdes,
1917 4320 2088 4361 unum

507 4403 810 4475 baptisma;
844 4416 986 4458 unus
1039 4401 1184 4456 Deus
1223 4409 1278 4455 et
1326 4397 1491 4454 Pater
1534 4397 1812 4462 omnium,
1861 4397 1958 4470 qui
2004 4406 2091 4452 est

507 4506 674 4564 super
748 4492 973 4558 omnia,
1052 4500 1107 4547 et
1171 4505 1268 4563 per
1333 4488 1546 4554 omnia,
1603 4495 1661 4542 et
1713 4487 1770 4544 in
1829 4489 2089 4546 omnibus

508 4588 691 4644 nobis.
735 4606 754 4639 ι

578 4705 656 4761 Ex
710 4702 970 4762 omnibus
1020 4701 1299 4773 capitibus
1361 4698 1816 4772 coniunctionem
1869 4698 2089 4755 suadet.

507 4799 662 4858 Unus
695 4799 883 4870 itaque
917 4796 1186 4852 Dominus
1227 4801 1330 4861 est,
1368 4808 1534 4865 quem
1561 4794 1890 4849 invocamus
1921 4810 1938 4848 :
1972 4805 2084 4846 una

506 4890 662 4957 ﬁdes,
700 4874 797 4961 per
830 4905 993 4961 quam
1051 4886 1351 4943 introducti
1398 4902 1592 4942 sumus
1632 4903 1647 4942 :
1682 4901 1852 4941 unum
1903 4885 2086 4958 bapti-

508 5000 648 5050 sma,
678 4999 774 5056 per
797 4983 945 5056 quod
971 4997 1161 5039 sumus
1195 4978 1449 5036 mundati
1480 4998 1493 5036 :
1526 4995 1668 5036 unus
1702 4977 1868 5033 Pater
1916 4993 2088 5049 super

507 5075 713 5140 omnia,
766 5076 864 5145 qui
917 5083 1143 5146 propter
1197 5070 1437 5129 Verbum
1489 5087 1557 5128 ex
1611 5087 1673 5128 se
1728 5072 1999 5143 genitum,
2037 5077 2091 5125 et

508 5181 738 5244 propter
775 5169 1048 5239 Spiritum
1083 5184 1248 5225 suum
1286 5168 1342 5226 in
1377 5167 1642 5223 omnibus
1675 5167 1915 5223 exsistit.
1951 5164 2090 5219 Cum

506 5277 692 5322 autem
727 5263 924 5318 divina:
964 5263 1202 5318 unitatis
1235 5260 1786 5334 representationcm
1841 5259 1892 5313 in
1928 5257 2092 5312 nobis

506 5361 671 5418 vellet
723 5359 1139 5432 splendescere,
1169 5357 1532 5431 proprietates
1555 5353 1852 5411 Trinitatis
1885 5354 1940 5409 iu
1975 5366 2088 5408 uno

505 5452 617 5511 Deo
645 5450 982 5526 praedicavit.

2193 3285 2369 3356 ζητεῖ.

2265 3399 2286 3432 ι
2327 3379 2423 3434 Ἐν
2453 3377 2636 3450 σῶμα.
2679 3399 2700 3430 ο

2259 3474 2361 3528 Διὰ
2386 3473 2483 3529 τοῦ
2509 3473 2745 3527 συνιέναι
2774 3470 3060 3544 ἀλλήλους.

2265 3586 2284 3622 ι
2322 3569 2434 3624 Καὶ
2470 3567 2531 3622 ἓν
2566 3567 2812 3640 Πνεῦμα,
2845 3566 3030 3632 καθὼς
3055 3567 3322 3640 ἐκλήθητε
3364 3568 3424 3622 tv
3469 3569 3570 3639 μιᾷ
3597 3562 3749 3620 ἑλπίδι

2188 3663 2292 3736 τῆς
2319 3663 2566 3735 κλήσεως
2590 3661 2769 3734 ὑμῶν.
2799 3683 2819 3717 ι

2259 3758 2358 3813 Διά
2386 3758 2480 3812 τοῦ
2505 3759 2832 3830 όμοφρονετν
2860 3771 2876 3788 ο
2908 3758 3197 3829 ἀμφότερα
3237 3757 3349 3827 γὰρ
3381 3755 3633 3829 ἀλλήλων
3655 3753 3746 3810 8st-

2189 3869 2301 3907 ται.
2327 3852 2437 3907 Καὶ
2468 3851 2528 3906 τὸ
2565 3851 2663 3923 μὲν
2693 3850 2835 3906 κατὰ
2869 3851 3048 3923 σῶμα,
3086 3851 3161 3924 μὴ
3200 3850 3473 3923 παρόντος
3513 3849 3607 3904 τοῦ
3627 3846 3749 3904 κατὰ

2191 3944 2428 4018 πνεῦμα,
2459 3944 2660 4016 μᾶλλον
2692 3945 2933 4010 στάσεως
2969 3946 3142 4000 αἴτιον
3160 3956 3180 3974 ⁶
3205 3944 3267 3997 τὸ
3287 3943 3344 3998 δὲ
3363 3943 3512 3998 κατὰ
3530 3941 3748 4013 πνεῦμα.

2194 4037 2268 4111 μὴ
2308 4038 2712 4111 φυλαττομένου
2748 4037 2847 4091 καὶ
2893 4035 2988 4092 τοῦ
3024 4038 3166 4092 κατὰ
3212 4035 3394 4109 σῶμα,
3432 4037 3558 4092 κατ’
3589 4034 3750 4105 ὀλίγον

2189 4130 2558 4204 ἀμαυροῦται.

2262 4307 2358 4378 Εἷς
2384 4311 2611 4384 Κύριος,
2661 4312 2766 4384 μία
2812 4310 3016 4376 πίστις,
3072 4311 3133 4366 ἓν
3175 4310 3482 4384 βάπτισμα,
3516 4307 3596 4377 εἷς
3634 4309 3752 4376 Θιδς

2193 4405 2291 4458 καὶ
2317 4400 2506 4473 Πατὴρ
2529 4399 2773 4468 πάντων,
2797 4399 2894 4454 καὶ
2926 4402 2955 4456 ὁ
2989 4401 3083 4456 ἐπὶ
3109 4401 3350 4470 πάντων,
3379 4402 3474 4456 καὶ
3504 4401 3594 4458 διὰ
3629 4401 3751 4455 πάν·

2190 4514 2322 4564 των,
2353 4495 2448 4552 καὶ
2471 4497 2528 4550 tv
2559 4497 2726 4552 πᾶσιν
2750 4496 2905 4568 ἡμῖν.
2949 4515 2969 4549 ι

2267 4696 2367 4751 Ἐκ
2397 4695 2616 4752 πάντων
2638 4694 2832 4751 ἕνωσιν
2857 4695 3181 4767 εἰσηγεῖται.
3211 4688 3306 4761 Εἷς
3335 4695 3544 4770 Κύριος
3569 4690 3675 4762 οῦν,
3701 4692 3750 4747 ὃν

2189 4787 2622 4862 ἑπικαλούμεθαο
2658 4789 2760 4862 μία
2808 4789 3013 4855 πίστις,
3064 4788 3134 4844 δι’
3160 4783 3230 4863 ἧς
3282 4790 3651 4865 εἰσήχθημενο
3685 4788 3746 4854 ,ἓν

2192 4883 2496 4957 βάπτισμα,
2538 4879 2604 4935 δι’
2634 4876 2696 4937 οῦ
2731 4881 3194 4955 ὲκαθαρίσθημεν.
3245 4876 3342 4946 Εἷς
3378 4886 3524 4939 titul.
3549 4883 3746 4939 πάντων

2186 4974 2377 5047 Πατὴρ
2407 4975 2450 5040 ί,
2473 4973 2530 5038 ὃς
2563 4976 2656 5028 καὶ
2688 4975 2776 5028 διὰ
2811 4974 3030 5029 πάντων
3058 4975 3149 5030 διὰ
3168 4974 3260 5029 τὸν
3296 4975 3356 5044 ἐξ
3380 4975 3546 5032 αὐτοῦ
3568 4977 3743 5044 Λόγον,

2189 5070 2286 5123 καὶ
2321 5072 2377 5122 ὲν
2411 5071 2543 5122 πᾶσι
2572 5068 2658 5122 διὰ
2695 5069 2790 5122 τοῦ
2818 5067 2985 5123 αὑτοῦ
3022 5069 3365 5142 ιῙνεύματος.
3394 5071 3507 5142 Τῆς
3532 5071 3588 5125 δὲ
3611 5067 3744 5130 θείας

2188 5162 2440 5232 ἑνότητός
2471 5161 2569 5234 τὴν
2597 5162 2860 5232 ὁμοίωσιν
2889 5165 2947 5215 ἐν
2992 5163 3124 5234 ημῖν
3157 5161 3605 5234 καταυγάξεσθαι
3634 5161 3744 5234 βον-

2186 5255 2432 5328 λόμενος,
2474 5256 2543 5310 τὰ
2587 5256 2688 5328 τῆς
2724 5255 2952 5328 Τριάδος
3001 5255 3276 5328 ’ίδιώματα
3306 5258 3366 5314 tv
3408 5258 3492 5314 ἑνὶ
3537 5253 3615 5330 τῷ
3639 5250 3741 5324 CCIII

2186 5351 2357 5424 txqpu
2367 5350 2474 5417 ξεν.

1798 5623 2023 5682 mum
2045 5621 2470 5696 .LECTIONES.

585 5745 723 5823 (Ei;
753 5750 896 5807 διπὶ
926 5747 1143 5806 πάντων
1170 5751 1381 5824 Πατήρ.
1405 5744 1617 5804 Similia
1651 5747 1768 5804 istis
1793 5745 2070 5818 subjungit
2099 5743 2460 5815 Hieronymus
2492 5741 2545 5798 in
2573 5743 2964 5802 commentario
2995 5759 3064 5802 ex
3094 5745 3413 5806 auctoribus
3436 5743 3735 5819 quibusdam

502 5823 704 5882 Gracia
732 5825 921 5897 utique
951 5835 1008 5882 ιιι
1035 5839 1180 5896 saepe
1220 5830 1421 5890 monet,
1467 5828 1714 5891 accepta.
