  <div class='ocr_page' id='page_1' title='image "/cluster/home/n/w/nwhite01/storage/ocr_20150623/95/hvd.32044073502106/427.png"; bbox 0 0 3928 6264; ppageno 0'>
   <div class='ocr_carea' id='block_1_1' title="bbox 494 284 621 351">
    <p class='ocr_par' dir='ltr' id='par_1_1' title="bbox 494 284 621 351">
     <span class='ocr_line' id='line_1_1' title="bbox 494 284 621 351; baseline -0.016 1"><span class='ocrx_word' id='word_1_1' title='bbox 494 284 621 351; x_wconf 69' lang='grc'><strong>843</strong></span> 
     </span>
    </p>
   </div>
   <div class='ocr_carea' id='block_1_2' title="bbox 1707 288 2601 353">
    <p class='ocr_par' dir='ltr' id='par_1_2' title="bbox 1707 288 2601 353">
     <span class='ocr_line' id='line_1_2' title="bbox 1707 288 2601 353; baseline 0.001 -2"><span class='ocrx_word' id='word_1_2' title='bbox 1707 290 1768 351; x_wconf 88' lang='lat' dir='ltr'><strong>S.</strong></span> <span class='ocrx_word' id='word_1_3' title='bbox 1804 289 2127 352; x_wconf 86' lang='lat' dir='ltr'><strong>JOANNIS</strong></span> <span class='ocrx_word' id='word_1_4' title='bbox 2166 288 2601 353; x_wconf 80' lang='lat' dir='ltr'><strong>DAMASCENI</strong></span> 
     </span>
    </p>
   </div>
   <div class='ocr_carea' id='block_1_3' title="bbox 3643 288 3736 358">
    <p class='ocr_par' dir='ltr' id='par_1_3' title="bbox 3643 288 3736 358">
     <span class='ocr_line' id='line_1_3' title="bbox 3643 288 3736 358; baseline 0 0"><span class='ocrx_word' id='word_1_5' title='bbox 3643 288 3736 358; x_wconf 69' lang='grc' dir='ltr'>ιιι</span> 
     </span>
    </p>
   </div>
   <div class='ocr_carea' id='block_1_4' title="bbox 497 396 2103 477">
    <p class='ocr_par' dir='ltr' id='par_1_4' title="bbox 497 399 2094 473">
     <span class='ocr_line' id='line_1_4' title="bbox 497 399 2094 473; baseline 0.003 -20"><span class='ocrx_word' id='word_1_6' title='bbox 497 402 594 472; x_wconf 77' lang='lat' dir='ltr'><strong>qui</strong></span> <span class='ocrx_word' id='word_1_7' title='bbox 658 404 803 457; x_wconf 86' lang='lat' dir='ltr'><strong>dona</strong></span> <span class='ocrx_word' id='word_1_8' title='bbox 868 416 1153 473; x_wconf 81' lang='lat' dir='ltr'><strong>accepere,</strong></span> <span class='ocrx_word' id='word_1_9' title='bbox 1213 399 1590 458; x_wconf 72' lang='lat' dir='ltr'><strong>ministerium</strong></span> <span class='ocrx_word' id='word_1_10' title='bbox 1646 418 1806 459; x_wconf 89' lang='lat' dir='ltr'><strong>suum</strong></span> <span class='ocrx_word' id='word_1_11' title='bbox 1862 404 1917 458; x_wconf 91' lang='lat' dir='ltr'><strong>in</strong></span> <span class='ocrx_word' id='word_1_12' title='bbox 1978 417 2094 457; x_wconf 86' lang='lat' dir='ltr'><strong>rem</strong></span> 
     </span>
    </p>
   </div>
   <div class='ocr_carea' id='block_1_5' title="bbox 2216 396 3735 477">
    <p class='ocr_par' dir='ltr' id='par_1_5' title="bbox 2216 396 3735 477">
     <span class='ocr_line' id='line_1_5' title="bbox 2216 396 3735 477; baseline -0.003 -20"><span class='ocrx_word' id='word_1_13' title='bbox 2216 400 2525 475; x_wconf 77' lang='grc' dir='ltr'>(αρίσματα</span> <span class='ocrx_word' id='word_1_14' title='bbox 2571 399 2900 473; x_wconf 70' lang='grc' dir='ltr'>εἰληφότων.</span> <span class='ocrx_word' id='word_1_15' title='bbox 2947 397 3249 469; x_wconf 77' lang='grc' dir='ltr'>Ἀναγιιαία</span> <span class='ocrx_word' id='word_1_16' title='bbox 3298 396 3358 453; x_wconf 60' lang='grc' dir='ltr'>δὲ</span> <span class='ocrx_word' id='word_1_17' title='bbox 3403 398 3439 470; x_wconf 60' lang='grc' dir='ltr'><strong>η</strong></span> <span class='ocrx_word' id='word_1_18' title='bbox 3471 398 3586 477; x_wconf 43' lang='grc' dir='ltr'>,τῶν</span> <span class='ocrx_word' id='word_1_19' title='bbox 3615 407 3735 476; x_wconf 53' lang='lat' dir='ltr'><strong>(api;</strong></span> 
     </span>
    </p>
   </div>
   <div class='ocr_carea' id='block_1_6' title="bbox 499 494 2093 568">
    <p class='ocr_par' dir='ltr' id='par_1_6' title="bbox 499 494 2093 568">
     <span class='ocr_line' id='line_1_6' title="bbox 499 494 2093 568; baseline 0 -17"><span class='ocrx_word' id='word_1_20' title='bbox 499 510 845 551; x_wconf 86' lang='lat' dir='ltr'><strong>communem</strong></span> <span class='ocrx_word' id='word_1_21' title='bbox 889 494 1359 567; x_wconf 73' lang='lat' dir='ltr'><strong>impendentibus.</strong></span> <span class='ocrx_word' id='word_1_22' title='bbox 1411 496 1743 552; x_wconf 85' lang='lat' dir='ltr'><strong>Necessaria</strong></span> <span class='ocrx_word' id='word_1_23' title='bbox 1788 510 1954 568; x_wconf 88' lang='lat' dir='ltr'><strong>porro</strong></span> <span class='ocrx_word' id='word_1_24' title='bbox 2003 504 2093 553; x_wconf 88' lang='lat' dir='ltr'><strong>est</strong></span> 
     </span>
    </p>
   </div>
   <div class='ocr_carea' id='block_1_7' title="bbox 499 587 2090 661">
    <p class='ocr_par' dir='ltr' id='par_1_7' title="bbox 499 587 2090 661">
     <span class='ocr_line' id='line_1_7' title="bbox 499 587 2090 661; baseline -0.002 -15"><span class='ocrx_word' id='word_1_25' title='bbox 499 592 774 646; x_wconf 89' lang='lat' dir='ltr'><strong>donorum</strong></span> <span class='ocrx_word' id='word_1_26' title='bbox 804 587 1129 653; x_wconf 83' lang='lat' dir='ltr'><strong>ellieacitas,</strong></span> <span class='ocrx_word' id='word_1_27' title='bbox 1164 589 1343 645; x_wconf 89' lang='lat' dir='ltr'><strong>donec</strong></span> <span class='ocrx_word' id='word_1_28' title='bbox 1374 592 1467 660; x_wconf 86' lang='lat' dir='ltr'><strong>qui</strong></span> <span class='ocrx_word' id='word_1_29' title='bbox 1502 589 1669 645; x_wconf 90' lang='lat' dir='ltr'><strong>modo</strong></span> <span class='ocrx_word' id='word_1_30' title='bbox 1692 590 1907 661; x_wconf 82' lang='lat' dir='ltr'><strong>parvuli</strong></span> <span class='ocrx_word' id='word_1_31' title='bbox 1939 596 2090 653; x_wconf 89' lang='lat' dir='ltr'><strong>sunt.</strong></span> 
     </span>
    </p>
   </div>
   <div class='ocr_carea' id='block_1_8' title="bbox 498 678 2094 753">
    <p class='ocr_par' dir='ltr' id='par_1_8' title="bbox 498 678 2094 753">
     <span class='ocr_line' id='line_1_8' title="bbox 498 678 2094 753; baseline 0.001 -17"><span class='ocrx_word' id='word_1_32' title='bbox 498 682 733 753; x_wconf 85' lang='lat' dir='ltr'><strong>perfecti</strong></span> <span class='ocrx_word' id='word_1_33' title='bbox 777 680 932 745; x_wconf 85' lang='lat' dir='ltr'><strong>fiant,</strong></span> <span class='ocrx_word' id='word_1_34' title='bbox 971 678 1326 752; x_wconf 81' lang='lat' dir='ltr'><strong>perfectione</strong></span> <span class='ocrx_word' id='word_1_35' title='bbox 1374 682 1673 750; x_wconf 84' lang='lat' dir='ltr'><strong>spirituali,</strong></span> <span class='ocrx_word' id='word_1_36' title='bbox 1707 698 1830 753; x_wconf 61' lang='lat' dir='ltr'><strong>qua;</strong></span> <span class='ocrx_word' id='word_1_37' title='bbox 1852 682 1905 737; x_wconf 90' lang='lat' dir='ltr'><strong>in</strong></span> <span class='ocrx_word' id='word_1_38' title='bbox 1938 682 2094 739; x_wconf 78' lang='lat' dir='ltr'><strong>simi-</strong></span> 
     </span>
    </p>
   </div>
   <div class='ocr_carea' id='block_1_9' title="bbox 499 772 2093 844">
    <p class='ocr_par' dir='ltr' id='par_1_9' title="bbox 499 772 2093 844">
     <span class='ocr_line' id='line_1_9' title="bbox 499 772 2093 844; baseline 0.002 -16"><span class='ocrx_word' id='word_1_39' title='bbox 499 772 735 828; x_wconf 88' lang='lat' dir='ltr'><strong>litudine</strong></span> <span class='ocrx_word' id='word_1_40' title='bbox 764 788 891 829; x_wconf 88' lang='lat' dir='ltr'><strong>cum</strong></span> <span class='ocrx_word' id='word_1_41' title='bbox 924 772 1151 829; x_wconf 78' lang='lat' dir='ltr'><strong>Christo</strong></span> <span class='ocrx_word' id='word_1_42' title='bbox 1184 774 1479 841; x_wconf 83' lang='lat' dir='ltr'><strong>consistit;</strong></span> <span class='ocrx_word' id='word_1_43' title='bbox 1520 775 1593 828; x_wconf 91' lang='lat' dir='ltr'><strong>ita</strong></span> <span class='ocrx_word' id='word_1_44' title='bbox 1628 784 1684 830; x_wconf 90' lang='lat' dir='ltr'><strong>ut</strong></span> <span class='ocrx_word' id='word_1_45' title='bbox 1731 790 1841 830; x_wconf 92' lang='lat' dir='ltr'><strong>non</strong></span> <span class='ocrx_word' id='word_1_46' title='bbox 1870 775 1983 844; x_wconf 84' lang='lat' dir='ltr'><strong>jam</strong></span> <span class='ocrx_word' id='word_1_47' title='bbox 2020 777 2093 831; x_wconf 87' lang='lat' dir='ltr'><strong>sit</strong></span> 
     </span>
    </p>
   </div>
   <div class='ocr_carea' id='block_1_10' title="bbox 500 866 2092 939">
    <p class='ocr_par' dir='ltr' id='par_1_10' title="bbox 500 866 2092 939">
     <span class='ocr_line' id='line_1_10' title="bbox 500 866 2092 939; baseline 0.003 -20"><span class='ocrx_word' id='word_1_48' title='bbox 500 866 787 938; x_wconf 87' lang='lat' dir='ltr'><strong>parvulus,</strong></span> <span class='ocrx_word' id='word_1_49' title='bbox 818 866 1010 921; x_wconf 88' lang='lat' dir='ltr'><strong>multis</strong></span> <span class='ocrx_word' id='word_1_50' title='bbox 1042 874 1236 936; x_wconf 75' lang='lat' dir='ltr'><strong>potens</strong></span> <span class='ocrx_word' id='word_1_51' title='bbox 1266 866 1690 931; x_wconf 89' lang='lat' dir='ltr'><strong>mutationibus,</strong></span> <span class='ocrx_word' id='word_1_52' title='bbox 1719 883 1861 939; x_wconf 87' lang='lat' dir='ltr'><strong>quas</strong></span> <span class='ocrx_word' id='word_1_53' title='bbox 1890 882 2092 924; x_wconf 65' lang='lat' dir='ltr'><strong>sermov</strong></span> 
     </span>
    </p>
   </div>
   <div class='ocr_carea' id='block_1_11' title="bbox 500 958 2091 1030">
    <p class='ocr_par' dir='ltr' id='par_1_11' title="bbox 500 958 2091 1030">
     <span class='ocr_line' id='line_1_11' title="bbox 500 958 2091 1030; baseline 0.001 -18"><span class='ocrx_word' id='word_1_54' title='bbox 500 972 596 1012; x_wconf 88' lang='lat' dir='ltr'><strong>nes</strong></span> <span class='ocrx_word' id='word_1_55' title='bbox 638 964 859 1013; x_wconf 84' lang='lat' dir='ltr'><strong>versute</strong></span> <span class='ocrx_word' id='word_1_56' title='bbox 917 958 1258 1027; x_wconf 80' lang='lat' dir='ltr'><strong>pronuntiati</strong></span> <span class='ocrx_word' id='word_1_57' title='bbox 1295 964 1349 1014; x_wconf 90' lang='lat' dir='ltr'><strong>et</strong></span> <span class='ocrx_word' id='word_1_58' title='bbox 1397 958 1462 1014; x_wconf 86' lang='lat' dir='ltr'><strong>ad</strong></span> <span class='ocrx_word' id='word_1_59' title='bbox 1512 958 1888 1030; x_wconf 86' lang='lat' dir='ltr'><strong>deceptionem</strong></span> <span class='ocrx_word' id='word_1_60' title='bbox 1938 976 2091 1015; x_wconf 82' lang='lat' dir='ltr'><strong>rom-</strong></span> 
     </span>
    </p>
   </div>
   <div class='ocr_carea' id='block_1_12' title="bbox 500 1046 2089 1121">
    <p class='ocr_par' dir='ltr' id='par_1_12' title="bbox 500 1046 2089 1121">
     <span class='ocr_line' id='line_1_12' title="bbox 500 1046 2089 1121; baseline 0.002 -18"><span class='ocrx_word' id='word_1_61' title='bbox 500 1049 664 1120; x_wconf 90' lang='lat' dir='ltr'><strong>positi</strong></span> <span class='ocrx_word' id='word_1_62' title='bbox 713 1046 967 1115; x_wconf 88' lang='lat' dir='ltr'><strong>faciant;</strong></span> <span class='ocrx_word' id='word_1_63' title='bbox 1016 1050 1134 1113; x_wconf 85' lang='lat' dir='ltr'><strong>sed,</strong></span> <span class='ocrx_word' id='word_1_64' title='bbox 1184 1057 1243 1102; x_wconf 93' lang='lat' dir='ltr'><strong>ut</strong></span> <span class='ocrx_word' id='word_1_65' title='bbox 1299 1048 1444 1103; x_wconf 85' lang='lat' dir='ltr'><strong>litin</strong></span> <span class='ocrx_word' id='word_1_66' title='bbox 1484 1059 1649 1105; x_wconf 83' lang='lat' dir='ltr'><strong>auctu</strong></span> <span class='ocrx_word' id='word_1_67' title='bbox 1705 1053 1978 1121; x_wconf 87' lang='lat' dir='ltr'><strong>corporis,</strong></span> <span class='ocrx_word' id='word_1_68' title='bbox 2024 1052 2089 1106; x_wconf 85' lang='lat' dir='ltr'><strong>ad</strong></span> 
     </span>
    </p>
   </div>
   <div class='ocr_carea' id='block_1_13' title="bbox 498 1143 2088 1213">
    <p class='ocr_par' dir='ltr' id='par_1_13' title="bbox 498 1143 2088 1213">
     <span class='ocr_line' id='line_1_13' title="bbox 498 1143 2088 1213; baseline -0.001 -14"><span class='ocrx_word' id='word_1_69' title='bbox 498 1160 620 1199; x_wconf 83' lang='lat' dir='ltr'><strong>eam</strong></span> <span class='ocrx_word' id='word_1_70' title='bbox 679 1158 873 1199; x_wconf 80' lang='lat' dir='ltr'><strong>omnes</strong></span> <span class='ocrx_word' id='word_1_71' title='bbox 934 1143 1310 1198; x_wconf 77' lang='lat' dir='ltr'><strong>excelsitatem</strong></span> <span class='ocrx_word' id='word_1_72' title='bbox 1366 1143 1799 1213; x_wconf 75' lang='lat' dir='ltr'><strong>perveniamus,</strong></span> <span class='ocrx_word' id='word_1_73' title='bbox 1856 1154 1912 1198; x_wconf 87' lang='lat' dir='ltr'><strong>et</strong></span> <span class='ocrx_word' id='word_1_74' title='bbox 1963 1160 2088 1199; x_wconf 90' lang='lat' dir='ltr'><strong>cum</strong></span> 
     </span>
    </p>
   </div>
   <div class='ocr_carea' id='block_1_14' title="bbox 498 1234 2088 1305">
    <p class='ocr_par' dir='ltr' id='par_1_14' title="bbox 498 1234 2088 1305">
     <span class='ocr_line' id='line_1_14' title="bbox 498 1234 2088 1305; baseline 0 -16"><span class='ocrx_word' id='word_1_75' title='bbox 498 1236 747 1299; x_wconf 77' lang='lat' dir='ltr'><strong>Christo,</strong></span> <span class='ocrx_word' id='word_1_76' title='bbox 798 1234 889 1304; x_wconf 89' lang='lat' dir='ltr'><strong>qui</strong></span> <span class='ocrx_word' id='word_1_77' title='bbox 948 1244 1113 1303; x_wconf 86' lang='lat' dir='ltr'><strong>caput</strong></span> <span class='ocrx_word' id='word_1_78' title='bbox 1168 1248 1417 1289; x_wconf 78' lang='lat' dir='ltr'><strong>nostrum</strong></span> <span class='ocrx_word' id='word_1_79' title='bbox 1464 1243 1574 1297; x_wconf 82' lang='lat' dir='ltr'><strong>est,</strong></span> <span class='ocrx_word' id='word_1_80' title='bbox 1610 1237 2088 1305; x_wconf 83' lang='lat' dir='ltr'><strong>compaginemnr.</strong></span> 
     </span>
    </p>
   </div>
   <div class='ocr_carea' id='block_1_15' title="bbox 502 1328 2091 1399">
    <p class='ocr_par' dir='ltr' id='par_1_15' title="bbox 502 1328 2091 1399">
     <span class='ocr_line' id='line_1_15' title="bbox 502 1328 2091 1399; baseline 0.003 -17"><span class='ocrx_word' id='word_1_81' title='bbox 502 1329 595 1383; x_wconf 86' lang='lat' dir='ltr'><strong>lile</strong></span> <span class='ocrx_word' id='word_1_82' title='bbox 643 1330 790 1382; x_wconf 73' lang='lat' dir='ltr'><strong>cutim</strong></span> <span class='ocrx_word' id='word_1_83' title='bbox 851 1344 975 1383; x_wconf 84' lang='lat' dir='ltr'><strong>cum</strong></span> <span class='ocrx_word' id='word_1_84' title='bbox 1030 1344 1131 1399; x_wconf 85' lang='lat' dir='ltr'><strong>pro</strong></span> <span class='ocrx_word' id='word_1_85' title='bbox 1162 1328 1343 1383; x_wconf 67' lang='lat' dir='ltr'><strong>dixiua</strong></span> <span class='ocrx_word' id='word_1_86' title='bbox 1377 1343 1476 1384; x_wconf 82' lang='lat' dir='ltr'><strong>sua</strong></span> <span class='ocrx_word' id='word_1_87' title='bbox 1523 1330 1891 1399; x_wconf 65' lang='lat' dir='ltr'><strong>pmcellentia</strong></span> <span class='ocrx_word' id='word_1_88' title='bbox 1926 1331 2091 1387; x_wconf 84' lang='lat' dir='ltr'><strong>nobis</strong></span> 
     </span>
    </p>
   </div>
   <div class='ocr_carea' id='block_1_16' title="bbox 502 1420 2092 1493">
    <p class='ocr_par' dir='ltr' id='par_1_16' title="bbox 502 1420 2092 1493">
     <span class='ocr_line' id='line_1_16' title="bbox 502 1420 2092 1493; baseline 0.002 -19"><span class='ocrx_word' id='word_1_89' title='bbox 502 1422 813 1492; x_wconf 67' lang='lat' dir='ltr'><strong>praesideat,</strong></span> <span class='ocrx_word' id='word_1_90' title='bbox 862 1436 983 1476; x_wconf 89' lang='lat' dir='ltr'><strong>sese</strong></span> <span class='ocrx_word' id='word_1_91' title='bbox 1018 1420 1178 1475; x_wconf 90' lang='lat' dir='ltr'><strong>nobis</strong></span> <span class='ocrx_word' id='word_1_92' title='bbox 1221 1420 1559 1491; x_wconf 88' lang='lat' dir='ltr'><strong>impertitur,</strong></span> <span class='ocrx_word' id='word_1_93' title='bbox 1610 1422 2092 1493; x_wconf 86' lang='lat' dir='ltr'><strong>coagmentatione</strong></span> 
     </span>
    </p>
   </div>
   <div class='ocr_carea' id='block_1_17' title="bbox 501 1514 2093 1586">
    <p class='ocr_par' dir='ltr' id='par_1_17' title="bbox 501 1514 2093 1586">
     <span class='ocr_line' id='line_1_17' title="bbox 501 1514 2093 1586; baseline 0.002 -18"><span class='ocrx_word' id='word_1_94' title='bbox 501 1514 935 1586; x_wconf 79' lang='lat' dir='ltr'><strong>dispensationis</strong></span> <span class='ocrx_word' id='word_1_95' title='bbox 988 1529 1105 1570; x_wconf 62' lang='lat' dir='ltr'><strong>sua:</strong></span> <span class='ocrx_word' id='word_1_96' title='bbox 1160 1528 1263 1569; x_wconf 81' lang='lat' dir='ltr'><strong>nos</strong></span> <span class='ocrx_word' id='word_1_97' title='bbox 1315 1514 1423 1570; x_wconf 86' lang='lat' dir='ltr'><strong>sibi</strong></span> <span class='ocrx_word' id='word_1_98' title='bbox 1480 1523 1534 1568; x_wconf 87' lang='lat' dir='ltr'><strong>et</strong></span> <span class='ocrx_word' id='word_1_99' title='bbox 1589 1514 1827 1570; x_wconf 82' lang='lat' dir='ltr'><strong>invicem</strong></span> <span class='ocrx_word' id='word_1_100' title='bbox 1863 1514 2093 1586; x_wconf 82' lang='lat' dir='ltr'><strong>(‘Onjun-</strong></span> 
     </span>
    </p>
   </div>
   <div class='ocr_carea' id='block_1_18' title="bbox 500 1604 2091 1679">
    <p class='ocr_par' dir='ltr' id='par_1_18' title="bbox 500 1604 2091 1679">
     <span class='ocr_line' id='line_1_18' title="bbox 500 1604 2091 1679; baseline 0.001 -18"><span class='ocrx_word' id='word_1_101' title='bbox 500 1621 660 1679; x_wconf 86' lang='lat' dir='ltr'><strong>gens,</strong></span> <span class='ocrx_word' id='word_1_102' title='bbox 726 1615 787 1661; x_wconf 91' lang='lat' dir='ltr'><strong>ut</strong></span> <span class='ocrx_word' id='word_1_103' title='bbox 845 1604 1098 1662; x_wconf 84' lang='lat' dir='ltr'><strong>eamdem</strong></span> <span class='ocrx_word' id='word_1_104' title='bbox 1165 1614 1359 1661; x_wconf 89' lang='lat' dir='ltr'><strong>mutuo</strong></span> <span class='ocrx_word' id='word_1_105' title='bbox 1418 1605 1822 1675; x_wconf 71' lang='lat' dir='ltr'><strong>cooptationem</strong></span> <span class='ocrx_word' id='word_1_106' title='bbox 1886 1607 2091 1663; x_wconf 85' lang='lat' dir='ltr'><strong>habea-</strong></span> 
     </span>
    </p>
   </div>
   <div class='ocr_carea' id='block_1_19' title="bbox 504 1686 2088 1771">
    <p class='ocr_par' dir='ltr' id='par_1_19' title="bbox 504 1686 2088 1771">
     <span class='ocr_line' id='line_1_19' title="bbox 504 1686 2088 1771; baseline 0.004 -19"><span class='ocrx_word' id='word_1_107' title='bbox 504 1717 649 1768; x_wconf 84' lang='lat' dir='ltr'><strong>mus,</strong></span> <span class='ocrx_word' id='word_1_108' title='bbox 704 1686 939 1756; x_wconf 78' lang='lat' dir='ltr'><strong>velut’iu</strong></span> <span class='ocrx_word' id='word_1_109' title='bbox 981 1700 1237 1765; x_wconf 63' lang='lat' dir='ltr'><strong>aedificio,</strong></span> <span class='ocrx_word' id='word_1_110' title='bbox 1289 1710 1342 1755; x_wconf 83' lang='lat' dir='ltr'><strong>et</strong></span> <span class='ocrx_word' id='word_1_111' title='bbox 1384 1699 1771 1771; x_wconf 82' lang='lat' dir='ltr'><strong>unusquisque</strong></span> <span class='ocrx_word' id='word_1_112' title='bbox 1817 1701 2088 1759; x_wconf 85' lang='lat' dir='ltr'><strong>submini-</strong></span> 
     </span>
    </p>
   </div>
   <div class='ocr_carea' id='block_1_20' title="bbox 2202 487 3742 563">
    <p class='ocr_par' dir='ltr' id='par_1_20' title="bbox 2202 487 3742 563">
     <span class='ocr_line' id='line_1_20' title="bbox 2202 487 3742 563; baseline 0.001 -17"><span class='ocrx_word' id='word_1_113' title='bbox 2202 492 2432 563; x_wconf 82' lang='grc' dir='ltr'>σμάτων</span> <span class='ocrx_word' id='word_1_114' title='bbox 2477 491 2751 563; x_wconf 62' lang='grc' dir='ltr'>ἐνέργεια,</span> <span class='ocrx_word' id='word_1_115' title='bbox 2788 492 2984 563; x_wconf 83' lang='grc' dir='ltr'>μέχρις</span> <span class='ocrx_word' id='word_1_116' title='bbox 3038 490 3108 545; x_wconf 79' lang='grc' dir='ltr'>ἂν</span> <span class='ocrx_word' id='word_1_117' title='bbox 3135 492 3187 545; x_wconf 77' lang='lat' dir='ltr'><strong>ei</strong></span> <span class='ocrx_word' id='word_1_118' title='bbox 3234 487 3329 544; x_wconf 80' lang='grc' dir='ltr'>νῦν</span> <span class='ocrx_word' id='word_1_119' title='bbox 3357 489 3541 561; x_wconf 68' lang='grc' dir='ltr'>νήπιοι</span> <span class='ocrx_word' id='word_1_120' title='bbox 3572 490 3742 548; x_wconf 74' lang='grc' dir='ltr'>τέλειοι</span> 
     </span>
    </p>
   </div>
   <div class='ocr_carea' id='block_1_21' title="bbox 2198 581 3745 655">
    <p class='ocr_par' dir='ltr' id='par_1_21' title="bbox 2198 581 3745 655">
     <span class='ocr_line' id='line_1_21' title="bbox 2198 581 3745 655; baseline 0.001 -16"><span class='ocrx_word' id='word_1_121' title='bbox 2198 587 2469 653; x_wconf 70' lang='grc' dir='ltr'>γένωνται</span> <span class='ocrx_word' id='word_1_122' title='bbox 2508 582 2654 639; x_wconf 85' lang='grc' dir='ltr'><strong>κατά</strong></span> <span class='ocrx_word' id='word_1_123' title='bbox 2680 583 2778 655; x_wconf 82' lang='grc' dir='ltr'>τὴν</span> <span class='ocrx_word' id='word_1_124' title='bbox 2827 582 3210 655; x_wconf 78' lang='grc' dir='ltr'>πνευματικὴν</span> <span class='ocrx_word' id='word_1_125' title='bbox 3249 581 3531 635; x_wconf 78' lang='grc' dir='ltr'><strong>τελείωσιν</strong></span> <span class='ocrx_word' id='word_1_126' title='bbox 3581 582 3670 655; x_wconf 78' lang='grc' dir='ltr'>τὴν</span> <span class='ocrx_word' id='word_1_127' title='bbox 3696 588 3745 640; x_wconf 73' lang='grc' dir='ltr'>ὲν</span> 
     </span>
    </p>
   </div>
   <div class='ocr_carea' id='block_1_22' title="bbox 2198 670 3746 751">
    <p class='ocr_par' dir='ltr' id='par_1_22' title="bbox 2198 670 3746 751">
     <span class='ocr_line' id='line_1_22' title="bbox 2198 670 3746 751; baseline -0.002 -19"><span class='ocrx_word' id='word_1_128' title='bbox 2198 676 2458 749; x_wconf 82' lang='grc' dir='ltr'><strong>ὁμοιώσει</strong></span> <span class='ocrx_word' id='word_1_129' title='bbox 2480 677 2743 751; x_wconf 76' lang='grc' dir='ltr'><strong>Χριστοῦ,</strong></span> <span class='ocrx_word' id='word_1_130' title='bbox 2774 677 2868 731; x_wconf 79' lang='grc' dir='ltr'>καὶ</span> <span class='ocrx_word' id='word_1_131' title='bbox 2897 677 3098 748; x_wconf 72' lang='grc' dir='ltr'>μηκέτι</span> <span class='ocrx_word' id='word_1_132' title='bbox 3131 674 3325 747; x_wconf 78' lang='grc' dir='ltr'>νήπιός</span> <span class='ocrx_word' id='word_1_133' title='bbox 3354 691 3439 739; x_wconf 82' lang='grc' dir='ltr'><strong>τις</strong></span> <span class='ocrx_word' id='word_1_134' title='bbox 3476 670 3531 751; x_wconf 73' lang='grc' dir='ltr'>ᾖ,</span> <span class='ocrx_word' id='word_1_135' title='bbox 3572 675 3746 740; x_wconf 79' lang='grc' dir='ltr'>πολλὰς</span> 
     </span>
    </p>
   </div>
   <div class='ocr_carea' id='block_1_23' title="bbox 2198 766 3748 843">
    <p class='ocr_par' dir='ltr' id='par_1_23' title="bbox 2198 766 3748 843">
     <span class='ocr_line' id='line_1_23' title="bbox 2198 766 3748 843; baseline 0 -20"><span class='ocrx_word' id='word_1_136' title='bbox 2198 770 2485 841; x_wconf 79' lang='grc' dir='ltr'>δεχόμενος</span> <span class='ocrx_word' id='word_1_137' title='bbox 2517 772 2727 843; x_wconf 81' lang='grc' dir='ltr'>τροπὰς</span> <span class='ocrx_word' id='word_1_138' title='bbox 2756 772 2821 825; x_wconf 71' lang='grc' dir='ltr'>ἐκ</span> <span class='ocrx_word' id='word_1_139' title='bbox 2857 770 2969 824; x_wconf 84' lang='grc' dir='ltr'><strong>τῶν</strong></span> <span class='ocrx_word' id='word_1_140' title='bbox 3006 770 3283 842; x_wconf 73' lang='grc' dir='ltr'>διαφόρων</span> <span class='ocrx_word' id='word_1_141' title='bbox 3339 768 3511 836; x_wconf 86' lang='grc' dir='ltr'>λόγων</span> <span class='ocrx_word' id='word_1_142' title='bbox 3561 766 3661 821; x_wconf 81' lang='grc' dir='ltr'><strong>τῶν</strong></span> <span class='ocrx_word' id='word_1_143' title='bbox 3702 772 3748 823; x_wconf 75' lang='grc' dir='ltr'>ἐν</span> 
     </span>
    </p>
   </div>
   <div class='ocr_carea' id='block_1_24' title="bbox 2200 861 3750 937">
    <p class='ocr_par' dir='ltr' id='par_1_24' title="bbox 2200 861 3750 937">
     <span class='ocr_line' id='line_1_24' title="bbox 2200 861 3750 937; baseline 0 -21"><span class='ocrx_word' id='word_1_144' title='bbox 2200 864 2511 937; x_wconf 66' lang='grc' dir='ltr'>πανουργίᾳ</span> <span class='ocrx_word' id='word_1_145' title='bbox 2567 863 3022 936; x_wconf 73' lang='grc' dir='ltr'><strong>προσαγομένων,</strong></span> <span class='ocrx_word' id='word_1_146' title='bbox 3082 864 3177 916; x_wconf 68' lang='grc' dir='ltr'><strong>καλ⁵</strong></span> <span class='ocrx_word' id='word_1_147' title='bbox 3236 861 3581 924; x_wconf 81' lang='grc' dir='ltr'>πλανώντων,</span> <span class='ocrx_word' id='word_1_148' title='bbox 3633 864 3750 916; x_wconf 79' lang='grc' dir='ltr'><strong>ἀλλά</strong></span> 
     </span>
    </p>
   </div>
   <div class='ocr_carea' id='block_1_25' title="bbox 2199 938 3759 1027">
    <p class='ocr_par' dir='ltr' id='par_1_25' title="bbox 2199 938 3759 1027">
     <span class='ocr_line' id='line_1_25' title="bbox 2199 938 3759 1027; baseline 0 -18"><span class='ocrx_word' id='word_1_149' title='bbox 2199 956 2390 1027; x_wconf 82' lang='grc' dir='ltr'>ὥσπερ</span> <span class='ocrx_word' id='word_1_150' title='bbox 2423 956 2482 1009; x_wconf 68' lang='grc' dir='ltr'>ἐν</span> <span class='ocrx_word' id='word_1_151' title='bbox 2508 954 2763 1027; x_wconf 84' lang='grc' dir='ltr'>σώματος</span> <span class='ocrx_word' id='word_1_152' title='bbox 2793 955 3043 1026; x_wconf 79' lang='grc' dir='ltr'>αὐξήσει,</span> <span class='ocrx_word' id='word_1_153' title='bbox 3067 953 3371 1027; x_wconf 77' lang='grc' dir='ltr'><strong>φθάσωμεν</strong></span> <span class='ocrx_word' id='word_1_154' title='bbox 3402 956 3481 1019; x_wconf 89' lang='grc' dir='ltr'><strong>είς</strong></span> <span class='ocrx_word' id='word_1_155' title='bbox 3529 938 3759 1009; x_wconf 61' lang='grc' dir='ltr'>τοσοῦτον</span> 
     </span>
    </p>
   </div>
   <div class='ocr_carea' id='block_1_26' title="bbox 2200 1048 3754 1123">
    <p class='ocr_par' dir='ltr' id='par_1_26' title="bbox 2200 1048 3754 1123">
     <span class='ocr_line' id='line_1_26' title="bbox 2200 1048 3754 1123; baseline -0.009 -7"><span class='ocrx_word' id='word_1_156' title='bbox 2200 1049 2335 1119; x_wconf 61' lang='grc' dir='ltr'>ὕψος</span> <span class='ocrx_word' id='word_1_157' title='bbox 2360 1051 2624 1115; x_wconf 75' lang='grc' dir='ltr'>ἅπαντες,</span> <span class='ocrx_word' id='word_1_158' title='bbox 2657 1050 2733 1114; x_wconf 83' lang='grc' dir='ltr'>ὡς</span> <span class='ocrx_word' id='word_1_159' title='bbox 2756 1050 2891 1123; x_wconf 80' lang='grc' dir='ltr'>πρὸς</span> <span class='ocrx_word' id='word_1_160' title='bbox 2918 1049 3017 1122; x_wconf 81' lang='grc' dir='ltr'>τὴν</span> <span class='ocrx_word' id='word_1_161' title='bbox 3051 1048 3298 1121; x_wconf 82' lang='grc' dir='ltr'>κεφαλὴν</span> <span class='ocrx_word' id='word_1_162' title='bbox 3323 1048 3483 1121; x_wconf 83' lang='grc' dir='ltr'>ἡμῶν</span> <span class='ocrx_word' id='word_1_163' title='bbox 3512 1065 3754 1121; x_wconf 80' lang='grc' dir='ltr'>συναρμο-</span> 
     </span>
    </p>
   </div>
   <div class='ocr_carea' id='block_1_27' title="bbox 2201 1140 3753 1216">
    <p class='ocr_par' dir='ltr' id='par_1_27' title="bbox 2201 1140 3753 1216">
     <span class='ocr_line' id='line_1_27' title="bbox 2201 1140 3753 1216; baseline -0.003 -19"><span class='ocrx_word' id='word_1_164' title='bbox 2201 1142 2391 1216; x_wconf 78' lang='grc' dir='ltr'><strong>σθῆναι</strong></span> <span class='ocrx_word' id='word_1_165' title='bbox 2436 1142 2527 1196; x_wconf 76' lang='grc' dir='ltr'><strong>τδν</strong></span> <span class='ocrx_word' id='word_1_166' title='bbox 2578 1144 2662 1214; x_wconf 82' lang='grc' dir='ltr'>Χρ</span> <span class='ocrx_word' id='word_1_167' title='bbox 2689 1142 2833 1199; x_wconf 72' lang='grc' dir='ltr'>στόν.</span> <span class='ocrx_word' id='word_1_168' title='bbox 2868 1144 2967 1206; x_wconf 78' lang='grc' dir='ltr'><strong>ὐς</strong></span> <span class='ocrx_word' id='word_1_169' title='bbox 3031 1140 3280 1211; x_wconf 79' lang='grc' dir='ltr'>ἐφεστὼς</span> <span class='ocrx_word' id='word_1_170' title='bbox 3334 1144 3466 1213; x_wconf 73' lang='grc' dir='ltr'>ἡμῖν</span> <span class='ocrx_word' id='word_1_171' title='bbox 3513 1142 3645 1194; x_wconf 82' lang='grc' dir='ltr'>κατὰ</span> <span class='ocrx_word' id='word_1_172' title='bbox 3672 1141 3753 1213; x_wconf 71' lang='grc' dir='ltr'>τὴν</span> 
     </span>
    </p>
   </div>
   <div class='ocr_carea' id='block_1_28' title="bbox 2199 1235 3755 1311">
    <p class='ocr_par' dir='ltr' id='par_1_28' title="bbox 2199 1235 3755 1311">
     <span class='ocr_line' id='line_1_28' title="bbox 2199 1235 3755 1311; baseline -0.003 -20"><span class='ocrx_word' id='word_1_173' title='bbox 2199 1237 2389 1310; x_wconf 83' lang='grc' dir='ltr'>θεῖκὴν</span> <span class='ocrx_word' id='word_1_174' title='bbox 2424 1235 2638 1311; x_wconf 73' lang='grc' dir='ltr'>ἐξοχὴν,</span> <span class='ocrx_word' id='word_1_175' title='bbox 2672 1236 3029 1308; x_wconf 78' lang='grc' dir='ltr'>μεταδίδωσιν</span> <span class='ocrx_word' id='word_1_176' title='bbox 3074 1237 3206 1308; x_wconf 76' lang='grc' dir='ltr'>ἡμῖν</span> <span class='ocrx_word' id='word_1_177' title='bbox 3241 1236 3436 1289; x_wconf 70' lang='grc' dir='ltr'>ἑαυτὸν</span> <span class='ocrx_word' id='word_1_178' title='bbox 3489 1236 3623 1289; x_wconf 74' lang='grc' dir='ltr'>κατὰ</span> <span class='ocrx_word' id='word_1_179' title='bbox 3671 1236 3755 1305; x_wconf 77' lang='grc' dir='ltr'>τὴν</span> 
     </span>
    </p>
   </div>
   <div class='ocr_carea' id='block_1_29' title="bbox 2198 1328 3758 1404">
    <p class='ocr_par' dir='ltr' id='par_1_29' title="bbox 2198 1328 3758 1404">
     <span class='ocr_line' id='line_1_29' title="bbox 2198 1328 3758 1404; baseline -0.004 -18"><span class='ocrx_word' id='word_1_180' title='bbox 2198 1332 2515 1404; x_wconf 74' lang='grc' dir='ltr'><strong>οἰκονομίας</strong></span> <span class='ocrx_word' id='word_1_181' title='bbox 2562 1332 2883 1401; x_wconf 72' lang='grc' dir='ltr'>συνάφειαν,</span> <span class='ocrx_word' id='word_1_182' title='bbox 2933 1330 3117 1403; x_wconf 66' lang='grc' dir='ltr'>ἑαυτῷ</span> <span class='ocrx_word' id='word_1_183' title='bbox 3163 1330 3457 1384; x_wconf 82' lang='grc' dir='ltr'><strong>συνάπτων</strong></span> <span class='ocrx_word' id='word_1_184' title='bbox 3499 1328 3639 1399; x_wconf 74' lang='grc' dir='ltr'>ἡμᾶς</span> <span class='ocrx_word' id='word_1_185' title='bbox 3681 1328 3758 1381; x_wconf 79' lang='grc' dir='ltr'>καὶ</span> 
     </span>
    </p>
   </div>
   <div class='ocr_carea' id='block_1_30' title="bbox 2200 1420 3759 1498">
    <p class='ocr_par' dir='ltr' id='par_1_30' title="bbox 2200 1420 3759 1498">
     <span class='ocr_line' id='line_1_30' title="bbox 2200 1420 3759 1498; baseline -0.004 -18"><span class='ocrx_word' id='word_1_186' title='bbox 2200 1424 2479 1496; x_wconf 81' lang='grc' dir='ltr'>ἀλλήλοις,</span> <span class='ocrx_word' id='word_1_187' title='bbox 2520 1424 2649 1480; x_wconf 84' lang='grc' dir='ltr'>καθ’</span> <span class='ocrx_word' id='word_1_188' title='bbox 2688 1426 2758 1496; x_wconf 73' lang='grc' dir='ltr'>ἣν</span> <span class='ocrx_word' id='word_1_189' title='bbox 2788 1425 2985 1496; x_wconf 77' lang='grc' dir='ltr'>ἔχομεν</span> <span class='ocrx_word' id='word_1_190' title='bbox 3032 1422 3170 1498; x_wconf 74' lang='grc' dir='ltr'>πρὸς</span> <span class='ocrx_word' id='word_1_191' title='bbox 3210 1422 3473 1493; x_wconf 75' lang='grc' dir='ltr'>ἀλλήλους</span> <span class='ocrx_word' id='word_1_192' title='bbox 3509 1420 3687 1493; x_wconf 79' lang='grc' dir='ltr'>ὥσπερ</span> <span class='ocrx_word' id='word_1_193' title='bbox 3713 1423 3759 1474; x_wconf 78' lang='grc' dir='ltr'>ὲν</span> 
     </span>
    </p>
   </div>
   <div class='ocr_carea' id='block_1_31' title="bbox 2198 1512 3760 1591">
    <p class='ocr_par' dir='ltr' id='par_1_31' title="bbox 2198 1512 3760 1591">
     <span class='ocr_line' id='line_1_31' title="bbox 2198 1512 3760 1591; baseline -0.004 -19"><span class='ocrx_word' id='word_1_194' title='bbox 2198 1518 2455 1591; x_wconf 72' lang='grc' dir='ltr'>οἰκοδομῇ</span> <span class='ocrx_word' id='word_1_195' title='bbox 2486 1518 2865 1590; x_wconf 74' lang='grc' dir='ltr'>συναρμογὴν,</span> <span class='ocrx_word' id='word_1_196' title='bbox 2900 1517 2995 1573; x_wconf 79' lang='grc' dir='ltr'>καὶ</span> <span class='ocrx_word' id='word_1_197' title='bbox 3012 1516 3151 1571; x_wconf 78' lang='grc' dir='ltr'>καθὸ</span> <span class='ocrx_word' id='word_1_198' title='bbox 3173 1516 3271 1587; x_wconf 69' lang='grc' dir='ltr'>τὴν</span> <span class='ocrx_word' id='word_1_199' title='bbox 3291 1515 3651 1588; x_wconf 76' lang='grc' dir='ltr'>ὲπιχορηγίαν</span> <span class='ocrx_word' id='word_1_200' title='bbox 3679 1512 3760 1567; x_wconf 75' lang='grc' dir='ltr'>τοῦ</span> 
     </span>
    </p>
   </div>
   <div class='ocr_carea' id='block_1_32' title="bbox 2199 1607 3761 1683">
    <p class='ocr_par' dir='ltr' id='par_1_32' title="bbox 2199 1607 3761 1683">
     <span class='ocr_line' id='line_1_32' title="bbox 2199 1607 3761 1683; baseline -0.003 -17"><span class='ocrx_word' id='word_1_201' title='bbox 2199 1610 2521 1683; x_wconf 78' lang='grc' dir='ltr'>Πνεὺματος</span> <span class='ocrx_word' id='word_1_202' title='bbox 2564 1611 2799 1677; x_wconf 71' lang='grc' dir='ltr'>ἕκαστος</span> <span class='ocrx_word' id='word_1_203' title='bbox 2832 1610 3057 1667; x_wconf 79' lang='grc' dir='ltr'>δύναται</span> <span class='ocrx_word' id='word_1_204' title='bbox 3111 1609 3391 1682; x_wconf 74' lang='grc' dir='ltr'>δέχεσθαι,</span> <span class='ocrx_word' id='word_1_205' title='bbox 3424 1610 3528 1680; x_wconf 84' lang='grc' dir='ltr'>τῆς</span> <span class='ocrx_word' id='word_1_206' title='bbox 3570 1608 3660 1662; x_wconf 66' lang='grc' dir='ltr'><strong>ἐπὶ</strong></span> <span class='ocrx_word' id='word_1_207' title='bbox 3705 1607 3761 1678; x_wconf 72' lang='grc' dir='ltr'>τῇ</span> 
     </span>
    </p>
   </div>
   <div class='ocr_carea' id='block_1_33' title="bbox 2200 1703 3763 1780">
    <p class='ocr_par' dir='ltr' id='par_1_33' title="bbox 2200 1703 3763 1780">
     <span class='ocr_line' id='line_1_33' title="bbox 2200 1703 3763 1780; baseline -0.006 -16"><span class='ocrx_word' id='word_1_208' title='bbox 2200 1708 2429 1780; x_wconf 81' lang='grc' dir='ltr'><strong>αὐξήσει</strong></span> <span class='ocrx_word' id='word_1_209' title='bbox 2456 1706 2796 1771; x_wconf 76' lang='grc' dir='ltr'><strong>τελειώσεως</strong></span> <span class='ocrx_word' id='word_1_210' title='bbox 2819 1709 2901 1771; x_wconf 76' lang='grc' dir='ltr'>εἰς</span> <span class='ocrx_word' id='word_1_211' title='bbox 2924 1708 3150 1779; x_wconf 82' lang='grc' dir='ltr'><strong>ἀγάπην</strong></span> <span class='ocrx_word' id='word_1_212' title='bbox 3185 1706 3584 1778; x_wconf 79' lang='grc' dir='ltr'>συνκεφαλαιου</span> <span class='ocrx_word' id='word_1_213' title='bbox 3595 1703 3763 1774; x_wconf 78' lang='grc' dir='ltr'>μένης.</span> 
     </span>
    </p>
   </div>
   <div class='ocr_carea' id='block_1_34' title="bbox 504 1796 3766 1877">
    <p class='ocr_par' dir='ltr' id='par_1_34' title="bbox 504 1796 3766 1877">
     <span class='ocr_line' id='line_1_34' title="bbox 504 1796 3766 1877; baseline 0 -26"><span class='ocrx_word' id='word_1_214' title='bbox 504 1796 829 1851; x_wconf 85' lang='lat' dir='ltr'><strong>strationem</strong></span> <span class='ocrx_word' id='word_1_215' title='bbox 886 1798 1058 1869; x_wconf 83' lang='lat' dir='ltr'><strong>possit</strong></span> <span class='ocrx_word' id='word_1_216' title='bbox 1113 1796 1359 1869; x_wconf 87' lang='lat' dir='ltr'><strong>Spiritus</strong></span> <span class='ocrx_word' id='word_1_217' title='bbox 1428 1798 1704 1864; x_wconf 83' lang='lat' dir='ltr'><strong>accipere,</strong></span> <span class='ocrx_word' id='word_1_218' title='bbox 1766 1798 2088 1857; x_wconf 82' lang='lat' dir='ltr'><strong>incrementi</strong></span> <span class='ocrx_word' id='word_1_219' title='bbox 2131 1806 2491 1877; x_wconf 85' lang='lat' dir='ltr'><strong>perfectione,</strong></span> <span class='ocrx_word' id='word_1_220' title='bbox 2530 1820 2657 1873; x_wconf 71' lang='lat' dir='ltr'><strong>qua:</strong></span> <span class='ocrx_word' id='word_1_221' title='bbox 2703 1804 2759 1859; x_wconf 90' lang='lat' dir='ltr'><strong>in</strong></span> <span class='ocrx_word' id='word_1_222' title='bbox 2827 1803 3100 1860; x_wconf 86' lang='lat' dir='ltr'><strong>charitate</strong></span> <span class='ocrx_word' id='word_1_223' title='bbox 3147 1814 3411 1877; x_wconf 84' lang='lat' dir='ltr'><strong>tanquam</strong></span> <span class='ocrx_word' id='word_1_224' title='bbox 3481 1803 3536 1855; x_wconf 88' lang='lat' dir='ltr'><strong>in</strong></span> <span class='ocrx_word' id='word_1_225' title='bbox 3575 1812 3766 1858; x_wconf 84' lang='lat' dir='ltr'><strong>summa</strong></span> 
     </span>
    </p>
   </div>
   <div class='ocr_carea' id='block_1_35' title="bbox 502 1887 878 1945">
    <p class='ocr_par' dir='ltr' id='par_1_35' title="bbox 502 1887 878 1945">
     <span class='ocr_line' id='line_1_35' title="bbox 502 1887 878 1945; baseline -0.005 0"><span class='ocrx_word' id='word_1_226' title='bbox 502 1887 878 1945; x_wconf 80' lang='lat' dir='ltr'><strong>concluditur.</strong></span> 
     </span>
    </p>
   </div>
   <div class='ocr_carea' id='block_1_36' title="bbox 576 1979 2103 2059">
    <p class='ocr_par' dir='ltr' id='par_1_36' title="bbox 576 1979 2099 2052">
     <span class='ocr_line' id='line_1_36' title="bbox 576 1979 2099 2052; baseline 0.003 -16"><span class='ocrx_word' id='word_1_227' title='bbox 576 1980 744 2037; x_wconf 71' lang='lat' dir='ltr'><strong>Vens.</strong></span> <span class='ocrx_word' id='word_1_228' title='bbox 791 1981 983 2036; x_wconf 72' lang='grc'><strong>17-20.</strong></span> <span class='ocrx_word' id='word_1_229' title='bbox 1040 1998 1059 2034; x_wconf 80' lang='grc' dir='ltr'><strong>ι</strong></span> <span class='ocrx_word' id='word_1_230' title='bbox 1100 1979 1214 2035; x_wconf 92' lang='lat' dir='ltr'><strong>lloc</strong></span> <span class='ocrx_word' id='word_1_231' title='bbox 1260 1980 1430 2052; x_wconf 77' lang='lat' dir='ltr'><strong>igitur</strong></span> <span class='ocrx_word' id='word_1_232' title='bbox 1458 1981 1584 2037; x_wconf 88' lang='lat' dir='ltr'><strong>dico</strong></span> <span class='ocrx_word' id='word_1_233' title='bbox 1622 1991 1675 2038; x_wconf 86' lang='lat' dir='ltr'><strong>et</strong></span> <span class='ocrx_word' id='word_1_234' title='bbox 1722 1982 1997 2040; x_wconf 86' lang='lat' dir='ltr'><strong>testificor</strong></span> <span class='ocrx_word' id='word_1_235' title='bbox 2045 1986 2099 2041; x_wconf 90' lang='lat' dir='ltr'><strong>in</strong></span> 
     </span>
    </p>
   </div>
   <div class='ocr_carea' id='block_1_37' title="bbox 2216 1979 3770 2059">
    <p class='ocr_par' dir='ltr' id='par_1_37' title="bbox 2288 1981 3770 2059">
     <span class='ocr_line' id='line_1_37' title="bbox 2288 1981 3770 2059; baseline -0.002 -19"><span class='ocrx_word' id='word_1_236' title='bbox 2288 2006 2305 2040; x_wconf 86' lang='grc' dir='ltr'><strong>ι</strong></span> <span class='ocrx_word' id='word_1_237' title='bbox 2343 1986 2519 2041; x_wconf 82' lang='grc' dir='ltr'>Τοῦτο</span> <span class='ocrx_word' id='word_1_238' title='bbox 2539 1981 2634 2041; x_wconf 78' lang='grc' dir='ltr'>οὖν</span> <span class='ocrx_word' id='word_1_239' title='bbox 2655 1987 2804 2059; x_wconf 81' lang='grc' dir='ltr'>λέγω</span> <span class='ocrx_word' id='word_1_240' title='bbox 2832 1984 2927 2041; x_wconf 70' lang='grc' dir='ltr'>καὶ</span> <span class='ocrx_word' id='word_1_241' title='bbox 2961 1984 3315 2058; x_wconf 80' lang='grc' dir='ltr'>μαρτύρομαι</span> <span class='ocrx_word' id='word_1_242' title='bbox 3344 1986 3403 2038; x_wconf 73' lang='grc' dir='ltr'>ἐν</span> <span class='ocrx_word' id='word_1_243' title='bbox 3438 1984 3647 2056; x_wconf 80' lang='grc' dir='ltr'>Κυρίῳ,</span> <span class='ocrx_word' id='word_1_244' title='bbox 3679 2000 3770 2058; x_wconf 84' lang='grc' dir='ltr'><strong>μη.</strong></span> 
     </span>
    </p>
   </div>
   <div class='ocr_carea' id='block_1_38' title="bbox 507 2073 2100 2148">
    <p class='ocr_par' dir='ltr' id='par_1_38' title="bbox 507 2073 2100 2148">
     <span class='ocr_line' id='line_1_38' title="bbox 507 2073 2100 2148; baseline 0.001 -17"><span class='ocrx_word' id='word_1_245' title='bbox 507 2075 757 2139; x_wconf 86' lang='lat' dir='ltr'><strong>Domino,</strong></span> <span class='ocrx_word' id='word_1_246' title='bbox 792 2081 849 2127; x_wconf 87' lang='lat' dir='ltr'><strong>ut</strong></span> <span class='ocrx_word' id='word_1_247' title='bbox 872 2074 987 2143; x_wconf 84' lang='lat' dir='ltr'><strong>jam</strong></span> <span class='ocrx_word' id='word_1_248' title='bbox 1020 2088 1128 2127; x_wconf 92' lang='lat' dir='ltr'><strong>non</strong></span> <span class='ocrx_word' id='word_1_249' title='bbox 1158 2073 1482 2139; x_wconf 87' lang='lat' dir='ltr'><strong>ambuletis,</strong></span> <span class='ocrx_word' id='word_1_250' title='bbox 1517 2074 1664 2131; x_wconf 88' lang='lat' dir='ltr'><strong>sicut</strong></span> <span class='ocrx_word' id='word_1_251' title='bbox 1697 2084 1749 2130; x_wconf 90' lang='lat' dir='ltr'><strong>et</strong></span> <span class='ocrx_word' id='word_1_252' title='bbox 1778 2084 1971 2148; x_wconf 79' lang='lat' dir='ltr'><strong>gentes</strong></span> <span class='ocrx_word' id='word_1_253' title='bbox 1992 2092 2100 2133; x_wconf 88' lang='lat' dir='ltr'><strong>am-</strong></span> 
     </span>
    </p>
   </div>
   <div class='ocr_carea' id='block_1_39' title="bbox 505 2168 2099 2235">
    <p class='ocr_par' dir='ltr' id='par_1_39' title="bbox 505 2168 2099 2235">
     <span class='ocr_line' id='line_1_39' title="bbox 505 2168 2099 2235; baseline 0.001 -9"><span class='ocrx_word' id='word_1_254' title='bbox 505 2171 725 2235; x_wconf 87' lang='lat' dir='ltr'><strong>bulant,</strong></span> <span class='ocrx_word' id='word_1_255' title='bbox 771 2169 827 2221; x_wconf 91' lang='lat' dir='ltr'><strong>in</strong></span> <span class='ocrx_word' id='word_1_256' title='bbox 868 2168 1116 2223; x_wconf 87' lang='lat' dir='ltr'><strong>vanitate</strong></span> <span class='ocrx_word' id='word_1_257' title='bbox 1140 2182 1344 2223; x_wconf 82' lang='lat' dir='ltr'><strong>sensus</strong></span> <span class='ocrx_word' id='word_1_258' title='bbox 1373 2168 1459 2223; x_wconf 91' lang='lat' dir='ltr'><strong>sui</strong></span> <span class='ocrx_word' id='word_1_259' title='bbox 1482 2208 1498 2233; x_wconf 93' lang='lat'><strong>,</strong></span> <span class='ocrx_word' id='word_1_260' title='bbox 1535 2169 1792 2226; x_wconf 86' lang='lat' dir='ltr'><strong>tenebris</strong></span> <span class='ocrx_word' id='word_1_261' title='bbox 1824 2170 2099 2228; x_wconf 87' lang='lat' dir='ltr'><strong>obscura-</strong></span> 
     </span>
    </p>
   </div>
   <div class='ocr_carea' id='block_1_40' title="bbox 506 2261 2102 2337">
    <p class='ocr_par' dir='ltr' id='par_1_40' title="bbox 506 2261 2102 2337">
     <span class='ocr_line' id='line_1_40' title="bbox 506 2261 2102 2337; baseline 0.001 -18"><span class='ocrx_word' id='word_1_262' title='bbox 506 2274 621 2319; x_wconf 87' lang='lat' dir='ltr'><strong>tum</strong></span> <span class='ocrx_word' id='word_1_263' title='bbox 664 2264 936 2318; x_wconf 81' lang='lat' dir='ltr'><strong>habentes</strong></span> <span class='ocrx_word' id='word_1_264' title='bbox 976 2261 1344 2326; x_wconf 89' lang='lat' dir='ltr'><strong>intellectum,</strong></span> <span class='ocrx_word' id='word_1_265' title='bbox 1377 2263 1604 2318; x_wconf 87' lang='lat' dir='ltr'><strong>alienati</strong></span> <span class='ocrx_word' id='word_1_266' title='bbox 1632 2278 1663 2317; x_wconf 85' lang='lat' dir='ltr'><strong>a</strong></span> <span class='ocrx_word' id='word_1_267' title='bbox 1694 2269 1808 2318; x_wconf 84' lang='lat' dir='ltr'><strong>vita</strong></span> <span class='ocrx_word' id='word_1_268' title='bbox 1841 2263 1957 2330; x_wconf 83' lang='lat' dir='ltr'><strong>Dei,</strong></span> <span class='ocrx_word' id='word_1_269' title='bbox 2005 2281 2102 2337; x_wconf 87' lang='lat' dir='ltr'><strong>per</strong></span> 
     </span>
    </p>
   </div>
   <div class='ocr_carea' id='block_1_41' title="bbox 508 2354 2101 2431">
    <p class='ocr_par' dir='ltr' id='par_1_41' title="bbox 508 2354 2101 2431">
     <span class='ocr_line' id='line_1_41' title="bbox 508 2354 2101 2431; baseline 0 -18"><span class='ocrx_word' id='word_1_270' title='bbox 508 2358 876 2431; x_wconf 73' lang='lat' dir='ltr'><strong>ignorantiam</strong></span> <span class='ocrx_word' id='word_1_271' title='bbox 926 2371 1049 2428; x_wconf 68' lang='lat' dir='ltr'><strong>quae</strong></span> <span class='ocrx_word' id='word_1_272' title='bbox 1097 2357 1151 2410; x_wconf 91' lang='lat' dir='ltr'><strong>in</strong></span> <span class='ocrx_word' id='word_1_273' title='bbox 1202 2354 1313 2413; x_wconf 86' lang='lat' dir='ltr'><strong>illis</strong></span> <span class='ocrx_word' id='word_1_274' title='bbox 1363 2365 1482 2422; x_wconf 89' lang='lat' dir='ltr'><strong>est,</strong></span> <span class='ocrx_word' id='word_1_275' title='bbox 1520 2368 1751 2428; x_wconf 86' lang='lat' dir='ltr'><strong>propter</strong></span> <span class='ocrx_word' id='word_1_276' title='bbox 1797 2358 2101 2413; x_wconf 67' lang='lat' dir='ltr'><strong>caecitatem</strong></span> 
     </span>
    </p>
   </div>
   <div class='ocr_carea' id='block_1_42' title="bbox 507 2446 2104 2521">
    <p class='ocr_par' dir='ltr' id='par_1_42' title="bbox 507 2446 2104 2521">
     <span class='ocr_line' id='line_1_42' title="bbox 507 2446 2104 2521; baseline 0 -16"><span class='ocrx_word' id='word_1_277' title='bbox 507 2446 693 2506; x_wconf 83' lang='lat' dir='ltr'><strong>cordis</strong></span> <span class='ocrx_word' id='word_1_278' title='bbox 742 2452 1031 2520; x_wconf 86' lang='lat' dir='ltr'><strong>ipsorum;</strong></span> <span class='ocrx_word' id='word_1_279' title='bbox 1076 2448 1170 2519; x_wconf 91' lang='lat' dir='ltr'><strong>qui</strong></span> <span class='ocrx_word' id='word_1_280' title='bbox 1202 2448 1590 2520; x_wconf 73' lang='lat' dir='ltr'><strong>ilesperames,</strong></span> <span class='ocrx_word' id='word_1_281' title='bbox 1628 2450 1962 2521; x_wconf 81' lang='lat' dir='ltr'><strong>semetipsos</strong></span> <span class='ocrx_word' id='word_1_282' title='bbox 1991 2460 2104 2506; x_wconf 89' lang='lat' dir='ltr'><strong>tra-</strong></span> 
     </span>
    </p>
   </div>
   <div class='ocr_carea' id='block_1_43' title="bbox 507 2541 2104 2613">
    <p class='ocr_par' dir='ltr' id='par_1_43' title="bbox 507 2541 2104 2613">
     <span class='ocr_line' id='line_1_43' title="bbox 507 2541 2104 2613; baseline 0.002 -15"><span class='ocrx_word' id='word_1_283' title='bbox 507 2543 765 2599; x_wconf 87' lang='lat' dir='ltr'><strong>diderunt</strong></span> <span class='ocrx_word' id='word_1_284' title='bbox 802 2541 1167 2613; x_wconf 74' lang='lat' dir='ltr'><strong>impudicitizc</strong></span> <span class='ocrx_word' id='word_1_285' title='bbox 1209 2541 1277 2597; x_wconf 83' lang='lat' dir='ltr'><strong>ad</strong></span> <span class='ocrx_word' id='word_1_286' title='bbox 1317 2543 1700 2612; x_wconf 85' lang='lat' dir='ltr'><strong>operationem</strong></span> <span class='ocrx_word' id='word_1_287' title='bbox 1738 2543 2104 2603; x_wconf 68' lang='lat' dir='ltr'><strong>inununditize</strong></span> 
     </span>
    </p>
   </div>
   <div class='ocr_carea' id='block_1_44' title="bbox 507 2640 783 2693">
    <p class='ocr_par' dir='ltr' id='par_1_44' title="bbox 507 2640 783 2693">
     <span class='ocr_line' id='line_1_44' title="bbox 507 2640 783 2693; baseline -0.007 -3"><span class='ocrx_word' id='word_1_288' title='bbox 507 2640 718 2693; x_wconf 81' lang='lat' dir='ltr'><strong>nnmis.</strong></span> <span class='ocrx_word' id='word_1_289' title='bbox 765 2655 783 2688; x_wconf 80' lang='grc' dir='ltr'>ι</span> 
     </span>
    </p>
   </div>
   <div class='ocr_carea' id='block_1_45' title="bbox 582 2730 2106 2805">
    <p class='ocr_par' dir='ltr' id='par_1_45' title="bbox 582 2730 2106 2805">
     <span class='ocr_line' id='line_1_45' title="bbox 582 2730 2106 2805; baseline -0.001 -17"><span class='ocrx_word' id='word_1_290' title='bbox 582 2730 761 2789; x_wconf 74' lang='lat' dir='ltr'><strong>Veluti</strong></span> <span class='ocrx_word' id='word_1_291' title='bbox 810 2730 1018 2788; x_wconf 85' lang='lat' dir='ltr'><strong>Christi</strong></span> <span class='ocrx_word' id='word_1_292' title='bbox 1081 2738 1253 2788; x_wconf 83' lang='lat' dir='ltr'><strong>testes</strong></span> <span class='ocrx_word' id='word_1_293' title='bbox 1316 2741 1371 2787; x_wconf 90' lang='lat' dir='ltr'><strong>et</strong></span> <span class='ocrx_word' id='word_1_294' title='bbox 1428 2738 1702 2805; x_wconf 84' lang='lat' dir='ltr'><strong>martyres</strong></span> <span class='ocrx_word' id='word_1_295' title='bbox 1767 2739 1975 2800; x_wconf 87' lang='lat' dir='ltr'><strong>monet,</strong></span> <span class='ocrx_word' id='word_1_296' title='bbox 2044 2741 2106 2787; x_wconf 90' lang='lat' dir='ltr'><strong>ut</strong></span> 
     </span>
    </p>
   </div>
   <div class='ocr_carea' id='block_1_46' title="bbox 509 2824 2104 2893">
    <p class='ocr_par' dir='ltr' id='par_1_46' title="bbox 509 2824 2104 2893">
     <span class='ocr_line' id='line_1_46' title="bbox 509 2824 2104 2893; baseline -0.002 -11"><span class='ocrx_word' id='word_1_297' title='bbox 509 2825 936 2883; x_wconf 86' lang='lat' dir='ltr'><strong>reminiscantur</strong></span> <span class='ocrx_word' id='word_1_298' title='bbox 979 2839 1040 2881; x_wconf 84' lang='lat' dir='ltr'><strong>se</strong></span> <span class='ocrx_word' id='word_1_299' title='bbox 1100 2837 1332 2883; x_wconf 85' lang='lat' dir='ltr'><strong>vocatos</strong></span> <span class='ocrx_word' id='word_1_300' title='bbox 1368 2840 1495 2881; x_wconf 86' lang='lat' dir='ltr'><strong>esse</strong></span> <span class='ocrx_word' id='word_1_301' title='bbox 1525 2824 1593 2881; x_wconf 89' lang='lat' dir='ltr'><strong>ad</strong></span> <span class='ocrx_word' id='word_1_302' title='bbox 1644 2825 2104 2893; x_wconf 88' lang='lat' dir='ltr'><strong>sanctimoniam,</strong></span> 
     </span>
    </p>
   </div>
   <div class='ocr_carea' id='block_1_47' title="bbox 513 2917 2105 2989">
    <p class='ocr_par' dir='ltr' id='par_1_47' title="bbox 513 2917 2105 2989">
     <span class='ocr_line' id='line_1_47' title="bbox 513 2917 2105 2989; baseline 0.001 -16"><span class='ocrx_word' id='word_1_303' title='bbox 513 2936 613 2975; x_wconf 88' lang='lat' dir='ltr'><strong>nec</strong></span> <span class='ocrx_word' id='word_1_304' title='bbox 666 2927 1015 2975; x_wconf 81' lang='lat' dir='ltr'><strong>revertantur</strong></span> <span class='ocrx_word' id='word_1_305' title='bbox 1042 2918 1110 2973; x_wconf 90' lang='lat' dir='ltr'><strong>ad</strong></span> <span class='ocrx_word' id='word_1_306' title='bbox 1148 2918 1296 2973; x_wconf 89' lang='lat' dir='ltr'><strong>illam</strong></span> <span class='ocrx_word' id='word_1_307' title='bbox 1348 2917 1578 2974; x_wconf 78' lang='lat' dir='ltr'><strong>vivendi</strong></span> <span class='ocrx_word' id='word_1_308' title='bbox 1614 2918 1887 2974; x_wconf 86' lang='lat' dir='ltr'><strong>rationem</strong></span> <span class='ocrx_word' id='word_1_309' title='bbox 1939 2935 2105 2989; x_wconf 88' lang='lat' dir='ltr'><strong>quam</strong></span> 
     </span>
    </p>
   </div>
   <div class='ocr_carea' id='block_1_48' title="bbox 515 3011 2103 3083">
    <p class='ocr_par' dir='ltr' id='par_1_48' title="bbox 515 3011 2103 3083">
     <span class='ocr_line' id='line_1_48' title="bbox 515 3011 2103 3083; baseline 0.001 -18"><span class='ocrx_word' id='word_1_310' title='bbox 515 3020 643 3066; x_wconf 76' lang='lat' dir='ltr'><strong>ante</strong></span> <span class='ocrx_word' id='word_1_311' title='bbox 682 3011 1028 3066; x_wconf 88' lang='lat' dir='ltr'><strong>vocationem</strong></span> <span class='ocrx_word' id='word_1_312' title='bbox 1061 3024 1218 3065; x_wconf 80' lang='lat' dir='ltr'><strong>suam</strong></span> <span class='ocrx_word' id='word_1_313' title='bbox 1244 3017 1494 3083; x_wconf 75' lang='lat' dir='ltr'><strong>egerant,</strong></span> <span class='ocrx_word' id='word_1_314' title='bbox 1535 3011 1779 3082; x_wconf 82' lang='lat' dir='ltr'><strong>quando,</strong></span> <span class='ocrx_word' id='word_1_315' title='bbox 1809 3011 1964 3066; x_wconf 88' lang='lat' dir='ltr'><strong>nullo</strong></span> <span class='ocrx_word' id='word_1_316' title='bbox 2001 3011 2103 3068; x_wconf 83' lang='lat' dir='ltr'><strong>sibi</strong></span> 
     </span>
    </p>
   </div>
   <div class='ocr_carea' id='block_1_49' title="bbox 515 3104 1928 3177">
    <p class='ocr_par' dir='ltr' id='par_1_49' title="bbox 515 3104 1928 3177">
     <span class='ocr_line' id='line_1_49' title="bbox 515 3104 1928 3177; baseline 0.001 -20"><span class='ocrx_word' id='word_1_317' title='bbox 515 3108 823 3177; x_wconf 63' lang='lat' dir='ltr'><strong>praestituto</strong></span> <span class='ocrx_word' id='word_1_318' title='bbox 855 3105 980 3167; x_wconf 86' lang='lat' dir='ltr'><strong>(ine.</strong></span> <span class='ocrx_word' id='word_1_319' title='bbox 1017 3104 1317 3159; x_wconf 82' lang='lat' dir='ltr'><strong>temerario</strong></span> <span class='ocrx_word' id='word_1_320' title='bbox 1339 3104 1551 3176; x_wconf 87' lang='lat' dir='ltr'><strong>impetu</strong></span> <span class='ocrx_word' id='word_1_321' title='bbox 1584 3104 1928 3161; x_wconf 81' lang='lat' dir='ltr'><strong>ferebantur.</strong></span> 
     </span>
    </p>
   </div>
   <div class='ocr_carea' id='block_1_50' title="bbox 592 3194 2108 3255">
    <p class='ocr_par' dir='ltr' id='par_1_50' title="bbox 592 3194 2108 3255">
     <span class='ocr_line' id='line_1_50' title="bbox 592 3194 2108 3255; baseline 0.004 -6"><span class='ocrx_word' id='word_1_322' title='bbox 592 3219 610 3249; x_wconf 75' lang='grc' dir='ltr'>ι</span> <span class='ocrx_word' id='word_1_323' title='bbox 665 3196 721 3253; x_wconf 90' lang='lat' dir='ltr'><strong>ln</strong></span> <span class='ocrx_word' id='word_1_324' title='bbox 791 3196 1047 3252; x_wconf 72' lang='lat' dir='ltr'><strong>avaritia.</strong></span> <span class='ocrx_word' id='word_1_325' title='bbox 1102 3194 1215 3253; x_wconf 84' lang='lat' dir='ltr'><strong>Vos</strong></span> <span class='ocrx_word' id='word_1_326' title='bbox 1271 3208 1453 3252; x_wconf 86' lang='lat' dir='ltr'><strong>autem</strong></span> <span class='ocrx_word' id='word_1_327' title='bbox 1512 3211 1625 3253; x_wconf 89' lang='lat' dir='ltr'><strong>non</strong></span> <span class='ocrx_word' id='word_1_328' title='bbox 1690 3197 1767 3253; x_wconf 82' lang='lat' dir='ltr'><strong>ita</strong></span> <span class='ocrx_word' id='word_1_329' title='bbox 1833 3196 2108 3255; x_wconf 85' lang='lat' dir='ltr'><strong>didicistis</strong></span> 
     </span>
    </p>
   </div>
   <div class='ocr_carea' id='block_1_51' title="bbox 516 3291 886 3350">
    <p class='ocr_par' dir='ltr' id='par_1_51' title="bbox 516 3291 886 3350">
     <span class='ocr_line' id='line_1_51' title="bbox 516 3291 886 3350; baseline -0.014 -2"><span class='ocrx_word' id='word_1_330' title='bbox 516 3291 826 3350; x_wconf 83' lang='lat' dir='ltr'><strong>Christum.</strong></span> <span class='ocrx_word' id='word_1_331' title='bbox 867 3308 886 3343; x_wconf 77' lang='grc' dir='ltr'>ι</span> 
     </span>
    </p>
   </div>
   <div class='ocr_carea' id='block_1_52' title="bbox 2204 2077 3769 2153">
    <p class='ocr_par' dir='ltr' id='par_1_52' title="bbox 2204 2077 3769 2153">
     <span class='ocr_line' id='line_1_52' title="bbox 2204 2077 3769 2153; baseline -0.002 -19"><span class='ocrx_word' id='word_1_332' title='bbox 2204 2081 2321 2134; x_wconf 80' lang='grc' dir='ltr'>κέτι</span> <span class='ocrx_word' id='word_1_333' title='bbox 2348 2081 2494 2151; x_wconf 77' lang='grc' dir='ltr'>ὑμᾶς</span> <span class='ocrx_word' id='word_1_334' title='bbox 2532 2082 2879 2153; x_wconf 84' lang='grc' dir='ltr'>περιπατεῖν.</span> <span class='ocrx_word' id='word_1_335' title='bbox 2904 2079 3089 2143; x_wconf 83' lang='grc' dir='ltr'>καθὼς</span> <span class='ocrx_word' id='word_1_336' title='bbox 3124 2079 3220 2133; x_wconf 77' lang='grc' dir='ltr'>καὶ</span> <span class='ocrx_word' id='word_1_337' title='bbox 3248 2078 3316 2132; x_wconf 78' lang='grc' dir='ltr'>τὰ</span> <span class='ocrx_word' id='word_1_338' title='bbox 3338 2077 3506 2132; x_wconf 87' lang='grc' dir='ltr'>λοιπά</span> <span class='ocrx_word' id='word_1_339' title='bbox 3536 2077 3657 2151; x_wconf 73' lang='grc' dir='ltr'>ἔθνη</span> <span class='ocrx_word' id='word_1_340' title='bbox 3686 2095 3769 2131; x_wconf 79' lang='grc' dir='ltr'>πεο</span> 
     </span>
    </p>
   </div>
   <div class='ocr_carea' id='block_1_53' title="bbox 2206 2173 3768 2247">
    <p class='ocr_par' dir='ltr' id='par_1_53' title="bbox 2206 2173 3768 2247">
     <span class='ocr_line' id='line_1_53' title="bbox 2206 2173 3768 2247; baseline -0.002 -18"><span class='ocrx_word' id='word_1_341' title='bbox 2206 2178 2447 2247; x_wconf 81' lang='grc' dir='ltr'>ριπατεί,</span> <span class='ocrx_word' id='word_1_342' title='bbox 2482 2177 2538 2229; x_wconf 77' lang='grc' dir='ltr'>ὲν</span> <span class='ocrx_word' id='word_1_343' title='bbox 2576 2176 2902 2247; x_wconf 77' lang='grc' dir='ltr'><strong>ματαιότητι</strong></span> <span class='ocrx_word' id='word_1_344' title='bbox 2933 2175 3028 2228; x_wconf 82' lang='grc' dir='ltr'>τοῦ</span> <span class='ocrx_word' id='word_1_345' title='bbox 3056 2173 3174 2238; x_wconf 73' lang='grc' dir='ltr'>νοὸς</span> <span class='ocrx_word' id='word_1_346' title='bbox 3221 2173 3427 2241; x_wconf 82' lang='grc' dir='ltr'>αὐτῶν,</span> <span class='ocrx_word' id='word_1_347' title='bbox 3464 2174 3768 2245; x_wconf 69' lang='grc' dir='ltr'>ἃσκοτισμὲ-</span> 
     </span>
    </p>
   </div>
   <div class='ocr_carea' id='block_1_54' title="bbox 2201 2264 3770 2341">
    <p class='ocr_par' dir='ltr' id='par_1_54' title="bbox 2201 2264 3770 2341">
     <span class='ocr_line' id='line_1_54' title="bbox 2201 2264 3770 2341; baseline 0.001 -20"><span class='ocrx_word' id='word_1_348' title='bbox 2201 2286 2284 2322; x_wconf 89' lang='grc' dir='ltr'><strong>νοι</strong></span> <span class='ocrx_word' id='word_1_349' title='bbox 2315 2271 2381 2341; x_wconf 86' lang='grc' dir='ltr'>τῇ</span> <span class='ocrx_word' id='word_1_350' title='bbox 2434 2267 2667 2341; x_wconf 72' lang='grc' dir='ltr'>διανοίᾳ,</span> <span class='ocrx_word' id='word_1_351' title='bbox 2730 2268 2885 2331; x_wconf 79' lang='grc' dir='ltr'>ὄντες</span> <span class='ocrx_word' id='word_1_352' title='bbox 2929 2264 3443 2339; x_wconf 75' lang='grc' dir='ltr'><strong>ἀπηλλοτριωμένοι</strong></span> <span class='ocrx_word' id='word_1_353' title='bbox 3496 2266 3598 2338; x_wconf 80' lang='grc' dir='ltr'>τῆς</span> <span class='ocrx_word' id='word_1_354' title='bbox 3642 2266 3770 2337; x_wconf 77' lang='grc' dir='ltr'>ζωῆς</span> 
     </span>
    </p>
   </div>
   <div class='ocr_carea' id='block_1_55' title="bbox 2203 2354 3771 2431">
    <p class='ocr_par' dir='ltr' id='par_1_55' title="bbox 2203 2354 3771 2431">
     <span class='ocr_line' id='line_1_55' title="bbox 2203 2354 3771 2431; baseline -0.002 -17"><span class='ocrx_word' id='word_1_355' title='bbox 2203 2357 2297 2414; x_wconf 78' lang='grc' dir='ltr'>τοῦ</span> <span class='ocrx_word' id='word_1_356' title='bbox 2324 2358 2482 2427; x_wconf 81' lang='grc' dir='ltr'>Θεοῦ,</span> <span class='ocrx_word' id='word_1_357' title='bbox 2512 2358 2602 2413; x_wconf 64' lang='grc' dir='ltr'>διὰ</span> <span class='ocrx_word' id='word_1_358' title='bbox 2629 2358 2729 2431; x_wconf 82' lang='grc' dir='ltr'>τὴν</span> <span class='ocrx_word' id='word_1_359' title='bbox 2758 2358 2984 2429; x_wconf 78' lang='grc' dir='ltr'>ἄγνοιαν</span> <span class='ocrx_word' id='word_1_360' title='bbox 3036 2359 3134 2431; x_wconf 78' lang='grc' dir='ltr'>τὴν</span> <span class='ocrx_word' id='word_1_361' title='bbox 3170 2354 3340 2413; x_wconf 80' lang='grc' dir='ltr'>οὖσαν</span> <span class='ocrx_word' id='word_1_362' title='bbox 3388 2361 3447 2413; x_wconf 66' lang='grc' dir='ltr'>ἐν</span> <span class='ocrx_word' id='word_1_363' title='bbox 3475 2359 3676 2423; x_wconf 74' lang='grc' dir='ltr'>αὐτοῖς,</span> <span class='ocrx_word' id='word_1_364' title='bbox 3695 2358 3771 2411; x_wconf 68' lang='grc' dir='ltr'>διὰ</span> 
     </span>
    </p>
   </div>
   <div class='ocr_carea' id='block_1_56' title="bbox 2203 2448 3772 2524">
    <p class='ocr_par' dir='ltr' id='par_1_56' title="bbox 2203 2448 3772 2524">
     <span class='ocr_line' id='line_1_56' title="bbox 2203 2448 3772 2524; baseline -0.007 -10"><span class='ocrx_word' id='word_1_365' title='bbox 2203 2454 2307 2523; x_wconf 81' lang='grc' dir='ltr'><strong>τὴν</strong></span> <span class='ocrx_word' id='word_1_366' title='bbox 2334 2451 2597 2524; x_wconf 82' lang='grc' dir='ltr'><strong>πώρωσιν</strong></span> <span class='ocrx_word' id='word_1_367' title='bbox 2628 2453 2725 2523; x_wconf 79' lang='grc' dir='ltr'>τῆς</span> <span class='ocrx_word' id='word_1_368' title='bbox 2750 2452 2984 2524; x_wconf 79' lang='grc' dir='ltr'><strong>καρδίας</strong></span> <span class='ocrx_word' id='word_1_369' title='bbox 3010 2452 3217 2507; x_wconf 85' lang='grc' dir='ltr'>αὐτῶν.</span> <span class='ocrx_word' id='word_1_370' title='bbox 3250 2453 3320 2507; x_wconf 79' lang='grc' dir='ltr'><strong>Οἵ</strong></span> <span class='ocrx_word' id='word_1_371' title='bbox 3358 2448 3511 2516; x_wconf 79' lang='grc' dir='ltr'>τινες</span> <span class='ocrx_word' id='word_1_372' title='bbox 3540 2451 3772 2523; x_wconf 72' lang='grc' dir='ltr'>ἀπηλγηο</span> 
     </span>
    </p>
   </div>
   <div class='ocr_carea' id='block_1_57' title="bbox 2204 2545 3773 2622">
    <p class='ocr_par' dir='ltr' id='par_1_57' title="bbox 2204 2545 3773 2622">
     <span class='ocr_line' id='line_1_57' title="bbox 2204 2545 3773 2622; baseline -0.004 -19"><span class='ocrx_word' id='word_1_373' title='bbox 2204 2548 2384 2611; x_wconf 83' lang='grc' dir='ltr'>κότες,</span> <span class='ocrx_word' id='word_1_374' title='bbox 2415 2548 2647 2612; x_wconf 73' lang='grc' dir='ltr'>ἑαυτοὺς</span> <span class='ocrx_word' id='word_1_375' title='bbox 2675 2548 3005 2621; x_wconf 84' lang='grc' dir='ltr'>παρέδωκαν</span> <span class='ocrx_word' id='word_1_376' title='bbox 3030 2550 3096 2622; x_wconf 78' lang='grc' dir='ltr'>τῇ</span> <span class='ocrx_word' id='word_1_377' title='bbox 3126 2546 3391 2621; x_wconf 77' lang='grc' dir='ltr'><strong>ἀσελγείᾳ</strong></span> <span class='ocrx_word' id='word_1_378' title='bbox 3426 2549 3511 2613; x_wconf 85' lang='grc' dir='ltr'><strong>είς</strong></span> <span class='ocrx_word' id='word_1_379' title='bbox 3534 2545 3773 2620; x_wconf 69' lang='grc' dir='ltr'>ὶργασίαν</span> 
     </span>
    </p>
   </div>
   <div class='ocr_carea' id='block_1_58' title="bbox 2206 2637 2861 2711">
    <p class='ocr_par' dir='ltr' id='par_1_58' title="bbox 2206 2637 2861 2711">
     <span class='ocr_line' id='line_1_58' title="bbox 2206 2637 2861 2711; baseline 0 -19"><span class='ocrx_word' id='word_1_380' title='bbox 2206 2637 2557 2711; x_wconf 79' lang='grc' dir='ltr'>ἀκαθαρσίας</span> <span class='ocrx_word' id='word_1_381' title='bbox 2590 2638 2797 2711; x_wconf 81' lang='grc' dir='ltr'>πάσης.</span> <span class='ocrx_word' id='word_1_382' title='bbox 2841 2657 2861 2692; x_wconf 75' lang='grc' dir='ltr'>ι</span> 
     </span>
    </p>
   </div>
   <div class='ocr_carea' id='block_1_59' title="bbox 2287 2731 3771 2805">
    <p class='ocr_par' dir='ltr' id='par_1_59' title="bbox 2287 2731 3771 2805">
     <span class='ocr_line' id='line_1_59' title="bbox 2287 2731 3771 2805; baseline 0 -20"><span class='ocrx_word' id='word_1_383' title='bbox 2287 2731 2379 2794; x_wconf 80' lang='grc' dir='ltr'>Ὦς</span> <span class='ocrx_word' id='word_1_384' title='bbox 2404 2731 2499 2785; x_wconf 74' lang='grc' dir='ltr'><strong>ἐπὶ</strong></span> <span class='ocrx_word' id='word_1_385' title='bbox 2532 2731 2772 2804; x_wconf 80' lang='grc' dir='ltr'><strong>Χριστοῦ</strong></span> <span class='ocrx_word' id='word_1_386' title='bbox 2812 2732 3109 2804; x_wconf 54' lang='grc' dir='ltr'>,μάρτυρος</span> <span class='ocrx_word' id='word_1_387' title='bbox 3158 2731 3329 2801; x_wconf 79' lang='grc' dir='ltr'>λέγει,</span> <span class='ocrx_word' id='word_1_388' title='bbox 3370 2731 3432 2787; x_wconf 83' lang='grc' dir='ltr'><strong>τὺ</strong></span> <span class='ocrx_word' id='word_1_389' title='bbox 3481 2731 3771 2805; x_wconf 73' lang='grc' dir='ltr'>μεμνῆσθαι</span> 
     </span>
    </p>
   </div>
   <div class='ocr_carea' id='block_1_60' title="bbox 2205 2822 3775 2897">
    <p class='ocr_par' dir='ltr' id='par_1_60' title="bbox 2205 2822 3775 2897">
     <span class='ocr_line' id='line_1_60' title="bbox 2205 2822 3775 2897; baseline -0.001 -20"><span class='ocrx_word' id='word_1_390' title='bbox 2205 2823 2305 2893; x_wconf 79' lang='grc' dir='ltr'>τῆς</span> <span class='ocrx_word' id='word_1_391' title='bbox 2339 2822 2589 2895; x_wconf 79' lang='grc' dir='ltr'>κλήσεως</span> <span class='ocrx_word' id='word_1_392' title='bbox 2618 2826 2722 2895; x_wconf 81' lang='grc' dir='ltr'>τῆς</span> <span class='ocrx_word' id='word_1_393' title='bbox 2768 2824 2863 2879; x_wconf 71' lang='grc' dir='ltr'><strong>ἐπὶ</strong></span> <span class='ocrx_word' id='word_1_394' title='bbox 2892 2824 3189 2895; x_wconf 83' lang='grc' dir='ltr'>ἀγιασμδν,</span> <span class='ocrx_word' id='word_1_395' title='bbox 3219 2827 3317 2879; x_wconf 75' lang='grc' dir='ltr'>καὶ</span> <span class='ocrx_word' id='word_1_396' title='bbox 3351 2824 3427 2897; x_wconf 84' lang='grc' dir='ltr'><strong>μὴ</strong></span> <span class='ocrx_word' id='word_1_397' title='bbox 3475 2825 3775 2897; x_wconf 77' lang='grc' dir='ltr'>ἀνατρέχειν</span> 
     </span>
    </p>
   </div>
   <div class='ocr_carea' id='block_1_61' title="bbox 2208 2915 3775 2989">
    <p class='ocr_par' dir='ltr' id='par_1_61' title="bbox 2208 2915 3775 2989">
     <span class='ocr_line' id='line_1_61' title="bbox 2208 2915 3775 2989; baseline -0.001 -19"><span class='ocrx_word' id='word_1_398' title='bbox 2208 2918 2289 2981; x_wconf 78' lang='grc' dir='ltr'><strong>είς</strong></span> <span class='ocrx_word' id='word_1_399' title='bbox 2314 2917 2409 2970; x_wconf 84' lang='grc' dir='ltr'>τὸν</span> <span class='ocrx_word' id='word_1_400' title='bbox 2443 2916 2551 2988; x_wconf 83' lang='grc' dir='ltr'>πρὸ</span> <span class='ocrx_word' id='word_1_401' title='bbox 2582 2917 2831 2988; x_wconf 79' lang='grc' dir='ltr'>κλήσεως</span> <span class='ocrx_word' id='word_1_402' title='bbox 2885 2915 3023 2989; x_wconf 79' lang='grc' dir='ltr'>βίον,</span> <span class='ocrx_word' id='word_1_403' title='bbox 3073 2917 3167 2969; x_wconf 79' lang='grc' dir='ltr'>τὸν</span> <span class='ocrx_word' id='word_1_404' title='bbox 3198 2916 3299 2970; x_wconf 83' lang='grc' dir='ltr'>οὐκ</span> <span class='ocrx_word' id='word_1_405' title='bbox 3332 2917 3533 2988; x_wconf 69' lang='grc' dir='ltr'>ἔχοντα</span> <span class='ocrx_word' id='word_1_406' title='bbox 3569 2915 3775 2983; x_wconf 73' lang='grc' dir='ltr'>σκοπὸν,</span> 
     </span>
    </p>
   </div>
   <div class='ocr_carea' id='block_1_62' title="bbox 2207 3006 3342 3082">
    <p class='ocr_par' dir='ltr' id='par_1_62' title="bbox 2207 3006 3342 3082">
     <span class='ocr_line' id='line_1_62' title="bbox 2207 3006 3342 3082; baseline 0 -19"><span class='ocrx_word' id='word_1_407' title='bbox 2207 3008 2327 3063; x_wconf 78' lang='grc' dir='ltr'>οὐδὲ</span> <span class='ocrx_word' id='word_1_408' title='bbox 2359 3007 2533 3075; x_wconf 74' lang='grc' dir='ltr'>τέλος,</span> <span class='ocrx_word' id='word_1_409' title='bbox 2574 3006 2711 3065; x_wconf 86' lang='grc' dir='ltr'><strong>ἀλλά</strong></span> <span class='ocrx_word' id='word_1_410' title='bbox 2742 3008 2990 3082; x_wconf 81' lang='grc' dir='ltr'>ματαίως</span> <span class='ocrx_word' id='word_1_411' title='bbox 3018 3009 3342 3082; x_wconf 69' lang='grc' dir='ltr'>φερόμενον.</span> 
     </span>
    </p>
   </div>
   <div class='ocr_carea' id='block_1_63' title="bbox 2286 3193 3783 3270">
    <p class='ocr_par' dir='ltr' id='par_1_63' title="bbox 2286 3193 3783 3270">
     <span class='ocr_line' id='line_1_63' title="bbox 2286 3193 3783 3270; baseline -0.003 -18"><span class='ocrx_word' id='word_1_412' title='bbox 2286 3214 2305 3252; x_wconf 75' lang='lat' dir='ltr'><strong>t</strong></span> <span class='ocrx_word' id='word_1_413' title='bbox 2354 3193 2442 3251; x_wconf 84' lang='lat' dir='ltr'><strong>’Ev</strong></span> <span class='ocrx_word' id='word_1_414' title='bbox 2480 3193 2787 3269; x_wconf 78' lang='grc' dir='ltr'>πλεονεξίᾳ.</span> <span class='ocrx_word' id='word_1_415' title='bbox 2822 3193 3015 3269; x_wconf 81' lang='grc' dir='ltr'>Ὑμεῖς</span> <span class='ocrx_word' id='word_1_416' title='bbox 3040 3194 3098 3250; x_wconf 65' lang='grc' dir='ltr'>δὲ</span> <span class='ocrx_word' id='word_1_417' title='bbox 3123 3193 3226 3267; x_wconf 86' lang='grc' dir='ltr'><strong>οὐχ</strong></span> <span class='ocrx_word' id='word_1_418' title='bbox 3247 3193 3425 3262; x_wconf 75' lang='grc' dir='ltr'>οὕτως</span> <span class='ocrx_word' id='word_1_419' title='bbox 3451 3195 3687 3270; x_wconf 73' lang='grc' dir='ltr'>ιμάθετε</span> <span class='ocrx_word' id='word_1_420' title='bbox 3704 3196 3783 3261; x_wconf 74' lang='grc' dir='ltr'><strong>τὸν</strong></span> 
     </span>
    </p>
   </div>
   <div class='ocr_carea' id='block_1_64' title="bbox 2211 3289 2528 3361">
    <p class='ocr_par' dir='ltr' id='par_1_64' title="bbox 2211 3289 2528 3361">
     <span class='ocr_line' id='line_1_64' title="bbox 2211 3289 2528 3361; baseline -0.006 -18"><span class='ocrx_word' id='word_1_421' title='bbox 2211 3289 2467 3361; x_wconf 86' lang='grc' dir='ltr'>Χριστόν.</span> <span class='ocrx_word' id='word_1_422' title='bbox 2511 3308 2528 3341; x_wconf 77' lang='grc' dir='ltr'>ι</span> 
     </span>
    </p>
   </div>
   <div class='ocr_carea' id='block_1_65' title="bbox 586 3364 2103 3457">
    <p class='ocr_par' dir='ltr' id='par_1_65' title="bbox 586 3381 2103 3456">
     <span class='ocr_line' id='line_1_65' title="bbox 586 3381 2103 3456; baseline -0.001 -16"><span class='ocrx_word' id='word_1_423' title='bbox 586 3384 831 3440; x_wconf 79' lang='lat' dir='ltr'><strong>Avaritia</strong></span> <span class='ocrx_word' id='word_1_424' title='bbox 860 3382 1214 3440; x_wconf 85' lang='lat' dir='ltr'><strong>dilectionem</strong></span> <span class='ocrx_word' id='word_1_425' title='bbox 1239 3381 1428 3440; x_wconf 85' lang='lat' dir='ltr'><strong>carnis</strong></span> <span class='ocrx_word' id='word_1_426' title='bbox 1459 3383 1782 3441; x_wconf 85' lang='lat' dir='ltr'><strong>necessario</strong></span> <span class='ocrx_word' id='word_1_427' title='bbox 1807 3386 2103 3456; x_wconf 82' lang='lat' dir='ltr'><strong>consequi-</strong></span> 
     </span>
    </p>
   </div>
   <div class='ocr_carea' id='block_1_66' title="bbox 2216 3364 3783 3457">
    <p class='ocr_par' dir='ltr' id='par_1_66' title="bbox 2286 3381 3783 3457">
     <span class='ocr_line' id='line_1_66' title="bbox 2286 3381 3783 3457; baseline 0 -21"><span class='ocrx_word' id='word_1_428' title='bbox 2286 3382 2575 3449; x_wconf 82' lang='grc' dir='ltr'>Πλεονεξία</span> <span class='ocrx_word' id='word_1_429' title='bbox 2606 3381 2969 3455; x_wconf 81' lang='grc' dir='ltr'>φιλοσαρκίας</span> <span class='ocrx_word' id='word_1_430' title='bbox 3020 3382 3169 3440; x_wconf 72' lang='grc' dir='ltr'>ἐστὶν</span> <span class='ocrx_word' id='word_1_431' title='bbox 3212 3383 3522 3455; x_wconf 74' lang='grc' dir='ltr'>ἀναγκαῖον</span> <span class='ocrx_word' id='word_1_432' title='bbox 3554 3399 3783 3457; x_wconf 58' lang='lat' dir='ltr'><strong>mpsim.</strong></span> 
     </span>
    </p>
   </div>
   <div class='ocr_carea' id='block_1_67' title="bbox 519 3476 2106 3551">
    <p class='ocr_par' dir='ltr' id='par_1_67' title="bbox 519 3476 2106 3551">
     <span class='ocr_line' id='line_1_67' title="bbox 519 3476 2106 3551; baseline -0.001 -18"><span class='ocrx_word' id='word_1_433' title='bbox 519 3488 638 3544; x_wconf 83' lang='lat' dir='ltr'><strong>tur;</strong></span> <span class='ocrx_word' id='word_1_434' title='bbox 693 3477 823 3551; x_wconf 86' lang='lat' dir='ltr'><strong>quia</strong></span> <span class='ocrx_word' id='word_1_435' title='bbox 884 3478 1233 3535; x_wconf 87' lang='lat' dir='ltr'><strong>tantumdem</strong></span> <span class='ocrx_word' id='word_1_436' title='bbox 1296 3476 1505 3533; x_wconf 90' lang='lat' dir='ltr'><strong>habere</strong></span> <span class='ocrx_word' id='word_1_437' title='bbox 1562 3477 1819 3534; x_wconf 81' lang='lat' dir='ltr'><strong>homines</strong></span> <span class='ocrx_word' id='word_1_438' title='bbox 1878 3480 2106 3545; x_wconf 88' lang='lat' dir='ltr'><strong>volunt,</strong></span> 
     </span>
    </p>
   </div>
   <div class='ocr_carea' id='block_1_68' title="bbox 519 3568 1596 3645">
    <p class='ocr_par' dir='ltr' id='par_1_68' title="bbox 519 3568 1596 3645">
     <span class='ocr_line' id='line_1_68' title="bbox 519 3568 1596 3645; baseline -0.002 -17"><span class='ocrx_word' id='word_1_439' title='bbox 519 3579 789 3645; x_wconf 88' lang='lat' dir='ltr'><strong>quantum</strong></span> <span class='ocrx_word' id='word_1_440' title='bbox 826 3571 881 3625; x_wconf 92' lang='lat' dir='ltr'><strong>in</strong></span> <span class='ocrx_word' id='word_1_441' title='bbox 916 3570 1232 3642; x_wconf 87' lang='lat' dir='ltr'><strong>voluptates</strong></span> <span class='ocrx_word' id='word_1_442' title='bbox 1254 3568 1596 3641; x_wconf 66' lang='lat' dir='ltr'><strong>expendunt.</strong></span> 
     </span>
    </p>
   </div>
   <div class='ocr_carea' id='block_1_69' title="bbox 593 3661 2112 3736">
    <p class='ocr_par' dir='ltr' id='par_1_69' title="bbox 593 3661 2112 3736">
     <span class='ocr_line' id='line_1_69' title="bbox 593 3661 2112 3736; baseline 0.001 -16"><span class='ocrx_word' id='word_1_443' title='bbox 593 3664 757 3720; x_wconf 74' lang='lat' dir='ltr'><strong>Vens.</strong></span> <span class='ocrx_word' id='word_1_444' title='bbox 779 3662 973 3719; x_wconf 71' lang='lat'><strong>21-35.</strong></span> <span class='ocrx_word' id='word_1_445' title='bbox 1008 3680 1029 3716; x_wconf 80' lang='grc' dir='ltr'>ι</span> <span class='ocrx_word' id='word_1_446' title='bbox 1066 3662 1123 3718; x_wconf 89' lang='lat' dir='ltr'><strong>Si</strong></span> <span class='ocrx_word' id='word_1_447' title='bbox 1154 3669 1337 3719; x_wconf 89' lang='lat' dir='ltr'><strong>tamen</strong></span> <span class='ocrx_word' id='word_1_448' title='bbox 1370 3661 1523 3717; x_wconf 91' lang='lat' dir='ltr'><strong>illum</strong></span> <span class='ocrx_word' id='word_1_449' title='bbox 1547 3662 1805 3728; x_wconf 73' lang='lat' dir='ltr'><strong>audistis,</strong></span> <span class='ocrx_word' id='word_1_450' title='bbox 1831 3672 1885 3719; x_wconf 84' lang='lat' dir='ltr'><strong>et</strong></span> <span class='ocrx_word' id='word_1_451' title='bbox 1912 3664 1965 3718; x_wconf 87' lang='lat' dir='ltr'><strong>in</strong></span> <span class='ocrx_word' id='word_1_452' title='bbox 1992 3664 2112 3736; x_wconf 89' lang='lat' dir='ltr'><strong>ipso</strong></span> 
     </span>
    </p>
   </div>
   <div class='ocr_carea' id='block_1_70' title="bbox 519 3755 2103 3825">
    <p class='ocr_par' dir='ltr' id='par_1_70' title="bbox 519 3755 2103 3825">
     <span class='ocr_line' id='line_1_70' title="bbox 519 3755 2103 3825; baseline 0.001 -12"><span class='ocrx_word' id='word_1_453' title='bbox 519 3759 699 3815; x_wconf 80' lang='lat' dir='ltr'><strong>educti</strong></span> <span class='ocrx_word' id='word_1_454' title='bbox 731 3757 893 3823; x_wconf 88' lang='lat' dir='ltr'><strong>estis,</strong></span> <span class='ocrx_word' id='word_1_455' title='bbox 921 3757 1067 3814; x_wconf 88' lang='lat' dir='ltr'><strong>sicut</strong></span> <span class='ocrx_word' id='word_1_456' title='bbox 1097 3766 1185 3813; x_wconf 90' lang='lat' dir='ltr'><strong>est</strong></span> <span class='ocrx_word' id='word_1_457' title='bbox 1229 3755 1435 3813; x_wconf 85' lang='lat' dir='ltr'><strong>veritas</strong></span> <span class='ocrx_word' id='word_1_458' title='bbox 1466 3756 1521 3810; x_wconf 89' lang='lat' dir='ltr'><strong>in</strong></span> <span class='ocrx_word' id='word_1_459' title='bbox 1553 3756 1780 3812; x_wconf 87' lang='lat' dir='ltr'><strong>Christo</strong></span> <span class='ocrx_word' id='word_1_460' title='bbox 1807 3756 1959 3825; x_wconf 82' lang='lat' dir='ltr'><strong>Jesu,</strong></span> <span class='ocrx_word' id='word_1_461' title='bbox 2005 3759 2103 3815; x_wconf 78' lang='lat' dir='ltr'><strong>de-</strong></span> 
     </span>
    </p>
   </div>
   <div class='ocr_carea' id='block_1_71' title="bbox 524 3850 2113 3927">
    <p class='ocr_par' dir='ltr' id='par_1_71' title="bbox 524 3850 2113 3927">
     <span class='ocr_line' id='line_1_71' title="bbox 524 3850 2113 3927; baseline -0.003 -16"><span class='ocrx_word' id='word_1_462' title='bbox 524 3870 728 3927; x_wconf 89' lang='lat' dir='ltr'><strong>ponere</strong></span> <span class='ocrx_word' id='word_1_463' title='bbox 778 3866 874 3909; x_wconf 86' lang='lat' dir='ltr'><strong>vos</strong></span> <span class='ocrx_word' id='word_1_464' title='bbox 920 3850 1233 3908; x_wconf 90' lang='lat' dir='ltr'><strong>secundum</strong></span> <span class='ocrx_word' id='word_1_465' title='bbox 1287 3850 1574 3923; x_wconf 86' lang='lat' dir='ltr'><strong>pristinam</strong></span> <span class='ocrx_word' id='word_1_466' title='bbox 1635 3852 2113 3909; x_wconf 88' lang='lat' dir='ltr'><strong>conversationem</strong></span> 
     </span>
    </p>
   </div>
   <div class='ocr_carea' id='block_1_72' title="bbox 522 3943 2117 4015">
    <p class='ocr_par' dir='ltr' id='par_1_72' title="bbox 522 3943 2117 4015">
     <span class='ocr_line' id='line_1_72' title="bbox 522 3943 2117 4015; baseline -0.001 -12"><span class='ocrx_word' id='word_1_467' title='bbox 522 3958 762 4005; x_wconf 88' lang='lat' dir='ltr'><strong>veterem</strong></span> <span class='ocrx_word' id='word_1_468' title='bbox 800 3946 1107 4012; x_wconf 80' lang='lat' dir='ltr'><strong>hominem,</strong></span> <span class='ocrx_word' id='word_1_469' title='bbox 1139 3943 1237 4015; x_wconf 93' lang='lat' dir='ltr'><strong>qui</strong></span> <span class='ocrx_word' id='word_1_470' title='bbox 1273 3944 1655 4015; x_wconf 87' lang='lat' dir='ltr'><strong>corrumpitur</strong></span> <span class='ocrx_word' id='word_1_471' title='bbox 1682 3943 1992 4001; x_wconf 87' lang='lat' dir='ltr'><strong>secundum</strong></span> <span class='ocrx_word' id='word_1_472' title='bbox 2020 3946 2117 4002; x_wconf 91' lang='lat' dir='ltr'><strong>de-</strong></span> 
     </span>
    </p>
   </div>
   <div class='ocr_carea' id='block_1_73' title="bbox 524 4037 2115 4109">
    <p class='ocr_par' dir='ltr' id='par_1_73' title="bbox 524 4037 2115 4109">
     <span class='ocr_line' id='line_1_73' title="bbox 524 4037 2115 4109; baseline -0.003 -10"><span class='ocrx_word' id='word_1_473' title='bbox 524 4041 727 4099; x_wconf 87' lang='lat' dir='ltr'><strong>sideria</strong></span> <span class='ocrx_word' id='word_1_474' title='bbox 781 4038 1015 4097; x_wconf 71' lang='lat' dir='ltr'><strong>erroris.</strong></span> <span class='ocrx_word' id='word_1_475' title='bbox 1071 4037 1347 4095; x_wconf 80' lang='lat' dir='ltr'><strong>Renovari</strong></span> <span class='ocrx_word' id='word_1_476' title='bbox 1410 4045 1592 4094; x_wconf 89' lang='lat' dir='ltr'><strong>autem</strong></span> <span class='ocrx_word' id='word_1_477' title='bbox 1649 4037 1850 4109; x_wconf 88' lang='lat' dir='ltr'><strong>spiritu</strong></span> <span class='ocrx_word' id='word_1_478' title='bbox 1916 4037 2115 4094; x_wconf 83' lang='lat' dir='ltr'><strong>mentis</strong></span> 
     </span>
    </p>
   </div>
   <div class='ocr_carea' id='block_1_74' title="bbox 526 4129 2111 4202">
    <p class='ocr_par' dir='ltr' id='par_1_74' title="bbox 526 4129 2111 4202">
     <span class='ocr_line' id='line_1_74' title="bbox 526 4129 2111 4202; baseline -0.003 -12"><span class='ocrx_word' id='word_1_479' title='bbox 526 4142 746 4202; x_wconf 73' lang='lat' dir='ltr'><strong>vestrm,</strong></span> <span class='ocrx_word' id='word_1_480' title='bbox 787 4144 841 4191; x_wconf 88' lang='lat' dir='ltr'><strong>et</strong></span> <span class='ocrx_word' id='word_1_481' title='bbox 874 4131 1109 4189; x_wconf 90' lang='lat' dir='ltr'><strong>induere</strong></span> <span class='ocrx_word' id='word_1_482' title='bbox 1141 4145 1341 4186; x_wconf 88' lang='lat' dir='ltr'><strong>novum</strong></span> <span class='ocrx_word' id='word_1_483' title='bbox 1374 4129 1650 4186; x_wconf 83' lang='lat' dir='ltr'><strong>hominem</strong></span> <span class='ocrx_word' id='word_1_484' title='bbox 1684 4130 1781 4202; x_wconf 90' lang='lat' dir='ltr'><strong>qui</strong></span> <span class='ocrx_word' id='word_1_485' title='bbox 1811 4130 2111 4186; x_wconf 85' lang='lat' dir='ltr'><strong>secundum</strong></span> 
     </span>
    </p>
   </div>
   <div class='ocr_carea' id='block_1_75' title="bbox 528 4223 2111 4295">
    <p class='ocr_par' dir='ltr' id='par_1_75' title="bbox 528 4223 2111 4295">
     <span class='ocr_line' id='line_1_75' title="bbox 528 4223 2111 4295; baseline -0.004 -9"><span class='ocrx_word' id='word_1_486' title='bbox 528 4230 694 4286; x_wconf 90' lang='lat' dir='ltr'><strong>Deum</strong></span> <span class='ocrx_word' id='word_1_487' title='bbox 726 4238 944 4284; x_wconf 85' lang='lat' dir='ltr'><strong>creatus</strong></span> <span class='ocrx_word' id='word_1_488' title='bbox 968 4233 1052 4283; x_wconf 83' lang='lat' dir='ltr'><strong>est</strong></span> <span class='ocrx_word' id='word_1_489' title='bbox 1082 4225 1136 4281; x_wconf 89' lang='lat' dir='ltr'><strong>in</strong></span> <span class='ocrx_word' id='word_1_490' title='bbox 1172 4224 1390 4295; x_wconf 75' lang='lat' dir='ltr'><strong>iustitia</strong></span> <span class='ocrx_word' id='word_1_491' title='bbox 1424 4230 1480 4279; x_wconf 91' lang='lat' dir='ltr'><strong>et</strong></span> <span class='ocrx_word' id='word_1_492' title='bbox 1512 4223 1815 4279; x_wconf 85' lang='lat' dir='ltr'><strong>sanctitate</strong></span> <span class='ocrx_word' id='word_1_493' title='bbox 1839 4224 2111 4279; x_wconf 87' lang='lat' dir='ltr'><strong>veritatis.</strong></span> 
     </span>
    </p>
   </div>
   <div class='ocr_carea' id='block_1_76' title="bbox 530 4316 2115 4395">
    <p class='ocr_par' dir='ltr' id='par_1_76' title="bbox 530 4316 2115 4395">
     <span class='ocr_line' id='line_1_76' title="bbox 530 4316 2115 4395; baseline -0.003 -18"><span class='ocrx_word' id='word_1_494' title='bbox 530 4324 757 4395; x_wconf 80' lang='lat' dir='ltr'><strong>Propter</strong></span> <span class='ocrx_word' id='word_1_495' title='bbox 805 4321 953 4393; x_wconf 90' lang='lat' dir='ltr'><strong>quod</strong></span> <span class='ocrx_word' id='word_1_496' title='bbox 1006 4319 1348 4391; x_wconf 87' lang='lat' dir='ltr'><strong>dcponentes</strong></span> <span class='ocrx_word' id='word_1_497' title='bbox 1399 4317 1768 4383; x_wconf 81' lang='lat' dir='ltr'><strong>mendacium,</strong></span> <span class='ocrx_word' id='word_1_498' title='bbox 1825 4316 2115 4387; x_wconf 88' lang='lat' dir='ltr'><strong>loquimini</strong></span> 
     </span>
    </p>
   </div>
   <div class='ocr_carea' id='block_1_77' title="bbox 529 4412 2113 4487">
    <p class='ocr_par' dir='ltr' id='par_1_77' title="bbox 529 4412 2113 4487">
     <span class='ocr_line' id='line_1_77' title="bbox 529 4412 2113 4487; baseline -0.003 -15"><span class='ocrx_word' id='word_1_499' title='bbox 529 4418 812 4474; x_wconf 87' lang='lat' dir='ltr'><strong>veritatem</strong></span> <span class='ocrx_word' id='word_1_500' title='bbox 846 4413 1233 4487; x_wconf 89' lang='lat' dir='ltr'><strong>unusquisque</strong></span> <span class='ocrx_word' id='word_1_501' title='bbox 1264 4425 1389 4468; x_wconf 88' lang='lat' dir='ltr'><strong>cum</strong></span> <span class='ocrx_word' id='word_1_502' title='bbox 1417 4412 1672 4482; x_wconf 81' lang='lat' dir='ltr'><strong>proximo</strong></span> <span class='ocrx_word' id='word_1_503' title='bbox 1701 4426 1825 4475; x_wconf 89' lang='lat' dir='ltr'><strong>suo,</strong></span> <span class='ocrx_word' id='word_1_504' title='bbox 1851 4412 2113 4484; x_wconf 89' lang='lat' dir='ltr'><strong>quoniam</strong></span> 
     </span>
    </p>
   </div>
   <div class='ocr_carea' id='block_1_78' title="bbox 530 4506 1355 4569">
    <p class='ocr_par' dir='ltr' id='par_1_78' title="bbox 530 4506 1355 4569">
     <span class='ocr_line' id='line_1_78' title="bbox 530 4506 1355 4569; baseline -0.015 0"><span class='ocrx_word' id='word_1_505' title='bbox 530 4526 721 4569; x_wconf 78' lang='lat' dir='ltr'><strong>sumus</strong></span> <span class='ocrx_word' id='word_1_506' title='bbox 758 4510 995 4567; x_wconf 88' lang='lat' dir='ltr'><strong>invicem</strong></span> <span class='ocrx_word' id='word_1_507' title='bbox 1027 4506 1293 4563; x_wconf 89' lang='lat' dir='ltr'><strong>membra.</strong></span> <span class='ocrx_word' id='word_1_508' title='bbox 1336 4524 1355 4557; x_wconf 79' lang='grc' dir='ltr'>ι</span> 
     </span>
    </p>
   </div>
   <div class='ocr_carea' id='block_1_79' title="bbox 602 4598 2116 4671">
    <p class='ocr_par' dir='ltr' id='par_1_79' title="bbox 602 4598 2116 4671">
     <span class='ocr_line' id='line_1_79' title="bbox 602 4598 2116 4671; baseline -0.005 -9"><span class='ocrx_word' id='word_1_509' title='bbox 602 4606 662 4662; x_wconf 91' lang='lat' dir='ltr'><strong>ln</strong></span> <span class='ocrx_word' id='word_1_510' title='bbox 695 4607 838 4662; x_wconf 87' lang='lat' dir='ltr'><strong>hunc</strong></span> <span class='ocrx_word' id='word_1_511' title='bbox 865 4602 1087 4659; x_wconf 87' lang='lat' dir='ltr'><strong>modum</strong></span> <span class='ocrx_word' id='word_1_512' title='bbox 1116 4599 1385 4671; x_wconf 84' lang='lat' dir='ltr'><strong>loquitur,</strong></span> <span class='ocrx_word' id='word_1_513' title='bbox 1410 4598 1536 4671; x_wconf 86' lang='lat' dir='ltr'><strong>quia</strong></span> <span class='ocrx_word' id='word_1_514' title='bbox 1571 4613 1679 4655; x_wconf 90' lang='lat' dir='ltr'><strong>non</strong></span> <span class='ocrx_word' id='word_1_515' title='bbox 1713 4599 1783 4655; x_wconf 91' lang='lat' dir='ltr'><strong>ab</strong></span> <span class='ocrx_word' id='word_1_516' title='bbox 1811 4599 1975 4671; x_wconf 74' lang='lat'><strong>188</strong></span> <span class='ocrx_word' id='word_1_517' title='bbox 1995 4598 2116 4671; x_wconf 89' lang='lat' dir='ltr'><strong>ipso</strong></span> 
     </span>
    </p>
   </div>
   <div class='ocr_carea' id='block_1_80' title="bbox 2212 3473 3787 3552">
    <p class='ocr_par' dir='ltr' id='par_1_80' title="bbox 2212 3473 3787 3552">
     <span class='ocr_line' id='line_1_80' title="bbox 2212 3473 3787 3552; baseline 0.002 -25"><span class='ocrx_word' id='word_1_518' title='bbox 2212 3473 2483 3545; x_wconf 84' lang='grc' dir='ltr'>λούθημα,</span> <span class='ocrx_word' id='word_1_519' title='bbox 2524 3473 2613 3530; x_wconf 83' lang='grc' dir='ltr'>διὰ</span> <span class='ocrx_word' id='word_1_520' title='bbox 2662 3474 2726 3529; x_wconf 70' lang='grc' dir='ltr'>τὸ</span> <span class='ocrx_word' id='word_1_521' title='bbox 2763 3476 3018 3532; x_wconf 79' lang='grc' dir='ltr'>τοσοῦτον</span> <span class='ocrx_word' id='word_1_522' title='bbox 3071 3477 3281 3535; x_wconf 71' lang='grc' dir='ltr'>ὲθὲλειν</span> <span class='ocrx_word' id='word_1_523' title='bbox 3321 3477 3493 3552; x_wconf 66' lang='grc' dir='ltr'>ἔχειν,</span> <span class='ocrx_word' id='word_1_524' title='bbox 3529 3478 3693 3535; x_wconf 81' lang='grc' dir='ltr'>πόθεν</span> <span class='ocrx_word' id='word_1_525' title='bbox 3718 3479 3787 3541; x_wconf 78' lang='grc' dir='ltr'>εις</span> 
     </span>
    </p>
   </div>
   <div class='ocr_carea' id='block_1_81' title="bbox 2212 3566 2950 3639">
    <p class='ocr_par' dir='ltr' id='par_1_81' title="bbox 2212 3566 2950 3639">
     <span class='ocr_line' id='line_1_81' title="bbox 2212 3566 2950 3639; baseline 0.005 -18"><span class='ocrx_word' id='word_1_526' title='bbox 2212 3566 2309 3633; x_wconf 81' lang='grc' dir='ltr'>τὰς</span> <span class='ocrx_word' id='word_1_527' title='bbox 2334 3567 2530 3639; x_wconf 70' lang='grc' dir='ltr'>ἡδονὰς</span> <span class='ocrx_word' id='word_1_528' title='bbox 2554 3567 2950 3625; x_wconf 84' lang='grc' dir='ltr'>ἀναλώσουσιν.</span> 
     </span>
    </p>
   </div>
   <div class='ocr_carea' id='block_1_82' title="bbox 2292 3660 3786 3737">
    <p class='ocr_par' dir='ltr' id='par_1_82' title="bbox 2292 3660 3786 3737">
     <span class='ocr_line' id='line_1_82' title="bbox 2292 3660 3786 3737; baseline 0.002 -23"><span class='ocrx_word' id='word_1_529' title='bbox 2292 3684 2309 3713; x_wconf 76' lang='grc' dir='ltr'>ι</span> <span class='ocrx_word' id='word_1_530' title='bbox 2347 3660 2414 3715; x_wconf 78' lang='grc' dir='ltr'><strong>Εἴ</strong></span> <span class='ocrx_word' id='word_1_531' title='bbox 2436 3677 2498 3730; x_wconf 83' lang='grc' dir='ltr'><strong>γε</strong></span> <span class='ocrx_word' id='word_1_532' title='bbox 2534 3660 2700 3717; x_wconf 77' lang='grc' dir='ltr'>αὐτὸν</span> <span class='ocrx_word' id='word_1_533' title='bbox 2730 3661 3028 3733; x_wconf 78' lang='grc' dir='ltr'>ἠκούσατε,</span> <span class='ocrx_word' id='word_1_534' title='bbox 3060 3665 3155 3719; x_wconf 79' lang='grc' dir='ltr'>καὶ</span> <span class='ocrx_word' id='word_1_535' title='bbox 3180 3664 3240 3721; x_wconf 71' lang='grc' dir='ltr'><strong>δν</strong></span> <span class='ocrx_word' id='word_1_536' title='bbox 3286 3662 3441 3737; x_wconf 74' lang='grc' dir='ltr'>αὑτῷ</span> <span class='ocrx_word' id='word_1_537' title='bbox 3461 3663 3786 3736; x_wconf 75' lang='grc' dir='ltr'>ἐδιδάχθητε.</span> 
     </span>
    </p>
   </div>
   <div class='ocr_carea' id='block_1_83' title="bbox 2215 3749 3784 3829">
    <p class='ocr_par' dir='ltr' id='par_1_83' title="bbox 2215 3749 3784 3829">
     <span class='ocr_line' id='line_1_83' title="bbox 2215 3749 3784 3829; baseline 0.003 -24"><span class='ocrx_word' id='word_1_538' title='bbox 2215 3749 2401 3815; x_wconf 84' lang='grc' dir='ltr'>καθώς</span> <span class='ocrx_word' id='word_1_539' title='bbox 2432 3752 2580 3804; x_wconf 76' lang='grc' dir='ltr'>ἐστιν</span> <span class='ocrx_word' id='word_1_540' title='bbox 2606 3751 2836 3825; x_wconf 83' lang='grc' dir='ltr'>ἀλήθεια</span> <span class='ocrx_word' id='word_1_541' title='bbox 2864 3753 2922 3808; x_wconf 67' lang='grc' dir='ltr'>ἐν</span> <span class='ocrx_word' id='word_1_542' title='bbox 2954 3751 3033 3825; x_wconf 80' lang='grc' dir='ltr'>τῷ</span> <span class='ocrx_word' id='word_1_543' title='bbox 3072 3754 3275 3828; x_wconf 76' lang='grc' dir='ltr'>Ἰησοῦ,</span> <span class='ocrx_word' id='word_1_544' title='bbox 3310 3756 3624 3812; x_wconf 82' lang='grc' dir='ltr'>ἀποθέσθαι</span> <span class='ocrx_word' id='word_1_545' title='bbox 3656 3756 3784 3829; x_wconf 78' lang='grc' dir='ltr'>ὑμᾶς</span> 
     </span>
    </p>
   </div>
   <div class='ocr_carea' id='block_1_84' title="bbox 2216 3842 3789 3921">
    <p class='ocr_par' dir='ltr' id='par_1_84' title="bbox 2216 3842 3789 3921">
     <span class='ocr_line' id='line_1_84' title="bbox 2216 3842 3789 3921; baseline 0.006 -23"><span class='ocrx_word' id='word_1_546' title='bbox 2216 3842 2361 3899; x_wconf 86' lang='grc' dir='ltr'>κατὰ</span> <span class='ocrx_word' id='word_1_547' title='bbox 2385 3843 2488 3917; x_wconf 79' lang='grc' dir='ltr'><strong>τὴν</strong></span> <span class='ocrx_word' id='word_1_548' title='bbox 2518 3845 2791 3918; x_wconf 74' lang='grc' dir='ltr'>προτέραν</span> <span class='ocrx_word' id='word_1_549' title='bbox 2815 3846 3166 3921; x_wconf 76' lang='grc' dir='ltr'>ἀναστροφὴν</span> <span class='ocrx_word' id='word_1_550' title='bbox 3190 3849 3280 3904; x_wconf 75' lang='grc' dir='ltr'>τὸν</span> <span class='ocrx_word' id='word_1_551' title='bbox 3329 3848 3566 3905; x_wconf 81' lang='grc' dir='ltr'>παλαιὸν</span> <span class='ocrx_word' id='word_1_552' title='bbox 3595 3849 3789 3920; x_wconf 75' lang='grc' dir='ltr'>ἀνθρω-</span> 
     </span>
    </p>
   </div>
   <div class='ocr_carea' id='block_1_85' title="bbox 2218 3938 3790 4016">
    <p class='ocr_par' dir='ltr' id='par_1_85' title="bbox 2218 3938 3790 4016">
     <span class='ocr_line' id='line_1_85' title="bbox 2218 3938 3790 4016; baseline 0.002 -23"><span class='ocrx_word' id='word_1_553' title='bbox 2218 3955 2339 4003; x_wconf 85' lang='grc' dir='ltr'>πον,</span> <span class='ocrx_word' id='word_1_554' title='bbox 2363 3938 2454 3992; x_wconf 83' lang='grc' dir='ltr'>τὸν</span> <span class='ocrx_word' id='word_1_555' title='bbox 2482 3939 2843 4012; x_wconf 75' lang='grc' dir='ltr'>φθειρόμενον</span> <span class='ocrx_word' id='word_1_556' title='bbox 2887 3943 3030 3998; x_wconf 80' lang='grc' dir='ltr'><strong>κατά</strong></span> <span class='ocrx_word' id='word_1_557' title='bbox 3058 3943 3159 4008; x_wconf 71' lang='grc' dir='ltr'><strong>τὰς</strong></span> <span class='ocrx_word' id='word_1_558' title='bbox 3190 3942 3495 4016; x_wconf 61' lang='grc' dir='ltr'>ἐπιθυμίας</span> <span class='ocrx_word' id='word_1_559' title='bbox 3525 3942 3628 4015; x_wconf 76' lang='grc' dir='ltr'>τῆς</span> <span class='ocrx_word' id='word_1_560' title='bbox 3661 3943 3790 3997; x_wconf 71' lang='grc' dir='ltr'>ἀπά-</span> 
     </span>
    </p>
   </div>
   <div class='ocr_carea' id='block_1_86' title="bbox 2223 4034 3789 4109">
    <p class='ocr_par' dir='ltr' id='par_1_86' title="bbox 2223 4034 3789 4109">
     <span class='ocr_line' id='line_1_86' title="bbox 2223 4034 3789 4109; baseline 0.001 -22"><span class='ocrx_word' id='word_1_561' title='bbox 2223 4050 2343 4105; x_wconf 85' lang='grc' dir='ltr'>της.</span> <span class='ocrx_word' id='word_1_562' title='bbox 2387 4034 2775 4089; x_wconf 76' lang='grc' dir='ltr'>Ἀνανεοῧσθαι</span> <span class='ocrx_word' id='word_1_563' title='bbox 2801 4034 2859 4090; x_wconf 82' lang='grc' dir='ltr'>δὲ</span> <span class='ocrx_word' id='word_1_564' title='bbox 2886 4035 2965 4107; x_wconf 80' lang='grc' dir='ltr'>τῷ</span> <span class='ocrx_word' id='word_1_565' title='bbox 3018 4036 3291 4109; x_wconf 82' lang='grc' dir='ltr'>πνεύματι</span> <span class='ocrx_word' id='word_1_566' title='bbox 3343 4038 3440 4093; x_wconf 76' lang='grc' dir='ltr'><strong>τοῦ</strong></span> <span class='ocrx_word' id='word_1_567' title='bbox 3478 4039 3598 4103; x_wconf 72' lang='grc' dir='ltr'>νοὸς</span> <span class='ocrx_word' id='word_1_568' title='bbox 3626 4034 3789 4107; x_wconf 78' lang='grc' dir='ltr'>ὑμῶν,</span> 
     </span>
    </p>
   </div>
   <div class='ocr_carea' id='block_1_87' title="bbox 2218 4127 3793 4201">
    <p class='ocr_par' dir='ltr' id='par_1_87' title="bbox 2218 4127 3793 4201">
     <span class='ocr_line' id='line_1_87' title="bbox 2218 4127 3793 4201; baseline -0.002 -18"><span class='ocrx_word' id='word_1_569' title='bbox 2218 4130 2310 4183; x_wconf 78' lang='grc' dir='ltr'><strong>καὶ</strong></span> <span class='ocrx_word' id='word_1_570' title='bbox 2341 4127 2665 4183; x_wconf 70' lang='grc' dir='ltr'>ἐνδύσασθαι</span> <span class='ocrx_word' id='word_1_571' title='bbox 2684 4129 2775 4182; x_wconf 69' lang='grc' dir='ltr'>τὸν</span> <span class='ocrx_word' id='word_1_572' title='bbox 2803 4128 2988 4183; x_wconf 78' lang='grc' dir='ltr'>καινὸν</span> <span class='ocrx_word' id='word_1_573' title='bbox 3015 4130 3323 4201; x_wconf 78' lang='grc' dir='ltr'>ἄνθρωπον,</span> <span class='ocrx_word' id='word_1_574' title='bbox 3368 4130 3463 4185; x_wconf 84' lang='grc' dir='ltr'>τὸν</span> <span class='ocrx_word' id='word_1_575' title='bbox 3508 4128 3654 4186; x_wconf 83' lang='grc' dir='ltr'><strong>κατά</strong></span> <span class='ocrx_word' id='word_1_576' title='bbox 3674 4127 3793 4184; x_wconf 76' lang='grc' dir='ltr'>Θεὸν</span> 
     </span>
    </p>
   </div>
   <div class='ocr_carea' id='block_1_88' title="bbox 2218 4221 3791 4297">
    <p class='ocr_par' dir='ltr' id='par_1_88' title="bbox 2218 4221 3791 4297">
     <span class='ocr_line' id='line_1_88' title="bbox 2218 4221 3791 4297; baseline 0.001 -22"><span class='ocrx_word' id='word_1_577' title='bbox 2218 4222 2507 4276; x_wconf 81' lang='grc' dir='ltr'>κτισθέντα</span> <span class='ocrx_word' id='word_1_578' title='bbox 2534 4223 2591 4275; x_wconf 82' lang='grc' dir='ltr'>ὲν</span> <span class='ocrx_word' id='word_1_579' title='bbox 2623 4221 2964 4297; x_wconf 76' lang='grc' dir='ltr'>δικαιοσύνῃ,</span> <span class='ocrx_word' id='word_1_580' title='bbox 2998 4225 3094 4279; x_wconf 72' lang='grc' dir='ltr'>καὶ</span> <span class='ocrx_word' id='word_1_581' title='bbox 3123 4223 3371 4295; x_wconf 81' lang='grc' dir='ltr'>ὁσιότητι</span> <span class='ocrx_word' id='word_1_582' title='bbox 3391 4225 3493 4291; x_wconf 80' lang='grc' dir='ltr'>τῆς</span> <span class='ocrx_word' id='word_1_583' title='bbox 3521 4222 3791 4295; x_wconf 82' lang='grc' dir='ltr'>ἀληθείας.</span> 
     </span>
    </p>
   </div>
   <div class='ocr_carea' id='block_1_89' title="bbox 2217 4315 3795 4390">
    <p class='ocr_par' dir='ltr' id='par_1_89' title="bbox 2217 4315 3795 4390">
     <span class='ocr_line' id='line_1_89' title="bbox 2217 4315 3795 4390; baseline 0 -20"><span class='ocrx_word' id='word_1_584' title='bbox 2217 4316 2310 4370; x_wconf 79' lang='grc' dir='ltr'><strong>Διὸ</strong></span> <span class='ocrx_word' id='word_1_585' title='bbox 2364 4315 2697 4389; x_wconf 83' lang='grc' dir='ltr'>ἀποθέμενοι</span> <span class='ocrx_word' id='word_1_586' title='bbox 2726 4316 2786 4370; x_wconf 79' lang='grc' dir='ltr'>τὸ</span> <span class='ocrx_word' id='word_1_587' title='bbox 2814 4315 3032 4388; x_wconf 81' lang='grc' dir='ltr'>ψεῦδος,</span> <span class='ocrx_word' id='word_1_588' title='bbox 3083 4318 3299 4373; x_wconf 77' lang='grc' dir='ltr'>λαλεῖτε</span> <span class='ocrx_word' id='word_1_589' title='bbox 3354 4318 3624 4390; x_wconf 78' lang='grc' dir='ltr'>ἀλήθειαν</span> <span class='ocrx_word' id='word_1_590' title='bbox 3672 4316 3795 4371; x_wconf 68' lang='lat' dir='ltr'><strong>lxa-</strong></span> 
     </span>
    </p>
   </div>
   <div class='ocr_carea' id='block_1_90' title="bbox 2220 4409 3797 4485">
    <p class='ocr_par' dir='ltr' id='par_1_90' title="bbox 2220 4409 3797 4485">
     <span class='ocr_line' id='line_1_90' title="bbox 2220 4409 3797 4485; baseline -0.002 -22"><span class='ocrx_word' id='word_1_591' title='bbox 2220 4426 2345 4475; x_wconf 85' lang='grc' dir='ltr'>στος</span> <span class='ocrx_word' id='word_1_592' title='bbox 2382 4409 2520 4483; x_wconf 77' lang='grc' dir='ltr'>μετὰ</span> <span class='ocrx_word' id='word_1_593' title='bbox 2565 4409 2659 4464; x_wconf 77' lang='grc' dir='ltr'>τοῦ</span> <span class='ocrx_word' id='word_1_594' title='bbox 2714 4412 2943 4485; x_wconf 86' lang='grc' dir='ltr'>πλησίον</span> <span class='ocrx_word' id='word_1_595' title='bbox 2985 4411 3175 4479; x_wconf 77' lang='grc' dir='ltr'>αὐτοῦ,</span> <span class='ocrx_word' id='word_1_596' title='bbox 3222 4411 3306 4466; x_wconf 84' lang='grc' dir='ltr'><strong>ὅτι</strong></span> <span class='ocrx_word' id='word_1_597' title='bbox 3346 4410 3521 4484; x_wconf 69' lang='grc' dir='ltr'>ἐσμὲν</span> <span class='ocrx_word' id='word_1_598' title='bbox 3559 4409 3797 4483; x_wconf 79' lang='grc' dir='ltr'>ἀλλήλων</span> 
     </span>
    </p>
   </div>
   <div class='ocr_carea' id='block_1_91' title="bbox 2222 4504 2435 4576">
    <p class='ocr_par' dir='ltr' id='par_1_91' title="bbox 2222 4504 2435 4576">
     <span class='ocr_line' id='line_1_91' title="bbox 2222 4504 2435 4576; baseline -0.005 -18"><span class='ocrx_word' id='word_1_599' title='bbox 2222 4504 2379 4576; x_wconf 80' lang='grc' dir='ltr'>μέλη.</span> <span class='ocrx_word' id='word_1_600' title='bbox 2414 4523 2435 4557; x_wconf 77' lang='grc' dir='ltr'>ι</span> 
     </span>
    </p>
   </div>
   <div class='ocr_carea' id='block_1_92' title="bbox 2288 4597 3801 4672">
    <p class='ocr_par' dir='ltr' id='par_1_92' title="bbox 2288 4597 3801 4672">
     <span class='ocr_line' id='line_1_92' title="bbox 2288 4597 3801 4672; baseline 0.003 -19"><span class='ocrx_word' id='word_1_601' title='bbox 2288 4597 2461 4653; x_wconf 75' lang='grc' dir='ltr'>Τοῦτό</span> <span class='ocrx_word' id='word_1_602' title='bbox 2492 4616 2681 4670; x_wconf 81' lang='grc' dir='ltr'>φησιν,</span> <span class='ocrx_word' id='word_1_603' title='bbox 2717 4598 2907 4669; x_wconf 77' lang='grc' dir='ltr'>ἐπειδὴ</span> <span class='ocrx_word' id='word_1_604' title='bbox 2957 4602 3020 4657; x_wconf 80' lang='grc' dir='ltr'>οὗ</span> <span class='ocrx_word' id='word_1_605' title='bbox 3070 4602 3202 4672; x_wconf 81' lang='grc' dir='ltr'>παρ’</span> <span class='ocrx_word' id='word_1_606' title='bbox 3247 4598 3419 4655; x_wconf 81' lang='grc' dir='ltr'>αὐτοῦ</span> <span class='ocrx_word' id='word_1_607' title='bbox 3466 4597 3801 4671; x_wconf 77' lang='grc' dir='ltr'>διδαχθέντες</span> 
     </span>
    </p>
   </div>
   <div class='ocr_carea' id='block_1_93' title="bbox 534 4680 2103 4795">
    <p class='ocr_par' dir='ltr' id='par_1_93' title="bbox 534 4692 2103 4765">
     <span class='ocr_line' id='line_1_93' title="bbox 534 4692 2103 4765; baseline -0.004 -9"><span class='ocrx_word' id='word_1_608' title='bbox 534 4708 696 4756; x_wconf 83' lang='lat' dir='ltr'><strong>erant</strong></span> <span class='ocrx_word' id='word_1_609' title='bbox 728 4697 936 4763; x_wconf 91' lang='lat' dir='ltr'><strong>edocti,</strong></span> <span class='ocrx_word' id='word_1_610' title='bbox 970 4695 1066 4753; x_wconf 88' lang='lat' dir='ltr'><strong>sed</strong></span> <span class='ocrx_word' id='word_1_611' title='bbox 1099 4710 1129 4749; x_wconf 80' lang='grc' dir='ltr'>ιι</span> <span class='ocrx_word' id='word_1_612' title='bbox 1168 4692 1381 4750; x_wconf 79' lang='lat' dir='ltr'><strong>Joanne</strong></span> <span class='ocrx_word' id='word_1_613' title='bbox 1412 4694 1765 4765; x_wconf 81' lang='lat' dir='ltr'><strong>evangelista.</strong></span> <span class='ocrx_word' id='word_1_614' title='bbox 1816 4694 1908 4748; x_wconf 85' lang='lat' dir='ltr'><strong>Ait</strong></span> <span class='ocrx_word' id='word_1_615' title='bbox 1944 4709 2103 4763; x_wconf 77' lang='lat' dir='ltr'><strong>ergo:</strong></span> 
     </span>
    </p>
   </div>
   <div class='ocr_carea' id='block_1_94' title="bbox 2216 4680 3804 4795">
    <p class='ocr_par' dir='ltr' id='par_1_94' title="bbox 2218 4680 3804 4767">
     <span class='ocr_line' id='line_1_94' title="bbox 2218 4680 3804 4767; baseline -0.006 -18"><span class='ocrx_word' id='word_1_616' title='bbox 2218 4693 2381 4767; x_wconf 79' lang='grc' dir='ltr'>ἦσαν,</span> <span class='ocrx_word' id='word_1_617' title='bbox 2418 4692 2556 4748; x_wconf 83' lang='grc' dir='ltr'>ἀλλὰ</span> <span class='ocrx_word' id='word_1_618' title='bbox 2584 4692 2773 4766; x_wconf 76' lang='grc' dir='ltr'>παρὰὶ</span> <span class='ocrx_word' id='word_1_619' title='bbox 2806 4694 2903 4749; x_wconf 76' lang='grc' dir='ltr'>τοῦ</span> <span class='ocrx_word' id='word_1_620' title='bbox 2961 4696 3208 4749; x_wconf 79' lang='grc' dir='ltr'>Ἰωάννου</span> <span class='ocrx_word' id='word_1_621' title='bbox 3239 4694 3337 4748; x_wconf 80' lang='grc' dir='ltr'><strong>τοῦ</strong></span> <span class='ocrx_word' id='word_1_622' title='bbox 3388 4680 3804 4763; x_wconf 68' lang='grc' dir='ltr'>εὐαγγελιστοῦξ</span> 
     </span>
    </p>
   </div>
   <div class='ocr_carea' id='block_1_95' title="bbox 540 4781 2103 4862">
    <p class='ocr_par' dir='ltr' id='par_1_95' title="bbox 540 4787 2103 4862">
     <span class='ocr_line' id='line_1_95' title="bbox 540 4787 2103 4862; baseline -0.004 -13"><span class='ocrx_word' id='word_1_623' title='bbox 540 4792 795 4849; x_wconf 82' lang='lat' dir='ltr'><strong>Dectrina</strong></span> <span class='ocrx_word' id='word_1_624' title='bbox 854 4790 946 4847; x_wconf 87' lang='lat' dir='ltr'><strong>illa</strong></span> <span class='ocrx_word' id='word_1_625' title='bbox 980 4805 1102 4862; x_wconf 76' lang='lat' dir='ltr'><strong>qua:</strong></span> <span class='ocrx_word' id='word_1_626' title='bbox 1144 4788 1345 4844; x_wconf 86' lang='lat' dir='ltr'><strong>tradita</strong></span> <span class='ocrx_word' id='word_1_627' title='bbox 1392 4787 1549 4844; x_wconf 87' lang='lat' dir='ltr'><strong>vobis</strong></span> <span class='ocrx_word' id='word_1_628' title='bbox 1582 4797 1701 4851; x_wconf 87' lang='lat' dir='ltr'><strong>est,</strong></span> <span class='ocrx_word' id='word_1_629' title='bbox 1750 4804 1872 4842; x_wconf 90' lang='lat' dir='ltr'><strong>cum</strong></span> <span class='ocrx_word' id='word_1_630' title='bbox 1928 4803 2103 4843; x_wconf 66' lang='lat' dir='ltr'><strong>rever:</strong></span> 
     </span>
    </p>
   </div>
   <div class='ocr_carea' id='block_1_96' title="bbox 2216 4781 3799 4862">
    <p class='ocr_par' dir='ltr' id='par_1_96' title="bbox 2224 4781 3799 4860">
     <span class='ocr_line' id='line_1_96' title="bbox 2224 4781 3799 4860; baseline -0.004 -18"><span class='ocrx_word' id='word_1_631' title='bbox 2224 4788 2391 4858; x_wconf 84' lang='grc' dir='ltr'>Λέγει</span> <span class='ocrx_word' id='word_1_632' title='bbox 2419 4781 2512 4841; x_wconf 74' lang='grc' dir='ltr'>οὖν</span> <span class='ocrx_word' id='word_1_633' title='bbox 2535 4786 2637 4860; x_wconf 68' lang='grc' dir='ltr'>ἤδη</span> <span class='ocrx_word' id='word_1_634' title='bbox 2667 4788 2802 4857; x_wconf 78' lang='grc' dir='ltr'>πρὸς</span> <span class='ocrx_word' id='word_1_635' title='bbox 2838 4787 2984 4858; x_wconf 79' lang='grc' dir='ltr'>ὑμᾶς</span> <span class='ocrx_word' id='word_1_636' title='bbox 3014 4784 3245 4841; x_wconf 77' lang='grc' dir='ltr'>ἐλθοῦσα</span> <span class='ocrx_word' id='word_1_637' title='bbox 3273 4785 3619 4851; x_wconf 81' lang='grc' dir='ltr'>διδασκαλία,</span> <span class='ocrx_word' id='word_1_638' title='bbox 3654 4783 3799 4852; x_wconf 74' lang='grc' dir='ltr'>εἴπερ</span> 
     </span>
    </p>
   </div>
   <div class='ocr_carea' id='block_1_97' title="bbox 538 4878 2118 4950">
    <p class='ocr_par' dir='ltr' id='par_1_97' title="bbox 538 4878 2118 4950">
     <span class='ocr_line' id='line_1_97' title="bbox 538 4878 2118 4950; baseline -0.003 -12"><span class='ocrx_word' id='word_1_639' title='bbox 538 4886 739 4941; x_wconf 86' lang='lat' dir='ltr'><strong>tradita</strong></span> <span class='ocrx_word' id='word_1_640' title='bbox 800 4883 873 4939; x_wconf 88' lang='lat' dir='ltr'><strong>sit</strong></span> <span class='ocrx_word' id='word_1_641' title='bbox 909 4881 1213 4937; x_wconf 83' lang='lat' dir='ltr'><strong>secundum</strong></span> <span class='ocrx_word' id='word_1_642' title='bbox 1246 4878 1552 4944; x_wconf 87' lang='lat' dir='ltr'><strong>Christum,</strong></span> <span class='ocrx_word' id='word_1_643' title='bbox 1594 4894 1701 4933; x_wconf 89' lang='lat' dir='ltr'><strong>non</strong></span> <span class='ocrx_word' id='word_1_644' title='bbox 1736 4879 2118 4950; x_wconf 83' lang='lat' dir='ltr'><strong>voluptuosam</strong></span> 
     </span>
    </p>
   </div>
   <div class='ocr_carea' id='block_1_98' title="bbox 534 4973 2118 5049">
    <p class='ocr_par' dir='ltr' id='par_1_98' title="bbox 534 4973 2118 5049">
     <span class='ocr_line' id='line_1_98' title="bbox 534 4973 2118 5049; baseline -0.008 -12"><span class='ocrx_word' id='word_1_645' title='bbox 534 4989 588 5037; x_wconf 84' lang='lat' dir='ltr'><strong>et</strong></span> <span class='ocrx_word' id='word_1_646' title='bbox 632 4977 959 5049; x_wconf 68' lang='lat' dir='ltr'><strong>ignorantiae</strong></span> <span class='ocrx_word' id='word_1_647' title='bbox 996 4974 1245 5030; x_wconf 80' lang='lat' dir='ltr'><strong>tenebris</strong></span> <span class='ocrx_word' id='word_1_648' title='bbox 1286 4973 1553 5028; x_wconf 84' lang='lat' dir='ltr'><strong>sull&#39;nsam</strong></span> <span class='ocrx_word' id='word_1_649' title='bbox 1607 4974 1772 5026; x_wconf 87' lang='lat' dir='ltr'><strong>vitam</strong></span> <span class='ocrx_word' id='word_1_650' title='bbox 1826 4973 2118 5043; x_wconf 87' lang='lat' dir='ltr'><strong>permittit,</strong></span> 
     </span>
    </p>
   </div>
   <div class='ocr_carea' id='block_1_99' title="bbox 536 5064 2123 5145">
    <p class='ocr_par' dir='ltr' id='par_1_99' title="bbox 536 5064 2123 5145">
     <span class='ocr_line' id='line_1_99' title="bbox 536 5064 2123 5145; baseline -0.004 -17"><span class='ocrx_word' id='word_1_651' title='bbox 536 5074 741 5145; x_wconf 84' lang='lat' dir='ltr'><strong>alioqui</strong></span> <span class='ocrx_word' id='word_1_652' title='bbox 777 5072 913 5128; x_wconf 90' lang='lat' dir='ltr'><strong>nihil</strong></span> <span class='ocrx_word' id='word_1_653' title='bbox 943 5070 1095 5135; x_wconf 87' lang='lat' dir='ltr'><strong>boni,</strong></span> <span class='ocrx_word' id='word_1_654' title='bbox 1129 5068 1375 5138; x_wconf 88' lang='lat' dir='ltr'><strong>nihilque</strong></span> <span class='ocrx_word' id='word_1_655' title='bbox 1395 5066 1508 5120; x_wconf 86' lang='lat' dir='ltr'><strong>veri</strong></span> <span class='ocrx_word' id='word_1_656' title='bbox 1534 5068 1839 5137; x_wconf 71' lang='lat' dir='ltr'><strong>praeferret.</strong></span> <span class='ocrx_word' id='word_1_657' title='bbox 1866 5064 2001 5120; x_wconf 84' lang='lat' dir='ltr'><strong>Nam</strong></span> <span class='ocrx_word' id='word_1_658' title='bbox 2026 5066 2123 5138; x_wconf 90' lang='lat' dir='ltr'><strong>qui</strong></span> 
     </span>
    </p>
   </div>
   <div class='ocr_carea' id='block_1_100' title="bbox 534 5158 2125 5226">
    <p class='ocr_par' dir='ltr' id='par_1_100' title="bbox 534 5158 2125 5226">
     <span class='ocr_line' id='line_1_100' title="bbox 534 5158 2125 5226; baseline -0.005 -2"><span class='ocrx_word' id='word_1_659' title='bbox 534 5167 835 5226; x_wconf 84' lang='lat' dir='ltr'><strong>secundum</strong></span> <span class='ocrx_word' id='word_1_660' title='bbox 864 5165 1143 5221; x_wconf 77' lang='lat' dir='ltr'><strong>Christum</strong></span> <span class='ocrx_word' id='word_1_661' title='bbox 1179 5161 1452 5226; x_wconf 84' lang='lat' dir='ltr'><strong>eruditur,</strong></span> <span class='ocrx_word' id='word_1_662' title='bbox 1486 5160 1690 5215; x_wconf 87' lang='lat' dir='ltr'><strong>bonum</strong></span> <span class='ocrx_word' id='word_1_663' title='bbox 1722 5158 1914 5215; x_wconf 86' lang='lat' dir='ltr'><strong>didicit</strong></span> <span class='ocrx_word' id='word_1_664' title='bbox 1946 5168 1999 5215; x_wconf 90' lang='lat' dir='ltr'><strong>et</strong></span> <span class='ocrx_word' id='word_1_665' title='bbox 2032 5175 2125 5216; x_wconf 87' lang='lat' dir='ltr'><strong>vc-</strong></span> 
     </span>
    </p>
   </div>
   <div class='ocr_carea' id='block_1_101' title="bbox 537 5255 2124 5331">
    <p class='ocr_par' dir='ltr' id='par_1_101' title="bbox 537 5255 2124 5331">
     <span class='ocr_line' id='line_1_101' title="bbox 537 5255 2124 5331; baseline -0.004 -14"><span class='ocrx_word' id='word_1_666' title='bbox 537 5278 679 5328; x_wconf 91' lang='lat' dir='ltr'><strong>rum,</strong></span> <span class='ocrx_word' id='word_1_667' title='bbox 713 5270 905 5329; x_wconf 83' lang='lat' dir='ltr'><strong>utpote</strong></span> <span class='ocrx_word' id='word_1_668' title='bbox 934 5261 1025 5331; x_wconf 89' lang='lat' dir='ltr'><strong>qui</strong></span> <span class='ocrx_word' id='word_1_669' title='bbox 1073 5259 1195 5313; x_wconf 74' lang='lat' dir='ltr'><strong>vitae</strong></span> <span class='ocrx_word' id='word_1_670' title='bbox 1232 5256 1474 5312; x_wconf 85' lang='lat' dir='ltr'><strong>carnalis</strong></span> <span class='ocrx_word' id='word_1_671' title='bbox 1512 5264 1840 5311; x_wconf 80' lang='lat' dir='ltr'><strong>vetustatem</strong></span> <span class='ocrx_word' id='word_1_672' title='bbox 1875 5256 1927 5309; x_wconf 92' lang='lat' dir='ltr'><strong>in</strong></span> <span class='ocrx_word' id='word_1_673' title='bbox 1966 5255 2124 5311; x_wconf 83' lang='lat' dir='ltr'><strong>novi-</strong></span> 
     </span>
    </p>
   </div>
   <div class='ocr_carea' id='block_1_102' title="bbox 538 5352 1546 5427">
    <p class='ocr_par' dir='ltr' id='par_1_102' title="bbox 538 5352 1546 5427">
     <span class='ocr_line' id='line_1_102' title="bbox 538 5352 1546 5427; baseline -0.009 -14"><span class='ocrx_word' id='word_1_674' title='bbox 538 5363 703 5413; x_wconf 79' lang='lat' dir='ltr'><strong>tatem</strong></span> <span class='ocrx_word' id='word_1_675' title='bbox 746 5356 991 5427; x_wconf 81' lang='lat' dir='ltr'><strong>Spiritus</strong></span> <span class='ocrx_word' id='word_1_676' title='bbox 1018 5365 1235 5409; x_wconf 85' lang='lat' dir='ltr'><strong>mutare</strong></span> <span class='ocrx_word' id='word_1_677' title='bbox 1262 5352 1546 5407; x_wconf 80' lang='lat' dir='ltr'><strong>doceatur.</strong></span> 
     </span>
    </p>
   </div>
   <div class='ocr_carea' id='block_1_103' title="bbox 2220 4874 3801 4953">
    <p class='ocr_par' dir='ltr' id='par_1_103' title="bbox 2220 4874 3801 4953">
     <span class='ocr_line' id='line_1_103' title="bbox 2220 4874 3801 4953; baseline -0.006 -17"><span class='ocrx_word' id='word_1_678' title='bbox 2220 4877 2385 4953; x_wconf 78' lang='grc' dir='ltr'>ἦλθεν</span> <span class='ocrx_word' id='word_1_679' title='bbox 2411 4879 2488 4950; x_wconf 77' lang='grc' dir='ltr'>τῷ</span> <span class='ocrx_word' id='word_1_680' title='bbox 2513 4880 2625 4933; x_wconf 69' lang='grc' dir='ltr'>ὄντι</span> <span class='ocrx_word' id='word_1_681' title='bbox 2662 4880 2807 4933; x_wconf 80' lang='grc' dir='ltr'>κατὰ</span> <span class='ocrx_word' id='word_1_682' title='bbox 2844 4880 3099 4951; x_wconf 75' lang='grc' dir='ltr'>Χριστὸν,</span> <span class='ocrx_word' id='word_1_683' title='bbox 3129 4880 3191 4935; x_wconf 84' lang='grc' dir='ltr'>οὺ</span> <span class='ocrx_word' id='word_1_684' title='bbox 3238 4878 3337 4950; x_wconf 70' lang='grc' dir='ltr'>τὴν</span> <span class='ocrx_word' id='word_1_685' title='bbox 3379 4877 3687 4949; x_wconf 78' lang='grc' dir='ltr'>φιλήδονον,</span> <span class='ocrx_word' id='word_1_686' title='bbox 3715 4874 3801 4929; x_wconf 69' lang='grc' dir='ltr'>καὶ</span> 
     </span>
    </p>
   </div>
   <div class='ocr_carea' id='block_1_104' title="bbox 2229 4971 3803 5047">
    <p class='ocr_par' dir='ltr' id='par_1_104' title="bbox 2229 4971 3803 5047">
     <span class='ocr_line' id='line_1_104' title="bbox 2229 4971 3803 5047; baseline -0.003 -19"><span class='ocrx_word' id='word_1_687' title='bbox 2229 4975 2327 5046; x_wconf 73' lang='grc' dir='ltr'>τὴν</span> <span class='ocrx_word' id='word_1_688' title='bbox 2360 4976 2417 5030; x_wconf 75' lang='grc' dir='ltr'>ἐν</span> <span class='ocrx_word' id='word_1_689' title='bbox 2457 4975 2651 5047; x_wconf 73' lang='grc' dir='ltr'>ἀγνοίᾳ</span> <span class='ocrx_word' id='word_1_690' title='bbox 2692 4975 2836 5045; x_wconf 76' lang='grc' dir='ltr'>ζωὴν</span> <span class='ocrx_word' id='word_1_691' title='bbox 2884 4974 3196 5047; x_wconf 76' lang='grc' dir='ltr'>ἐπιτρέπει,</span> <span class='ocrx_word' id='word_1_692' title='bbox 3241 4975 3365 5047; x_wconf 76' lang='grc' dir='ltr'>ἥτις</span> <span class='ocrx_word' id='word_1_693' title='bbox 3413 4973 3567 5028; x_wconf 79' lang='grc' dir='ltr'>οὐδὲν</span> <span class='ocrx_word' id='word_1_694' title='bbox 3608 4971 3803 5039; x_wconf 72' lang='grc' dir='ltr'>ἀγαθὸν</span> 
     </span>
    </p>
   </div>
   <div class='ocr_carea' id='block_1_105' title="bbox 2223 5061 3804 5140">
    <p class='ocr_par' dir='ltr' id='par_1_105' title="bbox 2223 5061 3804 5140">
     <span class='ocr_line' id='line_1_105' title="bbox 2223 5061 3804 5140; baseline -0.006 -18"><span class='ocrx_word' id='word_1_695' title='bbox 2223 5068 2360 5140; x_wconf 80' lang='grc' dir='ltr'>ἔχει,</span> <span class='ocrx_word' id='word_1_696' title='bbox 2396 5068 2519 5123; x_wconf 80' lang='grc' dir='ltr'>οὐδὲ</span> <span class='ocrx_word' id='word_1_697' title='bbox 2550 5066 2770 5139; x_wconf 82' lang='grc' dir='ltr'>ἀληθές.</span> <span class='ocrx_word' id='word_1_698' title='bbox 2815 5067 2873 5123; x_wconf 86' lang='lat'><strong>&#39;0</strong></span> <span class='ocrx_word' id='word_1_699' title='bbox 2910 5066 3017 5138; x_wconf 80' lang='grc' dir='ltr'><strong>γὰρ</strong></span> <span class='ocrx_word' id='word_1_700' title='bbox 3052 5070 3197 5123; x_wconf 84' lang='grc' dir='ltr'><strong>κατά</strong></span> <span class='ocrx_word' id='word_1_701' title='bbox 3232 5067 3471 5140; x_wconf 75' lang='grc' dir='ltr'>Χριστὸν</span> <span class='ocrx_word' id='word_1_702' title='bbox 3499 5064 3716 5137; x_wconf 79' lang='grc' dir='ltr'>μαθὼν,</span> <span class='ocrx_word' id='word_1_703' title='bbox 3749 5061 3804 5114; x_wconf 70' lang='grc' dir='ltr'>τὸ</span> 
     </span>
    </p>
   </div>
   <div class='ocr_carea' id='block_1_106' title="bbox 2223 5156 3807 5235">
    <p class='ocr_par' dir='ltr' id='par_1_106' title="bbox 2223 5156 3807 5235">
     <span class='ocr_line' id='line_1_106' title="bbox 2223 5156 3807 5235; baseline -0.008 -14"><span class='ocrx_word' id='word_1_704' title='bbox 2223 5163 2429 5234; x_wconf 76' lang='grc' dir='ltr'>ἀγαθὸν</span> <span class='ocrx_word' id='word_1_705' title='bbox 2468 5160 2758 5235; x_wconf 83' lang='grc' dir='ltr'>μεμάθηκε</span> <span class='ocrx_word' id='word_1_706' title='bbox 2794 5162 2887 5215; x_wconf 70' lang='grc' dir='ltr'>καὶ</span> <span class='ocrx_word' id='word_1_707' title='bbox 2932 5160 2993 5216; x_wconf 79' lang='grc' dir='ltr'>τὸ</span> <span class='ocrx_word' id='word_1_708' title='bbox 3044 5160 3266 5235; x_wconf 76' lang='grc' dir='ltr'>ἀληθὲς,</span> <span class='ocrx_word' id='word_1_709' title='bbox 3319 5162 3420 5234; x_wconf 72' lang='grc' dir='ltr'>τὴν</span> <span class='ocrx_word' id='word_1_710' title='bbox 3466 5162 3527 5217; x_wconf 74' lang='grc' dir='ltr'>ὲν</span> <span class='ocrx_word' id='word_1_711' title='bbox 3568 5156 3807 5235; x_wconf 73' lang='grc' dir='ltr'>σαρκικῷ</span> 
     </span>
    </p>
   </div>
   <div class='ocr_carea' id='block_1_107' title="bbox 2228 5250 3803 5328">
    <p class='ocr_par' dir='ltr' id='par_1_107' title="bbox 2228 5250 3803 5328">
     <span class='ocr_line' id='line_1_107' title="bbox 2228 5250 3803 5328; baseline 0 -21"><span class='ocrx_word' id='word_1_712' title='bbox 2228 5257 2330 5328; x_wconf 82' lang='grc' dir='ltr'><strong>βίῳ</strong></span> <span class='ocrx_word' id='word_1_713' title='bbox 2356 5256 2664 5314; x_wconf 79' lang='grc' dir='ltr'>παλαίωσιν</span> <span class='ocrx_word' id='word_1_714' title='bbox 2696 5254 3057 5326; x_wconf 78' lang='grc' dir='ltr'>μεταόἀλλειν</span> <span class='ocrx_word' id='word_1_715' title='bbox 3081 5255 3471 5328; x_wconf 77' lang='grc' dir='ltr'>διδασκόμενος</span> <span class='ocrx_word' id='word_1_716' title='bbox 3502 5258 3588 5321; x_wconf 88' lang='grc' dir='ltr'><strong>είς</strong></span> <span class='ocrx_word' id='word_1_717' title='bbox 3629 5250 3803 5309; x_wconf 83' lang='grc' dir='ltr'>καινό-</span> 
     </span>
    </p>
   </div>
   <div class='ocr_carea' id='block_1_108' title="bbox 2230 5346 2926 5422">
    <p class='ocr_par' dir='ltr' id='par_1_108' title="bbox 2230 5346 2926 5422">
     <span class='ocr_line' id='line_1_108' title="bbox 2230 5346 2926 5422; baseline -0.003 -18"><span class='ocrx_word' id='word_1_718' title='bbox 2230 5369 2372 5422; x_wconf 82' lang='grc' dir='ltr'>τητα</span> <span class='ocrx_word' id='word_1_719' title='bbox 2397 5350 2497 5421; x_wconf 80' lang='grc' dir='ltr'>τὴν</span> <span class='ocrx_word' id='word_1_720' title='bbox 2532 5351 2588 5403; x_wconf 82' lang='grc' dir='ltr'>ὲν</span> <span class='ocrx_word' id='word_1_721' title='bbox 2620 5346 2926 5419; x_wconf 79' lang='grc' dir='ltr'>Πνεύματι.</span> 
     </span>
    </p>
   </div>
   <div class='ocr_carea' id='block_1_109' title="bbox 1813 5530 2502 5593">
    <p class='ocr_par' dir='ltr' id='par_1_109' title="bbox 1813 5530 2502 5593">
     <span class='ocr_line' id='line_1_109' title="bbox 1813 5530 2502 5593; baseline 0 -4"><span class='ocrx_word' id='word_1_722' title='bbox 1813 5530 2051 5591; x_wconf 63' lang='grc' dir='ltr'><strong>νΑῐὶΙᾸΞ</strong></span> <span class='ocrx_word' id='word_1_723' title='bbox 2092 5532 2502 5593; x_wconf 80' lang='lat' dir='ltr'><strong>LECTIONES.</strong></span> 
     </span>
    </p>
   </div>
   <div class='ocr_carea' id='block_1_110' title="bbox 616 5645 3807 5727">
    <p class='ocr_par' dir='ltr' id='par_1_110' title="bbox 616 5645 3807 5727">
     <span class='ocr_line' id='line_1_110' title="bbox 616 5645 3807 5727; baseline -0.002 -18"><span class='ocrx_word' id='word_1_724' title='bbox 616 5658 627 5709; x_wconf 84' lang='grc' dir='ltr'><strong>ι</strong></span> <span class='ocrx_word' id='word_1_725' title='bbox 668 5656 859 5712; x_wconf 69' lang='grc' dir='ltr'>Ἀλλὰ</span> <span class='ocrx_word' id='word_1_726' title='bbox 896 5658 1058 5727; x_wconf 70' lang='grc' dir='ltr'>παρὰ</span> <span class='ocrx_word' id='word_1_727' title='bbox 1092 5657 1197 5711; x_wconf 84' lang='grc' dir='ltr'>τοῦ</span> <span class='ocrx_word' id='word_1_728' title='bbox 1229 5656 1534 5715; x_wconf 78' lang='grc' dir='ltr'>Ἰωάννου.</span> <span class='ocrx_word' id='word_1_729' title='bbox 1572 5655 1698 5714; x_wconf 65' lang='lat' dir='ltr'><strong>Haec</strong></span> <span class='ocrx_word' id='word_1_730' title='bbox 1728 5654 2121 5715; x_wconf 87' lang='lat' dir='ltr'><strong>subobscurius</strong></span> <span class='ocrx_word' id='word_1_731' title='bbox 2155 5657 2231 5711; x_wconf 92' lang='lat' dir='ltr'><strong>ita</strong></span> <span class='ocrx_word' id='word_1_732' title='bbox 2266 5653 2575 5727; x_wconf 83' lang='lat' dir='ltr'><strong>redduntur</strong></span> <span class='ocrx_word' id='word_1_733' title='bbox 2606 5652 2752 5723; x_wconf 75' lang='lat' dir='ltr'><strong>apud</strong></span> <span class='ocrx_word' id='word_1_734' title='bbox 2802 5652 3224 5727; x_wconf 67' lang='lat' dir='ltr'><strong>tEcugnenium.</strong></span> <span class='ocrx_word' id='word_1_735' title='bbox 3259 5653 3340 5727; x_wconf 65' lang='lat' dir='ltr'><strong>sb</strong></span> <span class='ocrx_word' id='word_1_736' title='bbox 3370 5652 3449 5717; x_wconf 65' lang='grc' dir='ltr'>δὲ,</span> <span class='ocrx_word' id='word_1_737' title='bbox 3475 5653 3530 5727; x_wconf 64' lang='grc' dir='ltr'>ες</span> <span class='ocrx_word' id='word_1_738' title='bbox 3554 5667 3622 5727; x_wconf 77' lang='grc' dir='ltr'><strong>γε</strong></span> <span class='ocrx_word' id='word_1_739' title='bbox 3653 5645 3807 5703; x_wconf 69' lang='grc' dir='ltr'>αὐτὸν</span> 
     </span>
    </p>
   </div>
   <div class='ocr_carea' id='block_1_111' title="bbox 538 5724 3807 5808">
    <p class='ocr_par' dir='ltr' id='par_1_111' title="bbox 538 5724 3807 5808">
     <span class='ocr_line' id='line_1_111' title="bbox 538 5724 3807 5808; baseline -0.006 -17"><span class='ocrx_word' id='word_1_740' title='bbox 538 5727 829 5808; x_wconf 60' lang='grc' dir='ltr'>ἠκούσατε,</span> <span class='ocrx_word' id='word_1_741' title='bbox 862 5724 1020 5802; x_wconf 74' lang='grc' dir='ltr'>ἅγιος</span> <span class='ocrx_word' id='word_1_742' title='bbox 1064 5730 1315 5806; x_wconf 79' lang='grc' dir='ltr'>Ἰωάννης</span> <span class='ocrx_word' id='word_1_743' title='bbox 1334 5727 1693 5803; x_wconf 72' lang='grc' dir='ltr'>βεϐαιωτικὸν</span> <span class='ocrx_word' id='word_1_744' title='bbox 1734 5727 1976 5796; x_wconf 67' lang='grc' dir='ltr'>ἐδέξατο.</span> <span class='ocrx_word' id='word_1_745' title='bbox 2005 5727 2251 5797; x_wconf 86' lang='lat' dir='ltr'><strong>Quorum</strong></span> <span class='ocrx_word' id='word_1_746' title='bbox 2279 5725 2572 5784; x_wconf 87' lang='lat' dir='ltr'><strong>verborum</strong></span> <span class='ocrx_word' id='word_1_747' title='bbox 2601 5738 2797 5783; x_wconf 81' lang='lat' dir='ltr'><strong>sensus</strong></span> <span class='ocrx_word' id='word_1_748' title='bbox 2830 5740 2900 5781; x_wconf 81' lang='lat' dir='ltr'><strong>ex</strong></span> <span class='ocrx_word' id='word_1_749' title='bbox 2952 5724 3273 5781; x_wconf 76' lang='lat' dir='ltr'><strong>Daniasceni</strong></span> <span class='ocrx_word' id='word_1_750' title='bbox 3332 5724 3678 5798; x_wconf 75' lang='lat' dir='ltr'><strong>expositione</strong></span> <span class='ocrx_word' id='word_1_751' title='bbox 3720 5734 3807 5773; x_wconf 81' lang='lat' dir='ltr'><strong>ac-</strong></span> 
     </span>
    </p>
   </div>
   <div class='ocr_carea' id='block_1_112' title="bbox 547 5809 879 5882">
    <p class='ocr_par' dir='ltr' id='par_1_112' title="bbox 547 5809 879 5882">
     <span class='ocr_line' id='line_1_112' title="bbox 547 5809 879 5882; baseline -0.018 -18"><span class='ocrx_word' id='word_1_752' title='bbox 547 5809 651 5882; x_wconf 75' lang='lat' dir='ltr'><strong>cipi</strong></span> <span class='ocrx_word' id='word_1_753' title='bbox 683 5811 879 5875; x_wconf 87' lang='lat' dir='ltr'><strong>potest.</strong></span> 
     </span>
    </p>
   </div>
  </div>
