3928 6264
233 266 327 337 8Ιῶ

1371 266 1459 357 1N
1494 267 1737 331 EPISTL
1778 268 1878 329 AD
1916 266 2313 333 spasmos.

3358 266 3465 333 846

301 400 318 436 ι
357 376 823 453 ὀργίζεσθε,·καὶ
875 377 952 453 μὴ
1004 377 1391 453 ἁμαρτάνετε*
1439 381 1470 434 ὁ
1511 378 1664 451 ἥλιος
1704 377 1780 450 μὴ

1971 375 2143 440 Vsus.
2176 375 2370 434 είς-29.
2412 396 2433 430 ι
2469 374 2778 437 irascimini
2807 383 2863 437 et
2903 365 3086 434 nolite.
3105 392 3349 451 peccare,
3379 380 3463 436 sol

228 473 467 535 ιπιδυίτω
496 472 592 528 ἰπὶ
643 471 722 545 τῷ
764 471 1133 546 παροργισμῷ
1181 471 1359 545 ὑμῶν.
1408 471 1565 544 Μηδὲ
1608 469 1783 525 δίδοτε

227 568 372 624 τόπον
399 563 469 638 τῷ
502 563 755 635 διαϐόλῳ.
794 566 854 620 '0
902 564 1174 629 κλέπτων,
1236 564 1433 637 μηκέτι
1474 563 1779 630 κλεπτέτω,

229 658 411 733 μᾶλλον
429 657 484 713 δὲ
512 659 785 724 κοπιάτω,
810 658 1184 731 ἐργαζόμενος
1201 657 1261 713 τὸ
1285 656 1489 727 ἀγαθὸν
1518 658 1636 721 ταῖς
1656 670 1786 729 χερ-

228 754 322 820 σὶν,
356 752 437 809 ἵνα
466 750 566 824 ἔχῃ
600 751 941 823 μεταδιδόναι
972 750 1050 824 τῷ
1083 754 1273 824 χρείαν
1318 750 1518 822 ἔχοντι.
1554 750 1670 813 Πᾶς
1696 747 1788 803 λόο

223 864 310 918 τος
335 844 562 919 σκληρὸς
585 848 649 900 ὲκ
675 845 770 899 τοῦ
794 846 1065 916 στόματος
1091 847 1244 914 ὑμῶν
1276 845 1351 918 μὴ
1377 840 1784 915 ἐκπορευέσθω,

222 941 328 996 ἀλλ’
349 938 400 995 ετ
420 956 505 1004 τις
539 939 767 1009 ἁγαΘὺς,
812 939 950 1010 πρὸς
984 938 1276 1013 οἰκοδομὴν
1305 938 1408 1011 τῆς
1443 937 1661 1010 χρείας,
1694 934 1783 989 ἵνα

220 1031 290 1105 δῷ
318 1032 475 1105 χάριν
499 1034 614 1094 τοῖς
646 1030 957 1087 ἀκούουσιν.
996 1052 1014 1085 ι

286 1126 346 1181 Εί
372 1125 463 1181 καὶ
499 1123 636 1198 ὀργῇ
671 1125 996 1199 προσπέσοι,
1035 1124 1192 1198 φησι,
1224 1125 1299 1197 μὴ
1332 1124 1416 1190 είς
1440 1125 1502 1181 τὸ
1533 1123 1788 1197 ἁμαρτάνω

221 1236 325 1275 νειν
364 1219 755 1291 ἐπικρατείτω,
802 1219 937 1274 ἀλλὰ
994 1220 1090 1275 καὶ
1146 1218 1255 1291 πρὸ
1283 1218 1377 1274 τοῦ
1412 1217 1625 1293 ἡμέραν
1662 1219 1788 1273 ἐπι-

221 1315 405 1387 στῆναι
428 1312 707 1385 δευτέραν,
735 1312 1013 1369 παυέσΘω.
1055 1312 1189 1367 Ἐὰν
1213 1312 1321 1385 γὰρ
1356 1311 1530 1367 ταῦτα
1553 1313 1612 1365 ὲν
1660 1311 1791 1382 ὑμῖν

220 1410 405 1482 κρατῇ,
438 1404 686 1464 διαϐόλου
736 1407 1044 1479 διδάγματα
1082 1407 1235 1473 ὄντα,
1276 1405 1306 1460 ὁ
1339 1404 1661 1469 διδάσκαλος
1701 1402 1791 1458 διὰ

218 1502 318 1560 τῶν
348 1503 492 1560 ἰδίων
520 1502 688 1557 αὐτοῦ
714 1500 1061 1573 διδαγμάτων
1096 1498 1581 1556 ὲπεισελεὺσεται.¹

286 1697 308 1733 ι
353 1678 463 1733 Καὶ
525 1678 602 1752 μὴ
636 1648 860 1733 λυπεῖτε
892 1676 951 1731 τὸ
1010 1676 1238 1749 Πνεῦμα
1295 1675 1391 1731 τοῦ
1448 1673 1611 1739 Θεοῦ,
1660 1674 1719 1729 ἐν
1748 1664 1795 1744 ᾧ

214 1771 619 1847 ἐσφραγίσθητε
648 1770 730 1838 είς
754 1771 970 1844 ἡμέραν
1002 1769 1459 1843 ἀπολυτρώσεως.
1515 1788 1534 1820 ι

275 1952 351 2007 To
373 1950 602 2025 Πνεῦμα
627 1951 772 2024 ὑμᾶς
798 1950 1311 2023 ἀποστραφήσεται,
1344 1950 1500 2020 φησὶ,
1541 1947 1795 2022 καθάπερ
1840 1958 1843 1961 ‘

209 2044 573 2117 λυπούμενον,
621 2045 703 2113 ὅτι
751 2040 943 2115 ὥσπερ
997 2043 1055 2098 ὲν
1094 2040 1431 2115 σφραγισμῷ
1471 2040 1627 2095 δοθὲν
1667 2040 1797 2109 ὑμῖν

209 2137 289 2204 τίς
313 2138 535 2205 ἱνωσιν,
587 2139 688 2195 οῦκ
735 2136 1082 2210 ἐπιτηδείους
1123 2133 1265 2209 πρὸς
1306 2136 1502 2190 ἕνωσιν
1553 2133 1798 2206 εὑρίσκει

209 2227 731 2302 τοῦς.δεδεγμένους
781 2228 883 2302 τὴν
932 2226 1094 2300 χάριν
1151 2226 1233 2291 είς
1268 2225 1331 2283 τδ
1380 2225 1669 2298 διαφυγεῖν
1699 2225 1799 2298 τὴν

207 2320 435 2377 κόλασιν
456 2320 561 2393 τῆς
584 2319 910 2393 διαφθορᾶς.

281 2520 302 2556 ι
358 2500 529 2556 Πᾶσα
566 2497 785 2571 πικρία,
827 2498 922 2553 καὶ
953 2497 1145 2571 Θυμδς,
1181 2497 1276 2553 καὶ
1325 2496 1488 2572 ὀργὴ,
1538 2498 1633 2552 καὶ
1664 2498 1798 2572 βλα-

205 2592 427 2665 σφημία
452 2589 681 2664 ἀρθήτω
712 2590 809 2661 ἀφ’
839 2588 995 2661 ὑμῶν
1033 2589 1130 2643 σὺν
1162 2589 1313 2663 πάσῃ
1345 2588 1536 2661 κακία.
1576 2588 1799 2643 Γίνεσθε

202 2684 259 2740 δὲ
282 2685 365 2750 τίς
397 2684 673 2756 ἀλλήλους
719 2683 972 2755 χρηστοὶ,
1013 2682 1402 2755 εὔσπλαγχνοι,
1437 2682 1796 2756 χαριζόμενοι

203 2778 447 2843 ἑαυτοῖς,
481 2775 668 2840 καθὼς
699 2776 796 2831 καὶ
828 2775 857 2829 ὀ
886 2775 1021 2841 Θεὸς
1057 2775 1374 2848 ἐχαρίσατο.
1421 2794 1439 2827 ι

276 2956 470 3031 Ἀπερ
506 2952 649 3020 ἐστὶ,
680 2955 838 3027 φησι,
874 2954 975 3025 τῆς
1007 2956 1279 3027 σαρκικῆς
1309 2954 1606 3025 ἀγνωσίας,
1630 2954 1805 3010 ταῦτα

203 3048 568 3106 suamnam
589 3050 619 3104 ὁ
652 3047 1202 3119 κατασκευαζόμενος
1225 3050 1638 3123 πνευματικῶς.

829 3299 1084 3360 ΚΕΦΑΛ.
1126 3300 1203 3357 Ε⁸.

276 3435 299 3473 ι
341 3417 582 3475 Γίνεσθε
615 3415 710 3475 οῦν
742 3417 985 3491 μιμηταὶ
1015 3419 1110 3475 τοῦ
1156 3421 1315 3491 Θεοῦ,
1365 3422 1443 3490 ὡς
1474 3424 1641 3482 τέκνα
1671 3428 1810 3499 ἀγα-

196 3509 379 3582 πητὰ,
408 3511 514 3566 καὶ
541 3513 904 3583 περιπατεῖτε
930 3509 990 3564 ἐν
1040 3513 1253 3587 ἀγάπῃ,
1305 3516 1493 3583 καθὼς
1521 3518 1548 3571 δ
1574 3520 1812 3591 Χριστὸς

196 3603 507 3680 ἠγάπησεν
534 3603 711 3676 ἡμᾶς,
754 3604 851 3660 καὶ
890 3606 1215 3679 παρέδωκεν
1248 3610 1441 3665 ἑαυτὸν
1467 3611 1610 3683 ὑπὲρ
1652 3613 1812 3686 ἡμῶν

197 3696 541 3772 προσφορὰν
573 3699 669 3753 καὶ
693 3694 888 3755 Θυσίαν
915 3700 993 3773 τῷ
1028 3700 1150 3773 Θεῷ
1178 3703 1258 3767 είς
1288 3701 1464 3776 ὀσμὴν
1492 3704 1748 3771 εὐωδίας.
1785 3724 1805 3758 ι

271 3876 389 3942 Δεῖ,
421 3875 592 3950 φησι,
627 3873 917 3948 μιμεῖσθαι
966 3876 1102 3932 Θεδν
1132 3874 1214 3943 εἰς
1248 3879 1308 3933 τὸ
1338 3880 1658 3952 χαρίζεσθαι
1701 3882 1817 3948 τοῖς

199 3972 637 4047 ἁμαρτάνουσιν
682 3975 763 4040 εἰς
801 3974 973 4047 ἡμᾶς,
1031 3974 1120 4030 ἵνα
1168 3968 1320 4048 ὦμεν
1358 3980 1599 4051 μιμηταὶ
1651 3977 1813 4035 Θεοῦ.

199 4061 309 4121 τὸν
337 4067 399 4122 δὲ
434 4067 700 4131 Θάνατον,
736 4068 798 4122 οῦ
855 4066 1089 4125 Θάνατον
1142 4069 1449 4143 ὠνόμασεν,
1495 4071 1635 4128 ἀλλὰ
1678 4073 1815 4129 Θεοῦ

200 4158 587 4230 προσφοράν
614 4174 630 4189 ο
658 4160 721 4215 οῦ
768 4161 878 4233 γὰρ
904 4155 974 4235 ἦν
1007 4160 1245 4216 Θανάτου
1282 4162 1482 4218 σκῦλον
1521 4165 1549 4218 ὁ
1580 4164 1814 4240 Κύριος,

1890 486 2002 529 non
2045 470 2269 529 occidat
2294 486 2464 543 super
2492 472 2837 530 iracundiam
2865 481 3131 529 vestram.
3160 470 3339 529 Nolite
3383 472 3466 530 lo-

1888 574 2017 615 cum
2055 559 2193 617 dare
2212 559 2453 616 diabolo.
2474 560 2581 629 Qui
2616 562 2924 626 iurabatur,
2947 561 3061 633 jam
3082 577 3205 618 .uon
3234 561 3465 618 furetur.

1891 652 2061 726 Magis
2088 664 2269 709 autem
2303 652 2516 709 laboret
2541 654 2826 725 operando
2864 654 3068 710 bonum
3100 652 3381 718 manibus,
3412 662 3472 708 ut

1891 745 2090 802 habeat
2124 745 2273 801 unde
2306 745 2515 802 tribuat
2546 747 2934 803 necessitatem
2982 746 3231 818 patienti.
3282 746 3476 804 Omnis

1890 850 2075 893 sermo
2105 836 2288 892 malus
2324 851 2392 893 ex
2424 851 2521 893 ore
2554 846 2743 895 vestro
2794 852 2907 893 non
2949 837 3211 908 procedat
3244 857 3256 893 :
3296 839 3392 896 sed
3427 842 3474 894 si

1891 929 2017 1002 quis
2045 931 2223 987 bonus
2251 931 2318 986 ad
2344 929 2766 989 aediﬁcationem
2812 931 2960 999 ﬁdei,
3005 939 3065 986 ut
3111 931 3204 988 det
3240 931 3477 1005 gratiam

1892 1023 2263 1083 audientibus.
2304 1044 2326 1078 ι

1967 1116 2037 1173 Ει
2079 1117 2129 1175 si
2176 1119 2303 1191 quis
2349 1118 2404 1174 in
2458 1118 2594 1173 iram
2648 1117 2860 1184 incidit,
2906 1131 3016 1175 non
3055 1124 3377 1192 perseveret
3402 1118 3482 1176 ita

1894 1218 1954 1267 ut
2011 1219 2242 1284 peccet;
2288 1212 2387 1269 sed
2445 1222 2575 1269 ante
2626 1212 2880 1283 placetur
2926 1226 3092 1285 quam
3142 1211 3317 1269 altera
3362 1212 3482 1269 dies

1894 1304 2172 1359 succedat.
2215 1301 2348 1359 Nam
2379 1304 2426 1361 si
2460 1304 2518 1359 in
2555 1303 2715 1361 vobis
2746 1304 2852 1359 ista
2884 1310 3101 1375 vageant
3128 1318 3250 1377 quas
3276 1304 3483 1363 diaboli

1895 1397 2058 1468 plane
2104 1398 2352 1454 instituta
2401 1406 2551 1463 sunt,
2612 1397 2874 1469 magister
2928 1397 3050 1468 ipse
3101 1395 3483 1467 superveniet,

1900 1499 2121 1563 propter
2171 1491 2498 1563 placitorum
2549 1505 2776 1548 suorum
2818 1488 3261 1547 observationem
3296 1502 3485 1545 accer-

1899 1586 2061 1643 situs.

1973 1680 2138 1737 Vsus.
2172 1680 2260 1737 30.
2294 1702 2310 1734 ι
2347 1681 2416 1737 Ει
2450 1681 2619 1737 nolite
2662 1679 3002 1737 contristare
3042 1677 3311 1750 Spiritum
3351 1692 3494 1741 san,

1831 1760 1876 1822 Β
1905 1784 2052 1831 ctum
2104 1773 2235 1843 Dei,
2284 1773 2341 1829 in
2394 1790 2503 1845 quo
2558 1772 2765 1847 signati
2818 1772 2956 1830 estis
2989 1771 3044 1828 in
3076 1771 3223 1829 diem
3265 1770 3489 1830 redem-

1906 1866 2133 1939 ptionis.
2181 1886 2200 1919 ι

1975 1957 2242 2030 Spiritus,
2293 1957 2514 2029 inquit,
2567 1968 2799 2012 aversus
2848 1953 2957 2011 erit
3008 1966 3043 2008 a
3088 1951 3288 2017 vobis.
3335 1951 3493 2009 velut

1904 2051 2116 2107 luctum
2154 2064 2361 2123 agens,
2408 2048 2576 2122 quia,
2622 2062 2749 2105 cum
2799 2048 2853 2103 in
2900 2044 3286 2119 obsignatione
3326 2044 3492 2101 datus

1906 2146 1978 2201 sit
2006 2144 2165 2201 vobis
2200 2152 2261 2199 ut
2291 2140 2813 2215 conjungeremini,
2876 2156 2973 2198 vos
3019 2150 3208 2196 tamen
3257 2152 3367 2195 non
3414 2152 3496 2194 rc-

1906 2238 2083 2310 periet
2134 2235 2205 2292 ad
2258 2236 2364 2292 hoc
2413 2236 2668 2301 idoneos,
2715 2232 2936 2290 tametsi
2987 2232 3221 2306 gratiam
3266 2245 3497 2303 recepe-

1908 2331 2050 2399 ritis,
2088 2345 2195 2402 qua
2251 2344 2469 2403 pmnam
2519 2328 2781 2386 interitus
2824 2335 2879 2385 et
2934 2325 3308 2399 corruptionis
3354 2322 3496 2391 εσυ·

1908 2427 2134 2498 geretis.

1988 2515 2151 2574 Vsns.
2189 2516 2281 2579 5|,
2317 2516 2409 2571 52.
2453 2534 2471 2567 ι
2500 2514 2695 2572 Omnis
2725 2513 3061 2584 amaritudo,
3095 2523 3151 2571 et
3191 2514 3298 2580 ira,
3332 2521 3389 2569 et
3413 2513 3500 2569 iu-

1908 2610 2183 2684 dignatio,
2209 2618 2267 2665 et
2297 2611 2529 2674 clamor,
2561 2618 2617 2665 et
2642 2607 2985 2679 blasphemia
3018 2607 3296 2665 tollatura
3318 2607 3497 2676 vobis,

1910 2722 2034 2764 cum
2062 2703 2212 2760 omni
2244 2702 2474 2759 malitia.
2522 2700 2713 2758 Estote
2749 2710 2932 2757 autem
2970 2700 3202 2759 invicem
3248 2699 3495 2773 benigni,

1912 2794 2320 2859 misericordes,
2362 2791 2636 2850 donantes
2666 2793 2929 2861 invicem,
2972 2791 3118 2849 sicut
3160 2798 3218 2848 et
3266 2789 3410 2849 Deus
3441 2792 3500 2847 in

1912 2888 2137 2945 Christo
2168 2886 2394 2943 donavit
2420 2885 2600 2944 vobis.
2646 2903 2668 2940 δ

1982 2982 2336 3053 Quaecunque
2381 2977 2632 3037 carnalis
2681 2986 2813 3036 sunt
2858 2975 3261 3051 ignobilitatis.
3294 2977 3498 3052 inquit,

1916 3074 2031 3131 haec
2090 3074 2389 3145 relinquat,
2449 3072 2549 3145 qui
2614 3072 2889 3146 spirituali
2955 3085 3109 3129 more
3162 3086 3286 3130 sese
3340 3087 3500 3130 con.-

1834 3146 1880 3204 (ἶ
1913 3174 2094 3239 parat.

2569 3301 2727 3360 CAP.
2769 3301 2838 3362 ν.

1986 3412 2152 3471 Vsus.
2187 3415 2236 3480 l,
2276 3414 2333 3470 ‘2.
2372 3433 2392 3469 ι
2444 3413 2633 3473 Estote
2677 3430 2809 3489 ergo
2866 3391 3177 3475 imitatores
3219 3415 3314 3475 Dei
3360 3415 3503 3476 sicut

1915 3509 2010 3565 lilii
2039 3509 2379 3573 charissimi,
2421 3520 2473 3566 et
2521 3504 2806 3567 ambulate
2835 3510 2893 3567 in
2924 3510 3243 3578 dilectione,
3280 3512 3425 3569 sicut
3448 3521 3504 3569 et

1912 3602 2170 3660 Christus
2211 3603 2404 3659 dilexit
2471 3620 2597 3668 nos.
2627 3612 2683 3661 et
2730 3603 2960 3661 tradidit
2999 3606 3357 3677 semetipsum
3402 3620 3504 3679 pro

1916 3697 2075 3754 nobis
2101 3697 2436 3755 oblationem
2468 3706 2529 3756 et
2556 3696 2801 3756 hostiam
2834 3697 2946 3757 Deo
2996 3699 3051 3755 in
3088 3698 3317 3758 odorem
3373 3716 3506 3760 sua-

1918 3789 2128 3845 vitatis.
2169 3808 2188 3841 ι

1988 3881 2198 3937 imitari
2230 3880 2400 3938 Deum
2432 3888 2675 3953 oportet,
2729 3879 2936 3954 inquit,
2963 3881 3034 3938 iis
3064 3881 3160 3955 qui
3212 3896 3315 3939 nos
3340 3879 3507 3953 oﬁ‘em

1919 3976 2123 4033 derunt
2207 3974 2566 4049 indulgendo,
2616 3988 2677 4032 ut
2729 3974 2829 4032 Dei
2883 3976 3240 4032 aemulatores
3304 3975 3503 4034 simus.

1916 4070 2085 4143 Atqui
2131 4069 2337 4127 Christi
2385 4077 2643 4137 mortem,
2696 4086 2809 4126 non
2856 4078 3097 4127 mortem
3133 4069 3372 4139 vocavit,
3410 4071 3508 4127 sed

1919 4164 2263 4219 oblationem.
2312 4160 2433 4219 Non
2502 4166 2648 4219 enim
2718 4162 2984 4220 Dominus
3053 4163 3235 4236 pralda
3313 4165 3509 4220 mortis

201 4248 346 4308 ἀλλὰ
376 4251 815 4325 αἰχμαλωτίζων
866 4257 948 4321 είς
990 4255 1137 4328 ζωὴν
1169 4257 1297 4321 τοὺς
1335 4259 1394 4313 ἒν
1422 4257 1664 4332 Θανάτῳ,
1693 4261 1804 4315 οῦδέ

1925 4254 2156 4321 exstitit,
2211 4254 2308 4312 sed
2357 4254 2426 4312 ad
2470 4255 2639 4311 vitam
2684 4256 2846 4312 duxit
2886 4254 3137 4329 captivos
3165 4270 3305 4329 quos
3355 4272 3508 4313 mors

204 4344 315 4401 ὑπὸ
352 4346 603 4401 Θανάτου
627 4347 1021 4420 κατεχόμενος,
1048 4346 1185 4405 ἀλλὰ
1218 4351 1370 4423 παρὰ
1390 4350 1534 4423 Θεῷ,
1561 4354 1659 4410 καὶ
1689 4355 1812 4410 τότε

202 4436 284 4494 ὢν
312 4440 522 4504 δεκτὸς
544 4440 641 4495 καὶ
675 4438 882 4513 τίμιος,
922 4442 1018 4497 καὶ
1042 4441 1217 4515 δῶρον
1251 4445 1393 4517 ὑπὲρ
1433 4444 1644 4519 κόσμου
1678 4464 1815 4503 πανο

204 4531 300 4598 τὸς
332 4532 723 4589 εὐωδέστατον
750 4532 899 4590 κατὰ
927 4534 1029 4608 τὴν
1064 4536 1350 4610 ἁγιότητα.

284 4730 307 4765 ι
347 4710 714 4789 Πορνείανδὶ,
746 4709 842 4765 καὶ
869 4712 1024 4766 πᾶσα
1072 4712 1409 4785 ἀκαθαρσία,
1458 4716 1493 4789 ἢ
1529 4716 1819 4786 πλεονεξία

209 4803 355 4879 μηδὲ
402 4804 778 4876 ὀνομαζέσθω
834 4808 893 4860 ὲν
930 4806 1080 4876 ὑμῖν,
1126 4807 1313 4873 καθὼς
1373 4810 1581 4881 πρέπει
1615 4811 1818 4881 ἁγίοις,

209 4902 308 4959 καὶ
332 4900 673 4975 αἰσχρότης,
722 4901 825 4965 καὶ,
854 4900 1186 4973 μωρολογία,
1224 4905 1319 4958 καὶ
1355 4904 1718 4976 εὐτραπελία,
1751 4906 1823 4961 τὰ

206 4992 311 5051 οὐκ
345 4997 661 5069 ἀνήκοντα,
685 4995 823 5051 ἀλλά
850 4996 1053 5073 μᾶλλον
1087 5000 1437 5072 εὐχαριστία.
1471 5019 1492 5053 a

282 5180 372 5236 Τὰ
405 5177 555 5251 πρὸς
580 5178 847 5251 ἀλλήλους
870 5180 1129 5253 ὠφέλιμα
1158 5181 1404 5251 διελθὼν,
1445 5189 1507 5241 τὸ
1534 5187 1660 5243 καθ’
1692 5189 1818 5244 ἑαυ-

209 5274 307 5329 τὸν
342 5274 594 5329 ἑκάστου
618 5276 836 5345 σῶφρον
860 5276 955 5329 καὶ
978 5276 1221 5349 καθαρὸν
1260 5280 1535 5351 ἐπιφέρει.
1572 5281 1708 5337 Οὐδὲ
1733 5282 1821 5336 ὲνο

205 5371 398 5453 ταῦΘα
426 5370 533 5425 τοῦ
556 5370 722 5443 νόμου
750 5372 937 5447 μέτρῳ
988 5373 1294 5448 χρώμενος,
1318 5377 1434 5431 ἀλλ’
1462 5377 1606 5451 ὑπὲρ
1638 5378 1819 5434 τοῦτο.

224 5464 384 5519 Ἐκεῖ
424 5464 535 5536 μὲν
565 5464 674 5534 γὰρ
703 5465 787 5530 τὸ,
833 5466 934 5522 οὐκ
990 5466 1145 5523 ἔσται
1178 5469 1485 5543 πορνεύων,
1518 5473 1641 5528 οὐδὲ
1683 5491 1821 5545 πο(-

211 5556 465 5614 νεύουσα
488 5576 505 5588 ο
530 5556 767 5627 λέγεται,
789 5559 1027 5616 ἐνταῦθα
1048 5563 1105 5617 δὲ
1125 5562 1206 5629 τὸ,
1231 5562 1391 5635 μηδὲ
1420 5564 1819 5637 ὀνομαζέσθω,

217 5649 250 5720 ἢ
281 5646 607 5707 ἁκουέσθω.

298 5786 351 5829 ⁸⁸
383 5785 562 5843 Deut.
602 5802 760 5855 xxnt,
796 5787 887 5847 17.

1923 4350 2175 4416 tenebat;
2229 4364 2330 4406 nec
2381 4363 2412 4406 a
2464 4358 2643 4405 morte
2694 4349 2957 4407 detentus
3002 4349 3132 4419 fuit,
3181 4351 3315 4422 quin
3353 4365 3510 4407 acce-

1923 4451 2049 4515 plus
2080 4449 2213 4499 tunc
2256 4451 2382 4499 erat
2428 4442 2540 4499 Deo
2574 4453 2626 4500 et
2660 4442 3038 4509 honorabilis,
3079 4444 3510 4516 suavissimiqun

1850 4533 1896 4590 Ι)
1927 4544 2152 4610 propter
2200 4538 2553 4596 sanctitatem
2607 4536 2797 4596 odoris
2849 4553 3050 4595 munus
3099 4552 3202 4611 pro
3251 4537 3511 4595 universo

1924 4636 2147 4690 mundo.

1989 4724 2157 4785 Vens.
2198 4731 2254 4798 3,
2282 4730 2339 4785 4.
2378 4746 2397 4783 ι
2430 4726 2751 4785 Fornicatio
2784 4737 2969 4785 autem
2986 4735 3040 4783 et
3068 4728 3249 4784 omnis
3274 4728 3511 4784 immun-

1920 4823 2083 4893 ditia,
2113 4831 2211 4879 aut
2248 4823 2505 4890 avaritia,
2549 4839 2648 4880 nec
2678 4823 3000 4880 nominetur
3030 4820 3089 4879 in
3129 4821 3313 4889 vobis,
3362 4821 3509 4878 sicut

1922 4917 2078 4976 decet
2112 4925 2374 4985 sanctos;
2416 4931 2519 4973 nec
2563 4914 2869 4988 turpitudo,
2924 4922 3021 4970 aut
3072 4912 3505 4985 stultiloquium,

1926 5021 2022 5068 aut
2047 5011 2385 5076 scurrilitas,
2416 5025 2541 5083 quae
2568 5008 2633 5066 ad
2660 5024 2777 5065 rem
2801 5024 2913 5065 non
2937 5008 3239 5081 pertinent,
3271 5006 3367 5063 sed
3397 5023 3510 5064 ma-

1926 5106 2011 5179 gis
2037 5106 2342 5178 gratiarum
2371 5103 2536 5159 actio.
2576 5120 2597 5158 ι

2001 5195 2310 5253 Reccnsitis
2344 5211 2465 5266 quae
2498 5195 2727 5253 utilitati
2781 5203 2986 5253 mutum
3025 5196 3338 5263 conferant,
3374 5196 3509 5255 suit-

1924 5288 2109 5359 jungit
2138 5289 2189 5344 id
2224 5304 2335 5360 quo
2368 5290 2606 5359 quisque
2646 5304 2817 5359 penes
2844 5306 2905 5348 se
2938 5298 3133 5347 castus
3172 5297 3232 5347 et
3272 5290 3511 5347 mundus

1936 5382 2098 5453 189
2133 5383 2224 5437 sit.
2284 5380 2473 5452 Neque
2520 5381 2611 5438 hic
2653 5382 2791 5454 legis
2852 5384 3059 5457 regulis
3106 5384 3357 5449 inhaeret,
3414 5386 3515 5440 sed

1931 5475 2075 5527 ultra
2137 5471 2509 5544 progreditur.
2566 5471 2685 5529 Illic
2741 5475 2889 5531 enim
2940 5475 3148 5532 dicitur
3186 5494 3199 5530 :
3234 5491 3347 5533 non
3408 5476 3513 5531 erit

1930 5575 2229 5633 scortator,
2258 5583 2434 5639 neque
2466 5569 2769 5627 scortum“
2798 5590 2812 5626 :
2844 5569 2933 5627 hic
2974 5586 3128 5641 vero,
3158 5587 3249 5629 nec
3275 5571 3513 5629 nomine-

1939 5670 2024 5714 tur
2058 5704 2071 5728 ,
2104 5674 2203 5717 nec
2231 5659 2513 5719 audiatur.
