3928 6264
207 359 299 428 853

1355 355 1438 418 ΙΝ
1472 351 1721 415 ΕΡῙΞΤ.
1748 349 1854 412 AD
1887 349 2284 414 EPHESIOS.

3355 353 3461 419 854

272 491 289 524 ι
325 471 382 523 0i
421 468 620 533 δοῦλοι,
661 469 968 523 ὑπακούετε
992 473 1104 535 τοῖς
1141 470 1280 525 κατά
1321 471 1504 542 σάρκα
1549 470 1758 542 κυρίοις

1935 461 2106 520 Vsus.
2150 464 2266 520 5-9.
2297 481 2319 518 ι
2355 463 2552 531 Servi,
2587 463 2803 521 obedite
2851 464 3089 522 dominis
3143 465 3464 525 carnalibus

209 562 334 634 μετά
360 561 521 630 φόϐου
556 565 650 614 καὶ
697 561 933 632 τρόμου,
981 564 1040 614 ὲν
1092 561 1358 632 ἁπλότητι
1399 560 1500 630 τῆς
1543 560 1771 634 καρδίας

208 653 364 725 θμώδ,
389 654 462 716 ὼς
494 652 573 723 τῷ
602 652 848 724 Χριστῷ,
883 653 964 724 μὴ.
987 653 1105 707 κατ’
1129 653 1652 723 δφθαλμοδουλείαν,
1695 652 1770 716 ὡς

207 744 662 817 ἀνθρωπάρεσκοι,
690 746 804 808 ἀλλ’
828 747 902 811 ὼς
930 746 1105 799 δοῦλοι
1133 745 1226 799 τοῦ
1262 745 1523 816 Χριστοῦ,
1555 743 1771 799 ποιοῦν-

205 856 285 902 τες
308 840 366 892 τὸ
398 837 611 910 θέλημα
645 839 736 892 τοῦ
767 839 905 893 Θεοῦ
932 841 996 892 ἐκ
1025 839 1225 910 ψυχῆς,
1261 837 1380 910 μετ’
1408 838 1622 903 εὐνοίας
1652 838 1773 891 δου-

205 930 433 993 λεύοντες
465 929 541 1000 τῷ
562 921 788 1004 Κυρίῳ,
819 933 915 985 καὶ
945 932 1047 986 οὐκ
1081 932 1410 1002 ἀνθρώποις.
1440 931 1656 991 sum;
1687 929 1773 982 ὅτι

204 1023 231 1077 ὃ
274 1025 361 1078 ἐάν
395 1038 447 1075 τι
481 1023 711 1086 ἕκαστος
744 1023 944 1095 ποίησῃ
993 1023 1198 1093 ἀγαθὸν
1221 1063 1236 1086 ,
1283 1021 1446 1076 τοῦτο
1497 1021 1770 1091 κομιεῖται

205 1117 340 1187 παρὰ
370 1114 460 1169 τοῦ
490 1117 728 1187 Κυρίου,
761 1117 870 1170 εἴτε
921 1117 1128 1181 δοῦλυς,
1171 1115 1284 1171 εἴτε
1317 1114 1626 1185 ἐλεύθερος.
1665 1115 1775 1168 Καὶ

204 1209 248 1262 oi
279 1209 449 1279 κύριοι
476 1209 545 1264 τά
573 1209 718 1264 αὐτὰ
750 1213 951 1264 ποιεῖτε
983 1211 1121 1283 πρὸς
1155 1210 1373 1274 αὐτοὺς,
1407 1210 1646 1272 ἀνιέντες
1674 1206 1772 1279 τὴν

205 1302 453 1373 ἀπειλὴν,
498 1303 728 1368 εἰδότες,
758 1305 842 1359 ὅτι
869 1305 964 1360 καὶ
1003 1305 1158 1376 ὑμῶν
1185 1302 1366 1358 αὐτῶν
1391 1306 1420 1356 ὁ
1454 1301 1658 1373 Κύριός
1683 1303 1775 1356 έσ-

206 1410 279 1445 τιν
325 1395 381 1446 ἐν
415 1393 669 1465 οὐρανοῖς
693 1435 708 1462 ,
755 1398 847 1449 καὶ
880 1394 1312 1468 προσωποληψία
1343 1395 1444 1449 οὐκ
1480 1392 1595 1447 ἔστι
1641 1395 1772 1466 παρ’

203 1483 358 1557 αὐτῷ.
400 1504 422 1538 ι

264 1578 428 1632 Πάλιν
479 1580 542 1634 τδ
594 1579 839 1652 ὑπήκοον
893 1581 1185 1636 emam;
1242 1582 1496 1656 πρῶτον,
1549 1579 1668 1636 εἶτα
1713 1581 1776 1635 τὸ

200 1671 520 1742 ἡγεμονικὸν
551 1671 799 1729 διδάσκει
847 1675 1221 1746 χρηστότητα.
1255 1676 1495 1748 κυρίους
1527 1674 1584 1728 δὲ
1623 1673 1775 1730 κατὰ

201 1765 390 1836 σάρκα
421 1767 577 1837 λέγει
598 1809 612 1832 ,
651 1768 736 1822 ὅτι
760 1769 822 1822 ού
859 1769 1089 1838 φυσικὸν
1112 1770 1145 1839 ἡ
1168 1768 1490 1832 δεσποτεία,
1513 1766 1647 1825 ,οὐδὲ
1673 1783 1772 1822 πε-

1873 570 2002 611 cum
2030 558 2232 614 timore
2265 565 2319 612 et
2355 569 2626 623 tremore,
2659 557 2712 612 in
2751 558 3110 628 simplicitate
3137 557 3326 617 cordis
3367 576 3462 615 νο-

1875 647 1977 702 stri
2005 648 2150 704 sicut
2173 648 2397 706 Christo
2423 669 2435 706 :
2470 667 2575 706 non
2605 652 2673 706 ad
2704 653 2923 706 oculum
2955 653 3280 720 servientes,
3305 652 3465 723 quasi

1877 741 2203 799 hominibus
2230 745 2543 815 placentes,
2577 745 2672 803 sed
2704 753 2764 800 ut
2796 747 2938 799 servi
2975 746 3185 802 Christi
3212 764 3228 807 ;
3264 746 3466 802 facien-

1875 840 1958 889 tes
1991 835 2329 890 voluntatem
2357 837 2456 892 Dei
2490 853 2558 892 ex
2591 840 2776 892 animo
2815 854 2941 891 cum
2981 840 3119 893 bona
3171 839 3455 893 voluntate

1875 928 2182 985 servientes
2216 928 2491 996 Domino,
2544 939 2601 986 et
2655 946 2767 986 non
2823 932 3165 988 hominibus.
3203 933 3455 987 Scienles

1876 1021 2138 1090 quoniam
2187 1023 2613 1093 unusquisque,
2675 1025 3054 1095 quodcunque
3116 1025 3309 1080 fecerit
3368 1024 3470 1080 bn-

1878 1127 2008 1166 nutn
2031 1152 2046 1178 ,
2081 1114 2182 1167 hoc
2212 1115 2442 1184 recipiet
2474 1130 2504 1168 a
2534 1112 2803 1180 Domino,
2842 1117 2962 1172 sive
2991 1132 3188 1172 servus
3209 1159 3222 1182 ,
3257 1118 3374 1172 sive
3406 1117 3472 1171 li-

1876 1201 1993 1258 ber.
2025 1203 2090 1257 Et
2123 1219 2242 1270 vos,
2276 1206 2510 1271 domini,
2537 1206 2727 1263 eadem
2761 1206 2926 1262 facite
2957 1209 3085 1270 illis.
3116 1211 3466 1265 remittentes

1876 1293 2098 1362 minas;
2131 1297 2371 1351 scientes
2391 1297 2529 1368 quia
2559 1307 2613 1353 et
2645 1306 2889 1354 vestrum
2918 1301 3166 1370 ipsorum
3205 1302 3471 1356 Dominus

1875 1395 1961 1442 est
1990 1387 2046 1442 in
2078 1389 2240 1444 cmlis
2263 1431 2277 1455 ,
2304 1399 2359 1444 et
2387 1393 2639 1462 acceptio
2668 1408 3034 1464 personarum
3066 1411 3173 1448 non
3210 1402 3295 1451 est
3326 1395 3469 1466 apud

1877 1480 2079 1551 ipsum.
2111 1500 2132 1532 ι

1950 1574 2114 1646 192
2156 1575 2421 1635 Subditos
2459 1578 2644 1635 denuo
2687 1578 2930 1649 primum
2974 1580 3237 1651 subjicit,
3273 1580 3474 1637 deinde

1879 1664 2002 1724 illos
2033 1669 2127 1739 qui
2157 1672 2236 1726 eis
2268 1670 2665 1740 prazllciuntnr,
2695 1671 3108 1728 .hmnanitatem
3146 1673 3331 1730 docet.
3365 1673 3473 1729 Do-

1882 1759 2062 1818 minus
2097 1770 2281 1818 autem
2343 1766 2418 1820 ait
2487 1767 2773 1820 secundum
2831 1783 3044 1821 carnem
3083 1784 3102 1822 :
3150 1768 3472 1824 dominatus

199 1850 412 1934 itoiqrai
431 1877 516 1927 τις
533 1860 720 1925 δοῦλος
745 1862 954 1932 ἑτέρου,
982 1863 1233 1933 καθάπερ
1255 1862 1324 1918 τά
1354 1861 1468 1926 ζῶα
1490 1863 1560 1915 τὰ
1580 1862 1772 1930 ἄλογα.

1901 1854 2025 1908 :nim
2057 1869 2164 1910 non
2201 1868 2286 1912 est
2319 1872 2349 1912 a
2376 1867 2583 1914 natura
2604 1900 2619 1921 ,
2657 1875 2756 1915 nec
2788 1860 3082 1930 quisquam
3113 1876 3311 1917 servus
3340 1861 3473 1916 alte-

205 1955 308 2026 Τῆς
348 1956 498 2021 Θείας
548 1956 606 2009 δὲ
655 1957 942 2022 δουλείας,
973 1956 1040 2028 ἥν
1091 1956 1384 2029 ὑπέμεινεν
1417 1959 1446 2011 ὸ
1483 1958 1543 2011 ὲν
1586 1956 1776 2011 δούλου

209 2050 375 2120 μορφῇ
403 2050 721 2122 γενόμενος,
755 2049 927 2114 τύπος
965 2051 1175 2119 γίνεται
1217 2051 1253 2122 ἡ
1287 2051 1605 2123 ἀνθρωπίνη
1635 2053 1779 2123 ὑπη-

207 2143 350 2213 ρεσξα
364 2142 471 2195 τῶν
497 2143 754 2215 καθαρῶς
773 2143 1135 2196 δουλευόντων
1167 2145 1263 2199 καὶ
1284 2143 1574 2210 ἑκουσίως,
1597 2144 1675 2208 ὡς
1695 2146 1779 2210 είς

202 2233 324 2288 Θεὸν
360 2234 710 2309 ἀναγομένης
742 2236 843 2309 τῆς
875 2236 1143 2303 δουλείαςς

229 2548 234 2550 .
272 2526 290 2558 ι
326 2503 434 2561 Τοῦ
472 2503 668 2560 λοιποῦ
704 2505 1102 2577 ἐνδυναμοῦσθε
1133 2507 1195 2562 ἐν
1229 2507 1444 2583 Κυρίῳ,
1480 2512 1576 2566 καὶ
1614 2514 1675 2568 ἐν
1700 2514 1780 2585 τῷ

204 2600 387 2673 κράτει
412 2600 516 2671 τῆς
553 2599 735 2675 ίσχύος
765 2602 953 2656 αὐτοῦ.
997 2601 1322 2658 Ἐνδύσασθε
1352 2603 1451 2676 τὴν
1476 2608 1781 2662 πανοπλίαν

201 2693 287 2748 τοῦ
315 2693 452 2749 Θεοῦ
483 2693 623 2767 πρὸς
650 2692 714 2748 τὸ
736 2693 1000 2749 δύνασθαι
1028 2695 1173 2766 ὑμᾶς
1203 2698 1418 2770 στῆναι.
1461 2717 1480 2751 ι

268 2786 510 2856 Δύναμιν
543 2788 942 2861 προσγενέσθαι
961 2790 1044 2844 δεῖ
1066 2790 1166 2862 τὴν
1199 2791 1351 2862 παρὰ
1372 2790 1530 2857 Θεοῦ,
1557 2796 1670 2859 τοῖς
1699 2797 1784 2860 είς

202 2878 482 2933 ἀσθένειαν
520 2879 928 2934 καταπεσοῦσιν
979 2880 1329 2954 ἀνθρώποις,
1361 2884 1448 2938 ίνα
1497 2883 1635 2958 λύσῃ
1683 2886 1784 2956 τὴν

203 2971 485 3028 ἀσθένειαν
521 2973 556 3045 ἡ
607 2974 707 3043 τῆς
743 2973 1026 3046 δυνάμεως
1067 2973 1432 3048 ἐπανάληψις.
1462 2977 1576 3049 τὴν
1605 2976 1662 3032 δὲ
1702 2977 1784 3034 δύο

202 3082 357 3138 ναμιν
385 3068 598 3138 ταύτην
627 3049 837 3131 είκάζει
876 3069 1191 3139 πανοπλία,
1224 3070 1439 3142 δηλῶν,
1480 3071 1567 3126 δτι
1603 3070 1785 3127 mea-

205 3174 302 3228 περ
328 3159 356 3212 δ
380 3159 592 3231 γυμνὸς
618 3162 680 3213 ού
723 3160 946 3224 δυνατάς
985 3163 1136 3216 ἐστιν
1162 3163 1240 3228 είς
1317 3166 1584 3234 πόλεμον,
1611 3164 1786 3229 οὕτως

1887 1949 2005 2004 rius
2040 1949 2301 2007 conditus
2335 1951 2437 2006 fuit
2460 1995 2474 2019 ,
2511 1953 2985 2023 quemadmodum
3016 1955 3179 2010 bruta
3224 1956 3476 2010 animau-

1887 2042 1983 2098 tia.
2020 2041 2230 2099 Divina:
2258 2060 2388 2099 vero
2421 2047 2704 2102 servitutis
2736 2045 2890 2101 illius
2915 2088 2930 2106 .
2957 2063 3125 2118 quam
3166 2047 3212 2104 is
3256 2049 3478 2103 sustulit

1884 2135 1979 2208 qui
2013 2137 2067 2192 in
2108 2136 2284 2192 forma
2324 2138 2509 2195 factus
2547 2148 2631 2196 est
2662 2140 2846 2208 servi,
2871 2139 3108 2211 ﬁguram
3138 2141 3346 2212 praebet
3373 2143 3477 2196 mi-

1885 2229 2177 2285 nisterium
2217 2231 2557 2299 humanum,
2595 2234 2740 2305 quod
2788 2242 3052 2307 praestant
3091 2234 3170 2290 illi
3218 2236 3314 2304 qui
3355 2233 3472 2291 sin-

1886 2337 2010 2378 cere
2039 2331 2092 2381 et
2124 2332 2323 2394 sponte
2353 2325 2643 2394 serviunt,
2679 2335 2738 2383 ut
2773 2328 2840 2382 ad
2889 2326 3060 2384 Deum
3104 2328 3345 2384 servitus
3386 2327 3476 2383 illa

1891 2421 2190 2474 referatur.

1960 2511 2126 2567 Vens.
2170 2513 2268 2580 l0,
2314 2515 2400 2569 ll.
2433 2536 2452 2566 ‹
2490 2515 2564 2570 lle
2615 2522 2852 2583 caetero,
2903 2515 3141 2581 fratres,
3187 2516 3478 2573 conferta-

1884 2603 2024 2659 mini
2055 2603 2108 2658 in
2139 2604 2377 2678 Domino
2401 2645 2416 2672 ,
2444 2615 2500 2662 et
2547 2607 2606 2660 in
2649 2607 2895 2677 potentia
2943 2608 3172 2662 virtutis
3221 2607 3360 2678 eius.
3395 2606 3480 2663 lu-

1892 2698 2040 2752 ilnite
2065 2679 2164 2754 vos
2191 2708 2530 2755 armaturam
2563 2696 2655 2756 Dei
2680 2738 2698 2766 ,
2725 2706 2784 2754 ut
2810 2701 3049 2771 possitis
3078 2710 3245 2756 stare.
3280 2720 3300 2753 ι

1964 2787 2156 2846 Virtus
2187 2792 2300 2849 illis
2331 2793 2651 2849 hominibus
2681 2794 2776 2864 qui
2805 2794 2864 2850 in
2887 2793 3268 2850 inﬁrmitatem
3295 2794 3482 2850 labun-

1893 2893 2004 2948 tur,
2033 2901 2064 2941 a
2101 2884 2215 2943 Deo
2239 2885 2469 2942 accedat
2489 2901 2727 2944 necesse
2752 2900 2838 2944 est
2858 2931 2875 2955 ,
2906 2904 3013 2958 qua
3044 2888 3280 2958 pellatur
3308 2886 3487 2943 imbe-

1893 2975 2104 3034 cillitas
2150 2980 2577 3053 recuperatione
2625 2981 2852 3039 virium.
2880 2980 3036 3038 llanc
3063 2996 3196 3038 vero
3225 2983 3485 3036 virtutem

1894 3088 2024 3129 cum
2066 3072 2364 3143 omnigena
2389 3085 2674 3132 armatura
2703 3083 3020 3148 comparat,
3066 3084 3127 3130 ut
3179 3074 3480 3147 signiticet.

1895 3165 2358 3236 quemadmodum
2387 3169 2478 3240 qui
2510 3169 2696 3225 nudus
2725 3177 2812 3227 est
2832 3209 2846 3235 ,
2878 3169 3210 3240 belligerare
3241 3184 3351 3224 non
3384 3183 3478 3238 po-

203 3253 231 3304 ὸ
269 3253 585 3324 Πνεύματος
619 3255 907 3326 ἀμέτοχος,
931 3255 993 3309 οὐ
1019 3256 1247 3320 δυνατὸς
1275 3257 1415 3334 πρὸς
1437 3231 1533 3314 τὸν
1552 3256 1651 3330 τὴν
1685 3275 1784 3314 κα·-

1901 3231 2035 3325 lcst,
2063 3259 2144 3318 sic
2161 3276 2299 3317 eum
2332 3231 2424 3332 qui
2459 3263 2723 3334 Spiritum
2757 3231 2868 3318 non
2896 3231 3112 3334 accepit
3134 3302 3150 3326 ,
3193 3231 3484 3318 nullis-in-

207 3343 324 3398 κίαν
351 3346 789 3417 ἐξεργαζόμενον
825 3348 917 3404 τὸν
954 3349 1224 3409 διάϐολον.

278 3547 295 3580 ι
335 3529 479 3599 Πρὸς
505 3530 606 3591 τὰς
641 3528 923 3597 μεθοδείας
947 3530 1042 3584 τοῦ
1068 3531 1341 3586 διαϐόλου.
1366 3533 1488 3588 Ὀτι
1521 3536 1619 3589 οὐκ
1643 3535 1792 3591 ἔστιν

211 3621 392 3694 ἡμῖνὴ
431 3621 581 3694 πάλη
637 3621 772 3694 πρὸς
799 3617 938 3694 αἷμα
975 3623 1069 3676 καὶ
1115 3624 1314 3694 σάρκα,
1351 3625 1491 3681 ἀλλὰ
1527 3628 1662 3699 πρὸς
1692 3630 1792 3694 τὰς

211 3713 394 3784 ἀρχὰς,
434 3715 576 3787 πρὸς
625 3717 753 3780 τοὺς
797 3718 1255 3789 κοσμοκράτορας
1285 3718 1380 3776 τοῦ
1432 3724 1662 3786 σκότους’
1696 3723 1792 3793 τοῦ

210 3805 397 3871 αἰῶνος
429 3807 652 3871 τούτου,
691 3807 827 3878 πρὸς
862 3809 927 3861 τὰ
965 3809 1255 3880 πνεύματα
1298 3812 1398 3880 τῆς
1430 3815 1698 3884 πονηρίας
1737 3816 1793 3869 ἐν

1895 3361 2168 3409 structum
2199 3354 2410 3412 viribus
2439 3371 2565 3414 esse
2593 3355 2859 3413 adversus
2897 3353 3213 3422 diabolum,
3240 3355 3334 3426 qui
3367 3369 3482 3408 ma-

1895 3447 2028 3503 litia:
2057 3457 2143 3504 est
2174 3457 2392 3504 auctor.

1972 3561 1993 3594 ε
2019 3541 2305 3598 Adversus
2335 3543 2570 3597 insidias
2602 3541 2833 3597 diaboli.
2853 3538 3047 3615 [νειιε.
3078 3539 3177 3604 12,
3196 3536 3311 3612 13.]
3331 3537 3483 3608 ριιος-

1898 3635 2044 3690 niam
2077 3651 2187 3690 non
2217 3647 2303 3691 est
2337 3637 2498 3691 nobis
2529 3635 2854 3690 colluctatio
2882 3635 3151 3690 adversus
3179 3649 3406 3688 carnem
3430 3641 3487 3689 et

1897 3729 2220 3798 sanguinem
2236 3771 2260 3786 ..
2295 3729 2392 3784 sed
2419 3728 2694 3798 adversus
2726 3726 3072 3797 principatus
3112 3734 3179 3780 εει
3228 3729 3484 3794 potesta-

1900 3830 1980 3872 tes
2015 3835 2031 3884 ;
2081 3822 2349 3874 adversus
2382 3827 2625 3874 rectores
2657 3805 2888 3882 mundi],
2921 3816 3275 3872 tenebrarum
3319 3815 3488 3884 hujus

210 3905 312 3966 τοῖς
339 3904 711 3974 ιπουρανίοιε.
737 3903 837 3956 Διὰ
860 3900 1018 3956 τοῦτο
1043 3903 1342 3958 ἀναλάϐετε
1363 3904 1465 3977 τὴν
1487 3907 1786 3961 πανοπλίαν

1901 3913 2083 3967 εευςιιίί
2109 3952 2123 3974 .
2159 3922 2356 3967 contra
2411 3913 2730 3982 spiritualia
2765 3909 3029 3982 nequitia:
3057 3908 3114 3964 in
3140 3907 3483 3964 cmlestihus.

211 3996 296 4048 τοῦ
327 3995 487 4065 Θεοῦ,
533 3997 622 4050 ἵνα
654 3997 924 4071 δυνηθῆτε
960 3998 1281 4069 ἀντιστῆναι
1320 3999 1380 4053 ἐν
1405 4002 1475 4073 τῇ
1508 4001 1698 4076 ἡμέρᾳ
1727 4005 1793 4076 τῇ

213 4093 417 4166 πονηρᾷ
436 4133 450 4156 ,
482 4091 584 4147 καὶ
611 4091 827 4149 ἃπαντα
858 4093 1336 4165 κατεργασαμένοι
1365 4083 1577 4170 στῆναι,
1618 4115 1637 4150 ι

277 4184 610 4241 Μεθοδείαν
639 4185 805 4256 αὐτὴν
831 4186 1007 4252 καλεῖ,
1032 4185 1129 4258 τὴν
1153 4186 1246 4241 τοῦ
1268 4187 1518 4244 διαϐόλου
1546 4207 1791 4261 ,κακουρ-

211 4281 362 4344 τίαν,
394 4281 478 4335 ὄτι
511 4283 614 4334 ούκ
644 4276 704 4346 ἐξ
747 4279 964 4345 εὐθείας
1003 4282 1032 4335 ὃ
1081 4281 1333 4352 βούλεται
1385 4285 1794 4339 κατασκευάσαι

210 4371 498 4437 δεεκνυσιν,
542 4373 684 4427 ὥστε
723 4374 799 4446 μὴ
843 4372 1099 4443 γενέσθαι
1133 4375 1462 4449 κατάφωρος
1487 4415 1504 4438 ,
1533 4375 1650 4430 ἀλλ’
1680 4377 1797 4430 ἕτε-

217 4482 299 4532 ρον
333 4464 517 4536 ἑαυτῷ
560 4461 1264 4536 περιτιθεὶςπροσωπεῖον,
1284 4464 1450 4538 ἔτερα
1481 4467 1790 4521 τεκταίνειο

217 4559 300 4610 κάὶ
342 4559 599 4628 καθάπερ
633 4559 892 4628 πολέμιος
931 4557 1242 4628 κακουργδς
1273 4559 1426 4612 πόλει
1472 4553 1796 4632 προσϐαλὼν

217 4654 301 4702 καὶ
342 4654 589 4723 τείχεσι,
634 4651 885 4705 κάτωθεν
934 4651 1236 4724 ὑπορύττει
1282 4651 1600 4717 λανθάνων,
1645 4653 1794 4708 ὥστε

218 4743 379 4816 ταύτῃ
411 4743 677 4812 γενέσθαί
708 4743 1104 4814 δυσφύλακτος,
1143 4745 1239 4798 καὶ
1270 4746 1615 4814 κατορθῶσαι
1653 4745 1799 4819 ἅπερ

219 4830 567 4887 ἐσπούδακεν.
1781 4831 1784 4834 ’

287 4943 305 4977 ι
349 4926 527 4993 Στῆτε
559 4919 653 4982 οὖν
695 4927 1139 5001 περιζωσάμενοι
1177 4929 1279 5000 τὴν
1343 4928 1519 4999 ὀσφῦν
1554 4928 1712 4998 ὑμῶν
1743 4932 1802 4982 ιν

220 5015 459 5092 ἀληθείᾳ,
499 5019 597 5074 καὶ
632 5020 984 5091 ἐνδυσάμενοι
1032 5023 1124 5075 τὸν
1162 5019 1390 5093 θώρακα
1437 5021 1537 5088 τῆς
1585 5022 1800 5076 δικαιοο

225 5111 409 5181 σύνης.
439 5114 538 5168 καὶ
570 5114 974 5185 ὑποδησάμενοι
1026 5115 1153 5178 τοὺς
1190 5115 1360 5178 πόδας
1399 5116 1458 5167 ὲν
1511 5115 1802 5188 ἑτοιμασίᾳ

221 5204 308 5258 τοῦ
347 5207 684 5276 Εὑαγγελὶου
715 5208 818 5279 τῆς
850 5209 1096 5281 εἰρήνης.
1143 5209 1265 5262 Ἐπὶ
1299 5212 1464 5263 πᾶσιν
1503 5210 1801 5265 ἀναλαϐόν-

224 5310 306 5356 τες
333 5298 425 5352 τὸν
454 5299 651 5370 θυρεὸν
675 5301 777 5371 τῆς
811 5301 1076 5366 πίστεως.
1112 5302 1173 5356 ὲν
1206 5296 1249 5370 ᾧ
1290 5303 1586 5372 δυνήσεσθε
1622 5303 1802 5358 πάντα

225 5388 286 5442 τὰ
325 5387 454 5462 βέλη
511 5390 608 5444 τοῦ
646 5392 888 5464 πονηροῦ
940 5391 1011 5446 τά
1045 5393 1421 5464 πεπυρωμένα
1462 5393 1653 5448 σϐέσαι
1709 5397 1803 5448 καὶ

227 5481 318 5551 τὴν
350 5485 786 5555 περικεφαλαίαν
827 5487 921 5540 τοῦ
966 5489 1238 5560 σωτηρίου
1278 5485 1529 5552 δέξασθε,
1572 5487 1666 5540 καὶ
1704 5488 1804 5557 τὴν

232 5574 501 5647 μάχαιραν
546 5577 642 5631 τοῦ
691 5577 1003 5649 πνεύματος
1024 5595 1039 5620 ν
1081 5579 1112 5634 ὅ
1147 5579 1273 5632 ιὲστι
1312 5581 1477 5651 ’ῥῆμα
1512 5565 1649 5632 Θεοῦ
1673 5618 1687 5642 ,
1715 5579 1805 5636 διὰ

233 5669 403 5739 πάσης
451 5671 759 5742 προσευχῆς
813 5674 909 5726 καὶ
947 5672 1225 5744 δεήσεως,
1276 5673 1709 5744 προσευχόμενοι
1746 5674 1803 5728 έν

235 5752 386 5816 sum
407 5762 585 5836 καιρῷ
609 5766 664 5819 ὲν
691 5765 986 5837 πνεύματι,
1014 5767 1108 5820 καί
1136 5767 1217 5830 είς
1247 5767 1382 5820 αὐτὸ
1405 5763 1566 5821 τοῦτο
1588 5767 1805 5839 ἀγρυπ-

237 5855 446 5925 νοῦντες
473 5860 535 5916 ιη
562 5860 708 5934 πάσῃ
747 5861 1080 5933 καρτερήσει
1107 5862 1202 5918 καὶ
1232 5862 1440 5933 δεήσει.
1475 5880 1496 5917 ι

1893 4001 2194 4074 Pmpterea
2229 4003 2461 4074 accipite
2490 4009 2831 4057 armaturam
2864 3999 2962 4057 Dei
2981 4008 3044 4056 ut
3071 4001 3298 4073 possitis
3356 4014 3482 4055 sus-

1895 4096 2072 4149 tinere
2101 4095 2154 4148 in
2185 4094 2275 4152 die
2302 4095 2446 4150 inata
2467 4135 2480 4157 ,
2504 4101 2564 4148 et
2594 4092 2854 4152 omnibus
2885 4092 3164 4163 superatis
3191 4098 3361 4148 stare.
3397 4111 3416 4144 ι

1969 4189 2132 4241 Artes
2157 4195 2213 4242 ct
2237 4187 2465 4242 insidias
2496 4193 2659 4242 vocat
2682 4186 2991 4243 versutiam
3021 4184 3228 4240 diaboli
3252 4227 3264 4249 ,
3290 4183 3492 4256 quippe

1898 4282 1998 4355 qui
2028 4297 2136 4336 non
2168 4283 2355 4337 statim
2385 4291 2436 4338 et
2475 4289 2622 4338 recta
2667 4287 2944 4337 monstrat
2981 4280 3118 4350 quid
3163 4280 3492 4334 velit‘eonli-

1900 4390 2061 4441 cere,
2116 4391 2183 4429 ne
2237 4368 2725 4445 deprehendatur:
2771 4373 2867 4430 sed
2907 4389 3146 4447 persona
3194 4375 3363 4430 altera
3401 4389 3490 4430 as-

1903 4480 2158 4540 sumpta,
2215 4469 2466 4538 quaedam
2515 4469 2623 4524 alia
2673 4470 2899 4522 molitur
2941 4486 2954 4522 :
3010 4468 3158 4524 haud
3204 4483 3369 4524 secus
3427 4483 3492 4522 ac

1906 4562 2058 4616 vaier
2107 4563 2284 4618 bouis
2329 4565 2520 4618 urbem
2563 4573 2616 4617 et
2660 4579 2848 4618 muros
2891 4562 3299 4633 oppugnando.
3334 4563 3488 4617 clam

1905 4654 2047 4710 ittfra
2080 4656 2303 4712 suﬂ‘odit
2326 4695 2342 4721 ,
2371 4669 2425 4711 ut
2460 4657 2673 4711 civitati
2759 4673 2902 4726 aegre
2937 4675 2964 4708 ιι
3002 4674 3061 4712 se
3105 4667 3389 4722 caveatur,
3421 4665 3478 4710 et

1902 4751 2022 4822 ipse
2048 4751 2180 4806 illud
2214 4761 2392 4822 patrct
2422 4753 2476 4807 in
2508 4751 2654 4823 quod
2685 4760 2933 4805 enititur.

1980 4929 2168 4985 Vens.
2195 4929 2381 4985 “48.
2405 4950 2430 4982 ι
2454 4929 2616 4986 State
2648 4944 2781 5002 ergo
2812 4929 3090 4985 succincti
3136 4930 3357 4985 lumbos
3399 4945 3492 4983 ve-

1907 5034 2053 5078 stros
2084 5026 2135 5076 in
2166 5025 2393 5077 veritate
2415 5064 2429 5089 ,
2461 5032 2516 5078 et
2547 5021 2722 5078 induti
2755 5023 2982 5078 loricam
3009 5023 3268 5091 justitize,
3299 5033 3351 5077 et
3379 5024 3495 5076 cal-

1907 5116 2252 5185 ceatipedes
2288 5115 2342 5168 in
2379 5114 2836 5186 prmparatiunem
2881 5111 3163 5182 Evangelii
3213 5114 3384 5183 pacis.
3431 5110 3492 5166 in

1907 5210 2482 5264 omnibussumentes
2511 5216 2730 5264 scutum
2784 5207 2945 5273 ﬁdei,
2997 5207 3051 5260 in
3104 5221 3213 5277 quo
3268 5208 3494 5277 possitis

1907 5306 2093 5357 omnia
2123 5305 2226 5358 tela
2254 5303 2580 5374 nequissimi
2611 5303 2769 5374 ignea
2797 5301 3174 5372 exstingucrc.
3204 5301 3266 5355 Et
3284 5300 3493 5370 galeam

1908 5398 2110 5451 salutis
2163 5398 2468 5463 assumite,
2518 5408 2572 5451 et
2617 5395 2860 5466 gladium
2908 5395 3143 5466 spiritus
3186 5393 3376 5464 (quod
3412 5404 3494 5449 est

1909 5491 2136 5543 vet-hum
2171 5487 2302 5556 Dei)
2333 5507 2430 5559 per
2460 5505 2681 5543 omnem
2716 5487 3030 5544 orationem
3061 5499 3114 5542 et
3156 5487 3494 5542 obsecratio-

1909 5600 2032 5638 nem
2057 5624 2071 5647 ,
2110 5594 2339 5640 orantes
2371 5582 2521 5637 omni
2565 5592 2813 5653 tempore
2855 5582 2911 5637 in
2952 5581 3190 5653 spiritu;
3222 5587 3277 5637 ct
3318 5584 3370 5634 in
3402 5581 3496 5636 ιιι-

1908 5677 2086 5749 ipsum
2127 5677 2417 5748 vigilantes
2482 5676 2536 5731 in
2586 5674 2733 5731 omni
2806 5673 3071 5730 instantia
3133 5681 3187 5728 et
3243 5671 3496 5729 obsecra-

1909 5772 2079 5828 timie.
2107 5789 2128 5824 ι
