3928 6264
411 386 518 451 859

1611 385 1670 446 S.
1706 384 2030 447 JOANNIS
2069 386 2505 450 DAMASCENI

3574 373 3684 442 860

406 499 632 565 Christi,
666 493 856 563 repleti
911 495 1092 548 fructu
1144 493 1394 565 justitize,
1427 493 1522 563 qui
1556 503 1641 548 est
1691 509 1788 566 per
1805 491 1992 551 Iesum

2135 496 2191 548 αἰ
2214 497 2560 570 ἀπρόσκοποι
2586 495 2664 560 εἰς
2694 493 2913 568 ἡμέραν
2963 490 3225 563 Χριστοῦ,
3255 489 3684 560 πεπληρωμένοι

408 597 690 654 Christum
727 593 783 652 iu
813 593 1042 663 gloriam
1069 600 1122 646 et
1154 590 1368 648 laudem
1549 605 1570 642 ι

481 769 620 836 Quia
647 769 822 823 multo
845 767 1067 820 illorum
1127 779 1317 820 amore
1347 764 1640 834 flagrabat,
1673 764 1745 816 ita
1779 771 1838 818 ut
1874 778 2003 818 nus-

411 877 578 930 quam
609 861 856 928 ipsorum
890 858 1340 921 oblivisceretur,
1361 855 1476 909 sive
1502 857 1554 908 in
1579 855 1813 910 vinculis
1829 865 1998 922 esset,

412 956 529 1010 sive
556 969 616 1008 se
644 952 962 1008 defenderet
996 967 1009 1000 :
1044 965 1162 1004 eam
1186 948 1258 1003 ob
1292 964 1407 1003 rem
1433 947 1667 1018 hujusce
1700 948 1777 1003 rei
1804 957 2000 1004 testem

410 1048 650 1118 appellat
670 1045 864 1100 Deum.
898 1044 975 1099 Ne
996 1059 1123 1098 vero
1139 1043 1410 1113 quispiam
1440 1043 1820 1111 suspicaretur
1851 1057 1998 1108 eum,

410 1139 733 1196 assentandi
768 1139 954 1193 animo
999 1147 1224 1207 propter
1258 1136 1629 1191 ministerium
1663 1137 1811 1206 quod
1844 1137 1909 1189 ad
1942 1149 2003 1191 se

412 1236 703 1294 miserant.
746 1232 1016 1302 ejusmodi
1080 1233 1284 1285 habere
1333 1245 1646 1292 sermones,
1684 1229 2001 1298 subjunxit,

415 1329 474 1382 in
511 1327 796 1382 visceribus
826 1325 1026 1380 Christi
1055 1323 1226 1390 Iesu;
1253 1313 1368 1394 quo
1400 1323 1736 1393 signiﬁcaret
1778 1339 1838 1380 se
1883 1323 2008 1379 illos

412 1433 757 1490 amare.qua
826 1419 1097 1473 charitate
1139 1417 1418 1472 Christum
1468 1417 1686 1472 sincere
1717 1416 2006 1488 diligebat.

2095 589 2312 660 καρπὸν
2367 589 2720 660 δικαιοσύνης
2774 590 2867 643 τὸν
2919 587 3006 640 διὰ
3062 583 3238 656 Ἰησοῦ
3284 581 3546 654 Χριστοῦ.
3605 583 3683 646 εἰς

2095 677 2253 749 δόξαν
2289 684 2384 737 καὶ
2402 682 2624 738 ἔπαινον
2649 682 2808 737 Θεοῦ.
2844 699 2864 734 ι

2185 776 2411 849 Ἐπειδὴ
2437 774 2644 848 πολλὴν
2687 769 2849 830 εἶπεν
2911 773 3058 844 ἔχειν
3091 771 3168 834 είς
3201 768 3398 832 αὐτοὺς
3439 765 3685 835 ἀγάπην,

2100 871 2176 934 ὡς
2211 869 2466 942 μηδαμοῦ
2497 869 2697 934 αὐτοὺς
2723 867 3081 940 παραλιπεῖν,
3105 862 3183 932 μὴ
3209 861 3269 914 ὲν
3295 859 3516 928 δεσμοῖς
3535 857 3689 918 ὄντα,

2107 963 2183 1035 μὴ
2211 964 2270 1015 ἐν
2305 961 2595 1034 ἀπολογία,
2620 958 2812 1016 τούτου
2846 959 3008 1031 χάριν
3045 957 3302 1028 μάρτυρα
3325 951 3420 1006 ἐπὶ
3446 949 3696 1020 τοσούτῳ

2106 1054 2396 1126 πράγματι
2452 1053 2800 1109 ἐπικαλεῖται
2853 1051 2942 1105 τὸν
2992 1049 3146 1104 Θεόν.
3200 1047 3317 1100 Ἵνα
3367 1045 3423 1098 δὲ
3484 1045 3559 1115 μή
3611 1059 3696 1104 τις

2107 1147 2392 1213 ὑπολάϐοι,
2419 1147 2494 1212 ὡς
2523 1145 2612 1202 διά
2643 1143 2744 1219 τὴν
2775 1143 3057 1199 διακονίαν
3076 1144 3142 1211 ἣν
3161 1136 3497 1194 ἀπέστελλον
3517 1134 3695 1205 αὐτῷ,

2106 1239 2515 1317 κολακεύωντὰ
2529 1235 2758 1305 τοιαῦτα
2787 1238 2962 1306 λέγει,
2998 1237 3304 1307 ἐπήγαγεν,
3355 1231 3427 1286 ἐν
3449 1229 3696 1299 σπλάγ-

2107 1350 2278 1404 χνοις
2305 1330 2567 1402 Χριστοῦ
2599 1329 2819 1402 Ἰησοῦ,
2850 1329 3067 1393 δεικνὺς
3112 1329 3195 1382 ὅτι
3229 1326 3264 1397 ὴ
3319 1324 3513 1395 ἀγάπη
3545 1321 3702 1393 αὐτῷ

2107 1425 2274 1480 διὰτὸ
2295 1427 2376 1490 είς
2414 1425 2653 1498 Χριστὸν
2681 1423 2909 1496 γνήσιόν
2935 1424 3106 1485 ἐστιν,
3139 1420 3236 1475 καὶ
3260 1417 3423 1473 τοῦτο
3450 1416 3705 1489 εὔχεται,

411 1515 554 1569 Tum
610 1513 712 1568 hoc
765 1520 1119 1582 apprecatur,
1173 1520 1232 1565 ut
1299 1511 1354 1565 in
1385 1512 1702 1582 cognitione
1748 1521 1802 1566 et
1837 1526 2004 1568 sensu

2133 1517 2205 1573 τοῦ
2239 1519 2576 1592 προκόπτειν
2606 1518 2808 1583 αὐτοὺς
2853 1518 2913 1572 ὲν
2964 1511 3263 1584 ἐπιγνώσει
3289 1510 3386 1567 καὶ
3417 1511 3702 1581 αἰσθήσει,

412 1621 742 1676 progressus
771 1602 1001 1665 faciant.
1042 1602 1452 1674 diligentesque
1484 1604 1859 1674 pensitatores
1890 1605 2007 1660 sint

2133 1609 2209 1663 ιαὶ
2245 1609 2592 1680 δοκιμαστὰς
2616 1607 2870 1682 ἀκριϐεῖς
2895 1605 3154 1677 γενέσθαι
3176 1606 3288 1660 τῶν
3303 1603 3487 1659 καλῶν
3511 1620 3523 1632 ·
3555 1602 3711 1658 οὕτω

412 1700 683 1754 bonorum
719 1717 733 1754 :
771 1698 846 1752 ita
901 1699 1107 1768 quippe
1172 1696 1294 1751 sine
1337 1696 1644 1751 offensione
1698 1695 1917 1752 futuros
1947 1699 2008 1753 in

2133 1705 2220 1776 πάρ
2252 1703 2468 1760 ἔσονται
2508 1705 2854 1776 ἀπρόσκοποι
2879 1703 2958 1768 είς
2980 1701 3082 1773 τὴν
3112 1699 3424 1773 παρουσίαν
3439 1697 3533 1753 τοῦ
3565 1699 3708 1768 Χριο

414 1789 714 1843 adveutum
775 1788 1026 1851 Christi;
1099 1788 1203 1842 hoc
1256 1795 1341 1842 est
1394 1787 1545 1841 nullo
1610 1788 1774 1842 modo
1806 1787 2004 1860 pedem

2113 1795 2266 1858 στοῦ.
2307 1797 2554 1850 τουτέστι
2604 1795 2750 1851 κατά
2768 1795 2972 1870 μηδένα
3000 1793 3204 1866 τρόπον
3235 1790 3706 1864 προσκόπτοντες.

413 1883 751 1939 oflensuros.
777 1880 913 1936 Nam
941 1883 1034 1952 qui
1102 1882 1184 1936 sic
1223 1890 1384 1935 erunt
1418 1880 1754 1950 comparati,
1805 1881 2004 1952 inquit,

2133 1893 2176 1946 )l
2198 1889 2310 1960 γὰρ
2331 1889 2585 1955 τοιοῦτοι,
2619 1868 2778 1962 φησὶ,
2805 1889 3036 1960 πλήρεις
3071 1885 3462 1958 εὑρεθήσονται
3495 1883 3713 1938 δικαιο-

415 1975 562 2046 pleni
593 1974 941 2044 reperientur
991 1974 1229 2044 justitize
1287 1973 1565 2027 fructibus
1599 1991 1612 2026 :
1639 1973 1894 2044 justitize,
1923 1975 2009 2031 iu-

418 2082 607 2137 quam,
635 2083 742 2121 non
790 2082 913 2137 quae
940 2083 1038 2137 per
1064 2067 1238 2137 legem
1269 2065 1542 2120 habeatur
1577 2066 1745 2139 (hanc
1771 2069 1918 2121 enim
1952 2067 2010 2122 in

415 2159 660 2231 epistolae
699 2161 840 2216 serie
884 2161 1024 2214 tollit
1085 2174 1118 2215 e
1171 2160 1401 2229 medio),
1456 2159 1555 2215 sed
1591 2175 1755 2231 quam
1789 2169 2012 2232 praestet

417 2253 710 2320 Christus;
742 2269 866 2324 qua:
899 2254 1122 2326 quidem
1151 2253 1323 2309 etiam
1359 2254 1414 2309 in
1444 2253 1538 2309 Dei
1569 2255 1804 2325 gloriam
1841 2256 2010 2311 cedit.

421 2344 670 2401 Vit-endo
725 2349 928 2417 quippe
985 2347 1297 2402 secundum
1354 2346 1548 2417 Deum,
1594 2349 1827 2420 gloriam
1861 2349 2013 2405 Patri

420 2438 512 2508 qui
543 2439 596 2492 in
624 2439 781 2494 caelis
814 2448 920 2504 est,
961 2441 1289 2496 tribuimus.

497 2527 662 2587 Vens.
695 2531 883 2587 12o“.
917 2551 936 2584 ι
978 2531 1137 2588 Scire
1193 2543 1379 2589 autem
1435 2550 1537 2592 vos
1583 2536 1732 2601 volo,
1791 2535 2010 2601 fratres,

421 2626 552 2696 quia
581 2641 707 2697 qua:
736 2627 886 2681 circa
919 2642 1011 2681 me
1069 2638 1224 2691 sunt.
1269 2629 1447 2700 magis
1475 2628 1542 2684 ad
1575 2630 1882 2702 profectum
1915 2647 2013 2687 ve-

423 2728 628 2774 nerunt
662 2719 972 2791 Evangelii.
999 2718 1075 2775 ita
1106 2731 1166 2777 ut
1182 2723 1406 2777 vincula
1432 2737 1553 2779 mea
1583 2723 1880 2780 manifesta
1917 2724 2012 2779 fie-

423 2822 546 2866 rent
575 2813 630 2867 in
655 2811 881 2868 Chrism
915 2813 969 2868 in
1033 2814 1185 2870 omni
1238 2816 1522 2887 przetorio.
1589 2826 1642 2872 et
1689 2817 1745 2873 in
1798 2818 2015 2875 caeteris

422 2905 706 2970 omnibus,
741 2912 796 2960 et
829 2907 1017 2976 plures
1059 2923 1091 2962 e
1141 2907 1409 2965 fratribus
1437 2907 1494 2964 in
1542 2906 1801 2976 Domino,
1838 2912 2013 2967 confi-

423 2996 620 3053 dentes
655 2996 897 3054 vinculis
953 2999 1111 3065 meis,
1167 2999 1553 3056 abundantius
1588 3002 1865 3058 auderent
1895 3005 2015 3060 sine

422 3091 628 3147 timore
657 3092 884 3147 verbum
919 3092 1095 3164 loqui.
1128 3113 1148 3145 ι

2115 1985 2281 2057 σύνης
2308 1984 2555 2057 καρποί·
2601 1987 2696 2041 καὶ
2743 1981 3113 2053 δικαιοσύνης,
3175 1981 3236 2035 ού
3281 1980 3378 2051 τῆς
3411 1983 3468 2034 εν
3503 1979 3666 2050 νόμῳ
3694 1993 3707 2006 ·

2113 2076 2318 2147 ταύτην
2364 2079 2472 2150 γάρ
2496 2076 2591 2132 καὶ
2629 2080 2688 2132 ὲν
2717 2079 2832 2142 τοῖς
2861 2075 2989 2146 ἑξῆς
3019 2075 3239 2148 ἀναιρεῖ
3271 2089 3285 2102 ⁶
3324 2071 3460 2127 ἀλλὰ
3481 2071 3582 2140 τῆς
3611 2069 3713 2124 διὰ

2112 2168 2379 2242 Χριστοῦ,
2411 2170 2447 2242 ἢ
2476 2187 2556 2234 τις
2594 2169 2687 2225 καὶ
2733 2169 2815 2233 εἰς
2859 2167 3042 2233 δόξαν,
3105 2168 3199 2220 καὶ
3243 2165 3466 2220 ἔπαινον
3491 2164 3714 2235 γίνεται

2112 2262 2272 2316 Θεοῦ.
2319 2263 2386 2317 Ἠ
2408 2262 2517 2334 γάρ
2534 2261 2674 2317 κατὰ
2698 2262 2832 2317 Θεὸν
2855 2259 3099 2315 πολιτεία
3118 2258 3333 2326 δοξάζει
3363 2259 3453 2313 τὸν
3486 2257 3714 2328 Πατέρα

2114 2356 2205 2410 τὸν
2235 2356 2419 2420 ἐντοῖς
2443 2355 2718 2429 οὐρανοῖς.

2197 2549 2220 2588 t
2259 2534 2557 2590 Γινώσκειν
2594 2534 2652 2590 δὲ
2717 2535 2862 2607 ὑμᾶς
2909 2533 3190 2606 βούλομαι.
3257 2530 3499 2599 ἀδελφοὶ,
3526 2531 3605 2584 ὅτι
3634 2527 3714 2585 τὰ

2117 2631 2239 2685 κατ’
2260 2630 2384 2703 ἐμὲ,
2418 2630 2620 2704 μᾶλλον
2649 2630 2732 2694 είς
2756 2628 3048 2702 προκοπὴν
3076 2626 3169 2682 τοῦ
3204 2624 3542 2696 Εύαγγελίου
3577 2623 3714 2693 ἐλή-

2116 2723 2297 2789 λυθεν,
2337 2722 2480 2777 ὥστε
2500 2723 2628 2788 τοὺς
2657 2721 2893 2794 δεσμούς
2933 2739 3039 2793 μου
3066 2720 3335 2792 φανεροὺς
3364 2718 3618 2788 γενέσθαι
3647 2717 3716 2771 ὲν

2116 2817 2225 2890 ὅλῳ
2245 2817 2322 2888 τῷ
2347 2817 2654 2890 πραιτορίῳ
2708 2817 2806 2872 καὶ
2833 2818 2949 2881 τοῖς
2977 2817 3186 2878 λοιποῖς
3240 2815 3427 2876 πᾶσιν,
3464 2810 3716 2876 καὶτοὺς

2119 2909 2371 2973 πλείονας
2441 2908 2553 2964 τῶν
2604 2908 2852 2980 ἀδελφῶν
2900 2910 2958 2964 ὲν
2997 2909 3190 2982 Κυρίῳ
3233 2907 3563 2971 πεποιθότας
3593 2908 3714 2969 τοῖς

2118 3001 2344 3073 δεσμοῖς
2376 3019 2503 3072 μου,
2533 3003 2943 3074 περισσοτέρως
2962 3000 3170 3074 τολμᾷν
3198 2999 3418 3071 ἀφόϐως
3441 3000 3534 3053 τὸν
3553 2999 3714 3068 λόγον

2123 3091 2329 3148 λαλεῖν.

499 3184 670 3241 Roma
694 3187 760 3242 ad
791 3187 919 3243 illos
973 3187 1268 3260 epistolam
1303 3189 1527 3253 scribit,
1570 3205 1696 3247 cum
1735 3190 2014 3247 anxietate

2194 3187 2404 3259 Γράφει
2440 3189 2540 3257 μὲν
2569 3187 2755 3252 αὐτοῖς
2779 3187 2877 3260 τὴν
2934 3187 3227 3260 επιστολὴν
3259 3185 3368 3242 ἀπὸ
3405 3185 3624 3256 Ῥώμης
3656 3183 3719 3241 ἐν

426 3290 481 3338 et
519 3297 756 3339 mmrore
805 3282 960 3352 gravi
1033 3291 1420 3355 premerentur
1490 3291 1718 3353 propter
1795 3285 2016 3339 vincula

427 3374 630 3446 ipsius.
669 3373 742 3429 De
791 3375 997 3445 quibus
1043 3375 1290 3432 vinculis
1356 3377 1663 3432 neluctum
1694 3385 1864 3450 agant
1895 3385 2018 3432 tan-

429 3470 678 3524 tumdem
719 3470 1073 3532 dehortatur,
1102 3479 1163 3524 ut
1198 3469 1365 3524 etiam
1418 3471 1619 3526 doceat
1669 3485 1788 3537 eos,
1824 3471 2024 3541 ingens

429 3569 656 3633 propter
695 3561 787 3616 illa
821 3561 1082 3632 gaudium
1145 3562 1408 3632 praferro
1447 3581 1461 3618 :
1495 3564 1707 3635 quippe
1740 3579 1868 3618 cum
1904 3565 2022 3618 haec

427 3655 484 3710 in
520 3670 689 3711 causa
718 3665 927 3720 essent,
967 3664 1024 3709 ut
1056 3655 1382 3725 praedicatio
1433 3656 1814 3713 abundantius
1851 3672 2025 3731 auge-

430 3755 630 3812 sceret,
661 3756 715 3802 et
745 3763 904 3803 error
937 3749 1354 3804 amandaretur.

503 3836 674 3896 Vens.
713 3840 802 3895 15.
838 3859 857 3892 ι
893 3838 1130 3906 Quidam
1169 3841 1390 3912 quidem
1423 3850 1477 3896 et
1501 3849 1730 3914 propter
1760 3841 2025 3898 invidiam

431 3944 482 3988 et
515 3932 926 3988 contentionem
956 3949 971 3998 ;
1004 3930 1227 4002 quidam
1259 3942 1445 3986 autem
1476 3941 1530 3987 et
1561 3938 1792 4002 propter
1826 3931 2026 3988 bonam

432 4025 776 4082 voluntatem
810 4024 1096 4080 Christum
1134 4024 1458 4095 praedicant.
1503 4044 1521 4077 ι

511 4117 672 4189 195
700 4115 1120 4173 Prtedicalionis
1141 4118 1331 4187 utique
1359 4116 1570 4180 hostes,
1603 4114 1698 4187 qui
1727 4130 1853 4172 cum
1886 4117 2028 4172 Pau-

440 4210 522 4266 lus
560 4213 784 4265 vinctus
823 4220 1128 4277 teneretur,
1163 4211 1293 4281 quia
1331 4209 1518 4264 Jrsum
1563 4209 2031 4272 annuntiabat,nt

441 4305 618 4375 magis
644 4302 920 4359 Neronem
953 4305 1278 4369 incitarent,
1306 4303 1410 4374 ipsi
1439 4319 1657 4372 quoque
1683 4301 1870 4358 Jesum
1896 4319 2030 4374 prie-

441 4398 702 4454 dicabant
735 4419 747 4453 :
794 4416 882 4455 res
915 4415 1042 4453 vero
1078 4407 1270 4454 contra
1299 4415 1465 4468 quam
1531 4406 1798 4466 przestare
1838 4400 2032 4451 volue-

443 4499 584 4554 rant,
618 4491 904 4545 successit.
935 4492 1069 4542 Cum
1105 4490 1250 4544 enim
1284 4488 1736 4560 prmdicationrm
1774 4487 2032 4544 funditus

2124 3280 2291 3352 πολλῇ
2318 3277 2473 3335 οὖσιν
2504 3279 2715 3352 ἀθυμία
2742 3280 2832 3335 διὰ
2884 3281 2954 3335 τὰ
2983 3280 3183 3352 δεσμά.
3236 3279 3352 3349 Ἐφ’
3381 3273 3463 3343 οἷς
3492 3279 3717 3348 δεσμοῖς

2121 3373 2378 3428 τοσοῦτον
2409 3373 2713 3445 ἀποτρέπει
2769 3373 2864 3428 τοῦ
2915 3371 3228 3440 λυπεῖσθαι,
3277 3371 3352 3438 ὼς
3396 3373 3492 3426 καὶ
3541 3371 3722 3442 xu.in

2127 3465 2376 3538 μεγάλην
2435 3467 2637 3529 αὐτοὺς
2693 3466 2884 3538 ἒχειν,
2943 3457 3221 3522 διδάσκειν
3280 3466 3351 3521 δι’
3401 3467 3581 3530 αὐτὰ,
3628 3463 3719 3519 ὅτι

2123 3559 2190 3613 δι’
2213 3560 2398 3615 αὐτῶν
2436 3558 2725 3624 πλεονάζει
2745 3561 2810 3615 τὸ
2836 3561 3120 3634 κήρυγμα,
3155 3559 3249 3615 καὶ
3276 3561 3310 3633 ἡ
3337 3557 3514 3632 πλάνη
3541 3556 3722 3629 ἐξορί-

2128 3651 2304 3717 ξιτατ.

2206 3853 2225 3887 ι
2266 3835 2426 3900 Τινὲς
2450 3834 2553 3908 μὲν
2601 3835 2696 3888 καὶ
2741 3831 2832 3889 διὰ
2861 3830 3058 3903 φθόνον
3098 3831 3192 3888 καὶ
3235 3831 3376 3903 ἔριν,
3404 3830 3552 3896 τινες
3576 3829 3722 3887 δὲκ

2130 3931 2378 3987 εὐδοκίαν
2411 3930 2504 3986 τὸν
2532 3928 2772 4001 Χριστὸν
2797 3928 3195 4002 κηρύσσουσιν.
3239 3946 3260 3980 ι

2191 4111 2254 4164 Oi
2276 4107 2368 4181 ὲχθ
2380 4108 2461 4179 poi.
2480 4105 2573 4160 τοῦ
2593 4104 2973 4178 κηρύγματος,
2999 4103 3246 4168 δεθέντος
3266 4102 3363 4158 τοῦ
3392 4103 3450 4158 Ἀ
3460 4123 3526 4159 πο
3536 4105 3722 4160 στόλου

2131 4205 2217 4259 διὰ
2246 4205 2308 4258 τὸ
2339 4201 2641 4275 κηρύσσειν
2670 4199 2764 4254 τὸν
2806 4199 3042 4272 Ἰησοῦν,
3079 4199 3400 4270 βουλόμενοι
3435 4199 3600 4253 πλέον
3636 4219 3723 4254 κι-

2133 4297 2293 4366 νῆσαι
2322 4294 2411 4348 τὸν
2443 4294 2696 4364 Νέρωνα,
2720 4292 2816 4346 καὶ
2852 4291 3013 4345 αύτοὶ
3040 4292 3340 4362 ἐκήρυττον
3371 4291 3463 4346 τὸν
3493 4292 3722 4362 Ἰησοῦν,

2135 4393 2229 4445 καὶ
2279 4387 2595 4443 συνέϐαινεν
2659 4387 2846 4450 αὐτοῖς
2900 4386 2960 4441 τὸ
3028 4385 3274 4440 ἐναντίον
3319 4379 3381 4439 οῦ
3438 4385 3723 4440 ἐϐούλοντο

2135 4484 2327 4533 ποιεῖν.
2356 4479 2614 4540 Ηέλοντες
2643 4477 2751 4550 γάρ
2779 4476 3082 4531 καταλύσαι
3103 4479 3164 4530 τὸ
3196 4477 3725 4548 κήρυγμα,ηὖξανον

441 4584 738 4656 profligare
771 4584 991 4643 vellent.
1057 4583 1171 4638 haec
1204 4584 1381 4653 magis
1435 4581 1763 4652 augebatur,
1808 4582 2020 4638 tametsi

2141 4574 2361 4643 μᾶλλον,
2399 4574 2448 4626 εἰ
2473 4574 2568 4626 καὶ
2597 4572 2695 4641 οὐχ
2723 4571 2908 4640 ἁγνῶς
2939 4573 3270 4644 ἐκήρυσσον,
3307 4570 3588 4623 τουτέστιν
3620 4569 3728 4622 ἀπὸ

441 4681 676 4742 sincere,
729 4680 846 4733 sive
909 4695 973 4729 cx
1036 4677 1218 4731 animo
1280 4694 1387 4730 non
1415 4674 1818 4743 prtedicarent,
1854 4691 2034 4747 neque

445 4788 670 4843 Operam
706 4772 762 4826 in
800 4774 903 4826 hoc
963 4771 1321 4831 collocarent,
1358 4779 1417 4823 nt
1460 4771 1709 4824 homines
1743 4770 2031 4824 veritatem

441 4865 797 4926 docerentur,
837 4862 931 4917 sed
973 4870 1030 4914 ut
1063 4859 1376 4914 molestiam
1431 4859 1698 4928 Apostolo
1749 4867 2030 4915 crearent.

515 4957 682 5011 Vsus.
721 4955 903 5009 16-18.
945 4973 963 5005 ι
993 4953 1230 5020 Quidam
1291 4948 1533 5022 quidem
1577 4967 1639 5006 ex
1678 4953 2037 5008 contentione

443 5050 723 5107 Christum
785 5047 1136 5110 annuntiant,
1185 5061 1293 5100 non
1348 5046 1587 5112 sincere,
1647 5046 2036 5102 existimantes

447 5160 764 5215 pressuram
802 5158 863 5198 se
890 5142 1166 5197 suscitare
1216 5141 1457 5196 vinculis
1492 5141 1628 5195 meis
1655 5156 1666 5190 :
1690 5139 1915 5208 quidam
1937 5155 2034 5194 au-

444 5249 551 5293 tem
576 5255 638 5292 ex
665 5236 957 5300 charitate,
988 5235 1232 5291 scientes
1270 5234 1535 5304 quoniam
1560 5233 1618 5286 in
1656 5231 2036 5289 defensionem

447 5332 726 5402 Evangelii
782 5332 1004 5402 positus
1053 5346 1200 5385 sum.
1266 5329 1411 5396 Quid
1462 5324 1823 5383 enim?dum
1883 5325 2036 5381 omni

446 5427 636 5492 modo,
697 5426 815 5480 sive
871 5439 970 5495 per
1019 5423 1399 5488 occasionem,
1445 5422 1566 5478 sive
1615 5435 1714 5491 per
1745 5419 2036 5476 veritatem

445 5521 704 5576 Christus
729 5519 1114 5574 annuntietur.
1156 5537 1174 5569 ι

519 5612 625 5681 Qui
661 5616 878 5667 sincere
903 5612 1232 5682 praedicant,
1262 5608 1470 5680 inquit,
1508 5609 1611 5665 hoc
1645 5608 1874 5675 faciunt,
1908 5610 2038 5681 quia

450 5724 515 5762 ex
551 5723 672 5761 mea
701 5705 1025 5762 defensione
1051 5705 1378 5760 audaciores
1407 5713 1722 5758 evaserunt.
1759 5702 2041 5757 Noverunt

453 5801 600 5857 enim
625 5815 746 5854 eam
794 5799 1074 5855 communi
1109 5798 1354 5868 ipsorum
1387 5794 1685 5855 commodo
1724 5809 2041 5865 cessuram,

450 5912 614 5968 quam
649 5895 950 5969 Apostolus
972 5895 1318 5952 instituebat.

2134 4667 2388 4740 καρδίας,
2421 4667 2514 4720 καὶ
2554 4666 2688 4720 αὐτὸ
2720 4669 2882 4718 τοῦτο
2916 4665 3336 4731 σπουδάζοντες,
3354 4667 3414 4718 ού
3448 4665 3508 4718 τὸ
3535 4663 3724 4734 μαθεῖν

2134 4760 2457 4834 ἀνθρώπους
2484 4761 2583 4834 τὴν
2611 4760 2895 4832 ἀλήθειαν,
2914 4758 3052 4814 ἀλλὰ
3074 4758 3163 4812 διὰ
3195 4758 3254 4812 τὺ
3274 4757 3518 4832 ἐγείρειν
3547 4757 3723 4825 θλίψιν

2135 4855 2212 4928 τῷ
2249 4856 2578 4927 ’Λποστόλῳ.

2223 4969 2241 5002 ι
2277 4951 2339 5002 Oi
2375 4949 2476 5019 μὲν
2500 4948 2559 5015 ἐξ
2591 4947 2834 5020 ἐριθείας
2855 4945 2950 5001 τὸν
2977 4945 3217 5020 Χριστὸν
3243 4945 3720 5017 καταγγέλλουσιν,

2135 5045 2235 5115 οὐχ
2268 5043 2470 5113 ἁγνῶς,
2507 5043 2560 5096 οἱ
2626 5043 2867 5112 οἰόμενοι
2925 5039 3105 5110 θλίψιν
3159 5039 3450 5112 ἐπιφέρειν
3505 5042 3612 5103 τοῖς
3639 5039 3721 5093 δε-

2140 5139 2298 5208 σμοῖς
2340 5155 2444 5208 μου
2476 5151 2489 5168 ο
2523 5137 2572 5190 oi
2626 5135 2684 5189 δὲ
2741 5135 2800 5199 ἐξ
2836 5134 3083 5204 ἀγάπης,
3109 5133 3317 5197 εἰδότες
3357 5134 3444 5187 ὅτι
3483 5124 3558 5197 εἰς
3589 5132 3718 5197 ἀπο-

2137 5229 2326 5299 λογίαν
2355 5227 2450 5282 τοῦ
2474 5227 2816 5298 Εὑαγγελίου
2843 5230 3062 5298 κεῖμαι.
3094 5225 3160 5279 Τί
3190 5225 3345 5296 γάρ;
3380 5227 3524 5298 Πλὴν
3562 5225 3718 5278 παντὶ

2140 5322 2352 5394 τρόπῳ,
2375 5321 2485 5376 είτε
2523 5320 2823 5394 προφάσει,
2863 5323 2974 5376 είτε
3008 5317 3238 5393 ἀληθείᾳ
3259 5308 3499 5393 Χριστὸς
3521 5333 3686 5383 καταγ

2139 5418 2410 5489 γέλλεται.
2446 5435 2464 5468 ι

2216 5594 2374 5650 Ὀτοι
2408 5590 2609 5660 ἁγνῶς,
2655 5589 2814 5660 φησὶ,
2879 5587 3233 5658 κηρύττουσι,
3291 5582 3613 5656 θαρροῦντες
3650 5578 3713 5648 τῇ

2142 5693 2250 5763 ἐμῇ
2278 5686 2549 5758 ἀπολογίᾳ.
2578 5685 2738 5738 τοῦτο
2756 5683 3026 5738 ποιοῦσιν.
3056 5681 3294 5753 ᾜδεσαν
3333 5677 3445 5749 γάρ
3472 5676 3545 5741 ὡς
3573 5675 3710 5742 κοινὴ

2143 5783 2298 5838 ισται
2330 5781 2472 5854 ὑπὲρ
2505 5778 2687 5837 αὐτῶν
2717 5776 2988 5844 ἀπολογία
3023 5775 3058 5847 η
3085 5771 3235 5846 παρὰ
3271 5770 3368 5826 τοῦ
3411 5765 3710 5825 ’Δποστόλον

2143 5897 2198 5943 τι
2214 5874 2424 5948 mirim-
