  <div class='ocr_page' id='page_1' title='image "/cluster/home/n/w/nwhite01/storage/ocr_20150623/95/hvd.32044073502106/442.png"; bbox 0 0 3870 6260; ppageno 0'>
   <div class='ocr_carea' id='block_1_1' title="bbox 139 396 224 471">
    <p class='ocr_par' dir='ltr' id='par_1_1' title="bbox 139 396 224 471">
     <span class='ocr_line' id='line_1_1' title="bbox 139 396 224 471; baseline -0.047 0"><span class='ocrx_word' id='word_1_1' title='bbox 139 396 224 471; x_wconf 69' lang='lat'><strong>823</strong></span> 
     </span>
    </p>
   </div>
   <div class='ocr_carea' id='block_1_2' title="bbox 1144 358 2238 444">
    <p class='ocr_par' dir='ltr' id='par_1_2' title="bbox 1144 358 2238 444">
     <span class='ocr_line' id='line_1_2' title="bbox 1144 358 2238 444; baseline -0.015 1"><span class='ocrx_word' id='word_1_2' title='bbox 1144 374 1227 444; x_wconf 87' lang='lat' dir='ltr'><strong>IN</strong></span> <span class='ocrx_word' id='word_1_3' title='bbox 1262 372 1503 443; x_wconf 81' lang='lat' dir='ltr'><strong>EPIST.</strong></span> <span class='ocrx_word' id='word_1_4' title='bbox 1532 370 1634 434; x_wconf 84' lang='lat' dir='ltr'><strong>AD</strong></span> <span class='ocrx_word' id='word_1_5' title='bbox 1664 358 2238 432; x_wconf 70' lang='lat' dir='ltr'><strong>PHILIPPENSES.</strong></span> 
     </span>
    </p>
   </div>
   <div class='ocr_carea' id='block_1_3' title="bbox 3234 358 3341 425">
    <p class='ocr_par' dir='ltr' id='par_1_3' title="bbox 3234 358 3341 425">
     <span class='ocr_line' id='line_1_3' title="bbox 3234 358 3341 425; baseline 0 -1"><span class='ocrx_word' id='word_1_6' title='bbox 3234 358 3341 425; x_wconf 66' lang='grc'><strong>874</strong></span> 
     </span>
    </p>
   </div>
   <div class='ocr_carea' id='block_1_4' title="bbox 136 477 1673 590">
    <p class='ocr_par' dir='ltr' id='par_1_4' title="bbox 136 487 1654 590">
     <span class='ocr_line' id='line_1_4' title="bbox 136 487 1654 590; baseline -0.021 -16"><span class='ocrx_word' id='word_1_7' title='bbox 136 519 221 590; x_wconf 62' lang='grc' dir='ltr'><strong>γάρ</strong></span> <span class='ocrx_word' id='word_1_8' title='bbox 240 514 355 587; x_wconf 73' lang='grc' dir='ltr'>ἡμῖν</span> <span class='ocrx_word' id='word_1_9' title='bbox 379 508 571 565; x_wconf 71' lang='grc' dir='ltr'>δέδωκε</span> <span class='ocrx_word' id='word_1_10' title='bbox 600 504 663 560; x_wconf 73' lang='grc' dir='ltr'><strong>τὸ</strong></span> <span class='ocrx_word' id='word_1_11' title='bbox 688 501 918 575; x_wconf 78' lang='grc' dir='ltr'>Πνεῦμα</span> <span class='ocrx_word' id='word_1_12' title='bbox 961 498 1055 557; x_wconf 90' lang='grc' dir='ltr'><strong>τοῦ</strong></span> <span class='ocrx_word' id='word_1_13' title='bbox 1085 498 1224 555; x_wconf 83' lang='grc' dir='ltr'>Θεοῦ</span> <span class='ocrx_word' id='word_1_14' title='bbox 1256 496 1456 559; x_wconf 80' lang='grc' dir='ltr'><strong>ποιεῖν,</strong></span> <span class='ocrx_word' id='word_1_15' title='bbox 1496 490 1592 547; x_wconf 69' lang='grc' dir='ltr'>καὶ</span> <span class='ocrx_word' id='word_1_16' title='bbox 1620 487 1654 559; x_wconf 71' lang='grc' dir='ltr'><strong>ἠ</strong></span> 
     </span>
    </p>
   </div>
   <div class='ocr_carea' id='block_1_5' title="bbox 1783 477 3345 590">
    <p class='ocr_par' dir='ltr' id='par_1_5' title="bbox 1783 477 3345 548">
     <span class='ocr_line' id='line_1_5' title="bbox 1783 477 3345 548; baseline -0.001 -10"><span class='ocrx_word' id='word_1_17' title='bbox 1783 485 2089 543; x_wconf 59' lang='lat' dir='ltr'><strong>putavimus.</strong></span> <span class='ocrx_word' id='word_1_18' title='bbox 2145 483 2259 541; x_wconf 81' lang='lat' dir='ltr'><strong>Hoc</strong></span> <span class='ocrx_word' id='word_1_19' title='bbox 2293 482 2439 539; x_wconf 82' lang='lat' dir='ltr'><strong>enim</strong></span> <span class='ocrx_word' id='word_1_20' title='bbox 2474 487 2535 537; x_wconf 87' lang='lat' dir='ltr'><strong>ut</strong></span> <span class='ocrx_word' id='word_1_21' title='bbox 2580 478 2913 546; x_wconf 79' lang='lat' dir='ltr'><strong>faceremus,</strong></span> <span class='ocrx_word' id='word_1_22' title='bbox 2964 477 3202 548; x_wconf 77' lang='lat' dir='ltr'><strong>Spiritus</strong></span> <span class='ocrx_word' id='word_1_23' title='bbox 3243 478 3345 537; x_wconf 85' lang='lat' dir='ltr'><strong>Dei</strong></span> 
     </span>
    </p>
   </div>
   <div class='ocr_carea' id='block_1_6' title="bbox 137 591 925 681">
    <p class='ocr_par' dir='ltr' id='par_1_6' title="bbox 137 591 925 681">
     <span class='ocr_line' id='line_1_6' title="bbox 137 591 925 681; baseline -0.022 -15"><span class='ocrx_word' id='word_1_24' title='bbox 137 608 359 681; x_wconf 78' lang='grc' dir='ltr'>γαύχησις</span> <span class='ocrx_word' id='word_1_25' title='bbox 383 604 414 673; x_wconf 81' lang='grc' dir='ltr'><strong>ἡ</strong></span> <span class='ocrx_word' id='word_1_26' title='bbox 438 602 514 666; x_wconf 85' lang='grc' dir='ltr'><strong>είς</strong></span> <span class='ocrx_word' id='word_1_27' title='bbox 537 598 632 656; x_wconf 77' lang='grc' dir='ltr'>τὸν</span> <span class='ocrx_word' id='word_1_28' title='bbox 665 591 925 671; x_wconf 79' lang='grc' dir='ltr'>Χριστόν.</span> 
     </span>
    </p>
   </div>
   <div class='ocr_carea' id='block_1_7' title="bbox 188 765 1664 843">
    <p class='ocr_par' dir='ltr' id='par_1_7' title="bbox 188 765 1664 843">
     <span class='ocr_line' id='line_1_7' title="bbox 188 765 1664 843; baseline -0.01 -8"><span class='ocrx_word' id='word_1_29' title='bbox 188 801 206 835; x_wconf 80' lang='grc' dir='ltr'><strong>ι</strong></span> <span class='ocrx_word' id='word_1_30' title='bbox 235 779 382 843; x_wconf 62' lang='lat' dir='ltr'><strong>Eiet;</strong></span> <span class='ocrx_word' id='word_1_31' title='bbox 398 776 542 831; x_wconf 82' lang='grc' dir='ltr'>δοκεῖ</span> <span class='ocrx_word' id='word_1_32' title='bbox 563 774 723 839; x_wconf 75' lang='grc' dir='ltr'>ἄλλος</span> <span class='ocrx_word' id='word_1_33' title='bbox 751 770 1069 828; x_wconf 69' lang='grc' dir='ltr'><strong>πεποιθέναι</strong></span> <span class='ocrx_word' id='word_1_34' title='bbox 1097 771 1156 825; x_wconf 75' lang='grc' dir='ltr'>ἐν</span> <span class='ocrx_word' id='word_1_35' title='bbox 1185 787 1252 824; x_wconf 86' lang='grc' dir='ltr'><strong>σα</strong></span> <span class='ocrx_word' id='word_1_36' title='bbox 1263 767 1374 841; x_wconf 75' lang='grc' dir='ltr'>ρκὶ,</span> <span class='ocrx_word' id='word_1_37' title='bbox 1393 766 1507 839; x_wconf 77' lang='grc' dir='ltr'><strong>ἐγὼ</strong></span> <span class='ocrx_word' id='word_1_38' title='bbox 1529 765 1664 841; x_wconf 77' lang='grc' dir='ltr'>μᾶλ-</span> 
     </span>
    </p>
   </div>
   <div class='ocr_carea' id='block_1_8' title="bbox 129 860 1664 942">
    <p class='ocr_par' dir='ltr' id='par_1_8' title="bbox 129 860 1664 942">
     <span class='ocr_line' id='line_1_8' title="bbox 129 860 1664 942; baseline -0.01 -14"><span class='ocrx_word' id='word_1_39' title='bbox 129 875 217 930; x_wconf 79' lang='grc' dir='ltr'>λον.</span> <span class='ocrx_word' id='word_1_40' title='bbox 241 867 501 942; x_wconf 75' lang='grc' dir='ltr'>Περιτομὴ</span> <span class='ocrx_word' id='word_1_41' title='bbox 537 868 901 939; x_wconf 77' lang='grc' dir='ltr'>ὀκταήμερος,</span> <span class='ocrx_word' id='word_1_42' title='bbox 946 865 1012 920; x_wconf 76' lang='grc' dir='ltr'>ἐκ</span> <span class='ocrx_word' id='word_1_43' title='bbox 1058 863 1251 933; x_wconf 83' lang='grc' dir='ltr'><strong>γένους</strong></span> <span class='ocrx_word' id='word_1_44' title='bbox 1285 860 1664 933; x_wconf 43' lang='grc' dir='ltr'>ἰσραὴλ,,φυ·</span> 
     </span>
    </p>
   </div>
   <div class='ocr_carea' id='block_1_9' title="bbox 129 950 1666 1037">
    <p class='ocr_par' dir='ltr' id='par_1_9' title="bbox 129 950 1666 1037">
     <span class='ocr_line' id='line_1_9' title="bbox 129 950 1666 1037; baseline -0.008 -19"><span class='ocrx_word' id='word_1_45' title='bbox 129 965 203 1037; x_wconf 72' lang='grc' dir='ltr'>λῆς</span> <span class='ocrx_word' id='word_1_46' title='bbox 248 960 512 1032; x_wconf 76' lang='grc' dir='ltr'>Βενιαμὶν,</span> <span class='ocrx_word' id='word_1_47' title='bbox 573 957 824 1030; x_wconf 77' lang='grc' dir='ltr'>Ἐϐραῖος</span> <span class='ocrx_word' id='word_1_48' title='bbox 872 955 932 1026; x_wconf 72' lang='grc' dir='ltr'><strong>ἐξ</strong></span> <span class='ocrx_word' id='word_1_49' title='bbox 990 954 1281 1029; x_wconf 85' lang='grc' dir='ltr'>Ἐϐραίων,</span> <span class='ocrx_word' id='word_1_50' title='bbox 1315 952 1458 1009; x_wconf 82' lang='grc' dir='ltr'>κατὰ</span> <span class='ocrx_word' id='word_1_51' title='bbox 1498 950 1666 1023; x_wconf 84' lang='grc' dir='ltr'>νόμον</span> 
     </span>
    </p>
   </div>
   <div class='ocr_carea' id='block_1_10' title="bbox 125 1042 1666 1130">
    <p class='ocr_par' dir='ltr' id='par_1_10' title="bbox 125 1042 1666 1130">
     <span class='ocr_line' id='line_1_10' title="bbox 125 1042 1666 1130; baseline -0.008 -18"><span class='ocrx_word' id='word_1_52' title='bbox 125 1057 395 1130; x_wconf 66' lang='grc' dir='ltr'>Φαρισαῖος,</span> <span class='ocrx_word' id='word_1_53' title='bbox 426 1052 567 1109; x_wconf 78' lang='grc' dir='ltr'>κατὰ</span> <span class='ocrx_word' id='word_1_54' title='bbox 587 1051 750 1124; x_wconf 80' lang='grc' dir='ltr'>ζῆλον</span> <span class='ocrx_word' id='word_1_55' title='bbox 774 1049 988 1105; x_wconf 81' lang='grc' dir='ltr'><strong>διώκων</strong></span> <span class='ocrx_word' id='word_1_56' title='bbox 1013 1049 1113 1122; x_wconf 78' lang='grc' dir='ltr'>τὴν</span> <span class='ocrx_word' id='word_1_57' title='bbox 1148 1045 1496 1120; x_wconf 86' lang='grc' dir='ltr'>Ἐκκλησίαν,</span> <span class='ocrx_word' id='word_1_58' title='bbox 1520 1042 1666 1100; x_wconf 78' lang='grc' dir='ltr'>κατὰ</span> 
     </span>
    </p>
   </div>
   <div class='ocr_carea' id='block_1_11' title="bbox 125 1137 1665 1220">
    <p class='ocr_par' dir='ltr' id='par_1_11' title="bbox 125 1137 1665 1220">
     <span class='ocr_line' id='line_1_11' title="bbox 125 1137 1665 1220; baseline -0.009 -14"><span class='ocrx_word' id='word_1_59' title='bbox 125 1146 433 1220; x_wconf 79' lang='grc' dir='ltr'>δικαιοσύνην</span> <span class='ocrx_word' id='word_1_60' title='bbox 454 1145 553 1219; x_wconf 86' lang='grc' dir='ltr'>τὴν</span> <span class='ocrx_word' id='word_1_61' title='bbox 580 1148 640 1201; x_wconf 71' lang='grc' dir='ltr'><strong>εν</strong></span> <span class='ocrx_word' id='word_1_62' title='bbox 663 1144 815 1217; x_wconf 81' lang='grc' dir='ltr'>νόμῳ</span> <span class='ocrx_word' id='word_1_63' title='bbox 849 1143 1141 1215; x_wconf 80' lang='grc' dir='ltr'>γενόμενος</span> <span class='ocrx_word' id='word_1_64' title='bbox 1167 1142 1481 1214; x_wconf 77' lang='grc' dir='ltr'><strong>ἄμεμπτος.</strong></span> <span class='ocrx_word' id='word_1_65' title='bbox 1522 1137 1665 1193; x_wconf 76' lang='grc' dir='ltr'>Ἀλλ’</span> 
     </span>
    </p>
   </div>
   <div class='ocr_carea' id='block_1_12' title="bbox 122 1229 1665 1313">
    <p class='ocr_par' dir='ltr' id='par_1_12' title="bbox 122 1229 1665 1313">
     <span class='ocr_line' id='line_1_12' title="bbox 122 1229 1665 1313; baseline -0.006 -17"><span class='ocrx_word' id='word_1_66' title='bbox 122 1243 253 1298; x_wconf 71' lang='grc' dir='ltr'>ἅτινα</span> <span class='ocrx_word' id='word_1_67' title='bbox 280 1235 343 1313; x_wconf 73' lang='grc' dir='ltr'>ἦν</span> <span class='ocrx_word' id='word_1_68' title='bbox 373 1257 463 1306; x_wconf 87' lang='grc' dir='ltr'><strong>μοι</strong></span> <span class='ocrx_word' id='word_1_69' title='bbox 493 1238 686 1311; x_wconf 81' lang='grc' dir='ltr'>κέρδη,</span> <span class='ocrx_word' id='word_1_70' title='bbox 717 1236 890 1292; x_wconf 86' lang='grc' dir='ltr'>ταῦτα</span> <span class='ocrx_word' id='word_1_71' title='bbox 921 1236 1139 1308; x_wconf 79' lang='grc' dir='ltr'>ἥγημαι</span> <span class='ocrx_word' id='word_1_72' title='bbox 1172 1234 1261 1288; x_wconf 67' lang='grc' dir='ltr'><strong>διὰ</strong></span> <span class='ocrx_word' id='word_1_73' title='bbox 1298 1231 1392 1289; x_wconf 67' lang='grc' dir='ltr'><strong>τὸν</strong></span> <span class='ocrx_word' id='word_1_74' title='bbox 1428 1229 1665 1304; x_wconf 78' lang='grc' dir='ltr'>Χριστὸν</span> 
     </span>
    </p>
   </div>
   <div class='ocr_carea' id='block_1_13' title="bbox 123 1321 1667 1407">
    <p class='ocr_par' dir='ltr' id='par_1_13' title="bbox 123 1321 1667 1407">
     <span class='ocr_line' id='line_1_13' title="bbox 123 1321 1667 1407; baseline -0.008 -18"><span class='ocrx_word' id='word_1_75' title='bbox 123 1335 315 1407; x_wconf 81' lang='grc' dir='ltr'>ζημίαν.</span> <span class='ocrx_word' id='word_1_76' title='bbox 367 1332 527 1389; x_wconf 77' lang='grc' dir='ltr'>Ἀλλά</span> <span class='ocrx_word' id='word_1_77' title='bbox 560 1332 662 1404; x_wconf 73' lang='grc' dir='ltr'>μὲν</span> <span class='ocrx_word' id='word_1_78' title='bbox 704 1329 800 1386; x_wconf 83' lang='grc' dir='ltr'><strong>οῦν</strong></span> <span class='ocrx_word' id='word_1_79' title='bbox 845 1330 941 1386; x_wconf 73' lang='grc' dir='ltr'>καὶ</span> <span class='ocrx_word' id='word_1_80' title='bbox 972 1326 1217 1401; x_wconf 79' lang='grc' dir='ltr'>ἠγοῦμαι</span> <span class='ocrx_word' id='word_1_81' title='bbox 1245 1326 1424 1381; x_wconf 88' lang='grc' dir='ltr'>πάντα</span> <span class='ocrx_word' id='word_1_82' title='bbox 1460 1321 1667 1395; x_wconf 79' lang='grc' dir='ltr'>ζημίαν</span> 
     </span>
    </p>
   </div>
   <div class='ocr_carea' id='block_1_14' title="bbox 118 1416 1668 1497">
    <p class='ocr_par' dir='ltr' id='par_1_14' title="bbox 118 1416 1668 1497">
     <span class='ocr_line' id='line_1_14' title="bbox 118 1416 1668 1497; baseline -0.007 -15"><span class='ocrx_word' id='word_1_83' title='bbox 118 1426 233 1483; x_wconf 68' lang='grc' dir='ltr'>εἶναι</span> <span class='ocrx_word' id='word_1_84' title='bbox 257 1425 339 1482; x_wconf 74' lang='grc' dir='ltr'>διὰ</span> <span class='ocrx_word' id='word_1_85' title='bbox 369 1426 428 1480; x_wconf 83' lang='grc' dir='ltr'>τὸ</span> <span class='ocrx_word' id='word_1_86' title='bbox 455 1425 724 1497; x_wconf 78' lang='grc' dir='ltr'><strong>ὑπερέχον</strong></span> <span class='ocrx_word' id='word_1_87' title='bbox 758 1426 860 1495; x_wconf 82' lang='grc' dir='ltr'>τῆς</span> <span class='ocrx_word' id='word_1_88' title='bbox 899 1421 1157 1493; x_wconf 84' lang='grc' dir='ltr'>γνώσεως</span> <span class='ocrx_word' id='word_1_89' title='bbox 1205 1418 1444 1493; x_wconf 77' lang='grc' dir='ltr'>Χριστοῦ</span> <span class='ocrx_word' id='word_1_90' title='bbox 1489 1416 1668 1491; x_wconf 81' lang='grc' dir='ltr'>Ἰησοῦ</span> 
     </span>
    </p>
   </div>
   <div class='ocr_carea' id='block_1_15' title="bbox 120 1509 1669 1593">
    <p class='ocr_par' dir='ltr' id='par_1_15' title="bbox 120 1509 1669 1593">
     <span class='ocr_line' id='line_1_15' title="bbox 120 1509 1669 1593; baseline -0.007 -18"><span class='ocrx_word' id='word_1_91' title='bbox 120 1519 198 1575; x_wconf 82' lang='grc' dir='ltr'><strong>τοῦ</strong></span> <span class='ocrx_word' id='word_1_92' title='bbox 230 1519 428 1593; x_wconf 77' lang='grc' dir='ltr'>Κυρίου</span> <span class='ocrx_word' id='word_1_93' title='bbox 480 1536 584 1589; x_wconf 91' lang='grc' dir='ltr'><strong>μου</strong></span> <span class='ocrx_word' id='word_1_94' title='bbox 607 1535 623 1548; x_wconf 82' lang='grc'><em>’</em></span> <span class='ocrx_word' id='word_1_95' title='bbox 662 1516 730 1573; x_wconf 83' lang='grc' dir='ltr'>δι’</span> <span class='ocrx_word' id='word_1_96' title='bbox 762 1518 821 1573; x_wconf 83' lang='grc' dir='ltr'>ὃν</span> <span class='ocrx_word' id='word_1_97' title='bbox 863 1515 933 1571; x_wconf 85' lang='grc' dir='ltr'>τὰ</span> <span class='ocrx_word' id='word_1_98' title='bbox 963 1516 1142 1571; x_wconf 85' lang='grc' dir='ltr'>πάντα</span> <span class='ocrx_word' id='word_1_99' title='bbox 1186 1511 1527 1585; x_wconf 75' lang='grc' dir='ltr'>ἐζημιώθην,</span> <span class='ocrx_word' id='word_1_100' title='bbox 1571 1509 1669 1565; x_wconf 70' lang='grc' dir='ltr'>καὶ</span> 
     </span>
    </p>
   </div>
   <div class='ocr_carea' id='block_1_16' title="bbox 115 1604 1669 1687">
    <p class='ocr_par' dir='ltr' id='par_1_16' title="bbox 115 1604 1669 1687">
     <span class='ocr_line' id='line_1_16' title="bbox 115 1604 1669 1687; baseline -0.008 -16"><span class='ocrx_word' id='word_1_101' title='bbox 115 1616 329 1687; x_wconf 73' lang='grc' dir='ltr'>ἠγοῦμαι</span> <span class='ocrx_word' id='word_1_102' title='bbox 371 1612 622 1669; x_wconf 85' lang='grc' dir='ltr'>σκύϐαλα</span> <span class='ocrx_word' id='word_1_103' title='bbox 666 1610 829 1675; x_wconf 78' lang='grc' dir='ltr'>εἶναι,</span> <span class='ocrx_word' id='word_1_104' title='bbox 856 1612 947 1667; x_wconf 77' lang='grc' dir='ltr'>ἵνα</span> <span class='ocrx_word' id='word_1_105' title='bbox 978 1610 1215 1684; x_wconf 78' lang='grc' dir='ltr'>Χριστὸν</span> <span class='ocrx_word' id='word_1_106' title='bbox 1269 1608 1522 1681; x_wconf 78' lang='grc' dir='ltr'>κερδήσω</span> <span class='ocrx_word' id='word_1_107' title='bbox 1570 1604 1669 1661; x_wconf 77' lang='grc' dir='ltr'>καὶ</span> 
     </span>
    </p>
   </div>
   <div class='ocr_carea' id='block_1_17' title="bbox 116 1699 1667 1785">
    <p class='ocr_par' dir='ltr' id='par_1_17' title="bbox 116 1699 1667 1785">
     <span class='ocr_line' id='line_1_17' title="bbox 116 1699 1667 1785; baseline -0.007 -22"><span class='ocrx_word' id='word_1_108' title='bbox 116 1704 298 1785; x_wconf 78' lang='grc' dir='ltr'>εὑρεθῶ</span> <span class='ocrx_word' id='word_1_109' title='bbox 322 1708 379 1764; x_wconf 79' lang='grc' dir='ltr'>ἑν</span> <span class='ocrx_word' id='word_1_110' title='bbox 408 1704 564 1780; x_wconf 86' lang='grc' dir='ltr'><strong>αὑτῷ</strong></span> <span class='ocrx_word' id='word_1_111' title='bbox 599 1706 676 1780; x_wconf 80' lang='grc' dir='ltr'>μὴ</span> <span class='ocrx_word' id='word_1_112' title='bbox 705 1707 843 1779; x_wconf 75' lang='grc' dir='ltr'>ἔχων</span> <span class='ocrx_word' id='word_1_113' title='bbox 862 1703 1211 1775; x_wconf 81' lang='grc' dir='ltr'>δικαιοσύνην</span> <span class='ocrx_word' id='word_1_114' title='bbox 1244 1702 1346 1774; x_wconf 82' lang='grc' dir='ltr'>τὴν</span> <span class='ocrx_word' id='word_1_115' title='bbox 1374 1703 1443 1755; x_wconf 76' lang='grc' dir='ltr'>ὲκ</span> <span class='ocrx_word' id='word_1_116' title='bbox 1474 1699 1667 1771; x_wconf 86' lang='grc' dir='ltr'>νόμου,</span> 
     </span>
    </p>
   </div>
   <div class='ocr_carea' id='block_1_18' title="bbox 112 1794 1740 1901">
    <p class='ocr_par' dir='ltr' id='par_1_18' title="bbox 112 1794 1740 1901">
     <span class='ocr_line' id='line_1_18' title="bbox 112 1794 1740 1901; baseline -0.007 -43"><span class='ocrx_word' id='word_1_117' title='bbox 112 1802 225 1858; x_wconf 74' lang='grc' dir='ltr'>ἀλλὰ</span> <span class='ocrx_word' id='word_1_118' title='bbox 250 1802 353 1875; x_wconf 82' lang='grc' dir='ltr'>τὴν.</span> <span class='ocrx_word' id='word_1_119' title='bbox 371 1802 461 1858; x_wconf 79' lang='grc' dir='ltr'>διὰ</span> <span class='ocrx_word' id='word_1_120' title='bbox 488 1801 729 1868; x_wconf 83' lang='grc' dir='ltr'>πίστεως</span> <span class='ocrx_word' id='word_1_121' title='bbox 752 1797 1012 1875; x_wconf 83' lang='grc' dir='ltr'>Χριστοῦ,</span> <span class='ocrx_word' id='word_1_122' title='bbox 1058 1798 1158 1872; x_wconf 78' lang='grc' dir='ltr'>τὴν</span> <span class='ocrx_word' id='word_1_123' title='bbox 1196 1798 1263 1852; x_wconf 81' lang='grc' dir='ltr'>ὲκ</span> <span class='ocrx_word' id='word_1_124' title='bbox 1289 1794 1427 1851; x_wconf 88' lang='grc' dir='ltr'>Θεοῦ</span> <span class='ocrx_word' id='word_1_125' title='bbox 1456 1794 1663 1851; x_wconf 83' lang='grc' dir='ltr'>δικαιο-</span> <span class='ocrx_word' id='word_1_126' title='bbox 1697 1842 1740 1901; x_wconf 73' lang='grc' dir='ltr'><strong>Β</strong></span> 
     </span>
    </p>
   </div>
   <div class='ocr_carea' id='block_1_19' title="bbox 115 1894 345 1966">
    <p class='ocr_par' dir='ltr' id='par_1_19' title="bbox 115 1894 345 1966">
     <span class='ocr_line' id='line_1_19' title="bbox 115 1894 345 1966; baseline 0.004 -19"><span class='ocrx_word' id='word_1_127' title='bbox 115 1894 276 1966; x_wconf 76' lang='grc' dir='ltr'>σύνην.</span> <span class='ocrx_word' id='word_1_128' title='bbox 324 1912 345 1948; x_wconf 73' lang='grc' dir='ltr'><strong>ι</strong></span> 
     </span>
    </p>
   </div>
   <div class='ocr_carea' id='block_1_20' title="bbox 176 2152 1667 2231">
    <p class='ocr_par' dir='ltr' id='par_1_20' title="bbox 176 2152 1667 2231">
     <span class='ocr_line' id='line_1_20' title="bbox 176 2152 1667 2231; baseline -0.005 -17"><span class='ocrx_word' id='word_1_129' title='bbox 176 2158 379 2231; x_wconf 79' lang='grc' dir='ltr'>Ἐπειδὴ</span> <span class='ocrx_word' id='word_1_130' title='bbox 417 2157 567 2231; x_wconf 77' lang='grc' dir='ltr'>μέγα</span> <span class='ocrx_word' id='word_1_131' title='bbox 605 2155 865 2229; x_wconf 71' lang='grc' dir='ltr'>ἐφρόνουν</span> <span class='ocrx_word' id='word_1_132' title='bbox 909 2154 958 2209; x_wconf 88' lang='grc' dir='ltr'><strong>οί</strong></span> <span class='ocrx_word' id='word_1_133' title='bbox 998 2152 1092 2208; x_wconf 89' lang='grc' dir='ltr'><strong>τοῦ</strong></span> <span class='ocrx_word' id='word_1_134' title='bbox 1123 2152 1457 2225; x_wconf 80' lang='grc' dir='ltr'>γράμματος</span> <span class='ocrx_word' id='word_1_135' title='bbox 1489 2152 1667 2225; x_wconf 80' lang='grc' dir='ltr'>κήρυ-</span> 
     </span>
    </p>
   </div>
   <div class='ocr_carea' id='block_1_21' title="bbox 106 2238 1666 2319">
    <p class='ocr_par' dir='ltr' id='par_1_21' title="bbox 106 2238 1666 2319">
     <span class='ocr_line' id='line_1_21' title="bbox 106 2238 1666 2319; baseline -0.008 -16"><span class='ocrx_word' id='word_1_136' title='bbox 106 2266 212 2317; x_wconf 80' lang='grc' dir='ltr'>κες,</span> <span class='ocrx_word' id='word_1_137' title='bbox 248 2248 338 2303; x_wconf 71' lang='grc' dir='ltr'>ἐπί</span> <span class='ocrx_word' id='word_1_138' title='bbox 385 2265 451 2302; x_wconf 86' lang='grc' dir='ltr'><strong>τε</strong></span> <span class='ocrx_word' id='word_1_139' title='bbox 500 2247 773 2319; x_wconf 79' lang='grc' dir='ltr'>περιτομῇ</span> <span class='ocrx_word' id='word_1_140' title='bbox 831 2244 929 2298; x_wconf 70' lang='grc' dir='ltr'>καὶ</span> <span class='ocrx_word' id='word_1_141' title='bbox 975 2242 1125 2313; x_wconf 80' lang='grc' dir='ltr'>γένει</span> <span class='ocrx_word' id='word_1_142' title='bbox 1170 2238 1249 2313; x_wconf 81' lang='grc' dir='ltr'><strong>τῷ</strong></span> <span class='ocrx_word' id='word_1_143' title='bbox 1302 2239 1364 2308; x_wconf 78' lang='grc' dir='ltr'><strong>ἐξ</strong></span> <span class='ocrx_word' id='word_1_144' title='bbox 1426 2238 1666 2312; x_wconf 80' lang='grc' dir='ltr'>Ἰσραὴλ,</span> 
     </span>
    </p>
   </div>
   <div class='ocr_carea' id='block_1_22' title="bbox 107 2331 1671 2413">
    <p class='ocr_par' dir='ltr' id='par_1_22' title="bbox 107 2331 1671 2413">
     <span class='ocr_line' id='line_1_22' title="bbox 107 2331 1671 2413; baseline -0.006 -18"><span class='ocrx_word' id='word_1_145' title='bbox 107 2341 271 2395; x_wconf 77' lang='grc' dir='ltr'>τούτου</span> <span class='ocrx_word' id='word_1_146' title='bbox 309 2341 473 2413; x_wconf 86' lang='grc' dir='ltr'>χάριν</span> <span class='ocrx_word' id='word_1_147' title='bbox 508 2339 595 2409; x_wconf 77' lang='grc' dir='ltr'><strong>ἐφ’</strong></span> <span class='ocrx_word' id='word_1_148' title='bbox 632 2335 829 2393; x_wconf 66' lang='grc' dir='ltr'>ἑαυτοῦ</span> <span class='ocrx_word' id='word_1_149' title='bbox 862 2334 997 2390; x_wconf 75' lang='grc' dir='ltr'>αὐτὸ</span> <span class='ocrx_word' id='word_1_150' title='bbox 1032 2332 1326 2401; x_wconf 80' lang='grc' dir='ltr'>ὲξουθενεϊ.</span> <span class='ocrx_word' id='word_1_151' title='bbox 1376 2332 1509 2387; x_wconf 80' lang='grc' dir='ltr'>Τότε</span> <span class='ocrx_word' id='word_1_152' title='bbox 1559 2331 1671 2403; x_wconf 81' lang='grc' dir='ltr'><strong>γὰρ</strong></span> 
     </span>
    </p>
   </div>
   <div class='ocr_carea' id='block_1_23' title="bbox 105 2421 1670 2503">
    <p class='ocr_par' dir='ltr' id='par_1_23' title="bbox 105 2421 1670 2503">
     <span class='ocr_line' id='line_1_23' title="bbox 105 2421 1670 2503; baseline -0.004 -19"><span class='ocrx_word' id='word_1_153' title='bbox 105 2431 287 2503; x_wconf 77' lang='grc' dir='ltr'>ἀληθὴς</span> <span class='ocrx_word' id='word_1_154' title='bbox 320 2433 351 2503; x_wconf 74' lang='grc' dir='ltr'>ἡ</span> <span class='ocrx_word' id='word_1_155' title='bbox 384 2430 765 2497; x_wconf 80' lang='grc' dir='ltr'>ὲξουδένωσις,</span> <span class='ocrx_word' id='word_1_156' title='bbox 793 2426 893 2498; x_wconf 82' lang='grc' dir='ltr'><strong>οὐχ</strong></span> <span class='ocrx_word' id='word_1_157' title='bbox 923 2426 1052 2481; x_wconf 81' lang='grc' dir='ltr'>ὅταν</span> <span class='ocrx_word' id='word_1_158' title='bbox 1093 2424 1169 2497; x_wconf 74' lang='grc' dir='ltr'>μὴ</span> <span class='ocrx_word' id='word_1_159' title='bbox 1204 2421 1348 2496; x_wconf 84' lang='grc' dir='ltr'>σχών</span> <span class='ocrx_word' id='word_1_160' title='bbox 1373 2440 1461 2487; x_wconf 93' lang='grc' dir='ltr'><strong>τις</strong></span> <span class='ocrx_word' id='word_1_161' title='bbox 1500 2437 1670 2477; x_wconf 80' lang='grc' dir='ltr'>κατα·</span> 
     </span>
    </p>
   </div>
   <div class='ocr_carea' id='block_1_24' title="bbox 106 2514 1669 2596">
    <p class='ocr_par' dir='ltr' id='par_1_24' title="bbox 106 2514 1669 2596">
     <span class='ocr_line' id='line_1_24' title="bbox 106 2514 1669 2596; baseline -0.006 -18"><span class='ocrx_word' id='word_1_162' title='bbox 106 2526 244 2579; x_wconf 80' lang='grc' dir='ltr'>πτύει</span> <span class='ocrx_word' id='word_1_163' title='bbox 274 2520 349 2579; x_wconf 83' lang='grc' dir='ltr'>ὧν</span> <span class='ocrx_word' id='word_1_164' title='bbox 383 2524 526 2596; x_wconf 72' lang='grc' dir='ltr'>ἔχει,</span> <span class='ocrx_word' id='word_1_165' title='bbox 562 2520 677 2577; x_wconf 84' lang='grc' dir='ltr'>ἀλλ’</span> <span class='ocrx_word' id='word_1_166' title='bbox 704 2522 834 2576; x_wconf 83' lang='grc' dir='ltr'>ὅταν</span> <span class='ocrx_word' id='word_1_167' title='bbox 863 2518 1027 2591; x_wconf 71' lang='grc' dir='ltr'>ἔχων,</span> <span class='ocrx_word' id='word_1_168' title='bbox 1064 2516 1240 2590; x_wconf 75' lang='grc' dir='ltr'>μικρὰ</span> <span class='ocrx_word' id='word_1_169' title='bbox 1268 2514 1410 2572; x_wconf 71' lang='grc' dir='ltr'>αὐτὰ</span> <span class='ocrx_word' id='word_1_170' title='bbox 1443 2516 1669 2589; x_wconf 74' lang='grc' dir='ltr'>ἡγῆται,</span> 
     </span>
    </p>
   </div>
   <div class='ocr_carea' id='block_1_25' title="bbox 102 2608 1671 2692">
    <p class='ocr_par' dir='ltr' id='par_1_25' title="bbox 102 2608 1671 2692">
     <span class='ocr_line' id='line_1_25' title="bbox 102 2608 1671 2692; baseline -0.006 -21"><span class='ocrx_word' id='word_1_171' title='bbox 102 2620 181 2673; x_wconf 73' lang='grc' dir='ltr'><strong>και</strong></span> <span class='ocrx_word' id='word_1_172' title='bbox 215 2616 675 2692; x_wconf 66' lang='grc' dir='ltr'>εὐκαταφρόνητα</span> <span class='ocrx_word' id='word_1_173' title='bbox 706 2616 774 2687; x_wconf 76' lang='grc' dir='ltr'>τῇ</span> <span class='ocrx_word' id='word_1_174' title='bbox 820 2613 929 2667; x_wconf 84' lang='grc' dir='ltr'>τῶν</span> <span class='ocrx_word' id='word_1_175' title='bbox 961 2610 1226 2685; x_wconf 78' lang='grc' dir='ltr'>μειζόνων</span> <span class='ocrx_word' id='word_1_176' title='bbox 1256 2610 1352 2666; x_wconf 77' lang='grc' dir='ltr'>καὶ</span> <span class='ocrx_word' id='word_1_177' title='bbox 1392 2608 1671 2680; x_wconf 77' lang='grc' dir='ltr'>ὑπερϐαλ-</span> 
     </span>
    </p>
   </div>
   <div class='ocr_carea' id='block_1_26' title="bbox 102 2700 1674 2785">
    <p class='ocr_par' dir='ltr' id='par_1_26' title="bbox 102 2700 1674 2785">
     <span class='ocr_line' id='line_1_26' title="bbox 102 2700 1674 2785; baseline -0.007 -20"><span class='ocrx_word' id='word_1_178' title='bbox 102 2711 280 2767; x_wconf 79' lang='grc' dir='ltr'>λόντων</span> <span class='ocrx_word' id='word_1_179' title='bbox 321 2712 573 2785; x_wconf 82' lang='grc' dir='ltr'>εὑρέσει.</span> <span class='ocrx_word' id='word_1_180' title='bbox 616 2707 782 2778; x_wconf 81' lang='grc' dir='ltr'>Λέγει</span> <span class='ocrx_word' id='word_1_181' title='bbox 830 2701 945 2773; x_wconf 88' lang='grc' dir='ltr'>οῦν,</span> <span class='ocrx_word' id='word_1_182' title='bbox 980 2707 1063 2760; x_wconf 76' lang='grc' dir='ltr'>ὅτι</span> <span class='ocrx_word' id='word_1_183' title='bbox 1095 2703 1279 2760; x_wconf 85' lang='grc' dir='ltr'>Πάντα</span> <span class='ocrx_word' id='word_1_184' title='bbox 1319 2701 1499 2757; x_wconf 78' lang='grc' dir='ltr'>αὐτῶν</span> <span class='ocrx_word' id='word_1_185' title='bbox 1528 2700 1674 2772; x_wconf 86' lang='grc' dir='ltr'>σχὼν</span> 
     </span>
    </p>
   </div>
   <div class='ocr_carea' id='block_1_27' title="bbox 101 2794 1675 2878">
    <p class='ocr_par' dir='ltr' id='par_1_27' title="bbox 101 2794 1675 2878">
     <span class='ocr_line' id='line_1_27' title="bbox 101 2794 1675 2878; baseline -0.006 -18"><span class='ocrx_word' id='word_1_186' title='bbox 101 2807 157 2861; x_wconf 72' lang='grc' dir='ltr'>τὰ</span> <span class='ocrx_word' id='word_1_187' title='bbox 192 2806 383 2878; x_wconf 79' lang='grc' dir='ltr'>σεμνὰ,</span> <span class='ocrx_word' id='word_1_188' title='bbox 418 2804 525 2861; x_wconf 77' lang='grc' dir='ltr'>καὶ</span> <span class='ocrx_word' id='word_1_189' title='bbox 555 2800 822 2874; x_wconf 77' lang='grc' dir='ltr'>τοσαύτην</span> <span class='ocrx_word' id='word_1_190' title='bbox 867 2801 924 2855; x_wconf 76' lang='grc' dir='ltr'>ὲν</span> <span class='ocrx_word' id='word_1_191' title='bbox 966 2801 1081 2863; x_wconf 84' lang='grc' dir='ltr'>τοῖς</span> <span class='ocrx_word' id='word_1_192' title='bbox 1122 2800 1370 2870; x_wconf 87' lang='grc' dir='ltr'>νομικοῖς</span> <span class='ocrx_word' id='word_1_193' title='bbox 1399 2794 1675 2859; x_wconf 75' lang='grc' dir='ltr'>ἐπιδειξά-</span> 
     </span>
    </p>
   </div>
   <div class='ocr_carea' id='block_1_28' title="bbox 104 2885 1678 2970">
    <p class='ocr_par' dir='ltr' id='par_1_28' title="bbox 104 2885 1678 2970">
     <span class='ocr_line' id='line_1_28' title="bbox 104 2885 1678 2970; baseline -0.007 -16"><span class='ocrx_word' id='word_1_194' title='bbox 104 2917 245 2970; x_wconf 73' lang='grc' dir='ltr'>μενος</span> <span class='ocrx_word' id='word_1_195' title='bbox 272 2898 657 2969; x_wconf 76' lang='grc' dir='ltr'>δικαιοσύνην,</span> <span class='ocrx_word' id='word_1_196' title='bbox 691 2895 825 2967; x_wconf 81' lang='grc' dir='ltr'>ὅσην</span> <span class='ocrx_word' id='word_1_197' title='bbox 851 2893 954 2949; x_wconf 79' lang='grc' dir='ltr'>οὐκ</span> <span class='ocrx_word' id='word_1_198' title='bbox 995 2891 1154 2956; x_wconf 80' lang='grc' dir='ltr'>ἄλλος</span> <span class='ocrx_word' id='word_1_199' title='bbox 1182 2908 1287 2956; x_wconf 87' lang='grc' dir='ltr'>τις,</span> <span class='ocrx_word' id='word_1_200' title='bbox 1324 2889 1507 2945; x_wconf 82' lang='grc' dir='ltr'>πάντα</span> <span class='ocrx_word' id='word_1_201' title='bbox 1534 2885 1678 2960; x_wconf 58' lang='grc' dir='ltr'><strong>ἥγη-</strong></span> 
     </span>
    </p>
   </div>
   <div class='ocr_carea' id='block_1_29' title="bbox 100 2978 1675 3065">
    <p class='ocr_par' dir='ltr' id='par_1_29' title="bbox 100 2978 1675 3065">
     <span class='ocr_line' id='line_1_29' title="bbox 100 2978 1675 3065; baseline -0.008 -18"><span class='ocrx_word' id='word_1_202' title='bbox 100 3012 185 3065; x_wconf 86' lang='grc' dir='ltr'><strong>μαι</strong></span> <span class='ocrx_word' id='word_1_203' title='bbox 214 2992 424 3064; x_wconf 78' lang='grc' dir='ltr'>ζημίαν</span> <span class='ocrx_word' id='word_1_204' title='bbox 449 2991 556 3046; x_wconf 78' lang='grc' dir='ltr'>καὶ</span> <span class='ocrx_word' id='word_1_205' title='bbox 586 2986 853 3052; x_wconf 82' lang='grc' dir='ltr'>σκύϐαλα,</span> <span class='ocrx_word' id='word_1_206' title='bbox 882 2982 1188 3057; x_wconf 80' lang='grc' dir='ltr'>ὑπερϐολῆς</span> <span class='ocrx_word' id='word_1_207' title='bbox 1210 2999 1356 3047; x_wconf 86' lang='grc' dir='ltr'>τινος</span> <span class='ocrx_word' id='word_1_208' title='bbox 1381 2979 1550 3053; x_wconf 72' lang='grc' dir='ltr'>οὔσης</span> <span class='ocrx_word' id='word_1_209' title='bbox 1574 2978 1675 3051; x_wconf 78' lang='grc' dir='ltr'>τῆς</span> 
     </span>
    </p>
   </div>
   <div class='ocr_carea' id='block_1_30' title="bbox 100 3074 1673 3159">
    <p class='ocr_par' dir='ltr' id='par_1_30' title="bbox 100 3074 1673 3159">
     <span class='ocr_line' id='line_1_30' title="bbox 100 3074 1673 3159; baseline -0.01 -19"><span class='ocrx_word' id='word_1_210' title='bbox 100 3085 225 3140; x_wconf 77' lang='grc' dir='ltr'>κατὰ</span> <span class='ocrx_word' id='word_1_211' title='bbox 257 3083 507 3159; x_wconf 76' lang='grc' dir='ltr'>Χριστὸν</span> <span class='ocrx_word' id='word_1_212' title='bbox 537 3079 832 3146; x_wconf 85' lang='grc' dir='ltr'>πολιτείας.</span> <span class='ocrx_word' id='word_1_213' title='bbox 864 3076 1113 3149; x_wconf 83' lang='grc' dir='ltr'>Τοσαύτη</span> <span class='ocrx_word' id='word_1_214' title='bbox 1160 3077 1219 3131; x_wconf 84' lang='grc' dir='ltr'><strong>δέ</strong></span> <span class='ocrx_word' id='word_1_215' title='bbox 1244 3076 1395 3129; x_wconf 72' lang='grc' dir='ltr'>ἐστιν</span> <span class='ocrx_word' id='word_1_216' title='bbox 1425 3074 1458 3145; x_wconf 82' lang='grc' dir='ltr'>ἡ</span> <span class='ocrx_word' id='word_1_217' title='bbox 1500 3074 1673 3145; x_wconf 89' lang='grc' dir='ltr'>ὑπερ-</span> 
     </span>
    </p>
   </div>
   <div class='ocr_carea' id='block_1_31' title="bbox 1761 569 3343 649">
    <p class='ocr_par' dir='ltr' id='par_1_31' title="bbox 1761 569 3343 649">
     <span class='ocr_line' id='line_1_31' title="bbox 1761 569 3343 649; baseline -0.003 -16"><span class='ocrx_word' id='word_1_218' title='bbox 1761 580 2038 637; x_wconf 83' lang='lat' dir='ltr'><strong>concessit</strong></span> <span class='ocrx_word' id='word_1_219' title='bbox 2072 580 2229 637; x_wconf 87' lang='lat' dir='ltr'><strong>nobis</strong></span> <span class='ocrx_word' id='word_1_220' title='bbox 2257 616 2274 646; x_wconf 83' lang='lat'><strong>,</strong></span> <span class='ocrx_word' id='word_1_221' title='bbox 2311 586 2367 635; x_wconf 91' lang='lat' dir='ltr'><strong>et</strong></span> <span class='ocrx_word' id='word_1_222' title='bbox 2412 576 2528 635; x_wconf 56' lang='lat' dir='ltr'><strong>hac</strong></span> <span class='ocrx_word' id='word_1_223' title='bbox 2582 575 2758 649; x_wconf 85' lang='lat' dir='ltr'><strong>gloria</strong></span> <span class='ocrx_word' id='word_1_224' title='bbox 2805 575 2874 631; x_wconf 89' lang='lat' dir='ltr'><strong>ad</strong></span> <span class='ocrx_word' id='word_1_225' title='bbox 2930 569 3216 629; x_wconf 88' lang='lat' dir='ltr'><strong>Christum</strong></span> <span class='ocrx_word' id='word_1_226' title='bbox 3249 588 3343 629; x_wconf 82' lang='lat' dir='ltr'><strong>re-</strong></span> 
     </span>
    </p>
   </div>
   <div class='ocr_carea' id='block_1_32' title="bbox 1762 668 1962 729">
    <p class='ocr_par' dir='ltr' id='par_1_32' title="bbox 1762 668 1962 729">
     <span class='ocr_line' id='line_1_32' title="bbox 1762 668 1962 729; baseline 0.015 -3"><span class='ocrx_word' id='word_1_227' title='bbox 1762 668 1908 729; x_wconf 82' lang='lat' dir='ltr'><strong>l&#39;ertu</strong></span> <span class='ocrx_word' id='word_1_228' title='bbox 1919 688 1962 729; x_wconf 89' lang='lat' dir='ltr'><strong>r.</strong></span> 
     </span>
    </p>
   </div>
   <div class='ocr_carea' id='block_1_33' title="bbox 1839 757 3348 830">
    <p class='ocr_par' dir='ltr' id='par_1_33' title="bbox 1839 757 3348 830">
     <span class='ocr_line' id='line_1_33' title="bbox 1839 757 3348 830; baseline -0.001 -15"><span class='ocrx_word' id='word_1_229' title='bbox 1839 783 1858 815; x_wconf 77' lang='grc' dir='ltr'><strong>ι</strong></span> <span class='ocrx_word' id='word_1_230' title='bbox 1891 760 1948 818; x_wconf 87' lang='lat' dir='ltr'><strong>Si</strong></span> <span class='ocrx_word' id='word_1_231' title='bbox 1996 762 2124 830; x_wconf 88' lang='lat' dir='ltr'><strong>quis</strong></span> <span class='ocrx_word' id='word_1_232' title='bbox 2153 762 2296 818; x_wconf 85' lang='lat' dir='ltr'><strong>alius</strong></span> <span class='ocrx_word' id='word_1_233' title='bbox 2346 761 2561 816; x_wconf 83' lang='lat' dir='ltr'><strong>videtur</strong></span> <span class='ocrx_word' id='word_1_234' title='bbox 2612 757 2893 816; x_wconf 81' lang='lat' dir='ltr'><strong>conlidere</strong></span> <span class='ocrx_word' id='word_1_235' title='bbox 2941 758 2993 812; x_wconf 88' lang='lat' dir='ltr'><strong>in</strong></span> <span class='ocrx_word' id='word_1_236' title='bbox 3027 772 3216 822; x_wconf 85' lang='lat' dir='ltr'><strong>carne,</strong></span> <span class='ocrx_word' id='word_1_237' title='bbox 3243 771 3348 829; x_wconf 85' lang='lat' dir='ltr'><strong>ego</strong></span> 
     </span>
    </p>
   </div>
   <div class='ocr_carea' id='block_1_34' title="bbox 1763 848 3350 927">
    <p class='ocr_par' dir='ltr' id='par_1_34' title="bbox 1763 848 3350 927">
     <span class='ocr_line' id='line_1_34' title="bbox 1763 848 3350 927; baseline -0.003 -18"><span class='ocrx_word' id='word_1_238' title='bbox 1763 852 1961 927; x_wconf 90' lang='lat' dir='ltr'><strong>magis.</strong></span> <span class='ocrx_word' id='word_1_239' title='bbox 2010 851 2204 926; x_wconf 62' lang='lat' dir='ltr'><strong>[Vens</strong></span> <span class='ocrx_word' id='word_1_240' title='bbox 2248 849 2390 925; x_wconf 74' lang='lat'><strong>5-9.]</strong></span> <span class='ocrx_word' id='word_1_241' title='bbox 2447 849 2823 907; x_wconf 86' lang='lat' dir='ltr'><strong>Circumcisus</strong></span> <span class='ocrx_word' id='word_1_242' title='bbox 2874 856 3073 905; x_wconf 86' lang='lat' dir='ltr'><strong>octavo</strong></span> <span class='ocrx_word' id='word_1_243' title='bbox 3108 848 3219 911; x_wconf 84' lang='lat' dir='ltr'><strong>die.</strong></span> <span class='ocrx_word' id='word_1_244' title='bbox 3280 862 3350 905; x_wconf 77' lang='lat' dir='ltr'><strong>ex</strong></span> 
     </span>
    </p>
   </div>
   <div class='ocr_carea' id='block_1_35' title="bbox 1765 941 3351 1023">
    <p class='ocr_par' dir='ltr' id='par_1_35' title="bbox 1765 941 3351 1023">
     <span class='ocr_line' id='line_1_35' title="bbox 1765 941 3351 1023; baseline -0.003 -20"><span class='ocrx_word' id='word_1_245' title='bbox 1765 961 1967 1019; x_wconf 79' lang='lat' dir='ltr'><strong>genere</strong></span> <span class='ocrx_word' id='word_1_246' title='bbox 1994 945 2188 1015; x_wconf 86' lang='lat' dir='ltr'><strong>Israel,</strong></span> <span class='ocrx_word' id='word_1_247' title='bbox 2221 944 2291 1004; x_wconf 85' lang='lat' dir='ltr'><strong>de</strong></span> <span class='ocrx_word' id='word_1_248' title='bbox 2335 946 2483 1001; x_wconf 91' lang='lat' dir='ltr'><strong>tribu</strong></span> <span class='ocrx_word' id='word_1_249' title='bbox 2509 943 2817 1023; x_wconf 86' lang='lat' dir='ltr'><strong>Benjamin,</strong></span> <span class='ocrx_word' id='word_1_250' title='bbox 2853 942 3117 1000; x_wconf 66' lang='lat' dir='ltr'><strong>Hebraeus</strong></span> <span class='ocrx_word' id='word_1_251' title='bbox 3144 958 3210 999; x_wconf 83' lang='lat' dir='ltr'><strong>ex</strong></span> <span class='ocrx_word' id='word_1_252' title='bbox 3244 941 3351 998; x_wconf 86' lang='lat' dir='ltr'><strong>lle-</strong></span> 
     </span>
    </p>
   </div>
   <div class='ocr_carea' id='block_1_36' title="bbox 1765 1032 3351 1109">
    <p class='ocr_par' dir='ltr' id='par_1_36' title="bbox 1765 1032 3351 1109">
     <span class='ocr_line' id='line_1_36' title="bbox 1765 1032 3351 1109; baseline -0.004 -14"><span class='ocrx_word' id='word_1_253' title='bbox 1765 1036 1967 1106; x_wconf 73' lang='lat' dir='ltr'><strong>hraeis,</strong></span> <span class='ocrx_word' id='word_1_254' title='bbox 2020 1037 2327 1094; x_wconf 87' lang='lat' dir='ltr'><strong>secundum</strong></span> <span class='ocrx_word' id='word_1_255' title='bbox 2398 1036 2573 1109; x_wconf 86' lang='lat' dir='ltr'><strong>legem</strong></span> <span class='ocrx_word' id='word_1_256' title='bbox 2632 1032 2984 1103; x_wconf 59' lang='lat' dir='ltr'><strong>Pharisteus,</strong></span> <span class='ocrx_word' id='word_1_257' title='bbox 3042 1033 3351 1091; x_wconf 89' lang='lat' dir='ltr'><strong>secundum</strong></span> 
     </span>
    </p>
   </div>
   <div class='ocr_carea' id='block_1_37' title="bbox 1766 1120 3349 1199">
    <p class='ocr_par' dir='ltr' id='par_1_37' title="bbox 1766 1120 3349 1199">
     <span class='ocr_line' id='line_1_37' title="bbox 1766 1120 3349 1199; baseline -0.004 -15"><span class='ocrx_word' id='word_1_258' title='bbox 1766 1128 2176 1184; x_wconf 70' lang='lat' dir='ltr'><strong>aemulationem</strong></span> <span class='ocrx_word' id='word_1_259' title='bbox 2232 1142 2572 1199; x_wconf 88' lang='lat' dir='ltr'><strong>persequens</strong></span> <span class='ocrx_word' id='word_1_260' title='bbox 2616 1120 2921 1184; x_wconf 87' lang='lat' dir='ltr'><strong>Ecclesiam</strong></span> <span class='ocrx_word' id='word_1_261' title='bbox 2974 1122 3090 1195; x_wconf 84' lang='lat' dir='ltr'><strong>Dei,</strong></span> <span class='ocrx_word' id='word_1_262' title='bbox 3145 1140 3349 1181; x_wconf 75' lang='lat' dir='ltr'><strong>secuu-</strong></span> 
     </span>
    </p>
   </div>
   <div class='ocr_carea' id='block_1_38' title="bbox 1767 1214 3357 1291">
    <p class='ocr_par' dir='ltr' id='par_1_38' title="bbox 1767 1214 3357 1291">
     <span class='ocr_line' id='line_1_38' title="bbox 1767 1214 3357 1291; baseline -0.002 -16"><span class='ocrx_word' id='word_1_263' title='bbox 1767 1218 1900 1275; x_wconf 90' lang='lat' dir='ltr'><strong>dum</strong></span> <span class='ocrx_word' id='word_1_264' title='bbox 1925 1219 2197 1291; x_wconf 78' lang='lat' dir='ltr'><strong>justitiam</strong></span> <span class='ocrx_word' id='word_1_265' title='bbox 2240 1228 2363 1290; x_wconf 62' lang='lat' dir='ltr'><strong>quae</strong></span> <span class='ocrx_word' id='word_1_266' title='bbox 2416 1220 2472 1274; x_wconf 90' lang='lat' dir='ltr'><strong>in</strong></span> <span class='ocrx_word' id='word_1_267' title='bbox 2502 1218 2622 1290; x_wconf 87' lang='lat' dir='ltr'><strong>lege</strong></span> <span class='ocrx_word' id='word_1_268' title='bbox 2675 1227 2782 1287; x_wconf 86' lang='lat' dir='ltr'><strong>est,</strong></span> <span class='ocrx_word' id='word_1_269' title='bbox 2834 1230 3199 1275; x_wconf 66' lang='lat' dir='ltr'><strong>conversatus</strong></span> <span class='ocrx_word' id='word_1_270' title='bbox 3231 1214 3357 1272; x_wconf 87' lang='lat' dir='ltr'><strong>sine</strong></span> 
     </span>
    </p>
   </div>
   <div class='ocr_carea' id='block_1_39' title="bbox 1768 1311 3357 1385">
    <p class='ocr_par' dir='ltr' id='par_1_39' title="bbox 1768 1311 3357 1385">
     <span class='ocr_line' id='line_1_39' title="bbox 1768 1311 3357 1385; baseline -0.003 -15"><span class='ocrx_word' id='word_1_271' title='bbox 1768 1315 2019 1385; x_wconf 85' lang='lat' dir='ltr'><strong>querela.</strong></span> <span class='ocrx_word' id='word_1_272' title='bbox 2062 1313 2169 1371; x_wconf 85' lang='lat' dir='ltr'><strong>Sed</strong></span> <span class='ocrx_word' id='word_1_273' title='bbox 2201 1329 2322 1385; x_wconf 72' lang='lat' dir='ltr'><strong>quae</strong></span> <span class='ocrx_word' id='word_1_274' title='bbox 2369 1314 2507 1369; x_wconf 90' lang='lat' dir='ltr'><strong>mihi</strong></span> <span class='ocrx_word' id='word_1_275' title='bbox 2546 1312 2769 1369; x_wconf 84' lang='lat' dir='ltr'><strong>fuerunt</strong></span> <span class='ocrx_word' id='word_1_276' title='bbox 2820 1312 3007 1377; x_wconf 88' lang='lat' dir='ltr'><strong>lucra,</strong></span> <span class='ocrx_word' id='word_1_277' title='bbox 3044 1312 3160 1366; x_wconf 67' lang='lat' dir='ltr'><strong>haec</strong></span> <span class='ocrx_word' id='word_1_278' title='bbox 3206 1311 3357 1367; x_wconf 81' lang='lat' dir='ltr'><strong>arbi-</strong></span> 
     </span>
    </p>
   </div>
   <div class='ocr_carea' id='block_1_40' title="bbox 1770 1401 3355 1478">
    <p class='ocr_par' dir='ltr' id='par_1_40' title="bbox 1770 1401 3355 1478">
     <span class='ocr_line' id='line_1_40' title="bbox 1770 1401 3355 1478; baseline -0.004 -16"><span class='ocrx_word' id='word_1_279' title='bbox 1770 1415 1949 1463; x_wconf 85' lang='lat' dir='ltr'><strong>tratus</strong></span> <span class='ocrx_word' id='word_1_280' title='bbox 1984 1422 2106 1463; x_wconf 89' lang='lat' dir='ltr'><strong>sum</strong></span> <span class='ocrx_word' id='word_1_281' title='bbox 2138 1415 2367 1478; x_wconf 82' lang='lat' dir='ltr'><strong>propter</strong></span> <span class='ocrx_word' id='word_1_282' title='bbox 2409 1406 2691 1463; x_wconf 79' lang='lat' dir='ltr'><strong>Christum</strong></span> <span class='ocrx_word' id='word_1_283' title='bbox 2724 1406 3076 1462; x_wconf 84' lang='lat' dir='ltr'><strong>detrimenta.</strong></span> <span class='ocrx_word' id='word_1_284' title='bbox 3113 1401 3355 1460; x_wconf 84' lang='lat' dir='ltr'><strong>Verum-</strong></span> 
     </span>
    </p>
   </div>
   <div class='ocr_carea' id='block_1_41' title="bbox 1771 1500 3357 1568">
    <p class='ocr_par' dir='ltr' id='par_1_41' title="bbox 1771 1500 3357 1568">
     <span class='ocr_line' id='line_1_41' title="bbox 1771 1500 3357 1568; baseline -0.003 -11"><span class='ocrx_word' id='word_1_285' title='bbox 1771 1510 1952 1557; x_wconf 83' lang='lat' dir='ltr'><strong>tamen</strong></span> <span class='ocrx_word' id='word_1_286' title='bbox 1976 1500 2233 1557; x_wconf 79' lang='lat' dir='ltr'><strong>existimo</strong></span> <span class='ocrx_word' id='word_1_287' title='bbox 2266 1501 2452 1556; x_wconf 89' lang='lat' dir='ltr'><strong>omnia</strong></span> <span class='ocrx_word' id='word_1_288' title='bbox 2491 1500 2884 1556; x_wconf 88' lang='lat' dir='ltr'><strong>detrimentum</strong></span> <span class='ocrx_word' id='word_1_289' title='bbox 2936 1512 3081 1563; x_wconf 87' lang='lat' dir='ltr'><strong>esse,</strong></span> <span class='ocrx_word' id='word_1_290' title='bbox 3130 1505 3357 1568; x_wconf 73' lang='lat' dir='ltr'><strong>propter</strong></span> 
     </span>
    </p>
   </div>
   <div class='ocr_carea' id='block_1_42' title="bbox 1769 1589 3355 1657">
    <p class='ocr_par' dir='ltr' id='par_1_42' title="bbox 1769 1589 3355 1657">
     <span class='ocr_line' id='line_1_42' title="bbox 1769 1589 3355 1657; baseline -0.003 -7"><span class='ocrx_word' id='word_1_291' title='bbox 1769 1593 2103 1650; x_wconf 88' lang='lat' dir='ltr'><strong>eminentem</strong></span> <span class='ocrx_word' id='word_1_292' title='bbox 2145 1593 2433 1650; x_wconf 77' lang='lat' dir='ltr'><strong>scientiam</strong></span> <span class='ocrx_word' id='word_1_293' title='bbox 2491 1590 2702 1649; x_wconf 82' lang='lat' dir='ltr'><strong>Christi</strong></span> <span class='ocrx_word' id='word_1_294' title='bbox 2750 1590 2881 1648; x_wconf 80' lang='lat' dir='ltr'><strong>Jesu</strong></span> <span class='ocrx_word' id='word_1_295' title='bbox 2943 1589 3165 1647; x_wconf 89' lang='lat' dir='ltr'><strong>Domini</strong></span> <span class='ocrx_word' id='word_1_296' title='bbox 3226 1590 3355 1657; x_wconf 84' lang='lat' dir='ltr'><strong>mei,</strong></span> 
     </span>
    </p>
   </div>
   <div class='ocr_carea' id='block_1_43' title="bbox 1771 1682 3359 1761">
    <p class='ocr_par' dir='ltr' id='par_1_43' title="bbox 1771 1682 3359 1761">
     <span class='ocr_line' id='line_1_43' title="bbox 1771 1682 3359 1761; baseline -0.003 -20"><span class='ocrx_word' id='word_1_297' title='bbox 1771 1694 1992 1758; x_wconf 90' lang='lat' dir='ltr'><strong>propter</strong></span> <span class='ocrx_word' id='word_1_298' title='bbox 2028 1702 2191 1758; x_wconf 85' lang='lat' dir='ltr'><strong>quem</strong></span> <span class='ocrx_word' id='word_1_299' title='bbox 2247 1686 2432 1742; x_wconf 87' lang='lat' dir='ltr'><strong>omnia</strong></span> <span class='ocrx_word' id='word_1_300' title='bbox 2489 1685 2880 1761; x_wconf 85' lang='lat' dir='ltr'><strong>detrimentum</strong></span> <span class='ocrx_word' id='word_1_301' title='bbox 2914 1682 3054 1750; x_wconf 78' lang='lat' dir='ltr'><strong>feci,</strong></span> <span class='ocrx_word' id='word_1_302' title='bbox 3102 1692 3159 1740; x_wconf 91' lang='lat' dir='ltr'><strong>et</strong></span> <span class='ocrx_word' id='word_1_303' title='bbox 3210 1682 3359 1738; x_wconf 80' lang='lat' dir='ltr'><strong>arbi-</strong></span> 
     </span>
    </p>
   </div>
   <div class='ocr_carea' id='block_1_44' title="bbox 1773 1776 3358 1853">
    <p class='ocr_par' dir='ltr' id='par_1_44' title="bbox 1773 1776 3358 1853">
     <span class='ocr_line' id='line_1_44' title="bbox 1773 1776 3358 1853; baseline -0.003 -18"><span class='ocrx_word' id='word_1_304' title='bbox 1773 1787 1892 1836; x_wconf 89' lang='lat' dir='ltr'><strong>tror</strong></span> <span class='ocrx_word' id='word_1_305' title='bbox 1950 1781 2107 1853; x_wconf 79' lang='lat'><strong>201</strong></span> <span class='ocrx_word' id='word_1_306' title='bbox 2154 1788 2213 1835; x_wconf 92' lang='lat' dir='ltr'><strong>ut</strong></span> <span class='ocrx_word' id='word_1_307' title='bbox 2261 1790 2525 1846; x_wconf 88' lang='lat' dir='ltr'><strong>stercora,</strong></span> <span class='ocrx_word' id='word_1_308' title='bbox 2556 1788 2620 1835; x_wconf 89' lang='lat' dir='ltr'><strong>ut</strong></span> <span class='ocrx_word' id='word_1_309' title='bbox 2654 1776 2939 1835; x_wconf 87' lang='lat' dir='ltr'><strong>Christum</strong></span> <span class='ocrx_word' id='word_1_310' title='bbox 2996 1776 3358 1838; x_wconf 77' lang='lat' dir='ltr'><strong>lueril‘acimn.</strong></span> 
     </span>
    </p>
   </div>
   <div class='ocr_carea' id='block_1_45' title="bbox 1773 1868 3359 1942">
    <p class='ocr_par' dir='ltr' id='par_1_45' title="bbox 1773 1868 3359 1942">
     <span class='ocr_line' id='line_1_45' title="bbox 1773 1868 3359 1942; baseline -0.004 -14"><span class='ocrx_word' id='word_1_311' title='bbox 1773 1880 1829 1928; x_wconf 91' lang='lat' dir='ltr'><strong>et</strong></span> <span class='ocrx_word' id='word_1_312' title='bbox 1859 1874 2106 1929; x_wconf 84' lang='lat' dir='ltr'><strong>inveniar</strong></span> <span class='ocrx_word' id='word_1_313' title='bbox 2128 1874 2183 1929; x_wconf 94' lang='lat' dir='ltr'><strong>in</strong></span> <span class='ocrx_word' id='word_1_314' title='bbox 2206 1873 2301 1930; x_wconf 92' lang='lat' dir='ltr'><strong>illo</strong></span> <span class='ocrx_word' id='word_1_315' title='bbox 2330 1888 2440 1929; x_wconf 92' lang='lat' dir='ltr'><strong>non</strong></span> <span class='ocrx_word' id='word_1_316' title='bbox 2473 1871 2679 1930; x_wconf 80' lang='lat' dir='ltr'><strong>habens</strong></span> <span class='ocrx_word' id='word_1_317' title='bbox 2703 1870 2974 1942; x_wconf 84' lang='lat' dir='ltr'><strong>justitiam</strong></span> <span class='ocrx_word' id='word_1_318' title='bbox 2996 1881 3128 1942; x_wconf 66' lang='lat' dir='ltr'><strong>quae</strong></span> <span class='ocrx_word' id='word_1_319' title='bbox 3155 1884 3221 1925; x_wconf 80' lang='lat' dir='ltr'><strong>ex</strong></span> <span class='ocrx_word' id='word_1_320' title='bbox 3245 1868 3359 1939; x_wconf 74' lang='lat' dir='ltr'><strong>lege</strong></span> 
     </span>
    </p>
   </div>
   <div class='ocr_carea' id='block_1_46' title="bbox 1775 1959 3360 2041">
    <p class='ocr_par' dir='ltr' id='par_1_46' title="bbox 1775 1959 3360 2041">
     <span class='ocr_line' id='line_1_46' title="bbox 1775 1959 3360 2041; baseline -0.006 -19"><span class='ocrx_word' id='word_1_321' title='bbox 1775 1975 1880 2032; x_wconf 90' lang='lat' dir='ltr'><strong>est,</strong></span> <span class='ocrx_word' id='word_1_322' title='bbox 1921 1965 2018 2022; x_wconf 90' lang='lat' dir='ltr'><strong>sed</strong></span> <span class='ocrx_word' id='word_1_323' title='bbox 2047 1965 2338 2041; x_wconf 61' lang='lat' dir='ltr'><strong>illamque:</strong></span> <span class='ocrx_word' id='word_1_324' title='bbox 2366 1980 2432 2022; x_wconf 76' lang='lat' dir='ltr'><strong>ex</strong></span> <span class='ocrx_word' id='word_1_325' title='bbox 2468 1962 2572 2020; x_wconf 84' lang='lat' dir='ltr'><strong>[ide</strong></span> <span class='ocrx_word' id='word_1_326' title='bbox 2609 1969 2693 2021; x_wconf 87' lang='lat' dir='ltr'><strong>est</strong></span> <span class='ocrx_word' id='word_1_327' title='bbox 2722 1960 2951 2030; x_wconf 87' lang='lat' dir='ltr'><strong>Christi,</strong></span> <span class='ocrx_word' id='word_1_328' title='bbox 2984 1975 3103 2033; x_wconf 70' lang='lat' dir='ltr'><strong>quae</strong></span> <span class='ocrx_word' id='word_1_329' title='bbox 3133 1976 3197 2016; x_wconf 73' lang='lat' dir='ltr'><strong>ex</strong></span> <span class='ocrx_word' id='word_1_330' title='bbox 3247 1959 3360 2016; x_wconf 86' lang='lat' dir='ltr'><strong>Deo</strong></span> 
     </span>
    </p>
   </div>
   <div class='ocr_carea' id='block_1_47' title="bbox 1774 2057 2252 2131">
    <p class='ocr_par' dir='ltr' id='par_1_47' title="bbox 1774 2057 2252 2131">
     <span class='ocr_line' id='line_1_47' title="bbox 1774 2057 2252 2131; baseline -0.006 -15"><span class='ocrx_word' id='word_1_331' title='bbox 1774 2068 1879 2129; x_wconf 84' lang='lat' dir='ltr'><strong>est,</strong></span> <span class='ocrx_word' id='word_1_332' title='bbox 1905 2057 2196 2131; x_wconf 85' lang='lat' dir='ltr'><strong>justitiam.</strong></span> <span class='ocrx_word' id='word_1_333' title='bbox 2231 2077 2252 2113; x_wconf 76' lang='grc' dir='ltr'><strong>ι</strong></span> 
     </span>
    </p>
   </div>
   <div class='ocr_carea' id='block_1_48' title="bbox 1848 2165 3368 2247">
    <p class='ocr_par' dir='ltr' id='par_1_48' title="bbox 1848 2165 3368 2247">
     <span class='ocr_line' id='line_1_48' title="bbox 1848 2165 3368 2247; baseline 0.001 -22"><span class='ocrx_word' id='word_1_334' title='bbox 1848 2168 1990 2237; x_wconf 84' lang='lat' dir='ltr'><strong>Quia</strong></span> <span class='ocrx_word' id='word_1_335' title='bbox 2021 2165 2503 2225; x_wconf 83' lang='lat' dir='ltr'><strong>commendatores</strong></span> <span class='ocrx_word' id='word_1_336' title='bbox 2529 2167 2667 2239; x_wconf 85' lang='lat' dir='ltr'><strong>legis</strong></span> <span class='ocrx_word' id='word_1_337' title='bbox 2705 2168 3042 2227; x_wconf 84' lang='lat' dir='ltr'><strong>insolentius</strong></span> <span class='ocrx_word' id='word_1_338' title='bbox 3064 2169 3368 2247; x_wconf 80' lang='lat' dir='ltr'><strong>eﬂ&#39;erehan-</strong></span> 
     </span>
    </p>
   </div>
   <div class='ocr_carea' id='block_1_49' title="bbox 1776 2260 3359 2337">
    <p class='ocr_par' dir='ltr' id='par_1_49' title="bbox 1776 2260 3359 2337">
     <span class='ocr_line' id='line_1_49' title="bbox 1776 2260 3359 2337; baseline 0.002 -18"><span class='ocrx_word' id='word_1_339' title='bbox 1776 2273 1892 2329; x_wconf 88' lang='lat' dir='ltr'><strong>tur,</strong></span> <span class='ocrx_word' id='word_1_340' title='bbox 1919 2271 2036 2318; x_wconf 89' lang='lat' dir='ltr'><strong>tum</strong></span> <span class='ocrx_word' id='word_1_341' title='bbox 2070 2263 2144 2318; x_wconf 92' lang='lat' dir='ltr'><strong>oh</strong></span> <span class='ocrx_word' id='word_1_342' title='bbox 2174 2260 2688 2328; x_wconf 89' lang='lat' dir='ltr'><strong>circumcisionem,</strong></span> <span class='ocrx_word' id='word_1_343' title='bbox 2741 2271 2857 2317; x_wconf 91' lang='lat' dir='ltr'><strong>tum</strong></span> <span class='ocrx_word' id='word_1_344' title='bbox 2899 2263 2973 2321; x_wconf 91' lang='lat' dir='ltr'><strong>oh</strong></span> <span class='ocrx_word' id='word_1_345' title='bbox 3009 2279 3188 2337; x_wconf 86' lang='lat' dir='ltr'><strong>genus</strong></span> <span class='ocrx_word' id='word_1_346' title='bbox 3213 2267 3359 2337; x_wconf 90' lang='lat' dir='ltr'><strong>quod</strong></span> 
     </span>
    </p>
   </div>
   <div class='ocr_carea' id='block_1_50' title="bbox 1778 2354 3361 2421">
    <p class='ocr_par' dir='ltr' id='par_1_50' title="bbox 1778 2354 3361 2421">
     <span class='ocr_line' id='line_1_50' title="bbox 1778 2354 3361 2421; baseline 0.001 -8"><span class='ocrx_word' id='word_1_347' title='bbox 1778 2373 1847 2413; x_wconf 79' lang='lat' dir='ltr'><strong>ex</strong></span> <span class='ocrx_word' id='word_1_348' title='bbox 1874 2356 2052 2413; x_wconf 91' lang='lat' dir='ltr'><strong>lsrael</strong></span> <span class='ocrx_word' id='word_1_349' title='bbox 2097 2354 2397 2421; x_wconf 86' lang='lat' dir='ltr'><strong>ducebant,</strong></span> <span class='ocrx_word' id='word_1_350' title='bbox 2431 2354 2643 2412; x_wconf 90' lang='lat' dir='ltr'><strong>idcirco</strong></span> <span class='ocrx_word' id='word_1_351' title='bbox 2693 2355 2811 2411; x_wconf 65' lang='lat' dir='ltr'><strong>haec</strong></span> <span class='ocrx_word' id='word_1_352' title='bbox 2842 2357 2898 2412; x_wconf 89' lang='lat' dir='ltr'><strong>in</strong></span> <span class='ocrx_word' id='word_1_353' title='bbox 2930 2372 2991 2414; x_wconf 87' lang='lat' dir='ltr'><strong>se</strong></span> <span class='ocrx_word' id='word_1_354' title='bbox 3018 2357 3317 2414; x_wconf 82' lang='lat' dir='ltr'><strong>lloccilacit</strong></span> <span class='ocrx_word' id='word_1_355' title='bbox 3345 2378 3361 2415; x_wconf 90' lang='lat'><strong>:</strong></span> 
     </span>
    </p>
   </div>
   <div class='ocr_carea' id='block_1_51' title="bbox 1781 2446 3363 2522">
    <p class='ocr_par' dir='ltr' id='par_1_51' title="bbox 1781 2446 3363 2522">
     <span class='ocr_line' id='line_1_51' title="bbox 1781 2446 3363 2522; baseline 0.003 -17"><span class='ocrx_word' id='word_1_356' title='bbox 1781 2459 1897 2505; x_wconf 91' lang='lat' dir='ltr'><strong>tum</strong></span> <span class='ocrx_word' id='word_1_357' title='bbox 1933 2447 2143 2519; x_wconf 87' lang='lat' dir='ltr'><strong>quippe</strong></span> <span class='ocrx_word' id='word_1_358' title='bbox 2184 2462 2317 2502; x_wconf 87' lang='lat' dir='ltr'><strong>vera</strong></span> <span class='ocrx_word' id='word_1_359' title='bbox 2357 2446 2446 2503; x_wconf 86' lang='lat' dir='ltr'><strong>sui</strong></span> <span class='ocrx_word' id='word_1_360' title='bbox 2482 2448 2811 2519; x_wconf 83' lang='lat' dir='ltr'><strong>aspernatio</strong></span> <span class='ocrx_word' id='word_1_361' title='bbox 2853 2456 2959 2517; x_wconf 71' lang='lat' dir='ltr'><strong>est,</strong></span> <span class='ocrx_word' id='word_1_362' title='bbox 2993 2464 3105 2506; x_wconf 89' lang='lat' dir='ltr'><strong>non</strong></span> <span class='ocrx_word' id='word_1_363' title='bbox 3137 2452 3363 2522; x_wconf 86' lang='lat' dir='ltr'><strong>quando</strong></span> 
     </span>
    </p>
   </div>
   <div class='ocr_carea' id='block_1_52' title="bbox 1779 2536 3361 2614">
    <p class='ocr_par' dir='ltr' id='par_1_52' title="bbox 1779 2536 3361 2614">
     <span class='ocr_line' id='line_1_52' title="bbox 1779 2536 3361 2614; baseline 0.003 -20"><span class='ocrx_word' id='word_1_364' title='bbox 1779 2539 1931 2611; x_wconf 84' lang='lat' dir='ltr'><strong>quis,</strong></span> <span class='ocrx_word' id='word_1_365' title='bbox 1956 2553 2084 2593; x_wconf 91' lang='lat' dir='ltr'><strong>cum</strong></span> <span class='ocrx_word' id='word_1_366' title='bbox 2119 2536 2261 2593; x_wconf 88' lang='lat' dir='ltr'><strong>nihil</strong></span> <span class='ocrx_word' id='word_1_367' title='bbox 2312 2537 2538 2605; x_wconf 88' lang='lat' dir='ltr'><strong>habeat,</strong></span> <span class='ocrx_word' id='word_1_368' title='bbox 2591 2553 2657 2594; x_wconf 90' lang='lat' dir='ltr'><strong>ea</strong></span> <span class='ocrx_word' id='word_1_369' title='bbox 2706 2542 2922 2612; x_wconf 86' lang='lat' dir='ltr'><strong>respuit</strong></span> <span class='ocrx_word' id='word_1_370' title='bbox 2967 2556 3093 2614; x_wconf 62' lang='lat' dir='ltr'><strong>quae</strong></span> <span class='ocrx_word' id='word_1_371' title='bbox 3120 2558 3232 2599; x_wconf 94' lang='lat' dir='ltr'><strong>non</strong></span> <span class='ocrx_word' id='word_1_372' title='bbox 3261 2545 3361 2600; x_wconf 82' lang='lat' dir='ltr'><strong>lm-</strong></span> 
     </span>
    </p>
   </div>
   <div class='ocr_carea' id='block_1_53' title="bbox 1780 2629 3361 2708">
    <p class='ocr_par' dir='ltr' id='par_1_53' title="bbox 1780 2629 3361 2708">
     <span class='ocr_line' id='line_1_53' title="bbox 1780 2629 3361 2708; baseline 0.004 -21"><span class='ocrx_word' id='word_1_373' title='bbox 1780 2631 1898 2697; x_wconf 89' lang='lat' dir='ltr'><strong>het,</strong></span> <span class='ocrx_word' id='word_1_374' title='bbox 1935 2629 2035 2689; x_wconf 89' lang='lat' dir='ltr'><strong>sed</strong></span> <span class='ocrx_word' id='word_1_375' title='bbox 2068 2629 2293 2702; x_wconf 87' lang='lat' dir='ltr'><strong>quando</strong></span> <span class='ocrx_word' id='word_1_376' title='bbox 2320 2645 2444 2703; x_wconf 65' lang='lat' dir='ltr'><strong>quas</strong></span> <span class='ocrx_word' id='word_1_377' title='bbox 2480 2630 2668 2700; x_wconf 85' lang='lat' dir='ltr'><strong>habet,</strong></span> <span class='ocrx_word' id='word_1_378' title='bbox 2702 2632 2833 2688; x_wconf 81' lang='lat' dir='ltr'><strong>vilia</strong></span> <span class='ocrx_word' id='word_1_379' title='bbox 2866 2640 2923 2691; x_wconf 89' lang='lat' dir='ltr'><strong>et</strong></span> <span class='ocrx_word' id='word_1_380' title='bbox 2966 2638 3361 2708; x_wconf 83' lang='lat' dir='ltr'><strong>contemptibi-</strong></span> 
     </span>
    </p>
   </div>
   <div class='ocr_carea' id='block_1_54' title="bbox 1780 2723 3359 2796">
    <p class='ocr_par' dir='ltr' id='par_1_54' title="bbox 1780 2723 3359 2796">
     <span class='ocr_line' id='line_1_54' title="bbox 1780 2723 3359 2796; baseline 0.005 -16"><span class='ocrx_word' id='word_1_381' title='bbox 1780 2724 1857 2781; x_wconf 91' lang='lat' dir='ltr'><strong>lia</strong></span> <span class='ocrx_word' id='word_1_382' title='bbox 1888 2723 2064 2790; x_wconf 87' lang='lat' dir='ltr'><strong>ducit,</strong></span> <span class='ocrx_word' id='word_1_383' title='bbox 2107 2740 2175 2780; x_wconf 79' lang='lat' dir='ltr'><strong>ex</strong></span> <span class='ocrx_word' id='word_1_384' title='bbox 2242 2739 2353 2796; x_wconf 92' lang='lat' dir='ltr'><strong>quo</strong></span> <span class='ocrx_word' id='word_1_385' title='bbox 2412 2724 2627 2796; x_wconf 82' lang='lat' dir='ltr'><strong>majora</strong></span> <span class='ocrx_word' id='word_1_386' title='bbox 2672 2734 2728 2782; x_wconf 89' lang='lat' dir='ltr'><strong>et</strong></span> <span class='ocrx_word' id='word_1_387' title='bbox 2761 2727 2967 2784; x_wconf 84' lang='lat' dir='ltr'><strong>eximia</strong></span> <span class='ocrx_word' id='word_1_388' title='bbox 3020 2739 3222 2786; x_wconf 88' lang='lat' dir='ltr'><strong>nactus</strong></span> <span class='ocrx_word' id='word_1_389' title='bbox 3252 2740 3359 2789; x_wconf 89' lang='lat' dir='ltr'><strong>est.</strong></span> 
     </span>
    </p>
   </div>
   <div class='ocr_carea' id='block_1_55' title="bbox 1781 2817 3357 2892">
    <p class='ocr_par' dir='ltr' id='par_1_55' title="bbox 1781 2817 3357 2892">
     <span class='ocr_line' id='line_1_55' title="bbox 1781 2817 3357 2892; baseline 0.004 -17"><span class='ocrx_word' id='word_1_390' title='bbox 1781 2819 1875 2875; x_wconf 84' lang='lat' dir='ltr'><strong>Ait</strong></span> <span class='ocrx_word' id='word_1_391' title='bbox 1898 2833 2031 2891; x_wconf 89' lang='lat' dir='ltr'><strong>ergo</strong></span> <span class='ocrx_word' id='word_1_392' title='bbox 2061 2817 2342 2877; x_wconf 88' lang='lat' dir='ltr'><strong>:Tametsi</strong></span> <span class='ocrx_word' id='word_1_393' title='bbox 2381 2835 2731 2892; x_wconf 73' lang='lat' dir='ltr'><strong>quaecunque</strong></span> <span class='ocrx_word' id='word_1_394' title='bbox 2779 2822 2925 2892; x_wconf 84' lang='lat' dir='ltr'><strong>apud</strong></span> <span class='ocrx_word' id='word_1_395' title='bbox 2975 2823 3105 2880; x_wconf 92' lang='lat' dir='ltr'><strong>illos</strong></span> <span class='ocrx_word' id='word_1_396' title='bbox 3132 2841 3357 2882; x_wconf 80' lang='lat' dir='ltr'><strong>venera-</strong></span> 
     </span>
    </p>
   </div>
   <div class='ocr_carea' id='block_1_56' title="bbox 1781 2910 3363 2989">
    <p class='ocr_par' dir='ltr' id='par_1_56' title="bbox 1781 2910 3363 2989">
     <span class='ocr_line' id='line_1_56' title="bbox 1781 2910 3363 2989; baseline 0.004 -22"><span class='ocrx_word' id='word_1_397' title='bbox 1781 2910 1921 2969; x_wconf 84' lang='lat' dir='ltr'><strong>tioni</strong></span> <span class='ocrx_word' id='word_1_398' title='bbox 1952 2920 2102 2979; x_wconf 87' lang='lat' dir='ltr'><strong>sunt,</strong></span> <span class='ocrx_word' id='word_1_399' title='bbox 2135 2911 2325 2980; x_wconf 90' lang='lat' dir='ltr'><strong>habui,</strong></span> <span class='ocrx_word' id='word_1_400' title='bbox 2377 2924 2435 2969; x_wconf 89' lang='lat' dir='ltr'><strong>et</strong></span> <span class='ocrx_word' id='word_1_401' title='bbox 2466 2921 2677 2969; x_wconf 82' lang='lat' dir='ltr'><strong>tantam</strong></span> <span class='ocrx_word' id='word_1_402' title='bbox 2729 2913 2783 2969; x_wconf 90' lang='lat' dir='ltr'><strong>in</strong></span> <span class='ocrx_word' id='word_1_403' title='bbox 2815 2914 2883 2971; x_wconf 86' lang='lat' dir='ltr'><strong>iis</strong></span> <span class='ocrx_word' id='word_1_404' title='bbox 2925 2930 3049 2987; x_wconf 71' lang='lat' dir='ltr'><strong>quae</strong></span> <span class='ocrx_word' id='word_1_405' title='bbox 3070 2916 3191 2988; x_wconf 87' lang='lat' dir='ltr'><strong>lege</strong></span> <span class='ocrx_word' id='word_1_406' title='bbox 3216 2932 3363 2989; x_wconf 88' lang='lat' dir='ltr'><strong>prae-</strong></span> 
     </span>
    </p>
   </div>
   <div class='ocr_carea' id='block_1_57' title="bbox 1788 3004 3360 3079">
    <p class='ocr_par' dir='ltr' id='par_1_57' title="bbox 1788 3004 3360 3079">
     <span class='ocr_line' id='line_1_57' title="bbox 1788 3004 3360 3079; baseline 0.004 -18"><span class='ocrx_word' id='word_1_407' title='bbox 1788 3006 2119 3062; x_wconf 88' lang='lat' dir='ltr'><strong>scrihuntur</strong></span> <span class='ocrx_word' id='word_1_408' title='bbox 2151 3004 2432 3077; x_wconf 86' lang='lat' dir='ltr'><strong>justitiam</strong></span> <span class='ocrx_word' id='word_1_409' title='bbox 2478 3007 2722 3079; x_wconf 68' lang='lat' dir='ltr'><strong>praetuli,</strong></span> <span class='ocrx_word' id='word_1_410' title='bbox 2763 3016 3029 3079; x_wconf 88' lang='lat' dir='ltr'><strong>quantam</strong></span> <span class='ocrx_word' id='word_1_411' title='bbox 3067 3010 3259 3068; x_wconf 88' lang='lat' dir='ltr'><strong>nullus</strong></span> <span class='ocrx_word' id='word_1_412' title='bbox 3284 3014 3360 3067; x_wconf 87' lang='lat' dir='ltr'><strong>al-</strong></span> 
     </span>
    </p>
   </div>
   <div class='ocr_carea' id='block_1_58' title="bbox 1784 3099 3361 3171">
    <p class='ocr_par' dir='ltr' id='par_1_58' title="bbox 1784 3099 3361 3171">
     <span class='ocr_line' id='line_1_58' title="bbox 1784 3099 3361 3171; baseline 0.003 -16"><span class='ocrx_word' id='word_1_413' title='bbox 1784 3106 1893 3166; x_wconf 90' lang='lat' dir='ltr'><strong>ter,</strong></span> <span class='ocrx_word' id='word_1_414' title='bbox 1926 3099 2297 3158; x_wconf 88' lang='lat' dir='ltr'><strong>nihilominus</strong></span> <span class='ocrx_word' id='word_1_415' title='bbox 2346 3100 2603 3157; x_wconf 84' lang='lat' dir='ltr'><strong>universa</strong></span> <span class='ocrx_word' id='word_1_416' title='bbox 2652 3100 2769 3157; x_wconf 75' lang='lat' dir='ltr'><strong>haec</strong></span> <span class='ocrx_word' id='word_1_417' title='bbox 2813 3100 3151 3159; x_wconf 85' lang='lat' dir='ltr'><strong>detrimento</strong></span> <span class='ocrx_word' id='word_1_418' title='bbox 3200 3104 3361 3171; x_wconf 83' lang='lat' dir='ltr'><strong>duxi,</strong></span> 
     </span>
    </p>
   </div>
   <div class='ocr_carea' id='block_1_59' title="bbox 96 3165 1673 3276">
    <p class='ocr_par' dir='ltr' id='par_1_59' title="bbox 96 3165 1673 3270">
     <span class='ocr_line' id='line_1_59' title="bbox 96 3165 1673 3270; baseline -0.009 -37"><span class='ocrx_word' id='word_1_419' title='bbox 96 3180 246 3253; x_wconf 74' lang='grc' dir='ltr'>ϐολὴ,</span> <span class='ocrx_word' id='word_1_420' title='bbox 293 3178 445 3234; x_wconf 81' lang='grc' dir='ltr'>ὥστε</span> <span class='ocrx_word' id='word_1_421' title='bbox 517 3175 752 3249; x_wconf 77' lang='grc' dir='ltr'>εὔχομαι</span> <span class='ocrx_word' id='word_1_422' title='bbox 810 3169 1083 3245; x_wconf 84' lang='grc' dir='ltr'>μηδεμίαν</span> <span class='ocrx_word' id='word_1_423' title='bbox 1139 3167 1431 3241; x_wconf 83' lang='grc' dir='ltr'>εὑρεθῆναι</span> <span class='ocrx_word' id='word_1_424' title='bbox 1483 3165 1673 3270; x_wconf 47' lang='grc' dir='ltr'>ἕξοντα</span> 
     </span>
    </p>
   </div>
   <div class='ocr_carea' id='block_1_60' title="bbox 1783 3165 3365 3276">
    <p class='ocr_par' dir='ltr' id='par_1_60' title="bbox 1784 3165 3365 3261">
     <span class='ocr_line' id='line_1_60' title="bbox 1784 3165 3365 3261; baseline 0.004 -11"><span class='ocrx_word' id='word_1_425' title='bbox 1784 3201 1840 3250; x_wconf 85' lang='lat' dir='ltr'><strong>et</strong></span> <span class='ocrx_word' id='word_1_426' title='bbox 1859 3165 2029 3249; x_wconf 90' lang='lat' dir='ltr'><strong>veluti</strong></span> <span class='ocrx_word' id='word_1_427' title='bbox 2061 3201 2332 3261; x_wconf 86' lang='lat' dir='ltr'><strong>stercora,</strong></span> <span class='ocrx_word' id='word_1_428' title='bbox 2365 3208 2493 3250; x_wconf 89' lang='lat' dir='ltr'><strong>eum</strong></span> <span class='ocrx_word' id='word_1_429' title='bbox 2535 3194 2795 3251; x_wconf 84' lang='lat' dir='ltr'><strong>instituta</strong></span> <span class='ocrx_word' id='word_1_430' title='bbox 2826 3210 2858 3251; x_wconf 84' lang='lat' dir='ltr'><strong>a</strong></span> <span class='ocrx_word' id='word_1_431' title='bbox 2883 3194 3108 3254; x_wconf 83' lang='lat' dir='ltr'><strong>Christo</strong></span> <span class='ocrx_word' id='word_1_432' title='bbox 3141 3165 3365 3256; x_wconf 80' lang='lat' dir='ltr'><strong>vivendi</strong></span> 
     </span>
    </p>
   </div>
   <div class='ocr_carea' id='block_1_61' title="bbox 98 3257 1679 3345">
    <p class='ocr_par' dir='ltr' id='par_1_61' title="bbox 98 3257 1679 3345">
     <span class='ocr_line' id='line_1_61' title="bbox 98 3257 1679 3345; baseline -0.011 -17"><span class='ocrx_word' id='word_1_433' title='bbox 98 3272 315 3341; x_wconf 69' lang='grc' dir='ltr'>ἐμαυτὸν</span> <span class='ocrx_word' id='word_1_434' title='bbox 364 3268 609 3345; x_wconf 72' lang='grc' dir='ltr'>νομικὴν</span> <span class='ocrx_word' id='word_1_435' title='bbox 648 3264 1017 3337; x_wconf 86' lang='grc' dir='ltr'>δικαιοσύνην,</span> <span class='ocrx_word' id='word_1_436' title='bbox 1048 3262 1137 3318; x_wconf 76' lang='grc' dir='ltr'>ἵνα</span> <span class='ocrx_word' id='word_1_437' title='bbox 1177 3261 1278 3335; x_wconf 70' lang='grc' dir='ltr'>τὴν</span> <span class='ocrx_word' id='word_1_438' title='bbox 1318 3262 1384 3315; x_wconf 76' lang='grc' dir='ltr'>ἐκ</span> <span class='ocrx_word' id='word_1_439' title='bbox 1410 3257 1549 3313; x_wconf 89' lang='grc' dir='ltr'>Θεοῦ</span> <span class='ocrx_word' id='word_1_440' title='bbox 1594 3258 1679 3312; x_wconf 88' lang='grc' dir='ltr'><strong>δι-</strong></span> 
     </span>
    </p>
   </div>
   <div class='ocr_carea' id='block_1_62' title="bbox 95 3349 1682 3437">
    <p class='ocr_par' dir='ltr' id='par_1_62' title="bbox 95 3349 1682 3437">
     <span class='ocr_line' id='line_1_62' title="bbox 95 3349 1682 3437; baseline -0.009 -20"><span class='ocrx_word' id='word_1_441' title='bbox 95 3364 377 3437; x_wconf 80' lang='grc' dir='ltr'>καιοσύνην</span> <span class='ocrx_word' id='word_1_442' title='bbox 436 3361 716 3434; x_wconf 82' lang='grc' dir='ltr'>κερδήσω.</span> <span class='ocrx_word' id='word_1_443' title='bbox 773 3358 914 3432; x_wconf 84' lang='grc' dir='ltr'>Ὅρα</span> <span class='ocrx_word' id='word_1_444' title='bbox 962 3354 1081 3419; x_wconf 85' lang='grc' dir='ltr'><strong>πῶς</strong></span> <span class='ocrx_word' id='word_1_445' title='bbox 1125 3354 1224 3426; x_wconf 79' lang='grc' dir='ltr'>τὴν</span> <span class='ocrx_word' id='word_1_446' title='bbox 1260 3352 1359 3426; x_wconf 78' lang='grc' dir='ltr'>μὲν</span> <span class='ocrx_word' id='word_1_447' title='bbox 1397 3352 1464 3405; x_wconf 70' lang='grc' dir='ltr'>ἐκ</span> <span class='ocrx_word' id='word_1_448' title='bbox 1513 3349 1682 3422; x_wconf 80' lang='grc' dir='ltr'>νόμου</span> 
     </span>
    </p>
   </div>
   <div class='ocr_carea' id='block_1_63' title="bbox 96 3441 1682 3530">
    <p class='ocr_par' dir='ltr' id='par_1_63' title="bbox 96 3441 1682 3530">
     <span class='ocr_line' id='line_1_63' title="bbox 96 3441 1682 3530; baseline -0.008 -22"><span class='ocrx_word' id='word_1_449' title='bbox 96 3455 432 3530; x_wconf 78' lang='grc' dir='ltr'>δικαιοσύνην</span> <span class='ocrx_word' id='word_1_450' title='bbox 484 3453 683 3510; x_wconf 78' lang='grc' dir='ltr'>ἑαυτοῦ</span> <span class='ocrx_word' id='word_1_451' title='bbox 709 3469 863 3525; x_wconf 79' lang='grc' dir='ltr'>φησι,</span> <span class='ocrx_word' id='word_1_452' title='bbox 900 3450 1000 3524; x_wconf 81' lang='grc' dir='ltr'>τὴν</span> <span class='ocrx_word' id='word_1_453' title='bbox 1032 3448 1091 3504; x_wconf 79' lang='grc' dir='ltr'><strong>δὲ</strong></span> <span class='ocrx_word' id='word_1_454' title='bbox 1115 3444 1498 3517; x_wconf 81' lang='grc' dir='ltr'>εὐαγγελικὴν,</span> <span class='ocrx_word' id='word_1_455' title='bbox 1544 3441 1682 3496; x_wconf 88' lang='grc' dir='ltr'>Θεοῦ</span> 
     </span>
    </p>
   </div>
   <div class='ocr_carea' id='block_1_64' title="bbox 93 3533 1679 3619">
    <p class='ocr_par' dir='ltr' id='par_1_64' title="bbox 93 3533 1679 3619">
     <span class='ocr_line' id='line_1_64' title="bbox 93 3533 1679 3619; baseline -0.006 -20"><span class='ocrx_word' id='word_1_456' title='bbox 93 3544 469 3619; x_wconf 74' lang='grc' dir='ltr'>δικαιοσύνην,</span> <span class='ocrx_word' id='word_1_457' title='bbox 513 3544 601 3601; x_wconf 76' lang='grc' dir='ltr'>ἵνα</span> <span class='ocrx_word' id='word_1_458' title='bbox 638 3541 893 3598; x_wconf 89' lang='grc' dir='ltr'>τοσοῦτον</span> <span class='ocrx_word' id='word_1_459' title='bbox 935 3536 1327 3617; x_wconf 77' lang='grc' dir='ltr'>ᾖάμφοτέρων</span> <span class='ocrx_word' id='word_1_460' title='bbox 1374 3535 1438 3590; x_wconf 78' lang='grc' dir='ltr'>τὸ</span> <span class='ocrx_word' id='word_1_461' title='bbox 1491 3533 1679 3606; x_wconf 76' lang='grc' dir='ltr'>μέσον,</span> 
     </span>
    </p>
   </div>
   <div class='ocr_carea' id='block_1_65' title="bbox 94 3634 1155 3714">
    <p class='ocr_par' dir='ltr' id='par_1_65' title="bbox 94 3634 1155 3714">
     <span class='ocr_line' id='line_1_65' title="bbox 94 3634 1155 3714; baseline -0.002 -22"><span class='ocrx_word' id='word_1_462' title='bbox 94 3638 201 3694; x_wconf 77' lang='grc' dir='ltr'>ὅσον</span> <span class='ocrx_word' id='word_1_463' title='bbox 237 3638 553 3714; x_wconf 78' lang='grc' dir='ltr'>ἀνθρώπου</span> <span class='ocrx_word' id='word_1_464' title='bbox 577 3636 673 3694; x_wconf 73' lang='grc' dir='ltr'>καὶ</span> <span class='ocrx_word' id='word_1_465' title='bbox 702 3634 860 3691; x_wconf 87' lang='grc' dir='ltr'>Θεοῦ.</span> <span class='ocrx_word' id='word_1_466' title='bbox 992 3688 993 3691; x_wconf 44' lang='grc' dir='ltr'><strong>η</strong></span> <span class='ocrx_word' id='word_1_467' title='bbox 1152 3640 1155 3643; x_wconf 86' lang='grc'><em>’</em></span> 
     </span>
    </p>
   </div>
   <div class='ocr_carea' id='block_1_66' title="bbox 148 3935 1680 4020">
    <p class='ocr_par' dir='ltr' id='par_1_66' title="bbox 148 3935 1680 4020">
     <span class='ocr_line' id='line_1_66' title="bbox 148 3935 1680 4020; baseline -0.005 -19"><span class='ocrx_word' id='word_1_468' title='bbox 148 3967 167 4001; x_wconf 75' lang='grc' dir='ltr'><strong>ι</strong></span> <span class='ocrx_word' id='word_1_469' title='bbox 219 3947 355 4006; x_wconf 77' lang='grc' dir='ltr'><strong>Ἐπὶ</strong></span> <span class='ocrx_word' id='word_1_470' title='bbox 392 3947 469 4020; x_wconf 75' lang='grc' dir='ltr'>τῇ</span> <span class='ocrx_word' id='word_1_471' title='bbox 508 3943 692 3999; x_wconf 83' lang='grc' dir='ltr'>πίστει</span> <span class='ocrx_word' id='word_1_472' title='bbox 723 3942 817 3998; x_wconf 88' lang='grc' dir='ltr'><strong>τοῦ</strong></span> <span class='ocrx_word' id='word_1_473' title='bbox 848 3942 1053 4013; x_wconf 82' lang='grc' dir='ltr'>γνῶναι</span> <span class='ocrx_word' id='word_1_474' title='bbox 1098 3940 1281 4006; x_wconf 71' lang='grc' dir='ltr'>αὐτὸν,</span> <span class='ocrx_word' id='word_1_475' title='bbox 1316 3941 1411 3994; x_wconf 72' lang='grc' dir='ltr'>καὶ</span> <span class='ocrx_word' id='word_1_476' title='bbox 1455 3939 1557 4011; x_wconf 86' lang='grc' dir='ltr'>τὴν</span> <span class='ocrx_word' id='word_1_477' title='bbox 1584 3935 1680 3993; x_wconf 84' lang='grc' dir='ltr'><strong>δύ-</strong></span> 
     </span>
    </p>
   </div>
   <div class='ocr_carea' id='block_1_67' title="bbox 88 4029 1681 4111">
    <p class='ocr_par' dir='ltr' id='par_1_67' title="bbox 88 4029 1681 4111">
     <span class='ocr_line' id='line_1_67' title="bbox 88 4029 1681 4111; baseline -0.006 -19"><span class='ocrx_word' id='word_1_478' title='bbox 88 4055 235 4110; x_wconf 87' lang='grc' dir='ltr'>ναμιν</span> <span class='ocrx_word' id='word_1_479' title='bbox 261 4039 371 4111; x_wconf 78' lang='grc' dir='ltr'>τῆς</span> <span class='ocrx_word' id='word_1_480' title='bbox 394 4036 765 4099; x_wconf 79' lang='grc' dir='ltr'>ἀναστάσεως</span> <span class='ocrx_word' id='word_1_481' title='bbox 791 4032 980 4101; x_wconf 82' lang='grc' dir='ltr'>αὐτοῦ,</span> <span class='ocrx_word' id='word_1_482' title='bbox 1006 4032 1102 4088; x_wconf 72' lang='grc' dir='ltr'>καὶ</span> <span class='ocrx_word' id='word_1_483' title='bbox 1131 4032 1233 4103; x_wconf 80' lang='grc' dir='ltr'><strong>τὴν</strong></span> <span class='ocrx_word' id='word_1_484' title='bbox 1262 4031 1550 4087; x_wconf 86' lang='grc' dir='ltr'>κοινωνίαν</span> <span class='ocrx_word' id='word_1_485' title='bbox 1573 4029 1681 4084; x_wconf 84' lang='grc' dir='ltr'><strong>τῶν</strong></span> 
     </span>
    </p>
   </div>
   <div class='ocr_carea' id='block_1_68' title="bbox 87 4123 1683 4206">
    <p class='ocr_par' dir='ltr' id='par_1_68' title="bbox 87 4123 1683 4206">
     <span class='ocr_line' id='line_1_68' title="bbox 87 4123 1683 4206; baseline -0.003 -23"><span class='ocrx_word' id='word_1_486' title='bbox 87 4133 429 4206; x_wconf 74' lang='grc' dir='ltr'>παθημάτων</span> <span class='ocrx_word' id='word_1_487' title='bbox 462 4125 662 4193; x_wconf 77' lang='grc' dir='ltr'>αὑτοῦ,</span> <span class='ocrx_word' id='word_1_488' title='bbox 711 4127 1207 4201; x_wconf 82' lang='grc' dir='ltr'>συμμορφούμενος</span> <span class='ocrx_word' id='word_1_489' title='bbox 1235 4124 1315 4198; x_wconf 81' lang='grc' dir='ltr'>τῷ</span> <span class='ocrx_word' id='word_1_490' title='bbox 1346 4124 1562 4197; x_wconf 87' lang='grc' dir='ltr'>θανάτῳ</span> <span class='ocrx_word' id='word_1_491' title='bbox 1591 4123 1683 4179; x_wconf 83' lang='grc' dir='ltr'>αὑ-</span> 
     </span>
    </p>
   </div>
   <div class='ocr_carea' id='block_1_69' title="bbox 88 4217 1683 4296">
    <p class='ocr_par' dir='ltr' id='par_1_69' title="bbox 88 4217 1683 4296">
     <span class='ocr_line' id='line_1_69' title="bbox 88 4217 1683 4296; baseline -0.003 -18"><span class='ocrx_word' id='word_1_492' title='bbox 88 4226 187 4292; x_wconf 79' lang='grc' dir='ltr'>τοῦ,</span> <span class='ocrx_word' id='word_1_493' title='bbox 231 4226 289 4282; x_wconf 70' lang='lat' dir='ltr'><strong>et</strong></span> <span class='ocrx_word' id='word_1_494' title='bbox 339 4242 475 4291; x_wconf 88' lang='grc' dir='ltr'><strong>πως</strong></span> <span class='ocrx_word' id='word_1_495' title='bbox 526 4222 857 4296; x_wconf 71' lang='grc' dir='ltr'>καταντήσω</span> <span class='ocrx_word' id='word_1_496' title='bbox 905 4222 984 4285; x_wconf 83' lang='grc' dir='ltr'>εἰς</span> <span class='ocrx_word' id='word_1_497' title='bbox 1027 4220 1125 4293; x_wconf 80' lang='grc' dir='ltr'>τὴν</span> <span class='ocrx_word' id='word_1_498' title='bbox 1166 4219 1522 4286; x_wconf 76' lang='grc' dir='ltr'>ἐξανάστασιν</span> <span class='ocrx_word' id='word_1_499' title='bbox 1574 4217 1683 4274; x_wconf 83' lang='grc' dir='ltr'><strong>τῶν</strong></span> 
     </span>
    </p>
   </div>
   <div class='ocr_carea' id='block_1_70' title="bbox 82 4308 1679 4388">
    <p class='ocr_par' dir='ltr' id='par_1_70' title="bbox 82 4308 1679 4388">
     <span class='ocr_line' id='line_1_70' title="bbox 82 4308 1679 4388; baseline -0.003 -22"><span class='ocrx_word' id='word_1_500' title='bbox 82 4313 323 4388; x_wconf 60' lang='grc' dir='ltr'>νεκρῶν</span> <span class='ocrx_word' id='word_1_501' title='bbox 353 4315 469 4385; x_wconf 78' lang='grc' dir='ltr'><strong>οὐχ</strong></span> <span class='ocrx_word' id='word_1_502' title='bbox 504 4314 589 4367; x_wconf 83' lang='grc' dir='ltr'>ὅτι</span> <span class='ocrx_word' id='word_1_503' title='bbox 630 4311 730 4385; x_wconf 71' lang='grc' dir='ltr'><strong>ἤδη</strong></span> <span class='ocrx_word' id='word_1_504' title='bbox 790 4309 1004 4377; x_wconf 72' lang='grc' dir='ltr'>ἔλαϐον,</span> <span class='ocrx_word' id='word_1_505' title='bbox 1053 4310 1087 4382; x_wconf 77' lang='grc' dir='ltr'>ἢ</span> <span class='ocrx_word' id='word_1_506' title='bbox 1138 4309 1239 4382; x_wconf 76' lang='grc' dir='ltr'><strong>ήδη</strong></span> <span class='ocrx_word' id='word_1_507' title='bbox 1288 4308 1679 4381; x_wconf 76' lang='grc' dir='ltr'><strong>τετελείωμαι⁹</strong></span> 
     </span>
    </p>
   </div>
   <div class='ocr_carea' id='block_1_71' title="bbox 82 4397 1683 4474">
    <p class='ocr_par' dir='ltr' id='par_1_71' title="bbox 82 4397 1683 4474">
     <span class='ocr_line' id='line_1_71' title="bbox 82 4397 1683 4474; baseline -0.001 -15"><span class='ocrx_word' id='word_1_508' title='bbox 82 4406 255 4463; x_wconf 77' lang='grc' dir='ltr'>διώκω</span> <span class='ocrx_word' id='word_1_509' title='bbox 295 4407 359 4462; x_wconf 72' lang='grc' dir='ltr'><strong>δὲ</strong></span> <span class='ocrx_word' id='word_1_510' title='bbox 401 4410 457 4462; x_wconf 85' lang='grc' dir='ltr'><strong>εί</strong></span> <span class='ocrx_word' id='word_1_511' title='bbox 504 4405 601 4461; x_wconf 75' lang='grc' dir='ltr'>καὶ</span> <span class='ocrx_word' id='word_1_512' title='bbox 628 4402 955 4472; x_wconf 88' lang='grc' dir='ltr'>καταλάϐω,</span> <span class='ocrx_word' id='word_1_513' title='bbox 998 4403 1085 4473; x_wconf 76' lang='grc' dir='ltr'><strong>ἐφ’</strong></span> <span class='ocrx_word' id='word_1_514' title='bbox 1131 4397 1176 4472; x_wconf 77' lang='grc' dir='ltr'>ᾧ</span> <span class='ocrx_word' id='word_1_515' title='bbox 1212 4403 1304 4457; x_wconf 70' lang='grc' dir='ltr'>καὶ</span> <span class='ocrx_word' id='word_1_516' title='bbox 1333 4400 1683 4474; x_wconf 83' lang='grc' dir='ltr'>κατελήφθην</span> 
     </span>
    </p>
   </div>
   <div class='ocr_carea' id='block_1_72' title="bbox 78 4498 677 4577">
    <p class='ocr_par' dir='ltr' id='par_1_72' title="bbox 78 4498 677 4577">
     <span class='ocr_line' id='line_1_72' title="bbox 78 4498 677 4577; baseline -0.01 -21"><span class='ocrx_word' id='word_1_517' title='bbox 78 4498 173 4555; x_wconf 75' lang='grc' dir='ltr'><strong>ὑπὸ</strong></span> <span class='ocrx_word' id='word_1_518' title='bbox 191 4499 290 4557; x_wconf 87' lang='grc' dir='ltr'><strong>τοῦ</strong></span> <span class='ocrx_word' id='word_1_519' title='bbox 319 4498 606 4577; x_wconf 79' lang='grc' dir='ltr'>Χριστοῦ.</span> <span class='ocrx_word' id='word_1_520' title='bbox 656 4516 677 4550; x_wconf 75' lang='grc' dir='ltr'><strong>ι</strong></span> 
     </span>
    </p>
   </div>
   <div class='ocr_carea' id='block_1_73' title="bbox 1786 3286 3364 3365">
    <p class='ocr_par' dir='ltr' id='par_1_73' title="bbox 1786 3286 3364 3365">
     <span class='ocr_line' id='line_1_73' title="bbox 1786 3286 3364 3365; baseline 0.005 -24"><span class='ocrx_word' id='word_1_521' title='bbox 1786 3286 1930 3342; x_wconf 88' lang='lat' dir='ltr'><strong>ratio</strong></span> <span class='ocrx_word' id='word_1_522' title='bbox 1956 3287 2119 3357; x_wconf 89' lang='lat' dir='ltr'><strong>plane</strong></span> <span class='ocrx_word' id='word_1_523' title='bbox 2154 3289 2227 3345; x_wconf 87' lang='lat' dir='ltr'><strong>sit</strong></span> <span class='ocrx_word' id='word_1_524' title='bbox 2252 3288 2634 3345; x_wconf 79' lang='lat' dir='ltr'><strong>excellentior.</strong></span> <span class='ocrx_word' id='word_1_525' title='bbox 2663 3288 2831 3361; x_wconf 76' lang='lat' dir='ltr'><strong>Atqui</strong></span> <span class='ocrx_word' id='word_1_526' title='bbox 2870 3296 3026 3346; x_wconf 87' lang='lat' dir='ltr'><strong>tanta</strong></span> <span class='ocrx_word' id='word_1_527' title='bbox 3071 3291 3238 3365; x_wconf 88' lang='lat' dir='ltr'><strong>hujus</strong></span> <span class='ocrx_word' id='word_1_528' title='bbox 3268 3310 3364 3350; x_wconf 83' lang='lat' dir='ltr'><strong>ex-</strong></span> 
     </span>
    </p>
   </div>
   <div class='ocr_carea' id='block_1_74' title="bbox 1784 3381 3365 3459">
    <p class='ocr_par' dir='ltr' id='par_1_74' title="bbox 1784 3381 3365 3459">
     <span class='ocr_line' id='line_1_74' title="bbox 1784 3381 3365 3459; baseline 0.005 -22"><span class='ocrx_word' id='word_1_529' title='bbox 1784 3381 2112 3451; x_wconf 86' lang='lat' dir='ltr'><strong>superantia</strong></span> <span class='ocrx_word' id='word_1_530' title='bbox 2155 3389 2265 3447; x_wconf 80' lang='lat' dir='ltr'><strong>est,</strong></span> <span class='ocrx_word' id='word_1_531' title='bbox 2308 3390 2368 3437; x_wconf 89' lang='lat' dir='ltr'><strong>ut</strong></span> <span class='ocrx_word' id='word_1_532' title='bbox 2407 3381 2731 3455; x_wconf 82' lang='lat' dir='ltr'><strong>percupiam</strong></span> <span class='ocrx_word' id='word_1_533' title='bbox 2757 3382 2965 3440; x_wconf 90' lang='lat' dir='ltr'><strong>nullam</strong></span> <span class='ocrx_word' id='word_1_534' title='bbox 2999 3386 3054 3441; x_wconf 88' lang='lat' dir='ltr'><strong>in</strong></span> <span class='ocrx_word' id='word_1_535' title='bbox 3088 3401 3174 3443; x_wconf 90' lang='lat' dir='ltr'><strong>me</strong></span> <span class='ocrx_word' id='word_1_536' title='bbox 3210 3402 3365 3459; x_wconf 85' lang='lat' dir='ltr'><strong>repe-</strong></span> 
     </span>
    </p>
   </div>
   <div class='ocr_carea' id='block_1_75' title="bbox 1784 3472 3364 3551">
    <p class='ocr_par' dir='ltr' id='par_1_75' title="bbox 1784 3472 3364 3551">
     <span class='ocr_line' id='line_1_75' title="bbox 1784 3472 3364 3551; baseline 0.006 -24"><span class='ocrx_word' id='word_1_537' title='bbox 1784 3473 1882 3528; x_wconf 90' lang='lat' dir='ltr'><strong>riri</strong></span> <span class='ocrx_word' id='word_1_538' title='bbox 1936 3473 2209 3542; x_wconf 85' lang='lat' dir='ltr'><strong>justitiam</strong></span> <span class='ocrx_word' id='word_1_539' title='bbox 2265 3472 2573 3531; x_wconf 88' lang='lat' dir='ltr'><strong>secundum</strong></span> <span class='ocrx_word' id='word_1_540' title='bbox 2636 3476 2836 3548; x_wconf 80' lang='lat' dir='ltr'><strong>legem,</strong></span> <span class='ocrx_word' id='word_1_541' title='bbox 2903 3492 3018 3548; x_wconf 88' lang='lat' dir='ltr'><strong>quo</strong></span> <span class='ocrx_word' id='word_1_542' title='bbox 3082 3479 3364 3551; x_wconf 86' lang='lat' dir='ltr'><strong>justitiam</strong></span> 
     </span>
    </p>
   </div>
   <div class='ocr_carea' id='block_1_76' title="bbox 1784 3566 3366 3643">
    <p class='ocr_par' dir='ltr' id='par_1_76' title="bbox 1784 3566 3366 3643">
     <span class='ocr_line' id='line_1_76' title="bbox 1784 3566 3366 3643; baseline 0.006 -23"><span class='ocrx_word' id='word_1_543' title='bbox 1784 3582 1907 3638; x_wconf 72' lang='lat' dir='ltr'><strong>qua:</strong></span> <span class='ocrx_word' id='word_1_544' title='bbox 1941 3583 2006 3624; x_wconf 84' lang='lat' dir='ltr'><strong>ex</strong></span> <span class='ocrx_word' id='word_1_545' title='bbox 2039 3567 2152 3624; x_wconf 90' lang='lat' dir='ltr'><strong>Deo</strong></span> <span class='ocrx_word' id='word_1_546' title='bbox 2176 3575 2285 3636; x_wconf 89' lang='lat' dir='ltr'><strong>est,</strong></span> <span class='ocrx_word' id='word_1_547' title='bbox 2313 3566 2684 3643; x_wconf 83' lang='lat' dir='ltr'><strong>lucrifaciam.</strong></span> <span class='ocrx_word' id='word_1_548' title='bbox 2721 3567 2860 3626; x_wconf 81' lang='lat' dir='ltr'><strong>Vide</strong></span> <span class='ocrx_word' id='word_1_549' title='bbox 2889 3572 3171 3643; x_wconf 89' lang='lat' dir='ltr'><strong>quomodo</strong></span> <span class='ocrx_word' id='word_1_550' title='bbox 3202 3588 3366 3630; x_wconf 84' lang='lat' dir='ltr'><strong>suam</strong></span> 
     </span>
    </p>
   </div>
   <div class='ocr_carea' id='block_1_77' title="bbox 1782 3661 3362 3736">
    <p class='ocr_par' dir='ltr' id='par_1_77' title="bbox 1782 3661 3362 3736">
     <span class='ocr_line' id='line_1_77' title="bbox 1782 3661 3362 3736; baseline 0.005 -21"><span class='ocrx_word' id='word_1_551' title='bbox 1782 3676 1907 3718; x_wconf 91' lang='lat' dir='ltr'><strong>esse</strong></span> <span class='ocrx_word' id='word_1_552' title='bbox 1946 3661 2181 3732; x_wconf 80' lang='lat' dir='ltr'><strong>legalem</strong></span> <span class='ocrx_word' id='word_1_553' title='bbox 2231 3662 2506 3735; x_wconf 87' lang='lat' dir='ltr'><strong>justitiam</strong></span> <span class='ocrx_word' id='word_1_554' title='bbox 2547 3662 2725 3733; x_wconf 85' lang='lat' dir='ltr'><strong>dicit;</strong></span> <span class='ocrx_word' id='word_1_555' title='bbox 2779 3665 3155 3736; x_wconf 86' lang='lat' dir='ltr'><strong>evangelicam</strong></span> <span class='ocrx_word' id='word_1_556' title='bbox 3204 3683 3362 3733; x_wconf 87' lang='lat' dir='ltr'><strong>vero.</strong></span> 
     </span>
    </p>
   </div>
   <div class='ocr_carea' id='block_1_78' title="bbox 1784 3745 3367 3832">
    <p class='ocr_par' dir='ltr' id='par_1_78' title="bbox 1784 3745 3367 3832">
     <span class='ocr_line' id='line_1_78' title="bbox 1784 3745 3367 3832; baseline 0.006 -25"><span class='ocrx_word' id='word_1_557' title='bbox 1784 3752 1879 3809; x_wconf 90' lang='lat' dir='ltr'><strong>Dei</strong></span> <span class='ocrx_word' id='word_1_558' title='bbox 1905 3754 2183 3825; x_wconf 90' lang='lat' dir='ltr'><strong>justitiam</strong></span> <span class='ocrx_word' id='word_1_559' title='bbox 2237 3745 2547 3828; x_wconf 72' lang='lat' dir='ltr'><strong>nuncupat,</strong></span> <span class='ocrx_word' id='word_1_560' title='bbox 2606 3765 2667 3812; x_wconf 93' lang='lat' dir='ltr'><strong>ut</strong></span> <span class='ocrx_word' id='word_1_561' title='bbox 2693 3764 2845 3813; x_wconf 90' lang='lat' dir='ltr'><strong>tanta</strong></span> <span class='ocrx_word' id='word_1_562' title='bbox 2876 3757 3024 3815; x_wconf 89' lang='lat' dir='ltr'><strong>inter</strong></span> <span class='ocrx_word' id='word_1_563' title='bbox 3070 3767 3367 3832; x_wconf 86' lang='lat' dir='ltr'><strong>utramque</strong></span> 
     </span>
    </p>
   </div>
   <div class='ocr_carea' id='block_1_79' title="bbox 1783 3844 3222 3919">
    <p class='ocr_par' dir='ltr' id='par_1_79' title="bbox 1783 3844 3222 3919">
     <span class='ocr_line' id='line_1_79' title="bbox 1783 3844 3222 3919; baseline 0.006 -20"><span class='ocrx_word' id='word_1_564' title='bbox 1783 3844 2050 3902; x_wconf 88' lang='lat' dir='ltr'><strong>distantia</strong></span> <span class='ocrx_word' id='word_1_565' title='bbox 2083 3847 2178 3914; x_wconf 89' lang='lat' dir='ltr'><strong>sit,</strong></span> <span class='ocrx_word' id='word_1_566' title='bbox 2205 3858 2415 3919; x_wconf 89' lang='lat' dir='ltr'><strong>quanta</strong></span> <span class='ocrx_word' id='word_1_567' title='bbox 2444 3848 2594 3905; x_wconf 91' lang='lat' dir='ltr'><strong>inter</strong></span> <span class='ocrx_word' id='word_1_568' title='bbox 2633 3847 2806 3906; x_wconf 89' lang='lat' dir='ltr'><strong>Deum</strong></span> <span class='ocrx_word' id='word_1_569' title='bbox 2838 3856 2894 3906; x_wconf 91' lang='lat' dir='ltr'><strong>et</strong></span> <span class='ocrx_word' id='word_1_570' title='bbox 2918 3849 3222 3908; x_wconf 89' lang='lat' dir='ltr'><strong>hominem.</strong></span> 
     </span>
    </p>
   </div>
   <div class='ocr_carea' id='block_1_80' title="bbox 1862 3937 3367 4014">
    <p class='ocr_par' dir='ltr' id='par_1_80' title="bbox 1862 3937 3367 4014">
     <span class='ocr_line' id='line_1_80' title="bbox 1862 3937 3367 4014; baseline 0.007 -24"><span class='ocrx_word' id='word_1_571' title='bbox 1862 3957 1881 3990; x_wconf 75' lang='grc' dir='ltr'><strong>ι</strong></span> <span class='ocrx_word' id='word_1_572' title='bbox 1919 3939 1978 3994; x_wconf 92' lang='lat' dir='ltr'><strong>ln</strong></span> <span class='ocrx_word' id='word_1_573' title='bbox 2013 3937 2141 4007; x_wconf 86' lang='lat' dir='ltr'><strong>tide,</strong></span> <span class='ocrx_word' id='word_1_574' title='bbox 2199 3937 2392 4012; x_wconf 69' lang='grc' dir='ltr'>[νεεδ.</span> <span class='ocrx_word' id='word_1_575' title='bbox 2445 3938 2641 4014; x_wconf 68' lang='grc'><strong>10-12]</strong></span> <span class='ocrx_word' id='word_1_576' title='bbox 2690 3940 2761 3997; x_wconf 83' lang='lat' dir='ltr'><strong>ad</strong></span> <span class='ocrx_word' id='word_1_577' title='bbox 2809 3944 3258 4014; x_wconf 83' lang='lat' dir='ltr'><strong>cognoscendum</strong></span> <span class='ocrx_word' id='word_1_578' title='bbox 3298 3946 3367 4000; x_wconf 83' lang='lat' dir='ltr'><strong>il-</strong></span> 
     </span>
    </p>
   </div>
   <div class='ocr_carea' id='block_1_81' title="bbox 1784 4028 3367 4106">
    <p class='ocr_par' dir='ltr' id='par_1_81' title="bbox 1784 4028 3367 4106">
     <span class='ocr_line' id='line_1_81' title="bbox 1784 4028 3367 4106; baseline 0.004 -20"><span class='ocrx_word' id='word_1_579' title='bbox 1784 4032 1921 4100; x_wconf 91' lang='lat' dir='ltr'><strong>lum,</strong></span> <span class='ocrx_word' id='word_1_580' title='bbox 1954 4039 2011 4088; x_wconf 89' lang='lat' dir='ltr'><strong>et</strong></span> <span class='ocrx_word' id='word_1_581' title='bbox 2041 4032 2325 4091; x_wconf 84' lang='lat' dir='ltr'><strong>virtutem</strong></span> <span class='ocrx_word' id='word_1_582' title='bbox 2361 4028 2794 4092; x_wconf 76' lang='lat' dir='ltr'><strong>resurreCtionis</strong></span> <span class='ocrx_word' id='word_1_583' title='bbox 2847 4034 2990 4106; x_wconf 87' lang='lat' dir='ltr'><strong>ejus,</strong></span> <span class='ocrx_word' id='word_1_584' title='bbox 3027 4045 3083 4093; x_wconf 87' lang='lat' dir='ltr'><strong>et</strong></span> <span class='ocrx_word' id='word_1_585' title='bbox 3116 4037 3367 4095; x_wconf 86' lang='lat' dir='ltr'><strong>societa-</strong></span> 
     </span>
    </p>
   </div>
   <div class='ocr_carea' id='block_1_82' title="bbox 1786 4126 3364 4202">
    <p class='ocr_par' dir='ltr' id='par_1_82' title="bbox 1786 4126 3364 4202">
     <span class='ocr_line' id='line_1_82' title="bbox 1786 4126 3364 4202; baseline 0.004 -21"><span class='ocrx_word' id='word_1_586' title='bbox 1786 4133 1894 4183; x_wconf 90' lang='lat' dir='ltr'><strong>tem</strong></span> <span class='ocrx_word' id='word_1_587' title='bbox 1929 4126 2258 4198; x_wconf 87' lang='lat' dir='ltr'><strong>passionum</strong></span> <span class='ocrx_word' id='word_1_588' title='bbox 2291 4126 2469 4195; x_wconf 88' lang='lat' dir='ltr'><strong>illius,</strong></span> <span class='ocrx_word' id='word_1_589' title='bbox 2500 4126 2882 4200; x_wconf 81' lang='lat' dir='ltr'><strong>conliguratus</strong></span> <span class='ocrx_word' id='word_1_590' title='bbox 2917 4129 3083 4186; x_wconf 88' lang='lat' dir='ltr'><strong>morti</strong></span> <span class='ocrx_word' id='word_1_591' title='bbox 3116 4129 3278 4202; x_wconf 86' lang='lat' dir='ltr'><strong>ejus;</strong></span> <span class='ocrx_word' id='word_1_592' title='bbox 3313 4133 3364 4190; x_wconf 86' lang='lat' dir='ltr'><strong>si</strong></span> 
     </span>
    </p>
   </div>
   <div class='ocr_carea' id='block_1_83' title="bbox 1783 4217 3367 4290">
    <p class='ocr_par' dir='ltr' id='par_1_83' title="bbox 1783 4217 3367 4290">
     <span class='ocr_line' id='line_1_83' title="bbox 1783 4217 3367 4290; baseline 0.006 -17"><span class='ocrx_word' id='word_1_593' title='bbox 1783 4232 1897 4290; x_wconf 93' lang='lat' dir='ltr'><strong>quo</strong></span> <span class='ocrx_word' id='word_1_594' title='bbox 1938 4217 2103 4274; x_wconf 89' lang='lat' dir='ltr'><strong>modo</strong></span> <span class='ocrx_word' id='word_1_595' title='bbox 2148 4232 2441 4275; x_wconf 90' lang='lat' dir='ltr'><strong>occurram</strong></span> <span class='ocrx_word' id='word_1_596' title='bbox 2497 4221 2555 4276; x_wconf 93' lang='lat' dir='ltr'><strong>in</strong></span> <span class='ocrx_word' id='word_1_597' title='bbox 2597 4222 3063 4281; x_wconf 89' lang='lat' dir='ltr'><strong>resurrectionem</strong></span> <span class='ocrx_word' id='word_1_598' title='bbox 3109 4235 3367 4282; x_wconf 85' lang='lat' dir='ltr'><strong>mortuo-</strong></span> 
     </span>
    </p>
   </div>
   <div class='ocr_carea' id='block_1_84' title="bbox 1784 4312 3364 4387">
    <p class='ocr_par' dir='ltr' id='par_1_84' title="bbox 1784 4312 3364 4387">
     <span class='ocr_line' id='line_1_84' title="bbox 1784 4312 3364 4387; baseline 0.004 -20"><span class='ocrx_word' id='word_1_599' title='bbox 1784 4327 1906 4368; x_wconf 88' lang='lat' dir='ltr'><strong>rum</strong></span> <span class='ocrx_word' id='word_1_600' title='bbox 1933 4330 1948 4368; x_wconf 91' lang='lat'><strong>:</strong></span> <span class='ocrx_word' id='word_1_601' title='bbox 1980 4327 2090 4369; x_wconf 88' lang='lat' dir='ltr'><strong>non</strong></span> <span class='ocrx_word' id='word_1_602' title='bbox 2122 4312 2269 4384; x_wconf 88' lang='lat' dir='ltr'><strong>quod</strong></span> <span class='ocrx_word' id='word_1_603' title='bbox 2296 4313 2411 4383; x_wconf 82' lang='lat' dir='ltr'><strong>jam</strong></span> <span class='ocrx_word' id='word_1_604' title='bbox 2444 4315 2780 4384; x_wconf 85' lang='lat' dir='ltr'><strong>acceperim,</strong></span> <span class='ocrx_word' id='word_1_605' title='bbox 2810 4323 2907 4371; x_wconf 89' lang='lat' dir='ltr'><strong>aut</strong></span> <span class='ocrx_word' id='word_1_606' title='bbox 2936 4314 3049 4386; x_wconf 88' lang='lat' dir='ltr'><strong>jam</strong></span> <span class='ocrx_word' id='word_1_607' title='bbox 3080 4315 3364 4387; x_wconf 79' lang='lat' dir='ltr'><strong>perfectus</strong></span> 
     </span>
    </p>
   </div>
   <div class='ocr_carea' id='block_1_85' title="bbox 1784 4404 3363 4480">
    <p class='ocr_par' dir='ltr' id='par_1_85' title="bbox 1784 4404 3363 4480">
     <span class='ocr_line' id='line_1_85' title="bbox 1784 4404 3363 4480; baseline 0.003 -19"><span class='ocrx_word' id='word_1_608' title='bbox 1784 4404 1931 4473; x_wconf 84' lang='lat' dir='ltr'><strong>sim;</strong></span> <span class='ocrx_word' id='word_1_609' title='bbox 1968 4419 2172 4476; x_wconf 87' lang='lat' dir='ltr'><strong>sequor</strong></span> <span class='ocrx_word' id='word_1_610' title='bbox 2213 4413 2419 4470; x_wconf 87' lang='lat' dir='ltr'><strong>autem,</strong></span> <span class='ocrx_word' id='word_1_611' title='bbox 2461 4404 2510 4463; x_wconf 88' lang='lat' dir='ltr'><strong>si</strong></span> <span class='ocrx_word' id='word_1_612' title='bbox 2560 4406 2837 4477; x_wconf 90' lang='lat' dir='ltr'><strong>quomodo</strong></span> <span class='ocrx_word' id='word_1_613' title='bbox 2870 4407 3363 4480; x_wconf 86' lang='lat' dir='ltr'><strong>comprehendam,</strong></span> 
     </span>
    </p>
   </div>
   <div class='ocr_carea' id='block_1_86' title="bbox 1785 4495 3074 4567">
    <p class='ocr_par' dir='ltr' id='par_1_86' title="bbox 1785 4495 3074 4567">
     <span class='ocr_line' id='line_1_86' title="bbox 1785 4495 3074 4567; baseline 0.002 -16"><span class='ocrx_word' id='word_1_614' title='bbox 1785 4495 1842 4551; x_wconf 92' lang='lat' dir='ltr'><strong>in</strong></span> <span class='ocrx_word' id='word_1_615' title='bbox 1868 4509 1981 4565; x_wconf 91' lang='lat' dir='ltr'><strong>quo</strong></span> <span class='ocrx_word' id='word_1_616' title='bbox 2008 4504 2062 4552; x_wconf 89' lang='lat' dir='ltr'><strong>et</strong></span> <span class='ocrx_word' id='word_1_617' title='bbox 2093 4496 2530 4567; x_wconf 88' lang='lat' dir='ltr'><strong>comprehensus</strong></span> <span class='ocrx_word' id='word_1_618' title='bbox 2562 4512 2685 4553; x_wconf 90' lang='lat' dir='ltr'><strong>sum</strong></span> <span class='ocrx_word' id='word_1_619' title='bbox 2713 4512 2741 4552; x_wconf 93' lang='lat' dir='ltr'><strong>a</strong></span> <span class='ocrx_word' id='word_1_620' title='bbox 2775 4496 3022 4555; x_wconf 87' lang='lat' dir='ltr'><strong>Christo.</strong></span> <span class='ocrx_word' id='word_1_621' title='bbox 3053 4518 3074 4553; x_wconf 72' lang='grc' dir='ltr'><strong>ι</strong></span> 
     </span>
    </p>
   </div>
   <div class='ocr_carea' id='block_1_87' title="bbox 137 4560 1673 4663">
    <p class='ocr_par' dir='ltr' id='par_1_87' title="bbox 137 4560 1673 4663">
     <span class='ocr_line' id='line_1_87' title="bbox 137 4560 1673 4663; baseline 0.003 -24"><span class='ocrx_word' id='word_1_622' title='bbox 137 4560 408 4650; x_wconf 74' lang='grc' dir='ltr'>Διδάσκεί</span> <span class='ocrx_word' id='word_1_623' title='bbox 444 4592 542 4655; x_wconf 81' lang='grc' dir='ltr'><strong>τίς</strong></span> <span class='ocrx_word' id='word_1_624' title='bbox 588 4592 623 4663; x_wconf 87' lang='grc' dir='ltr'><strong>ή</strong></span> <span class='ocrx_word' id='word_1_625' title='bbox 657 4590 725 4645; x_wconf 80' lang='grc' dir='ltr'>ὲκ</span> <span class='ocrx_word' id='word_1_626' title='bbox 759 4587 898 4644; x_wconf 82' lang='grc' dir='ltr'>Θεοῦ</span> <span class='ocrx_word' id='word_1_627' title='bbox 944 4585 1261 4659; x_wconf 81' lang='grc' dir='ltr'>δικαιοσύνη</span> <span class='ocrx_word' id='word_1_628' title='bbox 1284 4604 1296 4617; x_wconf 84' lang='lat'><strong>&#39;</strong></span> <span class='ocrx_word' id='word_1_629' title='bbox 1339 4589 1375 4661; x_wconf 77' lang='grc' dir='ltr'><strong>ἡ</strong></span> <span class='ocrx_word' id='word_1_630' title='bbox 1410 4588 1592 4653; x_wconf 84' lang='grc' dir='ltr'>πίστις</span> <span class='ocrx_word' id='word_1_631' title='bbox 1642 4594 1673 4662; x_wconf 76' lang='grc' dir='ltr'><strong>ἡ</strong></span> 
     </span>
    </p>
   </div>
   <div class='ocr_carea' id='block_1_88' title="bbox 1783 4560 3365 4663">
    <p class='ocr_par' dir='ltr' id='par_1_88' title="bbox 1859 4560 3365 4662">
     <span class='ocr_line' id='line_1_88' title="bbox 1859 4560 3365 4662; baseline 0.007 -21"><span class='ocrx_word' id='word_1_632' title='bbox 1859 4560 2031 4642; x_wconf 79' lang='lat' dir='ltr'><strong>Docet</strong></span> <span class='ocrx_word' id='word_1_633' title='bbox 2055 4602 2177 4659; x_wconf 78' lang='lat' dir='ltr'><strong>quae</strong></span> <span class='ocrx_word' id='word_1_634' title='bbox 2223 4560 2308 4643; x_wconf 44' lang='lat' dir='ltr'><strong>&#39;sit</strong></span> <span class='ocrx_word' id='word_1_635' title='bbox 2341 4587 2559 4658; x_wconf 90' lang='lat' dir='ltr'><strong>justitia</strong></span> <span class='ocrx_word' id='word_1_636' title='bbox 2602 4586 2721 4654; x_wconf 91' lang='lat' dir='ltr'><strong>Dei,</strong></span> <span class='ocrx_word' id='word_1_637' title='bbox 2758 4604 2993 4662; x_wconf 85' lang='lat' dir='ltr'><strong>eamque</strong></span> <span class='ocrx_word' id='word_1_638' title='bbox 3039 4606 3166 4649; x_wconf 87' lang='lat' dir='ltr'><strong>esse</strong></span> <span class='ocrx_word' id='word_1_639' title='bbox 3202 4591 3365 4651; x_wconf 78' lang='lat' dir='ltr'><strong>ﬁdem</strong></span> 
     </span>
    </p>
   </div>
   <div class='ocr_carea' id='block_1_89' title="bbox 72 4681 1675 4761">
    <p class='ocr_par' dir='ltr' id='par_1_89' title="bbox 72 4681 1675 4761">
     <span class='ocr_line' id='line_1_89' title="bbox 72 4681 1675 4761; baseline -0.001 -23"><span class='ocrx_word' id='word_1_640' title='bbox 72 4687 146 4751; x_wconf 74' lang='grc' dir='ltr'><strong>είς</strong></span> <span class='ocrx_word' id='word_1_641' title='bbox 186 4688 471 4761; x_wconf 79' lang='grc' dir='ltr'>Χριστὸν,</span> <span class='ocrx_word' id='word_1_642' title='bbox 508 4684 607 4740; x_wconf 80' lang='grc' dir='ltr'>καὶ</span> <span class='ocrx_word' id='word_1_643' title='bbox 639 4686 673 4757; x_wconf 86' lang='grc' dir='ltr'><strong>ή</strong></span> <span class='ocrx_word' id='word_1_644' title='bbox 721 4683 925 4755; x_wconf 86' lang='grc' dir='ltr'>γνῶσις</span> <span class='ocrx_word' id='word_1_645' title='bbox 958 4684 1057 4755; x_wconf 80' lang='grc' dir='ltr'>τῆς</span> <span class='ocrx_word' id='word_1_646' title='bbox 1100 4681 1453 4747; x_wconf 85' lang='grc' dir='ltr'>ἀναστάσεως</span> <span class='ocrx_word' id='word_1_647' title='bbox 1485 4682 1675 4751; x_wconf 75' lang='grc' dir='ltr'>αὑτοῦ,</span> 
     </span>
    </p>
   </div>
   <div class='ocr_carea' id='block_1_90' title="bbox 70 4773 1679 4853">
    <p class='ocr_par' dir='ltr' id='par_1_90' title="bbox 70 4773 1679 4853">
     <span class='ocr_line' id='line_1_90' title="bbox 70 4773 1679 4853; baseline -0.001 -22"><span class='ocrx_word' id='word_1_648' title='bbox 70 4781 162 4837; x_wconf 70' lang='grc' dir='ltr'>καὶ</span> <span class='ocrx_word' id='word_1_649' title='bbox 200 4783 237 4853; x_wconf 80' lang='grc' dir='ltr'>ἡ</span> <span class='ocrx_word' id='word_1_650' title='bbox 272 4778 564 4836; x_wconf 78' lang='grc' dir='ltr'>κοινωνία</span> <span class='ocrx_word' id='word_1_651' title='bbox 592 4777 702 4833; x_wconf 83' lang='grc' dir='ltr'>τῶν</span> <span class='ocrx_word' id='word_1_652' title='bbox 730 4775 1073 4849; x_wconf 86' lang='grc' dir='ltr'>παθημάτων</span> <span class='ocrx_word' id='word_1_653' title='bbox 1115 4773 1304 4829; x_wconf 83' lang='grc' dir='ltr'>αὑτοῦ.</span> <span class='ocrx_word' id='word_1_654' title='bbox 1353 4774 1542 4829; x_wconf 85' lang='grc' dir='ltr'>Ταῦτα</span> <span class='ocrx_word' id='word_1_655' title='bbox 1568 4777 1679 4848; x_wconf 79' lang='grc' dir='ltr'>γὰρ</span> 
     </span>
    </p>
   </div>
   <div class='ocr_carea' id='block_1_91' title="bbox 74 4868 1678 4945">
    <p class='ocr_par' dir='ltr' id='par_1_91' title="bbox 74 4868 1678 4945">
     <span class='ocr_line' id='line_1_91' title="bbox 74 4868 1678 4945; baseline -0.004 -18"><span class='ocrx_word' id='word_1_656' title='bbox 74 4870 127 4927; x_wconf 76' lang='grc' dir='ltr'>ἐν</span> <span class='ocrx_word' id='word_1_657' title='bbox 150 4874 277 4945; x_wconf 75' lang='grc' dir='ltr'>ἐμοὶ</span> <span class='ocrx_word' id='word_1_658' title='bbox 306 4872 648 4945; x_wconf 74' lang='grc' dir='ltr'>εὑρεθέντα,</span> <span class='ocrx_word' id='word_1_659' title='bbox 678 4875 833 4942; x_wconf 81' lang='grc' dir='ltr'>φησὶ,</span> <span class='ocrx_word' id='word_1_660' title='bbox 862 4869 1202 4939; x_wconf 82' lang='grc' dir='ltr'>καταντῆσαι</span> <span class='ocrx_word' id='word_1_661' title='bbox 1227 4869 1448 4940; x_wconf 85' lang='grc' dir='ltr'>ποιήσει</span> <span class='ocrx_word' id='word_1_662' title='bbox 1472 4870 1550 4932; x_wconf 81' lang='grc' dir='ltr'><strong>είς</strong></span> <span class='ocrx_word' id='word_1_663' title='bbox 1578 4868 1678 4940; x_wconf 74' lang='grc' dir='ltr'>τὴν</span> 
     </span>
    </p>
   </div>
   <div class='ocr_carea' id='block_1_92' title="bbox 69 4956 1674 5037">
    <p class='ocr_par' dir='ltr' id='par_1_92' title="bbox 69 4956 1674 5037">
     <span class='ocr_line' id='line_1_92' title="bbox 69 4956 1674 5037; baseline -0.002 -20"><span class='ocrx_word' id='word_1_664' title='bbox 69 4964 379 5021; x_wconf 82' lang='grc' dir='ltr'>ἀνάστασιν</span> <span class='ocrx_word' id='word_1_665' title='bbox 410 4965 524 5037; x_wconf 78' lang='grc' dir='ltr'>τὴν</span> <span class='ocrx_word' id='word_1_666' title='bbox 556 4967 621 5019; x_wconf 76' lang='grc' dir='ltr'>ὲκ</span> <span class='ocrx_word' id='word_1_667' title='bbox 666 4964 774 5017; x_wconf 84' lang='grc' dir='ltr'><strong>τῶν</strong></span> <span class='ocrx_word' id='word_1_668' title='bbox 802 4963 1034 5032; x_wconf 85' lang='grc' dir='ltr'>νεκρῶν.</span> <span class='ocrx_word' id='word_1_669' title='bbox 1068 4963 1181 5032; x_wconf 76' lang='grc' dir='ltr'><strong>Οὐχ</strong></span> <span class='ocrx_word' id='word_1_670' title='bbox 1214 4960 1402 5025; x_wconf 81' lang='grc' dir='ltr'>ἁπλῶς</span> <span class='ocrx_word' id='word_1_671' title='bbox 1443 4960 1502 5015; x_wconf 83' lang='grc' dir='ltr'><strong>δὲ</strong></span> <span class='ocrx_word' id='word_1_672' title='bbox 1531 4956 1674 5024; x_wconf 82' lang='grc' dir='ltr'>εἷπε,</span> 
     </span>
    </p>
   </div>
   <div class='ocr_carea' id='block_1_93' title="bbox 66 5053 1675 5126">
    <p class='ocr_par' dir='ltr' id='par_1_93' title="bbox 66 5053 1675 5126">
     <span class='ocr_line' id='line_1_93' title="bbox 66 5053 1675 5126; baseline -0.005 -13"><span class='ocrx_word' id='word_1_673' title='bbox 66 5057 466 5126; x_wconf 75' lang='grc' dir='ltr'>καταντήσω,</span> <span class='ocrx_word' id='word_1_674' title='bbox 516 5055 675 5119; x_wconf 81' lang='grc' dir='ltr'>ἀλλὰ,</span> <span class='ocrx_word' id='word_1_675' title='bbox 713 5056 769 5109; x_wconf 81' lang='grc' dir='ltr'><strong>εί</strong></span> <span class='ocrx_word' id='word_1_676' title='bbox 811 5067 936 5121; x_wconf 80' lang='grc' dir='ltr'><strong>πως</strong></span> <span class='ocrx_word' id='word_1_677' title='bbox 975 5053 1349 5119; x_wconf 81' lang='grc' dir='ltr'>καταντήσω.</span> <span class='ocrx_word' id='word_1_678' title='bbox 1395 5054 1675 5107; x_wconf 82' lang='grc' dir='ltr'>Δείκνυσιν</span> 
     </span>
    </p>
   </div>
   <div class='ocr_carea' id='block_1_94' title="bbox 63 5142 1675 5221">
    <p class='ocr_par' dir='ltr' id='par_1_94' title="bbox 63 5142 1675 5221">
     <span class='ocr_line' id='line_1_94' title="bbox 63 5142 1675 5221; baseline -0.005 -17"><span class='ocrx_word' id='word_1_679' title='bbox 63 5152 143 5204; x_wconf 85' lang='grc' dir='ltr'>ὅτι</span> <span class='ocrx_word' id='word_1_680' title='bbox 175 5151 274 5205; x_wconf 78' lang='grc' dir='ltr'>καὶ</span> <span class='ocrx_word' id='word_1_681' title='bbox 321 5150 439 5221; x_wconf 70' lang='grc' dir='ltr'>ήδη</span> <span class='ocrx_word' id='word_1_682' title='bbox 480 5148 597 5210; x_wconf 81' lang='grc' dir='ltr'>τοῖς</span> <span class='ocrx_word' id='word_1_683' title='bbox 628 5143 855 5201; x_wconf 82' lang='grc' dir='ltr'>λαϐοῦσι</span> <span class='ocrx_word' id='word_1_684' title='bbox 898 5144 998 5216; x_wconf 81' lang='grc' dir='ltr'><strong>τῆς</strong></span> <span class='ocrx_word' id='word_1_685' title='bbox 1042 5144 1296 5213; x_wconf 89' lang='grc' dir='ltr'>γνώσεως</span> <span class='ocrx_word' id='word_1_686' title='bbox 1326 5146 1386 5197; x_wconf 80' lang='grc' dir='ltr'><strong>τὺ</strong></span> <span class='ocrx_word' id='word_1_687' title='bbox 1426 5142 1675 5214; x_wconf 82' lang='grc' dir='ltr'>χάρισμα</span> 
     </span>
    </p>
   </div>
   <div class='ocr_carea' id='block_1_95' title="bbox 62 5235 1675 5310">
    <p class='ocr_par' dir='ltr' id='par_1_95' title="bbox 62 5235 1675 5310">
     <span class='ocr_line' id='line_1_95' title="bbox 62 5235 1675 5310; baseline -0.006 -14"><span class='ocrx_word' id='word_1_688' title='bbox 62 5244 152 5298; x_wconf 76' lang='grc' dir='ltr'>καὶ</span> <span class='ocrx_word' id='word_1_689' title='bbox 180 5242 298 5298; x_wconf 83' lang='grc' dir='ltr'><strong>τῶν</strong></span> <span class='ocrx_word' id='word_1_690' title='bbox 344 5239 708 5310; x_wconf 84' lang='grc' dir='ltr'>παθημάτων</span> <span class='ocrx_word' id='word_1_691' title='bbox 732 5238 831 5309; x_wconf 83' lang='grc' dir='ltr'>τὴν</span> <span class='ocrx_word' id='word_1_692' title='bbox 875 5237 1186 5296; x_wconf 82' lang='grc' dir='ltr'>κοινωνίαν.</span> <span class='ocrx_word' id='word_1_693' title='bbox 1218 5235 1421 5306; x_wconf 82' lang='grc' dir='ltr'>πολλῆς</span> <span class='ocrx_word' id='word_1_694' title='bbox 1450 5236 1551 5306; x_wconf 82' lang='grc' dir='ltr'>τῆς</span> <span class='ocrx_word' id='word_1_695' title='bbox 1576 5238 1675 5305; x_wconf 78' lang='grc' dir='ltr'><strong>νή-</strong></span> 
     </span>
    </p>
   </div>
   <div class='ocr_carea' id='block_1_96' title="bbox 59 5326 1677 5404">
    <p class='ocr_par' dir='ltr' id='par_1_96' title="bbox 59 5326 1677 5404">
     <span class='ocr_line' id='line_1_96' title="bbox 59 5326 1677 5404; baseline -0.005 -17"><span class='ocrx_word' id='word_1_696' title='bbox 59 5332 205 5398; x_wconf 73' lang='grc' dir='ltr'>ψεως</span> <span class='ocrx_word' id='word_1_697' title='bbox 237 5332 445 5404; x_wconf 80' lang='grc' dir='ltr'>χρεία,</span> <span class='ocrx_word' id='word_1_698' title='bbox 483 5329 572 5382; x_wconf 77' lang='grc' dir='ltr'>ἵνα</span> <span class='ocrx_word' id='word_1_699' title='bbox 603 5327 680 5399; x_wconf 81' lang='grc' dir='ltr'><strong>μὴ</strong></span> <span class='ocrx_word' id='word_1_700' title='bbox 718 5326 755 5382; x_wconf 76' lang='grc' dir='ltr'>ἃ</span> <span class='ocrx_word' id='word_1_701' title='bbox 783 5326 978 5380; x_wconf 72' lang='grc' dir='ltr'>ἔλαϐον</span> <span class='ocrx_word' id='word_1_702' title='bbox 1006 5326 1342 5382; x_wconf 79' lang='grc' dir='ltr'>ἀπολέσωσι.</span> <span class='ocrx_word' id='word_1_703' title='bbox 1381 5327 1491 5381; x_wconf 78' lang='grc' dir='ltr'><strong>Καὶ</strong></span> <span class='ocrx_word' id='word_1_704' title='bbox 1515 5326 1677 5380; x_wconf 84' lang='grc' dir='ltr'>τοῦτο</span> 
     </span>
    </p>
   </div>
   <div class='ocr_carea' id='block_1_97' title="bbox 59 5418 1671 5493">
    <p class='ocr_par' dir='ltr' id='par_1_97' title="bbox 59 5418 1671 5493">
     <span class='ocr_line' id='line_1_97' title="bbox 59 5418 1671 5493; baseline -0.002 -18"><span class='ocrx_word' id='word_1_705' title='bbox 59 5423 122 5476; x_wconf 76' lang='grc' dir='ltr'>ὲκ</span> <span class='ocrx_word' id='word_1_706' title='bbox 154 5424 271 5479; x_wconf 82' lang='grc' dir='ltr'><strong>τῶν</strong></span> <span class='ocrx_word' id='word_1_707' title='bbox 309 5423 454 5493; x_wconf 73' lang='grc' dir='ltr'><strong>ἑξῆς</strong></span> <span class='ocrx_word' id='word_1_708' title='bbox 490 5419 675 5491; x_wconf 82' lang='grc' dir='ltr'>δῆλον.</span> <span class='ocrx_word' id='word_1_709' title='bbox 701 5421 823 5489; x_wconf 82' lang='grc' dir='ltr'><strong>Οὐχ</strong></span> <span class='ocrx_word' id='word_1_710' title='bbox 856 5419 944 5474; x_wconf 89' lang='grc' dir='ltr'>ὄτι</span> <span class='ocrx_word' id='word_1_711' title='bbox 967 5419 1077 5489; x_wconf 77' lang='grc' dir='ltr'><strong>γὰρ</strong></span> <span class='ocrx_word' id='word_1_712' title='bbox 1104 5418 1224 5488; x_wconf 77' lang='grc' dir='ltr'><strong>ἤδη</strong></span> <span class='ocrx_word' id='word_1_713' title='bbox 1246 5418 1487 5484; x_wconf 73' lang='grc' dir='ltr'>ἔλαϐον,</span> <span class='ocrx_word' id='word_1_714' title='bbox 1518 5422 1671 5489; x_wconf 69' lang='grc' dir='ltr'>φησι,</span> 
     </span>
    </p>
   </div>
   <div class='ocr_carea' id='block_1_98' title="bbox 59 5507 1677 5585">
    <p class='ocr_par' dir='ltr' id='par_1_98' title="bbox 59 5507 1677 5585">
     <span class='ocr_line' id='line_1_98' title="bbox 59 5507 1677 5585; baseline -0.001 -18"><span class='ocrx_word' id='word_1_715' title='bbox 59 5514 155 5567; x_wconf 75' lang='grc' dir='ltr'>καὶ</span> <span class='ocrx_word' id='word_1_716' title='bbox 178 5515 251 5585; x_wconf 78' lang='grc' dir='ltr'><strong>δὴ</strong></span> <span class='ocrx_word' id='word_1_717' title='bbox 282 5512 432 5585; x_wconf 79' lang='grc' dir='ltr'>περὶ</span> <span class='ocrx_word' id='word_1_718' title='bbox 477 5510 577 5564; x_wconf 87' lang='grc' dir='ltr'><strong>τοῦ</strong></span> <span class='ocrx_word' id='word_1_719' title='bbox 601 5509 792 5574; x_wconf 80' lang='grc' dir='ltr'>τέλους</span> <span class='ocrx_word' id='word_1_720' title='bbox 813 5507 1001 5582; x_wconf 69' lang='grc' dir='ltr'>θαρρῶ</span> <span class='ocrx_word' id='word_1_721' title='bbox 1026 5527 1039 5541; x_wconf 88' lang='grc'><strong>·</strong></span> <span class='ocrx_word' id='word_1_722' title='bbox 1066 5510 1203 5563; x_wconf 79' lang='grc' dir='ltr'>ἀλλὰ</span> <span class='ocrx_word' id='word_1_723' title='bbox 1230 5510 1433 5572; x_wconf 85' lang='grc' dir='ltr'>διώκω,</span> <span class='ocrx_word' id='word_1_724' title='bbox 1461 5510 1550 5565; x_wconf 86' lang='grc' dir='ltr'><strong>ἴνα</strong></span> <span class='ocrx_word' id='word_1_725' title='bbox 1581 5511 1677 5565; x_wconf 74' lang='grc' dir='ltr'>καὶ</span> 
     </span>
    </p>
   </div>
   <div class='ocr_carea' id='block_1_99' title="bbox 62 5601 1678 5677">
    <p class='ocr_par' dir='ltr' id='par_1_99' title="bbox 62 5601 1678 5677">
     <span class='ocr_line' id='line_1_99' title="bbox 62 5601 1678 5677; baseline -0.002 -17"><span class='ocrx_word' id='word_1_726' title='bbox 62 5605 396 5662; x_wconf 79' lang='grc' dir='ltr'>καταλάϐω.</span> <span class='ocrx_word' id='word_1_727' title='bbox 453 5603 529 5658; x_wconf 88' lang='grc' dir='ltr'>Τί</span> <span class='ocrx_word' id='word_1_728' title='bbox 573 5603 650 5670; x_wconf 74' lang='grc' dir='ltr'>δὲ,</span> <span class='ocrx_word' id='word_1_729' title='bbox 705 5602 793 5657; x_wconf 82' lang='grc' dir='ltr'>ἵνα</span> <span class='ocrx_word' id='word_1_730' title='bbox 839 5601 1147 5677; x_wconf 83' lang='grc' dir='ltr'>καταλάϐῃ,</span> <span class='ocrx_word' id='word_1_731' title='bbox 1190 5601 1225 5674; x_wconf 73' lang='grc' dir='ltr'>ἢ</span> <span class='ocrx_word' id='word_1_732' title='bbox 1268 5602 1427 5656; x_wconf 89' lang='grc' dir='ltr'>τοῦτο</span> <span class='ocrx_word' id='word_1_733' title='bbox 1470 5603 1532 5657; x_wconf 81' lang='grc' dir='ltr'>τὸ</span> <span class='ocrx_word' id='word_1_734' title='bbox 1579 5604 1678 5674; x_wconf 85' lang='grc' dir='ltr'><strong>χά-</strong></span> 
     </span>
    </p>
   </div>
   <div class='ocr_carea' id='block_1_100' title="bbox 66 5693 1677 5772">
    <p class='ocr_par' dir='ltr' id='par_1_100' title="bbox 66 5693 1677 5772">
     <span class='ocr_line' id='line_1_100' title="bbox 66 5693 1677 5772; baseline -0.001 -21"><span class='ocrx_word' id='word_1_735' title='bbox 66 5716 241 5772; x_wconf 83' lang='grc' dir='ltr'>ρισμα</span> <span class='ocrx_word' id='word_1_736' title='bbox 300 5700 391 5764; x_wconf 75' lang='grc' dir='ltr'>εἰς</span> <span class='ocrx_word' id='word_1_737' title='bbox 445 5696 482 5751; x_wconf 82' lang='grc' dir='ltr'><strong>ὃ</strong></span> <span class='ocrx_word' id='word_1_738' title='bbox 529 5697 620 5751; x_wconf 79' lang='grc' dir='ltr'>καὶ</span> <span class='ocrx_word' id='word_1_739' title='bbox 658 5693 974 5767; x_wconf 78' lang='grc' dir='ltr'>κατελήφθη</span> <span class='ocrx_word' id='word_1_740' title='bbox 1009 5694 1115 5750; x_wconf 79' lang='grc' dir='ltr'>ὑπὸ</span> <span class='ocrx_word' id='word_1_741' title='bbox 1146 5696 1422 5769; x_wconf 87' lang='grc' dir='ltr'>Χριστοῦ;</span> <span class='ocrx_word' id='word_1_742' title='bbox 1464 5698 1523 5749; x_wconf 69' lang='grc' dir='ltr'>ἐν</span> <span class='ocrx_word' id='word_1_743' title='bbox 1568 5697 1677 5750; x_wconf 86' lang='grc' dir='ltr'>τίνι</span> 
     </span>
    </p>
   </div>
   <div class='ocr_carea' id='block_1_101' title="bbox 66 5783 1681 5863">
    <p class='ocr_par' dir='ltr' id='par_1_101' title="bbox 66 5783 1681 5863">
     <span class='ocr_line' id='line_1_101' title="bbox 66 5783 1681 5863; baseline -0.001 -18"><span class='ocrx_word' id='word_1_744' title='bbox 66 5790 121 5845; x_wconf 70' lang='grc' dir='ltr'><strong>δὶ</strong></span> <span class='ocrx_word' id='word_1_745' title='bbox 152 5790 533 5863; x_wconf 77' lang='grc' dir='ltr'>κατελήφθη,</span> <span class='ocrx_word' id='word_1_746' title='bbox 566 5788 599 5862; x_wconf 77' lang='grc' dir='ltr'><strong>ἢ</strong></span> <span class='ocrx_word' id='word_1_747' title='bbox 631 5790 700 5861; x_wconf 73' lang='grc' dir='ltr'>τῇ</span> <span class='ocrx_word' id='word_1_748' title='bbox 737 5787 1067 5855; x_wconf 83' lang='grc' dir='ltr'>άναστάσει;</span> <span class='ocrx_word' id='word_1_749' title='bbox 1108 5783 1205 5853; x_wconf 80' lang='grc' dir='ltr'>Είς</span> <span class='ocrx_word' id='word_1_750' title='bbox 1237 5789 1345 5860; x_wconf 81' lang='grc' dir='ltr'><strong>γὰρ</strong></span> <span class='ocrx_word' id='word_1_751' title='bbox 1372 5788 1513 5862; x_wconf 82' lang='grc' dir='ltr'>ὑπὲρ</span> <span class='ocrx_word' id='word_1_752' title='bbox 1542 5790 1681 5845; x_wconf 82' lang='grc' dir='ltr'>πάν-</span> 
     </span>
    </p>
   </div>
   <div class='ocr_carea' id='block_1_102' title="bbox 68 5876 1681 5953">
    <p class='ocr_par' dir='ltr' id='par_1_102' title="bbox 68 5876 1681 5953">
     <span class='ocr_line' id='line_1_102' title="bbox 68 5876 1681 5953; baseline -0.001 -16"><span class='ocrx_word' id='word_1_753' title='bbox 68 5899 177 5941; x_wconf 82' lang='grc' dir='ltr'><strong>των</strong></span> <span class='ocrx_word' id='word_1_754' title='bbox 210 5884 543 5945; x_wconf 73' lang='grc' dir='ltr'>ἀπέθανεν,</span> <span class='ocrx_word' id='word_1_755' title='bbox 572 5882 658 5937; x_wconf 81' lang='grc' dir='ltr'>ἶνα</span> <span class='ocrx_word' id='word_1_756' title='bbox 688 5882 890 5946; x_wconf 86' lang='grc' dir='ltr'>πάντες</span> <span class='ocrx_word' id='word_1_757' title='bbox 923 5880 1199 5953; x_wconf 78' lang='grc' dir='ltr'>ζήσωμεν.</span> <span class='ocrx_word' id='word_1_758' title='bbox 1244 5882 1412 5946; x_wconf 79' lang='grc' dir='ltr'>Φόϐος</span> <span class='ocrx_word' id='word_1_759' title='bbox 1448 5876 1542 5937; x_wconf 82' lang='grc' dir='ltr'><strong>οῦν</strong></span> <span class='ocrx_word' id='word_1_760' title='bbox 1578 5882 1681 5951; x_wconf 78' lang='grc' dir='ltr'><strong>μὲ-</strong></span> 
     </span>
    </p>
   </div>
   <div class='ocr_carea' id='block_1_103' title="bbox 410 5974 1061 6041">
    <p class='ocr_par' dir='ltr' id='par_1_103' title="bbox 410 5974 1061 6041">
     <span class='ocr_line' id='line_1_103' title="bbox 410 5974 1061 6041; baseline 0.003 -2"><span class='ocrx_word' id='word_1_761' title='bbox 410 5976 695 6041; x_wconf 61' lang='lat' dir='ltr'><strong>Panos.</strong></span> <span class='ocrx_word' id='word_1_762' title='bbox 724 5974 845 6040; x_wconf 77' lang='lat' dir='ltr'><strong>Gn.</strong></span> <span class='ocrx_word' id='word_1_763' title='bbox 884 5974 1061 6041; x_wconf 77' lang='lat' dir='ltr'><strong>XCV.</strong></span> 
     </span>
    </p>
   </div>
   <div class='ocr_carea' id='block_1_104' title="bbox 1786 4678 3365 4757">
    <p class='ocr_par' dir='ltr' id='par_1_104' title="bbox 1786 4678 3365 4757">
     <span class='ocr_line' id='line_1_104' title="bbox 1786 4678 3365 4757; baseline 0.004 -23"><span class='ocrx_word' id='word_1_764' title='bbox 1786 4678 1843 4734; x_wconf 90' lang='lat' dir='ltr'><strong>in</strong></span> <span class='ocrx_word' id='word_1_765' title='bbox 1868 4678 2177 4748; x_wconf 86' lang='lat' dir='ltr'><strong>Christum,</strong></span> <span class='ocrx_word' id='word_1_766' title='bbox 2215 4689 2274 4735; x_wconf 88' lang='lat' dir='ltr'><strong>et</strong></span> <span class='ocrx_word' id='word_1_767' title='bbox 2316 4680 2693 4751; x_wconf 77' lang='lat' dir='ltr'><strong>cognitionem</strong></span> <span class='ocrx_word' id='word_1_768' title='bbox 2740 4683 3173 4741; x_wconf 84' lang='lat' dir='ltr'><strong>resurrectionis</strong></span> <span class='ocrx_word' id='word_1_769' title='bbox 3216 4685 3365 4757; x_wconf 85' lang='lat' dir='ltr'><strong>ejus,</strong></span> 
     </span>
    </p>
   </div>
   <div class='ocr_carea' id='block_1_105' title="bbox 1786 4771 3367 4851">
    <p class='ocr_par' dir='ltr' id='par_1_105' title="bbox 1786 4771 3367 4851">
     <span class='ocr_line' id='line_1_105' title="bbox 1786 4771 3367 4851; baseline 0.004 -23"><span class='ocrx_word' id='word_1_770' title='bbox 1786 4772 2220 4842; x_wconf 81' lang='lat' dir='ltr'><strong>societatemque</strong></span> <span class='ocrx_word' id='word_1_771' title='bbox 2246 4773 2568 4843; x_wconf 89' lang='lat' dir='ltr'><strong>passionum</strong></span> <span class='ocrx_word' id='word_1_772' title='bbox 2608 4772 2785 4851; x_wconf 86' lang='lat' dir='ltr'><strong>illius.</strong></span> <span class='ocrx_word' id='word_1_773' title='bbox 2817 4771 2967 4841; x_wconf 67' lang='lat' dir='ltr'><strong>Haec,</strong></span> <span class='ocrx_word' id='word_1_774' title='bbox 3001 4775 3199 4847; x_wconf 90' lang='lat' dir='ltr'><strong>inquit,</strong></span> <span class='ocrx_word' id='word_1_775' title='bbox 3236 4792 3367 4834; x_wconf 88' lang='lat' dir='ltr'><strong>cum</strong></span> 
     </span>
    </p>
   </div>
   <div class='ocr_carea' id='block_1_106' title="bbox 1787 4860 3371 4933">
    <p class='ocr_par' dir='ltr' id='par_1_106' title="bbox 1787 4860 3371 4933">
     <span class='ocr_line' id='line_1_106' title="bbox 1787 4860 3371 4933; baseline 0.004 -16"><span class='ocrx_word' id='word_1_776' title='bbox 1787 4862 1841 4917; x_wconf 90' lang='lat' dir='ltr'><strong>in</strong></span> <span class='ocrx_word' id='word_1_777' title='bbox 1877 4877 1966 4917; x_wconf 92' lang='lat' dir='ltr'><strong>me</strong></span> <span class='ocrx_word' id='word_1_778' title='bbox 1990 4861 2364 4933; x_wconf 87' lang='lat' dir='ltr'><strong>reperiantur,</strong></span> <span class='ocrx_word' id='word_1_779' title='bbox 2405 4860 2645 4918; x_wconf 82' lang='lat' dir='ltr'><strong>eﬂicient</strong></span> <span class='ocrx_word' id='word_1_780' title='bbox 2679 4870 2740 4917; x_wconf 92' lang='lat' dir='ltr'><strong>ut</strong></span> <span class='ocrx_word' id='word_1_781' title='bbox 2771 4878 3060 4921; x_wconf 88' lang='lat' dir='ltr'><strong>occurram</strong></span> <span class='ocrx_word' id='word_1_782' title='bbox 3092 4868 3148 4922; x_wconf 89' lang='lat' dir='ltr'><strong>in</strong></span> <span class='ocrx_word' id='word_1_783' title='bbox 3185 4884 3371 4925; x_wconf 86' lang='lat' dir='ltr'><strong>resur-</strong></span> 
     </span>
    </p>
   </div>
   <div class='ocr_carea' id='block_1_107' title="bbox 1785 4951 3369 5026">
    <p class='ocr_par' dir='ltr' id='par_1_107' title="bbox 1785 4951 3369 5026">
     <span class='ocr_line' id='line_1_107' title="bbox 1785 4951 3369 5026; baseline 0.002 -18"><span class='ocrx_word' id='word_1_784' title='bbox 1785 4952 2093 5008; x_wconf 87' lang='lat' dir='ltr'><strong>rectionem</strong></span> <span class='ocrx_word' id='word_1_785' title='bbox 2142 4967 2210 5007; x_wconf 80' lang='lat' dir='ltr'><strong>ex</strong></span> <span class='ocrx_word' id='word_1_786' title='bbox 2286 4952 2545 5008; x_wconf 77' lang='lat' dir='ltr'><strong>ntnrtuis.</strong></span> <span class='ocrx_word' id='word_1_787' title='bbox 2609 4951 2729 5007; x_wconf 84' lang='lat' dir='ltr'><strong>Non</strong></span> <span class='ocrx_word' id='word_1_788' title='bbox 2788 4960 2976 5008; x_wconf 84' lang='lat' dir='ltr'><strong>autem</strong></span> <span class='ocrx_word' id='word_1_789' title='bbox 3037 4954 3369 5026; x_wconf 83' lang='lat' dir='ltr'><strong>simpliciter</strong></span> 
     </span>
    </p>
   </div>
   <div class='ocr_carea' id='block_1_108' title="bbox 1784 5044 3356 5117">
    <p class='ocr_par' dir='ltr' id='par_1_108' title="bbox 1784 5044 3356 5117">
     <span class='ocr_line' id='line_1_108' title="bbox 1784 5044 3356 5117; baseline 0.003 -17"><span class='ocrx_word' id='word_1_790' title='bbox 1784 5046 1945 5110; x_wconf 84' lang='lat' dir='ltr'><strong>dixit,</strong></span> <span class='ocrx_word' id='word_1_791' title='bbox 1972 5060 2271 5111; x_wconf 82' lang='lat' dir='ltr'><strong>occurrant,</strong></span> <span class='ocrx_word' id='word_1_792' title='bbox 2299 5044 2417 5109; x_wconf 87' lang='lat' dir='ltr'><strong>sed,</strong></span> <span class='ocrx_word' id='word_1_793' title='bbox 2448 5045 2495 5099; x_wconf 81' lang='lat' dir='ltr'><strong>si</strong></span> <span class='ocrx_word' id='word_1_794' title='bbox 2519 5046 2782 5117; x_wconf 82' lang='lat' dir='ltr'><strong>quomodo</strong></span> <span class='ocrx_word' id='word_1_795' title='bbox 2816 5062 3119 5115; x_wconf 87' lang='lat' dir='ltr'><strong>occurram,</strong></span> <span class='ocrx_word' id='word_1_796' title='bbox 3162 5057 3356 5105; x_wconf 77' lang='lat' dir='ltr'><strong>osten~</strong></span> 
     </span>
    </p>
   </div>
   <div class='ocr_carea' id='block_1_109' title="bbox 1786 5139 3366 5212">
    <p class='ocr_par' dir='ltr' id='par_1_109' title="bbox 1786 5139 3366 5212">
     <span class='ocr_line' id='line_1_109' title="bbox 1786 5139 3366 5212; baseline 0.001 -19"><span class='ocrx_word' id='word_1_797' title='bbox 1786 5142 1973 5207; x_wconf 83' lang='lat' dir='ltr'><strong>ditque</strong></span> <span class='ocrx_word' id='word_1_798' title='bbox 2003 5155 2100 5195; x_wconf 88' lang='lat' dir='ltr'><strong>eos</strong></span> <span class='ocrx_word' id='word_1_799' title='bbox 2152 5139 2244 5208; x_wconf 89' lang='lat' dir='ltr'><strong>qui</strong></span> <span class='ocrx_word' id='word_1_800' title='bbox 2303 5139 2508 5195; x_wconf 86' lang='lat' dir='ltr'><strong>donum</strong></span> <span class='ocrx_word' id='word_1_801' title='bbox 2557 5140 2913 5211; x_wconf 79' lang='lat' dir='ltr'><strong>cognitionis,</strong></span> <span class='ocrx_word' id='word_1_802' title='bbox 2954 5151 3007 5196; x_wconf 92' lang='lat' dir='ltr'><strong>et</strong></span> <span class='ocrx_word' id='word_1_803' title='bbox 3038 5142 3366 5212; x_wconf 87' lang='lat' dir='ltr'><strong>passionum</strong></span> 
     </span>
    </p>
   </div>
   <div class='ocr_carea' id='block_1_110' title="bbox 1786 5234 3359 5307">
    <p class='ocr_par' dir='ltr' id='par_1_110' title="bbox 1786 5234 3359 5307">
     <span class='ocr_line' id='line_1_110' title="bbox 1786 5234 3359 5307; baseline 0.002 -18"><span class='ocrx_word' id='word_1_804' title='bbox 1786 5234 2106 5290; x_wconf 78' lang='lat' dir='ltr'><strong>societatem</strong></span> <span class='ocrx_word' id='word_1_805' title='bbox 2140 5248 2422 5303; x_wconf 85' lang='lat' dir='ltr'><strong>accepere,</strong></span> <span class='ocrx_word' id='word_1_806' title='bbox 2474 5234 2665 5290; x_wconf 90' lang='lat' dir='ltr'><strong>multis</strong></span> <span class='ocrx_word' id='word_1_807' title='bbox 2709 5234 2914 5306; x_wconf 82' lang='lat' dir='ltr'><strong>vigiliis</strong></span> <span class='ocrx_word' id='word_1_808' title='bbox 2960 5251 3100 5307; x_wconf 87' lang='lat' dir='ltr'><strong>opus</strong></span> <span class='ocrx_word' id='word_1_809' title='bbox 3137 5236 3359 5301; x_wconf 85' lang='lat' dir='ltr'><strong>habere,</strong></span> 
     </span>
    </p>
   </div>
   <div class='ocr_carea' id='block_1_111' title="bbox 1785 5322 3359 5400">
    <p class='ocr_par' dir='ltr' id='par_1_111' title="bbox 1785 5322 3359 5400">
     <span class='ocr_line' id='line_1_111' title="bbox 1785 5322 3359 5400; baseline 0.002 -20"><span class='ocrx_word' id='word_1_810' title='bbox 1785 5342 1854 5381; x_wconf 90' lang='lat' dir='ltr'><strong>ne</strong></span> <span class='ocrx_word' id='word_1_811' title='bbox 1883 5341 1944 5381; x_wconf 84' lang='lat' dir='ltr'><strong>ea</strong></span> <span class='ocrx_word' id='word_1_812' title='bbox 1975 5328 2231 5381; x_wconf 83' lang='lat' dir='ltr'><strong>amittant</strong></span> <span class='ocrx_word' id='word_1_813' title='bbox 2261 5342 2383 5398; x_wconf 63' lang='lat' dir='ltr'><strong>quae</strong></span> <span class='ocrx_word' id='word_1_814' title='bbox 2414 5336 2769 5400; x_wconf 90' lang='lat' dir='ltr'><strong>acceperunt.</strong></span> <span class='ocrx_word' id='word_1_815' title='bbox 2802 5328 2975 5400; x_wconf 89' lang='lat' dir='ltr'><strong>quue</strong></span> <span class='ocrx_word' id='word_1_816' title='bbox 3006 5322 3359 5384; x_wconf 78' lang='lat' dir='ltr'><strong>manifestum</strong></span> 
     </span>
    </p>
   </div>
   <div class='ocr_carea' id='block_1_112' title="bbox 1787 5417 3352 5492">
    <p class='ocr_par' dir='ltr' id='par_1_112' title="bbox 1787 5417 3352 5492">
     <span class='ocr_line' id='line_1_112' title="bbox 1787 5417 3352 5492; baseline 0.001 -20"><span class='ocrx_word' id='word_1_817' title='bbox 1787 5417 1845 5472; x_wconf 71' lang='grc' dir='ltr'><strong>ιιι</strong></span> <span class='ocrx_word' id='word_1_818' title='bbox 1886 5434 1948 5473; x_wconf 82' lang='lat' dir='ltr'><strong>ex</strong></span> <span class='ocrx_word' id='word_1_819' title='bbox 1983 5418 2051 5473; x_wconf 91' lang='lat' dir='ltr'><strong>iis</strong></span> <span class='ocrx_word' id='word_1_820' title='bbox 2092 5434 2215 5489; x_wconf 73' lang='lat' dir='ltr'><strong>quae</strong></span> <span class='ocrx_word' id='word_1_821' title='bbox 2246 5429 2609 5490; x_wconf 87' lang='lat' dir='ltr'><strong>sequuntur:</strong></span> <span class='ocrx_word' id='word_1_822' title='bbox 2645 5419 2772 5476; x_wconf 80' lang='lat' dir='ltr'><strong>Non</strong></span> <span class='ocrx_word' id='word_1_823' title='bbox 2814 5419 2953 5492; x_wconf 85' lang='lat' dir='ltr'><strong>quod</strong></span> <span class='ocrx_word' id='word_1_824' title='bbox 2982 5419 3102 5491; x_wconf 82' lang='lat' dir='ltr'><strong>jam</strong></span> <span class='ocrx_word' id='word_1_825' title='bbox 3146 5436 3352 5489; x_wconf 49' lang='lat' dir='ltr'><strong>accepe.</strong></span> 
     </span>
    </p>
   </div>
   <div class='ocr_carea' id='block_1_113' title="bbox 1786 5511 3363 5583">
    <p class='ocr_par' dir='ltr' id='par_1_113' title="bbox 1786 5511 3363 5583">
     <span class='ocr_line' id='line_1_113' title="bbox 1786 5511 3363 5583; baseline 0.001 -18"><span class='ocrx_word' id='word_1_826' title='bbox 1786 5512 1910 5578; x_wconf 83' lang='lat' dir='ltr'><strong>rim,</strong></span> <span class='ocrx_word' id='word_1_827' title='bbox 1960 5511 2165 5583; x_wconf 90' lang='lat' dir='ltr'><strong>inquit.</strong></span> <span class='ocrx_word' id='word_1_828' title='bbox 2220 5512 2357 5569; x_wconf 90' lang='lat' dir='ltr'><strong>Cum</strong></span> <span class='ocrx_word' id='word_1_829' title='bbox 2403 5514 2549 5570; x_wconf 89' lang='lat' dir='ltr'><strong>enim</strong></span> <span class='ocrx_word' id='word_1_830' title='bbox 2592 5521 2800 5571; x_wconf 88' lang='lat' dir='ltr'><strong>certam</strong></span> <span class='ocrx_word' id='word_1_831' title='bbox 2854 5514 2923 5571; x_wconf 87' lang='lat' dir='ltr'><strong>de</strong></span> <span class='ocrx_word' id='word_1_832' title='bbox 2959 5512 3067 5569; x_wconf 81' lang='lat' dir='ltr'><strong>ﬁne</strong></span> <span class='ocrx_word' id='word_1_833' title='bbox 3102 5512 3363 5568; x_wconf 84' lang='lat' dir='ltr'><strong>ﬁduciam</strong></span> 
     </span>
    </p>
   </div>
   <div class='ocr_carea' id='block_1_114' title="bbox 1784 5606 3362 5680">
    <p class='ocr_par' dir='ltr' id='par_1_114' title="bbox 1784 5606 3362 5680">
     <span class='ocr_line' id='line_1_114' title="bbox 1784 5606 3362 5680; baseline 0.001 -19"><span class='ocrx_word' id='word_1_834' title='bbox 1784 5606 2038 5671; x_wconf 86' lang='lat' dir='ltr'><strong>habeam,</strong></span> <span class='ocrx_word' id='word_1_835' title='bbox 2073 5614 2315 5663; x_wconf 88' lang='lat' dir='ltr'><strong>attamen</strong></span> <span class='ocrx_word' id='word_1_836' title='bbox 2357 5624 2667 5680; x_wconf 88' lang='lat' dir='ltr'><strong>persequor</strong></span> <span class='ocrx_word' id='word_1_837' title='bbox 2700 5616 2761 5664; x_wconf 91' lang='lat' dir='ltr'><strong>ut</strong></span> <span class='ocrx_word' id='word_1_838' title='bbox 2816 5616 2874 5666; x_wconf 89' lang='lat' dir='ltr'><strong>et</strong></span> <span class='ocrx_word' id='word_1_839' title='bbox 2915 5608 3074 5664; x_wconf 88' lang='lat' dir='ltr'><strong>illum</strong></span> <span class='ocrx_word' id='word_1_840' title='bbox 3109 5622 3362 5680; x_wconf 79' lang='lat' dir='ltr'><strong>compre-</strong></span> 
     </span>
    </p>
   </div>
   <div class='ocr_carea' id='block_1_115' title="bbox 1783 5699 3361 5773">
    <p class='ocr_par' dir='ltr' id='par_1_115' title="bbox 1783 5699 3361 5773">
     <span class='ocr_line' id='line_1_115' title="bbox 1783 5699 3361 5773; baseline 0 -18"><span class='ocrx_word' id='word_1_841' title='bbox 1783 5700 2043 5756; x_wconf 89' lang='lat' dir='ltr'><strong>hendam.</strong></span> <span class='ocrx_word' id='word_1_842' title='bbox 2101 5699 2379 5768; x_wconf 79' lang='lat' dir='ltr'><strong>Quidnam</strong></span> <span class='ocrx_word' id='word_1_843' title='bbox 2432 5718 2588 5770; x_wconf 88' lang='lat' dir='ltr'><strong>vero,</strong></span> <span class='ocrx_word' id='word_1_844' title='bbox 2649 5714 2709 5759; x_wconf 93' lang='lat' dir='ltr'><strong>ut</strong></span> <span class='ocrx_word' id='word_1_845' title='bbox 2756 5700 3215 5773; x_wconf 84' lang='lat' dir='ltr'><strong>comprehendat,</strong></span> <span class='ocrx_word' id='word_1_846' title='bbox 3249 5700 3361 5758; x_wconf 88' lang='lat' dir='ltr'><strong>nisi</strong></span> 
     </span>
    </p>
   </div>
   <div class='ocr_carea' id='block_1_116' title="bbox 1787 5791 3360 5867">
    <p class='ocr_par' dir='ltr' id='par_1_116' title="bbox 1787 5791 3360 5867">
     <span class='ocr_line' id='line_1_116' title="bbox 1787 5791 3360 5867; baseline 0 -19"><span class='ocrx_word' id='word_1_847' title='bbox 1787 5791 1920 5848; x_wconf 91' lang='lat' dir='ltr'><strong>illud</strong></span> <span class='ocrx_word' id='word_1_848' title='bbox 1971 5791 2176 5849; x_wconf 86' lang='lat' dir='ltr'><strong>donum</strong></span> <span class='ocrx_word' id='word_1_849' title='bbox 2247 5795 2409 5865; x_wconf 89' lang='lat' dir='ltr'><strong>cujus</strong></span> <span class='ocrx_word' id='word_1_850' title='bbox 2466 5795 2645 5865; x_wconf 80' lang='lat' dir='ltr'><strong>gratia</strong></span> <span class='ocrx_word' id='word_1_851' title='bbox 2710 5794 3149 5867; x_wconf 83' lang='lat' dir='ltr'><strong>comprehensus</strong></span> <span class='ocrx_word' id='word_1_852' title='bbox 3197 5800 3284 5849; x_wconf 82' lang='lat' dir='ltr'><strong>est</strong></span> <span class='ocrx_word' id='word_1_853' title='bbox 3327 5809 3360 5849; x_wconf 72' lang='grc' dir='ltr'>ι</span> 
     </span>
    </p>
   </div>
   <div class='ocr_carea' id='block_1_117' title="bbox 1787 5884 3359 5962">
    <p class='ocr_par' dir='ltr' id='par_1_117' title="bbox 1787 5884 3359 5962">
     <span class='ocr_line' id='line_1_117' title="bbox 1787 5884 3359 5962; baseline 0.002 -21"><span class='ocrx_word' id='word_1_854' title='bbox 1787 5884 2048 5942; x_wconf 79' lang='lat' dir='ltr'><strong>Christo?</strong></span> <span class='ocrx_word' id='word_1_855' title='bbox 2081 5886 2134 5943; x_wconf 91' lang='lat' dir='ltr'><strong>in</strong></span> <span class='ocrx_word' id='word_1_856' title='bbox 2160 5902 2270 5959; x_wconf 92' lang='lat' dir='ltr'><strong>quo</strong></span> <span class='ocrx_word' id='word_1_857' title='bbox 2312 5895 2495 5947; x_wconf 90' lang='lat' dir='ltr'><strong>autem</strong></span> <span class='ocrx_word' id='word_1_858' title='bbox 2525 5887 2963 5962; x_wconf 85' lang='lat' dir='ltr'><strong>comprehensus</strong></span> <span class='ocrx_word' id='word_1_859' title='bbox 3002 5896 3113 5957; x_wconf 87' lang='lat' dir='ltr'><strong>est,</strong></span> <span class='ocrx_word' id='word_1_860' title='bbox 3151 5887 3257 5944; x_wconf 84' lang='lat' dir='ltr'><strong>nisi</strong></span> <span class='ocrx_word' id='word_1_861' title='bbox 3302 5886 3359 5944; x_wconf 90' lang='lat' dir='ltr'><strong>in</strong></span> 
     </span>
    </p>
   </div>
   <div class='ocr_carea' id='block_1_118' title="bbox 2950 5980 3027 6045">
    <p class='ocr_par' dir='ltr' id='par_1_118' title="bbox 2950 5980 3027 6045">
     <span class='ocr_line' id='line_1_118' title="bbox 2950 5980 3027 6045; baseline -0.026 0"><span class='ocrx_word' id='word_1_862' title='bbox 2950 5980 3027 6045; x_wconf 75' lang='lat'><strong>28</strong></span> 
     </span>
    </p>
   </div>
  </div>
