3870 6260
438 364 540 433 B79

1587 370 1648 430 S.
1682 366 2001 431 JOANNIS
2036 367 2461 430 DAMASCENI

3562 360 3663 439 880

512 500 531 533 ι
566 478 674 535 Sed
725 478 779 535 in
810 478 963 533 omni
1010 477 1262 534 oratione
1312 486 1362 534 et
1406 478 1815 543 obsecratione,
1876 493 1999 535 cum

2179 493 2197 528 ι
2263 479 2402 532 Ἀλλ’
2436 482 2495 533 ὲν
2537 477 2697 533 παντὶ
2747 478 2814 549 τῇ
2872 479 3325 550 προσευχῇ,“κα“ι
3373 481 3437 550 τῇ
3490 481 3663 554 δεήσει

436 573 733 644 gratiarum
795 573 1038 635 actione.
1073 572 1371 644 petitiones
1400 581 1601 629 vestrae
1650 573 2005 628 innotescant

435 666 577 735 apud
606 665 816 721 Deum:
866 674 922 722 et
959 681 1065 737 pax
1119 666 1213 723 Dei
1255 680 1379 737 qua:
1433 674 1733 736 exsuperat
1780 679 2001 721 onmem

433 774 683 815 sensum.
726 777 745 810 ι

502 849 775 915 Quoniam
812 849 953 905 nihil
981 866 1079 908 eos
1114 851 1391 909 sollicitos
1438 867 1565 909 esse
1605 851 1808 909 debere
1846 851 2005 907 dire-

434 950 537 1003 rat.
576 957 645 996 ne
674 941 1035 1000 conciderent
1083 943 1292 1009 animo,
1345 944 1730 1002 existimantes
1782 945 1886 1000 hoc
1914 959 2007 1016 ge-

436 1042 670 1091 neratim
704 1049 734 1087 a
758 1049 819 1091 se
846 1037 1294 1105 pronuntiatum,
1330 1051 1450 1092 eam
1481 1037 1550 1092 ob
1577 1052 1694 1094 rem
1732 1036 1849 1093 ait:
1887 1035 2005 1091 Mo-

436 1125 527 1178 nui
559 1140 655 1179 vos
685 1139 752 1179 ne
793 1125 1020 1181 solliciti
1072 1126 1200 1182 sitis
1250 1127 1321 1182 ob
1349 1128 1566 1183 vincula
1614 1129 1820 1200 quibus
1866 1127 2008 1184 deti-

434 1224 595 1281 neor,
629 1222 891 1285 tauquam
929 1214 1139 1284 aliquid
1174 1216 1375 1273 eximie
1414 1216 1625 1273 doloris
1673 1218 1873 1289 patiar.
1901 1216 2005 1274 Ne-

434 1317 714 1375 quaquam
745 1305 891 1361 enim
930 1306 1046 1362 haec
1089 1308 1222 1362 mihi
1263 1309 1499 1364 molesta
1551 1318 1683 1366 sunt
1710 1319 1764 1366 et
1794 1310 2003 1381 gravia.

438 1396 637 1454 Verum
668 1405 906 1467 oportet,
940 1398 1145 1470 inquit,
1182 1408 1239 1455 ut
1281 1400 1516 1456 orationi
1547 1410 1602 1458 et
1632 1396 2003 1457 obsecrationi

435 1490 580 1560 apud
639 1487 810 1545 Deum
865 1491 1187 1564 diligentius
1241 1493 1442 1550 intenti
1489 1494 1635 1553 sitis.
1684 1493 1819 1549 Nam
1877 1510 2004 1551 eum

436 1580 737 1652 gratiarum
801 1582 1115 1640 actionibus
1182 1586 1501 1642 exorandus
1560 1585 1704 1643 Deus
1746 1594 1854 1650 est,
1898 1600 2003 1640 uou

435 1671 647 1741 :lejecto
676 1673 1028 1745 torpentique
1053 1673 1263 1730 animo.

510 1784 528 1815 ι
563 1764 851 1821 Custodiet
901 1765 1071 1821 corda
1130 1773 1318 1823 vestra
1356 1776 1410 1823 et
1472 1767 1863 1841 intelligentiae
1911 1783 2005 1825 ve-

436 1866 580 1912 stras
607 1856 658 1911 in
697 1856 921 1914 Christo
952 1855 1105 1915 Iesu.
1149 1878 1167 1912 ι

506 1946 705 2002 Iterum
756 1955 1031 2016 precatur,
1096 1956 1157 2003 ut
1224 1949 1479 2005 eamdem
1534 1948 1693 2006 fidem
1766 1959 2007 2005 teneant.

437 2036 549 2092 lioc
584 2045 669 2093 est
700 2038 873 2102 enim,
905 2038 1080 2093 corda
1117 2045 1173 2094 et
1216 2038 1619 2111 intelligentias
1658 2042 1904 2111 ipsorum
1952 2041 2007 2097 in

432 2130 658 2187 Christo
689 2131 915 2188 muniri.

504 2223 673 2281 Vens.
709 2223 761 2291 8,
792 2223 846 2280 9.
908 2242 928 2277 ι
968 2225 1043 2282 De
1093 2231 1314 2291 caetero,
1373 2224 1599 2293 fratres,
1659 2242 2009 2297 quaecunque

420 2326 567 2395 sunt
599 2332 754 2384 vera,
804 2333 1157 2390 quaecunque
1195 2317 1413 2390 pudica,
1463 2320 2006 2390 quaecunquejusta,

433 2426 774 2482 quaecunque
796 2420 973 2475 casta,
989 2411 1638 2483 qumcunqiie'antabilia,
1670 2427 2009 2482 quaecunque

436 2503 592 2569 bona:
628 2501 820 2569 famae;
847 2501 1036 2573 siqua
1065 2502 1264 2567 virtus,
1290 2504 1336 2557 si
1374 2518 1481 2572 qua
1516 2503 1638 2559 laus
1675 2503 2006 2574 disciplinae,

437 2598 549 2650 haec
583 2576 843 2667 cogitate.
885 2594 1022 2663 Quae
1070 2603 1125 2652 et
1172 2594 1474 2661 didicistis,
1518 2604 1574 2651 et
1608 2597 1927 2668 accepistis,
1955 2606 2010 2655 et

434 2687 690 2744 audistis.
728 2706 747 2741 ι

508 2783 807 2855 Apostolus
863 2798 966 2840 nos
1016 2783 1179 2840 docet
1245 2784 1407 2840 fidem
1460 2784 1515 2840 in
1568 2784 1846 2841 Christum
1886 2798 2010 2841 esse

433 2885 594 2945 caput
622 2876 801 2932 omnis
834 2875 966 2932 boni
1003 2877 1149 2947 quod
1193 2876 1351 2932 nobis
1400 2878 1639 2943 accidat,
1692 2887 2003 2948 caeteraque

432 2969 701 3022 virtutum
762 2966 1012 3024 facinora
1064 2969 1219 3025 velut
1272 2971 1525 3041 exiguum
1576 2969 1856 3041 quoddam
1882 2984 2009 3039 erga

434 3061 580 3114 illam
618 3059 909 3116 exsistere.
954 3058 1195 3117 Perinde
1243 3070 1328 3117 est
1363 3062 1532 3131 igitur
1560 3077 1626 3117 ac
1654 3062 1701 3119 si
1750 3062 1961 3118 diceret
1992 3081 2005 3118 :

2110 576 2247 642 μετὰ
2294 571 2647 644 εὐχαριστίας
2696 573 2765 627 τὰ
2810 573 3087 644 αἰτήματα
3133 571 3287 644 ὑμῶν
3327 573 3665 645 γνωριζέσθω

2106 662 2245 733 πρὸς
2272 663 2363 717 τὸν
2391 663 2556 718 Θεόν·
2602 664 2698 719 καὶ
2732 664 2920 736 εἰρήνη
2950 661 3046 718 τοῦ
3087 662 3220 717 Θεοῦ
3249 665 3283 735 ἡ
3330 663 3665 736 ὑπερέχουσα

2107 753 2288 807 πάντα
2322 753 2466 810 νοῦν.
2520 773 2540 808 ι
3328 772 3331 773 ⁷

2188 846 2405 918 Ἐπειδὴ
2461 848 2627 919 μηδὲν
2682 848 2954 921 μεριμνᾷν
3006 847 3190 913 αὐτοῖς
3231 838 3412 912 εἶπεν,
3466 847 3554 901 (va.
3597 846 3668 919 μὴ

2108 938 2443 1004 ἁναπέσωσι,
2475 938 2797 1011 νομίσαντες
2838 939 3003 995 αὑτὸν
3046 941 3106 995 ἐν
3152 939 3231 1012 τῷ
3260 938 3493 993 καθόλου
3521 938 3669 992 τοῦτο

2106 1033 2520 1105 ἀποφήνασθαι·
2560 1033 2761 1089 Τούτου
2812 1033 2995 1107 χάριν,
3027 1034 3213 1105 φησιν,
3266 1026 3419 1086 εἶπον
3466 1030 3543 1103 μὴ
3579 1047 3671 1103 με-

2110 1129 2307 1200 ριμνᾷν
2350 1128 2408 1181 ὲν
2452 1130 2568 1193 τοῖς
2622 1127 2754 1201 περὶ
2808 1125 2944 1199 ιμοῦ
2986 1126 3226 1198 δεσμοῖς,
3280 1124 3357 1189 ὡς
3405 1122 3577 1177 δεινόν
3620 1138 3671 1176 τι

2106 1218 2410 1288 πάσχοντος
2443 1218 2502 1286 ἐξ
2534 1217 2735 1274 αὐτῶν.
2768 1218 2842 1272 Οὐ
2882 1218 2992 1290 γάρ
3041 1218 3148 1271 εισι
3187 1216 3370 1272 δεινά⁸
3411 1214 3549 1269 ἀλλὰ
3583 1231 3673 1283 με-

2108 1312 2358 1382 ριμνᾶτε,
2410 1312 2598 1381 φησὶν,
2629 1313 2688 1366 ὲν
2716 1312 2782 1382 τῇ
2813 1311 3112 1383 προσευχῇ,
3156 1307 3254 1363 xci.
3289 1311 3357 1381 τῇ
3397 1308 3579 1381 δεήσει
3606 1309 3670 1377 τῇ

2107 1403 2244 1473 πρὸς
2294 1404 2385 1458 τὸν
2428 1405 2581 1458 Θεόν.
2636 1404 2818 1457 Λίτεῖν
2848 1403 2958 1474 γὰρ
3004 1404 3096 1459 τὸν
3138 1402 3273 1456 Θεὸν
3306 1403 3405 1465 δεῖ,
3453 1402 3672 1471 εὐχαρι-

2106 1494 2385 1562 στοῦντας,
2416 1496 2516 1550 οὐκ
2546 1494 2913 1560 ἀθυμοῦντας,
2948 1494 3069 1550 οὐδὲ
3102 1492 3467 1567 άκηδιῶντας.

2160 1718 2201 1815 λι
2254 1762 2561 1835 Φρουρήσει
2598 1761 2699 1823 τὰς
2727 1758 2954 1831 καρδίας
2977 1756 3153 1830 ὑμῶν,
3194 1756 3293 1812 καὶ
3332 1746 3403 1811 τὰ
3430 1754 3673 1828 νοήματα

2036 1842 2080 1897 Β
2110 1851 2265 1923 ὑμῶν
2296 1853 2354 1906 ὲν
2383 1849 2605 1923 Χριστῷ
2643 1848 2837 1923 Ἰησοῦ.
2880 1867 2901 1903 ι

2179 1945 2351 2001 Πάλιν
2402 1945 2588 2008 αὐτοῖς
2623 1943 2686 1999 τὸ
2728 1943 3026 2016 όμόπιστον
3070 1939 3312 2012 εὔχεται.
3366 1936 3543 1992 Τοῦτο
3573 1938 3677 2007 γάρ

2107 2040 2222 2093 ἔστι
2268 2038 2331 2093 τὸ
2377 2037 2752 2111 φρουρηθῆναι
2800 2036 2902 2103 τὰς
2950 2035 3178 2111 καρδίας
3229 2032 3435 2099 αὐτῶν,
3471 2034 3568 2088 καὶ
3609 2034 3673 2085 τὰ

2107 2133 2355 2204 νοήματα
2391 2132 2450 2185 ὲν
2477 2130 2720 2203 Χριστῷ.

2183 2244 2202 2278 ι
2242 2224 2316 2279 To
2344 2223 2548 2290 λοιπὸν,
2567 2223 2807 2295 ἀδελφοὶ,
2830 2224 2930 2278 ὅσα
2952 2224 3100 2278 ἐστὶν
3128 2222 3329 2297 ἀληθῆ,
3358 2223 3463 2277 ὅσα
3488 2219 3677 2292 σεμνά,

2108 2318 2208 2371 ὅσα
2239 2316 2444 2383 δίκαια,
2476 2317 2576 2372 ὅσα
2608 2316 2771 2386 ἁγνά,
2804 2317 2907 2370 ὅσα
2944 2315 3240 2389 προσφιλῆ,
3288 2316 3391 2369 ὅσα
3440 2311 3679 2383 εὔφημα,

2110 2412 2265 2475 εἴτις
2291 2410 2483 2484 ἁρετὴ,
2516 2412 2612 2466 καὶ
2636 2411 2692 2465 εί
2718 2428 2801 2474 τις
2837 2410 3078 2477 ἔπαινος,
3104 2409 3278 2466 ταῦτα
3303 2406 3609 2479 λογίζεσθε,
3645 2404 3680 2462 ἃ

2110 2504 2203 2558 καὶ
2236 2503 2490 2574 ἐμάθετε,
2522 2504 2618 2558 καὶ
2660 2502 3024 2576 παρελάϐετε,
3059 2501 3154 2558 καὶ
3181 2500 3479 2575 ⁴ἠκούσατε.
3521 2518 3543 2554 ι

2195 2772 2463 2838 Ἐδίδαεεν
2495 2772 2641 2844 ἡμᾶς
2669 2772 2698 2826 ὁ
2745 2768 3092 2836 ’Δπύστολος,
3117 2768 3194 2835 ὡς
3225 2768 3441 2842 κεφαλὴ
3486 2768 3680 2833 παντὸς

2109 2868 2245 2939 ἡμῖν
2273 2863 2481 2936 ἀγαθοῦ
2531 2866 2567 2937 ἡ
2615 2862 2820 2929 πίστις,
2866 2864 2901 2935 ἡ
2932 2864 3013 2928 είς
3045 2860 3139 2916 τδν
3184 2861 3445 2934 Χριστὸν,
3480 2860 3575 2915 καὶ
3610 2860 3679 2925 ὥς

2110 2960 2288 3014 πάντα
2332 2956 2403 3013 τὰ
2448 2957 2585 3029 ἔργα
2624 2954 2696 3012 τὰ
2742 2955 2864 3011 κατ’
2894 2954 3120 3028 ἀρετὴν,
3164 2953 3240 3017 ὡς
3290 2954 3463 3025 μέρος
3502 2970 3556 3007 τι
3600 2970 3681 3024 μι-
3796 3038 3801 3055 ⁴

2112 3050 2246 3123 κρδν
2294 3049 2417 3105 κατ’
2460 3047 2678 3121 εκείνην
2722 3047 2883 3103 εἰσίν.
2919 3048 3142 3120 Ὅμοιον
3186 3044 3281 3103 οὖν
3326 3046 3467 3102 ὡσεὶ
3503 3045 3676 3115 λέγον

436 3152 632 3207 habete
689 3150 869 3215 Iidem,
928 3167 1091 3223 quam
1126 3151 1373 3209 ἰηιοιιῑε
1404 3155 1740 3209 incolumem
1799 3153 2006 3210 servari

2125 3143 2309 3213 Ἔχετε
2336 3142 2435 3213 τὴν
2466 3141 2671 3206 πίστιν,
2692 3142 2759 3213 ἢν
2787 3142 2883 3195 καὶ
2905 3140 3268 3212 φυλάττεσθαι
3296 3142 3356 3195 ὲν
3385 3140 3519 3210 ὑμῖν
3541 3138 3682 3209 εὖχο-

438 3258 653 3312 precur.
690 3244 958 3315 Superest
998 3254 1183 3301 autem
1218 3254 1277 3301 ut
1310 3246 1477 3302 vitam
1513 3246 1583 3301 ad
1629 3246 1853 3302 virtutis
1881 3262 2010 3301 nor-

437 3352 580 3391 mam
626 3337 958 3402 instituatis,
1003 3352 1166 3407 quam
1208 3339 1379 3394 etiam
1422 3341 1615 3393 hortor
1646 3354 1746 3395 vos
1776 3348 1838 3394 ut
1870 3339 2010 3394 arri-

436 3430 629 3500 piatis.
662 3430 752 3483 Ait
779 3431 988 3501 itaque,
1022 3429 1086 3484 de
1118 3440 1333 3496 cetera,
1373 3446 1481 3486 non
1530 3431 1678 3502 quod
1707 3446 1901 3501 parum
1938 3432 2020 3487 sit

435 3526 569 3578 dare
622 3538 842 3595 operam
905 3520 1095 3579 virtuti
1156 3525 1295 3595 (hoc
1342 3524 1489 3581 enim
1552 3540 1810 3597 magnum
1861 3526 2008 3596 est),

436 3614 598 3686 21Ml
626 3615 724 3671 sed
757 3615 886 3685 quia
911 3617 1323 3685 comparatione
1374 3615 1495 3671 ﬁdei
1538 3631 1764 3688 parvum
1805 3625 1912 3683 est,
1946 3630 2025 3672 ac

436 3711 585 3762 velut
641 3708 941 3779 appendix.
1006 3708 1169 3765 Fides
1228 3709 1503 3780 siquidem
1586 3708 2007 3765 fundamentum

444 3803 705 3873 hasisque
732 3812 788 3856 et
819 3810 1065 3856 tutamen
1120 3812 1225 3861 est.
1261 3802 1384 3858 sine
1410 3815 1519 3871 qua
1554 3800 1694 3855 nihil
1724 3800 2007 3871 quidpiam

436 3896 614 3965 possit
645 3894 855 3950 exstrui
884 3912 899 3950 :
932 3894 1138 3966 quippe
1177 3910 1304 3951 cum
1365 3895 1574 3965 absque
1633 3892 2007 3949 fundamentis

436 3988 648 4042 nullum
685 3987 1000 4054 aedificium,
1045 3988 1307 4058 nullaque
1339 3986 1536 4043 domus
1585 3986 1877 4043 consistat.
1916 3983 2007 4040 Fi-

436 4080 533 4136 des
598 4094 732 4150 ergo
786 4077 1274 4135 fundamentorum
1320 4078 1502 4133 instar
1562 4086 1673 4143 est,
1729 4080 2011 4150 totiusque

434 4174 633 4231 dornus
660 4181 997 4230 structurae:
1056 4172 1306 4227 actiones
1340 4186 1473 4227 vero
1507 4171 1801 4236 virtutum.
1854 4178 2005 4227 tecto

436 4267 648 4323 similes
687 4274 837 4330 sunt,
892 4281 1003 4337 quo
1055 4264 1349 4322 aedificium
1401 4278 1564 4321 omne
1619 4263 2009 4331 ciauditur,.et

436 4356 604 4412 veluti
644 4363 961 4413 coronatur.

503 4467 521 4500 ι
567 4448 634 4503 Ει
662 4445 879 4505 vidistis
910 4449 965 4504 in
1008 4463 1114 4504 me.
1156 4468 1174 4500 ι

508 4541 645 4610 Quia
696 4542 910 4597 monuit
951 4556 1048 4598 eos
1102 4549 1159 4596 ut
1200 4540 1555 4611 multiplicem
1601 4540 1860 4597 virtutem
1895 4556 2010 4596 am-
2042 4552 2087 4610 Ῑ)

438 4636 814 4705 plcxarentur,
886 4634 1239 4690 veracitatem
1326 4633 1610 4697 nimirum,
1687 4633 2010 4703 gravitatem

442 4741 677 4793 morum,
706 4726 1000 4797 justitiam,
1035 4726 1366 4792 castitatem,
1410 4724 1708 4781 fraternam
1756 4724 2013 4781 dilectio-

439 4836 588 4886 nem,
660 4818 1122 4885 benedicentiam,
1172 4825 1229 4875 et
1281 4820 1467 4874 omnia
1526 4818 1731 4889 quibus
1792 4825 2013 4873 constat

442 4916 637 4977 virtus,
690 4926 813 4982 quae
841 4910 1043 4964 famam
1096 4910 1295 4966 bonam
1329 4909 1601 4977 afferunt;
1642 4924 1767 4965 cum
1819 4910 2011 4963 horum

440 5004 688 5060 omnium
750 5001 1023 5058 sollicitos
1102 5015 1227 5057 esse
1289 5002 1585 5066 monuerit,
1639 5015 1707 5056 ne
1764 4999 2016 5055 videatur

442 5095 648 5167 aliquid
702 5096 783 5152 eis
831 5094 1010 5164 majus
1072 5092 1369 5164 praecipere
1400 5107 1563 5163 quam
1619 5091 1834 5162 assequi
1886 5106 2013 5162 pos-

441 5196 594 5255 sent,
625 5187 951 5243 adhortatur
976 5199 1075 5242 eos
1106 5192 1165 5239 ut
1188 5184 1255 5239 ad
1284 5184 1597 5255 exemplum
1631 5185 1715 5241 sui
1749 5183 1864 5237 hzec
1893 5198 2015 5237 om-

446 5280 534 5335 nia
567 5287 829 5352 prrestarc
860 5277 1138 5334 studeant.
1173 5277 1322 5334 Idem
1355 5278 1522 5349 igitur
1560 5284 1646 5333 est
1681 5290 1745 5332 ac
1787 5277 1832 5331 si
1866 5274 2015 5329 dice-

446 5380 576 5426 ret:
628 5368 706 5425 Ne
763 5368 1151 5440 despondeatis
1198 5369 1467 5434 animum,
1520 5375 1781 5437 tanquam
1845 5364 2015 5419 ardua

448 5469 718 5533 praecepta
754 5460 867 5518 sint
912 5466 966 5515 et
1010 5458 1217 5529 majora
1253 5472 1416 5529 quam
1465 5465 1729 5529 praestare
1762 5455 2043 5512 valeatis.-

445 5552 750 5609 Audivistis
776 5552 923 5608 enim
954 5552 1213 5607 universa
1244 5551 1360 5605 haec
1396 5565 1483 5607 me
1514 5550 1760 5606 coluisse
1795 5568 1807 5604 :
1840 5564 2019 5619 neque

450 5649 625 5703 solum
664 5646 975 5711 audivistis,
1010 5646 1105 5700 sed
1139 5654 1194 5700 et
1224 5644 1463 5701 vidistis.

519 5757 543 5794 ι
579 5736 705 5795 Haec
739 5738 901 5809 agite,
938 5746 989 5792 et
1023 5737 1164 5793 Deus
1198 5738 1351 5810 pacis
1386 5738 1493 5795 erit
1534 5736 1840 5795 vobiscum.
1882 5754 1900 5789 ι

2117 3252 2236 3306 μαι.
2266 3234 2460 3289 Λείπει
2484 3234 2543 3289 δὲ
2570 3232 2652 3288 ἐτι
2680 3234 2809 3305 ὑμῖν
2836 3237 2871 3307 ἡ
2917 3236 3037 3290 κατ’
3071 3233 3275 3307 ἀρετὴν
3303 3232 3575 3299 πολιτεία,
3618 3227 3679 3301 ἦς

2116 3328 2211 3383 καὶ
2252 3326 2577 3399 ἀντέχεσθαι
2606 3328 2751 3399 ὑμᾶς
2791 3326 3064 3399 παραινῶ.
3117 3325 3189 3381 Τὸ
3224 3324 3443 3381 λοιπὸν
3473 3318 3566 3380 οὖν
3605 3322 3682 3376 λέ-

2114 3438 2199 3491 γε,
2248 3421 2349 3493 οὐχ
2390 3421 2472 3475 ὅτι
2514 3421 2712 3493 μικρὸν
2760 3420 2824 3475 τὸ
2867 3421 2989 3475 κατ’
3016 3417 3218 3491 ἀρετὴν
3272 3417 3680 3474 πολιτεύεσθαι*

2117 3513 2264 3585 μέγα
2294 3513 2434 3586 γάρ’
2470 3512 2587 3567 ἀλλ’
2616 3512 2700 3567 ὅτι
2736 3511 2934 3585 μικρὸν
2980 3511 3054 3575 ὡς
3085 3511 3223 3584 πρὸς
3258 3511 3551 3584 σύγκρισιν
3590 3508 3684 3581 τῆς

2115 3604 2374 3669 πίστεως,
2425 3602 2520 3658 καὶ
2565 3602 2905 3675 περίλοιπον.
2957 3601 3017 3656 '0
3056 3602 3166 3673 γὰρ
3192 3600 3465 3673 θεμέλιος,
3513 3599 3605 3655 καὶ
3652 3598 3683 3666 ὴ

2115 3696 2441 3767 άσφάλειαή
2468 3695 2653 3760 πίστις
2679 3695 2847 3762 ἐστὶν,
2887 3688 2956 3768 ἦς
3000 3695 3130 3749 ἄνευ
3175 3694 3239 3749 οὐ
3280 3692 3506 3747 δυνατὸν
3550 3692 3683 3746 οἰκο-

2113 3787 2420 3858 δομηθῆναι
2448 3804 2521 3842 τι.
2564 3787 2720 3843 Ἐπεὶ
2746 3787 2867 3841 οὐδδ
2890 3785 3146 3857 οἰκοδομή
3168 3786 3337 3851 ἐστιν,
3358 3784 3549 3857 ὥσπερ
3570 3780 3681 3837 om

2114 3876 2260 3946 οἷκος
2294 3881 2422 3936 ἄνευ
2451 3880 2751 3953 θεμελίων.
2769 3880 2959 3937 Ἔστιν
2984 3876 3080 3937 οὖν
3107 3882 3141 3953 ἡ
3169 3881 3268 3954 μὲν
3298 3878 3481 3944 πίστις
3503 3880 3573 3932 τὰ
3597 3875 3680 3929 θεη

2118 3976 2297 4047 μέλια,
2321 3974 2413 4029 καὶ
2430 3976 2463 4045 ἡ
2478 3975 2573 4029 τοῦ
2599 3972 2796 4041 παντὸς
2820 3972 2972 4029 οίκου
3002 3972 3282 4044 οἰκοδομὴ,
3301 3971 3359 4025 ai
3375 3971 3433 4026 δὲ
3469 3969 3681 4042 πράξεις

2114 4073 2169 4125 αἱ
2201 4068 2760 4143 κατ’άρετὴν,ὀρόφῳ
2788 4068 3000 4122 ἐοίκασι
3032 4066 3373 4145 συγκλείοντι
3409 4066 3507 4122 καὶ
3530 4062 3680 4121 οἱονεὶ

2116 4162 2471 4233 στεφανοῦντι
2508 4162 2569 4217 τὸ
2606 4163 2714 4219 πᾶν
2751 4160 3115 4237 οἰκοδόμημα.

2192 4463 2210 4493 ι
2255 4439 2363 4494 Καὶ
2396 4437 2563 4491 εἴδετε
2600 4437 2655 4490 ὲν
2684 4433 2829 4506 ὲμοί.
2886 4451 2905 4484 ι

2200 4530 2418 4603 Ἐπειδὴ
2472 4528 2673 4599 πολλῆς
2720 4524 2924 4599 ἀρετῆς
2969 4522 3123 4578 εἶπεν
3164 4522 3508 4606 ἀντέχεσθαι,
3564 4520 3678 4591 άλη-

2113 4630 2285 4693 θεξας,
2339 4622 2694 4695 σεμνότητος,
2737 4618 3109 4690 δικαιοσύνης,
3157 4616 3400 4685 ἁγνείας,
3441 4614 3674 4687 φιλαδελ-

2112 4724 2264 4794 φίας,
2289 4718 2557 4787 εὐλογίας,
2586 4716 2681 4770 καὶ
2714 4712 2933 4768 πάντων
2956 4713 3057 4765 ὅσα
3083 4710 3328 4765 ποιοῦσιν
3348 4708 3566 4781 ἀρετὴν,
3586 4708 3675 4760 ὅσα

2113 4814 2389 4884 εὐφημίαν
2406 4828 2419 4842 ’
2447 4808 2634 4880 ἐπειδὴ
2656 4805 2859 4861 τούτων
2880 4804 3097 4859 πάντων
3118 4797 3274 4857 εἶπεν
3294 4798 3673 4873 ἐπιμελεῖσθαι,

2117 4907 2202 4961 ἵνα
2241 4906 2316 4977 μὴ
2361 4903 2487 4975 δόξῃ
2540 4899 2764 4973 μείζονα
2810 4893 2886 4953 ὧν
2930 4898 3118 4967 ἴσχυον
3164 4895 3339 4949 ποιεῖν
3386 4894 3674 4977 ἐπιτάττειν

2114 4976 2316 5061 αὐτοῖς,
2365 4992 2555 5047 τούτου
2587 4990 2749 5061 χάριν
2803 4988 2891 5057 ἐφ’
2922 4983 3118 5040 ἑαυτοῦ
3166 4983 3247 5046 είς
3292 4984 3355 5037 τὸ
3394 4976 3673 5051 κατορθοῦν

2115 5090 2255 5145 αὐτὰ
2284 5084 2591 5158 παρακαλεῖ
2628 5081 2845 5144 αὐτούς.
2895 5079 3122 5149 Ὅμοιον
3168 5074 3263 5130 οῦν
3308 5074 3385 5139 ὡς
3427 5076 3474 5128 εἰ
3507 5074 3670 5139 λέγοι·

2118 5184 2232 5237 Ἵνα
2266 5180 2340 5251 μὴ
2390 5175 2747 5248 άκηδιάσητε,
2798 5171 2875 5237 ὼς
2923 5168 3174 5241 μεγάλων
3216 5166 3385 5221 ὄντων
3425 5165 3524 5219 τῶι
3573 5164 3673 5251 ἑπι-

2114 5275 2431 5346 ταγμάτων,
2459 5271 2554 5325 καὶ
2586 5266 2850 5340 μειζόνων
2880 5264 2915 5335 ἢ
2945 5261 3207 5318 δύνασθαι
3238 5257 3554 5331 κατορθοῦν.
3594 5250 3671 5304 Ἐν

2117 5343 2240 5440 ἐμοι
2267 5368 2397 5440 γὰρ,
2429 5365 2615 5437 φησὶν,
2651 5364 2869 5419 ἅπαντα
2891 5355 3166 5430 ἠκούσατε
3196 5353 3474 5426 γινόμενα,
3510 5347 3596 5403 καὶ
3618 5343 3669 5397 οὐ

2122 5461 2280 5534 μόνον
2312 5458 2607 5531 ἠκούσατε,
2640 5454 2778 5510 ἀλλὰ
2812 5455 2907 5510 καὶ
2935 5451 3217 5509 τεθέασθε.

2192 5746 2211 5779 ι
2263 5725 2449 5780 Ταῦτα
2478 5726 2771 5797 πράσσετε,
2813 5722 2908 5778 καὶ
2936 5722 2965 5775 ὁ
2989 5721 3123 5783 Θεὸς
3146 5721 3258 5793 τῆς
3287 5720 3503 5794 είρήνης
3528 5714 3664 5769 ἔσται

2125 5819 2243 5892 μεθ’
2279 5818 2453 5892 ὑμῶν.
2509 5837 2529 5871 ι
