3928 6264
245 294 336 362 881

1312 307 1395 370 IN
1432 306 1669 370 EPIST.
1707 306 1808 368 AD
1844 309 2409 377 PHILIPPENSES.

3362 307 3468 388 882

304 406 571 502 Παραινῶ,
605 410 761 485 φησὶ,
810 416 988 502 ποιεῖν
1032 416 1196 488 αὐτὰ,
1230 418 1419 495 ἐπειδὴ
1448 423 1543 478 καὶ
1576 423 1776 496 μέγαςε

1974 418 2176 479 Hortor
2227 441 2346 495 vos,
2404 426 2605 498 inquit,
2659 434 2719 483 ut
2760 428 2874 484 lucc
2917 426 3156 497 faciatis,
3208 436 3466 502 quoniam

241 499 370 572 ὑπὲρ
386 500 568 573 αὐτῶν
586 504 813 577 μισθός·
838 501 993 576 οὗτος
1016 510 1075 567 δέ
1101 511 1275 582 εστιν,
1296 514 1357 569 τὸ
1383 515 1631 573 σύνοικον
1656 516 1805 590 ἔχειν

237 590 321 646 τὸν
348 590 499 649 Θεόν.

309 703 347 778 ιΔ
376 685 613 778 ξεχάρην
656 690 717 745 δὲ
752 691 813 759 ὲν
860 693 1053 769 Κυρίῳ
1082 697 1360 771 μεγάλως,
1403 702 1486 757 δτι
1531 704 1632 778 ήδη
1667 706 1800 761 ποτὲ

235 774 516 870 ἀνεθάλετε
557 781 621 837 τὺ
665 782 809 857 ὑπὲρ
842 786 977 859 ιμοῦ
1020 792 1263 862 φρονεῖν,
1304 792 1391 864 ἐφ’
1420 786 1466 864 ᾧ
1498 774 1594 851 καὶ
1619 774 1799 870 *ἐφρο-

233 867 364 959 νείτε
382 882 399 901 ’
438 870 840 945 ήκαιρεῖσθεδέ
857 892 873 910 ·
911 878 1017 951 ὀὐχ
1041 880 1127 936 δτι
1151 883 1278 940 καθ’
1306 884 1598 959 ὑστέρησιν

245 956 377 1028 Ἐγὼ
403 959 511 1033 γὰρ
536 961 740 1035 ἔμαθον
779 967 839 1024 ιν
875 963 958 1036 οἷς
1003 972 1122 1045 ειμι
1151 956 1625 1049 αὐτάρκης-εἶναι.
1666 956 1795 1036 Οίδα

231 1052 320 1107 καὶ
346 1056 757 1128 ταπεινοῦσθαι,
798 1055 918 1119 οῖδα
964 1065 1061 1122 καὶ
1098 1072 1448 1142 περισσεύειν
1495 1075 1553 1128 ὲν
1596 1077 1793 1130 παντί’

229 1144 317 1198 καὶ
360 1146 419 1201 ἐν
463 1150 598 1205 πᾶσι
633 1152 947 1235 μεμύημαι,
996 1159 1093 1216 καὶ
1138 1163 1499 1235 χορτάζεσθαι
1539 1169 1631 1223 καὶ
1677 1186 1794 1224 πει-

226 1238 457 1334 νᾷν,καὶ
488 1231 860 1334 περισσεύειν,
892 1251 986 1305 καὶ
1014 1231 1376 1327 ύστετρείσθαι.
1412 1259 1596 1315 Πάντα
1626 1261 1795 1334 ίσχύω

224 1330 278 1386 ὲν
303 1333 378 1406 τῷ
412 1331 796 1411 ἐνδυναμοῦντί
830 1360 897 1414 με
922 1341 1163 1420 Χριστῷ.
1204 1349 1351 1424 Πλὴν
1391 1352 1572 1419 καλῶς
1606 1330 1795 1428 ensis.

225 1442 345 1481 σατε
412 1434 945 1506 συγκοινωνήσαντές
995 1455 1098 1510 μου
1155 1443 1223 1514 τῇ
1267 1441 1460 1515 θλίψει.
1508 1444 1699 1501 Οἴδατε
1734 1445 1794 1501 δὲ

225 1518 312 1612 καὶ
360 1521 543 1592 ὑμεῖς,
589 1525 969 1600 Φιλιππήσιοι,
1004 1531 1087 1587 δτι
1113 1534 1171 1591 ιν
1216 1536 1360 1609 ἀρχῇ
1409 1536 1504 1593 τοῦ
1550 1538 1794 1612 Εὑαγγε-

221 1609 465 1705 λίου,ᾼὸτε
498 1614 724 1689 ἐξῆλθον
752 1620 864 1676 ἀπὸ
896 1624 1255 1694 Μακεδονίας,
1283 1630 1508 1703 οὐδεμία
1536 1650 1626 1705 μοι
1665 1609 1791 1689 Ἑκ-

222 1701 409 1797 κλησία
433 1706 793 1783 ἐκοινώνησεν
823 1714 905 1780 είς
933 1715 1092 1787 λόγον
1118 1719 1314 1786 δόσεως
1338 1701 1433 1777 καί
1461 1701 1697 1797 λήιῖμεως,
1737 1728 1787 1783 εί

221 1792 291 1865 μὴ
329 1796 485 1866 ὑμεῖς
517 1800 667 1870 μόνοι
691 1816 708 1834 ⁸
748 1805 829 1860 ὅτι
857 1808 950 1861 καὶ
987 1811 1046 1864 ὲν
1072 1810 1462 1887 Θεσσαλονίκῃ,
1492 1792 1583 1871 καὶ
1612 1817 1780 1887 ἅπαξ,

218 1888 306 1945 καὶ
336 1890 416 1956 δὶς
443 1894 525 1960 είς
552 1895 653 1969 τὴν
697 1899 888 1971 χρείαν
931 1918 1034 1973 μου
1064 1903 1375 1977 ἐπέμψατε⁸
1412 1907 1510 1979 οὐχ
1551 1908 1633 1964 ὄτι
1669 1910 1784 1965 ἑπι-

217 1980 356 2053 ζητῶ
387 1985 479 2041 τὸν
514 1990 732 2062 καρπὸν
771 1994 864 2048 τὸν
902 1994 1270 2062 πλεονάζοντα
1310 2000 1391 2064 είς
1418 1998 1577 2070 λόγον
1605 2001 1778 2073 ὑμῶν.

226 2074 429 2167 Ῐᾼπέχω
457 2078 517 2134 δὲ
544 2082 740 2150 πάντα,
774 2087 871 2141 καὶ
895 2090 1219 2155 -περισσεύω
1237 2107 1251 2123 ο
1292 2092 1663 2167 πεπλήρωμαι
1691 2096 1777 2152 δεε-

214 2162 435 2237 ξάμενος
466 2173 600 2244 παρ’
647 2173 1037 2251 Ἐπαφροδίτου
1062 2182 1130 2236 τὰ
1160 2184 1289 2255 παρ’
1318 2162 1495 2255 ὑμῶνξ
1544 2207 1563 2241 ι

277 2349 411 2424 Περὶ
456 2353 558 2426 τῆς
601 2355 881 2425 διακονίας
918 2354 989 2433 ἧς
1026 2362 1353 2420 ἀπέστειλαν
1392 2367 1561 2439 αὐτῷ,
1608 2367 1777 2440 λέγει.

221 2436 413 2533 Ἐχάρη
436 2443 517 2510 δὲ,
562 2446 661 2520 οὐχ
686 2448 767 2529 sn
796 2449 1006 2519 ἔλασεν,
1030 2454 1148 2509 ἀλλ’
1176 2457 1258 2512 ὅτι
1286 2436 1695 2533 καρπὸν-ἔσχον
1728 2465 1777 2519 οι

211 2528 465 2622 μαθηταί.
499 2535 563 2590 Et
594 2528 703 2611 γὰρ
739 2541 769 2595 ὁ
796 2541 1002 2615 Κύριος
1034 2546 1278 2615 διέταξεν
1315 2528 1514 2615 αὖτοὺς
1554 2528 1774 2622 διδόναι,

208 2621 317 2718 πῶς
344 2624 443 2678 οὐκ
466 2625 694 2718 ἐπταιον
715 2630 791 2703 μὴ
813 2632 1077 2703 διδόντες;
1099 2639 1327 2705 Οἰκείως
1346 2640 1439 2696 οῦν
1467 2643 1673 2718 σφόδρα
1694 2621 1773 2713 τὸ,

206 2713 541 2810 discoctis“,
565 2717 742 2783 εἶπεν.
775 2726 946 2801 Ἀρχὴ
972 2730 1080 2804 γὰρ
1102 2732 1310 2801 ἀγαθοῦ
1335 2732 1546 2806 καρποῦ
1638 2736 1778 2810 πρὸς

200 2806 325 2872 τοὺς
362 2808 722 2905 διδασκάλους
765 2821 1041 2890 κοινωνία,
1086 2820 1274 2897 ὥσπερ
1317 2826 1509 2897 ἀμέλει
1541 2806 1637 2905 καὶ
1677 2806 1778 2902 μα-

207 2902 429 2974 ρασμοῦ,
457 2907 495 2978 ὴ
524 2905 730 2967 τούτων
768 2910 931 2986 λήθη.

278 3126 302 3202 ι
350 3108 562 3183 Ὀσμὴν
604 3111 857 3185 εὐωδίας,
889 3116 1081 3175 θυσίαν
1107 3120 1324 3194 δεκτήν,
1356 3123 1648 3199 εὐάρεστον
1692 3127 1771 3202 τῷ
1796 3131 1842 3194 C

202 3197 331 3258 Θεῶ,
387 3222 409 3256 ι
1206 3233 1211 3238 '

266 3294 434 3350 Τοῦτο
457 3296 572 3371 γάρ
597 3298 714 3358 ἐστι
743 3300 806 3358 τὸ
830 3306 1066 3379 παρέχον
1094 3308 1277 3375 αὐτοῖς
1296 3312 1612 3380 εύωδιάζειν
1635 3334 1650 3351 ι
1684 3317 1771 3373 νό-

205 3402 294 3456 μον
320 3387 426 3462 γὰρ
472 3392 619 3449 θεῖον
648 3395 971 3469 πληροῦσιν.

269 3499 314 3573 ι-
439 3483 504 3537 δὲ
532 3485 677 3573 Sed;
703 3504 808 3559 μου
850 3487 1116 3566 πληρώσῃ
1167 3495 1348 3551 πᾶσαν
1388 3497 1578 3570 χρείαν
1614 3499 1769 3573 ὑμῶν

199 3570 327 3624 κατὰ
352 3570 443 3625 τὸν
488 3572 715 3630 πλοῦτον
744 3577 909 3634 αὐτοῦ
938 3580 997 3636 ὲν
1023 3580 1170 3654 δόξῃ,
1211 3586 1269 3639 ἐν
1305 3587 1529 3660 Χριστῷ
1565 3570 1763 3662 Ἰησοῦ.

200 3659 279 3732 Τῷ
304 3664 419 3737 Θεῷ
446 3666 546 3721 καὶ
567 3669 740 3743 Πατρὶ
772 3667 1010 3744 ἡμεῖψῷ
1028 3673 1155 3743 δόξα
1181 3679 1262 3745 είς
1284 3659 1409 3753 τοὶς
1432 3659 1640 3752 αίῶναςν
1658 3690 1766 3743 τῶν

198 3754 417 3812 αἰώνων.
462 3758 663 3832 Ἀμήν.
710 3762 1055 3821 Ἀσπάσασθε
1086 3770 1263 3826 πάντα
1285 3774 1437 3843 ἅγιον
1465 3779 1520 3833 ἐν
1545 3780 1765 3853 Χριστῷ

209 3844 395 3943 ςίησοῦ.
459 3850 824 3917 ’Δσπὰζονται
875 3856 1023 3928 ὑμᾶς
1068 3864 1117 3915 ot
1183 3864 1282 3918 σὺν
1341 3866 1466 3937 ἐμοὶ
1509 3844 1762 3943 ἀδελφοίί

198 3935 526 4007 ἀσπάζονται
554 3943 697 4017 ὑμᾶς
731 3948 930 4014 πάντες
955 3951 1005 4005 οί
1036 3952 1199 4023 ἅγιοι.
1232 3935 1481 4013 Μάλιστα
1510 3960 1589 4017 δέ.

262 4118 399 4191 Ὅρα
442 4123 547 4196 τῆς
589 4123 864 4194 διακονίας
912 4129 1080 4195 πῦσος
1108 4135 1138 4189 ὁ
1168 4136 1380 4206 καρπός
1403 4153 1417 4168 ·
1445 4138 1505 4193 τδ
1543 4141 1764 4198 πλουτι-

199 4212 382 4283 σθῆναι
404 4216 608 4282 αὐτοὺς
648 4220 707 4274 ὲν
738 4220 865 4294 δόξῃ
893 4224 1132 4296 Χριστοῦ
1158 4242 1173 4258 ·
1207 4226 1327 4299 ἅμα
1347 4229 1404 4283 δὲ
1443 4232 1541 4286 καὶ
1579 4234 1761 4306 ἠρέμα

194 4304 381 4371 αὐτοὺς
420 4308 685 4378 διδάσκει,
717 4312 791 4378 ὡς
820 4314 907 4369 διὰ
936 4315 997 4370 τὸ
1027 4319 1302 4391 χρήσιμον
1330 4322 1511 4377 αύτῶν
1538 4304 1760 4381 ἐκέλευ-

1902 526 2100 584 magna
2142 530 2244 587 pro
2293 520 2372 574 eis
2424 534 2637 576 merces
2668 519 2937 576 redditur.
2978 520 3103 579 Haec
3151 538 3317 594 porro
3352 534 3469 591 est,

1901 618 2012 676 qua
2035 608 2452 666 contubernalis
2486 610 2719 667 habetur
2747 611 2916 669 Deus.

1970 695 2138 755 Vsus.
2177 698 2369 759 10-18.
2408 719 2429 754 ι
2478 690 2712 759 Gavisus
2757 718 2878 760 sum
2930 713 3108 761 autem
3141 706 3196 762 in
3236 705 3470 763 Domino

1896 790 2270 862 vehementer,
2320 794 2583 865 quoniam
2613 796 2835 852 tandem
2884 797 3181 869 aliquando
3215 799 3471 855 reﬂoruio

1898 880 2001 938 stis
2028 897 2130 955 pro
2158 899 2244 941 me
2278 886 2504 954 sentire,
2548 888 2690 944 sicut
2720 897 2775 945 et
2799 890 3124 947 sentiebatis
3155 907 3170 944 :
3210 901 3466 962 OCCllpall

1898 980 2079 1029 autem
2124 977 2314 1034 eratis.
2348 976 2471 1035 Non
2517 980 2677 1051 quasi
2721 989 2947 1053 pr0pter
2985 981 3272 1053 penuriam
3298 983 3466 1039 dico:

1895 1078 2000 1135 ego
2050 1066 2198 1123 enim
2247 1069 2438 1138 didici,
2470 1071 2528 1127 in
2579 1072 2781 1143 quibus
2834 1088 2981 1141 sum,
3016 1073 3294 1131 sufficiens
3320 1090 3461 1131 esse.

1898 1154 2026 1213 Scio
2057 1165 2112 1215 et
2141 1159 2443 1230 humiliari,
2492 1164 2613 1221 scio
2661 1173 2716 1221 et
2745 1165 3029 1224 abundare
3056 1167 3283 1239 (ubique
3315 1179 3367 1224 et
3403 1168 3460 1223 in

1896 1249 2157 1308 omnibus
2189 1251 2485 1313 institutus
2513 1256 2659 1328 sum)
2693 1264 2749 1314 et
2794 1259 3011 1323 satiari,
3067 1267 3120 1316 ct
3148 1260 3385 1326 esurire,
3412 1267 3469 1314 et

1896 1341 2199 1411 abundare,
2228 1352 2283 1401 et
2315 1347 2601 1418 penuriam
2651 1349 2785 1421 pati.
2820 1348 3016 1406 Omnia
3068 1367 3290 1423 possum
3319 1354 3371 1407 in
3402 1368 3468 1408 eo

1894 1434 1986 1505 qui
2021 1437 2303 1493 contortat
2343 1455 2450 1506 me,
2478 1441 2723 1499 Christo.
2743 1443 3134 1501 Verumtamen
3165 1446 3303 1502 bene
3334 1446 3467 1502 feci—

1894 1524 1995 1581 SIis
2015 1529 2490 1587 communicantes
2520 1533 2866 1599 tribulationi
2900 1551 3053 1591 meae.
3088 1535 3258 1593 Scitis
3283 1546 3462 1594 autem

1892 1626 1947 1671 et
1980 1630 2099 1684 vos,
2128 1617 2530 1693 Philippenses,
2582 1625 2729 1697 quod
2773 1626 2829 1683 in
2860 1628 3135 1700 principio
3162 1629 3463 1702 Evangelii,

1894 1709 2113 1778 quando
2170 1711 2452 1782 profectus
2508 1732 2631 1775 sum
2686 1733 2717 1773 a
2770 1718 3112 1790 Macedonia,
3147 1722 3295 1778 nulla
3325 1724 3462 1778 mihi

1888 1798 2138 1860 Ecclesia
2182 1807 2611 1867 communicavit
2640 1809 2697 1867 in
2742 1811 2957 1871 ratione
2985 1813 3099 1871 dati
3132 1826 3187 1872 et
3229 1817 3459 1887 accepti,

1888 1892 1996 1950 nisi
2022 1908 2121 1953 vos
2155 1896 2257 1955 soli
2290 1918 2303 1955 :
2337 1900 2467 1972 quia
2509 1910 2566 1959 et
2592 1901 3045 1962 Thessalonicam
3092 1905 3258 1964 semel
3289 1915 3343 1963 et
3373 1908 3459 1962 bis

1887 1985 1946 2042 in
1978 2002 2142 2045 usum
2177 1991 2314 2048 mihi
2351 1993 2608 2052 misistis.
2658 1994 2776 2053 Non
2824 1998 2953 2069 quia
3002 2014 3196 2071 quacro
3242 2004 3455 2065 datum,

1887 2079 1986 2137 sed
2022 2081 2250 2154 requiro
2301 2084 2545 2142 fructum
2598 2086 2967 2145 abundantem
3014 2090 3068 2146 in
3114 2092 3328 2148 ratione
3366 2107 3461 2147 ve—

1887 2183 2023 2232 stra.
2085 2174 2270 2235 Habeo
2322 2190 2505 2236 autem
2553 2181 2761 2249 omnia,
2806 2188 2861 2238 et
2902 2182 3173 2240 abundo:
3215 2184 3459 2255 repletus

1883 2280 2031 2333 sum,
2058 2271 2301 2340 acceptis
2330 2270 2399 2326 ab
2428 2269 2803 2343 Epaphrodito
2834 2288 2958 2345 qua
2981 2288 3013 2328 a
3049 2273 3207 2331 vobis
3244 2282 3399 2332 sunt.
3433 2293 3453 2327 ο

1954 2361 2030 2416 De
2070 2360 2477 2421 ministratione
2514 2380 2678 2437 quam
2709 2366 2815 2424 sibi
2858 2366 3145 2435 miserant,
3183 2369 3452 2441 loquitur.

1883 2447 2199 2507 Laetabatur
2257 2460 2464 2523 autem,
2521 2471 2632 2511 non
2678 2457 2807 2528 quia
2856 2468 3165 2531 acceperat,
3194 2459 3290 2517 sed
3326 2460 3454 2531 quia

1883 2542 2140 2614 discipuli
2187 2543 2429 2603 fructum
2480 2546 2811 2606 habuerant.
2845 2550 3001 2618 Nam,
3043 2568 3167 2609 cum
3200 2554 3456 2610 Christus

1880 2633 2116 2705 jusserit
2149 2637 2197 2670 "
2228 2653 2323 2695 eos
2375 2638 2587 2711 largiri,
2636 2641 2865 2712 quinam
2925 2658 3034 2699 non
3080 2645 3133 2698 in
3167 2653 3452 2715 peccatum

1883 2725 2273 2795 incurrissent,
2328 2730 2559 2785 minime
2605 2732 2913 2804 largiendo.
2972 2734 3236 2806 Apposite
3284 2735 3455 2804 igitur

1883 2816 1980 2886 ait,
2033 2820 2376 2890 reﬂoruistis.
2426 2820 2562 2878 Boni
2613 2824 2885 2896 siquidem
2963 2826 3178 2883 {ructus
3230 2826 3450 2905 initium

1880 2916 1966 2966 est
1995 2911 2422 2968 communicatio
2447 2913 2589 2983 ﬁcum
2631 2916 2948 2986 magistris;
2984 2916 3445 2989 quemadmodum

1882 3002 2174 3069 marcoris,
2212 3003 2408 3060 horum
2443 3004 2666 3062 oblivio.

1952 3111 1976 3150 ι
2012 3094 2246 3155 Odorem
2282 3097 2593 3169 suavitatis,
2649 3101 2884 3159 hostiam
2920 3111 3197 3177 acceptam
3228 3103 3449 3176 placen-

1874 3217 1981 3266 tem
2006 3209 2138 3267 Deo.
2178 3230 2199 3265 ι

1942 3299 2060 3358 Hoc
2082 3303 2229 3359 enim
2260 3304 2476 3363 confert
2507 3307 2588 3364 eis
2618 3316 2675 3362 ut
2703 3308 2906 3364 bonum
2932 3309 3155 3367 odorem
3190 3310 3434 3383 spirent;

1869 3395 2071 3467 quippe
2104 3398 2197 3469 qui
2238 3398 2411 3469 legem
2451 3399 2544 3455 Dei
2582 3401 2864 3473 impleant.

1940 3486 2106 3545 Vsus.
2140 3488 2333 3546 19-35.
2371 3509 2390 3543 ι
2430 3491 2577 3548 Deus
2613 3502 2795 3550 autem
2826 3510 2982 3555 meus
3017 3496 3241 3568 impleat
3274 3514 3438 3557 omne

1869 3577 2207 3635 desiderium
2260 3592 2531 3651 vestrum,
2579 3585 2881 3641 secundum
2932 3587 3155 3645 divitias
3220 3580 3351 3648 suas
3380 3594 3435 3646 in

1866 3670 2041 3742 gloria
2072 3670 2128 3727 in
2168 3671 2389 3729 Christo
2419 3672 2568 3730 Jesu.
2625 3675 2735 3732 Deo
2765 3686 2947 3735 autem
2981 3690 3035 3737 et
3063 3680 3213 3737 Patri
3246 3693 3440 3741 nostro

1866 3764 2038 3834 gloria
2076 3763 2130 3818 in
2162 3765 2361 3820 saecula
2403 3767 2752 3827 saeculorum.
2806 3771 3000 3829 Amen.
3037 3772 3285 3833 Salutate
3319 3793 3435 3834 om-

1864 3870 1988 3910 nem
2043 3863 2295 3912 sanctum
2357 3858 2414 3914 in
2458 3858 2681 3917 Christo
2727 3861 2879 3921 Jesu.
2920 3864 3310 3927 Salutantvos
3343 3887 3433 3941 qm

1865 3963 2080 4004 mecum
2111 3959 2261 4019 sunt,
2310 3949 2533 4011 fratres.
2578 3953 2834 4012 Salutant
2874 3973 2969 4016 vos
3002 3974 3196 4019 omnes
3233 3965 3433 4020 sancti.

1864 4038 2099 4097 Maxime
2125 4050 2329 4099 autem.
2367 4063 2387 4098 ι

1933 4133 2094 4205 205
2131 4134 2352 4197 Videsis
2391 4152 2630 4214 quantus
2670 4143 2889 4201 fructus
2944 4145 3175 4215 praestiti
3228 4145 3432 4215 ofﬁcii,

1861 4227 2009 4297 quod
2042 4227 2452 4300 locupletentur
2492 4234 2545 4289 in
2588 4235 2764 4307 gloria
2804 4234 3035 4292 Christi.
3089 4236 3265 4292 Simul
3303 4254 3433 4293 vero

1860 4332 1956 4373 eos
1989 4319 2159 4377 tacite
2211 4319 2404 4391 docet,
2453 4335 2678 4398 propter
2730 4326 3031 4382 utilitatem
3080 4326 3329 4398 ipsorum
3370 4344 3432 4385 se

196 4412 279 4450 σεν
307 4400 507 4466 αὐτους
530 4404 559 4455 δ
583 4403 817 4475 Χριστὸς
842 4412 1119 4465 κοινωνεῖν
1144 4414 1257 4476 τοῖς
1287 4413 1648 4485 διδασκάλοις,
1670 4419 1757 4474 ἵνα
1790 4482 1820 4488 _
1863 4411 2194 4481 praecepisse
2223 4421 2284 4469 ut
2326 4416 2573 4473 carnalia
2620 4432 2744 4473 cum
2788 4417 3067 4488 magistris
3117 4421 3433 4476 communi-

192 4487 292 4540 τῶν
341 4494 731 4564 πνευματικῶν
781 4497 960 4553 αὐτῶν
1002 4501 1403 4572 μεταλάϐωσιν.
1454 4508 1605 4562 Ἐπεὶ
1638 4511 1754 4575 πῶς

1889 4512 2096 4569 arent,
2137 4521 2249 4575 quo
2286 4506 2667 4578 spiritualium
2709 4509 2983 4565 bonorum
3024 4526 3214 4566 eorum
3256 4513 3431 4584 parti-

192 4578 281 4633 οὐκ
311 4582 542 4651 ἠδύνατο
569 4588 596 4639 ὁ
625 4586 851 4654 τούτους
873 4590 1198 4657 πλουτίζων,
1232 4595 1473 4660 καὶτοὺς
1501 4599 1758 4655 διδασκά-

192 4667 307 4735 λους
351 4675 679 4745 πλουτίσαι;
719 4680 862 4734 Ἀλλ’
899 4685 1183 4757 οἰκονομίᾳ
1227 4687 1387 4741 τοῦτο
1426 4691 1750 4762 πεποίηκεν,

193 4760 270 4858 ἵνα
302 4766 394 4819 καὶ
428 4770 477 4822 οε
518 4769 825 4827 διδάσκαλοι
858 4775 931 4847 μὴ
962 4779 1406 4852 κατεπαίρωνται
1436 4782 1545 4837 τῶν
1577 4760 1755 4858 μαθη-

192 4852 310 4917 τῶν,
339 4858 413 4923 ὡς
442 4859 652 4931 δωρεὰν
674 4864 870 4930 αὐτοὺς
895 4868 1293 4936 πλουτίζοντες,
1326 4874 1465 4944 μήτε
1502 4876 1550 4929 οί
1578 4852 1755 4947 μαθη-

191 4947 272 4999 ταὶ
295 4949 605 5023 ἀκηδιῶσιν,
640 4955 715 5021 ὡς
742 4958 829 5011 ἀεὶ
861 4959 920 5013 ἐν
952 4963 1016 5030 τῇ
1046 4962 1155 5017 τῶν
1176 4964 1563 5034 πτωχευόντων
1597 4967 1751 5035 ὄντες

190 5039 353 5108 τάξει,
392 5044 490 5099 καί⁸
537 5047 707 5119 μηδὲν
759 5051 1137 5120 μεταδιδόντες
1191 5056 1394 5122 αὐτοῖς.
1444 5060 1542 5113 Διὰ
1593 5061 1751 5117 τοῦτο

192 5132 421 5193 ἀνάδοσιν
448 5140 541 5195 καὶ
572 5143 853 5198 κοινωνίαν
886 5146 1139 5202 ἐκέλευσε
1180 5149 1445 5220 γίνεσθαι,
1482 5154 1530 5208 εί
1563 5156 1751 5212 καὶτὰ

191 5227 287 5281 τῶν
306 5228 635 5289 διδασκάλων
670 5236 1014 5311 ἁσυγκρίτως
1045 5241 1286 5311 μείζονα.

257 5418 277 5452 ί
314 5405 376 5493 Οί
416 5406 484 5462 ἐκ
522 5410 621 5483 τῆς
674 5413 955 5487 Καίσαρος
976 5417 1174 5483 οίκίας.
1217 5420 1281 5474 Ἦ
1312 5422 1472 5493 χάρις
1501 5423 1593 5478 τοῦ
1632 5424 1744 5479 Κυο

195 5488 302 5558 ρίου
342 5492 514 5568 Ἰησοῦ
534 5500 793 5573 Χριστοῦ.
829 5524 848 5556 ι

258 5582 658 5660 Παραμυθεϊται
720 5596 925 5669 σφόδρα
962 5597 1158 5666 αὐτοὺς
1184 5641 1197 5665 ,
1229 5600 1305 5673 τῷ
1354 5604 1434 5671 είς
1469 5605 1557 5658 τὸν
1597 5601 1741 5662 οἷκον

260 5759 301 5793 ⁶¹
324 5761 454 5822 Luc.
492 5783 544 5836 ι,
567 5772 615 5827 7.

1862 4593 2017 4665 cipes
2073 4595 2289 4653 ﬁerent.
2353 4601 2535 4656 Eccur
2592 4602 2737 4657 enim
2792 4617 2901 4657 non
2958 4610 3127 4672 queat
3181 4602 3273 4661 ille
3335 4604 3431 4675 qui

1860 4687 2010 4757 ipsos
2054 4689 2227 4754 ditat,
2275 4692 2577 4763 magistros
2619 4708 2843 4764 quoque
2890 4694 3277 4766 locupletare?
3324 4695 3431 4754 Sed

1858 4781 2115 4836 consulto
2143 4783 2193 4837 id
2224 4784 2390 4849 tccit,
2426 4801 2494 4841 ne
2528 4786 2777 4858 magistri
2814 4788 3083 4844 adversus
3118 4789 3430 4860 discipulos

1858 4874 2204 4943 arrogantius
2243 4877 2666 4944 extollerentur,
2710 4894 2775 4934 ac
2815 4879 2859 4934 si
2900 4878 3076 4950 gratis
3120 4881 3247 4937 illos
3287 4880 3431 4937 divi-

1858 4964 1950 5021 tiis
1987 4967 2103 5022 suis
2138 4978 2404 5038 angerent
2435 4988 2448 5025 :
2489 4986 2586 5025 nec
2618 4986 2841 5026 rursum
2876 4970 3135 5043 discipuli
3174 4976 3427 5029 moerenli

1857 5058 2043 5112 animo
2071 5069 2257 5115 essent
2277 5101 2293 5125 ,
2329 5062 2473 5131 quod
2505 5077 2722 5132 semper
2753 5066 2897 5118 inter
2929 5079 3132 5135 egenos
3160 5064 3428 5120 haberen.

1856 5158 1968 5213 tur,
2004 5148 2253 5219 nihilque
2285 5150 2368 5207 eis
2406 5151 2782 5221 impartircnt.
2822 5153 3093 5221 Quocirca
3130 5170 3430 5226 repensare

1855 5240 2136 5295 mandavit
2184 5250 2236 5296 et
2293 5243 2740 5310 communicare,
2802 5245 3056 5314 quamvis
3104 5260 3166 5300 ea
3220 5260 3343 5317 qua:
3390 5263 3422 5304 a

1855 5333 2143 5401 magistris
2175 5332 2516 5403 tribuuntur,
2546 5337 2704 5408 longe
2732 5337 2845 5393 sint
2874 5337 3281 5407 praesta;.tiora.

1928 5443 1947 5477 ο
1976 5425 2077 5491 Qui
2108 5426 2173 5483 de
2202 5425 2437 5485 Caesaris
2464 5430 2628 5485 domo
2656 5426 2807 5487 sunt.
2835 5430 3022 5486 Gratia
3053 5430 3270 5488 Domini
3296 5431 3423 5490 Jcsu

1851 5519 2077 5574 Christi.
2110 5539 2127 5570 ι

1924 5606 2131 5677 lugenti
2171 5625 2263 5666 eos
2308 5611 2505 5667 solatio
2548 5610 2746 5683 allicit,
2787 5612 2917 5670 dum
2958 5613 3075 5684 ait,
3117 5617 3171 5671 in
3212 5612 3420 5687 ipsius~
