  <div class='ocr_page' id='page_1' title='image "/cluster/home/n/w/nwhite01/storage/ocr_20150623/95/hvd.32044073502106/449.png"; bbox 0 0 3928 6264; ppageno 0'>
   <div class='ocr_carea' id='block_1_1' title="bbox 420 198 588 293">
    <p class='ocr_par' dir='ltr' id='par_1_1' title="bbox 420 198 588 293">
     <span class='ocr_line' id='line_1_1' title="bbox 420 198 588 293; baseline 0.012 -2"><span class='ocrx_word' id='word_1_1' title='bbox 420 198 423 199; x_wconf 29' lang='grc' dir='ltr'>ί</span> <span class='ocrx_word' id='word_1_2' title='bbox 481 227 588 293; x_wconf 82' lang='lat'><strong>837</strong></span> 
     </span>
    </p>
   </div>
   <div class='ocr_carea' id='block_1_2' title="bbox 1675 238 2571 319">
    <p class='ocr_par' dir='ltr' id='par_1_2' title="bbox 1675 238 2571 319">
     <span class='ocr_line' id='line_1_2' title="bbox 1675 238 2571 319; baseline 0.009 -19"><span class='ocrx_word' id='word_1_3' title='bbox 1675 238 1740 301; x_wconf 92' lang='lat' dir='ltr'><strong>S.</strong></span> <span class='ocrx_word' id='word_1_4' title='bbox 1771 238 2093 303; x_wconf 81' lang='lat' dir='ltr'><strong>JOANNIS</strong></span> <span class='ocrx_word' id='word_1_5' title='bbox 2133 240 2571 319; x_wconf 65' lang='lat' dir='ltr'><strong>DAMASCENI</strong></span> 
     </span>
    </p>
   </div>
   <div class='ocr_carea' id='block_1_3' title="bbox 3642 239 3743 304">
    <p class='ocr_par' dir='ltr' id='par_1_3' title="bbox 3642 239 3743 304">
     <span class='ocr_line' id='line_1_3' title="bbox 3642 239 3743 304; baseline 0 0"><span class='ocrx_word' id='word_1_6' title='bbox 3642 239 3743 304; x_wconf 84' lang='lat'><strong>888</strong></span> 
     </span>
    </p>
   </div>
   <div class='ocr_carea' id='block_1_4' title="bbox 483 343 2074 432">
    <p class='ocr_par' dir='ltr' id='par_1_4' title="bbox 483 343 2065 424">
     <span class='ocr_line' id='line_1_4' title="bbox 483 343 2065 424; baseline 0.006 -25"><span class='ocrx_word' id='word_1_7' title='bbox 483 354 753 402; x_wconf 79' lang='lat' dir='ltr'><strong>auversus</strong></span> <span class='ocrx_word' id='word_1_8' title='bbox 782 343 921 406; x_wconf 81' lang='lat' dir='ltr'><strong>istos</strong></span> <span class='ocrx_word' id='word_1_9' title='bbox 950 344 1092 404; x_wconf 82' lang='lat' dir='ltr'><strong>nihil</strong></span> <span class='ocrx_word' id='word_1_10' title='bbox 1121 345 1379 405; x_wconf 82' lang='lat' dir='ltr'><strong>diabolus</strong></span> <span class='ocrx_word' id='word_1_11' title='bbox 1407 349 1551 408; x_wconf 86' lang='lat' dir='ltr'><strong>valet</strong></span> <span class='ocrx_word' id='word_1_12' title='bbox 1597 368 1611 406; x_wconf 89' lang='lat'><strong>:</strong></span> <span class='ocrx_word' id='word_1_13' title='bbox 1648 348 1705 408; x_wconf 89' lang='lat' dir='ltr'><strong>et</strong></span> <span class='ocrx_word' id='word_1_14' title='bbox 1740 355 1833 424; x_wconf 83' lang='lat' dir='ltr'><strong>qui</strong></span> <span class='ocrx_word' id='word_1_15' title='bbox 1866 369 1931 411; x_wconf 80' lang='lat' dir='ltr'><strong>ex</strong></span> <span class='ocrx_word' id='word_1_16' title='bbox 1962 360 2065 409; x_wconf 89' lang='lat' dir='ltr'><strong>hac</strong></span> 
     </span>
    </p>
   </div>
   <div class='ocr_carea' id='block_1_5' title="bbox 2186 343 3745 432">
    <p class='ocr_par' dir='ltr' id='par_1_5' title="bbox 2186 352 3745 432">
     <span class='ocr_line' id='line_1_5' title="bbox 2186 352 3745 432; baseline -0.008 -14"><span class='ocrx_word' id='word_1_17' title='bbox 2186 358 2349 432; x_wconf 71' lang='grc' dir='ltr'>ἶσχΰει</span> <span class='ocrx_word' id='word_1_18' title='bbox 2375 359 2645 424; x_wconf 80' lang='grc' dir='ltr'>διάϐολος.</span> <span class='ocrx_word' id='word_1_19' title='bbox 2688 358 2753 414; x_wconf 85' lang='grc' dir='ltr'><strong>Οί</strong></span> <span class='ocrx_word' id='word_1_20' title='bbox 2787 354 2846 413; x_wconf 76' lang='grc' dir='ltr'>δὲ</span> <span class='ocrx_word' id='word_1_21' title='bbox 2875 355 2976 430; x_wconf 80' lang='grc' dir='ltr'>τὴν</span> <span class='ocrx_word' id='word_1_22' title='bbox 3008 353 3263 426; x_wconf 69' lang='grc' dir='ltr'>ἐξουσίαν</span> <span class='ocrx_word' id='word_1_23' title='bbox 3294 352 3502 429; x_wconf 68' lang='grc' dir='ltr'>ταύτην</span> <span class='ocrx_word' id='word_1_24' title='bbox 3537 353 3745 423; x_wconf 66' lang='grc' dir='ltr'>ἀποφυ-</span> 
     </span>
    </p>
   </div>
   <div class='ocr_carea' id='block_1_6' title="bbox 484 441 2093 518">
    <p class='ocr_par' dir='ltr' id='par_1_6' title="bbox 484 441 2093 518">
     <span class='ocr_line' id='line_1_6' title="bbox 484 441 2093 518; baseline 0.007 -26"><span class='ocrx_word' id='word_1_25' title='bbox 484 447 757 509; x_wconf 85' lang='lat' dir='ltr'><strong>potestate</strong></span> <span class='ocrx_word' id='word_1_26' title='bbox 808 448 1135 510; x_wconf 88' lang='lat' dir='ltr'><strong>evaserunt,</strong></span> <span class='ocrx_word' id='word_1_27' title='bbox 1164 441 1221 497; x_wconf 88' lang='lat' dir='ltr'><strong>bi</strong></span> <span class='ocrx_word' id='word_1_28' title='bbox 1259 444 1368 499; x_wconf 89' lang='lat' dir='ltr'><strong>sub</strong></span> <span class='ocrx_word' id='word_1_29' title='bbox 1402 458 1574 516; x_wconf 76' lang='lat' dir='ltr'><strong>regno</strong></span> <span class='ocrx_word' id='word_1_30' title='bbox 1610 442 1742 501; x_wconf 83' lang='lat' dir='ltr'><strong>Filii</strong></span> <span class='ocrx_word' id='word_1_31' title='bbox 1776 455 1930 509; x_wconf 87' lang='lat' dir='ltr'><strong>sunt,</strong></span> <span class='ocrx_word' id='word_1_32' title='bbox 1968 462 2063 518; x_wconf 89' lang='lat' dir='ltr'><strong>per</strong></span> <span class='ocrx_word' id='word_1_33' title='bbox 2092 480 2093 483; x_wconf 60' lang='grc' dir='ltr'><strong>η</strong></span> 
     </span>
    </p>
   </div>
   <div class='ocr_carea' id='block_1_7' title="bbox 482 532 2070 610">
    <p class='ocr_par' dir='ltr' id='par_1_7' title="bbox 482 532 2070 610">
     <span class='ocr_line' id='line_1_7' title="bbox 482 532 2070 610; baseline 0.006 -24"><span class='ocrx_word' id='word_1_34' title='bbox 482 548 648 603; x_wconf 83' lang='lat' dir='ltr'><strong>quem</strong></span> <span class='ocrx_word' id='word_1_35' title='bbox 689 532 1028 591; x_wconf 76' lang='lat' dir='ltr'><strong>revertimur</strong></span> <span class='ocrx_word' id='word_1_36' title='bbox 1060 535 1116 592; x_wconf 90' lang='lat' dir='ltr'><strong>in</strong></span> <span class='ocrx_word' id='word_1_37' title='bbox 1147 552 1380 610; x_wconf 73' lang='lat' dir='ltr'><strong>regnum</strong></span> <span class='ocrx_word' id='word_1_38' title='bbox 1414 536 1621 595; x_wconf 87' lang='lat' dir='ltr'><strong>Patris.</strong></span> <span class='ocrx_word' id='word_1_39' title='bbox 1665 537 1937 606; x_wconf 76' lang='lat' dir='ltr'><strong>Quoniam</strong></span> <span class='ocrx_word' id='word_1_40' title='bbox 1968 554 2070 595; x_wconf 82' lang='lat' dir='ltr'><strong>au—</strong></span> 
     </span>
    </p>
   </div>
   <div class='ocr_carea' id='block_1_8' title="bbox 483 626 2065 707">
    <p class='ocr_par' dir='ltr' id='par_1_8' title="bbox 483 626 2065 707">
     <span class='ocr_line' id='line_1_8' title="bbox 483 626 2065 707; baseline 0.006 -25"><span class='ocrx_word' id='word_1_41' title='bbox 483 637 595 682; x_wconf 89' lang='lat' dir='ltr'><strong>tem</strong></span> <span class='ocrx_word' id='word_1_42' title='bbox 624 626 840 685; x_wconf 89' lang='lat' dir='ltr'><strong>dictum</strong></span> <span class='ocrx_word' id='word_1_43' title='bbox 888 629 993 687; x_wconf 86' lang='lat' dir='ltr'><strong>hoc</strong></span> <span class='ocrx_word' id='word_1_44' title='bbox 1030 629 1099 687; x_wconf 88' lang='lat' dir='ltr'><strong>ad</strong></span> <span class='ocrx_word' id='word_1_45' title='bbox 1148 632 1553 692; x_wconf 78' lang='lat' dir='ltr'><strong>incarnationis</strong></span> <span class='ocrx_word' id='word_1_46' title='bbox 1585 632 2065 707; x_wconf 73' lang='lat' dir='ltr'><strong>dispensationem</strong></span> 
     </span>
    </p>
   </div>
   <div class='ocr_carea' id='block_1_9' title="bbox 482 719 2063 793">
    <p class='ocr_par' dir='ltr' id='par_1_9' title="bbox 482 719 2063 793">
     <span class='ocr_line' id='line_1_9' title="bbox 482 719 2063 793; baseline 0.004 -20"><span class='ocrx_word' id='word_1_47' title='bbox 482 726 720 789; x_wconf 82' lang='lat' dir='ltr'><strong>spectat,</strong></span> <span class='ocrx_word' id='word_1_48' title='bbox 774 719 985 778; x_wconf 90' lang='lat' dir='ltr'><strong>idcirco</strong></span> <span class='ocrx_word' id='word_1_49' title='bbox 1024 721 1234 779; x_wconf 86' lang='lat' dir='ltr'><strong>dicitur</strong></span> <span class='ocrx_word' id='word_1_50' title='bbox 1280 723 1584 781; x_wconf 81' lang='lat' dir='ltr'><strong>dilectionis</strong></span> <span class='ocrx_word' id='word_1_51' title='bbox 1625 726 1809 782; x_wconf 73' lang='lat' dir='ltr'><strong>Patris</strong></span> <span class='ocrx_word' id='word_1_52' title='bbox 1864 724 2063 793; x_wconf 80' lang='lat' dir='ltr'><strong>Filius,</strong></span> 
     </span>
    </p>
   </div>
   <div class='ocr_carea' id='block_1_10' title="bbox 485 809 2066 890">
    <p class='ocr_par' dir='ltr' id='par_1_10' title="bbox 485 809 2066 890">
     <span class='ocr_line' id='line_1_10' title="bbox 485 809 2066 890; baseline 0.008 -27"><span class='ocrx_word' id='word_1_53' title='bbox 485 809 583 880; x_wconf 87' lang='lat' dir='ltr'><strong>qui</strong></span> <span class='ocrx_word' id='word_1_54' title='bbox 639 825 743 883; x_wconf 88' lang='lat' dir='ltr'><strong>pro</strong></span> <span class='ocrx_word' id='word_1_55' title='bbox 793 812 1198 871; x_wconf 86' lang='lat' dir='ltr'><strong>ministratoria</strong></span> <span class='ocrx_word' id='word_1_56' title='bbox 1241 832 1368 881; x_wconf 87' lang='lat' dir='ltr'><strong>sua,</strong></span> <span class='ocrx_word' id='word_1_57' title='bbox 1406 833 1576 890; x_wconf 87' lang='lat' dir='ltr'><strong>quam</strong></span> <span class='ocrx_word' id='word_1_58' title='bbox 1620 820 1765 875; x_wconf 88' lang='lat' dir='ltr'><strong>inter</strong></span> <span class='ocrx_word' id='word_1_59' title='bbox 1814 819 2066 876; x_wconf 83' lang='lat' dir='ltr'><strong>homines</strong></span> 
     </span>
    </p>
   </div>
   <div class='ocr_carea' id='block_1_11' title="bbox 488 904 2069 986">
    <p class='ocr_par' dir='ltr' id='par_1_11' title="bbox 488 904 2069 986">
     <span class='ocr_line' id='line_1_11' title="bbox 488 904 2069 986; baseline 0.003 -24"><span class='ocrx_word' id='word_1_60' title='bbox 488 904 688 975; x_wconf 75' lang='lat' dir='ltr'><strong>gessit.</strong></span> <span class='ocrx_word' id='word_1_61' title='bbox 722 904 1030 975; x_wconf 75' lang='lat' dir='ltr'><strong>iunctione,</strong></span> <span class='ocrx_word' id='word_1_62' title='bbox 1062 910 1183 967; x_wconf 82' lang='lat' dir='ltr'><strong>vice</strong></span> <span class='ocrx_word' id='word_1_63' title='bbox 1225 911 1517 968; x_wconf 80' lang='lat' dir='ltr'><strong>hominum</strong></span> <span class='ocrx_word' id='word_1_64' title='bbox 1545 921 1603 970; x_wconf 89' lang='lat' dir='ltr'><strong>et</strong></span> <span class='ocrx_word' id='word_1_65' title='bbox 1632 921 1862 986; x_wconf 86' lang='lat' dir='ltr'><strong>propter</strong></span> <span class='ocrx_word' id='word_1_66' title='bbox 1890 914 2069 969; x_wconf 75' lang='lat' dir='ltr'><strong>homi-</strong></span> 
     </span>
    </p>
   </div>
   <div class='ocr_carea' id='block_1_12' title="bbox 484 997 2073 1077">
    <p class='ocr_par' dir='ltr' id='par_1_12' title="bbox 484 997 2073 1077">
     <span class='ocr_line' id='line_1_12' title="bbox 484 997 2073 1077; baseline 0.004 -23"><span class='ocrx_word' id='word_1_67' title='bbox 484 1012 588 1054; x_wconf 85' lang='lat' dir='ltr'><strong>nes</strong></span> <span class='ocrx_word' id='word_1_68' title='bbox 644 997 888 1058; x_wconf 85' lang='lat' dir='ltr'><strong>dilectus</strong></span> <span class='ocrx_word' id='word_1_69' title='bbox 941 1010 1048 1070; x_wconf 89' lang='lat' dir='ltr'><strong>est,</strong></span> <span class='ocrx_word' id='word_1_70' title='bbox 1090 1011 1146 1058; x_wconf 87' lang='lat' dir='ltr'><strong>et</strong></span> <span class='ocrx_word' id='word_1_71' title='bbox 1191 1004 1246 1059; x_wconf 91' lang='lat' dir='ltr'><strong>in</strong></span> <span class='ocrx_word' id='word_1_72' title='bbox 1307 1004 1449 1061; x_wconf 83' lang='lat' dir='ltr'><strong>servi</strong></span> <span class='ocrx_word' id='word_1_73' title='bbox 1501 1005 1680 1062; x_wconf 80' lang='lat' dir='ltr'><strong>forma</strong></span> <span class='ocrx_word' id='word_1_74' title='bbox 1739 1007 2073 1077; x_wconf 85' lang='lat' dir='ltr'><strong>adimplevit</strong></span> 
     </span>
    </p>
   </div>
   <div class='ocr_carea' id='block_1_13' title="bbox 484 1088 2072 1170">
    <p class='ocr_par' dir='ltr' id='par_1_13' title="bbox 484 1088 2072 1170">
     <span class='ocr_line' id='line_1_13' title="bbox 484 1088 2072 1170; baseline 0.006 -25"><span class='ocrx_word' id='word_1_75' title='bbox 484 1105 609 1161; x_wconf 66' lang='lat' dir='ltr'><strong>quae</strong></span> <span class='ocrx_word' id='word_1_76' title='bbox 636 1088 898 1150; x_wconf 88' lang='lat' dir='ltr'><strong>deessent</strong></span> <span class='ocrx_word' id='word_1_77' title='bbox 931 1096 1159 1153; x_wconf 90' lang='lat' dir='ltr'><strong>mundo.</strong></span> <span class='ocrx_word' id='word_1_78' title='bbox 1206 1097 1310 1153; x_wconf 84' lang='lat' dir='ltr'><strong>Per</strong></span> <span class='ocrx_word' id='word_1_79' title='bbox 1352 1094 1666 1170; x_wconf 77' lang='lat' dir='ltr'><strong>sanguinem</strong></span> <span class='ocrx_word' id='word_1_80' title='bbox 1700 1090 2072 1169; x_wconf 59' lang='lat' dir='ltr'><strong>ejus5redem-</strong></span> 
     </span>
    </p>
   </div>
   <div class='ocr_carea' id='block_1_14' title="bbox 484 1182 2071 1262">
    <p class='ocr_par' dir='ltr' id='par_1_14' title="bbox 484 1182 2071 1262">
     <span class='ocr_line' id='line_1_14' title="bbox 484 1182 2071 1262; baseline 0.005 -25"><span class='ocrx_word' id='word_1_81' title='bbox 484 1182 733 1255; x_wconf 88' lang='lat' dir='ltr'><strong>plionem</strong></span> <span class='ocrx_word' id='word_1_82' title='bbox 783 1201 910 1243; x_wconf 89' lang='lat' dir='ltr'><strong>esse</strong></span> <span class='ocrx_word' id='word_1_83' title='bbox 954 1185 1158 1243; x_wconf 78' lang='lat' dir='ltr'><strong>factam</strong></span> <span class='ocrx_word' id='word_1_84' title='bbox 1210 1188 1369 1245; x_wconf 90' lang='lat' dir='ltr'><strong>dicit.</strong></span> <span class='ocrx_word' id='word_1_85' title='bbox 1400 1187 1537 1246; x_wconf 87' lang='lat' dir='ltr'><strong>Nam</strong></span> <span class='ocrx_word' id='word_1_86' title='bbox 1571 1192 1692 1247; x_wconf 86' lang='lat' dir='ltr'><strong>vice</strong></span> <span class='ocrx_word' id='word_1_87' title='bbox 1743 1190 1906 1262; x_wconf 80' lang='lat' dir='ltr'><strong>pretii</strong></span> <span class='ocrx_word' id='word_1_88' title='bbox 1938 1205 2071 1246; x_wconf 81' lang='lat' dir='ltr'><strong>san—</strong></span> 
     </span>
    </p>
   </div>
   <div class='ocr_carea' id='block_1_15' title="bbox 486 1276 2065 1355">
    <p class='ocr_par' dir='ltr' id='par_1_15' title="bbox 486 1276 2065 1355">
     <span class='ocr_line' id='line_1_15' title="bbox 486 1276 2065 1355; baseline 0.003 -24"><span class='ocrx_word' id='word_1_89' title='bbox 486 1276 610 1350; x_wconf 74' lang='lat' dir='ltr'><strong>guis</strong></span> <span class='ocrx_word' id='word_1_90' title='bbox 642 1276 863 1338; x_wconf 87' lang='lat' dir='ltr'><strong>Domini</strong></span> <span class='ocrx_word' id='word_1_91' title='bbox 904 1278 1069 1339; x_wconf 85' lang='lat' dir='ltr'><strong>datus</strong></span> <span class='ocrx_word' id='word_1_92' title='bbox 1095 1290 1203 1348; x_wconf 87' lang='lat' dir='ltr'><strong>est,</strong></span> <span class='ocrx_word' id='word_1_93' title='bbox 1238 1299 1349 1355; x_wconf 88' lang='lat' dir='ltr'><strong>quo</strong></span> <span class='ocrx_word' id='word_1_94' title='bbox 1390 1283 1447 1339; x_wconf 90' lang='lat' dir='ltr'><strong>in</strong></span> <span class='ocrx_word' id='word_1_95' title='bbox 1501 1284 1681 1340; x_wconf 87' lang='lat' dir='ltr'><strong>lucem</strong></span> <span class='ocrx_word' id='word_1_96' title='bbox 1726 1284 2065 1350; x_wconf 85' lang='lat' dir='ltr'><strong>educuntur,</strong></span> 
     </span>
    </p>
   </div>
   <div class='ocr_carea' id='block_1_16' title="bbox 484 1369 2067 1447">
    <p class='ocr_par' dir='ltr' id='par_1_16' title="bbox 484 1369 2067 1447">
     <span class='ocr_line' id='line_1_16' title="bbox 484 1369 2067 1447; baseline 0.004 -23"><span class='ocrx_word' id='word_1_97' title='bbox 484 1369 581 1443; x_wconf 86' lang='lat' dir='ltr'><strong>qui</strong></span> <span class='ocrx_word' id='word_1_98' title='bbox 616 1380 792 1429; x_wconf 82' lang='lat' dir='ltr'><strong>morte</strong></span> <span class='ocrx_word' id='word_1_99' title='bbox 819 1374 1154 1430; x_wconf 83' lang='lat' dir='ltr'><strong>tenebantur</strong></span> <span class='ocrx_word' id='word_1_100' title='bbox 1184 1376 1413 1447; x_wconf 84' lang='lat' dir='ltr'><strong>captivi.</strong></span> <span class='ocrx_word' id='word_1_101' title='bbox 1445 1376 1602 1433; x_wconf 79' lang='lat' dir='ltr'><strong>Alias</strong></span> <span class='ocrx_word' id='word_1_102' title='bbox 1629 1377 1776 1433; x_wconf 89' lang='lat' dir='ltr'><strong>enim</strong></span> <span class='ocrx_word' id='word_1_103' title='bbox 1808 1375 1925 1433; x_wconf 80' lang='lat' dir='ltr'><strong>ﬁeri</strong></span> <span class='ocrx_word' id='word_1_104' title='bbox 1957 1391 2067 1431; x_wconf 87' lang='lat' dir='ltr'><strong>non</strong></span> 
     </span>
    </p>
   </div>
   <div class='ocr_carea' id='block_1_17' title="bbox 483 1469 2071 1542">
    <p class='ocr_par' dir='ltr' id='par_1_17' title="bbox 483 1469 2071 1542">
     <span class='ocr_line' id='line_1_17' title="bbox 483 1469 2071 1542; baseline 0.004 -23"><span class='ocrx_word' id='word_1_105' title='bbox 483 1473 693 1535; x_wconf 80' lang='lat' dir='ltr'><strong>potest,</strong></span> <span class='ocrx_word' id='word_1_106' title='bbox 730 1472 790 1521; x_wconf 92' lang='lat' dir='ltr'><strong>ut</strong></span> <span class='ocrx_word' id='word_1_107' title='bbox 817 1476 1155 1524; x_wconf 82' lang='lat' dir='ltr'><strong>revocentur</strong></span> <span class='ocrx_word' id='word_1_108' title='bbox 1186 1469 1277 1540; x_wconf 90' lang='lat' dir='ltr'><strong>qui</strong></span> <span class='ocrx_word' id='word_1_109' title='bbox 1312 1484 1486 1542; x_wconf 76' lang='lat' dir='ltr'><strong>regno</strong></span> <span class='ocrx_word' id='word_1_110' title='bbox 1528 1470 1726 1527; x_wconf 89' lang='lat' dir='ltr'><strong>mortis</strong></span> <span class='ocrx_word' id='word_1_111' title='bbox 1754 1469 2071 1541; x_wconf 86' lang='lat' dir='ltr'><strong>subjiciun-</strong></span> 
     </span>
    </p>
   </div>
   <div class='ocr_carea' id='block_1_18' title="bbox 486 1557 2065 1638">
    <p class='ocr_par' dir='ltr' id='par_1_18' title="bbox 486 1557 2065 1638">
     <span class='ocr_line' id='line_1_18' title="bbox 486 1557 2065 1638; baseline 0.005 -26"><span class='ocrx_word' id='word_1_112' title='bbox 486 1566 603 1623; x_wconf 89' lang='lat' dir='ltr'><strong>tur,</strong></span> <span class='ocrx_word' id='word_1_113' title='bbox 647 1557 751 1615; x_wconf 88' lang='lat' dir='ltr'><strong>nisi</strong></span> <span class='ocrx_word' id='word_1_114' title='bbox 788 1573 886 1632; x_wconf 79' lang='lat' dir='ltr'><strong>per</strong></span> <span class='ocrx_word' id='word_1_115' title='bbox 920 1560 1079 1616; x_wconf 89' lang='lat' dir='ltr'><strong>illum</strong></span> <span class='ocrx_word' id='word_1_116' title='bbox 1118 1563 1215 1634; x_wconf 90' lang='lat' dir='ltr'><strong>qui</strong></span> <span class='ocrx_word' id='word_1_117' title='bbox 1263 1565 1464 1620; x_wconf 85' lang='lat' dir='ltr'><strong>mortis</strong></span> <span class='ocrx_word' id='word_1_118' title='bbox 1507 1564 1789 1638; x_wconf 83' lang='lat' dir='ltr'><strong>particeps</strong></span> <span class='ocrx_word' id='word_1_119' title='bbox 1823 1563 2065 1631; x_wconf 83' lang='lat' dir='ltr'><strong>exstitit,</strong></span> 
     </span>
    </p>
   </div>
   <div class='ocr_carea' id='block_1_19' title="bbox 484 1648 1349 1726">
    <p class='ocr_par' dir='ltr' id='par_1_19' title="bbox 484 1648 1349 1726">
     <span class='ocr_line' id='line_1_19' title="bbox 484 1648 1349 1726; baseline 0.006 -19"><span class='ocrx_word' id='word_1_120' title='bbox 484 1648 649 1709; x_wconf 89' lang='lat' dir='ltr'><strong>nobis</strong></span> <span class='ocrx_word' id='word_1_121' title='bbox 677 1651 783 1709; x_wconf 88' lang='lat' dir='ltr'><strong>iter</strong></span> <span class='ocrx_word' id='word_1_122' title='bbox 807 1652 877 1709; x_wconf 88' lang='lat' dir='ltr'><strong>ad</strong></span> <span class='ocrx_word' id='word_1_123' title='bbox 907 1652 1075 1710; x_wconf 86' lang='lat' dir='ltr'><strong>vitam</strong></span> <span class='ocrx_word' id='word_1_124' title='bbox 1112 1655 1349 1726; x_wconf 87' lang='lat' dir='ltr'><strong>paravit.</strong></span> 
     </span>
    </p>
   </div>
   <div class='ocr_carea' id='block_1_20' title="bbox 554 1722 2139 1822">
    <p class='ocr_par' dir='ltr' id='par_1_20' title="bbox 554 1722 2139 1822">
     <span class='ocr_line' id='line_1_20' title="bbox 554 1722 2139 1822; baseline 0.003 -21"><span class='ocrx_word' id='word_1_125' title='bbox 554 1745 718 1817; x_wconf 78' lang='lat'><strong>207</strong></span> <span class='ocrx_word' id='word_1_126' title='bbox 741 1743 909 1801; x_wconf 73' lang='lat' dir='ltr'><strong>Vens.</strong></span> <span class='ocrx_word' id='word_1_127' title='bbox 933 1746 1022 1802; x_wconf 75' lang='grc'><strong>15.</strong></span> <span class='ocrx_word' id='word_1_128' title='bbox 1043 1765 1063 1800; x_wconf 82' lang='grc' dir='ltr'><strong>ι</strong></span> <span class='ocrx_word' id='word_1_129' title='bbox 1085 1722 1191 1815; x_wconf 59' lang='lat' dir='ltr'><strong>(iui</strong></span> <span class='ocrx_word' id='word_1_130' title='bbox 1219 1755 1305 1805; x_wconf 88' lang='lat' dir='ltr'><strong>est</strong></span> <span class='ocrx_word' id='word_1_131' title='bbox 1335 1751 1519 1822; x_wconf 72' lang='lat' dir='ltr'><strong>imago</strong></span> <span class='ocrx_word' id='word_1_132' title='bbox 1553 1749 1652 1808; x_wconf 89' lang='lat' dir='ltr'><strong>Dei</strong></span> <span class='ocrx_word' id='word_1_133' title='bbox 1687 1749 2011 1811; x_wconf 83' lang='lat' dir='ltr'><strong>invisibilis.</strong></span> <span class='ocrx_word' id='word_1_134' title='bbox 2038 1771 2060 1807; x_wconf 76' lang='grc' dir='ltr'><strong>ι</strong></span> <span class='ocrx_word' id='word_1_135' title='bbox 2094 1722 2139 1780; x_wconf 70' lang='grc' dir='ltr'>Β</span> 
     </span>
    </p>
   </div>
   <div class='ocr_carea' id='block_1_21' title="bbox 557 1837 2063 1916">
    <p class='ocr_par' dir='ltr' id='par_1_21' title="bbox 557 1837 2063 1916">
     <span class='ocr_line' id='line_1_21' title="bbox 557 1837 2063 1916; baseline 0.007 -23"><span class='ocrx_word' id='word_1_136' title='bbox 557 1837 764 1893; x_wconf 71' lang='lat' dir='ltr'><strong>Gratiae</strong></span> <span class='ocrx_word' id='word_1_137' title='bbox 816 1840 1102 1896; x_wconf 85' lang='lat' dir='ltr'><strong>enarratio</strong></span> <span class='ocrx_word' id='word_1_138' title='bbox 1151 1840 1220 1896; x_wconf 87' lang='lat' dir='ltr'><strong>ad</strong></span> <span class='ocrx_word' id='word_1_139' title='bbox 1254 1841 1594 1916; x_wconf 70' lang='lat' dir='ltr'><strong>theologiam</strong></span> <span class='ocrx_word' id='word_1_140' title='bbox 1632 1846 1895 1902; x_wconf 84' lang='lat' dir='ltr'><strong>recurrit.</strong></span> <span class='ocrx_word' id='word_1_141' title='bbox 1926 1844 2063 1903; x_wconf 86' lang='lat' dir='ltr'><strong>Nam</strong></span> 
     </span>
    </p>
   </div>
   <div class='ocr_carea' id='block_1_22' title="bbox 481 1929 2064 2007">
    <p class='ocr_par' dir='ltr' id='par_1_22' title="bbox 481 1929 2064 2007">
     <span class='ocr_line' id='line_1_22' title="bbox 481 1929 2064 2007; baseline 0.005 -22"><span class='ocrx_word' id='word_1_142' title='bbox 481 1943 551 1986; x_wconf 83' lang='lat' dir='ltr'><strong>ex</strong></span> <span class='ocrx_word' id='word_1_143' title='bbox 591 1929 915 2002; x_wconf 80' lang='lat' dir='ltr'><strong>Operatione</strong></span> <span class='ocrx_word' id='word_1_144' title='bbox 946 1946 1113 2003; x_wconf 90' lang='lat' dir='ltr'><strong>quam</strong></span> <span class='ocrx_word' id='word_1_145' title='bbox 1160 1934 1216 1988; x_wconf 91' lang='lat' dir='ltr'><strong>in</strong></span> <span class='ocrx_word' id='word_1_146' title='bbox 1246 1934 1487 1990; x_wconf 90' lang='lat' dir='ltr'><strong>adventu</strong></span> <span class='ocrx_word' id='word_1_147' title='bbox 1522 1951 1624 1993; x_wconf 90' lang='lat' dir='ltr'><strong>suo</strong></span> <span class='ocrx_word' id='word_1_148' title='bbox 1653 1939 1934 2007; x_wconf 61' lang='lat' dir='ltr'><strong>praestitit,</strong></span> <span class='ocrx_word' id='word_1_149' title='bbox 1968 1938 2064 1995; x_wconf 90' lang='lat' dir='ltr'><strong>Dei</strong></span> 
     </span>
    </p>
   </div>
   <div class='ocr_carea' id='block_1_23' title="bbox 481 2022 2057 2096">
    <p class='ocr_par' dir='ltr' id='par_1_23' title="bbox 481 2022 2057 2096">
     <span class='ocr_line' id='line_1_23' title="bbox 481 2022 2057 2096; baseline 0.006 -19"><span class='ocrx_word' id='word_1_150' title='bbox 481 2029 746 2077; x_wconf 87' lang='lat' dir='ltr'><strong>naturam</strong></span> <span class='ocrx_word' id='word_1_151' title='bbox 780 2022 1038 2078; x_wconf 82' lang='lat' dir='ltr'><strong>novimus</strong></span> <span class='ocrx_word' id='word_1_152' title='bbox 1069 2037 1194 2095; x_wconf 73' lang='lat' dir='ltr'><strong>qute</strong></span> <span class='ocrx_word' id='word_1_153' title='bbox 1222 2035 1351 2081; x_wconf 87' lang='lat' dir='ltr'><strong>ante</strong></span> <span class='ocrx_word' id='word_1_154' title='bbox 1400 2024 1581 2096; x_wconf 84' lang='lat' dir='ltr'><strong>ipsius</strong></span> <span class='ocrx_word' id='word_1_155' title='bbox 1619 2026 1923 2083; x_wconf 81' lang='lat' dir='ltr'><strong>adventum</strong></span> <span class='ocrx_word' id='word_1_156' title='bbox 1967 2044 2057 2085; x_wconf 80' lang='lat' dir='ltr'><strong>ex-</strong></span> 
     </span>
    </p>
   </div>
   <div class='ocr_carea' id='block_1_24' title="bbox 483 2113 2067 2188">
    <p class='ocr_par' dir='ltr' id='par_1_24' title="bbox 483 2113 2067 2188">
     <span class='ocr_line' id='line_1_24' title="bbox 483 2113 2067 2188; baseline 0.004 -18"><span class='ocrx_word' id='word_1_157' title='bbox 483 2113 693 2170; x_wconf 80' lang='lat' dir='ltr'><strong>stabat.</strong></span> <span class='ocrx_word' id='word_1_158' title='bbox 755 2113 849 2171; x_wconf 84' lang='lat' dir='ltr'><strong>Dei</strong></span> <span class='ocrx_word' id='word_1_159' title='bbox 903 2114 1176 2187; x_wconf 84' lang='lat' dir='ltr'><strong>siquidem</strong></span> <span class='ocrx_word' id='word_1_160' title='bbox 1208 2130 1351 2188; x_wconf 82' lang='lat' dir='ltr'><strong>Opus</strong></span> <span class='ocrx_word' id='word_1_161' title='bbox 1392 2125 1502 2185; x_wconf 89' lang='lat' dir='ltr'><strong>est,</strong></span> <span class='ocrx_word' id='word_1_162' title='bbox 1539 2119 1821 2175; x_wconf 75' lang='lat' dir='ltr'><strong>exstincta</strong></span> <span class='ocrx_word' id='word_1_163' title='bbox 1862 2128 2067 2188; x_wconf 87' lang='lat' dir='ltr'><strong>morte,</strong></span> 
     </span>
    </p>
   </div>
   <div class='ocr_carea' id='block_1_25' title="bbox 482 2205 2071 2283">
    <p class='ocr_par' dir='ltr' id='par_1_25' title="bbox 482 2205 2071 2283">
     <span class='ocr_line' id='line_1_25' title="bbox 482 2205 2071 2283; baseline 0.004 -21"><span class='ocrx_word' id='word_1_164' title='bbox 482 2221 589 2279; x_wconf 87' lang='lat' dir='ltr'><strong>pro</strong></span> <span class='ocrx_word' id='word_1_165' title='bbox 624 2221 689 2262; x_wconf 89' lang='lat' dir='ltr'><strong>ea</strong></span> <span class='ocrx_word' id='word_1_166' title='bbox 721 2205 894 2262; x_wconf 87' lang='lat' dir='ltr'><strong>vitam</strong></span> <span class='ocrx_word' id='word_1_167' title='bbox 940 2206 1187 2272; x_wconf 87' lang='lat' dir='ltr'><strong>restitui,</strong></span> <span class='ocrx_word' id='word_1_168' title='bbox 1239 2210 1625 2283; x_wconf 89' lang='lat' dir='ltr'><strong>mundumque</strong></span> <span class='ocrx_word' id='word_1_169' title='bbox 1654 2210 1724 2268; x_wconf 89' lang='lat' dir='ltr'><strong>ad</strong></span> <span class='ocrx_word' id='word_1_170' title='bbox 1756 2210 1929 2269; x_wconf 89' lang='lat' dir='ltr'><strong>Deum</strong></span> <span class='ocrx_word' id='word_1_171' title='bbox 1978 2227 2071 2269; x_wconf 82' lang='lat' dir='ltr'><strong>re-</strong></span> 
     </span>
    </p>
   </div>
   <div class='ocr_carea' id='block_1_26' title="bbox 484 2298 2072 2376">
    <p class='ocr_par' dir='ltr' id='par_1_26' title="bbox 484 2298 2072 2376">
     <span class='ocr_line' id='line_1_26' title="bbox 484 2298 2072 2376; baseline 0.008 -25"><span class='ocrx_word' id='word_1_172' title='bbox 484 2301 697 2356; x_wconf 89' lang='lat' dir='ltr'><strong>vocari.</strong></span> <span class='ocrx_word' id='word_1_173' title='bbox 735 2298 864 2357; x_wconf 83' lang='lat' dir='ltr'><strong>ideo</strong></span> <span class='ocrx_word' id='word_1_174' title='bbox 890 2299 1065 2358; x_wconf 84' lang='lat' dir='ltr'><strong>dicit:</strong></span> <span class='ocrx_word' id='word_1_175' title='bbox 1093 2302 1186 2374; x_wconf 85' lang='lat' dir='ltr'><strong>qui</strong></span> <span class='ocrx_word' id='word_1_176' title='bbox 1215 2312 1294 2358; x_wconf 81' lang='lat' dir='ltr'><strong>est</strong></span> <span class='ocrx_word' id='word_1_177' title='bbox 1335 2302 1514 2376; x_wconf 79' lang='lat' dir='ltr'><strong>imago</strong></span> <span class='ocrx_word' id='word_1_178' title='bbox 1536 2305 1640 2360; x_wconf 88' lang='lat' dir='ltr'><strong>Dei</strong></span> <span class='ocrx_word' id='word_1_179' title='bbox 1667 2304 1977 2373; x_wconf 77' lang='lat' dir='ltr'><strong>invisibilis,</strong></span> <span class='ocrx_word' id='word_1_180' title='bbox 2013 2316 2072 2364; x_wconf 89' lang='lat' dir='ltr'><strong>ut</strong></span> 
     </span>
    </p>
   </div>
   <div class='ocr_carea' id='block_1_27' title="bbox 486 2391 2073 2469">
    <p class='ocr_par' dir='ltr' id='par_1_27' title="bbox 486 2391 2073 2469">
     <span class='ocr_line' id='line_1_27' title="bbox 486 2391 2073 2469; baseline 0.004 -21"><span class='ocrx_word' id='word_1_181' title='bbox 486 2401 763 2449; x_wconf 90' lang='lat' dir='ltr'><strong>monstret</strong></span> <span class='ocrx_word' id='word_1_182' title='bbox 796 2391 945 2450; x_wconf 84' lang='lat' dir='ltr'><strong>hune</strong></span> <span class='ocrx_word' id='word_1_183' title='bbox 968 2408 1096 2451; x_wconf 88' lang='lat' dir='ltr'><strong>esse</strong></span> <span class='ocrx_word' id='word_1_184' title='bbox 1141 2393 1338 2457; x_wconf 86' lang='lat' dir='ltr'><strong>Deum.</strong></span> <span class='ocrx_word' id='word_1_185' title='bbox 1372 2411 1477 2452; x_wconf 91' lang='lat' dir='ltr'><strong>nec</strong></span> <span class='ocrx_word' id='word_1_186' title='bbox 1517 2405 1700 2453; x_wconf 90' lang='lat' dir='ltr'><strong>tamen</strong></span> <span class='ocrx_word' id='word_1_187' title='bbox 1735 2398 1919 2469; x_wconf 89' lang='lat' dir='ltr'><strong>ipsum</strong></span> <span class='ocrx_word' id='word_1_188' title='bbox 1946 2413 2073 2455; x_wconf 86' lang='lat' dir='ltr'><strong>esse</strong></span> 
     </span>
    </p>
   </div>
   <div class='ocr_carea' id='block_1_28' title="bbox 486 2483 2073 2562">
    <p class='ocr_par' dir='ltr' id='par_1_28' title="bbox 486 2483 2073 2562">
     <span class='ocr_line' id='line_1_28' title="bbox 486 2483 2073 2562; baseline 0.004 -22"><span class='ocrx_word' id='word_1_189' title='bbox 486 2483 732 2554; x_wconf 86' lang='lat' dir='ltr'><strong>Patrem,</strong></span> <span class='ocrx_word' id='word_1_190' title='bbox 773 2485 871 2544; x_wconf 90' lang='lat' dir='ltr'><strong>sed</strong></span> <span class='ocrx_word' id='word_1_191' title='bbox 907 2485 1205 2559; x_wconf 73' lang='lat' dir='ltr'><strong>imaginem</strong></span> <span class='ocrx_word' id='word_1_192' title='bbox 1237 2486 1460 2557; x_wconf 83' lang='lat' dir='ltr'><strong>Patris;</strong></span> <span class='ocrx_word' id='word_1_193' title='bbox 1497 2489 1704 2562; x_wconf 86' lang='lat' dir='ltr'><strong>quippe</strong></span> <span class='ocrx_word' id='word_1_194' title='bbox 1742 2490 1837 2562; x_wconf 90' lang='lat' dir='ltr'><strong>qui</strong></span> <span class='ocrx_word' id='word_1_195' title='bbox 1870 2490 2073 2547; x_wconf 79' lang='lat' dir='ltr'><strong>habeat</strong></span> 
     </span>
    </p>
   </div>
   <div class='ocr_carea' id='block_1_29' title="bbox 486 2576 1992 2653">
    <p class='ocr_par' dir='ltr' id='par_1_29' title="bbox 486 2576 1992 2653">
     <span class='ocr_line' id='line_1_29' title="bbox 486 2576 1992 2653; baseline 0.004 -20"><span class='ocrx_word' id='word_1_196' title='bbox 486 2586 550 2633; x_wconf 88' lang='lat' dir='ltr'><strong>ut</strong></span> <span class='ocrx_word' id='word_1_197' title='bbox 577 2576 720 2638; x_wconf 79' lang='lat' dir='ltr'><strong>idem</strong></span> <span class='ocrx_word' id='word_1_198' title='bbox 758 2576 833 2636; x_wconf 86' lang='lat' dir='ltr'><strong>sit</strong></span> <span class='ocrx_word' id='word_1_199' title='bbox 864 2591 929 2635; x_wconf 86' lang='lat' dir='ltr'><strong>ac</strong></span> <span class='ocrx_word' id='word_1_200' title='bbox 952 2578 1065 2647; x_wconf 88' lang='lat' dir='ltr'><strong>ille,</strong></span> <span class='ocrx_word' id='word_1_201' title='bbox 1084 2594 1211 2635; x_wconf 88' lang='lat' dir='ltr'><strong>cum</strong></span> <span class='ocrx_word' id='word_1_202' title='bbox 1241 2579 1462 2637; x_wconf 86' lang='lat' dir='ltr'><strong>interim</strong></span> <span class='ocrx_word' id='word_1_203' title='bbox 1497 2580 1617 2653; x_wconf 88' lang='lat' dir='ltr'><strong>ipse</strong></span> <span class='ocrx_word' id='word_1_204' title='bbox 1640 2598 1751 2640; x_wconf 85' lang='lat' dir='ltr'><strong>non</strong></span> <span class='ocrx_word' id='word_1_205' title='bbox 1780 2582 1872 2641; x_wconf 89' lang='lat' dir='ltr'><strong>ille</strong></span> <span class='ocrx_word' id='word_1_206' title='bbox 1899 2584 1992 2641; x_wconf 84' lang='lat' dir='ltr'><strong>sit.</strong></span> 
     </span>
    </p>
   </div>
   <div class='ocr_carea' id='block_1_30' title="bbox 561 2756 2072 2836">
    <p class='ocr_par' dir='ltr' id='par_1_30' title="bbox 561 2756 2072 2836">
     <span class='ocr_line' id='line_1_30' title="bbox 561 2756 2072 2836; baseline 0.006 -25"><span class='ocrx_word' id='word_1_207' title='bbox 561 2775 582 2810; x_wconf 76' lang='grc' dir='ltr'><strong>ι</strong></span> <span class='ocrx_word' id='word_1_208' title='bbox 638 2756 1047 2831; x_wconf 73' lang='lat' dir='ltr'><strong>Primogenitus</strong></span> <span class='ocrx_word' id='word_1_209' title='bbox 1094 2759 1277 2818; x_wconf 87' lang='lat' dir='ltr'><strong>omnis</strong></span> <span class='ocrx_word' id='word_1_210' title='bbox 1324 2767 1625 2827; x_wconf 55' lang='lat' dir='ltr'><strong>creaturae;</strong></span> <span class='ocrx_word' id='word_1_211' title='bbox 1659 2760 1852 2835; x_wconf 65' lang='grc' dir='ltr'>[νεεδ.</span> <span class='ocrx_word' id='word_1_212' title='bbox 1882 2762 1947 2818; x_wconf 74' lang='grc'><strong>16</strong></span> <span class='ocrx_word' id='word_1_213' title='bbox 1979 2762 2072 2836; x_wconf 73' lang='grc'><strong>18]</strong></span> 
     </span>
    </p>
   </div>
   <div class='ocr_carea' id='block_1_31' title="bbox 486 2850 2071 2927">
    <p class='ocr_par' dir='ltr' id='par_1_31' title="bbox 486 2850 2071 2927">
     <span class='ocr_line' id='line_1_31' title="bbox 486 2850 2071 2927; baseline 0.001 -18"><span class='ocrx_word' id='word_1_214' title='bbox 486 2851 747 2926; x_wconf 88' lang='lat' dir='ltr'><strong>quoniam</strong></span> <span class='ocrx_word' id='word_1_215' title='bbox 792 2850 849 2907; x_wconf 88' lang='lat' dir='ltr'><strong>in</strong></span> <span class='ocrx_word' id='word_1_216' title='bbox 901 2851 1025 2923; x_wconf 85' lang='lat' dir='ltr'><strong>ipso</strong></span> <span class='ocrx_word' id='word_1_217' title='bbox 1075 2852 1298 2909; x_wconf 83' lang='lat' dir='ltr'><strong>condita</strong></span> <span class='ocrx_word' id='word_1_218' title='bbox 1351 2864 1483 2911; x_wconf 88' lang='lat' dir='ltr'><strong>sunt</strong></span> <span class='ocrx_word' id='word_1_219' title='bbox 1529 2855 1791 2912; x_wconf 87' lang='lat' dir='ltr'><strong>universa</strong></span> <span class='ocrx_word' id='word_1_220' title='bbox 1845 2870 1967 2927; x_wconf 75' lang='lat' dir='ltr'><strong>qua:</strong></span> <span class='ocrx_word' id='word_1_221' title='bbox 2014 2858 2071 2911; x_wconf 91' lang='lat' dir='ltr'><strong>in</strong></span> 
     </span>
    </p>
   </div>
   <div class='ocr_carea' id='block_1_32' title="bbox 485 2940 2063 3014">
    <p class='ocr_par' dir='ltr' id='par_1_32' title="bbox 485 2940 2063 3014">
     <span class='ocr_line' id='line_1_32' title="bbox 485 2940 2063 3014; baseline 0.003 -15"><span class='ocrx_word' id='word_1_222' title='bbox 485 2942 643 2999; x_wconf 71' lang='lat' dir='ltr'><strong>caelis</strong></span> <span class='ocrx_word' id='word_1_223' title='bbox 680 2950 733 2998; x_wconf 87' lang='lat' dir='ltr'><strong>et</strong></span> <span class='ocrx_word' id='word_1_224' title='bbox 751 2956 874 3014; x_wconf 65' lang='lat' dir='ltr'><strong>qua</strong></span> <span class='ocrx_word' id='word_1_225' title='bbox 902 2940 958 2999; x_wconf 88' lang='lat' dir='ltr'><strong>in</strong></span> <span class='ocrx_word' id='word_1_226' title='bbox 991 2951 1155 3011; x_wconf 88' lang='lat' dir='ltr'><strong>terra,</strong></span> <span class='ocrx_word' id='word_1_227' title='bbox 1188 2943 1425 3000; x_wconf 78' lang='lat' dir='ltr'><strong>visibilis</strong></span> <span class='ocrx_word' id='word_1_228' title='bbox 1456 2954 1511 3000; x_wconf 92' lang='lat' dir='ltr'><strong>et</strong></span> <span class='ocrx_word' id='word_1_229' title='bbox 1546 2945 1866 3009; x_wconf 85' lang='lat' dir='ltr'><strong>invisibilia,</strong></span> <span class='ocrx_word' id='word_1_230' title='bbox 1943 2947 2063 3004; x_wconf 82' lang='lat' dir='ltr'><strong>sive</strong></span> 
     </span>
    </p>
   </div>
   <div class='ocr_carea' id='block_1_33' title="bbox 2166 444 3745 521">
    <p class='ocr_par' dir='ltr' id='par_1_33' title="bbox 2166 444 3745 521">
     <span class='ocr_line' id='line_1_33' title="bbox 2166 444 3745 521; baseline -0.003 -18"><span class='ocrx_word' id='word_1_231' title='bbox 2166 449 2380 519; x_wconf 79' lang='grc' dir='ltr'>γόντες,</span> <span class='ocrx_word' id='word_1_232' title='bbox 2415 451 2522 505; x_wconf 86' lang='grc' dir='ltr'>ὑπὸ</span> <span class='ocrx_word' id='word_1_233' title='bbox 2544 449 2644 521; x_wconf 79' lang='grc' dir='ltr'>τὴν</span> <span class='ocrx_word' id='word_1_234' title='bbox 2670 448 2955 521; x_wconf 84' lang='grc' dir='ltr'>βασιλείαν</span> <span class='ocrx_word' id='word_1_235' title='bbox 2982 445 3342 504; x_wconf 76' lang='grc' dir='ltr'><strong>καθίστανται</strong></span> <span class='ocrx_word' id='word_1_236' title='bbox 3365 445 3461 501; x_wconf 84' lang='grc' dir='ltr'><strong>τοῦ</strong></span> <span class='ocrx_word' id='word_1_237' title='bbox 3492 444 3650 512; x_wconf 82' lang='grc' dir='ltr'>Υίοῦ,</span> <span class='ocrx_word' id='word_1_238' title='bbox 3678 445 3745 499; x_wconf 81' lang='grc' dir='ltr'><strong>δι’</strong></span> 
     </span>
    </p>
   </div>
   <div class='ocr_carea' id='block_1_34' title="bbox 2164 532 3748 614">
    <p class='ocr_par' dir='ltr' id='par_1_34' title="bbox 2164 532 3748 614">
     <span class='ocr_line' id='line_1_34' title="bbox 2164 532 3748 614; baseline -0.004 -17"><span class='ocrx_word' id='word_1_239' title='bbox 2164 532 2229 597; x_wconf 77' lang='grc' dir='ltr'><strong>οὗ</strong></span> <span class='ocrx_word' id='word_1_240' title='bbox 2264 541 2712 614; x_wconf 76' lang='grc' dir='ltr'>ὲπανατρὲχομεν</span> <span class='ocrx_word' id='word_1_241' title='bbox 2756 542 2851 595; x_wconf 73' lang='grc' dir='ltr'><strong>ἐπὶ</strong></span> <span class='ocrx_word' id='word_1_242' title='bbox 2888 539 2987 613; x_wconf 81' lang='grc' dir='ltr'>τὴν</span> <span class='ocrx_word' id='word_1_243' title='bbox 3031 539 3126 593; x_wconf 84' lang='grc' dir='ltr'><strong>τοῦ</strong></span> <span class='ocrx_word' id='word_1_244' title='bbox 3174 537 3393 610; x_wconf 87' lang='grc' dir='ltr'>Πατρὸς</span> <span class='ocrx_word' id='word_1_245' title='bbox 3450 534 3748 609; x_wconf 75' lang='grc' dir='ltr'>βασιλείαν.</span> 
     </span>
    </p>
   </div>
   <div class='ocr_carea' id='block_1_35' title="bbox 2182 629 3747 705">
    <p class='ocr_par' dir='ltr' id='par_1_35' title="bbox 2182 629 3747 705">
     <span class='ocr_line' id='line_1_35' title="bbox 2182 629 3747 705; baseline -0.006 -16"><span class='ocrx_word' id='word_1_246' title='bbox 2182 633 2401 705; x_wconf 80' lang='grc' dir='ltr'><strong>Ἐπειδὴ</strong></span> <span class='ocrx_word' id='word_1_247' title='bbox 2433 634 2491 689; x_wconf 85' lang='grc' dir='ltr'>δὲ</span> <span class='ocrx_word' id='word_1_248' title='bbox 2507 634 2610 704; x_wconf 79' lang='grc' dir='ltr'>τῆς</span> <span class='ocrx_word' id='word_1_249' title='bbox 2637 633 2779 689; x_wconf 82' lang='grc' dir='ltr'>κατὰ</span> <span class='ocrx_word' id='word_1_250' title='bbox 2806 634 2990 705; x_wconf 81' lang='grc' dir='ltr'><strong>σάρκα</strong></span> <span class='ocrx_word' id='word_1_251' title='bbox 3016 630 3333 703; x_wconf 76' lang='grc' dir='ltr'><strong>οἰκονομίας</strong></span> <span class='ocrx_word' id='word_1_252' title='bbox 3362 629 3435 684; x_wconf 80' lang='grc' dir='ltr'>τὰ</span> <span class='ocrx_word' id='word_1_253' title='bbox 3457 629 3747 701; x_wconf 82' lang='grc' dir='ltr'>λεγόμενα,</span> 
     </span>
    </p>
   </div>
   <div class='ocr_carea' id='block_1_36' title="bbox 2168 720 3749 797">
    <p class='ocr_par' dir='ltr' id='par_1_36' title="bbox 2168 720 3749 797">
     <span class='ocr_line' id='line_1_36' title="bbox 2168 720 3749 797; baseline -0.004 -14"><span class='ocrx_word' id='word_1_254' title='bbox 2168 728 2256 783; x_wconf 79' lang='grc' dir='ltr'><strong>διὰ</strong></span> <span class='ocrx_word' id='word_1_255' title='bbox 2281 728 2440 783; x_wconf 89' lang='grc' dir='ltr'>τοῦτο</span> <span class='ocrx_word' id='word_1_256' title='bbox 2469 727 2691 797; x_wconf 85' lang='grc' dir='ltr'>λέγεται</span> <span class='ocrx_word' id='word_1_257' title='bbox 2745 726 2878 795; x_wconf 78' lang='grc' dir='ltr'>Υἱὸς</span> <span class='ocrx_word' id='word_1_258' title='bbox 2912 725 3024 797; x_wconf 77' lang='grc' dir='ltr'>τῆς</span> <span class='ocrx_word' id='word_1_259' title='bbox 3060 724 3301 795; x_wconf 78' lang='grc' dir='ltr'><strong>ἀγάπης</strong></span> <span class='ocrx_word' id='word_1_260' title='bbox 3344 722 3455 778; x_wconf 83' lang='grc' dir='ltr'><strong>τοῦ</strong></span> <span class='ocrx_word' id='word_1_261' title='bbox 3490 720 3749 790; x_wconf 71' lang='grc' dir='ltr'>Πατρός.</span> 
     </span>
    </p>
   </div>
   <div class='ocr_carea' id='block_1_37' title="bbox 2170 812 3752 894">
    <p class='ocr_par' dir='ltr' id='par_1_37' title="bbox 2170 812 3752 894">
     <span class='ocr_line' id='line_1_37' title="bbox 2170 812 3752 894; baseline -0.008 -17"><span class='ocrx_word' id='word_1_262' title='bbox 2170 821 2294 877; x_wconf 68' lang='grc' dir='ltr'>ἀντὶ</span> <span class='ocrx_word' id='word_1_263' title='bbox 2319 820 2625 894; x_wconf 80' lang='grc' dir='ltr'>ἀνθρώπων</span> <span class='ocrx_word' id='word_1_264' title='bbox 2640 822 2739 875; x_wconf 77' lang='grc' dir='ltr'>καὶ</span> <span class='ocrx_word' id='word_1_265' title='bbox 2764 819 2905 891; x_wconf 79' lang='grc' dir='ltr'>ὑπὲρ</span> <span class='ocrx_word' id='word_1_266' title='bbox 2928 818 3026 878; x_wconf 81' lang='grc' dir='ltr'><strong>ἀνθ</strong></span> <span class='ocrx_word' id='word_1_267' title='bbox 3037 819 3234 890; x_wconf 76' lang='grc' dir='ltr'>ρώπων</span> <span class='ocrx_word' id='word_1_268' title='bbox 3254 814 3591 888; x_wconf 68' lang='grc' dir='ltr'>ἀγαπηθελς.</span> <span class='ocrx_word' id='word_1_269' title='bbox 3614 812 3752 867; x_wconf 80' lang='grc' dir='ltr'>κατὰ</span> 
     </span>
    </p>
   </div>
   <div class='ocr_carea' id='block_1_38' title="bbox 2170 905 3752 987">
    <p class='ocr_par' dir='ltr' id='par_1_38' title="bbox 2170 905 3752 987">
     <span class='ocr_line' id='line_1_38' title="bbox 2170 905 3752 987; baseline -0.006 -19"><span class='ocrx_word' id='word_1_270' title='bbox 2170 914 2269 987; x_wconf 81' lang='grc' dir='ltr'>τὴν</span> <span class='ocrx_word' id='word_1_271' title='bbox 2297 916 2355 969; x_wconf 88' lang='grc' dir='ltr'>ὲν</span> <span class='ocrx_word' id='word_1_272' title='bbox 2384 911 2699 986; x_wconf 85' lang='grc' dir='ltr'>ἀνθρώποις</span> <span class='ocrx_word' id='word_1_273' title='bbox 2728 911 3112 985; x_wconf 80' lang='grc' dir='ltr'>λειτουργικὴν</span> <span class='ocrx_word' id='word_1_274' title='bbox 3130 909 3415 982; x_wconf 67' lang='grc' dir='ltr'>ἐνέργειαν</span> <span class='ocrx_word' id='word_1_275' title='bbox 3433 923 3449 941; x_wconf 76' lang='grc' dir='ltr'><strong>ο</strong></span> <span class='ocrx_word' id='word_1_276' title='bbox 3486 908 3583 961; x_wconf 79' lang='grc' dir='ltr'>καὶ</span> <span class='ocrx_word' id='word_1_277' title='bbox 3616 905 3752 959; x_wconf 76' lang='grc' dir='ltr'>κατὰ</span> 
     </span>
    </p>
   </div>
   <div class='ocr_carea' id='block_1_39' title="bbox 2170 999 3751 1079">
    <p class='ocr_par' dir='ltr' id='par_1_39' title="bbox 2170 999 3751 1079">
     <span class='ocr_line' id='line_1_39' title="bbox 2170 999 3751 1079; baseline -0.006 -19"><span class='ocrx_word' id='word_1_278' title='bbox 2170 1010 2269 1078; x_wconf 82' lang='grc' dir='ltr'>τὴν</span> <span class='ocrx_word' id='word_1_279' title='bbox 2298 1006 2395 1061; x_wconf 86' lang='grc' dir='ltr'><strong>τοῦ</strong></span> <span class='ocrx_word' id='word_1_280' title='bbox 2442 1006 2632 1062; x_wconf 83' lang='grc' dir='ltr'>δούλου</span> <span class='ocrx_word' id='word_1_281' title='bbox 2686 1005 2907 1079; x_wconf 83' lang='grc' dir='ltr'>μορφὴν</span> <span class='ocrx_word' id='word_1_282' title='bbox 2958 1002 3259 1077; x_wconf 84' lang='grc' dir='ltr'><strong>πληρώσας</strong></span> <span class='ocrx_word' id='word_1_283' title='bbox 3288 1001 3360 1055; x_wconf 83' lang='grc' dir='ltr'><strong>τὰ</strong></span> <span class='ocrx_word' id='word_1_284' title='bbox 3390 999 3496 1055; x_wconf 75' lang='grc' dir='ltr'>ὑπὸ</span> <span class='ocrx_word' id='word_1_285' title='bbox 3545 999 3751 1067; x_wconf 79' lang='grc' dir='ltr'>κόσμου</span> 
     </span>
    </p>
   </div>
   <div class='ocr_carea' id='block_1_40' title="bbox 2172 1089 3754 1172">
    <p class='ocr_par' dir='ltr' id='par_1_40' title="bbox 2172 1089 3754 1172">
     <span class='ocr_line' id='line_1_40' title="bbox 2172 1089 3754 1172; baseline -0.008 -18"><span class='ocrx_word' id='word_1_286' title='bbox 2172 1099 2554 1172; x_wconf 78' lang='grc' dir='ltr'>ὲλλειπόμενα.</span> <span class='ocrx_word' id='word_1_287' title='bbox 2586 1100 2694 1155; x_wconf 76' lang='grc' dir='ltr'><strong>Καὶ</strong></span> <span class='ocrx_word' id='word_1_288' title='bbox 2718 1098 2818 1154; x_wconf 81' lang='grc' dir='ltr'>διὰ</span> <span class='ocrx_word' id='word_1_289' title='bbox 2843 1097 2950 1154; x_wconf 86' lang='grc' dir='ltr'><strong>τοῦ</strong></span> <span class='ocrx_word' id='word_1_290' title='bbox 2981 1097 3234 1168; x_wconf 83' lang='grc' dir='ltr'>αἵματος</span> <span class='ocrx_word' id='word_1_291' title='bbox 3266 1092 3437 1149; x_wconf 82' lang='grc' dir='ltr'>αὐτοῦ</span> <span class='ocrx_word' id='word_1_292' title='bbox 3468 1092 3622 1160; x_wconf 81' lang='grc' dir='ltr'><strong>λέγει</strong></span> <span class='ocrx_word' id='word_1_293' title='bbox 3661 1089 3754 1162; x_wconf 82' lang='grc' dir='ltr'>τὴν</span> 
     </span>
    </p>
   </div>
   <div class='ocr_carea' id='block_1_41' title="bbox 2171 1178 3755 1265">
    <p class='ocr_par' dir='ltr' id='par_1_41' title="bbox 2171 1178 3755 1265">
     <span class='ocr_line' id='line_1_41' title="bbox 2171 1178 3755 1265; baseline -0.008 -17"><span class='ocrx_word' id='word_1_294' title='bbox 2171 1192 2573 1265; x_wconf 80' lang='grc' dir='ltr'><strong>ἀπολύτρωσιν.</strong></span> <span class='ocrx_word' id='word_1_295' title='bbox 2604 1190 2819 1264; x_wconf 81' lang='grc' dir='ltr'>Δύτρου</span> <span class='ocrx_word' id='word_1_296' title='bbox 2850 1191 2961 1263; x_wconf 83' lang='grc' dir='ltr'>γὰρ</span> <span class='ocrx_word' id='word_1_297' title='bbox 2991 1189 3139 1262; x_wconf 84' lang='grc' dir='ltr'>λόγῳ</span> <span class='ocrx_word' id='word_1_298' title='bbox 3164 1187 3376 1242; x_wconf 83' lang='grc' dir='ltr'>δέδοται</span> <span class='ocrx_word' id='word_1_299' title='bbox 3406 1185 3467 1241; x_wconf 80' lang='grc' dir='ltr'><strong>τὸ</strong></span> <span class='ocrx_word' id='word_1_300' title='bbox 3495 1178 3640 1256; x_wconf 72' lang='grc' dir='ltr'>αἷμα</span> <span class='ocrx_word' id='word_1_301' title='bbox 3661 1180 3755 1236; x_wconf 81' lang='grc' dir='ltr'><strong>τοῦ</strong></span> 
     </span>
    </p>
   </div>
   <div class='ocr_carea' id='block_1_42' title="bbox 2170 1276 3756 1357">
    <p class='ocr_par' dir='ltr' id='par_1_42' title="bbox 2170 1276 3756 1357">
     <span class='ocr_line' id='line_1_42' title="bbox 2170 1276 3756 1357; baseline -0.008 -16"><span class='ocrx_word' id='word_1_302' title='bbox 2170 1285 2382 1357; x_wconf 79' lang='grc' dir='ltr'><strong>Κυρίου</strong></span> <span class='ocrx_word' id='word_1_303' title='bbox 2404 1326 2419 1349; x_wconf 92' lang='grc'><strong>,</strong></span> <span class='ocrx_word' id='word_1_304' title='bbox 2447 1285 2643 1356; x_wconf 77' lang='grc' dir='ltr'>ἐξάγον</span> <span class='ocrx_word' id='word_1_305' title='bbox 2667 1286 2794 1347; x_wconf 80' lang='grc' dir='ltr'>τοὺς</span> <span class='ocrx_word' id='word_1_306' title='bbox 2846 1282 2952 1339; x_wconf 81' lang='grc' dir='ltr'>ὑπὸ</span> <span class='ocrx_word' id='word_1_307' title='bbox 2988 1282 3226 1337; x_wconf 81' lang='grc' dir='ltr'>θανάτου</span> <span class='ocrx_word' id='word_1_308' title='bbox 3261 1276 3654 1353; x_wconf 75' lang='grc' dir='ltr'><strong>αἰχμαλώτους</strong></span> <span class='ocrx_word' id='word_1_309' title='bbox 3680 1276 3756 1341; x_wconf 84' lang='grc' dir='ltr'><strong>είς</strong></span> 
     </span>
    </p>
   </div>
   <div class='ocr_carea' id='block_1_43' title="bbox 2172 1369 3755 1451">
    <p class='ocr_par' dir='ltr' id='par_1_43' title="bbox 2172 1369 3755 1451">
     <span class='ocr_line' id='line_1_43' title="bbox 2172 1369 3755 1451; baseline -0.006 -19"><span class='ocrx_word' id='word_1_310' title='bbox 2172 1376 2320 1451; x_wconf 80' lang='grc' dir='ltr'>ζωήν</span> <span class='ocrx_word' id='word_1_311' title='bbox 2341 1394 2356 1410; x_wconf 77' lang='grc' dir='ltr'><strong><em>ο</em></strong></span> <span class='ocrx_word' id='word_1_312' title='bbox 2388 1378 2470 1433; x_wconf 82' lang='grc' dir='ltr'>ὅτι</span> <span class='ocrx_word' id='word_1_313' title='bbox 2505 1378 2605 1450; x_wconf 83' lang='grc' dir='ltr'><strong>οὐχ</strong></span> <span class='ocrx_word' id='word_1_314' title='bbox 2632 1377 2836 1451; x_wconf 79' lang='grc' dir='ltr'><strong>ἑτέρως</strong></span> <span class='ocrx_word' id='word_1_315' title='bbox 2874 1371 2987 1431; x_wconf 78' lang='grc' dir='ltr'>οἷόν</span> <span class='ocrx_word' id='word_1_316' title='bbox 3015 1392 3076 1429; x_wconf 87' lang='grc' dir='ltr'><strong>τε</strong></span> <span class='ocrx_word' id='word_1_317' title='bbox 3115 1369 3184 1447; x_wconf 84' lang='grc' dir='ltr'>ἦν</span> <span class='ocrx_word' id='word_1_318' title='bbox 3214 1370 3600 1443; x_wconf 71' lang='grc' dir='ltr'>ἐπαναχθῆναι</span> <span class='ocrx_word' id='word_1_319' title='bbox 3634 1369 3755 1433; x_wconf 80' lang='grc' dir='ltr'>τοὺς</span> 
     </span>
    </p>
   </div>
   <div class='ocr_carea' id='block_1_44' title="bbox 2171 1463 3758 1545">
    <p class='ocr_par' dir='ltr' id='par_1_44' title="bbox 2171 1463 3758 1545">
     <span class='ocr_line' id='line_1_44' title="bbox 2171 1463 3758 1545; baseline -0.006 -19"><span class='ocrx_word' id='word_1_320' title='bbox 2171 1472 2279 1526; x_wconf 82' lang='grc' dir='ltr'>ὑπὸ</span> <span class='ocrx_word' id='word_1_321' title='bbox 2304 1471 2402 1545; x_wconf 78' lang='grc' dir='ltr'>τὴν</span> <span class='ocrx_word' id='word_1_322' title='bbox 2433 1471 2527 1526; x_wconf 89' lang='grc' dir='ltr'><strong>τοῦ</strong></span> <span class='ocrx_word' id='word_1_323' title='bbox 2558 1471 2792 1527; x_wconf 83' lang='grc' dir='ltr'>θανάτου</span> <span class='ocrx_word' id='word_1_324' title='bbox 2820 1467 3122 1542; x_wconf 84' lang='grc' dir='ltr'>βασιλείαν,</span> <span class='ocrx_word' id='word_1_325' title='bbox 3170 1468 3205 1541; x_wconf 72' lang='grc' dir='ltr'>ἢ</span> <span class='ocrx_word' id='word_1_326' title='bbox 3237 1466 3337 1521; x_wconf 73' lang='grc' dir='ltr'>διὰ</span> <span class='ocrx_word' id='word_1_327' title='bbox 3364 1464 3461 1519; x_wconf 87' lang='grc' dir='ltr'><strong>τοῦ</strong></span> <span class='ocrx_word' id='word_1_328' title='bbox 3493 1463 3758 1533; x_wconf 78' lang='grc' dir='ltr'>κοινωνή-</span> 
     </span>
    </p>
   </div>
   <div class='ocr_carea' id='block_1_45' title="bbox 2175 1555 3690 1637">
    <p class='ocr_par' dir='ltr' id='par_1_45' title="bbox 2175 1555 3690 1637">
     <span class='ocr_line' id='line_1_45' title="bbox 2175 1555 3690 1637; baseline -0.006 -17"><span class='ocrx_word' id='word_1_329' title='bbox 2175 1580 2370 1631; x_wconf 86' lang='grc' dir='ltr'>σαντος</span> <span class='ocrx_word' id='word_1_330' title='bbox 2400 1566 2539 1637; x_wconf 77' lang='grc' dir='ltr'>ἡμῖν</span> <span class='ocrx_word' id='word_1_331' title='bbox 2572 1564 2811 1637; x_wconf 83' lang='grc' dir='ltr'><strong>Θανάτῳ,</strong></span> <span class='ocrx_word' id='word_1_332' title='bbox 2844 1562 2944 1619; x_wconf 66' lang='grc' dir='ltr'>καὶ</span> <span class='ocrx_word' id='word_1_333' title='bbox 2981 1560 3308 1635; x_wconf 84' lang='grc' dir='ltr'>ὁδηγοῦντος</span> <span class='ocrx_word' id='word_1_334' title='bbox 3333 1559 3483 1632; x_wconf 76' lang='grc' dir='ltr'>ἡμᾶς</span> <span class='ocrx_word' id='word_1_335' title='bbox 3517 1555 3690 1628; x_wconf 77' lang='grc' dir='ltr'>ζωήν.</span> 
     </span>
    </p>
   </div>
   <div class='ocr_carea' id='block_1_46' title="bbox 2247 1740 3541 1814">
    <p class='ocr_par' dir='ltr' id='par_1_46' title="bbox 2247 1740 3541 1814">
     <span class='ocr_line' id='line_1_46' title="bbox 2247 1740 3541 1814; baseline -0.006 -13"><span class='ocrx_word' id='word_1_336' title='bbox 2247 1768 2265 1801; x_wconf 79' lang='grc' dir='ltr'><strong>ι</strong></span> <span class='ocrx_word' id='word_1_337' title='bbox 2308 1748 2409 1812; x_wconf 76' lang='grc' dir='ltr'><strong>’Ὃς</strong></span> <span class='ocrx_word' id='word_1_338' title='bbox 2437 1747 2586 1801; x_wconf 75' lang='grc' dir='ltr'>ἐστιν</span> <span class='ocrx_word' id='word_1_339' title='bbox 2609 1743 2777 1802; x_wconf 77' lang='grc' dir='ltr'>εἰκὼν</span> <span class='ocrx_word' id='word_1_340' title='bbox 2808 1745 2905 1801; x_wconf 84' lang='grc' dir='ltr'><strong>τοῦ</strong></span> <span class='ocrx_word' id='word_1_341' title='bbox 2931 1741 3071 1800; x_wconf 91' lang='grc' dir='ltr'>Θεοῦ</span> <span class='ocrx_word' id='word_1_342' title='bbox 3098 1741 3196 1798; x_wconf 88' lang='grc' dir='ltr'><strong>τοῦ</strong></span> <span class='ocrx_word' id='word_1_343' title='bbox 3218 1740 3482 1814; x_wconf 80' lang='grc' dir='ltr'>ἀοράτου.</span> <span class='ocrx_word' id='word_1_344' title='bbox 3519 1759 3541 1793; x_wconf 71' lang='grc' dir='ltr'><strong>ι</strong></span> 
     </span>
    </p>
   </div>
   <div class='ocr_carea' id='block_1_47' title="bbox 2253 1834 3759 1917">
    <p class='ocr_par' dir='ltr' id='par_1_47' title="bbox 2253 1834 3759 1917">
     <span class='ocr_line' id='line_1_47' title="bbox 2253 1834 3759 1917; baseline -0.01 -16"><span class='ocrx_word' id='word_1_345' title='bbox 2253 1846 2321 1901; x_wconf 84' lang='grc' dir='ltr'><strong><em>Ἦ</em></strong></span> <span class='ocrx_word' id='word_1_346' title='bbox 2350 1845 2451 1917; x_wconf 83' lang='grc' dir='ltr'>τῆς</span> <span class='ocrx_word' id='word_1_347' title='bbox 2493 1844 2722 1917; x_wconf 81' lang='grc' dir='ltr'>χάριτος</span> <span class='ocrx_word' id='word_1_348' title='bbox 2752 1841 3017 1916; x_wconf 76' lang='grc' dir='ltr'><strong>ἐξήγησις</strong></span> <span class='ocrx_word' id='word_1_349' title='bbox 3054 1841 3136 1904; x_wconf 78' lang='grc' dir='ltr'><strong>εἰς</strong></span> <span class='ocrx_word' id='word_1_350' title='bbox 3163 1837 3266 1912; x_wconf 77' lang='grc' dir='ltr'>τὴν</span> <span class='ocrx_word' id='word_1_351' title='bbox 3308 1835 3602 1904; x_wconf 81' lang='grc' dir='ltr'>Θεολογῐαν</span> <span class='ocrx_word' id='word_1_352' title='bbox 3630 1834 3759 1889; x_wconf 69' lang='grc' dir='ltr'>ἀναα-</span> 
     </span>
    </p>
   </div>
   <div class='ocr_carea' id='block_1_48' title="bbox 2172 1923 3762 2011">
    <p class='ocr_par' dir='ltr' id='par_1_48' title="bbox 2172 1923 3762 2011">
     <span class='ocr_line' id='line_1_48' title="bbox 2172 1923 3762 2011; baseline -0.01 -18"><span class='ocrx_word' id='word_1_353' title='bbox 2172 1936 2379 2011; x_wconf 82' lang='grc' dir='ltr'>τρέχει.</span> <span class='ocrx_word' id='word_1_354' title='bbox 2398 1937 2533 1991; x_wconf 82' lang='grc' dir='ltr'><strong>Ἀπὸ</strong></span> <span class='ocrx_word' id='word_1_355' title='bbox 2564 1935 2675 2007; x_wconf 82' lang='grc' dir='ltr'><strong>γὰρ</strong></span> <span class='ocrx_word' id='word_1_356' title='bbox 2698 1934 2798 2008; x_wconf 77' lang='grc' dir='ltr'>τῆς</span> <span class='ocrx_word' id='word_1_357' title='bbox 2824 1932 3109 2005; x_wconf 77' lang='grc' dir='ltr'>ἐνεργείας</span> <span class='ocrx_word' id='word_1_358' title='bbox 3144 1929 3245 2000; x_wconf 82' lang='grc' dir='ltr'><strong>τῆς</strong></span> <span class='ocrx_word' id='word_1_359' title='bbox 3292 1928 3353 1983; x_wconf 70' lang='grc' dir='ltr'>ἐν</span> <span class='ocrx_word' id='word_1_360' title='bbox 3382 1930 3451 1999; x_wconf 77' lang='grc' dir='ltr'>τῇ</span> <span class='ocrx_word' id='word_1_361' title='bbox 3484 1923 3762 1999; x_wconf 72' lang='grc' dir='ltr'>παρουσία</span> 
     </span>
    </p>
   </div>
   <div class='ocr_carea' id='block_1_49' title="bbox 2168 2018 3761 2101">
    <p class='ocr_par' dir='ltr' id='par_1_49' title="bbox 2168 2018 3761 2101">
     <span class='ocr_line' id='line_1_49' title="bbox 2168 2018 3761 2101; baseline -0.009 -16"><span class='ocrx_word' id='word_1_362' title='bbox 2168 2027 2515 2101; x_wconf 72' lang='grc' dir='ltr'>γινώσκομεν</span> <span class='ocrx_word' id='word_1_363' title='bbox 2540 2027 2640 2098; x_wconf 79' lang='grc' dir='ltr'>τὴν</span> <span class='ocrx_word' id='word_1_364' title='bbox 2676 2024 2772 2081; x_wconf 87' lang='grc' dir='ltr'><strong>τοῦ</strong></span> <span class='ocrx_word' id='word_1_365' title='bbox 2819 2022 2956 2079; x_wconf 84' lang='grc' dir='ltr'><strong>Θεοῦ</strong></span> <span class='ocrx_word' id='word_1_366' title='bbox 2985 2022 3178 2077; x_wconf 81' lang='grc' dir='ltr'>οὐσίαν</span> <span class='ocrx_word' id='word_1_367' title='bbox 3209 2022 3311 2091; x_wconf 78' lang='grc' dir='ltr'>τὴν</span> <span class='ocrx_word' id='word_1_368' title='bbox 3340 2020 3449 2091; x_wconf 86' lang='grc' dir='ltr'><strong>πρὸ</strong></span> <span class='ocrx_word' id='word_1_369' title='bbox 3482 2018 3590 2090; x_wconf 80' lang='grc' dir='ltr'>τῆς</span> <span class='ocrx_word' id='word_1_370' title='bbox 3623 2033 3761 2087; x_wconf 83' lang='grc' dir='ltr'>πσρ-</span> 
     </span>
    </p>
   </div>
   <div class='ocr_carea' id='block_1_50' title="bbox 2168 2108 3771 2194">
    <p class='ocr_par' dir='ltr' id='par_1_50' title="bbox 2168 2108 3771 2194">
     <span class='ocr_line' id='line_1_50' title="bbox 2168 2108 3771 2194; baseline -0.009 -17"><span class='ocrx_word' id='word_1_371' title='bbox 2168 2121 2379 2194; x_wconf 85' lang='grc' dir='ltr'>ουσίας.</span> <span class='ocrx_word' id='word_1_372' title='bbox 2435 2118 2573 2175; x_wconf 85' lang='grc' dir='ltr'>Θεοῦ</span> <span class='ocrx_word' id='word_1_373' title='bbox 2617 2118 2728 2191; x_wconf 84' lang='grc' dir='ltr'><strong>γὰρ</strong></span> <span class='ocrx_word' id='word_1_374' title='bbox 2779 2117 2975 2191; x_wconf 75' lang='grc' dir='ltr'>ἔργον,</span> <span class='ocrx_word' id='word_1_375' title='bbox 3025 2115 3089 2170; x_wconf 90' lang='grc' dir='ltr'><strong>τὸ</strong></span> <span class='ocrx_word' id='word_1_376' title='bbox 3123 2113 3315 2168; x_wconf 75' lang='grc' dir='ltr'>σϐέσαι</span> <span class='ocrx_word' id='word_1_377' title='bbox 3347 2112 3623 2174; x_wconf 75' lang='grc' dir='ltr'>Θάνατον,</span> <span class='ocrx_word' id='word_1_378' title='bbox 3671 2108 3771 2163; x_wconf 71' lang='grc' dir='ltr'><strong>καὶ⁸</strong></span> 
     </span>
    </p>
   </div>
   <div class='ocr_carea' id='block_1_51' title="bbox 2172 2202 3762 2288">
    <p class='ocr_par' dir='ltr' id='par_1_51' title="bbox 2172 2202 3762 2288">
     <span class='ocr_line' id='line_1_51' title="bbox 2172 2202 3762 2288; baseline -0.01 -17"><span class='ocrx_word' id='word_1_379' title='bbox 2172 2214 2321 2288; x_wconf 78' lang='grc' dir='ltr'>ζωὴν</span> <span class='ocrx_word' id='word_1_380' title='bbox 2370 2215 2840 2282; x_wconf 77' lang='grc' dir='ltr'>ἀντικαταστῆσαι</span> <span class='ocrx_word' id='word_1_381' title='bbox 2873 2250 2890 2275; x_wconf 88' lang='grc'><strong>,</strong></span> <span class='ocrx_word' id='word_1_382' title='bbox 2941 2208 3041 2264; x_wconf 72' lang='grc' dir='ltr'>καὶ</span> <span class='ocrx_word' id='word_1_383' title='bbox 3088 2208 3183 2263; x_wconf 86' lang='grc' dir='ltr'><strong>τὸν</strong></span> <span class='ocrx_word' id='word_1_384' title='bbox 3238 2208 3447 2278; x_wconf 82' lang='grc' dir='ltr'>κόσμον</span> <span class='ocrx_word' id='word_1_385' title='bbox 3494 2206 3581 2268; x_wconf 69' lang='grc' dir='ltr'><strong>εἰς</strong></span> <span class='ocrx_word' id='word_1_386' title='bbox 3634 2202 3762 2257; x_wconf 90' lang='grc' dir='ltr'>Θεὸν</span> 
     </span>
    </p>
   </div>
   <div class='ocr_carea' id='block_1_52' title="bbox 2171 2292 3761 2377">
    <p class='ocr_par' dir='ltr' id='par_1_52' title="bbox 2171 2292 3761 2377">
     <span class='ocr_line' id='line_1_52' title="bbox 2171 2292 3761 2377; baseline -0.01 -13"><span class='ocrx_word' id='word_1_387' title='bbox 2171 2307 2562 2377; x_wconf 78' lang='grc' dir='ltr'>ἐπαναγαγεῖν.</span> <span class='ocrx_word' id='word_1_388' title='bbox 2598 2304 2700 2358; x_wconf 78' lang='grc' dir='ltr'>Διὰ</span> <span class='ocrx_word' id='word_1_389' title='bbox 2729 2302 2890 2358; x_wconf 87' lang='grc' dir='ltr'>τοῦτο</span> <span class='ocrx_word' id='word_1_390' title='bbox 2920 2301 3098 2371; x_wconf 76' lang='grc' dir='ltr'>λέγει’</span> <span class='ocrx_word' id='word_1_391' title='bbox 3133 2300 3238 2365; x_wconf 82' lang='grc' dir='ltr'>Ὄς</span> <span class='ocrx_word' id='word_1_392' title='bbox 3256 2298 3430 2353; x_wconf 75' lang='grc' dir='ltr'>ἐστιν</span> <span class='ocrx_word' id='word_1_393' title='bbox 3453 2295 3639 2352; x_wconf 71' lang='grc' dir='ltr'><strong>δικὼν</strong></span> <span class='ocrx_word' id='word_1_394' title='bbox 3660 2292 3761 2349; x_wconf 84' lang='grc' dir='ltr'><strong>τοῦ</strong></span> 
     </span>
    </p>
   </div>
   <div class='ocr_carea' id='block_1_53' title="bbox 2175 2384 3761 2467">
    <p class='ocr_par' dir='ltr' id='par_1_53' title="bbox 2175 2384 3761 2467">
     <span class='ocr_line' id='line_1_53' title="bbox 2175 2384 3761 2467; baseline -0.014 -9"><span class='ocrx_word' id='word_1_395' title='bbox 2175 2399 2324 2458; x_wconf 84' lang='grc' dir='ltr'>Θεοῦ</span> <span class='ocrx_word' id='word_1_396' title='bbox 2353 2398 2459 2456; x_wconf 82' lang='grc' dir='ltr'><strong>τοῦ</strong></span> <span class='ocrx_word' id='word_1_397' title='bbox 2482 2396 2766 2467; x_wconf 77' lang='grc' dir='ltr'>ἀοράτου,</span> <span class='ocrx_word' id='word_1_398' title='bbox 2791 2394 2881 2449; x_wconf 80' lang='grc' dir='ltr'><strong>ἵνα</strong></span> <span class='ocrx_word' id='word_1_399' title='bbox 2913 2393 3010 2449; x_wconf 80' lang='grc' dir='ltr'>καὶ</span> <span class='ocrx_word' id='word_1_400' title='bbox 3046 2394 3131 2447; x_wconf 85' lang='grc' dir='ltr'>ὃτι</span> <span class='ocrx_word' id='word_1_401' title='bbox 3163 2391 3280 2446; x_wconf 74' lang='grc' dir='ltr'>ἔστι</span> <span class='ocrx_word' id='word_1_402' title='bbox 3311 2388 3467 2456; x_wconf 83' lang='grc' dir='ltr'>Θεὸς,</span> <span class='ocrx_word' id='word_1_403' title='bbox 3493 2384 3761 2458; x_wconf 73' lang='grc' dir='ltr'>ἐπιδείξῃ,</span> 
     </span>
    </p>
   </div>
   <div class='ocr_carea' id='block_1_54' title="bbox 2172 2478 3761 2561">
    <p class='ocr_par' dir='ltr' id='par_1_54' title="bbox 2172 2478 3761 2561">
     <span class='ocr_line' id='line_1_54' title="bbox 2172 2478 3761 2561; baseline -0.011 -13"><span class='ocrx_word' id='word_1_404' title='bbox 2172 2492 2270 2548; x_wconf 72' lang='grc' dir='ltr'>καὶ</span> <span class='ocrx_word' id='word_1_405' title='bbox 2322 2492 2405 2547; x_wconf 84' lang='grc' dir='ltr'>ὃτι</span> <span class='ocrx_word' id='word_1_406' title='bbox 2442 2490 2564 2561; x_wconf 76' lang='grc' dir='ltr'><strong>οὐχὶ</strong></span> <span class='ocrx_word' id='word_1_407' title='bbox 2594 2492 2623 2542; x_wconf 84' lang='grc' dir='ltr'>ὁ</span> <span class='ocrx_word' id='word_1_408' title='bbox 2667 2488 2858 2560; x_wconf 70' lang='grc' dir='ltr'>Πατὴρ</span> <span class='ocrx_word' id='word_1_409' title='bbox 2895 2486 3097 2553; x_wconf 83' lang='grc' dir='ltr'>αὐτὸς,</span> <span class='ocrx_word' id='word_1_410' title='bbox 3143 2483 3259 2541; x_wconf 77' lang='grc' dir='ltr'>ἀλλ’</span> <span class='ocrx_word' id='word_1_411' title='bbox 3308 2479 3475 2537; x_wconf 74' lang='grc' dir='ltr'>εἰκὼν</span> <span class='ocrx_word' id='word_1_412' title='bbox 3510 2478 3614 2534; x_wconf 82' lang='grc' dir='ltr'><strong>τοῦ</strong></span> <span class='ocrx_word' id='word_1_413' title='bbox 3657 2480 3761 2534; x_wconf 82' lang='grc' dir='ltr'><strong>Πα-</strong></span> 
     </span>
    </p>
   </div>
   <div class='ocr_carea' id='block_1_55' title="bbox 2172 2568 3762 2657">
    <p class='ocr_par' dir='ltr' id='par_1_55' title="bbox 2172 2568 3762 2657">
     <span class='ocr_line' id='line_1_55' title="bbox 2172 2568 3762 2657; baseline -0.009 -17"><span class='ocrx_word' id='word_1_414' title='bbox 2172 2585 2323 2657; x_wconf 85' lang='grc' dir='ltr'>τρὸς,</span> <span class='ocrx_word' id='word_1_415' title='bbox 2378 2581 2691 2654; x_wconf 83' lang='grc' dir='ltr'>ταυτότητα</span> <span class='ocrx_word' id='word_1_416' title='bbox 2745 2580 2885 2654; x_wconf 74' lang='grc' dir='ltr'>ἔχων</span> <span class='ocrx_word' id='word_1_417' title='bbox 2932 2577 3069 2652; x_wconf 86' lang='grc' dir='ltr'>πρὸς</span> <span class='ocrx_word' id='word_1_418' title='bbox 3121 2575 3317 2643; x_wconf 80' lang='grc' dir='ltr'>αὐτὸν,</span> <span class='ocrx_word' id='word_1_419' title='bbox 3365 2573 3469 2630; x_wconf 82' lang='grc' dir='ltr'>οὐκ</span> <span class='ocrx_word' id='word_1_420' title='bbox 3498 2571 3669 2636; x_wconf 76' lang='grc' dir='ltr'>αὐτὸς</span> <span class='ocrx_word' id='word_1_421' title='bbox 3691 2568 3762 2625; x_wconf 83' lang='grc' dir='ltr'>ὣν</span> 
     </span>
    </p>
   </div>
   <div class='ocr_carea' id='block_1_56' title="bbox 2174 2679 2400 2742">
    <p class='ocr_par' dir='ltr' id='par_1_56' title="bbox 2174 2679 2400 2742">
     <span class='ocr_line' id='line_1_56' title="bbox 2174 2679 2400 2742; baseline -0.013 -8"><span class='ocrx_word' id='word_1_422' title='bbox 2174 2679 2400 2742; x_wconf 74' lang='grc' dir='ltr'>ἐκεῖνος.</span> 
     </span>
    </p>
   </div>
   <div class='ocr_carea' id='block_1_57' title="bbox 2250 2758 3759 2843">
    <p class='ocr_par' dir='ltr' id='par_1_57' title="bbox 2250 2758 3759 2843">
     <span class='ocr_line' id='line_1_57' title="bbox 2250 2758 3759 2843; baseline -0.009 -18"><span class='ocrx_word' id='word_1_423' title='bbox 2250 2791 2270 2824; x_wconf 80' lang='grc' dir='ltr'><strong>ι</strong></span> <span class='ocrx_word' id='word_1_424' title='bbox 2297 2769 2647 2843; x_wconf 83' lang='grc' dir='ltr'>Πρωτότοκος</span> <span class='ocrx_word' id='word_1_425' title='bbox 2670 2767 2857 2839; x_wconf 78' lang='grc' dir='ltr'>πάσης</span> <span class='ocrx_word' id='word_1_426' title='bbox 2886 2764 3142 2833; x_wconf 81' lang='grc' dir='ltr'>κτίσεως,</span> <span class='ocrx_word' id='word_1_427' title='bbox 3160 2766 3246 2820; x_wconf 81' lang='grc' dir='ltr'><strong>ὅτι</strong></span> <span class='ocrx_word' id='word_1_428' title='bbox 3270 2762 3331 2818; x_wconf 73' lang='grc' dir='ltr'>ὲν</span> <span class='ocrx_word' id='word_1_429' title='bbox 3359 2760 3509 2835; x_wconf 80' lang='grc' dir='ltr'>αὐτῷ</span> <span class='ocrx_word' id='word_1_430' title='bbox 3540 2758 3759 2829; x_wconf 72' lang='grc' dir='ltr'>ἐκτίσθη</span> 
     </span>
    </p>
   </div>
   <div class='ocr_carea' id='block_1_58' title="bbox 2171 2852 3770 2933">
    <p class='ocr_par' dir='ltr' id='par_1_58' title="bbox 2171 2852 3770 2933">
     <span class='ocr_line' id='line_1_58' title="bbox 2171 2852 3770 2933; baseline -0.008 -14"><span class='ocrx_word' id='word_1_431' title='bbox 2171 2866 2241 2919; x_wconf 81' lang='grc' dir='ltr'><strong>τὰ</strong></span> <span class='ocrx_word' id='word_1_432' title='bbox 2279 2864 2458 2919; x_wconf 82' lang='grc' dir='ltr'>πάντα</span> <span class='ocrx_word' id='word_1_433' title='bbox 2484 2863 2554 2917; x_wconf 82' lang='grc' dir='ltr'><strong>τὰ</strong></span> <span class='ocrx_word' id='word_1_434' title='bbox 2580 2864 2638 2917; x_wconf 82' lang='grc' dir='ltr'>ὲν</span> <span class='ocrx_word' id='word_1_435' title='bbox 2676 2862 2791 2926; x_wconf 81' lang='grc' dir='ltr'>τοῖς</span> <span class='ocrx_word' id='word_1_436' title='bbox 2817 2860 3092 2933; x_wconf 80' lang='grc' dir='ltr'>οὐρανοῖς,</span> <span class='ocrx_word' id='word_1_437' title='bbox 3128 2856 3227 2913; x_wconf 70' lang='grc' dir='ltr'>καὶ</span> <span class='ocrx_word' id='word_1_438' title='bbox 3251 2854 3325 2912; x_wconf 80' lang='grc' dir='ltr'>τὰ</span> <span class='ocrx_word' id='word_1_439' title='bbox 3358 2855 3453 2911; x_wconf 69' lang='grc' dir='ltr'><strong>ἐπὶ</strong></span> <span class='ocrx_word' id='word_1_440' title='bbox 3494 2854 3602 2925; x_wconf 84' lang='grc' dir='ltr'>τῆς</span> <span class='ocrx_word' id='word_1_441' title='bbox 3638 2852 3770 2921; x_wconf 61' lang='grc' dir='ltr'>γῆς.</span> 
     </span>
    </p>
   </div>
   <div class='ocr_carea' id='block_1_59' title="bbox 2175 2945 3772 3028">
    <p class='ocr_par' dir='ltr' id='par_1_59' title="bbox 2175 2945 3772 3028">
     <span class='ocr_line' id='line_1_59' title="bbox 2175 2945 3772 3028; baseline -0.008 -17"><span class='ocrx_word' id='word_1_442' title='bbox 2175 2960 2242 3011; x_wconf 72' lang='grc' dir='ltr'>τὰ</span> <span class='ocrx_word' id='word_1_443' title='bbox 2274 2954 2448 3028; x_wconf 79' lang='grc' dir='ltr'>ὁρατὰ</span> <span class='ocrx_word' id='word_1_444' title='bbox 2478 2954 2575 3010; x_wconf 68' lang='grc' dir='ltr'><strong>καὶ</strong></span> <span class='ocrx_word' id='word_1_445' title='bbox 2602 2954 2673 3009; x_wconf 82' lang='grc' dir='ltr'>τὰ</span> <span class='ocrx_word' id='word_1_446' title='bbox 2701 2953 2933 3026; x_wconf 82' lang='grc' dir='ltr'>ἀόρατα,</span> <span class='ocrx_word' id='word_1_447' title='bbox 2952 2952 3066 3007; x_wconf 75' lang='grc' dir='ltr'>εἴτε</span> <span class='ocrx_word' id='word_1_448' title='bbox 3095 2949 3311 3024; x_wconf 80' lang='grc' dir='ltr'>Θρόνοι,</span> <span class='ocrx_word' id='word_1_449' title='bbox 3348 2949 3461 3003; x_wconf 75' lang='grc' dir='ltr'>εἴτε</span> <span class='ocrx_word' id='word_1_450' title='bbox 3488 2945 3772 3017; x_wconf 71' lang='grc' dir='ltr'>κυριότησι</span> 
     </span>
    </p>
   </div>
   <div class='ocr_carea' id='block_1_60' title="bbox 486 3032 2074 3138">
    <p class='ocr_par' dir='ltr' id='par_1_60' title="bbox 486 3032 2069 3109">
     <span class='ocr_line' id='line_1_60' title="bbox 486 3032 2069 3109; baseline 0.003 -18"><span class='ocrx_word' id='word_1_451' title='bbox 486 3032 721 3105; x_wconf 82' lang='lat' dir='ltr'><strong>Throni,</strong></span> <span class='ocrx_word' id='word_1_452' title='bbox 761 3036 880 3094; x_wconf 84' lang='lat' dir='ltr'><strong>sive</strong></span> <span class='ocrx_word' id='word_1_453' title='bbox 906 3036 1341 3104; x_wconf 74' lang='lat' dir='ltr'><strong>nominationes,</strong></span> <span class='ocrx_word' id='word_1_454' title='bbox 1395 3038 1513 3093; x_wconf 83' lang='lat' dir='ltr'><strong>sive</strong></span> <span class='ocrx_word' id='word_1_455' title='bbox 1541 3036 1916 3109; x_wconf 84' lang='lat' dir='ltr'><strong>Principatus,</strong></span> <span class='ocrx_word' id='word_1_456' title='bbox 1950 3039 2069 3096; x_wconf 88' lang='lat' dir='ltr'><strong>sive</strong></span> 
     </span>
    </p>
   </div>
   <div class='ocr_carea' id='block_1_61' title="bbox 2186 3032 3777 3138">
    <p class='ocr_par' dir='ltr' id='par_1_61' title="bbox 2186 3037 3777 3138">
     <span class='ocr_line' id='line_1_61' title="bbox 2186 3037 3777 3138; baseline -0.008 -34"><span class='ocrx_word' id='word_1_457' title='bbox 2186 3068 2284 3115; x_wconf 74' lang='grc' dir='ltr'>τες,</span> <span class='ocrx_word' id='word_1_458' title='bbox 2308 3049 2419 3104; x_wconf 81' lang='grc' dir='ltr'>εἴτε</span> <span class='ocrx_word' id='word_1_459' title='bbox 2444 3049 2499 3102; x_wconf 79' lang='grc' dir='ltr'><strong>’Δ</strong></span> <span class='ocrx_word' id='word_1_460' title='bbox 2511 3048 2659 3120; x_wconf 72' lang='grc' dir='ltr'>ρχαὶ,</span> <span class='ocrx_word' id='word_1_461' title='bbox 2686 3048 2798 3101; x_wconf 78' lang='grc' dir='ltr'>εἴτε</span> <span class='ocrx_word' id='word_1_462' title='bbox 2825 3044 3119 3113; x_wconf 71' lang='grc' dir='ltr'>Ἐεουσίαισ</span> <span class='ocrx_word' id='word_1_463' title='bbox 3142 3042 3214 3138; x_wconf 61' lang='grc' dir='ltr'>τὰ</span> <span class='ocrx_word' id='word_1_464' title='bbox 3245 3042 3428 3099; x_wconf 81' lang='grc' dir='ltr'>πάντα</span> <span class='ocrx_word' id='word_1_465' title='bbox 3458 3040 3529 3095; x_wconf 86' lang='grc' dir='ltr'><strong>δι’</strong></span> <span class='ocrx_word' id='word_1_466' title='bbox 3556 3037 3721 3094; x_wconf 81' lang='grc' dir='ltr'>αὐτοῦ</span> <span class='ocrx_word' id='word_1_467' title='bbox 3744 3062 3777 3102; x_wconf 65' lang='grc' dir='ltr'><strong>,ι</strong></span> 
     </span>
    </p>
   </div>
   <div class='ocr_carea' id='block_1_62' title="bbox 485 3129 852 3189">
    <p class='ocr_par' dir='ltr' id='par_1_62' title="bbox 485 3129 852 3189">
     <span class='ocr_line' id='line_1_62' title="bbox 485 3129 852 3189; baseline 0 -2"><span class='ocrx_word' id='word_1_468' title='bbox 485 3129 790 3189; x_wconf 85' lang='lat' dir='ltr'><strong>Potestates</strong></span> <span class='ocrx_word' id='word_1_469' title='bbox 836 3149 852 3187; x_wconf 88' lang='lat'><strong>:</strong></span> 
     </span>
    </p>
   </div>
   <div class='ocr_carea' id='block_1_63' title="bbox 486 3223 1427 3296">
    <p class='ocr_par' dir='ltr' id='par_1_63' title="bbox 486 3223 1427 3296">
     <span class='ocr_line' id='line_1_63' title="bbox 486 3223 1427 3296; baseline -0.002 -16"><span class='ocrx_word' id='word_1_470' title='bbox 486 3232 639 3290; x_wconf 79' lang='lat' dir='ltr'><strong>sunt,</strong></span> <span class='ocrx_word' id='word_1_471' title='bbox 674 3233 729 3280; x_wconf 90' lang='lat' dir='ltr'><strong>et</strong></span> <span class='ocrx_word' id='word_1_472' title='bbox 759 3224 878 3296; x_wconf 86' lang='lat' dir='ltr'><strong>ipse</strong></span> <span class='ocrx_word' id='word_1_473' title='bbox 918 3233 1001 3279; x_wconf 91' lang='lat' dir='ltr'><strong>est</strong></span> <span class='ocrx_word' id='word_1_474' title='bbox 1033 3232 1161 3279; x_wconf 89' lang='lat' dir='ltr'><strong>aute</strong></span> <span class='ocrx_word' id='word_1_475' title='bbox 1184 3223 1427 3281; x_wconf 63' lang='lat' dir='ltr'><strong>omnia.»</strong></span> 
     </span>
    </p>
   </div>
   <div class='ocr_carea' id='block_1_64' title="bbox 562 3315 2073 3389">
    <p class='ocr_par' dir='ltr' id='par_1_64' title="bbox 562 3315 2073 3389">
     <span class='ocr_line' id='line_1_64' title="bbox 562 3315 2073 3389; baseline 0.003 -17"><span class='ocrx_word' id='word_1_476' title='bbox 562 3315 786 3374; x_wconf 80' lang='lat' dir='ltr'><strong>Videsis</strong></span> <span class='ocrx_word' id='word_1_477' title='bbox 814 3317 1095 3389; x_wconf 88' lang='lat' dir='ltr'><strong>quomodo</strong></span> <span class='ocrx_word' id='word_1_478' title='bbox 1146 3317 1299 3374; x_wconf 88' lang='lat' dir='ltr'><strong>illius</strong></span> <span class='ocrx_word' id='word_1_479' title='bbox 1327 3319 1494 3374; x_wconf 80' lang='lat' dir='ltr'><strong>etiam</strong></span> <span class='ocrx_word' id='word_1_480' title='bbox 1531 3318 1880 3376; x_wconf 88' lang='lat' dir='ltr'><strong>nativitatem</strong></span> <span class='ocrx_word' id='word_1_481' title='bbox 1912 3330 2073 3377; x_wconf 61' lang='lat' dir='ltr'><strong>aeter-</strong></span> 
     </span>
    </p>
   </div>
   <div class='ocr_carea' id='block_1_65' title="bbox 489 3408 2092 3481">
    <p class='ocr_par' dir='ltr' id='par_1_65' title="bbox 489 3408 2092 3481">
     <span class='ocr_line' id='line_1_65' title="bbox 489 3408 2092 3481; baseline 0.003 -15"><span class='ocrx_word' id='word_1_482' title='bbox 489 3423 619 3466; x_wconf 85' lang='lat' dir='ltr'><strong>nam</strong></span> <span class='ocrx_word' id='word_1_483' title='bbox 648 3425 713 3465; x_wconf 82' lang='lat' dir='ltr'><strong>ex</strong></span> <span class='ocrx_word' id='word_1_484' title='bbox 746 3408 909 3465; x_wconf 86' lang='lat' dir='ltr'><strong>Patre</strong></span> <span class='ocrx_word' id='word_1_485' title='bbox 946 3409 1233 3480; x_wconf 67' lang='lat' dir='ltr'><strong>praedicat,</strong></span> <span class='ocrx_word' id='word_1_486' title='bbox 1296 3424 1537 3481; x_wconf 89' lang='lat' dir='ltr'><strong>eumque</strong></span> <span class='ocrx_word' id='word_1_487' title='bbox 1587 3426 1617 3465; x_wconf 91' lang='lat' dir='ltr'><strong>a</strong></span> <span class='ocrx_word' id='word_1_488' title='bbox 1670 3411 1839 3468; x_wconf 84' lang='lat' dir='ltr'><strong>rebus</strong></span> <span class='ocrx_word' id='word_1_489' title='bbox 1870 3413 2092 3471; x_wconf 21' lang='lat' dir='ltr'><strong>creatis.</strong></span> 
     </span>
    </p>
   </div>
   <div class='ocr_carea' id='block_1_66' title="bbox 491 3502 2075 3576">
    <p class='ocr_par' dir='ltr' id='par_1_66' title="bbox 491 3502 2075 3576">
     <span class='ocr_line' id='line_1_66' title="bbox 491 3502 2075 3576; baseline 0.002 -16"><span class='ocrx_word' id='word_1_490' title='bbox 491 3503 756 3571; x_wconf 85' lang='lat' dir='ltr'><strong>secernit,</strong></span> <span class='ocrx_word' id='word_1_491' title='bbox 794 3502 926 3559; x_wconf 91' lang='lat' dir='ltr'><strong>dum</strong></span> <span class='ocrx_word' id='word_1_492' title='bbox 960 3503 1059 3569; x_wconf 87' lang='lat' dir='ltr'><strong>ait,</strong></span> <span class='ocrx_word' id='word_1_493' title='bbox 1087 3504 1143 3557; x_wconf 87' lang='lat' dir='ltr'><strong>in</strong></span> <span class='ocrx_word' id='word_1_494' title='bbox 1171 3503 1288 3575; x_wconf 83' lang='lat' dir='ltr'><strong>ipso</strong></span> <span class='ocrx_word' id='word_1_495' title='bbox 1321 3514 1501 3559; x_wconf 71' lang='lat' dir='ltr'><strong>creata</strong></span> <span class='ocrx_word' id='word_1_496' title='bbox 1545 3521 1661 3561; x_wconf 76' lang='lat' dir='ltr'><strong>esse</strong></span> <span class='ocrx_word' id='word_1_497' title='bbox 1686 3506 1887 3562; x_wconf 83' lang='lat' dir='ltr'><strong>omnia.</strong></span> <span class='ocrx_word' id='word_1_498' title='bbox 1916 3506 2075 3576; x_wconf 84' lang='lat' dir='ltr'><strong>Quod</strong></span> 
     </span>
    </p>
   </div>
   <div class='ocr_carea' id='block_1_67' title="bbox 492 3596 2070 3669">
    <p class='ocr_par' dir='ltr' id='par_1_67' title="bbox 492 3596 2070 3669">
     <span class='ocr_line' id='line_1_67' title="bbox 492 3596 2070 3669; baseline 0.001 -16"><span class='ocrx_word' id='word_1_499' title='bbox 492 3597 541 3653; x_wconf 85' lang='lat' dir='ltr'><strong>si</strong></span> <span class='ocrx_word' id='word_1_500' title='bbox 572 3596 774 3653; x_wconf 79' lang='lat' dir='ltr'><strong>fratres</strong></span> <span class='ocrx_word' id='word_1_501' title='bbox 814 3596 906 3652; x_wconf 89' lang='lat' dir='ltr'><strong>alii</strong></span> <span class='ocrx_word' id='word_1_502' title='bbox 957 3603 1161 3667; x_wconf 72' lang='lat' dir='ltr'><strong>praeter</strong></span> <span class='ocrx_word' id='word_1_503' title='bbox 1211 3596 1361 3653; x_wconf 89' lang='lat' dir='ltr'><strong>hunc</strong></span> <span class='ocrx_word' id='word_1_504' title='bbox 1409 3597 1647 3667; x_wconf 87' lang='lat' dir='ltr'><strong>primum</strong></span> <span class='ocrx_word' id='word_1_505' title='bbox 1696 3600 2070 3669; x_wconf 80' lang='lat' dir='ltr'><strong>exstitissent,</strong></span> 
     </span>
    </p>
   </div>
   <div class='ocr_carea' id='block_1_68' title="bbox 492 3687 2073 3761">
    <p class='ocr_par' dir='ltr' id='par_1_68' title="bbox 492 3687 2073 3761">
     <span class='ocr_line' id='line_1_68' title="bbox 492 3687 2073 3761; baseline 0.004 -18"><span class='ocrx_word' id='word_1_506' title='bbox 492 3703 779 3760; x_wconf 86' lang='lat' dir='ltr'><strong>nunquam</strong></span> <span class='ocrx_word' id='word_1_507' title='bbox 813 3689 928 3744; x_wconf 81' lang='lat' dir='ltr'><strong>haec</strong></span> <span class='ocrx_word' id='word_1_508' title='bbox 958 3687 1016 3743; x_wconf 89' lang='lat' dir='ltr'><strong>in</strong></span> <span class='ocrx_word' id='word_1_509' title='bbox 1047 3687 1170 3759; x_wconf 89' lang='lat' dir='ltr'><strong>ipso</strong></span> <span class='ocrx_word' id='word_1_510' title='bbox 1201 3688 1424 3744; x_wconf 84' lang='lat' dir='ltr'><strong>condita</strong></span> <span class='ocrx_word' id='word_1_511' title='bbox 1450 3692 1895 3761; x_wconf 84' lang='lat' dir='ltr'><strong>pronuntiasset.</strong></span> <span class='ocrx_word' id='word_1_512' title='bbox 1932 3693 2073 3749; x_wconf 85' lang='lat' dir='ltr'><strong>Nam</strong></span> 
     </span>
    </p>
   </div>
   <div class='ocr_carea' id='block_1_69' title="bbox 491 3778 2075 3851">
    <p class='ocr_par' dir='ltr' id='par_1_69' title="bbox 491 3778 2075 3851">
     <span class='ocr_line' id='line_1_69' title="bbox 491 3778 2075 3851; baseline 0.004 -14"><span class='ocrx_word' id='word_1_513' title='bbox 491 3780 660 3838; x_wconf 86' lang='lat' dir='ltr'><strong>Pater</strong></span> <span class='ocrx_word' id='word_1_514' title='bbox 690 3780 875 3837; x_wconf 83' lang='lat' dir='ltr'><strong>omnia</strong></span> <span class='ocrx_word' id='word_1_515' title='bbox 930 3778 1063 3836; x_wconf 79' lang='lat' dir='ltr'><strong>fecit</strong></span> <span class='ocrx_word' id='word_1_516' title='bbox 1108 3782 1165 3835; x_wconf 83' lang='lat' dir='ltr'><strong>in</strong></span> <span class='ocrx_word' id='word_1_517' title='bbox 1216 3781 1482 3851; x_wconf 81' lang='lat' dir='ltr'><strong>sapientia</strong></span> <span class='ocrx_word' id='word_1_518' title='bbox 1510 3784 1556 3818; x_wconf 77' lang='grc'><strong>⁸⁷</strong></span> <span class='ocrx_word' id='word_1_519' title='bbox 1588 3802 1604 3842; x_wconf 88' lang='lat'><strong>:</strong></span> <span class='ocrx_word' id='word_1_520' title='bbox 1658 3784 1916 3843; x_wconf 83' lang='lat' dir='ltr'><strong>Christus</strong></span> <span class='ocrx_word' id='word_1_521' title='bbox 1942 3801 2075 3843; x_wconf 88' lang='lat' dir='ltr'><strong>vero</strong></span> 
     </span>
    </p>
   </div>
   <div class='ocr_carea' id='block_1_70' title="bbox 492 3870 1520 3942">
    <p class='ocr_par' dir='ltr' id='par_1_70' title="bbox 492 3870 1520 3942">
     <span class='ocr_line' id='line_1_70' title="bbox 492 3870 1520 3942; baseline -0.001 -11"><span class='ocrx_word' id='word_1_522' title='bbox 492 3874 595 3931; x_wconf 76' lang='lat' dir='ltr'><strong>Dei</strong></span> <span class='ocrx_word' id='word_1_523' title='bbox 632 3874 799 3929; x_wconf 73' lang='lat' dir='ltr'><strong>uirtus</strong></span> <span class='ocrx_word' id='word_1_524' title='bbox 820 3882 925 3942; x_wconf 79' lang='lat' dir='ltr'><strong>est,</strong></span> <span class='ocrx_word' id='word_1_525' title='bbox 955 3882 1006 3928; x_wconf 85' lang='lat' dir='ltr'><strong>et</strong></span> <span class='ocrx_word' id='word_1_526' title='bbox 1038 3870 1134 3928; x_wconf 87' lang='lat' dir='ltr'><strong>Dei</strong></span> <span class='ocrx_word' id='word_1_527' title='bbox 1165 3873 1428 3942; x_wconf 78' lang='lat' dir='ltr'><strong>sapientia</strong></span> <span class='ocrx_word' id='word_1_528' title='bbox 1453 3874 1520 3929; x_wconf 78' lang='grc'><strong>⁸⁸.</strong></span> 
     </span>
    </p>
   </div>
   <div class='ocr_carea' id='block_1_71' title="bbox 570 3965 2079 4043">
    <p class='ocr_par' dir='ltr' id='par_1_71' title="bbox 570 3965 2079 4043">
     <span class='ocr_line' id='line_1_71' title="bbox 570 3965 2079 4043; baseline 0.003 -21"><span class='ocrx_word' id='word_1_529' title='bbox 570 3988 592 4022; x_wconf 74' lang='grc' dir='ltr'><strong>ι</strong></span> <span class='ocrx_word' id='word_1_530' title='bbox 626 3967 695 4024; x_wconf 82' lang='grc' dir='ltr'>Ει</span> <span class='ocrx_word' id='word_1_531' title='bbox 730 3966 917 4023; x_wconf 89' lang='lat' dir='ltr'><strong>omnia</strong></span> <span class='ocrx_word' id='word_1_532' title='bbox 964 3967 1019 4021; x_wconf 87' lang='lat' dir='ltr'><strong>in</strong></span> <span class='ocrx_word' id='word_1_533' title='bbox 1052 3965 1175 4038; x_wconf 90' lang='lat' dir='ltr'><strong>ipso</strong></span> <span class='ocrx_word' id='word_1_534' title='bbox 1210 3976 1492 4035; x_wconf 84' lang='lat' dir='ltr'><strong>constant,</strong></span> <span class='ocrx_word' id='word_1_535' title='bbox 1540 3979 1595 4025; x_wconf 89' lang='lat' dir='ltr'><strong>et</strong></span> <span class='ocrx_word' id='word_1_536' title='bbox 1630 3971 1748 4043; x_wconf 92' lang='lat' dir='ltr'><strong>ipse</strong></span> <span class='ocrx_word' id='word_1_537' title='bbox 1784 3982 1870 4028; x_wconf 88' lang='lat' dir='ltr'><strong>est</strong></span> <span class='ocrx_word' id='word_1_538' title='bbox 1904 3979 2079 4042; x_wconf 88' lang='lat' dir='ltr'><strong>caput</strong></span> 
     </span>
    </p>
   </div>
   <div class='ocr_carea' id='block_1_72' title="bbox 493 4060 2079 4135">
    <p class='ocr_par' dir='ltr' id='par_1_72' title="bbox 493 4060 2079 4135">
     <span class='ocr_line' id='line_1_72' title="bbox 493 4060 2079 4135; baseline -0.001 -15"><span class='ocrx_word' id='word_1_539' title='bbox 493 4063 748 4135; x_wconf 87' lang='lat' dir='ltr'><strong>corporis</strong></span> <span class='ocrx_word' id='word_1_540' title='bbox 800 4060 1088 4129; x_wconf 80' lang='lat' dir='ltr'><strong>Ecclesiae,</strong></span> <span class='ocrx_word' id='word_1_541' title='bbox 1144 4060 1241 4132; x_wconf 89' lang='lat' dir='ltr'><strong>qui</strong></span> <span class='ocrx_word' id='word_1_542' title='bbox 1289 4068 1374 4116; x_wconf 91' lang='lat' dir='ltr'><strong>est</strong></span> <span class='ocrx_word' id='word_1_543' title='bbox 1407 4060 1764 4135; x_wconf 89' lang='lat' dir='ltr'><strong>principium,</strong></span> <span class='ocrx_word' id='word_1_544' title='bbox 1802 4063 2079 4135; x_wconf 68' lang='lat' dir='ltr'><strong>primoge«</strong></span> 
     </span>
    </p>
   </div>
   <div class='ocr_carea' id='block_1_73' title="bbox 493 4154 2080 4231">
    <p class='ocr_par' dir='ltr' id='par_1_73' title="bbox 493 4154 2080 4231">
     <span class='ocr_line' id='line_1_73' title="bbox 493 4154 2080 4231; baseline -0.001 -18"><span class='ocrx_word' id='word_1_545' title='bbox 493 4156 649 4213; x_wconf 87' lang='lat' dir='ltr'><strong>nitus</strong></span> <span class='ocrx_word' id='word_1_546' title='bbox 705 4171 772 4211; x_wconf 82' lang='lat' dir='ltr'><strong>ex</strong></span> <span class='ocrx_word' id='word_1_547' title='bbox 812 4154 1071 4224; x_wconf 88' lang='lat' dir='ltr'><strong>mortuis,</strong></span> <span class='ocrx_word' id='word_1_548' title='bbox 1108 4162 1169 4211; x_wconf 92' lang='lat' dir='ltr'><strong>ut</strong></span> <span class='ocrx_word' id='word_1_549' title='bbox 1204 4156 1278 4213; x_wconf 89' lang='lat' dir='ltr'><strong>sit</strong></span> <span class='ocrx_word' id='word_1_550' title='bbox 1312 4154 1368 4210; x_wconf 92' lang='lat' dir='ltr'><strong>in</strong></span> <span class='ocrx_word' id='word_1_551' title='bbox 1418 4155 1685 4214; x_wconf 84' lang='lat' dir='ltr'><strong>omnibus</strong></span> <span class='ocrx_word' id='word_1_552' title='bbox 1713 4155 1830 4231; x_wconf 85' lang='lat' dir='ltr'><strong>ipse</strong></span> <span class='ocrx_word' id='word_1_553' title='bbox 1867 4155 2080 4228; x_wconf 84' lang='lat' dir='ltr'><strong>prima-</strong></span> 
     </span>
    </p>
   </div>
   <div class='ocr_carea' id='block_1_74' title="bbox 496 4256 921 4306">
    <p class='ocr_par' dir='ltr' id='par_1_74' title="bbox 496 4256 921 4306">
     <span class='ocr_line' id='line_1_74' title="bbox 496 4256 921 4306; baseline -0.009 0"><span class='ocrx_word' id='word_1_554' title='bbox 496 4258 613 4306; x_wconf 88' lang='lat' dir='ltr'><strong>tum</strong></span> <span class='ocrx_word' id='word_1_555' title='bbox 645 4256 864 4306; x_wconf 86' lang='lat' dir='ltr'><strong>tenens.</strong></span> <span class='ocrx_word' id='word_1_556' title='bbox 902 4268 921 4302; x_wconf 73' lang='grc' dir='ltr'><strong>ι</strong></span> 
     </span>
    </p>
   </div>
   <div class='ocr_carea' id='block_1_75' title="bbox 569 4340 2077 4425">
    <p class='ocr_par' dir='ltr' id='par_1_75' title="bbox 569 4340 2077 4425">
     <span class='ocr_line' id='line_1_75' title="bbox 569 4340 2077 4425; baseline 0.001 -28"><span class='ocrx_word' id='word_1_557' title='bbox 569 4341 638 4398; x_wconf 84' lang='grc' dir='ltr'>Ει</span> <span class='ocrx_word' id='word_1_558' title='bbox 664 4343 719 4399; x_wconf 92' lang='lat' dir='ltr'><strong>in</strong></span> <span class='ocrx_word' id='word_1_559' title='bbox 753 4342 895 4415; x_wconf 87' lang='lat' dir='ltr'><strong>ipso,</strong></span> <span class='ocrx_word' id='word_1_560' title='bbox 945 4340 1145 4415; x_wconf 89' lang='lat' dir='ltr'><strong>inquit,</strong></span> <span class='ocrx_word' id='word_1_561' title='bbox 1205 4342 1463 4400; x_wconf 87' lang='lat' dir='ltr'><strong>universa</strong></span> <span class='ocrx_word' id='word_1_562' title='bbox 1518 4348 1703 4399; x_wconf 89' lang='lat' dir='ltr'><strong>creata</strong></span> <span class='ocrx_word' id='word_1_563' title='bbox 1759 4353 1909 4425; x_wconf 83' lang='lat' dir='ltr'><strong>sunt,</strong></span> <span class='ocrx_word' id='word_1_564' title='bbox 1937 4351 1989 4399; x_wconf 86' lang='lat' dir='ltr'><strong>et</strong></span> <span class='ocrx_word' id='word_1_565' title='bbox 2023 4341 2077 4398; x_wconf 91' lang='lat' dir='ltr'><strong>in</strong></span> 
     </span>
    </p>
   </div>
   <div class='ocr_carea' id='block_1_76' title="bbox 913 3128 2074 3236">
    <p class='ocr_par' dir='ltr' id='par_1_76' title="bbox 913 3131 2064 3205">
     <span class='ocr_line' id='line_1_76' title="bbox 913 3131 2064 3205; baseline 0.003 -18"><span class='ocrx_word' id='word_1_566' title='bbox 913 3131 1100 3187; x_wconf 91' lang='lat' dir='ltr'><strong>omnia</strong></span> <span class='ocrx_word' id='word_1_567' title='bbox 1154 3147 1251 3203; x_wconf 86' lang='lat' dir='ltr'><strong>per</strong></span> <span class='ocrx_word' id='word_1_568' title='bbox 1299 3133 1480 3205; x_wconf 89' lang='lat' dir='ltr'><strong>ipsum</strong></span> <span class='ocrx_word' id='word_1_569' title='bbox 1523 3134 1665 3190; x_wconf 89' lang='lat' dir='ltr'><strong>etin</strong></span> <span class='ocrx_word' id='word_1_570' title='bbox 1717 3134 1838 3205; x_wconf 88' lang='lat' dir='ltr'><strong>ipso</strong></span> <span class='ocrx_word' id='word_1_571' title='bbox 1872 3144 2064 3192; x_wconf 85' lang='lat' dir='ltr'><strong>creata</strong></span> 
     </span>
    </p>
   </div>
   <div class='ocr_carea' id='block_1_77' title="bbox 2186 3128 3763 3236">
    <p class='ocr_par' dir='ltr' id='par_1_77' title="bbox 2186 3128 3763 3236">
     <span class='ocr_line' id='line_1_77' title="bbox 2186 3128 3763 3236; baseline -0.007 -38"><span class='ocrx_word' id='word_1_572' title='bbox 2186 3145 2272 3198; x_wconf 72' lang='grc' dir='ltr'>καὶ</span> <span class='ocrx_word' id='word_1_573' title='bbox 2303 3144 2382 3207; x_wconf 87' lang='grc' dir='ltr'><strong>είς</strong></span> <span class='ocrx_word' id='word_1_574' title='bbox 2432 3142 2597 3197; x_wconf 78' lang='grc' dir='ltr'>αὐτὸν</span> <span class='ocrx_word' id='word_1_575' title='bbox 2641 3140 2888 3196; x_wconf 71' lang='grc' dir='ltr'>ἔκτισται</span> <span class='ocrx_word' id='word_1_576' title='bbox 2914 3181 2928 3207; x_wconf 91' lang='grc'><strong>,</strong></span> <span class='ocrx_word' id='word_1_577' title='bbox 2983 3139 3083 3236; x_wconf 68' lang='grc' dir='ltr'>καὶ</span> <span class='ocrx_word' id='word_1_578' title='bbox 3115 3128 3274 3204; x_wconf 70' lang='grc' dir='ltr'>οὗτός</span> <span class='ocrx_word' id='word_1_579' title='bbox 3321 3137 3438 3191; x_wconf 78' lang='grc' dir='ltr'>ἐστι</span> <span class='ocrx_word' id='word_1_580' title='bbox 3484 3133 3600 3205; x_wconf 87' lang='grc' dir='ltr'><strong>πρὸ</strong></span> <span class='ocrx_word' id='word_1_581' title='bbox 3632 3132 3763 3188; x_wconf 82' lang='grc' dir='ltr'>πάν-</span> 
     </span>
    </p>
   </div>
   <div class='ocr_carea' id='block_1_78' title="bbox 2175 3252 2368 3289">
    <p class='ocr_par' dir='ltr' id='par_1_78' title="bbox 2175 3252 2368 3289">
     <span class='ocr_line' id='line_1_78' title="bbox 2175 3252 2368 3289; baseline 0 -1"><span class='ocrx_word' id='word_1_582' title='bbox 2175 3252 2307 3289; x_wconf 79' lang='grc' dir='ltr'>των.</span> <span class='ocrx_word' id='word_1_583' title='bbox 2348 3253 2368 3288; x_wconf 75' lang='grc' dir='ltr'><strong>ι</strong></span> 
     </span>
    </p>
   </div>
   <div class='ocr_carea' id='block_1_79' title="bbox 2252 3314 3762 3397">
    <p class='ocr_par' dir='ltr' id='par_1_79' title="bbox 2252 3314 3762 3397">
     <span class='ocr_line' id='line_1_79' title="bbox 2252 3314 3762 3397; baseline -0.012 -14"><span class='ocrx_word' id='word_1_584' title='bbox 2252 3328 2395 3397; x_wconf 85' lang='grc' dir='ltr'>Ὅρα</span> <span class='ocrx_word' id='word_1_585' title='bbox 2445 3324 2565 3390; x_wconf 85' lang='grc' dir='ltr'><strong>πῶς</strong></span> <span class='ocrx_word' id='word_1_586' title='bbox 2604 3323 2700 3379; x_wconf 66' lang='grc' dir='ltr'><strong>καὶ</strong></span> <span class='ocrx_word' id='word_1_587' title='bbox 2731 3322 2831 3397; x_wconf 75' lang='grc' dir='ltr'>τὴν</span> <span class='ocrx_word' id='word_1_588' title='bbox 2865 3323 2931 3379; x_wconf 81' lang='grc' dir='ltr'>ὲκ</span> <span class='ocrx_word' id='word_1_589' title='bbox 2966 3320 3184 3392; x_wconf 85' lang='grc' dir='ltr'>Πατρὸς</span> <span class='ocrx_word' id='word_1_590' title='bbox 3230 3317 3398 3375; x_wconf 78' lang='grc' dir='ltr'>αὐτοῦ</span> <span class='ocrx_word' id='word_1_591' title='bbox 3436 3314 3762 3389; x_wconf 84' lang='grc' dir='ltr'>προαιώνιον</span> 
     </span>
    </p>
   </div>
   <div class='ocr_carea' id='block_1_80' title="bbox 2180 3406 3763 3496">
    <p class='ocr_par' dir='ltr' id='par_1_80' title="bbox 2180 3406 3763 3496">
     <span class='ocr_line' id='line_1_80' title="bbox 2180 3406 3763 3496; baseline -0.011 -19"><span class='ocrx_word' id='word_1_592' title='bbox 2180 3420 2441 3496; x_wconf 77' lang='grc' dir='ltr'>κηρύττει</span> <span class='ocrx_word' id='word_1_593' title='bbox 2475 3419 2757 3489; x_wconf 81' lang='grc' dir='ltr'>γέννησιν,</span> <span class='ocrx_word' id='word_1_594' title='bbox 2790 3419 2883 3473; x_wconf 73' lang='grc' dir='ltr'>καὶ</span> <span class='ocrx_word' id='word_1_595' title='bbox 2916 3415 3027 3471; x_wconf 85' lang='grc' dir='ltr'><strong>τῶν</strong></span> <span class='ocrx_word' id='word_1_596' title='bbox 3054 3413 3377 3487; x_wconf 82' lang='grc' dir='ltr'>κτισμάτων</span> <span class='ocrx_word' id='word_1_597' title='bbox 3405 3410 3575 3466; x_wconf 78' lang='grc' dir='ltr'>αὑτὸν</span> <span class='ocrx_word' id='word_1_598' title='bbox 3604 3406 3763 3481; x_wconf 81' lang='grc' dir='ltr'>χωρί-</span> 
     </span>
    </p>
   </div>
   <div class='ocr_carea' id='block_1_81' title="bbox 2180 3495 3764 3583">
    <p class='ocr_par' dir='ltr' id='par_1_81' title="bbox 2180 3495 3764 3583">
     <span class='ocr_line' id='line_1_81' title="bbox 2180 3495 3764 3583; baseline -0.011 -15"><span class='ocrx_word' id='word_1_599' title='bbox 2180 3495 2283 3579; x_wconf 77' lang='grc' dir='ltr'>ζει,</span> <span class='ocrx_word' id='word_1_600' title='bbox 2316 3511 2393 3583; x_wconf 79' lang='grc' dir='ltr'>τῷ</span> <span class='ocrx_word' id='word_1_601' title='bbox 2421 3509 2622 3580; x_wconf 74' lang='grc' dir='ltr'>λέγειν,</span> <span class='ocrx_word' id='word_1_602' title='bbox 2653 3508 2724 3563; x_wconf 81' lang='grc' dir='ltr'>ἐν</span> <span class='ocrx_word' id='word_1_603' title='bbox 2758 3505 2922 3574; x_wconf 78' lang='grc' dir='ltr'>αὐτῷ</span> <span class='ocrx_word' id='word_1_604' title='bbox 2959 3505 3212 3575; x_wconf 77' lang='grc' dir='ltr'>ἐκτίσθη</span> <span class='ocrx_word' id='word_1_605' title='bbox 3251 3505 3324 3559; x_wconf 83' lang='grc' dir='ltr'>τὰ</span> <span class='ocrx_word' id='word_1_606' title='bbox 3354 3500 3578 3557; x_wconf 77' lang='grc' dir='ltr'>πάντα.</span> <span class='ocrx_word' id='word_1_607' title='bbox 3618 3499 3682 3554; x_wconf 83' lang='lat' dir='ltr'><strong>Ei</strong></span> <span class='ocrx_word' id='word_1_608' title='bbox 3709 3495 3764 3551; x_wconf 73' lang='grc' dir='ltr'>δὲ</span> 
     </span>
    </p>
   </div>
   <div class='ocr_carea' id='block_1_82' title="bbox 2179 3595 3764 3677">
    <p class='ocr_par' dir='ltr' id='par_1_82' title="bbox 2179 3595 3764 3677">
     <span class='ocr_line' id='line_1_82' title="bbox 2179 3595 3764 3677; baseline -0.009 -17"><span class='ocrx_word' id='word_1_609' title='bbox 2179 3604 2479 3677; x_wconf 76' lang='grc' dir='ltr'>ἀδελφότης</span> <span class='ocrx_word' id='word_1_610' title='bbox 2520 3598 2589 3676; x_wconf 78' lang='grc' dir='ltr'>ἦν</span> <span class='ocrx_word' id='word_1_611' title='bbox 2629 3603 2760 3657; x_wconf 74' lang='grc' dir='ltr'>υἱῶν</span> <span class='ocrx_word' id='word_1_612' title='bbox 2788 3599 3060 3674; x_wconf 75' lang='grc' dir='ltr'>δευτέρων</span> <span class='ocrx_word' id='word_1_613' title='bbox 3100 3600 3194 3653; x_wconf 70' lang='grc' dir='ltr'><strong>ἐπὶ</strong></span> <span class='ocrx_word' id='word_1_614' title='bbox 3242 3596 3321 3669; x_wconf 82' lang='grc' dir='ltr'>τῷ</span> <span class='ocrx_word' id='word_1_615' title='bbox 3375 3595 3584 3667; x_wconf 76' lang='grc' dir='ltr'>πρώτῳ</span> <span class='ocrx_word' id='word_1_616' title='bbox 3614 3609 3764 3663; x_wconf 81' lang='grc' dir='ltr'>γενο-</span> 
     </span>
    </p>
   </div>
   <div class='ocr_carea' id='block_1_83' title="bbox 2184 3682 3764 3772">
    <p class='ocr_par' dir='ltr' id='par_1_83' title="bbox 2184 3682 3764 3772">
     <span class='ocr_line' id='line_1_83' title="bbox 2184 3682 3764 3772; baseline -0.007 -20"><span class='ocrx_word' id='word_1_617' title='bbox 2184 3700 2382 3772; x_wconf 72' lang='grc' dir='ltr'>μένων,</span> <span class='ocrx_word' id='word_1_618' title='bbox 2415 3698 2514 3752; x_wconf 81' lang='grc' dir='ltr'>οὐκ</span> <span class='ocrx_word' id='word_1_619' title='bbox 2560 3697 2627 3751; x_wconf 74' lang='grc' dir='ltr'>ἂν</span> <span class='ocrx_word' id='word_1_620' title='bbox 2664 3696 2725 3748; x_wconf 80' lang='grc' dir='ltr'><strong>έν</strong></span> <span class='ocrx_word' id='word_1_621' title='bbox 2767 3694 2920 3765; x_wconf 78' lang='grc' dir='ltr'>αὐτῷ</span> <span class='ocrx_word' id='word_1_622' title='bbox 2968 3693 3155 3763; x_wconf 63' lang='grc' dir='ltr'>ἔλεγεν</span> <span class='ocrx_word' id='word_1_623' title='bbox 3203 3689 3342 3746; x_wconf 80' lang='grc' dir='ltr'>αὐτὰ</span> <span class='ocrx_word' id='word_1_624' title='bbox 3376 3687 3649 3744; x_wconf 68' lang='grc' dir='ltr'>ἐκτίσθαι.</span> <span class='ocrx_word' id='word_1_625' title='bbox 3690 3682 3764 3754; x_wconf 77' lang='grc' dir='ltr'><strong>Τῇ</strong></span> 
     </span>
    </p>
   </div>
   <div class='ocr_carea' id='block_1_84' title="bbox 2181 3774 3864 3862">
    <p class='ocr_par' dir='ltr' id='par_1_84' title="bbox 2181 3774 3864 3862">
     <span class='ocr_line' id='line_1_84' title="bbox 2181 3774 3864 3862; baseline -0.01 -17"><span class='ocrx_word' id='word_1_626' title='bbox 2181 3792 2291 3862; x_wconf 66' lang='grc' dir='ltr'>γὰρ</span> <span class='ocrx_word' id='word_1_627' title='bbox 2345 3790 2528 3858; x_wconf 70' lang='grc' dir='ltr'>σοφίᾳ</span> <span class='ocrx_word' id='word_1_628' title='bbox 2584 3786 2764 3841; x_wconf 67' lang='grc' dir='ltr'>πάντα</span> <span class='ocrx_word' id='word_1_629' title='bbox 2810 3783 3074 3856; x_wconf 73' lang='grc' dir='ltr'>ἐποίησεν</span> <span class='ocrx_word' id='word_1_630' title='bbox 3117 3783 3145 3835; x_wconf 81' lang='grc' dir='ltr'>ὁ</span> <span class='ocrx_word' id='word_1_631' title='bbox 3189 3780 3414 3851; x_wconf 80' lang='grc' dir='ltr'>Πατὴρ,</span> <span class='ocrx_word' id='word_1_632' title='bbox 3446 3778 3686 3852; x_wconf 84' lang='grc' dir='ltr'>Χριστὸς</span> <span class='ocrx_word' id='word_1_633' title='bbox 3712 3774 3764 3829; x_wconf 71' lang='grc' dir='ltr'>δὲ</span> <span class='ocrx_word' id='word_1_634' title='bbox 3862 3813 3864 3815; x_wconf 63' lang='grc'><strong>›</strong></span> 
     </span>
    </p>
   </div>
   <div class='ocr_carea' id='block_1_85' title="bbox 2178 3877 3150 3953">
    <p class='ocr_par' dir='ltr' id='par_1_85' title="bbox 2178 3877 3150 3953">
     <span class='ocr_line' id='line_1_85' title="bbox 2178 3877 3150 3953; baseline -0.007 -15"><span class='ocrx_word' id='word_1_635' title='bbox 2178 3884 2311 3939; x_wconf 74' lang='grc' dir='ltr'>ἐστι</span> <span class='ocrx_word' id='word_1_636' title='bbox 2344 3883 2493 3939; x_wconf 77' lang='grc' dir='ltr'>Θεοῦ</span> <span class='ocrx_word' id='word_1_637' title='bbox 2526 3880 2777 3953; x_wconf 73' lang='grc' dir='ltr'>δύναμις</span> <span class='ocrx_word' id='word_1_638' title='bbox 2808 3879 2907 3934; x_wconf 69' lang='grc' dir='ltr'><strong>καί</strong></span> <span class='ocrx_word' id='word_1_639' title='bbox 2941 3877 3150 3948; x_wconf 68' lang='grc' dir='ltr'>σοφία.</span> 
     </span>
    </p>
   </div>
   <div class='ocr_carea' id='block_1_86' title="bbox 2258 3958 3764 4041">
    <p class='ocr_par' dir='ltr' id='par_1_86' title="bbox 2258 3958 3764 4041">
     <span class='ocr_line' id='line_1_86' title="bbox 2258 3958 3764 4041; baseline -0.009 -13"><span class='ocrx_word' id='word_1_640' title='bbox 2258 3994 2277 4028; x_wconf 77' lang='grc' dir='ltr'><strong>ι</strong></span> <span class='ocrx_word' id='word_1_641' title='bbox 2315 3977 2428 4031; x_wconf 71' lang='grc' dir='ltr'><strong>Καὶ</strong></span> <span class='ocrx_word' id='word_1_642' title='bbox 2471 3973 2541 4028; x_wconf 81' lang='grc' dir='ltr'><strong>τὰ</strong></span> <span class='ocrx_word' id='word_1_643' title='bbox 2590 3974 2771 4029; x_wconf 79' lang='grc' dir='ltr'>πάντα</span> <span class='ocrx_word' id='word_1_644' title='bbox 2819 3974 2877 4027; x_wconf 83' lang='grc' dir='ltr'>ὲν</span> <span class='ocrx_word' id='word_1_645' title='bbox 2915 3969 3066 4041; x_wconf 77' lang='grc' dir='ltr'>αὑτῷ</span> <span class='ocrx_word' id='word_1_646' title='bbox 3100 3966 3403 4039; x_wconf 82' lang='grc' dir='ltr'>συνέστηκε</span> <span class='ocrx_word' id='word_1_647' title='bbox 3425 4006 3442 4032; x_wconf 91' lang='grc'><strong>,</strong></span> <span class='ocrx_word' id='word_1_648' title='bbox 3476 3964 3579 4019; x_wconf 82' lang='grc' dir='ltr'>καὶ</span> <span class='ocrx_word' id='word_1_649' title='bbox 3612 3958 3764 4024; x_wconf 79' lang='grc' dir='ltr'>αὐτός</span> 
     </span>
    </p>
   </div>
   <div class='ocr_carea' id='block_1_87' title="bbox 2180 4052 3763 4138">
    <p class='ocr_par' dir='ltr' id='par_1_87' title="bbox 2180 4052 3763 4138">
     <span class='ocr_line' id='line_1_87' title="bbox 2180 4052 3763 4138; baseline -0.008 -17"><span class='ocrx_word' id='word_1_650' title='bbox 2180 4068 2333 4123; x_wconf 67' lang='grc' dir='ltr'>ἔστιν</span> <span class='ocrx_word' id='word_1_651' title='bbox 2384 4069 2415 4135; x_wconf 84' lang='grc' dir='ltr'>ὴ</span> <span class='ocrx_word' id='word_1_652' title='bbox 2454 4065 2671 4138; x_wconf 78' lang='grc' dir='ltr'>κεφαλὴ</span> <span class='ocrx_word' id='word_1_653' title='bbox 2714 4064 2815 4136; x_wconf 78' lang='grc' dir='ltr'>τῆς</span> <span class='ocrx_word' id='word_1_654' title='bbox 2867 4061 3240 4132; x_wconf 81' lang='grc' dir='ltr'>Ἐκκλησίας,</span> <span class='ocrx_word' id='word_1_655' title='bbox 3279 4059 3340 4123; x_wconf 82' lang='grc' dir='ltr'>ὅς</span> <span class='ocrx_word' id='word_1_656' title='bbox 3385 4058 3539 4111; x_wconf 73' lang='grc' dir='ltr'>ἐστιν</span> <span class='ocrx_word' id='word_1_657' title='bbox 3587 4052 3763 4127; x_wconf 76' lang='grc' dir='ltr'>ἁρχὴ,</span> 
     </span>
    </p>
   </div>
   <div class='ocr_carea' id='block_1_88' title="bbox 2182 4145 3764 4233">
    <p class='ocr_par' dir='ltr' id='par_1_88' title="bbox 2182 4145 3764 4233">
     <span class='ocr_line' id='line_1_88' title="bbox 2182 4145 3764 4233; baseline -0.009 -19"><span class='ocrx_word' id='word_1_658' title='bbox 2182 4158 2532 4233; x_wconf 80' lang='grc' dir='ltr'>πρωτότοκος</span> <span class='ocrx_word' id='word_1_659' title='bbox 2578 4160 2643 4212; x_wconf 77' lang='grc' dir='ltr'>ὲκ</span> <span class='ocrx_word' id='word_1_660' title='bbox 2691 4154 2799 4211; x_wconf 82' lang='grc' dir='ltr'><strong>τῶν</strong></span> <span class='ocrx_word' id='word_1_661' title='bbox 2840 4153 3076 4226; x_wconf 80' lang='grc' dir='ltr'>νεκρῶν,</span> <span class='ocrx_word' id='word_1_662' title='bbox 3108 4152 3199 4207; x_wconf 74' lang='grc' dir='ltr'><strong>ἵνα</strong></span> <span class='ocrx_word' id='word_1_663' title='bbox 3234 4149 3469 4221; x_wconf 82' lang='grc' dir='ltr'>γένηται</span> <span class='ocrx_word' id='word_1_664' title='bbox 3516 4147 3578 4204; x_wconf 78' lang='grc' dir='ltr'>ὲν</span> <span class='ocrx_word' id='word_1_665' title='bbox 3607 4145 3764 4202; x_wconf 77' lang='grc' dir='ltr'>πᾶσιν</span> 
     </span>
    </p>
   </div>
   <div class='ocr_carea' id='block_1_89' title="bbox 2184 4251 2753 4325">
    <p class='ocr_par' dir='ltr' id='par_1_89' title="bbox 2184 4251 2753 4325">
     <span class='ocr_line' id='line_1_89' title="bbox 2184 4251 2753 4325; baseline -0.014 -14"><span class='ocrx_word' id='word_1_666' title='bbox 2184 4254 2347 4319; x_wconf 81' lang='grc' dir='ltr'>αὐτὸς</span> <span class='ocrx_word' id='word_1_667' title='bbox 2379 4251 2699 4325; x_wconf 74' lang='grc' dir='ltr'>πρωτεύων.</span> <span class='ocrx_word' id='word_1_668' title='bbox 2734 4268 2753 4303; x_wconf 75' lang='grc' dir='ltr'><strong>ι</strong></span> 
     </span>
    </p>
   </div>
   <div class='ocr_carea' id='block_1_90' title="bbox 2257 4335 3767 4418">
    <p class='ocr_par' dir='ltr' id='par_1_90' title="bbox 2257 4335 3767 4418">
     <span class='ocr_line' id='line_1_90' title="bbox 2257 4335 3767 4418; baseline -0.01 -14"><span class='ocrx_word' id='word_1_669' title='bbox 2257 4350 2367 4404; x_wconf 67' lang='grc' dir='ltr'><strong>Καὶ</strong></span> <span class='ocrx_word' id='word_1_670' title='bbox 2400 4350 2459 4402; x_wconf 83' lang='grc' dir='ltr'>ὲν</span> <span class='ocrx_word' id='word_1_671' title='bbox 2499 4345 2667 4418; x_wconf 81' lang='grc' dir='ltr'>αὐτῷ,</span> <span class='ocrx_word' id='word_1_672' title='bbox 2694 4345 2966 4408; x_wconf 80' lang='grc' dir='ltr'>ἔκτισται,</span> <span class='ocrx_word' id='word_1_673' title='bbox 2992 4339 3158 4415; x_wconf 77' lang='grc' dir='ltr'>φησὶ,</span> <span class='ocrx_word' id='word_1_674' title='bbox 3182 4338 3251 4395; x_wconf 77' lang='grc' dir='ltr'>τὰ</span> <span class='ocrx_word' id='word_1_675' title='bbox 3296 4336 3477 4394; x_wconf 80' lang='grc' dir='ltr'>πάντα</span> <span class='ocrx_word' id='word_1_676' title='bbox 3503 4377 3519 4405; x_wconf 88' lang='grc'><strong>,</strong></span> <span class='ocrx_word' id='word_1_677' title='bbox 3569 4335 3663 4392; x_wconf 76' lang='grc' dir='ltr'>καὶ</span> <span class='ocrx_word' id='word_1_678' title='bbox 3715 4336 3767 4389; x_wconf 74' lang='grc' dir='ltr'>ἐν</span> 
     </span>
    </p>
   </div>
   <div class='ocr_carea' id='block_1_91' title="bbox 495 4430 2074 4515">
    <p class='ocr_par' dir='ltr' id='par_1_91' title="bbox 495 4433 2074 4510">
     <span class='ocr_line' id='line_1_91' title="bbox 495 4433 2074 4510; baseline -0.002 -14"><span class='ocrx_word' id='word_1_679' title='bbox 495 4439 618 4510; x_wconf 87' lang='lat' dir='ltr'><strong>ipso</strong></span> <span class='ocrx_word' id='word_1_680' title='bbox 651 4434 989 4503; x_wconf 88' lang='lat' dir='ltr'><strong>consistunt,</strong></span> <span class='ocrx_word' id='word_1_681' title='bbox 1042 4441 1097 4491; x_wconf 85' lang='lat' dir='ltr'><strong>et</strong></span> <span class='ocrx_word' id='word_1_682' title='bbox 1155 4433 1274 4505; x_wconf 79' lang='lat' dir='ltr'><strong>ipse</strong></span> <span class='ocrx_word' id='word_1_683' title='bbox 1339 4442 1427 4491; x_wconf 87' lang='lat' dir='ltr'><strong>est</strong></span> <span class='ocrx_word' id='word_1_684' title='bbox 1476 4442 1666 4506; x_wconf 89' lang='lat' dir='ltr'><strong>caput,</strong></span> <span class='ocrx_word' id='word_1_685' title='bbox 1723 4443 1779 4491; x_wconf 88' lang='lat' dir='ltr'><strong>et</strong></span> <span class='ocrx_word' id='word_1_686' title='bbox 1838 4442 2074 4505; x_wconf 84' lang='lat' dir='ltr'><strong>utraque</strong></span> 
     </span>
    </p>
   </div>
   <div class='ocr_carea' id='block_1_92' title="bbox 2186 4430 3768 4515">
    <p class='ocr_par' dir='ltr' id='par_1_92' title="bbox 2186 4430 3768 4515">
     <span class='ocr_line' id='line_1_92' title="bbox 2186 4430 3768 4515; baseline -0.01 -17"><span class='ocrx_word' id='word_1_687' title='bbox 2186 4443 2334 4515; x_wconf 78' lang='grc' dir='ltr'>αὐτῷ</span> <span class='ocrx_word' id='word_1_688' title='bbox 2368 4442 2723 4513; x_wconf 76' lang='grc' dir='ltr'>συνέστηκεν,</span> <span class='ocrx_word' id='word_1_689' title='bbox 2753 4436 2847 4494; x_wconf 81' lang='grc' dir='ltr'>καὶ</span> <span class='ocrx_word' id='word_1_690' title='bbox 2880 4436 3046 4500; x_wconf 76' lang='grc' dir='ltr'>αὐτός</span> <span class='ocrx_word' id='word_1_691' title='bbox 3078 4438 3197 4489; x_wconf 74' lang='grc' dir='ltr'>ἐστι</span> <span class='ocrx_word' id='word_1_692' title='bbox 3229 4432 3443 4505; x_wconf 81' lang='grc' dir='ltr'>κεφαλὴ</span> <span class='ocrx_word' id='word_1_693' title='bbox 3467 4471 3483 4499; x_wconf 90' lang='grc'><strong>,</strong></span> <span class='ocrx_word' id='word_1_694' title='bbox 3524 4433 3617 4485; x_wconf 74' lang='grc' dir='ltr'><strong>καὶ</strong></span> <span class='ocrx_word' id='word_1_695' title='bbox 3666 4430 3768 4499; x_wconf 84' lang='grc' dir='ltr'><strong>ἁμ-</strong></span> 
     </span>
    </p>
   </div>
   <div class='ocr_carea' id='block_1_93' title="bbox 497 4530 2083 4603">
    <p class='ocr_par' dir='ltr' id='par_1_93' title="bbox 497 4530 2083 4603">
     <span class='ocr_line' id='line_1_93' title="bbox 497 4530 2083 4603; baseline -0.003 -13"><span class='ocrx_word' id='word_1_696' title='bbox 497 4530 825 4603; x_wconf 76' lang='lat' dir='ltr'><strong>compingit,</strong></span> <span class='ocrx_word' id='word_1_697' title='bbox 872 4537 990 4587; x_wconf 90' lang='lat' dir='ltr'><strong>tum</strong></span> <span class='ocrx_word' id='word_1_698' title='bbox 1050 4544 1173 4601; x_wconf 82' lang='lat' dir='ltr'><strong>quae</strong></span> <span class='ocrx_word' id='word_1_699' title='bbox 1232 4530 1521 4598; x_wconf 54' lang='lat' dir='ltr'><strong>theologia</strong></span> <span class='ocrx_word' id='word_1_700' title='bbox 1573 4537 1729 4595; x_wconf 88' lang='lat' dir='ltr'><strong>sunt,</strong></span> <span class='ocrx_word' id='word_1_701' title='bbox 1786 4537 2083 4603; x_wconf 78' lang='lat' dir='ltr'><strong>tumqua:</strong></span> 
     </span>
    </p>
   </div>
   <div class='ocr_carea' id='block_1_94' title="bbox 497 4623 2083 4695">
    <p class='ocr_par' dir='ltr' id='par_1_94' title="bbox 497 4623 2083 4695">
     <span class='ocr_line' id='line_1_94' title="bbox 497 4623 2083 4695; baseline -0.002 -12"><span class='ocrx_word' id='word_1_702' title='bbox 497 4625 915 4687; x_wconf 75' lang='lat' dir='ltr'><strong>exinanitionis.</strong></span> <span class='ocrx_word' id='word_1_703' title='bbox 970 4623 1113 4679; x_wconf 83' lang='lat' dir='ltr'><strong>Nam</strong></span> <span class='ocrx_word' id='word_1_704' title='bbox 1160 4624 1209 4682; x_wconf 88' lang='lat' dir='ltr'><strong>is</strong></span> <span class='ocrx_word' id='word_1_705' title='bbox 1248 4631 1332 4679; x_wconf 87' lang='lat' dir='ltr'><strong>est</strong></span> <span class='ocrx_word' id='word_1_706' title='bbox 1382 4623 1479 4695; x_wconf 85' lang='lat' dir='ltr'><strong>qui</strong></span> <span class='ocrx_word' id='word_1_707' title='bbox 1517 4630 1647 4680; x_wconf 90' lang='lat' dir='ltr'><strong>ante</strong></span> <span class='ocrx_word' id='word_1_708' title='bbox 1677 4624 1879 4679; x_wconf 62' lang='lat' dir='ltr'><strong>saacula</strong></span> <span class='ocrx_word' id='word_1_709' title='bbox 1911 4633 2083 4681; x_wconf 83' lang='lat' dir='ltr'><strong>natus</strong></span> 
     </span>
    </p>
   </div>
   <div class='ocr_carea' id='block_1_95' title="bbox 499 4714 2084 4791">
    <p class='ocr_par' dir='ltr' id='par_1_95' title="bbox 499 4714 2084 4791">
     <span class='ocr_line' id='line_1_95' title="bbox 499 4714 2084 4791; baseline -0.003 -14"><span class='ocrx_word' id='word_1_710' title='bbox 499 4726 605 4785; x_wconf 78' lang='lat' dir='ltr'><strong>est,</strong></span> <span class='ocrx_word' id='word_1_711' title='bbox 644 4717 738 4791; x_wconf 89' lang='lat' dir='ltr'><strong>qui</strong></span> <span class='ocrx_word' id='word_1_712' title='bbox 769 4723 824 4774; x_wconf 93' lang='lat' dir='ltr'><strong>et</strong></span> <span class='ocrx_word' id='word_1_713' title='bbox 881 4714 1291 4789; x_wconf 77' lang='lat' dir='ltr'><strong>primogenitus</strong></span> <span class='ocrx_word' id='word_1_714' title='bbox 1336 4730 1402 4770; x_wconf 81' lang='lat' dir='ltr'><strong>ex</strong></span> <span class='ocrx_word' id='word_1_715' title='bbox 1454 4717 1713 4771; x_wconf 89' lang='lat' dir='ltr'><strong>mortuis.</strong></span> <span class='ocrx_word' id='word_1_716' title='bbox 1772 4717 1909 4771; x_wconf 89' lang='lat' dir='ltr'><strong>Eum</strong></span> <span class='ocrx_word' id='word_1_717' title='bbox 1951 4732 2084 4773; x_wconf 87' lang='lat' dir='ltr'><strong>vero</strong></span> 
     </span>
    </p>
   </div>
   <div class='ocr_carea' id='block_1_96' title="bbox 500 4808 2084 4885">
    <p class='ocr_par' dir='ltr' id='par_1_96' title="bbox 500 4808 2084 4885">
     <span class='ocr_line' id='line_1_96' title="bbox 500 4808 2084 4885; baseline 0 -18"><span class='ocrx_word' id='word_1_718' title='bbox 500 4814 793 4885; x_wconf 74' lang='lat' dir='ltr'><strong>primatum</strong></span> <span class='ocrx_word' id='word_1_719' title='bbox 826 4820 998 4866; x_wconf 78' lang='lat' dir='ltr'><strong>tenere</strong></span> <span class='ocrx_word' id='word_1_720' title='bbox 1026 4808 1199 4876; x_wconf 88' lang='lat' dir='ltr'><strong>dicit,</strong></span> <span class='ocrx_word' id='word_1_721' title='bbox 1230 4823 1341 4863; x_wconf 87' lang='lat' dir='ltr'><strong>non</strong></span> <span class='ocrx_word' id='word_1_722' title='bbox 1381 4814 1443 4863; x_wconf 92' lang='lat' dir='ltr'><strong>ut</strong></span> <span class='ocrx_word' id='word_1_723' title='bbox 1487 4808 1787 4879; x_wconf 86' lang='lat' dir='ltr'><strong>primatum</strong></span> <span class='ocrx_word' id='word_1_724' title='bbox 1822 4816 1952 4867; x_wconf 87' lang='lat' dir='ltr'><strong>ante</strong></span> <span class='ocrx_word' id='word_1_725' title='bbox 1986 4824 2084 4867; x_wconf 86' lang='lat' dir='ltr'><strong>ac-</strong></span> 
     </span>
    </p>
   </div>
   <div class='ocr_carea' id='block_1_97' title="bbox 502 4899 2084 4976">
    <p class='ocr_par' dir='ltr' id='par_1_97' title="bbox 502 4899 2084 4976">
     <span class='ocr_line' id='line_1_97' title="bbox 502 4899 2084 4976; baseline -0.001 -15"><span class='ocrx_word' id='word_1_726' title='bbox 502 4908 732 4976; x_wconf 75' lang='lat' dir='ltr'><strong>ceperit,</strong></span> <span class='ocrx_word' id='word_1_727' title='bbox 770 4903 864 4959; x_wconf 88' lang='lat' dir='ltr'><strong>sed</strong></span> <span class='ocrx_word' id='word_1_728' title='bbox 915 4909 1195 4972; x_wconf 84' lang='lat' dir='ltr'><strong>quatenus</strong></span> <span class='ocrx_word' id='word_1_729' title='bbox 1248 4916 1350 4957; x_wconf 85' lang='lat' dir='ltr'><strong>nos</strong></span> <span class='ocrx_word' id='word_1_730' title='bbox 1383 4900 1558 4972; x_wconf 76' lang='lat' dir='ltr'><strong>gloria</strong></span> <span class='ocrx_word' id='word_1_731' title='bbox 1592 4899 1696 4955; x_wconf 85' lang='lat' dir='ltr'><strong>ista</strong></span> <span class='ocrx_word' id='word_1_732' title='bbox 1728 4902 1980 4968; x_wconf 80' lang='lat' dir='ltr'><strong>donavit,</strong></span> <span class='ocrx_word' id='word_1_733' title='bbox 2025 4910 2084 4959; x_wconf 87' lang='lat' dir='ltr'><strong>ut</strong></span> 
     </span>
    </p>
   </div>
   <div class='ocr_carea' id='block_1_98' title="bbox 502 4993 2089 5072">
    <p class='ocr_par' dir='ltr' id='par_1_98' title="bbox 502 4993 2089 5072">
     <span class='ocr_line' id='line_1_98' title="bbox 502 4993 2089 5072; baseline -0.001 -18"><span class='ocrx_word' id='word_1_734' title='bbox 502 5000 620 5072; x_wconf 85' lang='lat' dir='ltr'><strong>ipse</strong></span> <span class='ocrx_word' id='word_1_735' title='bbox 672 4997 838 5054; x_wconf 86' lang='lat' dir='ltr'><strong>nobis</strong></span> <span class='ocrx_word' id='word_1_736' title='bbox 889 4996 1149 5052; x_wconf 85' lang='lat' dir='ltr'><strong>anteiret.</strong></span> <span class='ocrx_word' id='word_1_737' title='bbox 1210 4993 1329 5050; x_wconf 86' lang='lat' dir='ltr'><strong>Hoc</strong></span> <span class='ocrx_word' id='word_1_738' title='bbox 1395 4993 1669 5064; x_wconf 89' lang='lat' dir='ltr'><strong>siquidem</strong></span> <span class='ocrx_word' id='word_1_739' title='bbox 1737 5002 1898 5066; x_wconf 78' lang='lat' dir='ltr'><strong>pacto</strong></span> <span class='ocrx_word' id='word_1_740' title='bbox 1954 4996 2089 5067; x_wconf 83' lang='lat' dir='ltr'><strong>ipsae</strong></span> 
     </span>
    </p>
   </div>
   <div class='ocr_carea' id='block_1_99' title="bbox 501 5087 2087 5163">
    <p class='ocr_par' dir='ltr' id='par_1_99' title="bbox 501 5087 2087 5163">
     <span class='ocr_line' id='line_1_99' title="bbox 501 5087 2087 5163; baseline -0.001 -16"><span class='ocrx_word' id='word_1_741' title='bbox 501 5106 727 5163; x_wconf 90' lang='lat' dir='ltr'><strong>quoque</strong></span> <span class='ocrx_word' id='word_1_742' title='bbox 753 5105 846 5147; x_wconf 90' lang='lat' dir='ltr'><strong>res</strong></span> <span class='ocrx_word' id='word_1_743' title='bbox 883 5087 1127 5144; x_wconf 68' lang='lat' dir='ltr'><strong>conditre</strong></span> <span class='ocrx_word' id='word_1_744' title='bbox 1176 5101 1557 5158; x_wconf 70' lang='lat' dir='ltr'><strong>permansurae</strong></span> <span class='ocrx_word' id='word_1_745' title='bbox 1588 5097 1771 5157; x_wconf 89' lang='lat' dir='ltr'><strong>erant,</strong></span> <span class='ocrx_word' id='word_1_746' title='bbox 1803 5098 1918 5145; x_wconf 90' lang='lat' dir='ltr'><strong>uta</strong></span> <span class='ocrx_word' id='word_1_747' title='bbox 1949 5104 2087 5145; x_wconf 86' lang='lat' dir='ltr'><strong>con-</strong></span> 
     </span>
    </p>
   </div>
   <div class='ocr_carea' id='block_1_100' title="bbox 502 5178 2086 5256">
    <p class='ocr_par' dir='ltr' id='par_1_100' title="bbox 502 5178 2086 5256">
     <span class='ocr_line' id='line_1_100' title="bbox 502 5178 2086 5256; baseline -0.003 -13"><span class='ocrx_word' id='word_1_748' title='bbox 502 5188 687 5244; x_wconf 76' lang='lat' dir='ltr'><strong>ditore</strong></span> <span class='ocrx_word' id='word_1_749' title='bbox 714 5200 817 5243; x_wconf 91' lang='lat' dir='ltr'><strong>suo</strong></span> <span class='ocrx_word' id='word_1_750' title='bbox 861 5181 1195 5256; x_wconf 88' lang='lat' dir='ltr'><strong>penderent,</strong></span> <span class='ocrx_word' id='word_1_751' title='bbox 1224 5178 1650 5252; x_wconf 81' lang='lat' dir='ltr'><strong>ell&#39;ugerentque</strong></span> <span class='ocrx_word' id='word_1_752' title='bbox 1677 5182 2086 5251; x_wconf 85' lang='lat' dir='ltr'><strong>corruptelam,</strong></span> 
     </span>
    </p>
   </div>
   <div class='ocr_carea' id='block_1_101' title="bbox 501 5270 2083 5353">
    <p class='ocr_par' dir='ltr' id='par_1_101' title="bbox 501 5270 2083 5353">
     <span class='ocr_line' id='line_1_101' title="bbox 501 5270 2083 5353; baseline -0.002 -18"><span class='ocrx_word' id='word_1_753' title='bbox 501 5294 671 5353; x_wconf 72' lang='lat' dir='ltr'><strong>quam</strong></span> <span class='ocrx_word' id='word_1_754' title='bbox 757 5274 1031 5334; x_wconf 87' lang='lat' dir='ltr'><strong>sustinuit</strong></span> <span class='ocrx_word' id='word_1_755' title='bbox 1110 5272 1365 5329; x_wconf 85' lang='lat' dir='ltr'><strong>interitui</strong></span> <span class='ocrx_word' id='word_1_756' title='bbox 1452 5270 1753 5328; x_wconf 81' lang='lat' dir='ltr'><strong>fracturam</strong></span> <span class='ocrx_word' id='word_1_757' title='bbox 1826 5274 2083 5344; x_wconf 88' lang='lat' dir='ltr'><strong>tradens;</strong></span> 
     </span>
    </p>
   </div>
   <div class='ocr_carea' id='block_1_102' title="bbox 503 5362 2086 5446">
    <p class='ocr_par' dir='ltr' id='par_1_102' title="bbox 503 5362 2086 5446">
     <span class='ocr_line' id='line_1_102' title="bbox 503 5362 2086 5446; baseline -0.004 -17"><span class='ocrx_word' id='word_1_758' title='bbox 503 5367 973 5446; x_wconf 82' lang='lat' dir='ltr'><strong>quemadmodum</strong></span> <span class='ocrx_word' id='word_1_759' title='bbox 1016 5366 1132 5439; x_wconf 89' lang='lat' dir='ltr'><strong>ipse</strong></span> <span class='ocrx_word' id='word_1_760' title='bbox 1168 5362 1379 5419; x_wconf 86' lang='lat' dir='ltr'><strong>Paulus</strong></span> <span class='ocrx_word' id='word_1_761' title='bbox 1423 5363 1705 5420; x_wconf 86' lang='lat' dir='ltr'><strong>enarravit</strong></span> <span class='ocrx_word' id='word_1_762' title='bbox 1748 5366 1799 5419; x_wconf 89' lang='lat' dir='ltr'><strong>in</strong></span> <span class='ocrx_word' id='word_1_763' title='bbox 1840 5364 2086 5438; x_wconf 79' lang='lat' dir='ltr'><strong>Epis‘tola</strong></span> 
     </span>
    </p>
   </div>
   <div class='ocr_carea' id='block_1_103' title="bbox 506 5461 1605 5535">
    <p class='ocr_par' dir='ltr' id='par_1_103' title="bbox 506 5461 1605 5535">
     <span class='ocr_line' id='line_1_103' title="bbox 506 5461 1605 5535; baseline -0.015 -14"><span class='ocrx_word' id='word_1_764' title='bbox 506 5464 575 5521; x_wconf 81' lang='lat' dir='ltr'><strong>ad</strong></span> <span class='ocrx_word' id='word_1_765' title='bbox 607 5461 877 5533; x_wconf 82' lang='lat' dir='ltr'><strong>Ephesios</strong></span> <span class='ocrx_word' id='word_1_766' title='bbox 901 5461 969 5514; x_wconf 69' lang='grc' dir='ltr'><strong>θ’.</strong></span> <span class='ocrx_word' id='word_1_767' title='bbox 1080 5524 1089 5535; x_wconf 41' lang='grc'>.</span> <span class='ocrx_word' id='word_1_768' title='bbox 1601 5509 1605 5513; x_wconf 61' lang='grc'><strong>,</strong></span> 
     </span>
    </p>
   </div>
   <div class='ocr_carea' id='block_1_104' title="bbox 570 5547 2089 5622">
    <p class='ocr_par' dir='ltr' id='par_1_104' title="bbox 570 5547 2089 5622">
     <span class='ocr_line' id='line_1_104' title="bbox 570 5547 2089 5622; baseline -0.004 -10"><span class='ocrx_word' id='word_1_769' title='bbox 570 5557 737 5613; x_wconf 73' lang='lat' dir='ltr'><strong>Vens.</strong></span> <span class='ocrx_word' id='word_1_770' title='bbox 773 5552 864 5619; x_wconf 74' lang='lat' dir='ltr'><strong>l9,</strong></span> <span class='ocrx_word' id='word_1_771' title='bbox 887 5553 979 5610; x_wconf 70' lang='lat'><strong>20.</strong></span> <span class='ocrx_word' id='word_1_772' title='bbox 1017 5571 1036 5605; x_wconf 82' lang='grc' dir='ltr'><strong>ι</strong></span> <span class='ocrx_word' id='word_1_773' title='bbox 1069 5550 1205 5619; x_wconf 81' lang='lat' dir='ltr'><strong>Quia</strong></span> <span class='ocrx_word' id='word_1_774' title='bbox 1238 5547 1293 5605; x_wconf 89' lang='lat' dir='ltr'><strong>in</strong></span> <span class='ocrx_word' id='word_1_775' title='bbox 1333 5548 1456 5621; x_wconf 89' lang='lat' dir='ltr'><strong>ipso</strong></span> <span class='ocrx_word' id='word_1_776' title='bbox 1505 5550 1840 5622; x_wconf 74' lang='lat' dir='ltr'><strong>complacuit</strong></span> <span class='ocrx_word' id='word_1_777' title='bbox 1869 5566 2089 5608; x_wconf 87' lang='lat' dir='ltr'><strong>omnem</strong></span> 
     </span>
    </p>
   </div>
   <div class='ocr_carea' id='block_1_105' title="bbox 2186 4521 3769 4608">
    <p class='ocr_par' dir='ltr' id='par_1_105' title="bbox 2186 4521 3769 4608">
     <span class='ocr_line' id='line_1_105' title="bbox 2186 4521 3769 4608; baseline -0.01 -17"><span class='ocrx_word' id='word_1_778' title='bbox 2186 4535 2394 4608; x_wconf 82' lang='grc' dir='ltr'>φότερα</span> <span class='ocrx_word' id='word_1_779' title='bbox 2426 4535 2652 4603; x_wconf 72' lang='grc' dir='ltr'>συνάγει</span> <span class='ocrx_word' id='word_1_780' title='bbox 2673 4572 2689 4598; x_wconf 96' lang='grc'><strong>,</strong></span> <span class='ocrx_word' id='word_1_781' title='bbox 2738 4530 2809 4585; x_wconf 85' lang='grc' dir='ltr'>τά</span> <span class='ocrx_word' id='word_1_782' title='bbox 2838 4548 2897 4585; x_wconf 87' lang='grc' dir='ltr'><strong>τε</strong></span> <span class='ocrx_word' id='word_1_783' title='bbox 2945 4529 3048 4600; x_wconf 81' lang='grc' dir='ltr'><strong>τῆς</strong></span> <span class='ocrx_word' id='word_1_784' title='bbox 3077 4526 3363 4595; x_wconf 86' lang='grc' dir='ltr'>θεολογίας</span> <span class='ocrx_word' id='word_1_785' title='bbox 3388 4566 3402 4592; x_wconf 88' lang='grc'><strong>,</strong></span> <span class='ocrx_word' id='word_1_786' title='bbox 3436 4524 3537 4580; x_wconf 62' lang='grc' dir='ltr'>κατ.</span> <span class='ocrx_word' id='word_1_787' title='bbox 3582 4522 3647 4578; x_wconf 83' lang='grc' dir='ltr'>τὰ</span> <span class='ocrx_word' id='word_1_788' title='bbox 3672 4521 3769 4589; x_wconf 81' lang='grc' dir='ltr'>τῆς</span> 
     </span>
    </p>
   </div>
   <div class='ocr_carea' id='block_1_106' title="bbox 2188 4611 3767 4693">
    <p class='ocr_par' dir='ltr' id='par_1_106' title="bbox 2188 4611 3767 4693">
     <span class='ocr_line' id='line_1_106' title="bbox 2188 4611 3767 4693; baseline -0.011 -11"><span class='ocrx_word' id='word_1_789' title='bbox 2188 4626 2492 4689; x_wconf 80' lang='grc' dir='ltr'>κενώσεως.</span> <span class='ocrx_word' id='word_1_790' title='bbox 2550 4622 2723 4689; x_wconf 80' lang='grc' dir='ltr'>Αὐτὸς</span> <span class='ocrx_word' id='word_1_791' title='bbox 2757 4621 2891 4693; x_wconf 75' lang='grc' dir='ltr'>γὰρ,</span> <span class='ocrx_word' id='word_1_792' title='bbox 2944 4618 3315 4692; x_wconf 70' lang='grc' dir='ltr'>φησὶν,’ὲστὶν</span> <span class='ocrx_word' id='word_1_793' title='bbox 3347 4617 3377 4669; x_wconf 86' lang='grc' dir='ltr'><strong>ὁ</strong></span> <span class='ocrx_word' id='word_1_794' title='bbox 3408 4615 3519 4687; x_wconf 86' lang='grc' dir='ltr'><strong>πρὸ</strong></span> <span class='ocrx_word' id='word_1_795' title='bbox 3564 4611 3767 4667; x_wconf 74' lang='grc' dir='ltr'>αἰώνων</span> 
     </span>
    </p>
   </div>
   <div class='ocr_carea' id='block_1_107' title="bbox 2191 4706 3764 4792">
    <p class='ocr_par' dir='ltr' id='par_1_107' title="bbox 2191 4706 3764 4792">
     <span class='ocr_line' id='line_1_107' title="bbox 2191 4706 3764 4792; baseline -0.011 -17"><span class='ocrx_word' id='word_1_796' title='bbox 2191 4719 2467 4792; x_wconf 69' lang='grc' dir='ltr'>γεννηθεὶς</span> <span class='ocrx_word' id='word_1_797' title='bbox 2486 4759 2504 4784; x_wconf 90' lang='grc'><strong>,</strong></span> <span class='ocrx_word' id='word_1_798' title='bbox 2535 4719 2563 4773; x_wconf 82' lang='grc' dir='ltr'>ὁ</span> <span class='ocrx_word' id='word_1_799' title='bbox 2591 4716 2688 4771; x_wconf 70' lang='grc' dir='ltr'>καὶ</span> <span class='ocrx_word' id='word_1_800' title='bbox 2733 4713 3083 4788; x_wconf 84' lang='grc' dir='ltr'>πρωτότοκος</span> <span class='ocrx_word' id='word_1_801' title='bbox 3109 4714 3175 4767; x_wconf 81' lang='grc' dir='ltr'>ἑκ</span> <span class='ocrx_word' id='word_1_802' title='bbox 3211 4709 3322 4766; x_wconf 84' lang='grc' dir='ltr'>τῶν</span> <span class='ocrx_word' id='word_1_803' title='bbox 3347 4706 3599 4780; x_wconf 39' lang='grc' dir='ltr'>νεκρῶνς,</span> <span class='ocrx_word' id='word_1_804' title='bbox 3610 4708 3764 4773; x_wconf 81' lang='grc' dir='ltr'>Πρω-</span> 
     </span>
    </p>
   </div>
   <div class='ocr_carea' id='block_1_108' title="bbox 2186 4797 3762 4878">
    <p class='ocr_par' dir='ltr' id='par_1_108' title="bbox 2186 4797 3762 4878">
     <span class='ocr_line' id='line_1_108' title="bbox 2186 4797 3762 4878; baseline -0.012 -8"><span class='ocrx_word' id='word_1_805' title='bbox 2186 4815 2387 4870; x_wconf 77' lang='grc' dir='ltr'>τεύειν</span> <span class='ocrx_word' id='word_1_806' title='bbox 2414 4812 2473 4866; x_wconf 75' lang='grc' dir='ltr'>δὲ</span> <span class='ocrx_word' id='word_1_807' title='bbox 2506 4810 2670 4865; x_wconf 76' lang='grc' dir='ltr'>αὐτὸν</span> <span class='ocrx_word' id='word_1_808' title='bbox 2700 4808 2852 4876; x_wconf 82' lang='grc' dir='ltr'>λέγει</span> <span class='ocrx_word' id='word_1_809' title='bbox 2877 4847 2894 4873; x_wconf 89' lang='grc'><strong>,</strong></span> <span class='ocrx_word' id='word_1_810' title='bbox 2925 4807 3025 4878; x_wconf 76' lang='grc' dir='ltr'><strong>οὐχ</strong></span> <span class='ocrx_word' id='word_1_811' title='bbox 3051 4806 3130 4871; x_wconf 86' lang='grc' dir='ltr'><strong>ὡς</strong></span> <span class='ocrx_word' id='word_1_812' title='bbox 3151 4804 3213 4859; x_wconf 86' lang='grc' dir='ltr'><strong>τὸ</strong></span> <span class='ocrx_word' id='word_1_813' title='bbox 3236 4797 3545 4876; x_wconf 70' lang='grc' dir='ltr'>πρωτεύειν</span> <span class='ocrx_word' id='word_1_814' title='bbox 3568 4798 3762 4871; x_wconf 85' lang='grc' dir='ltr'>προλα-</span> 
     </span>
    </p>
   </div>
   <div class='ocr_carea' id='block_1_109' title="bbox 2192 4890 3762 4971">
    <p class='ocr_par' dir='ltr' id='par_1_109' title="bbox 2192 4890 3762 4971">
     <span class='ocr_line' id='line_1_109' title="bbox 2192 4890 3762 4971; baseline -0.012 -10"><span class='ocrx_word' id='word_1_815' title='bbox 2192 4906 2379 4970; x_wconf 73' lang='grc' dir='ltr'>ϐόντα,</span> <span class='ocrx_word' id='word_1_816' title='bbox 2412 4903 2529 4959; x_wconf 82' lang='grc' dir='ltr'>ἀλλ’</span> <span class='ocrx_word' id='word_1_817' title='bbox 2559 4903 2633 4967; x_wconf 82' lang='grc' dir='ltr'>ὡς</span> <span class='ocrx_word' id='word_1_818' title='bbox 2656 4901 2815 4967; x_wconf 83' lang='grc' dir='ltr'>δόξαν</span> <span class='ocrx_word' id='word_1_819' title='bbox 2848 4900 2983 4971; x_wconf 75' lang='grc' dir='ltr'>ἡμῖν</span> <span class='ocrx_word' id='word_1_820' title='bbox 3006 4897 3102 4954; x_wconf 86' lang='grc' dir='ltr'><strong>τοῦ</strong></span> <span class='ocrx_word' id='word_1_821' title='bbox 3135 4896 3519 4971; x_wconf 78' lang='grc' dir='ltr'>πρωτεὺέσθαι</span> <span class='ocrx_word' id='word_1_822' title='bbox 3558 4895 3644 4949; x_wconf 76' lang='grc' dir='ltr'><strong>ὑπ’</strong></span> <span class='ocrx_word' id='word_1_823' title='bbox 3670 4890 3762 4944; x_wconf 81' lang='grc' dir='ltr'><strong>αὖ·</strong></span> 
     </span>
    </p>
   </div>
   <div class='ocr_carea' id='block_1_110' title="bbox 2191 4982 3760 5074">
    <p class='ocr_par' dir='ltr' id='par_1_110' title="bbox 2191 4982 3760 5074">
     <span class='ocr_line' id='line_1_110' title="bbox 2191 4982 3760 5074; baseline -0.012 -19"><span class='ocrx_word' id='word_1_824' title='bbox 2191 5000 2287 5055; x_wconf 88' lang='grc' dir='ltr'><strong>τοῦ</strong></span> <span class='ocrx_word' id='word_1_825' title='bbox 2320 4998 2708 5074; x_wconf 76' lang='grc' dir='ltr'>χαριζόμενον.</span> <span class='ocrx_word' id='word_1_826' title='bbox 2736 4995 2893 5049; x_wconf 83' lang='grc' dir='ltr'>Οῦτω</span> <span class='ocrx_word' id='word_1_827' title='bbox 2920 4994 3032 5065; x_wconf 83' lang='grc' dir='ltr'><strong>γὰρ</strong></span> <span class='ocrx_word' id='word_1_828' title='bbox 3064 4993 3158 5047; x_wconf 71' lang='grc' dir='ltr'><strong>καὶ</strong></span> <span class='ocrx_word' id='word_1_829' title='bbox 3177 4986 3455 5063; x_wconf 73' lang='grc' dir='ltr'>διαμένειν</span> <span class='ocrx_word' id='word_1_830' title='bbox 3486 4986 3670 5060; x_wconf 72' lang='grc' dir='ltr'>ἔμελλε</span> <span class='ocrx_word' id='word_1_831' title='bbox 3698 4982 3760 5037; x_wconf 77' lang='grc' dir='ltr'>τὰ</span> 
     </span>
    </p>
   </div>
   <div class='ocr_carea' id='block_1_111' title="bbox 2195 5081 3759 5165">
    <p class='ocr_par' dir='ltr' id='par_1_111' title="bbox 2195 5081 3759 5165">
     <span class='ocr_line' id='line_1_111' title="bbox 2195 5081 3759 5165; baseline -0.01 -17"><span class='ocrx_word' id='word_1_832' title='bbox 2195 5095 2496 5165; x_wconf 77' lang='grc' dir='ltr'>ποιήματα,</span> <span class='ocrx_word' id='word_1_833' title='bbox 2531 5087 2901 5162; x_wconf 72' lang='grc' dir='ltr'>ὲξαρτηθέντα</span> <span class='ocrx_word' id='word_1_834' title='bbox 2928 5084 3026 5140; x_wconf 85' lang='grc' dir='ltr'><strong>τοῦ</strong></span> <span class='ocrx_word' id='word_1_835' title='bbox 3065 5081 3404 5157; x_wconf 81' lang='grc' dir='ltr'>δημιουργοῦ</span> <span class='ocrx_word' id='word_1_836' title='bbox 3437 5082 3759 5151; x_wconf 58' lang='lat' dir='ltr'><strong>nclama:-</strong></span> 
     </span>
    </p>
   </div>
   <div class='ocr_carea' id='block_1_112' title="bbox 2195 5171 3759 5257">
    <p class='ocr_par' dir='ltr' id='par_1_112' title="bbox 2195 5171 3759 5257">
     <span class='ocr_line' id='line_1_112' title="bbox 2195 5171 3759 5257; baseline -0.01 -16"><span class='ocrx_word' id='word_1_837' title='bbox 2195 5186 2437 5257; x_wconf 81' lang='grc' dir='ltr'>φευγότά</span> <span class='ocrx_word' id='word_1_838' title='bbox 2464 5184 2560 5256; x_wconf 82' lang='grc' dir='ltr'>τὴν</span> <span class='ocrx_word' id='word_1_839' title='bbox 2600 5181 2829 5256; x_wconf 83' lang='grc' dir='ltr'>φθορὰν,</span> <span class='ocrx_word' id='word_1_840' title='bbox 2866 5182 2932 5253; x_wconf 75' lang='grc' dir='ltr'>ἦν</span> <span class='ocrx_word' id='word_1_841' title='bbox 2962 5180 3259 5251; x_wconf 75' lang='grc' dir='ltr'>ὑπέμεινεν</span> <span class='ocrx_word' id='word_1_842' title='bbox 3283 5179 3342 5232; x_wconf 75' lang='grc' dir='ltr'>ὲν</span> <span class='ocrx_word' id='word_1_843' title='bbox 3371 5177 3451 5247; x_wconf 82' lang='grc' dir='ltr'>τῷ</span> <span class='ocrx_word' id='word_1_844' title='bbox 3480 5174 3575 5247; x_wconf 80' lang='grc' dir='ltr'>τὴν</span> <span class='ocrx_word' id='word_1_845' title='bbox 3613 5171 3759 5257; x_wconf 62' lang='grc' dir='ltr'><strong>διάρέ</strong></span> 
     </span>
    </p>
   </div>
   <div class='ocr_carea' id='block_1_113' title="bbox 2200 5256 3754 5352">
    <p class='ocr_par' dir='ltr' id='par_1_113' title="bbox 2200 5256 3754 5352">
     <span class='ocr_line' id='line_1_113' title="bbox 2200 5256 3754 5352; baseline -0.024 -4"><span class='ocrx_word' id='word_1_846' title='bbox 2200 5278 2358 5352; x_wconf 69' lang='grc' dir='ltr'>ῥῆξιν</span> <span class='ocrx_word' id='word_1_847' title='bbox 2390 5278 2471 5341; x_wconf 78' lang='grc' dir='ltr'><strong>εἷς</strong></span> <span class='ocrx_word' id='word_1_848' title='bbox 2504 5274 2714 5348; x_wconf 79' lang='grc' dir='ltr'>φθορὰν</span> <span class='ocrx_word' id='word_1_849' title='bbox 2772 5269 3132 5346; x_wconf 78' lang='grc' dir='ltr'>μεταϐάλλειν</span> <span class='ocrx_word' id='word_1_850' title='bbox 3229 5268 3375 5343; x_wconf 78' lang='grc' dir='ltr'>ὅπερ</span> <span class='ocrx_word' id='word_1_851' title='bbox 3400 5260 3552 5320; x_wconf 65' lang='grc' dir='ltr'>εἴπεν</span> <span class='ocrx_word' id='word_1_852' title='bbox 3603 5261 3660 5315; x_wconf 79' lang='grc' dir='ltr'>ὲν</span> <span class='ocrx_word' id='word_1_853' title='bbox 3692 5256 3754 5327; x_wconf 71' lang='grc' dir='ltr'>τῇ</span> 
     </span>
    </p>
   </div>
   <div class='ocr_carea' id='block_1_114' title="bbox 2191 5368 3391 5445">
    <p class='ocr_par' dir='ltr' id='par_1_114' title="bbox 2191 5368 3391 5445">
     <span class='ocr_line' id='line_1_114' title="bbox 2191 5368 3391 5445; baseline -0.006 -18"><span class='ocrx_word' id='word_1_854' title='bbox 2191 5372 2329 5445; x_wconf 85' lang='grc' dir='ltr'>πρὸς</span> <span class='ocrx_word' id='word_1_855' title='bbox 2374 5368 2680 5441; x_wconf 68' lang='grc' dir='ltr'>Ἐφεσίους.</span> <span class='ocrx_word' id='word_1_856' title='bbox 3388 5394 3391 5396; x_wconf 51' lang='grc'>&gt;</span> 
     </span>
    </p>
   </div>
   <div class='ocr_carea' id='block_1_115' title="bbox 2280 5536 3749 5620">
    <p class='ocr_par' dir='ltr' id='par_1_115' title="bbox 2280 5536 3749 5620">
     <span class='ocr_line' id='line_1_115' title="bbox 2280 5536 3749 5620; baseline -0.015 -15"><span class='ocrx_word' id='word_1_857' title='bbox 2280 5571 2297 5605; x_wconf 83' lang='grc' dir='ltr'><strong>ι</strong></span> <span class='ocrx_word' id='word_1_858' title='bbox 2332 5552 2458 5605; x_wconf 83' lang='grc' dir='ltr'>’Ότι</span> <span class='ocrx_word' id='word_1_859' title='bbox 2493 5550 2550 5605; x_wconf 76' lang='grc' dir='ltr'><strong>έν</strong></span> <span class='ocrx_word' id='word_1_860' title='bbox 2591 5544 2743 5620; x_wconf 77' lang='grc' dir='ltr'>αὐτῷ</span> <span class='ocrx_word' id='word_1_861' title='bbox 2774 5544 3044 5619; x_wconf 77' lang='grc' dir='ltr'>ηὗδόκησε</span> <span class='ocrx_word' id='word_1_862' title='bbox 3066 5543 3175 5609; x_wconf 71' lang='grc' dir='ltr'>πᾶν</span> <span class='ocrx_word' id='word_1_863' title='bbox 3205 5540 3265 5596; x_wconf 80' lang='grc' dir='ltr'><strong>τὸ</strong></span> <span class='ocrx_word' id='word_1_864' title='bbox 3292 5536 3561 5614; x_wconf 79' lang='grc' dir='ltr'>πλήρωμα</span> <span class='ocrx_word' id='word_1_865' title='bbox 3590 5542 3749 5587; x_wconf 69' lang='grc' dir='ltr'>κατοι-</span> 
     </span>
    </p>
   </div>
   <div class='ocr_carea' id='block_1_116' title="bbox 572 5731 2358 5811">
    <p class='ocr_par' dir='ltr' id='par_1_116' title="bbox 572 5731 2358 5811">
     <span class='ocr_line' id='line_1_116' title="bbox 572 5731 2358 5811; baseline 0.004 -20"><span class='ocrx_word' id='word_1_866' title='bbox 572 5735 617 5771; x_wconf 79' lang='lat'><strong>&quot;</strong></span> <span class='ocrx_word' id='word_1_867' title='bbox 644 5733 791 5803; x_wconf 75' lang='lat' dir='ltr'><strong>Psal.</strong></span> <span class='ocrx_word' id='word_1_868' title='bbox 830 5736 1068 5805; x_wconf 53' lang='grc' dir='ltr'>συκῇ.</span> <span class='ocrx_word' id='word_1_869' title='bbox 1158 5738 1256 5796; x_wconf 76' lang='lat' dir='ltr'><strong>“l</strong></span> <span class='ocrx_word' id='word_1_870' title='bbox 1289 5738 1422 5797; x_wconf 86' lang='lat' dir='ltr'><strong>Cor.</strong></span> <span class='ocrx_word' id='word_1_871' title='bbox 1461 5756 1502 5807; x_wconf 88' lang='grc' dir='ltr'><strong>ι,</strong></span> <span class='ocrx_word' id='word_1_872' title='bbox 1534 5737 1625 5793; x_wconf 67' lang='lat'><strong>9.4.</strong></span> <span class='ocrx_word' id='word_1_873' title='bbox 1702 5737 1745 5774; x_wconf 83' lang='lat'><strong>&quot;</strong></span> <span class='ocrx_word' id='word_1_874' title='bbox 1782 5734 1984 5801; x_wconf 76' lang='lat' dir='ltr'><strong>Ephes-</strong></span> <span class='ocrx_word' id='word_1_875' title='bbox 2014 5747 2076 5802; x_wconf 71' lang='lat' dir='ltr'><strong>ll.</strong></span> <span class='ocrx_word' id='word_1_876' title='bbox 2119 5731 2209 5811; x_wconf 55' lang='lat' dir='ltr'><strong>i5:</strong></span> <span class='ocrx_word' id='word_1_877' title='bbox 2267 5731 2358 5799; x_wconf 61' lang='lat' dir='ltr'><strong>1L.</strong></span> 
     </span>
    </p>
   </div>
  </div>
