3870 6260
178 238 181 242 ⁴
233 249 335 320 839

1286 252 1371 314 IN
1409 252 1646 315 EPIST.
1688 253 1789 315 AD
1821 249 2360 317 COLOSSENSES.

3387 251 3489 315 890

232 372 433 438 κήσαι,
483 366 579 423 καὶ
603 366 673 422 δι’
711 365 880 423 αὐτοῦ
918 366 1369 435 ἀποκαταλλάξαι
1410 369 1476 424 τὰ
1517 372 1695 425 πάντα
1723 371 1802 435 εἰς

1925 369 2307 427 ιιοιιίιυιιὶιιοιιι
2365 367 2699 433 inhabitare,
2730 375 2785 425 et
2813 382 2911 440 per
2964 383 3087 425 cum
3131 368 3490 424 reconciliare

200 448 409 529 ἀύτὸν,
450 461 873 535 εἰρηνοποιήσας
903 460 995 516 διὰ
1023 459 1121 515 τοῦ
1168 462 1399 533 αἵματος
1429 462 1525 517 τοῦ
1569 460 1804 535 σταυροῦ

150 573 158 581 ί
226 554 391 610 αὐτοῦ
452 556 521 611 δι’
556 554 743 623 αὑτοῦ,
790 553 902 610 εἴτε
943 556 1012 611 τά
1054 555 1149 611 ἐπὶ
1178 557 1279 627 τῆς
1338 557 1464 629 γῆς,
1504 556 1615 612 εἴτε
1647 559 1718 612 τὰ
1747 557 1806 611 ὲν

223 651 336 713 τοῖς
363 649 641 721 οὐρανοῖς.
680 666 702 702 ι

295 742 421 797 Ὀτι
456 744 517 797 ἐν
548 740 697 814 αὐτῷ
743 741 1044 815 ηὐδόκησεν
1090 742 1686 813 ἀνακεφαλαιώσασθαι
1734 742 1809 799 τὰ

225 834 403 891 πάντα
435 835 506 889 τά
529 836 586 889 ὲν
619 837 734 900 τοῖς
763 836 1035 907 οὐρανοῖς,
1064 837 1155 892 καὶ
1176 836 1246 891 τὰ
1268 837 1362 891 ἐπὶ
1389 840 1489 909 τῆς
1512 837 1635 909 γῆς.
1664 835 1809 892 οὕτω

225 924 321 979 καὶ
352 924 588 980 ἐνταῦθα
609 926 774 982 πάλιν
791 926 941 997 λέγει
989 926 1058 981 δι’
1103 928 1307 999 ἑτέρων
1336 925 1559 993 λέξεων.
1608 927 1666 980 '0
1697 927 1807 998 γὰρ

226 1016 458 1083 θάνατος
485 1017 581 1073 τοῦ
620 1018 860 1092 Χριστοῦ
881 1058 897 1084 ,
934 1021 1032 1076 καὶ
1060 1020 1152 1075 τὸν
1188 1019 1477 1092 ἀνθρωπον
1503 1018 1806 1084 ἀνέσωσεν,

226 1110 319 1162 καὶ
335 1108 776 1183 ἀνεστοιχείωσε,
796 1112 891 1166 καὶ
913 1113 1041 1176 τοὺς
1060 1112 1327 1181 ἀγγέλους
1354 1114 1434 1176 εἰς
1456 1112 1556 1185 τὴν
1573 1112 1809 1184 ἀρχαίαν

224 1200 401 1272 ἤγαγε
425 1202 606 1273 χαρὰν
634 1206 957 1276 σωζομένων
991 1203 1326 1277 ἀνθρώπων,
1361 1207 1457 1260 καὶ
1487 1206 1696 1277 συνῆψε
1738 1204 1810 1259 τὰ

226 1294 378 1347 κάτω
408 1296 526 1357 τοῖς
556 1295 701 1349 ἀνωο
728 1297 825 1350 καὶ
857 1295 1016 1351 τοῦτο
1042 1299 1162 1352 ἐστι
1186 1297 1249 1351 τὺ
1267 1338 1282 1365 ,
1311 1297 1810 1363 ἀποκαταλλάξαι

222 1384 293 1439 τὰ
340 1384 564 1443 πάντα.
615 1386 872 1460 Ἐποίησε
916 1393 1027 1462 γὰρ
1066 1392 1310 1464 είρήνην,
1344 1392 1440 1445 καὶ
1472 1391 1574 1463 τὴν
1607 1390 1808 1462 ἔχθραν

220 1472 356 1547 ἦρεν
383 1479 450 1531 ἐκ
477 1477 571 1531 τοῦ
614 1481 805 1550 μέσου.
838 1482 930 1535 Διὸ
953 1483 1049 1537 καὶ
1070 1483 1255 1553 ελεγον
1286 1484 1336 1537 οἱ
1365 1484 1620 1554 ἄγγελοι,
1654 1483 1810 1548 Δόξα

220 1570 289 1625 ἐν
313 1571 603 1640 ὑψίστοις
631 1570 775 1637 Θεῷ,
812 1574 908 1627 ἀὶ
934 1574 1033 1629 ἐπὶ
1052 1573 1169 1645 τῆς
1189 1574 1420 1644 εἰρήνη.

298 1680 316 1714 ι
366 1662 484 1717 Καὶ
527 1663 674 1734 ὑμᾶς
723 1665 854 1720 ποτὲ
908 1666 1071 1731 ὂντας
1116 1667 1670 1741 ἀπηλλοτριωμένους
1714 1666 1809 1721 καὶ

1906 462 2087 517 omnia
2116 464 2173 518 in
2204 461 2407 532 ipsum,
2464 460 2764 531 paciﬁcans
2814 476 2912 532 per
2950 461 3270 529 sanguinem
3305 460 3488 516 crucis

1906 553 2048 625 ejus,
2097 568 2193 625 per
2245 554 2444 624 ipsum,
2501 553 2619 611 sive
2671 569 2794 625 qua:
2834 555 2891 608 in
2948 538 3135 619 terris,
3194 552 3309 609 sive
3367 568 3491 623 qua:

1908 648 1962 703 in
2007 646 2162 703 cmlis
2191 654 2342 703 sunt.
2385 665 2406 700 ›

1978 738 2037 796 lu
2067 740 2175 797 hoc
2202 755 2424 811 quoque
2473 739 2597 796 loco
2624 739 2809 796 verbis
2852 738 2979 795 aliis
3005 739 3285 803 enuntiat,
3323 737 3491 808 208

1908 831 2021 888 Deo
2054 833 2450 905 complacitum
2481 832 2677 901 fuisse,
2720 841 2780 889 ut
2807 834 2863 889 in
2897 832 3123 889 Christo
3152 834 3487 887 instauraret

1910 927 2168 982 universa
2222 940 2347 997 quae
2398 927 2453 982 in
2510 926 2691 993 caelis,
2746 935 2803 981 et
2866 940 2992 997 quae
3048 924 3102 979 in
3146 925 3312 980 terris
3337 933 3486 979 sunt.

1908 1017 2042 1073 Nam
2077 1018 2287 1075 Christi
2320 1033 2493 1086 mors,
2531 1034 2657 1075 cum
2685 1018 2966 1075 hominem
2997 1019 3208 1074 salvum
3242 1016 3374 1072 fecit
3405 1033 3493 1072 re-

1910 1110 2374 1183 dintegravitque,
2408 1119 2525 1166 tum
2558 1111 2773 1183 angelis
2802 1109 3069 1182 gaudium
3098 1109 3335 1165 reddidit
3372 1109 3492 1179 pri-

1911 1206 2118 1262 stinum
2177 1212 2408 1277 propter
2461 1205 2698 1262 salutem
2758 1204 3071 1268 hominum,
3121 1214 3176 1259 et
3224 1201 3489 1258 inferiora

1911 1294 2293 1367 superioribus
2362 1295 2680 1367 copulavit:
2736 1303 2904 1367 atque
2958 1295 3061 1350 hoc
3121 1301 3229 1359 est,
3266 1294 3492 1348 reconci-

1912 1389 2050 1444 liare
2098 1387 2301 1444 omnia.
2360 1388 2576 1444 Etenim
2616 1401 2807 1459 pacem
2846 1386 2999 1453 fecit,
3056 1386 3493 1456 inimicitiasipte

1912 1480 2143 1538 sustulit
2202 1495 2235 1537 e
2286 1479 2492 1536 medio.
2544 1478 2896 1551 Quapropter
2943 1479 3129 1551 angeli
3187 1477 3488 1533 dicebant:

1914 1569 2101 1626 Gloria
2138 1570 2196 1625 in
2222 1568 2445 1626 excelsis
2476 1568 2605 1636 Deo,
2636 1578 2685 1625 et
2716 1569 2770 1624 in
2802 1580 2943 1624 terra
2970 1584 3076 1640 pax
3111 1570 3179 1626 7°.

1989 1667 2156 1724 Vsus.
2185 1666 2281 1732 2|,
2340 1664 2433 1722 22.
2473 1684 2492 1718 ι
2527 1663 2596 1719 Ει
2640 1680 2740 1721 vos
2790 1680 2918 1721 cum
2959 1664 3159 1721 essetis
3195 1663 3492 1733 aliquando

221 1751 458 1825 ιχθροὺς
489 1728 579 1825 τῇ-
603 1754 815 1826 διανοίᾳ
835 1798 851 1823 ,
884 1760 943 1810 ὲν
976 1728 1092 1822 τοῦς
1128 1728 1311 1831 ἔργοις
1356 1728 1488 1825 τοῖς,
1522 1728 1802 1831 πονηροῖς,

1925 1754 2164 1819 alienati,
2194 1763 2249 1807 et
2286 1751 2495 1807 inimici
2541 1766 2709 1808 sensu
2743 1752 2798 1806 in
2833 1750 3091 1821 operibus
3126 1750 3308 1815 malis,
3342 1762 3491 1803 nunc

219 1851 338 1902 νυνὶ
368 1847 428 1901 δὲ
482 1849 932 1921 ἀποκατήλλαξεν
966 1851 1025 1905 ὲν
1065 1850 1144 1924 τῷ
1192 1854 1404 1923 σώματι
1456 1853 1554 1917 τῆς
1600 1853 1806 1922 σαρκὸς

219 1937 387 1995 αὐτοῦ
415 1939 511 1993 διὰ
551 1939 645 1995 τοῦ
695 1941 959 2013 θανάτου..
1014 1944 1371 2017 παραστῆσαι
1427 1945 1574 2015 ὑμᾶς
1613 1945 1805 2014 ἁγίους

219 2032 313 2086 καὶ
346 2030 643 2102 ἀμώμους,
676 2034 771 2088 καὶ
803 2036 1168 2108 ἀνεγκλήτους
1197 2037 1537 2092 κατενώπιον
1562 2038 1751 2093 αὐτοῦ.
1782 2058 1801 2091 ι

308 2124 537 2195 Ἐχθροὶ
596 2121 738 2196 ἦσαν
788 2128 856 2198 τῇ
901 2127 1114 2202 διανοίᾳ
1162 2130 1212 2183 οἱ
1255 2132 1655 2202 κεχωρισμένοι
1708 2130 1805 2185 τοῦ

230 2217 451 2290 Ἰσραὴλ
482 2216 573 2272 διὰ
620 2218 681 2273 τὸ
722 2222 781 2273 έν
824 2220 1011 2294 ἔργοις
1051 2219 1193 2276 εἶναι
1228 2226 1514 2296 πονηροῖς.
1562 2222 1675 2295 Τὴν
1708 2223 1807 2295 μὲν

216 2310 687 2383 προϋπάρχουσαν
717 2310 939 2385 ἔχθραν,
963 2315 1054 2370 διὰ
1097 2316 1199 2388 τὴν
1228 2316 1429 2371 κακίαν
1456 2317 1550 2371 κα)⁵
1570 2318 1807 2387 ἀνομίαν

216 2408 297 2469 εἰς
336 2404 527 2475 φιλίαν
556 2406 877 2478 ἐληλυθέναι
925 2409 1082 2481 φησὶ,
1113 2408 1203 2463 διὰ
1242 2410 1304 2463 τὸ
1340 2409 1685 2482 νεκρωθῆναι
1714 2410 1814 2465 τὸν

213 2494 315 2565 τῆς
341 2494 553 2567 σαρκὸς
589 2495 727 2568 βίον,
768 2497 863 2552 τὸν
904 2500 962 2553 ιν
993 2499 1127 2571 ἡμῖν
1163 2499 1263 2571 μὲν
1297 2500 1715 2573 έρρυπωμένον,
1747 2501 1806 2554 έν

215 2588 441 2661 Χριστῷ
465 2590 527 2644 δὲ
555 2589 798 2662 καθαρὸν
821 2632 837 2659 ,
886 2590 1113 2646 δοθέντα
1140 2590 1200 2645 δὲ
1231 2590 1384 2664 ὅμως
1412 2592 1494 2656 είς
1535 2591 1806 2665 νέκρωσιν

217 2680 356 2752 ὑπὲρ
396 2681 500 2735 τοῦ
534 2682 635 2754 τὴν
665 2684 725 2737 έν
748 2680 827 2754 τῷ
851 2682 952 2754 βίῳ
995 2682 1173 2755 τούτῳ
1192 2682 1324 2755 παρ’
1367 2684 1503 2756 ἡμῖν
1530 2701 1807 2758 κεκρατη-

214 2776 371 2829 κυίαν
400 2774 685 2847 ἁμαρτίαν
714 2776 780 2830 ὲκ
819 2774 1039 2848 βάθρων
1066 2776 1449 2849 ἀναιρεθῆναι,
1484 2776 1627 2832 ὥστε
1655 2778 1806 2849 ἡμᾶς

213 2866 335 2920 καθ’
370 2868 572 2940 ἑτέραν
608 2866 757 2940 ζωὴν
782 2870 884 2941 τὴν
917 2870 982 2922 ὲκ
1018 2868 1231 2940 νεκρῶν
1260 2871 1614 2942 παραστῆναι
1641 2871 1762 2944 Θεῷ
1782 2913 1802 2941 ,

216 2954 412 3023 μηκέτι
440 2955 664 3027 ἐνόχους
687 2958 802 3022 τοῖς
827 2958 999 3030 έγκλή
1010 2974 1147 3027 μασι
1176 2959 1278 3031 τῆς
1299 2960 1582 3032 προτέρας
1611 2961 1761 3034 ζωῆς
1786 3002 1801 3027 ,

1915 1857 2099 1904 autem
2153 1846 2532 1902 reconciliavit
2591 1846 2646 1900 in
2700 1858 2934 1915 corpore
2982 1842 3165 1899 carnis
3218 1841 3339 1912 ejus
3392 1855 3491 1911 per

1914 1949 2169 2005 mortem,
2216 1939 2478 1995 exhibere
2508 1954 2606 1994 vos
2629 1946 2875 2005 sanctos,
2908 1943 2962 1994 et
2996 1933 3401 1994 itnmaculatos.
3435 1938 3490 1989 et

1916 2028 2437 2100 irreprehensibiles
2469 2042 2660 2083 coram
2698 2027 2842 2098 ipso.
2875 2043 2893 2077 ι

1986 2121 2156 2176 Sensu
2217 2130 2379 2177 erant
2433 2119 2688 2181 inimici,
2768 2117 2863 2189 qui
2926 2115 3360 2189 segregabantur
3421 2113 3490 2170 ab

1914 2211 2105 2279 Israel,
2142 2229 2267 2269 cum
2313 2226 2541 2284 operam
2593 2210 2754 2267 malis
2810 2209 3072 2281 operibus
3119 2210 3335 2265 darent.
3366 2206 3491 2263 Pri-

1915 2313 2092 2367 stinas
2118 2310 2340 2382 quidem
2398 2307 2740 2371 inimicitias,
2796 2322 2937 2378 quas
2968 2304 3175 2363 malitia
3205 2314 3257 2360 et
3282 2302 3495 2373 iniqui-

1915 2413 2000 2461 tas
2031 2414 2383 2476 pepererant,
2427 2419 2483 2457 ιιι
2540 2400 2844 2457 amicitiam
2890 2415 3018 2457 esse
3049 2405 3294 2454 mutatas
3327 2396 3488 2464 dicit,

1914 2499 2025 2551 vita
2056 2496 2243 2552 carnis
2287 2494 2588 2561 exstincta,
2641 2508 2765 2565 quae
2791 2493 3037 2565 quidem,
3060 2507 3185 2548 cum
3220 2490 3275 2547 in
3329 2490 3493 2547 nobis

1914 2589 2253 2656 sorduisset,
2312 2589 2367 2644 in
2403 2582 2628 2644 ChriSto
2672 2586 2877 2643 munda
2920 2585 3063 2641 facta
3108 2592 3195 2641 est
3232 2601 3248 2637 :
3284 2584 3490 2655 quippe

1911 2694 2036 2750 quae
2081 2680 2209 2735 data
2262 2678 2369 2734 fuit
2409 2679 2479 2734 ad
2516 2678 3023 2745 mortificationem,
3067 2684 3125 2732 ut
3176 2683 3493 2747 peccatum,

1911 2772 2057 2843 quod
2091 2771 2145 2827 in
2178 2770 2283 2826 hac
2316 2768 2430 2825 vita
2465 2769 2808 2825 dominatum
2858 2768 2916 2824 in
2946 2768 3107 2824 nobis
3154 2766 3351 2831 fuerat,
3397 2781 3492 2821 ra-

1910 2865 2117 2920 dicitus
2144 2864 2458 2929 tolleretur,
2486 2878 2595 2934 quo
2628 2877 2730 2919 nos
2761 2869 2828 2919 ex
2874 2860 3113 2917 mortuis
3149 2859 3316 2916 vitam
3349 2858 3489 2915 alte-

1912 2972 2029 3011 ram
2068 2962 2299 3023 agentes
2352 2962 2889 3025 repraesentaremur
2940 2950 3074 3017 Deo,
3107 2966 3209 3007 nec
3240 2964 3489 3006 essemus

212 3044 323 3099 ὅσοι
350 3045 558 3120 δηλαδὴ
583 3064 647 3101 συ
656 3048 912 3122 μμορφού
920 3048 1063 3122 μεθα
1090 3049 1169 3125 τῷ
1191 3048 1410 3124 θανάτῳ
1433 3052 1530 3107 καὶ
1562 3054 1628 3125 τῇ
1670 3054 1802 3108 ἀνα-

1925 3048 2177 3118 ieinceps
2219 3045 2524 3102 anterioris
2560 3045 2688 3100 vitae
2734 3043 3031 3099 criminum
3077 3040 3193 3107 rei;
3222 3047 3491 3112 quotquot

165 3208 168 3211 Δ
214 3138 400 3195 στάσει
430 3139 530 3195 τοῦ
552 3140 817 3213 Χριστοῦ.

288 3339 307 3375 ι
346 3320 419 3377 Εἴ
445 3339 515 3393 γε
545 3320 837 3395 ἐπιμένετε
872 3326 940 3397 τῇ
978 3324 1161 3382 πίστει
1205 3326 1669 3401 τεθεμελιωμένοι
1708 3331 1805 3387 και

213 3413 414 3484 ἑδραῖοι
440 3456 457 3482 ,
508 3415 607 3469 καὶ
657 3416 734 3489 μὴ
781 3418 1238 3491 μετακινούμενοι
1284 3421 1394 3476 ἀπὸ
1418 3420 1544 3494 ἱτῆς
1585 3422 1804 3489 ἐλπίδος

213 3507 306 3563 τοῦ
341 3508 687 3579 Εὑαγγελίου
716 3549 732 3574 ,
764 3503 827 3566 οῦ
858 3510 1156 3591 ἠκούσατε,
1190 3512 1287 3568 τοῦ
1335 3516 1711 3589 κηρυχθέντος
1745 3519 1804 3572 έν

212 3599 359 3673 πάσῃ
388 3604 455 3674 τῇ
489 3602 669 3657 κτίσει
695 3605 762 3676 τῇ
797 3602 906 3658 ὑπὸ
926 3604 1018 3659 τὸν
1040 3605 1293 3678 οὐρανὸν,
1309 3602 1373 3663 οὗ
1397 3607 1667 3683 ἐγενόμην
1689 3610 1802 3681 ἐγὼ

212 3690 419 3757 Παῦλος
440 3692 715 3758 διάκονος.
752 3711 774 3748 ι

289 3784 516 3857 Ἐπειδὴ
561 3786 701 3859 ἀκοῇ
736 3789 806 3843 τὰ
842 3786 966 3845 κατ’
999 3790 1202 3857 αὐτοὺς
1236 3787 1384 3850 οἶδεν
1409 3833 1427 3861 ,
1471 3794 1801 3868 ἀμφιϐόλως

211 3878 454 3950 εἴρηκεν,
500 3879 572 3934 Εἴ
596 3897 664 3950 τε
694 3881 1025 3952 ἐπιμένετε.
1063 3885 1323 3955 Δηλονότι
1356 3888 1458 3961 τῆς
1490 3890 1732 3956 πίστεως
1763 3893 1798 3961 ἠ

210 3971 444 4046 ἒπιμονὴ
479 3972 690 4044 βεϐαιοῖ
715 3975 816 4047 τήν
847 3976 987 4051 πρὸς
1015 3978 1151 4065 Θεὸν
1176 3979 1477 4039 οἱκείωσιν.

282 4168 304 4204 ι
337 4150 453 4208 Νῦν
479 4152 659 4227 χαίρω
678 4154 739 4209 ὲν
757 4157 873 4222 τοῖς
898 4157 1225 4231 παθήμασιν
1248 4163 1390 4245 ὑπὲρ
1423 4163 1596 4237 ὑμῶν.
1628 4186 1650 4221 ι

291 4325 623 4398 Ἐναγώνιον
650 4331 713 4384 τὸ
742 4330 901 4404 ἔργον
929 4334 1027 4389 τοῦ
1069 4335 1425 4397 Ἀποστόλου.
1463 4343 1574 4397 Καὶ
1598 4346 1793 4418 ἐπειδὴ

1858 3130 1874 3152 ⁸
1909 3139 2173 3194 nimirum
2209 3136 2545 3195 conformati
2578 3149 2776 3193 sumus
2816 3135 2884 3192 ad
2920 3142 3155 3191 mortem
3208 3140 3262 3189 et
3296 3146 3488 3189 resur-

1907 3234 2213 3287 rectionem
2240 3229 2471 3287 Christi.

1977 3322 2150 3381 νεεδ.
2176 3323 2268 3381 25.
2299 3341 2319 3377 ι
2359 3323 2415 3379 Si
2443 3332 2627 3379 tamen
2659 3321 2998 3394 permanetis
3028 3320 3085 3376 in
3119 3316 3229 3376 {ide
3255 3318 3485 3387 fundali,

1905 3427 1961 3475 et
2000 3419 2247 3485 stabiles,
2298 3424 2355 3474 et
2417 3416 2731 3473 immobiles
2762 3430 2791 3470 a
2846 3429 2945 3485 spe
3000 3411 3307 3489 Evangelii,
3340 3411 3489 3485 quod

1906 3512 2165 3577 audistis,
2224 3509 2371 3583 quod
2421 3509 2782 3581 praedicatum
2820 3516 2907 3564 est
2939 3507 2995 3564 in
3041 3509 3299 3563 universa
3330 3520 3485 3561 crea-

1904 3607 2051 3666 tura,
2115 3615 2240 3671 qua:
2291 3599 2396 3654 sub
2450 3600 2595 3655 cuslo
2646 3606 2768 3665 est;
2826 3595 2987 3668 cujus
3018 3595 3196 3654 factus
3238 3611 3359 3653 sum
3388 3610 3491 3667 ego

1905 3694 2183 3751 minister.
2215 3706 2241 3745 τ

1977 3786 2253 3856 Quoniam
2286 3786 2482 3843 auditu
2516 3783 2793 3841 duntaxat
2848 3792 3138 3856 acceperat
3176 3799 3298 3856 quae
3340 3783 3488 3855 apud

1901 3895 2000 3938 eos
2060 3886 2412 3952 gererentur,
2462 3878 2621 3947 quasi
2670 3876 2921 3933 incertus
2978 3874 3142 3940 dixit,
3201 3876 3250 3931 si
3310 3885 3487 3931 tamen

1899 3972 2243 4045 permanetis.
2289 3970 2558 4027 Nimirum
2613 3969 2737 4026 ﬁdei
2794 3970 3105 4025 constantia
3143 3968 3355 4023 ﬁrmius
3385 3982 3490 4025 nos

1903 4068 2020 4125 Deo
2046 4065 2331 4123 conciliat.

1952 4154 2139 4217 Δνειιε.
2203 4159 2296 4215 ‘24.
2336 4178 2355 4212 ι
2386 4158 2547 4215 Nune.
2600 4158 2817 4231 gaudeo
2876 4158 2931 4214 in
2990 4154 3347 4229 passionibus
3387 4168 3489 4226 pro

1904 4257 2079 4312 vobis.
2123 4275 2142 4307 ι

1973 4348 2227 4417 Apostoli
2262 4364 2465 4403 munus
2492 4346 2560 4401 ad
2591 4345 2896 4402 certamina
2931 4351 3308 4415 comparatum
3341 4350 3485 4398 erat.

210 4420 335 4491 περὶ
368 4418 430 4474 τδ
473 4418 636 4491 ἔργον
673 4424 792 4478 ἐστὶ
837 4426 1117 4498 πρόθυμος
1142 4468 1157 4494 ,
1190 4430 1373 4503 χαίρει
1425 4434 1519 4488 καὶ
1570 4437 1631 4489 ὲν
1679 4441 1794 4505 τοῖς

1925 4441 2173 4508 Quocirca
2204 4457 2330 4496 cum
2370 4441 2544 4496 alacri
2579 4440 2768 4494 animo
2804 4438 3087 4494 incumbat
3126 4438 3317 4509 operi;
3364 4437 3488 4491 ideo

212 4511 591 4587 ἀγωνίσμασιν
643 4511 727 4581 οἷς
783 4518 1119 4588 ἀγωνίζεται
1174 4523 1318 4597 ὑπὲρ
1374 4526 1478 4596 τῆς
1555 4528 1793 4603 Ἐκκλη-

217 4604 353 4670 σίας.
394 4626 415 4660 ι

283 4718 303 4751 ι
357 4699 471 4755 Καὶ
509 4700 910 4788 ἀνταναπληρῶ
937 4705 1008 4760 τὰ
1030 4707 1387 4789 ὑστερήματα
1423 4708 1535 4767 τῶν
1556 4714 1791 4787 θλίψεων

211 4790 301 4845 τοῦ
329 4793 570 4866 Χριστοῦ
600 4796 659 4849 έν
682 4798 748 4869 τῇ
772 4798 939 4870 σαρκί
971 4816 1074 4871 μου
1108 4802 1247 4874 ὑπὲρ
1274 4803 1369 4859 τοῦ
1410 4806 1664 4877 σώματος
1688 4812 1791 4866 αὺ-

214 4884 302 4940 τοῦ
322 4929 337 4953 ,
363 4887 391 4942 ὅ
416 4889 567 4943 ἔστιν
606 4890 638 4962 ἡ
678 4890 976 4965 Ἐκκλησία
996 4911 1011 4925 ο
1038 4889 1107 4966 ἧς
1153 4898 1423 4971 ἐγενόμην
1450 4902 1563 4970 ἐγὼ
1607 4903 1791 4959 διάκο-

214 4992 297 5040 νος
326 4981 465 5037 κατά
487 4981 588 5054 τὴν
613 4985 929 5057 οἰκονομίαν
962 4987 1058 5042 τοῦ
1094 4989 1255 5059 Θεοῦ,
1287 4992 1388 5063 τὴν
1416 4992 1667 5051 δοθεῖσάν
1698 5014 1794 5067 μοι

218 5069 295 5135 εις
320 5071 485 5145 ὑμᾶς.
502 5095 520 5128 ι
1164 5103 1166 5105 >

284 5166 536 5260 Τουτέστι
582 5176 686 5247 τῆς
735 5175 1067 5249 Ἐκκλησῐας
1094 5192 1109 5209 ο
1166 5179 1305 5236 καθὸ
1344 5181 1364 5222 1
1406 5183 1513 5257 γὰρ
1558 5184 1725 5242 αὐτοῦ
1760 5184 1793 5260 ἧ

233 5252 539 5344 Ἰιξκκλησίι
1418 5252 1427 5255 Ἴ
1484 5252 1511 5333 ’ί

232 5436 235 5439 ὗ
284 5349 572 5426 Πληρῶσαι
612 5358 711 5413 τὸν
746 5358 908 5431 λόγον
942 5362 1036 5418 τοῦ
1065 5362 1200 5421 θεοῦ
1224 5405 1241 5433 ,
1284 5364 1678 5444 τδήμυστήριον
1725 5373 1784 5425 τὸ

281 5531 328 5570 ⁷⁸
353 5532 485 5593 Luc.
527 5553 590 5604 ιι,
634 5539 721 5594 id.

1902 4532 1959 4586 in
1989 4532 2387 4589 certaminibus
2415 4533 2653 4598 laetatur,
2702 4530 2905 4601 quibus
2944 4543 3046 4600 pro
3091 4529 3337 4585 Ecclesia
3391 4528 3489 4583 de-

1903 4625 2160 4681 sudabat.

1979 4736 1998 4769 ι
2038 4717 2104 4774 Ει
2149 4719 2424 4789 adimplet)
2478 4732 2601 4788 quae
2629 4719 2851 4784 desunt
2892 4720 3214 4788 passionum
3257 4718 3485 4785 Christi,

1902 4812 1956 4869 in
1992 4828 2165 4870 carne
2200 4828 2341 4873 mea.
2378 4830 2481 4884 pro
2521 4829 2756 4885 corpore
2791 4813 2936 4884 ejus,
2986 4814 3132 4885 quod
3183 4826 3265 4870 est
3297 4813 3487 4869 Eccle-

1899 4907 2003 4973 sia,
2061 4905 2254 4979 [Vsns.
2300 4907 2403 4981 25]
2472 4908 2632 4978 cujus
2690 4906 2871 4964 factus
2906 4923 3030 4963 sum
3082 4922 3185 4978 ego
3232 4906 3491 4961 minister

1897 5001 2203 5059 secundum
2230 5000 2708 5073 dispensationem
2754 4998 2879 5068 Dei,
2913 5014 3036 5071 quae
3068 4998 3197 5054 data
3236 5005 3321 5055 est
3348 4995 3483 5051 mihi

1895 5095 1949 5149 in
1981 5108 2099 5151 vos.
2134 5112 2153 5147 ι
3512 5097 3515 5100 ‘

1968 5187 2089 5242 Hoc
2133 5197 2219 5244 est
2272 5202 2382 5260 pro
2414 5186 2707 5256 Ecclesia;
2776 5198 2984 5256 corpus
3021 5184 3170 5241 enim
3225 5183 3347 5255 ejus
3395 5188 3481 5238 es!

1895 5278 2168 5335 Ecclesia.

1979 5392 1994 5424 ι
2034 5371 2103 5430 Ut
2148 5371 2404 5443 impleam
2450 5372 2681 5431 verbum
2741 5370 2861 5441 Dei,
2890 5368 3083 5448 [νειιε.
3130 5364 3322 5443 26-29]
3358 5379 3484 5440 my-

1474 5637 1713 5695 VARME
1755 5637 2165 5697 LECTIOMLS.

328 5714 640 5807 ιιοιει-ἰω,
664 5726 827 5798 σῶμα
854 5727 1059 5805 potius.
1102 5726 1206 5787 Sed
1249 5736 1433 5787 textus
1465 5731 1694 5790 nimium
1731 5732 1802 5790 ιιι(

1925 5742 2077 5790 tatus
2110 5735 2449 5810 mutilusque
2482 5744 2588 5797 est.
