3870 6260
354 218 468 287 895

1553 210 1614 271 S.
1645 202 1963 271 JOANNIS
2004 194 2438 261 DAMASCENI

3533 197 3627 265 896

351 339 407 388 et
452 328 768 400 cxspolians
806 290 1156 401 principatus
1193 333 1250 382 et
1303 328 1635 397 potestates,
1690 318 1935 378 traduxit

2067 328 2129 375 ος
2166 309 2266 372 τὰς
2299 308 2485 380 ἀρχὰς
2532 306 2633 364 καὶ
2674 306 2778 374 τὰς
2826 307 3083 375 ἔξουσίας
3106 349 3124 378 ,
3175 306 3544 379 ἐδειγμάτισεν
3578 314 3628 387 iv

353 422 716 490 conﬁdenter,
785 422 975 493 palam
1019 417 1373 488 triumphans
1441 416 1569 472 illos
1631 415 1687 470 in
1723 422 1930 492 semet:

354 517 497 588 ipso.
532 534 552 568 ι

426 606 487 663 In
518 622 615 663 eos
643 605 736 676 qui
769 611 1131 661 contumaces
1173 601 1231 658 in
1260 602 1429 657 Deum
1474 600 1649 665 fuere,
1683 598 1934 671 quaedam

357 700 528 754 veluti
564 699 844 768 scriptura
872 703 984 762 est,
1017 710 1283 767 expressa
1325 709 1509 765 pravae
1534 693 1661 747 vitae
1693 690 1938 748 delinea-

360 794 459 847 tio.
498 794 935 847 lnstrumentum
980 788 1086 844 hoc
1127 786 1362 841 dilutum
1413 784 1537 848 fuit,
1584 791 1646 838 ut
1678 798 1789 839 non
1820 796 1939 859 amg

361 886 507 957 plius
560 883 857 938 adversum
906 895 1005 936 nos
1040 885 1404 943 contestetur,
1442 876 1605 932 modo
1630 874 1699 930 ad
1745 876 1941 932 decre-

364 990 481 1034 tum
513 977 761 1032 divinum
786 975 1146 1038 accedamus,
1198 971 1372 1026 libera
1421 969 1610 1038 utique
1634 967 1939 1035 voluntate,

364 1068 732 1139 diligentique
790 1064 996 1121 studio.
1056 1062 1227 1117 Cruci
1276 1062 1466 1131 itaque
1522 1058 1739 1115 Domini
1799 1059 1938 1114 illud

370 1158 594 1215 allixum
648 1158 775 1224 fuit,
829 1157 936 1212 hoc
978 1166 1062 1211 est
1094 1154 1365 1208 abolitum
1399 1161 1454 1207 et
1483 1151 1823 1215 rescissum,
1843 1167 1944 1207 ex-

370 1255 579 1310 Stincta
632 1252 772 1320 vita,
824 1252 880 1306 in
928 1264 1036 1320 qua
1064 1246 1461 1318 improbitatis,
1488 1244 1718 1317 ejusque
1747 1252 1943 1301 contra

371 1363 474 1403 nos
502 1344 810 1402 testimonii
844 1343 1262 1414 expressionem
1295 1338 1628 1394 ferebamus.
1671 1336 1806 1392 Nam
1843 1339 1944 1409 qui

370 1442 543 1497 vitam
595 1439 754 1495 ismm
814 1435 1129 1501 exstinxit,
1216 1432 1644 1504 chirographum
1711 1432 1948 1489 subinde

371 1533 522 1605 quod
583 1531 855 1587 adversus
921 1544 1042 1586 eam
1099 1526 1376 1593 exstabat,
1427 1524 1835 1597 pessumdedit,
1891 1533 1949 1582 et

370 1639 572 1697 pravas
602 1629 935 1693 potestates,
972 1634 1093 1691 quae
1120 1617 1256 1673 vitio
1291 1616 1720 1685 carniscircum
1753 1630 1949 1673 excre—

373 1728 592 1785 veraut,
627 1732 863 1788 qumque
908 1722 1084 1769 totum
1120 1711 1402 1767 hominem
1448 1709 1801 1780 obtegebant,
1836 1724 1949 1765 una

374 1828 499 1867 cum
532 1826 765 1881 corpore
815 1808 989 1873 exuit,
1042 1805 1463 1876 suspenditque,
1512 1804 1671 1874 211
1725 1803 1864 1860 adeo
1890 1810 1953 1860 ut

376 1906 691 1976 susciperet
738 1902 964 1974 quidem
1016 1902 1138 1972 ipse
1180 1896 1565 1955 confusionem
1602 1905 1729 1952 ante
1765 1896 1951 1953 homi-

375 2018 510 2058 num
547 2000 778 2066 oculos;
818 2011 982 2069 quam
1024 2010 1158 2050 vero
1189 1993 1243 2049 lu
1276 1993 1401 2047 illos
1433 2007 1463 2046 a
1508 1990 1791 2063 quibusin
1821 2006 1952 2048 eru-

376 2107 497 2147 cem
530 2099 690 2144 actus
728 2086 853 2150 fuit,
903 2085 1019 2141 sive
1070 2086 1126 2139 in
1181 2083 1466 2153 principes
1520 2082 1689 2149 hujus
1732 2082 1948 2151 mundi,

260 2205 271 2211 ·
377 2184 657 2253 rejiceret.
687 2179 831 2234 Mors
862 2178 1009 2233 enim
1047 2178 1102 2231 in
1136 2190 1245 2247 qua
1279 2175 1448 2230 robur
1478 2190 1669 2230 eorum
1704 2178 1950 2247 positum

376 2284 527 2340 erat,
562 2281 790 2329 enecata
826 2277 932 2335 est,
984 2276 1042 2325 et
1080 2269 1135 2323 in
1181 2268 1354 2322 vitam
1411 2276 1795 2326 commutata:
1840 2287 1953 2343 quo

380 2366 588 2422 factum
644 2371 754 2427 est,
813 2372 871 2418 ut
894 2360 976 2417 illi
1033 2360 1232 2415 throno
1270 2359 1606 2429 exciderint,
1663 2361 1953 2420 destructa

378 2468 577 2523 morte,
613 2471 736 2528 quae
767 2455 922 2512 basis
959 2453 1087 2523 ejus
1130 2459 1185 2509 et
1218 2451 1638 2509 fundamentum
1667 2462 1809 2513 erat.

456 2570 474 2603 ι
508 2550 699 2624 [Vsus
732 2547 816 2615 l6,
844 2545 958 2620 17.]
982 2545 1153 2601 Nemo
1175 2559 1310 2616 ergo
1339 2560 1438 2601 vos
1463 2546 1673 2616 judieet
1710 2547 1765 2602 in
1806 2548 1953 2615 cibo,

380 2651 475 2699 aut
508 2643 561 2697 in
586 2651 739 2712 potu,
780 2647 875 2695 aut
906 2639 959 2695 iu
988 2645 1143 2708 parte
1179 2636 1288 2692 diei
1322 2637 1467 2703 festi,
1508 2646 1600 2693 aut
1619 2636 1953 2709 Neomeniae,

379 2744 475 2791 aut
504 2732 901 2792 Sabbatorum.‘
923 2746 1045 2801 qua:
1076 2739 1207 2787 sunt
1238 2729 1435 2785 umbra
1468 2727 1801 2799 futurorum,
1834 2748 1956 2788 cor-

378 2844 483 2899 pus
514 2836 698 2882 autem
727 2824 953 2881 Christi.
989 2842 1009 2876 ι

450 2920 600 2977 Facti
660 2919 798 2977 estis
835 2920 1132 2984 immunes,
1168 2917 1369 2990 inquit,
1423 2918 1493 2972 ab
1522 2916 1633 2973 illis
1663 2920 1954 2990 praeceptis

2046 396 2356 472 παρρησίᾳ,
2388 397 2786 471 θριαμϐεύσας
2821 399 3025 465 αὐτοὺς
3046 400 3109 457 ὲν
3136 399 3313 473 αὐτῷ.

2121 578 2209 632 Ἐν
2229 577 2347 641 τοῖς
2372 577 2775 649 παρακούσασι
2798 578 2963 647 Θεοῦ,
2994 579 3254 653 καθάπερ
3274 580 3509 654 γράμμα
3527 581 3636 640 ini

2035 671 2137 742 τὴν
2160 670 2453 742 παρακοὴν
2478 672 2733 744 ἐλέγχον,
2769 675 2804 746 ή
2835 673 3176 741 ὲκτύπωσις,
3204 676 3238 744 ἠ
3270 674 3335 727 ὲκ
3355 675 3457 746 τῆς
3478 692 3636 748 πονη-

2040 760 2141 830 ρᾶς
2169 757 2337 829 ζωῆς.
2373 759 2450 814 Τὸ
2473 760 2812 834 διάγραμμα
2834 760 2999 818 τοῦτο
3022 762 3392 834 ἐξαλείφεται,
3430 763 3507 829 ὡς
3538 783 3643 837 μηε

2040 848 2158 903 κέτι
2188 853 2641 922 καταμαρτυρεῖν
2672 851 2857 923 ἡμῶν,
2906 851 3007 906 ἐὰν
3038 852 3275 925 δόγματι
3316 853 3448 925 θείῳ
3482 872 3639 925 προσ-

2043 938 2231 1009 ίωμεν,
2251 939 2503 994 τουτέστι
2548 941 2874 1012 προαιρέσει
2912 942 3010 997 καί⁵
3031 943 3262 1017 σπουδῇ,
3288 944 3639 1016 Προσήλωται

2050 1026 2167 1095 οὖν,
2201 1030 2374 1100 φησὶ,
2407 1030 2487 1102 τῷ
2532 1031 2760 1104 σταυρῷ
2792 1034 2889 1087 τοῦ
2932 1033 3169 1105 Κυρίου,
3213 1035 3466 1090 τουτέστι
3506 1035 3641 1088 νενέο

2043 1136 2251 1190 κρωται
2277 1118 2373 1173 καὶ
2411 1121 2699 1192 ἡκύρωται
2723 1162 2739 1189 ,
2766 1122 2873 1194 τῆς
2902 1124 3054 1195 ζωῆς
3081 1124 3461 1199 νεκρωθείσης
3480 1168 3499 1194 ,
3524 1126 3579 1179 ὲν
3609 1119 3638 1201 ᾖ

2042 1210 2143 1284 τὴν
2195 1209 2448 1266 τύπωσιν
2500 1212 2730 1286 εἴχομεν
2782 1215 2889 1287 τῆς
2937 1217 3208 1289 πονηρίας
3239 1257 3257 1283 ,
3302 1218 3401 1272 καὶ
3441 1218 3542 1289 τῆς
3586 1217 3643 1282 ἐξ

2046 1304 2215 1375 αὐτῆς
2251 1307 2738 1379 καταμαρτυρίας.
2778 1308 2842 1364 '0
2873 1309 2986 1383 γὰρ
3015 1311 3305 1383 νεκρώσας
3336 1311 3439 1384 τὴν
3478 1311 3639 1380 ζωὴν,

2048 1392 2319 1466 ἐνέκρωσε
2347 1395 2408 1449 τὸ
2442 1396 2565 1451 κατ’
2600 1396 2773 1468 αὐτῆς
2811 1399 3195 1471 χειρόγραφον
3223 1441 3238 1466 ,
3282 1402 3379 1455 καὶ
3421 1398 3523 1463 τὰς
3553 1417 3643 1454 πο-

2048 1482 2221 1555 νηρὰς
2252 1482 2506 1549 ἐξουσίας
2526 1485 2629 1550 τὰς
2651 1488 3105 1558 περιπεφυκυίας
3137 1491 3203 1560 τῇ
3225 1488 3397 1561 κακίᾳ
3428 1491 3499 1561 τῇ
3526 1505 3646 1558 σαρ-

2050 1580 2213 1646 κικῇ,
2260 1577 2357 1631 καὶ
2394 1579 2563 1633 οἱονεὶ
2599 1581 2919 1644 σκεπούσας
2972 1581 3070 1636 καὶ
3122 1581 3515 1646 καλυπτούσας
3557 1582 3646 1636 τὸν

1981 1670 2026 1727 Β
2053 1669 2362 1741 ἄνθρωπον,
2392 1669 2847 1726 συναπεκδύσατο
2867 1672 2945 1743 τῷ
2971 1673 3212 1745 σώματι,
3238 1674 3643 1746 συνεκρέμασε,

2052 1761 2342 1836 βαστάζων
2392 1763 2492 1835 μὲν
2534 1765 2807 1835 αἰσχύνην
2850 1766 3041 1831 αὐτὸς,
3088 1768 3191 1839 τὴν
3235 1767 3293 1821 ἐν
3340 1766 3647 1839 ἀνθρώπων

2051 1853 2370 1925 ὀφθαλμοῖς,
2402 1853 2754 1926 περιτρέπων
2784 1854 2841 1908 δὲ
2874 1855 3047 1927 αὐτὴν
3076 1857 3157 1920 είς
3182 1855 3318 1921 τοὺς
3350 1857 3649 1929 σταυροῦν-

2050 1962 2148 2011 τας
2178 1945 2274 2001 τοῦ
2307 1946 2502 2011 αἰῶνος
2528 1946 2721 2002 τούτου
2771 1948 3041 2021 ἄρχοντας
3068 1948 3231 2015 ὄντας
3255 1966 3270 1981 ο
3297 1952 3380 2005 ὅτι
3409 1951 3471 2005 τὸ
3503 1953 3648 2022 ίσχυο

2053 2038 2149 2113 ρὸν
2176 2038 2380 2103 αὐτῶν,
2409 2039 2437 2092 ὁ
2463 2038 2702 2103 θάνατος
2739 2039 2986 2114 ἀνῃρέθη
3013 2040 3343 2113 μεταπεσὼν
3368 2043 3449 2107 είς
3483 2042 3648 2114 ζωὴν,

2052 2128 2194 2184 ὥστε
2231 2128 2649 2184 ἐκπεπτωκέναι
2680 2131 2775 2184 τοῦ
2802 2130 3020 2202 θρόνου,
3049 2132 3141 2186 διὰ
3175 2132 3239 2187 τὸ
3272 2131 3372 2203 τὴν
3401 2133 3647 2206 ῥίζωσιν,

2051 2219 2147 2274 καὶ
2173 2219 2273 2291 τὴν
2315 2218 2632 2292 ὑποϐάθραν
2675 2220 2841 2275 αὐτοῦ
2877 2223 3287 2295 περιῃρῆσθαι,
3333 2225 3459 2295 ἥτις
3505 2226 3649 2278 ἐστὶν

2049 2309 2082 2364 ό
2111 2309 2361 2376 θάνατος.

2132 2589 2151 2624 ι
2201 2571 2292 2642 Μὴ
2361 2568 2455 2626 οὖν
2514 2588 2598 2637 τις
2668 2571 2814 2643 ὑμᾶς
2876 2577 3115 2644 κρινέτω
3154 2574 3212 2628 ὲν
3253 2573 3500 2646 βρώσει,
3538 2576 3648 2648 ἦεν

2057 2664 2235 2731 πόσει,
2268 2664 2303 2737 ἢ
2335 2666 2393 2719 ὲν
2440 2664 2599 2737 μέρει
2665 2664 2881 2737 ἑορτῆς,
2913 2665 2947 2737 ἢ
3001 2666 3401 2738 Νουμηνίας,.ἢ
3432 2668 3651 2723 Σαϐϐά-

2055 2774 2186 2824 των,
2226 2756 2262 2812 ἆ
2300 2759 2416 2810 ἐστι
2474 2756 2605 2812 σκιὰ
2636 2756 2748 2810 τῶν
2797 2756 3120 2829 μελλόντων,
3148 2757 3209 2811 τὸ
3229 2758 3286 2812 δὲ
3314 2758 3481 2831 σῶμα
3515 2761 3650 2833 Χρι-

2058 2866 2209 2904 στου.
2241 2868 2260 2902 ι

2140 2941 2542 3013 Ἀπηλλάγητε.
2583 2941 2738 3012 φησὶ,
2799 2942 2911 2997 τῶν
2966 2942 3096 3014 περὶ
3120 2944 3394 3015 σωμάτων
3421 2963 3648 3019 νομοτε-

381 3027 505 3083 qua:
543 3012 609 3066 ad
638 3012 867 3081 corpora
902 3007 1247 3080 spectabant.
1305 3007 1442 3064 Nam
1475 3006 1589 3061 hmc
1622 3009 1807 3063 omnia
1837 3026 1954 3063 uru-

2067 3006 2347 3104 θημάτων.
2373 3006 2560 3087 Ταῦτα
2724 3006 2910 3088 πάντα
2940 3006 3173 3088 τυπικαὶ
3204 3006 3373 3091 ’σκιαὶ
3424 3006 3646 3109 μελλόν-

381 3105 610 3161 bratiles
675 3102 861 3173 ﬁgurae
908 3110 1068 3157 erant
1118 3099 1723 3170 futurorum;quando
1761 3115 1958 3172 nempe

381 3198 713 3255 assistemus
746 3194 877 3262 Deo,
912 3209 1098 3250 veram
1132 3194 1300 3260 ,illam
1337 3192 1694 3263 praeferentes
1737 3193 1958 3248 mundi-

382 3293 539 3353 tiam,
569 3282 869 3360 veramque
913 3286 1270 3343 festivitatem
1301 3292 1547 3356 agentes.

456 3382 622 3436 νεεδ.
686 3378 775 3444 18,
814 3378 899 3434 10.
933 3396 952 3430 ι
984 3376 1155 3433 Nemo
1195 3392 1293 3431 vos
1345 3376 1592 3441 seducat,
1621 3374 1812 3430 volens
1900 3374 1958 3430 in

384 3473 698 3528 humilitate
726 3479 781 3527 et
812 3470 1075 3541 religione
1114 3469 1457 3540 angelorum,
1495 3482 1618 3538 qua:
1656 3483 1764 3522 non
1796 3466 1957 3533 vidit,

385 3566 702 3632 ambulans,
762 3563 967 3619 frustra
1024 3563 1247 3619 inﬂatus
1288 3577 1455 3619 sensu
1494 3560 1685 3617 carnis
1738 3575 1875 3625 suae.
1904 3568 1960 3616 et

383 3673 497 3714 non
529 3666 720 3713 tenens
756 3666 942 3727 caput,
978 3671 1045 3711 ex
1074 3672 1182 3727 quo
1216 3663 1387 3710 totum
1431 3669 1635 3724 corpus
1664 3668 1762 3725 per
1785 3668 1961 3709 nexus

388 3760 445 3807 et
486 3749 912 3820 conjunctioues
956 3748 1443 3805 subministratqu
1490 3754 1545 3802 et
1576 3755 1959 3802 constructum

386 3843 591 3901 crescit
612 3843 668 3899 in
700 3851 1056 3915 augmentum
1092 3840 1207 3897 Dei.
1246 3861 1265 3894 ι

456 4039 652 4108 Nemo,
688 4041 786 4109 ait,
818 4038 976 4097 vobis
1007 4038 1228 4096 sanciat
1264 4039 1437 4111 legem
1459 4054 1581 4110 qua:
1617 4039 1842 4095 humilis
1864 4039 1963 4096 ad-

387 4136 501 4193 huc
530 4135 854 4206 abiectaque
884 4134 977 4200 sit,
1016 4147 1139 4205 quae
1178 4147 1274 4188 vos
1325 4132 1533 4202 angelis
1586 4135 1961 4204 procuratori-

388 4230 516 4295 bus,
570 4236 627 4285 et
688 4225 1038 4283 administris
1082 4223 1234 4280 orbis
1281 4224 1336 4280 in
1392 4226 1706 4281 carnalibus
1742 4242 1965 4298 quoque

388 4319 825 4393 subjiciat.Nam
855 4319 931 4373 illi
964 4319 1224 4375 custodes
1253 4317 1412 4389 legis,
1450 4317 1545 4388 qui
1574 4332 1692 4372 eam
1716 4334 1961 4390 sequun-

388 4423 501 4476 tur,
539 4413 688 4468 nulla
745 4426 917 4467 causa
951 4409 1277 4481 sapientiam
1332 4409 1591 4480 jactitant
1622 4426 1802 4479 suam,
1834 4427 1959 4467 eum

392 4507 597 4575 capite,
652 4502 800 4576 quod
853 4511 939 4559 est
990 4500 1272 4565 Christus,
1319 4509 1578 4570 careant;
1637 4518 1733 4573 per
1795 4520 1959 4575 quem

390 4600 714 4651 universum
762 4592 1025 4651 Ecclesiae
1091 4607 1295 4662 corpus
1346 4606 1441 4661 per
1481 4593 1882 4649 commissuras
1908 4603 1961 4651 et

389 4686 747 4758 compagines
775 4700 840 4742 ea
868 4685 1182 4741 aecretione
1212 4684 1437 4749 crescit,
1466 4698 1572 4755 qua
1594 4684 1702 4755 ipsi
1733 4699 1963 4742 conces-

398 4782 471 4837 sit
500 4781 641 4836 Deus
670 4787 727 4833 ut
753 4785 1031 4849 augescat.
1060 4776 1455 4833 Connuissuras
1491 4785 1672 4832 autem
1712 4785 1765 4833 et
1800 4794 1964 4833 nexus

394 4875 631 4946 appellat
662 4875 807 4939 illos,
838 4872 932 4944 qui
968 4875 1191 4929 verbum
1225 4873 1425 4928 docent
1461 4873 1516 4927 in
1558 4872 1826 4928 Ecclesia.
1872 4871 1968 4929 Ec-

391 4971 562 5025 clesia
593 4967 861 5039 siquidem
902 4983 1000 5040 per
1028 4982 1123 5022 eos
1162 4966 1379 5023 Christo
1418 4966 1787 5039 coujungitur,
1821 4974 1875 5023 et
1914 4966 1965 5022 in

392 5062 614 5133 elegans
650 5059 943 5117 editicium
976 5059 1307 5117 exstruitur.

472 5155 635 5211 Vsus.
666 5153 860 5210 20-22.
900 5171 922 5206 ι
956 5152 1014 5210 Si
1056 5153 1259 5208 mortui
1308 5153 1444 5209 estis
1479 5168 1606 5208 cum
1641 5152 1864 5210 Christo
1901 5154 1971 5210 ab

394 5247 684 5306 elementis
718 5245 960 5313 ‘mundi,
1002 5245 1134 5316 quid
1167 5245 1347 5302 adhuc
1410 5256 1674 5317 tauquam
1710 5247 1962 5303 viventes

396 5342 604 5401 mundo
636 5338 973 5398 decernitis?
996 5354 1065 5396 ne
1107 5340 1380 5412 tetigeris,
1420 5355 1600 5411 neque
1635 5341 1970 5411 gustaveris,

400 5453 580 5509 neque
636 5430 1108 5505 contreetaveris;
1140 5450 1259 5508 quae
1293 5436 1480 5492 omnia
1527 5444 1658 5493 sunt
1690 5437 1742 5492 in
1778 5436 1970 5492 interi-

398 5514 515 5589 tum
554 5528 687 5601 ipso
704 5543 828 5586 usu.
859 5546 879 5582 ι
1073 5514 1078 5519 ’

2058 3143 2208 3194 των,
2257 3127 2345 3181 ὅτε
2405 3126 2503 3197 τὴν
2560 3126 2730 3191 ὅντως
2770 3126 3011 3197 ,ἔχοντες
3056 3127 3372 3201 καθρότητα
3420 3142 3501 3195 ιι,
3556 3130 3648 3186 καὶ

2060 3218 2161 3289 τὴν
2203 3216 2384 3288 ἀληθῆ
2420 3216 2775 3289 ἑορτάζοντες
2828 3218 3047 3291 ἑορτὴν,
3113 3219 3235 3291 Θεῴ
3295 3223 3649 3296 παραστησό-

2065 3309 2231 3380 μεθα.
2401 3318 2403 3320 ’

2135 3421 2157 3456 ι
2187 3401 2394 3474 Μηδεὶς
2422 3402 2567 3474 ὑμᾶς
2614 3401 3100 3475 καταϐραὸευέτω,
3154 3402 3326 3458 θέλων
3355 3406 3415 3460 ὲν
3460 3422 3650 3462 ταπειο

2061 3496 2388 3567 νοφροσύνῃ,
2414 3494 2510 3550 καὶ
2533 3494 2805 3567 θρησκείᾳ
2847 3494 2955 3547 τῶν
2978 3495 3228 3564 ἀγγέλων
3247 3536 3264 3561 ,
3298 3496 3335 3551 ἃ
3370 3496 3448 3569 μὴ
3476 3498 3652 3570 ἑώρα.

2061 3604 2157 3642 κεν
2206 3588 2567 3659 ὲμὸατεύων,
2617 3586 2743 3657 εἰκῆ
2794 3587 3156 3657 φυσιούμενος
3213 3589 3320 3648 ὑπὸ
3376 3591 3474 3646 τοῦ
3530 3595 3651 3659 νοὸς

2061 3683 2161 3752 τῆς
2204 3681 2403 3752 σαρκὸς
2448 3680 2654 3748 αὐτοῦ,
2708 3679 2804 3734 καὶ
2832 3680 2893 3734 οὐ
2944 3681 3166 3751 κρατῶν
3218 3682 3320 3756 τὴν
3380 3685 3647 3759 κεφαλὴν,

2064 3772 2124 3839 ἐξ
2144 3767 2207 3829 οὗ
2233 3775 2341 3827 πᾶν
2371 3773 2431 3827 τὸ
2467 3773 2627 3845 σῶμα
2677 3773 2765 3829 διὰ
2798 3772 2907 3827 τῶν
2967 3773 3120 3843 ἁφῶν
3184 3775 3277 3828 καὶ
3332 3775 3649 3849 συνδέσμων

2063 3866 2361 3938 χορηγοῦν,
2388 3866 2484 3921 καὶ
2543 3865 3018 3939 συμϐιεαζόμενον
3071 3866 3223 3934 αὔξει
3273 3869 3374 3943 τὴν
3417 3860 3649 3944 αῦξησιν

2064 3956 2160 4011 τοῦ
2182 3958 2341 4013 θεοῦ.
2382 3977 2400 4011 ι
3108 3950 3113 3955 ’

2138 4048 2232 4120 Μὴ
2264 4048 2625 4119 νομεθετείτω
2660 4066 2744 4113 τις
2778 4050 2928 4129 ὑμῖν,
2975 4052 3143 4121 φησὶ,
3180 4050 3505 4122 νομοθεσίαν
3568 4051 3649 4109 ἔτι

2044 4130 2166 4212 ’τὴν
2193 4140 2479 4212 ταπεινὴν,
2516 4142 2615 4214 τὴν
2669 4141 2761 4195 ὑπ’
2805 4142 3062 4212 ἀγγέλοις
3111 4138 3277 4198 οὖσαν
3308 4144 3645 4217 ἐπιτρόποις,

2068 4233 2164 4286 καὶ
2213 4231 2520 4302 οἰκονόμοις
2550 4270 2565 4296 ,
2619 4232 2715 4285 καὶ
2762 4236 2821 4286 ἐν
2870 4235 2983 4297 τοῖς
3037 4235 3322 4305 σαρκικοῖς
3376 4236 3647 4290 ταπεινῶν

2071 4326 2238 4399 ὑμᾶς.
2296 4326 2515 4397 Ταύτης
2566 4327 2677 4399 γὰρ
2723 4327 3075 4397 ἀντεχόμενοι
3100 4329 3148 4382 οι
3178 4326 3273 4382 τοῦ
3320 4309 3648 4402 γράμματος

2072 4419 2310 4491 φύλακες
2362 4420 2541 4490 μάτην
2593 4419 2687 4473 ἐπὶ
2744 4419 2909 4491 σοφίᾳ
2972 4421 3496 4492 μεγαλοφρονοῦσιν,
3550 4422 3646 4476 οὐκ

2068 4510 2281 4581 ἔχοντες
2316 4510 2414 4580 τὴν
2465 4510 2731 4582 κεφαλὴν,
2755 4510 2813 4574 ὃς
2844 4511 3028 4565 ὲστινό
3044 4511 3300 4582 Χριστὸς,
3326 4512 3387 4577 ἐξ
3408 4507 3471 4566 οὒ
3506 4513 3647 4569 ἆπαν

2065 4604 2164 4675 τῆς
2192 4602 2515 4672 Ἐκκλησὶας
2542 4603 2602 4656 τὸ
2620 4604 2779 4674 σῶμα
2796 4602 2885 4655 διὰ
2910 4601 3018 4657 τῶν
3040 4602 3194 4672 ἁφῶν
3225 4604 3317 4658 καὶ
3340 4606 3645 4677 συνδέσμων

2073 4695 2222 4761 αὔξει
2252 4696 2349 4765 τὴν
2372 4695 2621 4766 αύξησιν,
2647 4696 2715 4767 ἣν
2742 4695 2877 4766 αὐτῇ
2923 4694 3156 4749 δέδωκεν
3191 4698 3219 4749 ό
3252 4695 3387 4762 Θεδς
3420 4698 3643 4764 αὐξάνε-

2073 4788 2219 4844 σθαι.
2254 4788 2541 4859 Stringite
2569 4790 2625 4843 δὲ
2663 4790 2758 4843 καὶ
2795 4787 3183 4858 συνδέσμους
3248 4789 3379 4857 τοὺς
3428 4791 3521 4846 τὸν
3560 4792 3642 4844 λό-

2073 4897 2169 4951 γον
2208 4884 2272 4953 τῇ
2321 4882 2625 4955 Ἐκκλησία
2672 4880 3051 4954 κηρύττοντος
3106 4880 3276 4951 λέγει.
3336 4883 3416 4937 Δι’
3470 4885 3641 4938 αὐτῶν

2073 4975 2183 5045 γὰρ
2206 4975 2597 5047 συνάπτεταιή
2642 4973 2941 5046 Ἐκκλησία
2971 4974 3221 5047 Χριστῷ,
3276 4976 3376 5031 καὶ
3419 4976 3517 5050 τὴν
3550 4994 3641 5032 κα-

2071 5066 2171 5140 λὴν
2195 5068 2481 5140 οἰκοδομὴν
2510 5069 2897 5139 οἰκοδομεῖται.

2150 5180 2167 5213 ι
2206 5160 2270 5215 Εἰ
2302 5159 2604 5215 ἀπεθάνετε
2645 5161 2744 5214 σὺν
2775 5158 2999 5233 Χριστῷ
3053 5160 3165 5217 ἀπὸ
3208 5160 3316 5216 τῶν
3367 5164 3636 5237 στοιχείων

2072 5252 2168 5308 τοῦ
2188 5254 2422 5324 κόσμου,
2450 5254 2504 5308 τί
2538 5254 2614 5319 ὡς
2644 5253 2844 5320 ζῶντες
2870 5254 2927 5308 ὲν
2964 5252 3154 5325 κόσμῳ
3213 5254 3631 5326 δογματίζεσθες

2077 5346 2152 5418 μὴ
2185 5346 2321 5419 ἅψῃ,
2377 5346 2512 5419 μηδὲ
2561 5346 2758 5420 γεύσῃ,
2814 5345 2953 5419 μηδὲ
3004 5343 3202 5423 θίγῃςο
3233 5346 3271 5403 ἃ.
3300 5348 3418 5405 ἐστι
3468 5350 3630 5409 πάντα

2076 5440 2155 5505 εἰς
2182 5440 2387 5513 φθορὰν
2415 5443 2479 5514 τῇ
2504 5441 2826 5514 ἀποχρήσει.
2869 5461 2885 5495 ι

1578 5690 1581 5693 Α
1672 5618 1908 5676 VARUS
1946 5619 2343 5679 LECTIONES.

491 5723 531 5757 υ
564 5710 815 5797 Spatium
842 5726 1071 5771 vacuum
1098 5718 1183 5771 est
1206 5710 1263 5771 in
1290 5725 1445 5779 mss;
1474 5710 1593 5785 lego
1627 5720 1808 5769 autem
1834 5711 2200 5785 καθαρότητα.
