3928 6264
380 348 485 413 903

1579 351 1639 412 S.
1698 352 2016 416 JOANNIS
2056 352 2485 421 DAMASCENI

3526 365 3626 432 904

379 475 445 517 ex
472 459 919 517 circumcisione.
958 458 1019 515 lli
1050 460 1152 517 soli
1187 470 1315 518 sunt
1343 461 1626 536 adjutores
1654 468 1759 523 mei
1788 468 1842 524 in
1876 485 1942 524 re-

2068 464 2229 526 Οὗτοι
2268 474 2422 544 μόνοι
2464 476 2718 549 συνεργοὶ
2748 476 2828 543 είς
2860 477 2958 552 τὴν
2997 477 3278 553 βασιλείαν
3330 480 3426 539 τοῦ
3471 481 3603 537 Θεοῦ

378 569 487 627 gno
519 554 636 622 Dei,
662 555 755 625 qui
785 555 916 609 mihi
948 556 1169 610 fuerunt
1198 556 1416 611 solatio.
1440 574 1457 608 ι

450 646 589 701 Eum
646 648 812 702 etiam
842 646 936 717 qui
970 645 1187 701 Marcus
1218 647 1307 701 hic
1335 646 1673 715 nominatur,
1713 663 1954 705 consan-

379 738 619 811 guinitas
636 738 894 795 Barnabae
908 738 1419 795 commendat.Nam
1438 738 1720 796 Barnabas
1733 749 1956 796 eratne-

382 834 507 887 tior.
524 830 711 887 Jesum
731 832 881 887 addit
901 834 991 903 qui
1008 842 1220 887 vocatur
1241 831 1428 888 Justus
1447 849 1466 899 ;
1484 849 1606 888 cum
1629 833 1773 888 hunc
1793 832 1954 889 forsi-

379 929 472 977 tan
506 921 690 977 ﬁdeles
717 921 790 975 ita
830 922 1337 991 cognominassmt,
1370 923 1440 976 ob
1468 923 1836 978 reverentiam
1860 938 1954 979 no-

379 1009 544 1065 minis
570 1009 896 1067 Salvatoris.
914 1013 1079 1083 Atqui
1104 1012 1206 1068 hos
1227 1013 1331 1069 sibi
1347 1014 1540 1069 solatio
1560 1029 1683 1071 esse
1702 1014 1801 1082 ait,
1823 1030 1951 1071 cum

378 1115 565 1160 essent
610 1118 675 1158 ex
709 1106 1150 1168 circumcisione,
1185 1114 1410 1176 propter
1438 1106 1714 1177 iacturam
1761 1108 1952 1180 utique

378 1198 767 1259 contribulium
806 1198 1061 1254 aliorum.
1095 1197 1229 1253 Nam
1266 1200 1314 1253 ei
1344 1200 1433 1269 qui
1457 1210 1679 1271 propter
1710 1201 1835 1258 illos
1858 1201 1952 1274 qui

380 1299 629 1361 pereunt,
662 1291 832 1362 luget,
864 1290 1117 1347 solamini
1151 1300 1281 1350 sunt
1310 1294 1403 1363 qui
1435 1295 1571 1350 salvi
1608 1294 1764 1350 ﬁunt.

450 1460 613 1518 Vens.
654 1462 739 1525 i2,
799 1463 887 1519 15.
947 1481 965 1515 ι
1008 1462 1219 1518 Salutat
1244 1480 1336 1519 vos
1394 1463 1697 1535 Epaphras,
1752 1468 1850 1538 qui
1882 1483 1949 1523 ex

375 1554 534 1609 vobis
581 1563 685 1617 est,
748 1570 941 1610 servus
976 1550 1201 1617 Christi:
1244 1571 1461 1627 semper
1522 1558 1795 1615 sollicitus
1851 1573 1949 1630 pro

374 1647 533 1717 gobis
567 1647 629 1707 in
662 1648 1026 1713 orationibus,
1081 1655 1141 1702 ut
1180 1649 1335 1703 stetis
1374 1648 1603 1719 perfecti
1633 1657 1688 1706 et
1710 1651 1856 1721 pleni
1892 1651 1944 1707 in

375 1740 526 1796 omni
556 1740 853 1796 voluntate.
904 1739 1303 1795 Testimonium
1338 1743 1488 1797 enim
1550 1743 1626 1797 illi
1661 1744 1943 1813 perhibeo.

376 1833 525 1905 quod
579 1832 741 1888 habet
792 1833 967 1888 zelum
1012 1833 1243 1887 multum
1304 1849 1405 1904 pro
1438 1836 1614 1899 vobis.
1643 1845 1697 1892 et
1739 1850 1842 1907 pro
1879 1836 1946 1892 iis

374 1924 468 1994 qui
518 1931 645 1977 sunt
684 1921 989 1987 Laodiceae,
1022 1931 1077 1978 et
1118 1923 1212 1994 qui
1240 1923 1540 1993 Hierapoli.
1582 1923 1799 1980 Salutat
1849 1941 1946 1983 vos

374 2014 554 2070 Lucas
598 2013 845 2068 medicus
878 2014 1266 2078 charissimus,
1299 2022 1354 2069 et
1414 2014 1635 2071 Demas.
1694 2014 1945 2074 Salutate

372 2108 571 2163 fratres
602 2106 695 2177 qui
730 2116 858 2161 sunt
890 2105 1190 2170 Laodiceae,
1232 2114 1288 2161 et
1319 2104 1647 2178 Nympham.
1689 2126 1707 2159 ι

443 2197 702 2251 Nonnihil
752 2196 909 2265 juvat
938 2195 1198 2263 amnitas,
1254 2200 1371 2253 sive
1400 2198 1705 2253 secundum
1771 2214 1945 2269 genus

372 2290 464 2352 sit,
506 2290 620 2345 sive
646 2290 947 2346 secundum
984 2290 1240 2360 patriam,
1278 2290 1503 2360 insuper
1541 2291 1708 2345 etiam
1737 2301 1791 2347 et
1823 2307 1945 2363 quae

371 2381 672 2436 secundum
722 2380 1053 2438 doctrinam.
1105 2381 1197 2437 llis
1222 2391 1405 2436 autem
1469 2383 1727 2438 omnibus
1759 2385 1941 2440 modis

371 2468 656 2541 Epaphras
738 2472 1097 2530 Colossenses
1146 2472 1539 2544 contingebat.
1616 2474 1939 2532 Orationum

372 2564 541 2635 igitur
562 2564 805 2621 studium
838 2564 1210 2633 commendat,
1238 2565 1369 2621 dum
1392 2566 1460 2622 de
1478 2566 1587 2622 illis
1633 2581 1942 2625 sermonem

372 2655 557 2711 habet.

448 2763 468 2797 ι
494 2747 557 2800 Ει
590 2747 778 2817 quaein
796 2747 958 2804 domo
978 2748 1101 2821 ejus
1133 2758 1238 2819 est,
1264 2750 1587 2808 Ecclesiam.
1612 2752 1943 2826 [Vens.16.]

372 2836 435 2891 Et
467 2853 590 2893 cum
621 2840 761 2895 lecta
803 2840 967 2897 fuerit
998 2843 1143 2911 apud
1173 2859 1272 2901 vos
1308 2844 1557 2917 Epistula
1587 2847 1723 2913 hate,
1750 2844 1938 2914 facite,

372 2941 507 2987 utet
540 2934 592 2987 in
616 2932 1038 2991 Laodicensium
1064 2936 1298 2994 ecclesia
1333 2939 1568 3009 legatur.
1600 2958 1619 2992 ι

442 3016 892 3093 Unamquamque
924 3024 1092 3079 etiam
1128 3040 1225 3095 per
1260 3024 1456 3084 domos
1512 3029 1816 3087 Eeclesiam
1839 3031 1939 3087 ad-

370 3109 645 3176 hortatur,
705 3121 764 3167 ut
798 3114 1055 3185 pietatem
1084 3131 1214 3189 erga
1250 3119 1420 3175 Deum
1471 3122 1678 3179 colant.
1709 3123 1813 3180 Ubi
1841 3123 1941 3180 do-

369 3219 510 3272 mos,
542 3206 694 3277 ipsas
720 3223 940 3279 quoque
967 3212 1233 3269 ecclesias
1263 3214 1518 3284 appellat.

445 3321 463 3353 ι
502 3301 567 3355 Et
588 3317 709 3357 eam
739 3320 861 3375 quae
890 3317 973 3362 est
993 3322 1059 3363 ex
1083 3306 1376 3375 Laodicea,
1402 3325 1501 3367 vos
1526 3311 1742 3383 legatis.
1773 3330 1794 3365 ι

437 3391 678 3449 Primam
716 3394 1011 3466 Epistolam
1051 3399 1120 3455 ad
1151 3401 1496 3458 Timotheum
1528 3402 1684 3459 dicit.
1705 3404 1937 3472 Quidam

369 3486 527 3540 aiunt
554 3504 663 3542 non
698 3488 785 3543 hic
815 3488 1115 3562 Epistulam
1142 3493 1297 3551 innui
1342 3512 1503 3566 quam
1536 3497 1740 3553 Paulus
1768 3496 1835 3552 ad
1870 3499 1937 3551 il~

369 3575 452 3631 los
512 3578 741 3634 miserit.
772 3580 891 3635 Non
947 3583 1094 3639 enim
1156 3585 1255 3652 ait,
1292 3586 1361 3641 ad
1391 3586 1787 3655 Laodicenses,
1842 3588 1938 3645 sed

366 3680 487 3720 eam
522 3681 643 3736 quae
666 3666 928 3723 Laodicea
960 3672 1165 3742 scripta
1197 3684 1346 3730 esset
1369 3675 1437 3730 ad
1467 3675 1721 3733 Paulum.

454 3757 617 3815 Vens.
652 3759 738 3826 17,
773 3761 859 3815 18.
902 3778 921 3813 ‹
957 3762 1025 3817 Ει
1052 3763 1219 3821 dicite
1250 3765 1525 3838 Archippo
1555 3788 1569 3823 :
1606 3767 1745 3827 Vide
1769 3770 1938 3825 mini-

368 3853 596 3908 sterium
633 3852 779 3921 quod
811 3853 1074 3924 accepisti
1100 3869 1130 3908 a
1157 3855 1407 3925 Domino,
1436 3869 1494 3915 ut
1518 3860 1653 3915 illud
1683 3861 1933 3933 impleas.

369 3944 639 4002 Salutatio
671 3960 791 4002 mea
823 3961 986 4002 manu
1010 3946 1186 4004 Pauli.
1224 3967 1245 4002 ι

434 4036 573 4093 Cum
602 4036 1000 4094 ministratoria
1023 4040 1271 4110 quaedam
1306 4058 1440 4098 cura
1493 4045 1629 4103 huic
1654 4049 1815 4121 215
1847 4050 1937 4106 iu-

365 4130 553 4200 juncta
581 4139 752 4195 esset,
782 4147 906 4187 eum
934 4134 1380 4202 commonefacit,
1423 4139 1502 4193 uti
1528 4139 1839 4211 jussionem
1869 4159 1936 4201 ac

367 4239 595 4295 pensum
645 4226 1220 4300 exsequatur:idque
1272 4232 1325 4285 in
1367 4218 1619 4301 Domino,
1672 4243 1731 4291 ut
1775 4218 1951 4305 nihil,-

364 4318 482 4373 sive
506 4331 739 4384 parvum
750 4318 849 4396 sit,
882 4319 1000 4377 sive
1047 4336 1329 4392 magnum,
1362 4325 1520 4381 aliter
1552 4326 1669 4397 ﬁat,
1691 4330 1799 4386 nisi
1834 4346 1923 4388 se-

362 4409 603 4473 cundum
635 4410 827 4468 Deum.

438 4520 456 4554 ι
498 4501 765 4560 Memores
802 4514 980 4564 estote
1009 4508 1356 4566 vincutorum
1386 4528 1655 4572 meorum.
1685 4537 1706 4572 ›

440 4592 562 4651 Non
592 4612 717 4654 cum
749 4599 916 4670 pudet
942 4602 1308 4670 vinculorum,
1333 4606 1462 4676 quin
1494 4618 1549 4664 et
1590 4610 1658 4665 iis
1695 4613 1936 4670 oblecta-

367 4694 495 4756 tur;
520 4704 689 4762 seque
724 4690 903 4764 ipsum
932 4703 1157 4765 propter
1180 4696 1272 4753 illa
1303 4701 1683 4760 recordatione
1705 4705 1931 4779 dignum

361 4779 538 4836 ducit.

435 4890 456 4924 ι
488 4872 675 4930 Gratia
701 4874 1013 4932 vobiscum.
1045 4878 1241 4934 Amen.
1268 4899 1288 4933 ι

432 4963 662 5022 Volebat
704 4967 851 5023 enim
887 4969 943 5023 in
1002 4973 1319 5027 memoriam
1362 4977 1611 5045 ipsorum
1668 4995 1928 5040 revocare

358 5056 676 5115 universum
706 5073 884 5143 genus
931 5047 1212 5119 heminum
1276 5067 1508 5124 salutem
1542 5087 1638 5142 per
1693 5078 1923 5146 gratiam

357 5149 688 5208 obtinuisse.

425 5232 509 5299 Ad
558 5241 891 5303 Colorum“
938 5247 1104 5304 Roma
1140 5253 1349 5323 scripsit
1403 5274 1496 5327 per

780 5337 1105 5400 Onesimum.
1151 5344 1339 5405 Versus
1375 5351 1500 5409 208.

1557 5260 1839 5334 Tychicum
1877 5276 1927 5322 et

2060 562 2258 629 οἵτινες
2286 568 2621 641 ἐγενήθησάν
2653 588 2744 642 μοι
2762 575 3095 648 παρηγορία.
3133 596 3153 631 ι

2135 656 2243 711 Καὶ
2274 659 2308 730 ἠ
2337 659 2475 731 πρὸς
2505 661 2795 732 Βαρνάϐαν
2847 666 3139 737 συγγένεια
3189 666 3477 739 συνίστησι
3541 670 3615 724 τοι

2056 745 2462 821 ὀνομαζόμενον
2504 754 2751 825 Μάρκον.
2805 757 3233 830 Γνωριμὼτερος
3286 760 3397 831 γὰρ
3428 761 3457 814 ό
3486 757 3613 833 Βαρ-

2055 836 2244 903 νάϐας.
2278 840 2486 911 Ἰησοῦν
2506 841 2562 896 δὲ
2591 844 2788 915 ἐπάγει
2818 852 2928 900 τὸν
2955 848 3289 917 λεγόμενον
3324 845 3611 912 Ἰοῦστοη

2054 928 2189 994 ἴσως
2238 932 2688 1004 ἐπονομαζόντων
2738 937 2905 992 αὑτὸν
2966 937 3111 994 οὕτω
3155 938 3263 993 τῶν
3324 940 3536 994 πιστῶν
3566 938 3615 991 δι

2053 1020 2339 1077 εὐλάϐειαν
2387 1025 2487 1096 τὴν
2547 1028 2679 1100 περὶ
2703 1029 2766 1083 τὺ
2801 1029 2972 1102 ὄνομα
3026 1030 3301 1104 Σωτῆρος.
3349 1030 3445 1085 Ἐκ
3471 1047 3633 1100 περι-

2051 1114 2227 1185 τομῆς
2251 1114 2310 1169 δὲ
2341 1116 2569 1183 τούτους
2624 1119 2805 1190 ὄντας,
2844 1123 3185 1196 παρηγορίαν
3243 1122 3424 1195 ἑαυτῷ
3463 1140 3628 1194 φησιν

2051 1202 2192 1261 εῖναι
2224 1207 2312 1263 διὰ
2362 1211 2462 1282 τὴν
2511 1213 2790 1269 ἀπώλειαν
2828 1216 2936 1271 τῶν
2993 1216 3291 1286 συγγενῶν.
3335 1214 3627 1270 Πενθοῦντι

2053 1297 2162 1369 γὰρ
2200 1300 2294 1355 ἐπὶ
2355 1304 2469 1368 τοῖς
2528 1306 2857 1376 ἀπολωλόσι,
2912 1308 3256 1379 παραμύθιον
3285 1309 3335 1361 οἱ
3382 1305 3624 1377 σωζόμε-

2051 1410 2152 1448 νοι.

2132 1506 2151 1539 ‹
2202 1488 2528 1554 Ἀσπάζεται
2578 1490 2724 1562 ὑμᾶς
2757 1490 3044 1564 Ἐπαφρᾶς
3071 1492 3101 1545 ὁ
3140 1491 3200 1556 ἐξ
3247 1492 3400 1563 ὑμῶν
3440 1490 3627 1555 δοῦλος

2050 1578 2307 1651 Χριστοῦ,
2344 1580 2576 1636 πάντοτε
2617 1582 3019 1655 ἀγωνιζόμενος
3048 1584 3190 1655 ὑπὲρ
3237 1584 3392 1654 ὑμῶν
3420 1582 3478 1637 ὲν
3508 1586 3628 1646 ταῖς

2050 1674 2398 1744 προσευχαῖς,
2450 1673 2537 1728 ἵνα
2578 1675 2741 1745 στῆτε
2792 1674 3026 1742 τέλειοι,
3076 1676 3173 1730 καὶ
3203 1674 3628 1747 πεπληρωμένοι

2052 1765 2109 1818 ὲν
2140 1764 2306 1818 παντὶ
2349 1763 2617 1837 θελήματι
2638 1765 2732 1820 τοῦ
2762 1765 2920 1821 Θεοῦ.
2974 1766 3253 1838 Μαρτυρῶ
3285 1766 3392 1837 γὰρ
3452 1764 3626 1836 αὐτῷ,

2048 1857 2129 1910 ὅτι
2157 1855 2271 1928 ἔχει
2301 1856 2461 1928 ζῆλον
2496 1858 2660 1912 πολὺν
2711 1858 2853 1931 ὑπὲρ
2885 1858 3061 1930 ὑμῶν,
3122 1856 3217 1912 καὶ
3265 1858 3375 1911 τῶν
3404 1858 3463 1912 ἐν
3492 1858 3631 1911 Λαο-

2047 1948 2256 2020 δικείᾳ,
2311 1954 2405 2004 καὶ
2465 1952 2574 2006 τῶν
2621 1952 2678 2005 ὲν
2724 1951 3049 2023 Ἱεραπόλει.
3088 1949 3424 2015 Ἀσπάζεται
3484 1951 3629 2021 ὑμᾶς

2046 2042 2261 2106 Λουκᾶς
2300 2024 2539 2113 ὁίατρδς
2570 2046 2598 2097 ό
2634 2043 2917 2116 ἀγαπητὸς
2941 2084 2955 2109 ,
3016 2044 3112 2098 καὶ
3163 2044 3374 2114 Δημᾶς.
3417 2041 3627 2096 Ἀσπά-

2047 2130 2207 2200 ζεσθε
2252 2134 2378 2199 τοὺς
2405 2136 2462 2187 ὲν
2493 2135 2783 2208 Λαοδικείᾳ
2832 2136 3119 2206 ἀδελφοὺς,
3166 2137 3263 2190 καὶ
3305 2136 3567 2207 Νυμφᾶν.
3599 2152 3619 2187 ι

2126 2228 2451 2299 Ἐργάζεταί
2473 2246 2526 2282 τι
2559 2231 2654 2283 καὶ
2684 2233 2719 2301 ὴ
2749 2228 2889 2284 κατά
2930 2229 3120 2300 γένος,
3154 2228 3247 2283 καὶ
3275 2230 3308 2297 ὴ
3343 2229 3487 2283 κατὰ
3529 2224 3631 2281 πα-

2045 2321 2204 2394 τρίδα
2232 2322 2525 2395 οἰκειότης,
2562 2323 2643 2376 έτι
2672 2323 2728 2377 δὲ
2753 2324 2847 2378 καὶ
2882 2325 3074 2395 ήκατὰ
3107 2322 3205 2396 τὴν
3254 2321 3628 2379 διδασκαλίαν.

2046 2412 2235 2467 Ταῦτα
2253 2413 2310 2467 δὲ
2350 2415 2527 2468 πάντα
2560 2416 2774 2485 ὑπῆρχε
2807 2415 2887 2486 τῷ
2928 2414 3307 2486 Ἐπαφροδίτῳ
3336 2413 3476 2483 πρὸς
3504 2414 3630 2477 τοὺς

2046 2507 2412 2570 Κολοσσαέας.
2450 2508 2561 2577 Τὴν
2592 2502 2684 2560 οὖν
2709 2508 2818 2561 τῶν
2864 2506 3041 2578 εὐχῶν
3091 2505 3328 2578 σπουδὴν
3355 2504 3629 2559 δείκνυσιν

2046 2602 2106 2655 ὲν
2134 2600 2212 2672 τῷ
2240 2599 2600 2672 περὶτούτων
2626 2600 2955 2673 διηγήματι.

2099 2794 2149 2837 ἰ
2179 2785 2290 2839 Καὶ
2309 2786 2411 2858 τὴν
2441 2785 2565 2840 κατ’
2598 2780 2747 2842 οἷκον
2777 2784 2944 2842 αὐτοῦ
2989 2785 3335 2860 Ἐκκλησίαν.
3368 2786 3481 2840 Kal
3500 2787 3629 2842 ὅταν

2044 2878 2366 2951 ἀναγνωσθῇ
2416 2880 2546 2951 παρ’
2611 2880 2803 2952 ὑμῖνή
2840 2878 3135 2951 ἐπιστολὴ,
3184 2882 3487 2951 ποιήσατε,
3543 2880 3628 2933 ἵνα

2044 2970 2139 3025 καὶ
2162 2972 2220 3023 ὲν
2239 2972 2305 3041 τῇ
2327 2970 2639 3025 Λαοδικέων
2661 2973 2929 3046 ἐκκλησίᾳ
2952 2972 3298 3045 ἀναγνωσθῇ.
3325 2992 3345 3027 ι

2124 3062 2436 3136 Προτρέπει
2484 3065 2579 3119 καὶ
2629 3064 2732 3138 τὴν
2791 3066 2915 3121 κατ’
2970 3066 3161 3132 οἴκους
3227 3066 3629 3121 ἀσκεῖσθαιτά

1966 3173 2010 3231 c
2042 3155 2141 3224 τῆς
2198 3152 2538 3223 θεοσεϐείας,
2606 3155 2905 3227 ἐκκλησίας
2981 3156 3165 3211 καλῶν
3214 3157 3312 3212 καὶ
3363 3158 3495 3220 τοὺς
3551 3156 3629 3210 οἰ-

2048 3263 2197 3311 κους.

2117 3360 2137 3393 ι
2160 3342 2268 3394 Καὶ
2294 3339 2393 3413 τὴν
2414 3340 2478 3395 ἐκ
2493 3340 2838 3411 Λαοδικείας,
2872 3344 2961 3399 ἵνα
2983 3344 3079 3398 καὶ
3106 3345 3261 3415 ὑμεῖς
3282 3343 3622 3413 ἀναγνῶτε.»

2109 3434 2223 3504 Τὴν
2244 3434 2383 3506 πρὸς
2406 3434 2672 3505 Τιμόθεον
2717 3435 2945 3509 πρώτην
3004 3436 3174 3506 λέγει.
3230 3437 3388 3502 Τινές
3438 3456 3624 3509 φασιν,

2043 3524 2126 3579 ὅτι
2166 3526 2289 3596 οὐχ).
2330 3526 2431 3595 τὴν
2474 3526 2691 3581 Παύλου
2743 3528 2881 3600 πρὸς
2932 3530 3130 3595 αὐτοὺς
3176 3530 3624 3602 ἀπεσταλμένην.

2046 3619 2119 3672 Οὐ
2145 3620 2251 3691 γὰρ
2279 3618 2450 3687 λέγει,
2490 3619 2591 3693 τὴν
2614 3620 2752 3693 πρὸς
2800 3623 3124 3688 Λαοδικέας,
3164 3623 3303 3679 ἀλλά
3340 3623 3444 3696 τὴν
3496 3624 3625 3697 παρ’

2042 3711 2222 3765 αὐτῶν
2246 3712 2442 3785 Παύλῳ
2468 3712 2539 3767 ἐκ
2551 3713 2909 3784 Λαοδικείας
2938 3718 3275 3789 γραφεῖσαν.

2123 3822 2143 3856 ι
2172 3805 2283 3858 Καὶ
2330 3806 2523 3860 εἴπατε
2569 3806 2860 3879 Ἀρχίππῳ
2882 3822 2898 3838 ο
2930 3808 3105 3865 Βλέπε
3163 3808 3264 3881 τὴν
3296 3809 3580 3869 διακονίαν
3603 3850 3621 3879 ,

2043 3898 2111 3967 ἢν
2128 3898 2433 3969 παρέλαϐες
2460 3900 2519 3953 ὲν
2542 3899 2760 3972 Κυρίῳ,
2797 3901 2888 3957 ἵνα
2920 3892 3090 3976 αὐτὴν
3140 3904 3390 3976 πληροῖς.
3434 3903 3497 3961 '0
3521 3907 3621 3960 ἀσο

2043 3990 2264 4063 σπασμὸς
2285 3994 2350 4063 τῇ
2373 3994 2480 4065 ἐμῇ
2504 3995 2645 4065 χειρὶ
2671 3994 2902 4053 Παύλου.
2925 4015 2949 4067 ρ

2126 4086 2453 4157 Διακονικήν
2494 4103 2621 4140 τινα
2663 4089 2928 4159 φροντίδα
2964 4091 3467 4165 προστεταγμένον,
3493 4093 3620 4148 τοῦ-

2041 4192 2133 4230 τον
2172 4178 2585 4251 ἀναμιμνήσκει
2634 4180 2883 4253 πληροῦν
2910 4183 2973 4237 τὸ
2990 4184 3294 4258 ἐπίταγμα,
3331 4187 3427 4241 καὶ
3461 4186 3621 4243 τοῦτο

2040 4268 2112 4322 ἐν
2142 4269 2356 4338 Κυρίῳ,
2390 4270 2475 4325 ἵνα
2506 4272 2672 4342 μηδὲν
2710 4274 2933 4343 ἑτέρως,
2974 4277 3111 4348 μήτε
3151 4277 3325 4351 μέγα,
3363 4266 3505 4353 μήτε
3532 4296 3621 4352 μι-

2041 4359 2173 4432 κρὸν
2192 4361 2433 4434 γίνηται,
2461 4362 2577 4417 ἀλλ’
2606 4365 2639 4436 ἢ
2664 4366 2805 4421 κατὰ
2825 4366 2980 4425 Θεόν.

1964 4540 2008 4595 n
2112 4556 2130 4589 ι
2164 4538 2547 4610 Μνημονεύετέ
2580 4560 2679 4613 μου
2714 4544 2821 4598 τῶν
2857 4545 3092 4619 δεσμῶν.
3129 4568 3149 4601 ι

2110 4634 2223 4687 Ούκ
2272 4632 2588 4704 αἰσχύνεται
2628 4639 2741 4701 τοῖς
2768 4638 3009 4708 δεσμοῖς,
3056 4640 3193 4696 ἀλλά
3238 4641 3335 4697 καὶ
3386 4644 3615 4713 ἀγάλλε-

2036 4742 2161 4780 ται·
2197 4726 2525 4782 καὶτούτων
2567 4730 2729 4784 ἕνεκα
2779 4734 3005 4805 μνήμης
3047 4735 3198 4803 ἄξιον
3232 4737 3429 4794 ἑαυτὸν
3469 4734 3613 4796 οἶδεν

2036 4819 2183 4875 ὅντα.

2113 4930 2132 4963 ι
2171 4912 2233 4965 Ἡ
2266 4914 2427 4985 χάρις
2461 4914 2583 4986 μεθ’
2622 4917 2796 4988 ὑμῶν.
2824 4919 3022 4993 Ἀμήν.
3056 4940 3076 4976 ι

2079 4999 2225 5057 eis:
2256 5004 2365 5075 γὰρ
2396 5007 2730 5079 ἀναμνήσων
2758 5012 2979 5077 αὐτοὺς,
3011 5015 3095 5068 ὅτι
3146 5013 3237 5071 διὰ
3279 5016 3488 5090 ταύτης
3524 5020 3610 5073 σέ·

2036 5113 2238 5151 σωσται
2265 5096 2323 5150 τὸ
2344 5096 2455 5151 τῶν
2484 5100 2787 5171 ἀνθρώπων
2812 5104 2988 5172 γένος.

2033 5274 2188 5344 Πρὸς
2225 5280 2604 5347 Κολοσσαεῖς
2630 5282 2857 5354 ἐγράφη
2888 5285 3006 5341 ἀπὸ
3041 5284 3262 5359 Ῥώμης
3297 5287 3398 5346 διὰ
3439 5293 3604 5361 Τυχι-

2306 5367 2409 5422 κοῦ
2437 5371 2536 5426 καὶ
2571 5371 2910 5447 Ὀνησίμου.
2943 5377 3176 5439 Στίχων
3199 5382 3313 5442 σιιά
