3928 6264
250 360 351 425 905

252 512 1368 539 ,ππ-,Μῄ-

1158 366 1246 434 IN
1290 369 1524 436 EPiST.
1562 376 1660 436 AD
1691 339 2445 449 THESSALO’NI‘CENSES
2469 384 2519 449 Ι.

1297 524 3482 585 ΞΜ

488 720 663 808 ΕΙΣ
698 722 1353 814 ΕΠΙΣΤΟΛΗΝ
1426 728 1883 818 HPeTHN
1924 734 2224 824 ΠΡΟΣ
2282 710 3187 841 ΘΕΣΣΑΛΟΝΙΚΕΙΣ.

361 1072 490 1161 IN
588 1032 1261 1167 'EPISTOLAM
1337 1073 1811 1169 .rntMAM
1891 1077 2043 1169 AD
2114 1083 3347 1195 THESSALONICENSES.

637 1399 689 1461 ’Κ
700 1400 1042 1464 ΕΦᾹΛΑῙΟΝ
1078 1404 1376 1470 ΠΡΩΤΟΝ.

307 1564 326 1597 ι
363 1544 597 1610 Παῦλος,
640 1547 735 1600 καὶ
781 1546 1086 1617 Σιλουανὺς,
1137 1550 1234 1603 καὶ
1278 1548 1539 1622 Τιμόθεος
1574 1552 1640 1624 τῇ
1683 1550 1805 1605 Ἐκ-

1825 1425 1879 1480 Λ
2319 1419 2548 1477 CAPUT
2587 1412 2879 1482 ΡΒἸΜΗΜ.

1979 1551 2144 1610 Vens.
2200 1546 2254 1609 i.
2311 1574 2330 1607 ι
2372 1555 2596 1623 Paulus,
2626 1566 2680 1612 et
2729 1557 3010 1626 Silvanus,
3051 1574 3105 1621 et
3153 1560 3471 1627 Timotheus

227 1633 428 1708 πλησία
473 1635 916 1691 Θεσσαλονικέων
974 1638 1033 1691 ἐν
1081 1638 1201 1710 Θεῷ
1243 1637 1417 1713 Πατρὶ
1455 1642 1552 1695 καὶ
1611 1642 1769 1714 Κυρίι

1902 1640 2165 1701 Ecclesiae
2209 1630 2786 1703 Thessalonicensium
2847 1650 2911 1711 in
2948 1650 3055 1708 Deo
3091 1653 3255 1714 Patre
3286 1667 3338 1714 et
3367 1660 3471 1715 Bo-

239 1723 413 1794 Ἰησοῦ
462 1725 704 1797 Χριστῷ,
753 1727 914 1798 χάρις
948 1727 1077 1798 ὑμῖν
1129 1728 1227 1783 καὶ
1277 1731 1467 1804 εἰρήνη
1503 1732 1612 1786 ἀπὸ
1662 1732 1769 1787 Θεολ

1903 1737 2053 1793 mino
2077 1734 2206 1793 Jesu
2230 1737 2471 1794 Christo.
2500 1740 2684 1795 Gratia
2709 1742 2865 1799 vobis
2891 1751 2945 1799 et
2974 1760 3079 1816 pax
3108 1761 3138 1802 a
3170 1748 3280 1806 Deo
3305 1749 3471 1807 Patre

225 1820 458 1891 Πατρὸς,
498 1820 592 1873 καὶ
623 1820 831 1891 Κυρίου
866 1820 1042 1893 Ἰησοῦ
1069 1822 1325 1894 Χριστοῦ.
1352 1843 1369 1875 ι

300 1912 610 1978 Ἀκούσαςδ
635 1912 956 1979 Ἀπόστολος
985 1914 1335 1985 θλιϐομένους
1357 1916 1791 1982 Θεσσαλονικεῖς,

221 2000 310 2054 καὶ
339 2000 618 2066 δειλίάσας
646 2001 857 2075 μήποτε
884 2002 1255 2073 μετατεθῶσιν
1283 2005 1391 2059 ἀπὸ
1411 2006 1511 2076 τῆς
1532 2010 1790 2073 πίστεως,

220 2095 427 2164 πέμπει
475 2093 738 2164 Τιμόθεον
781 2094 919 2167 πρὸς
979 2097 1178 2161 αὐτοὺς
1209 2097 1317 2151 ἀπὸ
1358 2097 1463 2152 τῶν
1524 2099 1785 2172 Ἀθηνῶν.

230 2184 472 2239 Ἐκείνου
503 2184 560 2239 δὲ
596 2184 842 2250 ἐλθόντος
887 2188 982 2241 καὶ
1016 2187 1448 2257 ἀπαγγείλαντος
1471 2228 1485 2253 ,
1534 2190 1609 2254 ὼς
1645 2192 1785 2245 εἰσὶν

210 2276 442 2348 ἑδραῖοι,
474 2278 684 2350 χαίρων
714 2279 915 2351 γράφει
949 2280 1086 2352 πρὸς
1117 2280 1333 2345 αὐτούς.
1368 2282 1519 2353 Ἀμα
1538 2282 1595 2337 δὲ
1624 2284 1789 2339 ἀκού-

218 2384 311 2431 σας
341 2368 423 2421 ὅτι
468 2368 598 2441 περὶ
639 2365 732 2422 τὸν
773 2368 886 2441 βίον
922 2368 1283 2441 ἐλαττώματά
1318 2385 1440 2425 τινα
1474 2368 1640 2443 εἶχον,
1691 2374 1786 2427 καὶ

217 2460 349 2529 πρὸς
376 2457 553 2514 ταῦτα
583 2459 808 2532 γράφει.
837 2460 952 2516 Καὶ
999 2460 1138 2532 αὕτη
1182 2462 1338 2535 μὲνὴ
1384 2463 1642 2529 ὑπόθεσις
1686 2467 1785 2537 τῆς

228 2544 569 2620 Ἐπιστολῆς.

280 2636 353 2691 Τὸ
386 2638 445 2692 δὲ
493 2638 777 2712 προοίμιον
825 2640 890 2695 ἑκ
946 2644 1473 2716 ταπεινοφροσύνης,
1531 2647 1663 2701 ὅπου
1716 2664 1780 2717 γε

1898 1840 1952 1885 et
1984 1829 2216 1886 Domino
2252 1830 2382 1888 Jesu
2407 1832 2649 1890 Christo.
2677 1854 2695 1885 ι

1989 1920 2127 1978 Cum
2206 1924 2510 1994 accepisset
2580 1926 2876 1996 Apostolus
2952 1925 3469 1995 Thessalonice‘ttses

1897 2014 2038 2071 male
2092 2016 2303 2080 vexari,
2334 2031 2399 2073 ac
2430 2027 2700 2075 metueret
2762 2036 2829 2078 ne
2862 2036 2891 2076 a
2931 2022 3034 2080 ﬁde
3067 2025 3466 2095 desciscerent,

1894 2102 2245 2164 Timotheum
2311 2109 2380 2165 ad
2412 2111 2537 2166 illos
2606 2111 2837 2170 Athenis
2864 2114 3033 2172 misit.
3065 2117 3185 2185 Quo
3232 2119 3469 2176 subinde

1891 2213 2115 2257 reverso
2137 2208 2193 2257 et
2223 2202 2516 2259 nuntiante
2543 2207 2861 2263 constantes
2888 2206 3012 2265 illos
3039 2210 3330 2280 exsistere,
3355 2227 3465 2269 non

1888 2290 2011 2347 sine
2030 2291 2230 2361 gaudio
2247 2293 2317 2347 ad
2348 2292 2502 2362 ipsos
2535 2293 2749 2349 scribit.
2781 2294 3046 2362 Quoniam
3070 2308 3248 2354 autem
3279 2301 3467 2358 audie-

1890 2389 1974 2436 rat
1998 2396 2095 2438 eos
2118 2382 2171 2437 in
2201 2383 2269 2439 iis
2296 2399 2419 2454 quae
2448 2384 2515 2439 ad
2546 2386 2709 2439 vitam
2733 2385 2990 2451 attinent,
3014 2386 3268 2445 detectus
3290 2405 3463 2462 quos-

1886 2470 2015 2525 dam
2055 2472 2190 2542 pati,
2219 2472 2288 2527 de
2340 2473 2445 2528 hoc
2473 2472 2636 2528 etiam
2664 2473 2885 2530 scribit.
2912 2472 2982 2529 Et
3015 2476 3119 2533 hoc
3156 2482 3255 2535 est
3296 2494 3462 2553 argu-

1886 2571 2130 2620 mentum
2158 2563 2433 2636 Epistolaz.

1955 2654 2118 2712 lnitio
2158 2657 2483 2713 modestiam
2532 2659 2699 2713 animi
2729 2659 2969 2731 praefert,
3008 2659 3137 2719 dum
3194 2679 3325 2720 suos
3375 2665 3461 2720 di-

211 2727 333 2791 τοῦς
371 2728 568 2783 ἑαυτοῦ
605 2730 859 2802 μαθητὰς
890 2731 1040 2798 ῐσους
1084 2733 1250 2788 αὐτοῦ
1283 2737 1590 2795 συντάτιτει.
1628 2737 1769 2794 Ἀνα·

217 2820 509 2849 κρανίου...
539 2820 597 2849 ιλ
637 2822 832 2849 ...ι-,ξω
876 2823 977 2849 -3-
1002 2825 1226 2849 -.ιη-Α-
1263 2826 1328 2849 ’-ν
1361 2821 1425 2849 r-
1472 2828 1625 2849 l\.,_-
1654 2831 1727 2849 vn.

1896 2747 2126 2819 scipulos
2153 2748 2272 2822 pari
2301 2764 2485 2806 secum
2524 2727 2919 2825 ordine'ponit.
2944 2753 3059 2812 illis
3096 2766 3277 2813 autem
3306 2773 3460 2812 com.

214 2820 513 2891 μιμνήσκει
539 2820 598 2875 δὲ
634 2822 832 2888 αὐτοὺς
875 2823 978 2895 τῆς
1002 2825 1227 2899 χάριτος
1258 2826 1328 2882 δι’
1357 2821 1425 2901 ἧς
1468 2828 1779 2905 ἐλυτρώθη-

211 2927 326 2977 σαν,
356 2913 547 2984 ἠρέμα
576 2913 823 2987 πλήττων
852 2917 1034 2973 αὐτῶν
1068 2919 1137 2973 τὰ
1184 2920 1314 2991 περὶ
1346 2921 1435 2975 τὸν
1465 2920 1579 2992 βίον
1611 2923 1777 2978 πταί-

210 3017 415 3071 σματα·
453 3002 549 3059 καὶ
577 3004 641 3058 οὐ
670 3004 831 3077 μόνον
855 3006 1036 3076 τοῦτο,
1070 3008 1210 3064 ἀλλά
1238 3010 1331 3065 καὶ
1360 3011 1471 3067 τὸν
1500 3012 1650 3068 Θεὸν
1674 3014 1777 3069 καί

203 3093 433 3166 Πατέρα
452 3095 631 3167 λέγει,
664 3098 937 3164 υἱοθεσίας
959 3101 1156 3167 αὐτοὺς
1180 3103 1260 3167 εἰς
1298 3104 1519 3177 μνήμην
1548 3106 1722 3177 ἄγων.

275 3189 768 3262 (Εὐχαριστοῦμεν
812 3191 889 3265 τῷ
931 3193 1053 3266 Θεῷ
1082 3194 1315 3251 πάντοτε
1365 3199 1496 3270 περὶ
1550 3200 1772 3257 πάντων

208 3279 372 3351 ὑμῶν,
407 3282 603 3354 μνείαν
640 3283 795 3355 ὑμῶν
847 3284 1161 3357 ποιούμενοι
1188 3288 1419 3344 ἐπὶτῶν
1451 3290 1769 3362 προσευχῶν

207 3373 378 3445 ἡμῶν,
401 3375 769 3441 ἀδιαλείπτως
793 3377 1225 3448 μνημονεύοντες
1255 3380 1430 3451 ὑμῶν.
1460 3400 1480 3433 ι

269 3466 408 3539 Ὅρα
447 3467 567 3533 πῶς
599 3468 807 3540 ἀληθὴς
835 3472 869 3541 ἠ
898 3470 1037 3543 ὑπὲρ
1077 3472 1262 3527 αὐτῶν
1283 3473 1606 3546 εὐχαριστία
1636 3476 1768 3530 ἀνα-

204 3558 475 3631 φερομένη
500 3558 577 3630 τῷ
608 3557 749 3632 Θεῷ,
784 3562 865 3614 ὅτι
909 3560 1093 3617 πίστιν
1114 3561 1294 3634 ῑσχον,
1322 3566 1417 3619 καὶ
1449 3566 1549 3637 οὐχ
1575 3565 1767 3633 ἁπλῶς

202 3649 397 3717 πίστιν,
464 3650 579 3705 ἀλλ’
626 3651 929 3724 ἐνέργειαν,
982 3653 1078 3708 καὶ
1129 3655 1229 3727 οὐχ
1275 3657 1465 3721 ἁπλῶς
1517 3659 1759 3730 ἀγάπην,

200 3739 307 3795 ἀλλ’
338 3741 583 3811 ἔγκοπον
609 3741 831 3813 ἀγάπην
861 3738 1039 3799 εἷπον.
1082 3744 1351 3799 Ἐκοπίων
1394 3745 1504 3818 γὰρ
1546 3748 1607 3801 ὲν
1649 3751 1763 3813 τοῖς

197 3832 455 3904 διωγμοῖς
485 3834 575 3889 διὰ
604 3835 664 3889 τὸ
687 3836 909 3907 ἀγαπᾷν
937 3835 1030 3889 τὸν
1054 3835 1279 3907 Κύριον.
1310 3837 1421 3890 Καὶ
1447 3836 1544 3907 οὐχ
1572 3836 1761 3905 ἁπλῶς

197 3923 379 3981 ἐλπίδα
411 3921 589 3997 εἶχον,
620 3924 758 3981 ἀλλὰ
793 3927 914 3999 μεθ’
946 3928 1224 4000 ὑπομονῆς
1246 3927 1348 3998 τὴν
1366 3928 1579 3983 ἐλπίδα.

265 4123 285 4158 ι
313 4104 419 4161 Τοῦ
446 4105 612 4178 ἔργου
637 4104 738 4176 τῆς
765 4103 1023 4171 πίστεως,
1043 4104 1140 4159 καὶ
1169 4105 1262 4159 τοῦ
1293 4104 1463 4160 κόπου
1488 4105 1589 4177 τῆς
1614 4106 1755 4177 ἁγά-
1783 4129 1833 4195 c

197 4212 319 4267 πης,
353 4199 449 4253 καὶ
499 4196 605 4269 τῆς
656 4195 937 4267 ὑπομονῆς
978 4196 1079 4266 τῆς
1127 4196 1344 4261 ἐλπίδος
1395 4197 1490 4251 τοῦ
1547 4197 1757 4271 Κυρίου

196 4289 343 4358 ἡμῶν
380 4288 558 4361 Ἰησοῦ
587 4287 851 4362 Χριστοῦ,
883 4287 1191 4361 ἔμπροσθεν
1220 4288 1315 4345 τοῦ
1340 4288 1475 4343 Θεοῦ
1505 4289 1601 4344 καὶ
1640 4291 1756 4344 Πα-

194 4381 314 4451 τρὸς
345 4381 527 4453 ἡμῶν.
564 4398 585 4432 ι

256 4474 319 4528 Et
351 4472 652 4540 πιστεύεις,
682 4473 861 4529 πάντα
896 4472 1096 4545 πάσχε.
1123 4473 1187 4527 Ei.
1217 4472 1275 4528 δὲ
1304 4473 1379 4547 μὴ
1412 4474 1661 4547 πάσχεις,
1689 4474 1751 4527 οὐ

197 4564 487 4632 πιστεύεις.

264 4660 545 4724 «Είδότες,
595 4659 814 4730 ἀδελφοὶ
876 4659 1225 4731 ἠγαπημένοι
1276 4661 1384 4713 ὑπὸ
1429 4657 1599 4725 θεοῦ,
1650 4664 1750 4730 τὴν

195 4751 413 4825 ἐκλογὴν
440 4753 615 4825 ὑμῶν,
646 4755 728 4808 ὅτι
757 4752 819 4807 τὸ
851 4754 1184 4822 Εὑαγγέλιον
1204 4754 1236 4824 ἡ
1246 4753 1362 4823 μῶν
1387 4752 1487 4806 οὐκ
1516 4755 1745 4825 ἐγενήθη

1883 2849 2150 2897 memorat
2200 2841 2432 2913 gratiam
2472 2860 2579 2914 qua
2611 2846 2879 2917 redempti
2934 2862 3141 2916 essent,
3198 2859 3257 2905 ut
3287 2852 3456 2908 tacite

1881 2934 2215 3005 perstringat
2244 2935 2429 3005 lapsus
2449 2951 2591 3007 quos
2638 2936 2996 2995 admiserant.
3029 2938 3210 3011 Neque
3236 2956 3362 2996 vero
3397 2941 3453 2999 id

1879 3026 2059 3081 solum
2091 3034 2339 3096 prmstat,
2362 3027 2457 3083 sed
2480 3036 2538 3083 et
2570 3027 2739 3082 Deum
2769 3038 2822 3084 ct
2842 3028 3059 3085 Patrem
3091 3031 3339 3087 nominat
3397 3041 3456 3089 ut

1876 3116 2185 3188 adeptionis
2214 3118 2535 3175 memoriam
2552 3119 2667 3175 illis
2698 3118 2939 3176 refricct.

1944 3205 2110 3265 Vens.
2133 3208 2189 3275 2,
2205 3208 2259 3264 5.
2286 3227 2305 3261 ι
2322 3207 2540 3264 Gratias
2561 3208 2773 3279 agimus
2796 3210 2906 3266 Deo
2928 3226 3142 3283 semper
3158 3226 3256 3284 pro
3278 3213 3458 3268 omni.

1870 3301 1974 3358 bus
2005 3301 2195 3372 vobis,}
2222 3299 2542 3356 memoriam
2576 3302 2747 3358 vestri
2804 3301 3070 3361 facientes
3112 3304 3167 3361 in
3192 3306 3457 3363 orationi-

1784 3400 1785 3403 “
1870 3395 1977 3452 bus
2000 3395 2229 3461 nostris,
2258 3392 2379 3450 sine
2406 3393 2828 3450 intermissione
2857 3410 3153 3452 memores.
3186 3417 3206 3451 ι

1936 3486 2154 3543 Videsis
2180 3500 2341 3558 quam
2378 3486 2595 3542 sincera
2622 3485 2695 3541 sit
2737 3487 3037 3557 gratiarum
3067 3488 3245 3557 actio,
3287 3507 3449 3562 quam

1866 3593 1964 3649 pro
1991 3577 2100 3633 illis
2128 3576 2377 3648 rependit
2411 3576 2539 3641 Deo,
2567 3576 2694 3648 quia
2737 3578 2897 3632 tidem
2930 3577 3194 3634 haberent
3220 3619 3235 3644 ,
3267 3596 3448 3653 neque

1865 3670 2027 3727 (idem
2086 3669 2286 3734 solum,
2323 3668 2416 3725 sed
2464 3667 2627 3722 etiam
2675 3682 2873 3739 opera;
2905 3684 3083 3740 neque
3125 3671 3447 3728 charitatem

1863 3761 2149 3825 duntaxat,
2175 3760 2270 3817 s'ctl
2311 3761 2477 3816 etiam
2504 3759 2651 3815 illam
2670 3774 2793 3829 qua!
2817 3760 2874 3816 in
2902 3760 3181 3819 laboribus
3212 3764 3453 3829 desuda-

1861 3865 1963 3910 ret.
1992 3854 2125 3908 Nam
2142 3852 2600 3924 exagitationibus
2617 3852 2960 3918 laborabant,
2984 3869 3050 3909 eo
3074 3855 3219 3925 quod
3255 3856 3452 3929 dilige-

1754 3981 1763 4001 ι
1859 3955 1983 4003 rent
2028 3945 2343 4001 Dominum.
2390 3944 2579 4015 Neque
2609 3960 2706 4016 spe
2734 3946 2976 4017 simplici
3012 3948 3224 4019 praediti
3255 3959 3443 4007 erant.

1860 4039 1953 4096 sed
2002 4045 2058 4094 et
2087 4052 2211 4093 cum
2268 4036 2554 4093 tolerantia
2576 4037 2893 4107 sperabant.

1936 4152 1954 4185 ι
1987 4131 2182 4203 Operis
2218 4130 2342 4186 ﬁdei
2368 4137 2586 4195 vestrm,
2622 4137 2677 4184 et
2712 4130 2939 4196 laboris,
2965 4138 3017 4187 et
3049 4132 3356 4201 charitatis,
3386 4146 3443 4191 et

1864 4227 2203 4281 sustinentia:
2255 4222 2369 4293 spei
2400 4221 2615 4277 Domini
2655 4220 2829 4278 nostri
2874 4219 3007 4278 Iesu
3049 4222 3282 4294 Christi,
3316 4240 3443 4285 ante

1864 4319 2031 4374 Deum
2065 4325 2117 4372 ct
2141 4316 2355 4373 Patrem
2379 4323 2649 4371 nostrum.
2680 4332 2702 4366 ο

1928 4492 1982 4549 Si
2017 4494 2218 4562 credis,
2250 4502 2446 4551 cuncta
2474 4504 2678 4566 patere.
2713 4494 2809 4551 Sin
2857 4503 3037 4553 autem
3070 4512 3180 4553 non
3212 4501 3433 4569 pateris.

1858 4602 2036 4656 neque
2065 4585 2266 4642 credis.

1926 4678 2095 4735 Vens.
2136 4679 2254 4734 4-6.
2314 4697 2334 4733 ι
2383 4678 2673 4744 Scicntes,
2716 4677 2916 4735 fratres
2968 4678 3158 4735 dilecti
3207 4695 3237 4734 a
3278 4679 3429 4745 Deo,

1790 4826 1798 4831 .
1854 4753 2174 4829 electionem
2196 4782 2461 4836 vestram,
2500 4772 2629 4841 quia
2668 4771 3020 4842 Evangelium
3044 4783 3297 4828 nostrum
3316 4786 3427 4827 non

196 4846 267 4908 εις
300 4845 443 4915 ὑμᾶς
473 4848 533 4900 ὲν
561 4844 706 4915 λόγῳ
740 4846 922 4917 μόνον,
954 4844 1089 4901 ἀλλὰ
1124 4845 1218 4899 καὶ
1264 4847 1321 4898 ἐν
1357 4844 1608 4915 δυνάμει,
1653 4847 1746 4899 καὶ

1896 4868 1955 4919 tit
1981 4865 2047 4919 ad
2074 4864 2244 4919 vos‘in
2273 4878 2529 4919 sermone
2558 4872 2795 4929 tantum,
2824 4864 2917 4920 sed
2948 4871 3005 4918 et
3040 4864 3096 4918 in
3119 4864 3342 4931 virtute,
3374 4874 3430 4920 et

196 4933 648 5010 Πνεῦματιάγίῳ,
696 4939 792 4993 καὶ
840 4939 899 4989 ὲν
945 4937 1289 5008 πληροφορίᾳ
1318 4935 1512 5007 πολλῇ,
1561 4936 1741 5001 καθὼς

1896 4975 1902 5008 ι
1923 4944 2126 5025 Spiritu
2148 4964 2360 5019 sancto,
2384 4962 2438 5007 et
2460 4955 2513 5008 in
2532 4954 2869 5023 plenitudine
2887 4955 3230 5019 multa,sicut
3250 4956 3426 5019 scitis,

195 5024 379 5094 οἴδατε,
415 5024 519 5081 οἷοι
548 5028 890 5099 ἐγενήθημεν
927 5030 984 5082 ὲν
1015 5028 1141 5095 ύμῖν
1170 5026 1235 5081 δι’
1269 5026 1431 5097 ὑμᾶς,
1460 5028 1555 5081 καὶ
1586 5028 1739 5099 ὑμεῖς

1896 5024 2033 5104 tales
2055 5048 2317 5103 fuerimus
2348 5048 2400 5101 in
2428 5048 2582 5102 vobis
2603 5056 2822 5117 propter
2836 5062 2951 5104 vos.
2977 5048 3045 5103 Et
3074 5063 3170 5105 vos
3192 5048 3429 5104 imitato-

198 5120 598 5191 μιμηταὶ
627 5120 924 5191 ἐγενήθητε
957 5121 1049 5172 καὶ
1076 5120 1170 5173 τοῦ
1203 5120 1429 5192 Κυρίου,
1461 5120 1743 5192 δεξάμενοι

1846 5157 1933 5198 res
1961 5141 2126 5197 nostri
2175 5141 2298 5195 iacti
2329 5140 2462 5196 estis
2492 5152 2543 5194 et
2577 5140 2812 5206 Domini,
2847 5142 3177 5213 excipientes
3198 5142 3421 5197 verbum

193 5210 275 5263 τὸν
301 5212 454 5282 λόγον
490 5216 548 5268 ὲν
591 5213 769 5283 θλίψει
804 5213 974 5285 πολλῇ
1013 5213 1152 5285 μετὰ
1200 5216 1375 5285 χαρᾶς
1426 5215 1739 5287 Πνεύματος

1896 5260 1900 5289 ι
1933 5236 2283 5293 tribulatione
2305 5235 2495 5298 multa,
2526 5250 2649 5289 cum
2683 5235 2885 5306 gaudio
2916 5210 3154 5305 spiritus
3185 5236 3417 5291 sancti.»

195 5302 359 5369 ἁγίου.
392 5325 411 5358 ι

266 5425 392 5479 Ἀπὸ
422 5426 600 5482 κοινοῦ
626 5426 707 5491 τὸ,
743 5426 1233 5497 εὐχαριστοῦμεν,
1271 5424 1357 5477 ἵνα
1402 5422 1463 5500 ᾗ,
1502 5425 1736 5497 Εὐχαρισ

1771 5483 1815 5538 D
1845 5418 2008 5488 216
2058 5416 2347 5476 Communi
2384 5414 2548 5469 verbo
2576 5414 2673 5478 ait,
2715 5422 2916 5485 gratias
2948 5415 3196 5483 agimus;
3240 5421 3299 5469 ut
3329 5414 3418 5470 hic

1849 5514 1913 5538 ..:.
1950 5528 2143 5538 ---μη
2180 5526 2192 5538 .
2228 5511 2336 5538 n-..
2363 5518 2541 5538 ,ημιιιη
2572 5508 2837 5538 ludunt“...
2897 5516 3286 5538 ιυιηηηοηηηιηο
3306 5508 3387 5538 η1.ι

196 5516 396 5587 στῶμεν
426 5518 500 5591 τῷ
555 5518 706 5589 Θεῷ,
739 5516 1102 5587 γινώσκοντες
1158 5517 1255 5588 τὴν
1310 5516 1541 5587 ἐκλογὴν
1584 5517 1739 5587 ὑμῶν

1902 5523 1920 5567 ι
1949 5528 2145 5567 sensus
2180 5526 2192 5561 :
2228 5511 2339 5566 Deo
2362 5518 2544 5581 grates
2572 5508 2862 5571 habemus,
2896 5516 3288 5578 cognoscentes
3305 5508 3417 5562 cle-

194 5609 305 5664 ttaG‘
323 5614 386 5682 ἢν
415 5612 777 5683 ἐξελεξάμεθα
806 5612 969 5681 ὑμᾶς,
996 5611 1090 5663 καὶ
1116 5609 1199 5663 δτι
1232 5608 1646 5679 παραλαϐόντες
1676 5611 1738 5664 τὸ

1902 5608 2080 5662 ionem
2110 5616 2372 5667 vestram,
2401 5618 2507 5672 qua
2543 5617 2640 5657 vos
2672 5600 2958 5670 elegimus,
2993 5599 3267 5669 quodque,
3287 5614 3411 5653 cum

196 5698 501 5771 Εὐαγγὲλιον
533 5706 589 5757 ὲν
619 5701 891 5767 ἀποδείξει
918 5700 1201 5770 δυνάμεως
1234 5698 1453 5770 πολλῆς.
1485 5693 1552 5771 ἧς
1578 5701 1739 5771 ἑνήρ-

196 5809 318 5864 mute
355 5797 413 5850 τὸ
460 5796 679 5869 Πνεῦμα
708 5795 770 5849 τὸ
804 5796 978 5864 ἆγιον,
1029 5794 1127 5864 οὐχ
1156 5792 1340 5856 ἁπλῶς
1375 5790 1729 5862 παρελάϐετε,

1842 5698 2164 5771 acciperetis
2234 5697 2585 5767 Evangelium
2640 5693 2709 5748 ob
2777 5692 3148 5748 ostensionem
3221 5691 3409 5745 multi-

1842 5794 2001 5865 plicis
2048 5790 2287 5856 virtutis,
2338 5803 2501 5858 quam
2549 5786 2789 5858 Spiritus
2810 5797 3033 5839 sanctus
3076 5781 3265 5846 edidit,
3300 5797 3409 5839 non

199 5886 318 5942 ἀλλὰ
340 5891 595 5962 τοσαύτην
629 5892 687 5943 ὲν
709 5890 837 5960 ὑμῖν
876 5887 1000 5958 ἔσχε
1034 5888 1130 5957 τὴν
1164 5888 1336 5958 ἰσχὺν,
1365 5886 1439 5950 ὡς
1486 5886 1730 5960 μιμητὰς

1896 5900 2120 5957 :cunque
2138 5892 2189 5941 et
2218 5881 2541 5952 simpliciter
2570 5879 2701 5937 illud
2729 5876 3037 5949 accepistis.
3073 5876 3167 5933 sed
3200 5884 3403 5931 tantam

493 5985 765 6044 Parnm.
814 5980 930 6041 Gn.
983 5978 1158 6039 XCV.

3004 5967 3079 6029 29
