3870 6260
394 369 549 433 ’⁷911

1572 364 1655 428 ⁷8.
1676 366 1922 429 'JOANN
1929 368 2001 427 IS
2040 368 2474 430 DAMASCENI

3593 372 3704 440 Si!

427 491 547 536 aut
582 480 867 552 gaudium,
897 488 991 532 aut
1017 492 1219 533 corona
1255 477 1477 547 gloriae?
1509 492 1692 534 nonne
1709 491 1873 535 etvos
1902 491 1992 533 ant

2134 481 2446 552 χήσεως;ἦ
2500 481 2624 551 οὐχὶ
2675 483 2769 535 καὶ
2800 482 2959 554 ὑμεῖς
3002 484 3311 559 ἔμπροσθεν
3355 489 3451 543 τοῦ
3509 462 3703 565 Κυρίου

430 572 744 627 Dominum
797 580 1046 625 nostrum
1105 569 1293 625 Iesum
1347 570 1629 625 Christum
1661 573 1798 627 estis
1829 573 1885 625 in
1921 574 2015 627 ad-

431 674 618 719 ventu
668 660 827 730 ejus?
850 657 963 714 Vos
993 660 1142 713 enim
1198 660 1334 715 estis
1368 660 1543 730 gloria
1574 670 1765 715 nostra
1799 673 1854 717 et
1880 678 2015 732 gau-

430 756 624 807 dium.
651 772 671 805 ι

510 848 653 901 Nam
687 846 779 916 qui
809 846 954 903 inter
976 844 1230 899 doctores
1266 842 1550 899 ordinatus
1603 852 1707 911 est,
1754 860 2013 900 coronam

434 942 592 994 hanc
612 948 665 995 et
684 938 942 1009 gaudium
971 937 1153 1003 habet,
1181 942 1243 990 ut
1274 934 1533 1008 discipuli
1573 951 1898 1009 progressus
1934 936 2015 991 fa-

431 1034 617 1087 ciant.

1042 1120 1199 1179 CAP.
1240 1122 1343 1181 ‘lll.

528 1212 688 1269 Vm.
722 1214 836 1268 1-5.
865 1232 885 1266 ι
921 1212 1149 1285 Propter
1193 1214 1341 1285 quod
1370 1229 1481 1283 non
1520 1214 1858 1269 sustinentes
1891 1229 2009 1267 am-

432 1306 611 1378 plius,
640 1304 840 1374 placuit
879 1306 1054 1361 nobis.
1093 1324 1113 1357 ι

518 1392 630 1447 Hoc
654 1394 820 1447 verbo
852 1394 1043 1463 ingens
1068 1393 1185 1463 ejus
1212 1409 1365 1450 amor
1387 1396 1817 1451 commendatur.

532 1506 552 1539 ι
585 1483 884 1543 ﬂemanere
914 1486 1165 1547 Athenis,
1222 1487 1393 1541 solis:
1437 1496 1492 1541 et
1541 1488 1793 1542 misimus
1821 1485 2008 1541 Timo-

429 1584 625 1635 theum
682 1577 902 1634 fratrem
939 1588 1211 1643 nostrum,
1240 1588 1294 1633 et
1330 1579 1639 1634 ministrum
1678 1580 1789 1638 Dei.
1814 1590 1867 1634 et
1908 1581 2007 1633 ad-

424 1678 676 1744 jutorem
728 1680 977 1727 nostrum
1013 1672 1066 1725 in
1104 1670 1401 1741 Evangelia
1448 1670 1680 1734 Christi,
1707 1672 1774 1725 ad
1798 1670 2009 1726 conﬁr-

2129 575 2287 643 ἡμῶν
2330 572 2508 645 Ἰησοῦ
2535 576 2594 627 ἐν
2628 579 2695 647 τῇ
2725 577 2895 631 αὑτοῦ
2932 581 3239 653 παρουσίᾳ;
3277 584 3439 653 ὑμεῖς
3459 586 3568 656 γάρ
3590 587 3701 642 ἐστι

2126 666 2160 734 ή
2189 664 2316 730 δόξα
2338 664 2499 736 ἡμῶν
2529 666 2621 719 καὶ
2654 670 2687 738 ή
2714 669 2879 739 χαρὰ.
2909 688 2928 721 ι

2159 844 2181 901 ,’
2197 843 2264 895 '0
2313 842 2425 914 γὰρ
2466 846 2802 915 τεταγμένος
2857 848 2917 900 ὲν
2954 847 3315 914 διδασκάλοις,
3344 851 3561 907 τοῦτον
3599 854 3701 928 ἔχει

2121 934 2390 1003 στέφανον
2447 936 2547 988 καὶ
2606 940 2818 1007 χαρὰν,
2869 939 2972 1012 τὴν
3020 939 3129 993 τῶν
3178 941 3450 1013 μαθητῶν
3511 962 3703 1019 προσιο-

2200 1042 2250 1079 ν.

2119 1024 2250 1095 τήν.

2693 1121 2969 1178 ἙΕΦΔΛ.
3023 1125 3100 1179 Γ’.

2188 1227 2217 1261 1
2252 1211 2344 1263 Διὸ
2378 1211 2581 1283 μηκέτι
2612 1213 2925 1283 στέγοντες,
2961 1216 3357 1293 εὐδοκήσαμεν.

2187 1385 2361 1439 Πόθου
2396 1386 2597 1441 πολλοῦ
2622 1388 2683 1441 τὸ
2717 1390 2872 1461 ῥῆμα
2902 1394 3344 1463 παραστατικόν.

2191 1496 2211 1529 ι
2248 1477 2701 1549 Καταλειφθῆναι
2722 1480 2782 1533 ὲν
2817 1480 3072 1551 Ἀθήναις
3105 1484 3280 1555 μόνοι,
3320 1486 3418 1543 καὶ
3450 1487 3702 1561 ἐπέμψαο

2115 1586 2216 1642 μεν
2248 1570 2515 1641 Τιμόθεον
2560 1573 2651 1625 τὸν
2691 1572 2923 1644 ἀδελφὸν
2968 1576 3141 1647 ὑμῶν,
3174 1580 3269 1632 καὶ
3314 1578 3570 1634 διάκονον
3609 1583 3702 1637 τοῦ

2110 1659 2270 1726 Θεοῦ,
2307 1663 2405 1714 καὶ
2429 1663 2693 1734 συνεργὸν
2716 1665 2749 1736 ἡ
2759 1666 2877 1735 μῶν
2901 1668 2960 1719 ὲν
2987 1667 3065 1737 τῷ
3098 1669 3421 1744 Εὑαγγελίῳ
3452 1671 3550 1726 τοῦ
3574 1674 3705 1744 Χρι-

432 1766 669 1819 mamlth
707 1780 825 1826 vos,
859 1772 914 1818 et
962 1764 1335 1820 exhortandos
1386 1776 1486 1832 pro
1533 1762 1638 1817 ﬁde
1682 1772 1868 1819 vestra
1907 1774 1992 1819 :ul

2116 1751 2268 1817 στοῦ,
2301 1754 2381 1818 εἰς
2406 1754 2467 1807 τὸ
2507 1753 2763 1827 στηρίξαι
2806 1758 2973 1829 ὑμᾶς,
3014 1759 3108 1814 καὶ
3157 1764 3546 1834 παρακαλέσαι
3574 1767 3704 1836 περὶ

432 1872 600 1914 nemo
632 1864 914 1911 moveatur
936 1855 991 1910 in
1034 1854 1483 1911 tribulationibus
1498 1854 1643 1911 istis.
1680 1874 1698 1905 ι

498 2034 617 2087 Hoc
640 2032 919 2103 proprium
949 2035 1033 2085 est
1070 2027 1350 2084 modestia:
1391 2026 1799 2099 Apostoli.-lpse
1828 2028 2007 2099 siqui-

432 2130 560 2184 dem
614 2141 726 2181 non
762 2132 873 2180 tam
927 2120 1360 2192 relinquebatur,
1415 2129 1471 2177 et
1517 2119 1669 2177 solus
1726 2120 2003 2184 manebat,

430 2236 596 2293 quam
629 2218 721 2288 qui
746 2218 920 2288 ipsum
949 2216 1305 2287 reliquerant.
1388 2258 1393 2261 .

553 2312 664 2384 Ipsi
720 2310 866 2367 enim
923 2308 1077 2365 scitis
1149 2307 1293 2379 quod
1334 2307 1387 2363 in
1428 2305 1531 2361 hoc
1561 2305 1726 2375 positi
1787 2319 1999 2360 sumus.

430 2406 623 2482 (Vens.
647 2402 821 2477 4-13.]
859 2401 992 2457 Nam
1026 2412 1225 2458 etcum
1252 2400 1395 2470 apud
1431 2414 1529 2455 vos
1556 2413 1823 2461 essemus.
1862 2412 2002 2467 prae-

2037 1827 2079 1882 Β
2108 1841 2207 1912 τῆς
2231 1842 2467 1907 πίστεως
2488 1846 2678 1914 ὑμῶν,
2715 1848 2777 1902 τὸ
2805 1827 3013 1921 μηδένα
3042 1827 3327 1908 σαίνεσθαι
3353 1857 3412 1909 ὲν
3438 1859 3562 1922 ταῖς
3592 1827 3702 1910 θλί-

2110 1932 2237 2002 ψεσι
2262 1934 2507 2001 ταύταις.
2547 1957 2567 1989 ι

2181 2026 2351 2081 Τοῦτο
2383 2024 2484 2100 τῆς
2512 2034 3012 2108 ταπεινοφροσύνης
3034 2037 3172 2093 ἴδιον
3206 2037 3301 2092 τοῦ
3342 2040 3698 2097 Ἀποστόλσυ.

2110 2117 2251 2171 Οὔτε
2276 2119 2385 2192 γὰρ
2417 2122 2582 2185 αὐτὸς
2628 2125 2830 2194 μᾶλλον
2862 2127 3327 2201 κατελιμπάνετο,
3352 2131 3471 2186 ἀλλ’
3490 2134 3543 2188 oi
3568 2136 3703 2190 ἀπσ-

2117 2210 2366 2278 λιπόντες
2405 2214 2587 2270 αὐτόν.

2184 2323 2204 2357 ι
2237 2306 2403 2360 Αὐτοὶ
2444 2307 2553 2380 γὰρ
2597 2309 2797 2377 οἴδατε,
2842 2312 2926 2368 ὃτι
2962 2316 3044 2380 είς
3076 2316 3237 2372 τοῦτο
3291 2320 3551 2391 κείμεθα.
3583 2323 3698 2378 Καὶ

2110 2395 2221 2467 γὰρ
2270 2396 2358 2450 ὅτε
2420 2398 2553 2468 πρὸς
2587 2400 2733 2471 ὑμᾶς
2786 2398 2953 2475 ἦμεν,
2985 2408 3363 2481 προελέγομεν
3401 2413 3555 2484 ὑμῖν,
3607 2415 3695 2470 ὃτι

426 2500 744 2557 dicebamus
781 2496 935 2555 vobis
977 2508 1240 2567 passuros
1288 2508 1391 2549 nos
1421 2490 1821 2553 tribulationes.
1853 2489 1992 2546 sicut

2111 2485 2377 2558 μέλλομεν
2401 2488 2701 2555 θλίὸεσθαι,
2728 2494 2913 2561 καθὼς
2957 2498 3053 2552 καὶ
3084 2500 3327 2570 ἐγένετο,
3362 2505 3460 2559 καὶ
3486 2505 3689 2562 omne.

426 2607 484 2654 ct
513 2597 711 2652 factum
745 2602 850 2660 est,
882 2600 936 2649 et
975 2590 1150 2648 scitis.
1192 2587 1487 2658 Propterea
1523 2592 1578 2642 et
1611 2601 1712 2658 ego
1762 2584 1992 2654 amplius

2110 2578 2204 2631 Διὰ
2265 2578 2425 2633 τοῦτο
2475 2583 2635 2651 κάγὼ
2667 2585 2866 2656 μηκέτι
2923 2589 3154 2657 στέγων,
3202 2592 3435 2664 ἔπεμψα
3489 2600 3573 2662 είς
3628 2600 3692 2654 τὸ

427 2704 538 2745 non
574 2684 887 2748 sustinens,
919 2681 1042 2739 misi
1091 2681 1158 2737 ad
1215 2677 1651 2751 cognoscendam
1696 2676 1861 2732 ﬁdem
1907 2690 1992 2731 ve-

2110 2667 2306 2735 γνῶναι
2334 2668 2434 2741 τὴν
2473 2671 2658 2727 πίστιν
2695 2669 2871 2745 ὑμῶν,
2909 2681 3107 2750 μήπως
3150 2682 3449 2754 ἐπείρασεν
3483 2686 3633 2758 ὑμᾶς
3659 2690 3690 2743 δ

426 2790 597 2836 stram
622 2792 724 2842 ;ne
746 2775 883 2831 forte
915 2771 1203 2830 tentaverit
1227 2786 1322 2828 vos
1340 2770 1389 2827 is
1412 2770 1506 2841 qui
1530 2776 1722 2833 tentat,
1742 2775 1796 2824 et
1820 2768 1992 2823 inanis

2110 2760 2400 2852 πειράζων,
2423 2768 2519 2818 καὶ
2548 2766 2629 2830 είς
2649 2768 2805 2822 κενὸν
2829 2769 3051 2844 γένηται
3072 2772 3103 2827 ὁ
3130 2775 3298 2841 κόπος
3320 2778 3503 2849 ήμῶν.
3525 2781 3687 2852 ’Δρτι

427 2871 521 2927 ﬁat
541 2869 691 2924 labor
716 2874 915 2923 vester.
934 2862 1089 2919 Nune
1118 2870 1302 2917 autem
1338 2859 1588 2916 veniente
1609 2855 1897 2913 Timotheo
1928 2854 1992 2909 ad

2110 2850 2155 2905 se
2188 2852 2436 2919 ἐλθόντος
2470 2856 2737 2929 Τιμοθέου
2780 2862 2920 2933 πρὸς
2942 2865 3094 2935 ἡμᾶς
3132 2866 3441 2939 ἀφ’-ὑμῶν,
3474 2871 3575 2925 και
3603 2850 3687 2926 έο-

424 2980 529 3021 nos
547 2978 575 3017 a
595 2962 766 3028 vobis,
784 2971 838 3017 et
862 2958 1218 3015 annuntiante
1238 2955 1397 3013 nobis
1416 2953 1575 3010 ﬁdem
1599 2960 1654 3008 et
1674 2948 1992 3007 charitatem

2110 2944 2536 3019 ιγγελισαμένου
2594 2953 2727 3024 ἡμῖν
2774 2953 2874 3026 τὴν
2925 2956 3111 3011 πίστιν
3151 2960 3248 3012 καὶ
3297 2961 3397 3031 τήν
3456 2963 3682 3035 ἀγάπην

425 3062 689 3116 vestram.
722 3061 775 3107 et
823 3050 950 3122 quia
983 3036 1303 3104 memoriam
1349 3044 1525 3101 nostri
1550 3042 1768 3098 habetis
1793 3040 1991 3095 bonam

2110 3036 2272 3108 ὗμῶν,
2300 3041 2395 3093 καὶ
2422 3042 2503 3095 ὅτι
2564 3042 2716 3114 ἔχετε
2751 3047 2939 3116 μνείαν
2991 3049 3148 3121 ήμῶν
3180 3051 3397 3125 ἀγαθὴν
3422 3053 3677 3124 πάντοτε,

426 3162 661 3217 semper,
684 3144 1061 3200 desiderantes
1101 3156 1203 3195 nos
1225 3137 1433 3205 videre,
1461 3136 1606 3193 sicut
1633 3142 1696 3221 et
1733 3149 1836 3191 nos
1858 3145 1992 3205 quac

2110 3130 2484 3221 ἐπιποθοῦντες
2513 3134 2662 3205 ἡμᾶς
2695 3136 2846 3206 ἰδεῖν,
2880 3139 3131 3215 καθάπερ
3173 3144 3272 3198 καὶ
3310 3145 3477 3217 ἡμεῖς
3507 3148 3680 3221 ὑμᾶς,

425 3254 536 3309 que
566 3253 665 3294 vos
703 3254 721 3304 ;
758 3235 878 3292 ideo
899 3232 1163 3290 consolati
1208 3245 1421 3296 sumus,
1484 3219 1700 3294 fratres,
1749 3229 1805 3282 in
1836 3223 1992 3280 vobis

2110 3220 2183 3275 ῑιὰ
2236 3222 2395 3278 τοῦτο
2454 3226 2899 3301 παρεκλήθημεν,
2932 3232 3191 3302 ἀδελφοὶ,
3249 3235 3341 3306 ἐφ’
3369 3237 3527 3310 ὑμῖν,
3583 3219 3680 3293 ἐπὶ

428 3334 483 3387 in
513 3329 660 3385 omni
699 3327 1050 3401 tribulatione
1090 3335 1144 3382 et
1170 3324 1422 3393 angustia
1452 3330 1643 3377 nostra
1692 3335 1788 3391 per
1828 3317 1990 3375 ﬁdem

2110 3314 2244 3387 πάσῃ
2272 3318 2337 3388 τῇ
2372 3316 2549 3388 θλίψει
2582 3322 2675 3374 καὶ
2696 3321 2912 3398 ἀνάγκῃ
2935 3324 2968 3395 ἠ
2978 3323 3117 3395 μῶν,
3146 3324 3237 3380 διὰ
3273 3330 3378 3401 τῆς
3408 3329 3567 3401 ὑμῶν
3592 3330 3678 3384 τι·

424 3429 687 3489 vestram,
743 3418 999 3492 quoniam
1040 3433 1187 3474 nunc
1243 3419 1498 3479 vivimus,
1528 3414 1573 3470 si
1600 3428 1698 3470 vos
1746 3411 1904 3469 statis
1933 3411 1991 3466 in

2110 3423 2288 3474 ττεως,
2326 3409 2409 3464 δτι
2440 3409 2534 3464 νῦν
2560 3404 2764 3485 ζῶμεν,
2796 3414 2893 3469 ἐὰν
2920 3415 3079 3488 ὑμεῖς
3106 3417 3350 3491 στήκητε
3376 3421 3436 3475 ὲν
3460 3421 3670 3496 Κυρίῳ.

428 3512 677 3567 Domino.
706 3510 878 3577 Quam
894 3509 1040 3564 enim
1060 3507 1357 3579 gratiarum
1378 3505 1651 3560 actionem
1679 3516 1979 3575 possumus

2110 3500 2227 3555 Γίνα
2254 3501 2363 3571 γὰρ
2391 3502 2743 3575 εὐχαριστίαν
2769 3498 3048 3579 δυνάμεθα
3076 3507 3156 3581 τῷ
3181 3508 3303 3582 Θεῷ
3336 3512 3673 3568 ἀνταποδοῦ-

428 3607 539 3661 Deo
585 3605 888 3660 retribuere
952 3616 1051 3672 pro
1084 3599 1259 3667 vobis,
1320 3600 1376 3654 in
1409 3598 1558 3653 omni
1584 3595 1809 3668 gaudio,
1877 3607 1989 3665 quo

2110 3608 2179 3647 ναι
2211 3595 2341 3666 περὶ
2391 3596 2565 3666 ὑμῶν,
2618 3596 2710 3651 ἐπὶ
2762 3598 2910 3674 πάσῃ
2951 3604 3020 3671 τῇ
3048 3603 3213 3674 χαρᾷ,
3313 3605 3581 3678 χαίρομεν
3602 3606 3673 3661 δι’

425 3693 723 3763 gaudemus
760 3701 976 3761 prepter
998 3704 1093 3745 vos
1143 3697 1270 3745 ante
1300 3688 1466 3744 Deum
1511 3694 1783 3750 nostrum,
1827 3695 1990 3741 nocte

424 3800 490 3838 ac
547 3784 633 3839 die
682 3782 1049 3837 abundantius
1092 3788 1342 3846 orantes,
1385 3786 1444 3832 ut
1474 3774 1985 3833 videamus'iaciem

422 3884 682 3938 vestram,
735 3881 789 3927 et
833 3871 1203 3942 compleamus
1250 3884 1313 3926 ea
1343 3883 1466 3939 quae
1510 3867 1715 3925 desunt
1741 3866 1865 3923 ﬁdei
1900 3881 1990 3922 ve-

423 3967 583 4023 strae?
616 3966 731 4037 Ipse
750 3976 926 4020 autem
961 3963 1105 4019 Deus
1142 3972 1191 4017 et
1226 3962 1385 4017 Pater
1412 3969 1621 4025 noster,
1641 3967 1696 4014 et
1722 3958 1987 4013 Dominus

422 4068 608 4114 noster
633 4057 793 4113 Jesus
824 4056 1077 4113 Christus
1102 4053 1305 4124 dirigat
1333 4054 1475 4107 viam
1500 4059 1745 4107 nostram
1773 4050 1840 4105 ad
1856 4065 1983 4105 vos.

424 4150 532 4206 Vos
580 4158 759 4206 autem
792 4149 1055 4203 Dominus
1086 4146 1436 4217 multiplicet.
1471 4153 1525 4200 et
1580 4145 1862 4199 abundare
1905 4142 1986 4197 fa-

419 4248 530 4299 ιιὶιιι
583 4244 901 4299 charitatem
933 4250 1169 4296 vestram
1219 4240 1273 4293 in
1308 4237 1563 4303 invicem,
1595 4245 1648 4293 et
1689 4238 1743 4291 in
1771 4252 1986 4306 omnes,

419 4334 879 4408 quemadmodum
932 4342 984 4387 et
1025 4346 1123 4385 nos
1161 4331 1214 4385 in
1255 4330 1432 4395 vobis,
1479 4329 1548 4382 ad
1604 4329 1984 4383 confirmanda

418 4430 583 4485 corda
606 4434 783 4481 vestra
809 4424 931 4480 sine
959 4422 1203 4493 querela,
1231 4421 1287 4476 in
1335 4421 1626 4477 sanctitate
1658 4420 1714 4474 in
1748 4419 1985 4475 adventu

2092 3685 2238 3757 ὑμᾶς
2263 3687 2573 3759 ἔμπροσθεν
2601 3690 2695 3744 τοῦ
2729 3690 2866 3746 Θεοῦ
2898 3693 3055 3764 ἡμῶν
3080 3698 3277 3761 νυκτὸς
3311 3700 3411 3753 καὶ
3453 3702 3673 3774 ήμέρας

2091 3779 2564 3851 ὑπερεκπερισωῦ
2585 3782 2849 3854 δεόμενοι,
2870 3785 2929 3839 τὸ
2958 3788 3059 3858 μὲν
3091 3788 3221 3842 ἰδεῖν
3243 3790 3399 3862 ὑμῶν
3426 3793 3484 3847 τὸ
3504 3796 3672 3865 πρόσ-

2090 3888 2260 3938 ωπον,
2309 3876 2403 3927 καὶ
2472 3876 2796 3946 καταρτίσαι
2864 3878 3222 3951 ὑστερήματα
3277 3884 3379 3955 τῆς
3432 3886 3669 3952 πίστεως

2093 3964 2267 4034 ὑμῶν.
2300 3965 2472 4030 Αὐτὸς
2500 3965 2557 4020 δὲ
2585 3968 2614 4019 ὁ
2637 3966 2768 4034 Θεὸς
2794 3970 2888 4023 καὶ
2918 3971 3108 4043 Πατὴρ
3156 3973 3340 4045 ήμῶν,
3370 3976 3467 4031 καὶ
3494 3978 3524 4031 δ
3553 3978 3669 4032 Κύ-

2094 4070 2208 4123 ριος
2223 4054 2379 4125 ήμῶν
2415 4055 2622 4127 Ἰησοῦς
2643 4057 2878 4129 Χριστὸς
2900 4062 3230 4118 κατευθύναι
3252 4065 3353 4138 τὴν
3372 4068 3489 4122 ὁδὸν
3510 4070 3668 4140 ήμῶν

2089 4143 2227 4216 πρὸς
2257 4147 2421 4217 ὑμᾶς.
2465 4147 2636 4219 ’Υμᾶς
2669 4149 2726 4203 δὲ
2763 4150 2791 4203 ὁ
2825 4152 3029 4225 Κύριος
3067 4155 3404 4227 πλεονάσαι,
3435 4163 3526 4215 καὶ
3562 4179 3667 4217 πε-

2094 4235 2374 4307 ρισσεύσαι
2403 4242 2469 4311 τῇ
2510 4242 2701 4316 ἀγάπῃ
2728 4244 2809 4308 είς
2849 4244 3135 4318 ἀλλήλους,
3167 4251 3266 4305 καὶ
3312 4254 3395 4317 είς
3434 4253 3662 4318 πάντας,

2089 4329 2341 4400 καθάπερ
2366 4331 2463 4385 καὶ
2493 4334 2654 4403 ἡμεῖς
2682 4335 2762 4399 είς
2784 4336 2955 4408 ὑμᾶς,
2997 4341 3077 4404 είς
3118 4340 3180 4395 τὸ
3228 4345 3479 4417 στηρίξαι
3507 4345 3665 4416 ὑμῶν

2088 4418 2188 4483 τὰς
2214 4421 2442 4493 καρδίας
2470 4425 2791 4495 ἀμέμπτους
2817 4430 2874 4481 ἐν
2904 4431 3205 4507 ἁγιωσύνῃ,
3236 4434 3536 4509 ἔμπροσθεν
3556 4438 3659 4493 τοῦ

418 4520 633 4576 Domini
668 4518 795 4575 Jesu
830 4514 1056 4581 Christi,
1098 4529 1221 4569 cum
1254 4512 1508 4570 omnibus
1540 4512 1749 4570 sanctis
1780 4512 1921 4584 ejus.
1956 4531 1976 4565 ›

2110 4510 2223 4564 9εοῦ
2262 4514 2357 4566 καὶ
2381 4517 2594 4587 Πατρὸς
2618 4519 2797 4589 ήμῶν,
2832 4521 2891 4574 ἐν
2923 4526 2993 4596 τῇ
3020 4528 3297 4601 παρουσίᾳ
3325 4530 3418 4584 τοῦ
3452 4529 3657 4604 Κυρίου

490 4704 558 4761 Ut
582 4704 902 4775 amigamur.

1079 4790 1229 4845 car.
1252 4788 1341 4845 ιν.
1488 4862 1495 4867 _

370 4936 375 4939 .
482 4890 655 4947 Vens.
716 4889 829 4944 1-5.
861 4886 972 4941 «De
1005 4896 1201 4940 caetero
1244 4898 1397 4953 ergo,
1441 4881 1660 4948 fratres,
1724 4898 1978 4953 rogamus

411 4999 532 5047 vos,
564 4992 619 5037 et
645 4981 999 5036 obsecramus
1025 4977 1078 5031 in
1110 4973 1509 5041 DomineJesu,
1543 4982 1602 5027 ut
1623 4975 1980 5044 quemadmo-

415 5078 547 5130 dum
573 5061 864 5143 accepistis
892 5086 919 5124 a
947 5070 1124 5134 nobis,
1150 5068 1425 5138 quomodo
1458 5082 1554 5123 vos
1589 5076 1841 5138 oporteat
1863 5084 1979 5122 am-

411 5171 601 5225 bulare
624 5176 680 5223 et
720 5166 935 5237 placere
975 5164 1101 5225 Deo,
1138 5171 1193 5213 ut
1250 5160 1540 5216 abundetis
1576 5161 1769 5232 magis.
1809 5160 1977 5217 Scitis

410 5264 554 5317 enim
609 5276 729 5332 qua:
762 5264 1026 5329 praecepta
1068 5254 1312 5310 dederim
1369 5254 1530 5309 vobis
1555 5270 1653 5324 per
1684 5254 1976 5310 Dominum

408 5353 619 5410 Jesum.
676 5352 801 5407 Haec
830 5358 914 5406 est
974 5347 1117 5403 enim
1179 5345 1433 5403 voluntas
1485 5347 1578 5403 Dei
1609 5350 1978 5405 sanctiﬁcatio

411 5458 614 5513 vestra,
645 5453 705 5500 ut
750 5442 1073 5500 abstineatis
1124 5458 1223 5500 vos
1264 5457 1291 5497 a
1324 5442 1711 5510 fornicatione,
1736 5453 1797 5499 ut
1842 5444 1982 5501 sciat

414 5539 788 5609 unusquisque
818 5543 1083 5592 vestrum.
1124 5554 1142 5589 ι

485 5632 581 5686 llic
604 5631 832 5686 consilia
863 5629 996 5683 dare
1019 5635 1187 5699 atque
1220 5628 1676 5698 monereincipit.
1708 5629 1974 5685 Audierat

412 5718 555 5770 enim
592 5715 784 5774 delicta
820 5716 1064 5785 quaedam
1102 5716 1245 5784 apud
1284 5715 1407 5770 illos
1463 5716 1790 5781 inolescere,
1818 5734 1975 5773 scor-

418 5811 673 5867 “tionem
725 5810 935 5863 scilicet
979 5819 1040 5863 et
1106 5807 1455 5873 adulterium,
1510 5823 1538 5863 a
1590 5810 1789 5881 quibus
1828 5812 1976 5882 ipsos

2088 4604 2243 4675 ήμῶν
2274 4605 2469 4678 Ἰησοῦ,
2507 4612 2644 4680 μετὰ
2670 4613 2886 4670 πάντων
2907 4615 3016 4672 τῶν
3038 4618 3213 4689 ἁγίων
3232 4622 3426 4679 αὐτοῦ.
3462 4642 3481 4677 δ

2156 4696 2251 4762 Εἲς
2282 4699 2342 4751 τὸ
2377 4700 2671 4759 ϐλίόεσθαι.

2236 4801 2242 4807 ’
2678 4803 2934 4861 ΚΕΦᾹΛ.
2974 4808 3049 4867 Δ’.

2159 4905 2179 4937 ι
2214 4887 2413 4944 Λοιπὸν
2433 4888 2546 4959 οὖν,
2588 4894 2827 4966 ἀδελφοὶ,
2858 4896 3149 4972 ἐρωτῶμεν
3174 4905 3339 4975 ὑμᾶς,
3368 4908 3460 4963 καὶ
3479 4924 3647 4980 παρα-

2086 4980 2354 5050 καλοῦμεν
2380 4985 2437 5035 ὲν
2486 4986 2673 5057 Κυρίῳ
2716 4990 2913 5059 Ἰησοῦ,
2952 4994 3133 5058 καθὼς
3167 5000 3495 5070 παρελάϐετε
3520 5003 3643 5071 παρ’

2082 5072 2242 5141 ἡμῶν
2260 5075 2317 5126 τὸ
2342 5076 2457 5139 πῶς
2486 5077 2566 5130 δεῖ
2593 5081 2736 5150 ὑμᾶς
2765 5092 3105 5157 περιπατεῖν,
3127 5091 3218 5144 καὶ
3238 5092 3490 5164 ἀρέσκειν
3509 5091 3639 5162 Θεῷ,

2085 5164 2172 5259 ῖνα
2204 5169 2566 5240 περισσεύητε
2595 5172 2817 5243 μᾶλλον.
2844 5177 3036 5234 Οἴδατε
3064 5182 3173 5254 γὰρ
3196 5184 3350 5251 τίνας
3374 5201 3639 5259 παραγγε-

2083 5257 2203 5322 λίας
2236 5259 2518 5330 ἐδώκαμεν
2546 5263 2672 5336 ὑμῖν
2716 5266 2809 5321 διὰ
2863 5269 2957 5349 τοῦ
3008 5273 3213 5345 Κυρίου
3264 5257 3462 5348 Ἰησοῦ,
3481 5276 3637 5331 Τοῦτο

2081 5352 2190 5423 γάρ
2220 5352 2335 5406 ἐστι
2370 5356 2429 5407 τὸ
2460 5355 2673 5428 θέλημα
2725 5361 2820 5415 τοῦ
2872 5362 3009 5418 Θεοῦ
3033 5405 3048 5429 ,
3090 5368 3118 5420 δ
3162 5368 3432 5440 ἁγιασμὸς
3470 5368 3629 5440 ὑμῶν,

2080 5445 2383 5517 ἀπέχεσθαι
2413 5449 2557 5522 ὑμᾶς
2586 5453 2696 5506 ἀπὸ
2735 5456 2837 5525 τῆς
2864 5458 3140 5528 πορνείας,
3176 5461 3373 5517 εἰδέναι
3420 5463 3628 5519 ἕκαστον

2082 5538 2252 5607 ὑμῶν.
2290 5559 2310 5593 ι

2154 5631 2414 5703 ’Δρχεται
2466 5633 2717 5692 ἐντεῦθεν
2761 5638 2856 5693 τοῦ
2889 5642 3372 5713 συμϐουλευτικοῦ.
3410 5647 3621 5702 Ἤκουσε

2079 5718 2187 5810 γὰρ
2220 5722 2397 5777 αὐτῶν
2421 5722 2541 5779 τινα
2568 5728 2904 5799 πταίσματα,
2949 5734 3208 5803 πορνείαν
3247 5739 3341 5791 καὶ
3380 5736 3613 5810 μοιχείαν.

2084 5806 2157 5905 ᾧν
2188 5814 2279 5869 καὶ
2338 5816 2659 5889 ἀποτρέπει.
2709 5820 2821 5877 Καὶ
2844 5822 2941 5895 οὐχ
2970 5823 3158 5891 ἁπλῶς
3182 5845 3340 5902 φησι,
3371 5806 3437 5883 Τὸ
3462 5806 3539 5883 καὶ
3559 5824 3612 5877 τὸ
